4104 6408
232 351 344 411 ωδ

1277 353 1358 412 DE
1399 357 1773 414 TRINITATE
1811 359 2011 416 LIBER
2053 362 2434 422 SECUNDUS.

3390 360 3495 415 506

236 470 415 540 φύσιν,
442 467 540 541 τὴν
567 469 796 524 ἀθέατον
823 471 1083 542 μένουσαν
1103 472 1180 544 τῷ
1218 473 1315 544 νῷ,
1347 475 1484 545 ἀκοῇ
1516 473 1574 526 δὲ
1604 475 1696 527 καὶ
1725 474 1821 546 ῥή-

1928 496 2103 536 nonne
2137 480 2257 536 illos
2281 495 2344 534 ex
2379 477 2584 533 Adamo
2629 490 2754 533 esse
2801 471 3236 544 respondebunt?
3265 471 3326 523 At
3356 486 3497 539 quo-

241 581 400 631 μασιν
438 561 563 616 οὔτε
592 564 947 634 προοισθῆναι
976 565 1332 638 ἀνεχομένην.
1360 567 1479 620 Κᾶν
1514 567 1622 638 γὰρ
1647 566 1816 638 μικρά

235 671 336 715 τις,
367 654 500 707 ὡσεὶ
537 655 666 708 σκιὰ
691 655 1002 724 ὁμοιώσεως
1024 654 1323 721 οἱονείπως,
1367 657 1587 727 εὑρεθῇ,
1627 656 1816 724 φεύγει

235 747 295 798 τὸ
322 747 482 800 πλέον
521 748 658 814 ἀφέν
695 749 786 802 τὸν
821 748 1265 818 παρεκϐάλλοντα
1297 749 1448 804 κάτω
1477 765 1600 801 που.
1649 748 1818 800 Οὐδα-

241 838 353 906 μῶς
396 837 507 908 γὰρ
556 838 618 891 τὸ
671 837 1021 910 παράδειγμα
1073 839 1339 912 ταυτότης
1395 837 1534 894 εἶναι
1575 839 1814 892 δύναται·

238 932 421 982 ἐκεῖνα
449 931 504 982 δὲ
552 930 712 1000 μόνον
735 931 915 999 λέγειν
949 933 1205 1001 ἀσφαλὲς,
1233 935 1376 1005 ἃπερ
1397 933 1534 1002 πρὸς
1553 933 1620 985 τὰ
1640 931 1816 1003 μέτρα

239 1021 396 1091 ἡμῶν
427 1021 668 1086 ἐδίδαξαν
690 1023 746 1075 αἱ
775 1024 1008 1094 Γραφαί.
1039 1025 1158 1078 Ὅτι
1184 1021 1275 1078 οὖν
1303 1025 1360 1077 ἓν
1382 1025 1476 1080 καὶ
1495 1026 1652 1096 μόνον
1678 1020 1816 1078 εἶναι

243 1114 473 1185 Πνεῦμα
506 1114 597 1167 τοῦ
621 1115 760 1168 Θεοῦ
792 1117 1004 1188 Πατρὺς
1027 1118 1354 1190 γέγραπται,
1377 1119 1463 1172 διὰ
1485 1118 1549 1170 τὸ
1587 1118 1817 1190 κεχωρί-

248 1206 371 1260 σθαι
394 1208 485 1277 μὲν
507 1210 571 1278 τῇ
605 1207 768 1277 φύτει
821 1209 927 1261 τῶν
957 1209 1128 1264 ἄλλων
1161 1211 1504 1281 πνευμάτων,
1555 1211 1819 1280 συνῆφθαι

251 1300 309 1352 δὲ
342 1301 416 1372 τῷ
459 1301 631 1372 Πατρὶ
679 1302 776 1353 καὶ
829 1301 906 1370 τῷ
939 1303 1054 1372 Υῐῷ
1100 1303 1263 1356 αὑτοῦ
1307 1304 1383 1375 τῷ
1423 1303 1567 1374 λόγῳ
1609 1304 1707 1370 τῆς
1731 1304 1820 1356 οὐ·

250 1393 388 1458 σίας,
441 1389 651 1455 Παῦλος
693 1392 984 1464 ὑφηγεῖται
1044 1393 1271 1464 γράφων
1311 1394 1444 1466 πρὸς
1487 1394 1586 1464 μὲν
1626 1396 1819 1466 Κοριν-

244 1483 389 1547 θίους
429 1484 487 1537 ἐν
515 1485 583 1555 τῇ
611 1483 802 1557 πρώτῃ
832 1485 1140 1556 Ἐπιστολῇ.
1170 1504 1188 1539 ι
1214 1484 1394 1556 ’Ἄλλῳ
1425 1485 1482 1538 δὲ
1505 1486 1822 1558 χαρίσματα

242 1575 490 1645 ἰαμάτων
543 1577 600 1628 ἐν
621 1575 699 1645 τῷ
721 1577 801 1629 ἐνὶ
853 1576 1150 1646 Πνεῦματι·
1196 1595 1214 1629 ι
1246 1577 1340 1631 καὶ
1379 1577 1560 1630 πάλιν·
1593 1579 1821 1632 ι-Πὰντα

235 1667 292 1720 δὲ
320 1667 494 1720 ταῦτα
521 1669 731 1737 ἐνεργεῖ
750 1666 815 1720 τὸ
845 1667 902 1719 ἒν
931 1668 1023 1720 καὶ
1047 1668 1106 1720 τὸ
1127 1669 1258 1722 αὐτὸ
1297 1668 1542 1738 Πνεῦμα,
1579 1669 1822 1741 διαιροῦν

244 1759 349 1829 ἰδία
381 1759 626 1829 ἑκάστῳ,
657 1759 836 1823 καθὼς
868 1759 1131 1829 βούλεται·
1170 1779 1186 1810 ι
1227 1763 1321 1814 καὶ
1359 1761 1538 1816 πάλιν·
1566 1781 1584 1814 t
1618 1763 1823 1827 Πάντες

243 1852 299 1904 ἓν
327 1851 558 1914 Πνεῦμα
584 1851 978 1922 ἐποτίσθημεν·
1009 1871 1028 1903 ι
1058 1853 1191 1924 πρὸς
1223 1852 1279 1906 δὲ
1318 1854 1617 1922 Ἐφεσίους·
1652 1874 1668 1904 ι
1702 1857 1822 1909 ’Ότι

236 1943 304 1996 δι’
322 1943 490 1996 αὑτοῦ
514 1942 708 2013 ἔχομεν
733 1943 831 2014 τὴν
858 1944 949 2015 (65
964 1943 1021 2016 α»)
1049 1945 1412 2016 προσαγωγὴν
1434 1947 1482 1998 oi
1504 1947 1821 2016 ἀμφότεροι,

240 2037 299 2088 ἐν
354 2035 438 2088 ἐν).
486 2035 767 2106 Πνεῦματι
822 2036 957 2107 πρὸς
999 2037 1089 2089 τὸν
1132 2037 1371 2108 Πατέρα·
1416 2056 1434 2087 ι
1494 2038 1588 2092 καὶ
1639 2038 1820 2092 πάλιν·

247 2146 265 2176 ι
305 2125 707 2190 Σπυδάζοντες
733 2130 920 2199 τηρεῖν
946 2127 1042 2198 τὴν
1069 2129 1290 2199 ἑνότητα
1311 2127 1404 2180 τοῦ
1434 2128 1768 2199 Πνεύμττος·
1800 2148 1818 2180 ι

243 2215 385 2268 τοῦτ’
419 2216 589 2280 ἐστιν,
628 2216 831 2287 πολλὴν
883 2218 1150 2270 ποιεῖσθαι
1207 2217 1451 2287 φυλακὴν
1490 2217 1583 2270 τοῦ
1613 2218 1686 2288 μὴ
1720 2237 1824 2288 χωο

244 2311 416 2382 ρξζειν
455 2311 587 2364 αὐτὸ
618 2311 720 2380 τῆς
747 2312 1004 2365 ἀνωτάτω
1053 2311 1235 2373 meo;
1273 2311 1368 2364 καὶ
1393 2310 1710 2374 αὐτοτελοῦς
1735 2311 1825 2364 οὗ·

244 2403 380 2465 σίας.
397 2403 521 2455 Ὀτι
550 2401 606 2455 δὲ
641 2403 733 2455 καὶ
767 2402 948 2472 Ῥῆμα
981 2403 1315 2474 ὠνόμασται,
1345 2401 1712 2475 μαρτυροῦσιν
1737 2405 1824 2457 οὑ-

245 2493 395 2547 τωσί·
463 2490 674 2559 Παῦλος
696 2494 948 2566 γράφων,
988 2497 1122 2567 πρὸς
1153 2495 1433 2565 Ἐφεσίους
1465 2496 1580 2567 μέν·
1617 2515 1634 2549 ι
1671 2497 1825 2549 Ἀνα-

247 2585 501 2650 λαϐόντες
559 2587 658 2656 τὴν
724 2589 1027 2640 πανοπλίαν
1079 2588 1174 2641 τοῦ
1244 2587 1402 2652 Θεοῦ,
1465 2589 1558 2642 καὶ
1601 2588 1822 2661 Θώρακα

247 2677 340 2747 τῆς
376 2677 750 2747 δικαιοσύνης,
797 2678 1011 2732 καὶτὸν
1059 2678 1250 2751 θυρεὸν
1291 2680 1390 2750 τῆς
1427 2679 1682 2743 πίστεως,
1730 2681 1822 2733 καὶ

245 2770 340 2838 τὴν
376 2769 815 2841 περικεφαλαίαν
841 2769 935 2822 τοῦ
973 2771 1260 2840 σωτηρίου,
1301 2771 1394 2823 καὶ
1419 2772 1518 2842 τὴν
1551 2773 1822 2844 μάχαιραν

246 2861 334 2914 τοῦ
380 2861 722 2930 Πνεῦματος,
768 2862 797 2914 ὃ
844 2863 992 2915 ἐστιν
1034 2864 1212 2934 Ῥῆμα
1249 2863 1404 2917 θεοῦ.
1455 2883 1473 2917 ι
1531 2859 1638 2928 Ἶ·1ς
1683 2884 1824 2930 τινος

247 2955 525 3025 μαχαίρας
555 2955 960 3024 ἐμνημόνευσεν
981 2956 1076 3008 καὶ
1117 2955 1414 3020 Ἀλίατθαῖος,
1447 2958 1512 3011 ἐκ
1535 2958 1823 3028 προσώπου

244 3047 332 3101 τοῦ
377 3047 620 3117 Χριστοῦ
683 3046 872 3100 εἰπών·
927 3065 944 3098 ι
979 3048 1093 3101 υύκ
1141 3043 1302 3118 ἦλθον
1353 3048 1533 3118 βαλεῖν
1582 3051 1822 3122 εἰρήνην,

1923 573 2082 628 modo
2105 573 2157 626 bi
2186 573 2402 642 quidem
2426 572 2679 626 dicuntttr
2702 570 2753 622 in
2781 569 3058 637 Scriptura
3085 563 3322 635 generati
3349 578 3491 626 esse,

1923 664 2008 717 illa
2050 681 2178 719 vero
2214 679 2387 734 neque
2412 664 2603 718 Adami
2651 661 2757 714 lilia
2810 669 3054 719 vocatur.
3086 671 3260 724 neque
3281 669 3493 717 eorum,

1922 770 2058 824 quos
2082 757 2287 824 genuit,
2319 755 2510 810 soror?
2534 752 2798 807 Nimirum
2829 751 2942 804 ﬁeri
2977 765 3080 804 non
3120 755 3318 817 potest,
3346 753 3404 799 ut
3426 761 3495 800 ex

1921 853 2300 898 creaturarum
2361 844 2774 914 comparatione
2821 840 3126 908 exemplum
3154 839 3368 908 aliquod
3397 837 3496 890 du-

1920 950 2076 991 catur
2105 953 2170 991 ac
2219 937 2512 992 similitudo
2571 936 2636 990 ad
2695 934 3101 1005 exprimendam
3135 931 3277 985 illam
3314 944 3496 983 mona-

1922 1033 2069 1093 dem,
2095 1041 2150 1083 et
2182 1030 2666 1099 incomparabilem
2701 1029 2848 1083 illam
2880 1036 3152 1088 naturam,
3184 1040 3302 1092 qua:
3330 1024 3494 1078 menti

1924 1122 2217 1176 invisibilis
2255 1120 2331 1192 (9)
2370 1130 2571 1183 manet,
2603 1135 2668 1174 ac
2724 1133 2792 1174 tte
2845 1118 3069 1172 auribus
3096 1117 3310 1186 quidem
3342 1131 3495 1168 man-

1923 1215 2060 1276 dari,
2098 1216 2344 1268 verbisve
2391 1214 2622 1284 proferri
2664 1228 2722 1268 se
2783 1212 3006 1280 patitur.
3041 1208 3174 1262 Nam
3200 1208 3302 1264 etsi
3330 1222 3492 1273 parva

1923 1305 2105 1373 aliqua
2163 1305 2330 1359 veluti
2390 1307 2580 1359 umbra
2637 1303 3008 1360 similitudinis
3051 1302 3498 1372 qualitercuuque

1925 1397 2263 1450 inveniretur
2289 1437 2304 1462 ,
2339 1411 2613 1466 nunquam
2660 1405 2838 1450 tamen
2875 1395 3021 1448 illam
3062 1393 3196 1450 satis
3227 1391 3497 1458 explicare

1928 1501 2214 1556 possemus
2238 1485 2373 1558 (l0).
2412 1485 2722 1541 Stmilitudo
2755 1470 2926 1548 enim;
2961 1493 3016 1538 et
3045 1483 3378 1554 comparatio
3407 1497 3499 1535 ne-

1929 1569 2203 1647 euaquatn
2237 1592 2358 1632 esse
2405 1585 2585 1646 potest
2639 1575 2918 1631 identitas.
2957 1575 3030 1628 Ea
3081 1589 3208 1627 vero
3239 1576 3498 1628 duntaxat

1923 1671 2108 1724 dicere
2139 1677 2310 1722 tutum
2343 1678 2428 1724 est
2475 1669 2610 1740 (11),
2646 1683 2764 1738 qua:
2802 1668 2868 1719 ad
2910 1676 3153 1721 nostrum
3189 1676 3402 1734 captum
3433 1681 3498 1720 ac

1927 1777 2237 1815 mensuram
2279 1762 2680 1816 accommodata
2731 1758 2886 1830 147
2940 1758 3234 1827 Scriptura:
3299 1759 3498 1812 docue-

1930 1864 2072 1908 runt.
2111 1853 2259 1920 Quod
2287 1869 2416 1922 ergo
2440 1869 2602 1907 unum
2640 1862 2692 1908 et
2724 1854 2895 1906 solum
2938 1865 3059 1906 esse
3110 1849 3369 1920 Spiritum
3402 1849 3496 1904 Dei

1924 1943 2106 1998 Patris
2131 1945 2252 1998 ideo
2276 1945 2421 1997 dicat
2463 1943 2765 2011 Scriptura,
2809 1941 2935 2011 quia
2994 1949 3184 1994 natura
3221 1939 3498 2009 sejunctus

1926 2037 2147 2107 quidem
2200 2047 2284 2090 est
2332 2034 2401 2088 ab
2448 2035 2570 2088 aliis
2616 2034 2920 2103 spiritibus,
2968 2031 3286 2100 conjunctus
3317 2040 3496 2086 autem

1925 2129 2096 2193 Patri,
2128 2127 2316 2198 eteius
2344 2127 2481 2182 Filio
2511 2129 2718 2180 ratione
2752 2125 3022 2192 essentize,
3056 2123 3250 2178 Paulus
3276 2131 3501 2178 enarrat

1925 2221 2175 2276 scribens
2205 2222 2271 2273 ad
2304 2217 2623 2272 Corinthios
2671 2216 2888 2286 quidem
2925 2215 2979 2268 in
3025 2215 3196 2284 prima
3230 2212 3500 2282 Epistola:

1931 2331 1950 2364 ι
1981 2311 2149 2366 Alteri
2183 2309 2294 2382 (8.2)
2355 2318 2538 2363 autem
2589 2312 2726 2364 dona
2758 2307 3095 2361 curationum
3146 2307 3198 2359 itt
3242 2321 3348 2360 uno
3378 2305 3503 2374 Spi-

1926 2407 2031 2460 ritu
2057 2423 2108 2471 ;›
2138 2413 2193 2458 et
2218 2419 2406 2458 rursus
2439 2419 2452 2454 :
2497 2401 2656 2457 illave
2684 2400 2794 2471 (15)
2824 2410 3002 2454 autem
3033 2400 3213 2453 omnia
3246 2408 3504 2467 operatur

1926 2514 2064 2552 unus
2087 2507 2250 2564 atque
2278 2496 2416 2550 idem
2447 2493 2703 2564 Spiritus,
2741 2493 2988 2548 dividens
3011 2507 3253 2547 seorsum
3277 2491 3505 2559 singulis

1927 2598 2085 2659 prout
2109 2589 2224 2642 vult
2245 2605 2260 2654 ;
2281 2606 2301 2640 ι
2335 2598 2388 2643 et
2415 2599 2636 2642 rursus:
2673 2604 2691 2637 ι
2716 2585 2778 2639 Ει
2802 2599 2990 2640 omnes
3017 2583 3128 2656 (14)
3159 2599 3267 2638 uno
3297 2585 3502 2653 Spiritu

1927 2681 2094 2751 petati
2151 2695 2376 2745 sumus;
2445 2696 2464 2732 ι
2527 2678 2594 2731 ad
2655 2677 2916 2747 Ephesios
2981 2687 3161 2730 autem
3225 2693 3239 2730 :
3295 2695 3316 2728 ‹
3366 2675 3506 2740 Quo-

1926 2775 2068 2828 niam
2107 2772 2216 2846 (l5)
2237 2786 2332 2842 per
2360 2771 2534 2841 ipsum
2558 2771 2817 2825 habemus
2845 2784 3120 2824 accessum
3140 2770 3300 2823 ambo
3323 2769 3373 2821 in
3398 2783 3505 2822 uno

1927 2867 2128 2936 Spiritu
2155 2866 2222 2921 ad
2249 2863 2500 2931 Patrem;
2529 2882 2548 2915 ι
2576 2873 2630 2916 et
2661 2878 2851 2917 rursus
2876 2875 2892 2916 :
2923 2881 2940 2914 ι
2960 2862 3228 2916 Curantes
3254 2858 3363 2929 (16)
3393 2873 3506 2914 ser-

1927 2974 2059 3014 vare
2110 2959 2374 3012 unitatem
2427 2947 2738 3026 Spiritusp
2778 2956 2831 3012 id
2877 2965 2983 3021 est,
3020 2953 3176 3008 valde
3206 2965 3402 3006 cavere
3435 2964 3508 3007 ne

1928 3053 2100 3122 ipsum
2137 3063 2454 3118 separemus
2482 3063 2512 3104 a
2547 3062 2799 3118 suprema
2837 3045 3068 3110 unitate,
3097 3055 3153 3098 et
3177 3045 3245 3098 ab
3271 3058 3356 3108 ea,
3386 3057 3507 3112 qua:

242 3140 377 3193 ἀλλὰ
420 3140 720 3210 μάχαιραν·
757 3158 774 3191 ›
822 3139 882 3192 οὗ
913 3139 1066 3210 ξίφος
1099 3141 1292 3211 λέγων,
1321 3141 1454 3195 ἀλλὰ
1480 3142 1577 3214 τὴν
1607 3144 1825 3215 εἰρήνης

1930 3157 2024 3212 per
2059 3154 2118 3195 se
2172 3140 2412 3210 perfecta
2463 3148 2546 3194 est
2599 3139 2857 3194 essentia.
2920 3135 3074 3203 Quod
3123 3148 3302 3190 autem
3338 3134 3503 3188 etiam

245 3230 502 3284 ἐπέκεινα
537 3229 811 3302 τμητικὴν
842 3231 950 3283 τῶν
992 3233 1414 3304 πεπωρωμένων
1461 3234 1693 3306 καρδιῶν
1733 3235 1826 3288 τοῦ

248 3323 402 3390 ἁγίου
421 3322 740 3392 Πνεῦματος
770 3324 1136 3378 ἁκατόιλεκτον
1159 3326 1369 3393 σοφίαν·
1389 3327 1593 3400 πρὸςδέ
1621 3326 1832 3399 Ἐϐραί-

251 3432 362 3478 ους·
398 3435 416 3466 ι
438 3415 618 3486 Φέρων
635 3415 744 3488 γὰρ
774 3415 842 3469 τὰ
865 3417 1039 3470 πάντα
1069 3416 1147 3488 τῷ
1180 3418 1412 3488 Ῥήματι
1429 3419 1526 3490 τῆς
1551 3419 1829 3490 δυνάμεως

254 3501 444 3556 αὑτοῦ.
493 3523 510 3553 ι
560 3505 705 3574 Ποίῳ
742 3504 797 3556 δὲ
854 3505 1120 3574 Ῥήματι;
1188 3508 1596 3579 Προεφήτευσεν
1647 3509 1825 3562 Δαυῖδ·

259 3613 277 3642 ι
330 3591 426 3662 Τῷ
451 3593 586 3664 λόγῳ
634 3596 844 3665 Κυρίου
868 3597 916 3648 οξ
941 3597 1156 3667 οὐρανοὶ
1183 3597 1608 3670 ἐστερεώθησαν,
1638 3602 1730 3654 καὶ
1755 3601 1832 3673 τῷ

255 3682 533 3752 Πνεῦματι
563 3684 645 3737 τοῦ
680 3686 947 3755 στόματος
975 3687 1137 3740 αὐτοῦ
1158 3690 1326 3742 πᾶσαι
1366 3691 1420 3742 αἱ
1449 3691 1704 3761 δυνάμεις
1737 3693 1832 3745 αὑ-

252 3771 384 3824 τῶν·
411 3792 430 3824 ι
464 3775 558 3826 καὶ
604 3775 767 3828 πάλιν
813 3777 842 3829 ὁ
876 3776 1106 3839 Παῦλος·
1160 3797 1178 3830 ι
1223 3778 1506 3834 Ἀδύνατον
1550 3781 1656 3850 γὰρ
1707 3783 1831 3847 τοὺς

247 3864 398 3928 ᾶπαξ
423 3865 820 3933 φωτισθέντας,
860 3869 1236 3938 γευσαμένους
1273 3888 1330 3924 τε
1351 3872 1448 3942 τῆς
1482 3873 1693 3943 δωρεᾶς
1733 3875 1832 3945 τῆς

245 3959 615 4029 ἐπουρανίου,
667 3959 761 4013 καὶ
815 3961 1076 4030 μετόχους
1131 3962 1458 4034 γενηθέντας
1519 3965 1834 4036 Πνεῦματος

244 4049 430 4115 ἁγίου,
477 4050 576 4101 καὶ
605 4049 772 4102 καλὸν
806 4051 1181 4122 γευσαμένους
1229 4051 1364 4104 Θεοῦ
1435 4053 1633 4125 Ῥἧμα·
1669 4075 1687 4108 ι
1725 4056 1832 4109 Πέ-

244 4156 373 4210 190;
420 4138 499 4191 δέ·
537 4158 556 4189 t
591 4139 736 4192 Διότι
773 4143 922 4194 πᾶσα
987 4141 1123 4214 σὰρξ
1163 4143 1238 4207 ὡς
1279 4143 1489 4214 χόρτος,
1545 4147 1639 4198 καὶ
1685 4147 1834 4199 πᾶσα

243 4230 374 4297 δόξα
402 4231 578 4301 αὐτῆς
637 4232 711 4296 ὡς
755 4233 915 4296 ἄνθος
965 4235 1182 4306 χόρτου·
1233 4235 1504 4307 ἐξηράνθη
1553 4239 1580 4290 ὀ
1621 4239 1832 4311 χόρτος,

245 4325 342 4377 καὶ
367 4323 432 4374 τὸ
463 4322 625 4385 ἄνθος
670 4325 944 4390 ἐξέπεσεν,
986 4329 1134 4397 καὶὴ
1170 4327 1472 4398 εὐπρέπεια
1511 4330 1673 4398 αὑτρῦ
1725 4333 1834 4385 ἀπ-

245 4411 443 4466 ώλετο·
475 4413 540 4465 τὸ
576 4413 634 4466 δὲ
676 4413 854 4485 Ῥῆμα
882 4413 976 4468 τοῦ
1005 4415 1140 4469 Θεοῦ
1182 4416 1328 4487 μένει
1362 4418 1441 4482 είς
1470 4418 1559 4472 τὸν
1581 4420 1767 4474 αἰῶνα·
1809 4440 1829 4473 ι

1944 3235 2145 3306 Ῥῆμα,
2181 3249 2276 3290 seu
2320 3233 2536 3288 Dictum
2588 3233 2901 3286 nominatus
2937 3232 3030 3294 sit,
3064 3244 3131 3283 ex
3172 3229 3319 3282 hisce
3350 3227 3506 3281 testi-

1931 3327 2129 3379 moniis
2156 3333 2403 3394 apparet.
2447 3323 2646 3378 Paulus
2701 3322 2951 3378 scribens
2995 3323 3061 3374 ad
3102 3319 3364 3388 Ephesios
3388 3317 3508 3388 qui-

1932 3416 2050 3470 dem
2091 3418 2300 3485 inquit:
2355 3435 2373 3468 ι
2405 3416 2750 3486 Accipientes
2789 3414 2900 3484 (17)
2940 3423 3270 3468 armaturam
3301 3411 3416 3477 Dei,
3451 3421 3508 3465 et

1931 3506 2154 3562 loricam
2183 3508 2435 3577 iustitiae,
2459 3517 2516 3561 et
2543 3519 2756 3562 scutum
2793 3507 2942 3570 ﬁdei,
2974 3517 3029 3562 et
3057 3506 3262 3577 galeam
3294 3505 3505 3566 salutis,

1931 3610 1986 3656 et
2025 3599 2261 3668 gladium
2302 3600 2558 3669 Spiritus,
2594 3601 2684 3669 qui
2735 3609 2818 3654 est
2869 3601 3076 3655 Dictum
3125 3598 3241 3652 Dei.
3270 3616 3290 3650 ι
3343 3595 3508 3664 Cujus

1933 3690 2098 3761 gladii
2151 3690 2396 3745 meminit
2450 3691 2614 3745 etiam
2673 3691 2975 3753 Mattbaaus,
3007 3705 3130 3744 cum
3182 3703 3249 3743 ex
3275 3701 3508 3757 persona

1932 3782 2135 3837 Christi
2171 3783 2346 3836 dixit:
2397 3781 2549 3836 «Non
2578 3784 2699 3836 veni
2735 3782 2846 3853 (l8)
2891 3797 3077 3854 pacem
3118 3781 3354 3842 mittere,
3413 3779 3510 3834 sed

1933 3873 2208 3942 gladium;
2243 3890 2262 3923 ι
2299 3887 2402 3926 non
2455 3887 2639 3926 ensem
2674 3873 2996 3942 intelligens,
3032 3873 3126 3926 sed
3171 3869 3510 3924 inenarrabi-

1934 3963 2040 4018 lem
2059 3963 2380 4032 sapientiam
2403 3961 2640 4032 Spiritus
2664 3964 2857 4024 sancti,
2881 3978 3021 4033 quae,
3057 3961 3176 4029 plus
3193 3975 3354 4031 quam
3382 3972 3509 4028 pax,

1933 4057 2198 4112 obdurata
2231 4056 2394 4110 corda
2448 4056 2661 4109 incidit.
2715 4056 2795 4109 Ad
2849 4053 3107 4108 Hebraeos
3138 4068 3296 4106 vero:
3324 4070 3342 4102 ι
3378 4049 3510 4104 Por-

1938 4161 2058 4206 tans
2082 4150 2194 4220 (19)
2245 4151 2390 4204 enim
2442 4150 2622 4205 omnia
2682 4149 2862 4203 Verbo
2918 4147 3137 4202 virtutis
3179 4160 3308 4201 suae.
3339 4162 3358 4196 ι
3395 4142 3511 4209 Quo

1940 4250 2122 4295 autem
2189 4238 2403 4294 Verbo?
2456 4239 2845 4296 Prarttttntiavit
2895 4237 3097 4292 David:
3154 4234 3369 4289 «Verbo
3400 4231 3511 4304 (‘20)

1937 4332 2153 4388 Domini
2179 4333 2305 4387 caeli
2339 4333 2538 4386 ﬁrmati
2571 4341 2717 4397 sunt,
2757 4341 2814 4388 et
2851 4331 3056 4400 Spiritu
3093 4331 3204 4384 oris
3241 4328 3359 4398 ejus
3397 4341 3512 4381 om-

1938 4439 2034 4479 nes
2066 4425 2294 4478 virtutes
2332 4439 2558 4490 eorutn;
2595 4443 2614 4476 ι
2650 4434 2707 4478 et
2756 4439 2947 4478 rursus
2977 4423 3211 4476 Paulus:
3244 4438 3262 4471 ι
3309 4419 3511 4487 Impos-

247 4504 309 4557 ὃν
340 4504 547 4575 τρόπον
594 4507 718 4576 περὶ
756 4505 850 4559 τοῦ
892 4507 1022 4562 Υίοῦ
1075 4507 1269 4577 ψάλλει
1304 4509 1363 4563 ἐν
1399 4509 1524 4581 ριη’·
1556 4530 1574 4562 t
1616 4511 1710 4573 Εἰς
1743 4512 1825 4564 τὸν

1938 4516 2092 4570 sibile
2121 4515 2234 4586 (2i)
2263 4525 2347 4570 est
2369 4518 2513 4570 enim
2562 4531 2656 4571 eos
2699 4517 2788 4585 qui
2821 4515 2989 4570 semel
3023 4525 3148 4569 sunt
3201 4512 3509 4574 illuminati,

249 4596 449 4661 αἰῶνα,
476 4597 677 4669 Κύριε,
698 4600 727 4651 ό
748 4599 919 4668 Λόγος
968 4616 1060 4653 σου
1088 4600 1334 4671 διαμένει
1364 4601 1422 4654 ἐν
1443 4604 1519 4673 τῷ
1555 4601 1788 4674 οὐρανῷ.
1813 4625 1831 4658 ι

322 4781 405 4851 (9)
441 4778 608 4833 Menti
648 4780 939 4836 invisibilis.
992 4779 1242 4838 Excludit
1297 4783 1558 4840 visionem
1607 4799 1626 4833 t
1676 4785 1819 4838 adte-

251 4862 503 4917 quatam,
544 4867 562 4900 ›
595 4860 652 4904 et
694 4869 712 4902 ι
755 4853 1277 4919 comprehensivatn,
1325 4871 1344 4906 ι
1400 4870 1504 4907 non
1550 4871 1568 4902 ι
1619 4855 1823 4907 intuiti-

254 4938 375 4973 vaut
422 4938 492 4994 :_r
529 4932 587 4973 ut
641 4922 780 4994 alias
805 4923 1014 4976 ostendi
1064 4926 1114 4975 itt
1152 4921 1389 4994 Epistola
1418 4929 1487 4977 ad
1518 4923 1826 4977 Archintum

251 4990 555 5060 praesulem,
587 5006 706 5060 pag.
752 4993 821 5047 53
853 5004 906 5047 et
934 5007 1088 5060 seqq.

323 5061 438 5131 (10)
479 5059 776 5134 Paestanas.
833 5064 914 5134 In,
941 5059 1149 5122 Graeco.
1190 5061 1380 5132 φεύγει
1418 5063 1478 5116 τὸ
1515 5063 1672 5118 πλέον
1693 5064 1830 5134 ἁφέν

248 5131 344 5186 τὸν
377 5131 826 5202 παραϐάλλοντα
852 5133 1002 5186 κάτω
1035 5149 1157 5186 που.
1197 5131 1327 5198 Qute
1357 5137 1707 5201 proverbialis
1744 5131 1829 5189 io-

254 5205 403 5257 cutio
430 5203 661 5256 videtur.
689 5202 781 5255 Est
807 5215 984 5256 autem
1016 5203 1416 5272 παρεκῦἀλλειν
1439 5223 1455 5256 ι
1475 5220 1823 5269 excerpere»

256 5275 401 5344 unde
420 5272 579 5344 diem
618 5273 882 5344 Eustathii
908 5273 1260 5344 παρεκόολαί,
1292 5277 1583 5344 composita
1608 5290 1734 5329 voce
1765 5292 1828 5330 ex

255 5342 429 5413 παρὰ,
454 5343 549 5415 ἐκ,
577 5352 632 5395 et
671 5342 870 5415 βάλλω.
908 5342 1088 5409 Itaque
1124 5345 1328 5415 Didymi
1377 5342 1697 5399 locutionem
1754 5349 1831 5400 sic

255 5416 321 5463 ad
354 5414 576 5465 verbum
625 5413 1048 5478 transferendam
1089 5413 1286 5468 censeo
1321 5433 1334 5469 :
1373 5433 1392 5466 ι
1436 5431 1556 5470 cum
1615 5416 1734 5482 quis
1768 5432 1835 5468 ex

255 5482 500 5536 infcriori
527 5483 646 5536 loco
665 5502 684 5533 ι
710 5499 943 5551 procerae
967 5486 1175 5538 arboris
1201 5500 1379 5553 poma,
1406 5484 1636 5553 exempli
1656 5501 1838 5550 causa,

254 5569 278 5604 α
322 5554 586 5621 excerpit,
628 5571 646 5603 ι
675 5564 768 5606 aut
793 5553 1056 5624 tidejicit,
1090 5555 1262 5624 major
1292 5571 1476 5610 eorum
1511 5571 1635 5624 pars
1673 5573 1843 5608 rema-

249 5633 346 5676 net
381 5643 399 5674 ι
435 5624 486 5675 in
545 5625 766 5678 arbore.
821 5623 875 5676 Si
920 5623 1005 5677 cui
1048 5623 1297 5678 Itaec’non
1335 5623 1598 5690 arrident,
1647 5624 1841 5680 aﬂerat

247 5693 506 5763 meliora;
537 5693 771 5747 libenter
797 5694 938 5747 enim
967 5708 1031 5748 ea
1055 5695 1342 5763 excipiam.

331 5762 441 5835 (11)
471 5761 668 5816 Tulum
692 5773 788 5815 est.
833 5764 1003 5817 Simili
1031 5761 1190 5818 modd
1219 5765 1500 5835 respondet
1528 5763 1580 5819 in
1610 5763 1744 5820 libro
1767 5765 1838 5818 De

251 5829 395 5901 Spir.
414 5845 620 5898 sancto,
642 5849 795 5888 num.
829 5834 916 5889 6'2.

1945 4606 2037 4677 qui
2089 4617 2146 4661 et
2193 4616 2548 4678 gustaverunt
2595 4608 2794 4663 donum
2846 4607 3089 4673 caeleste,
3132 4615 3186 4660 et
3225 4605 3516 4674 participes

1935 4787 2114 4909 14(ξε)
2161 4785 2399 4841 Alteri.l
2451 4785 2578 4838 Cor.
2639 4797 2734 4839 xu.
2775 4746 2841 4836 '9.
2906 4781 3038 4836 Vide
3080 4792 3188 4838 not.
3241 4779 3338 4846 εδ,
3387 4795 3510 4850 της.

2007 4927 2119 4997 (15)
2163 4926 2312 4981 Ilwc.
2343 4926 2506 4981 lCnr.
2541 4941 2638 4985 χιι,
2667 4923 2746 4976 ll.

2005 5019 2118 5100 (1-4)
2156 5019 2222 5072 Et
2270 5035 2468 5074 omnes.
2509 5016 2526 5070 1
2563 5017 2692 5071 Cor.
2727 5029 2825 5072 xtt.
2871 5013 2956 5069 l3.
2980 5012 3163 5068 Cranen
3193 5015 3273 5068 ed,
3329 5017 3408 5077 είς
3456 5012 3516 5066 ἓν

1933 5090 2179 5160 Πνεῦμα.

2005 5160 2119 5299 (Ηξ)
2156 5159 2437 5243 Quoniam.
2469 5160 2668 5228 Epltes.
2695 5173 2758 5222 tt,
2791 5156 2879 5212 18.

2005 5231 2097 5299 (ιδ
2151 5232 2426 5283 Curantes.
2460 5231 2657 5299 Epltcs.
2692 5245 2767 5296 tv,
2797 5230 2851 5283 3.

2005 5230 2119 5302 (16)
2151 5231 2426 5283 Curantes.
2460 5231 2657 5299 Epltcs.
2692 5245 2767 5296 tv,
2797 5230 2851 5283 3.
2935 5266 2946 5279 .

2009 5324 2122 5394 (17)
2164 5323 2507 5389 Accipientes.
2538 5322 2740 5392 Epltes.
2763 5338 2837 5390 Vt,
2871 5321 3054 5376 15-17.
3091 5319 3230 5376 Cilal
3275 5333 3510 5382 sensum,

1939 5393 2093 5462 plura
2119 5395 2372 5447 omittens
2411 5394 2747 5447 intertnedia.

2011 5482 2123 5552 (18)
2157 5481 2278 5536 Non
2309 5487 2442 5536 veni.
2478 5482 2667 5537 Matth.
2710 5500 2768 5550 κ,
2808 5484 2897 5539 54.

2009 5553 2121 5624 (19)
2170 5553 2418 5608 Portam.
2479 5552 2642 5608 Hebr.
2711 5570 2749 5619 ι,
2812 5555 2867 5610 3.

1937 5641 2015 5690 τε,
2049 5627 2098 5676 id
2127 5635 2209 5692 est
2243 5642 2261 5673 ‹
2301 5635 2647 5692 portansqne.
2684 5643 2703 5676 ι

2010 5695 2124 5764 (20)
2161 5691 2354 5764 Yerbo.
2393 5691 2549 5748 Psal.’
2572 5711 2748 5758 xxxu,
2781 5711 2924 5749 vers.
2966 5695 3018 5746 6.

2007 5761 2121 5836 (‘21)
2153 5761 2499 5832 Impossibile.
2544 5765 2704 5820 Hebr.
2745 5783 2816 5834 γι,
2863 5766 2897 5820 4
2923 5777 2976 5822 et
3010 5764 3064 5819 5.

2925 5553 3112 5610 Grmca
3173 5552 3261 5607 ed.
3335 5549 3517 5622 φέρων
