4104 6408
255 327 360 386 509

1302 329 1390 383 DE
1432 329 1801 385 TRINITATE
1841 331 2050 386 LIBER
2093 330 2477 388 SECUNDUS.
2567 315 2576 324 l

3379 334 3487 390 510

324 441 394 491 B'.
449 435 617 490 Οὐδὲν
651 437 868 490 κτιστὸν
903 437 1098 509 πληροῖ
1139 438 1233 510 τὴν
1256 441 1602 511 οἰκουμένην,
1633 442 1664 512 ἢ
1699 459 1824 494 συν-

1997 442 2060 495 ll.
2092 431 2242 496 Nulla
2301 460 2386 498 res
2430 451 2611 497 creata
2640 442 2822 512 implet
2851 443 3036 497 orbem
3075 450 3358 508 terrarum,
3386 451 3485 496 aut

249 530 360 600 έχει
402 531 468 583 τὰ
499 529 701 593 πάντα,
729 532 824 582 καὶ
856 531 912 583 ἐν
943 532 1102 585 πᾶσιν
1131 534 1403 602 τυγχάνει·
1441 534 1576 588 ἀλλὰ
1608 536 1701 587 καὶ
1719 535 1823 588 τῶν

246 621 446 690 νοερῶν
465 620 752 690 δυνάμεων
782 621 955 691 πέρας
999 622 1167 686 ἐστὶν,
1208 624 1302 676 καὶ
1346 625 1623 695 ὡρισμένη
1664 627 1824 678 ποσό-

245 723 366 776 τηςο
403 707 575 776 μόνως
610 708 720 777 γὰρ
749 706 924 760 ταῦτα
967 709 1064 778 τῆς
1099 707 1350 779 θεότητος
1385 710 1510 762 ἴδια.
1556 711 1619 762 'H
1646 710 1701 762 δὲ
1730 709 1822 762 τοῦ

245 799 404 866 ἁγίου
448 796 768 868 Πνεύματος
827 798 1201 869 μεγαλωσύνη,
1255 800 1552 864 άδιάλυτος,
1589 800 1823 871 ἀπέραν-

242 907 360 953 τος,
401 890 493 942 καὶ
531 888 834 958 πανταχοῦ,
881 890 972 942 καὶ
1027 889 1116 943 διὰ
1143 891 1380 956 πάντων,
1418 891 1513 944 καὶ
1557 893 1613 942 ὲν
1660 893 1823 944 πᾶσιν

245 983 338 1034 ἀεί
387 985 550 1034 ἐστιν·
588 979 874 1051 πληροῦσα
924 981 1023 1051 μὲν
1054 981 1145 1034 τὸν
1170 982 1374 1051 κόσμον
1407 982 1501 1035 καὶ
1530 982 1822 1051 συνέχουσα

249 1075 349 1145 [66
387 1074 442 1146 τι]
467 1073 600 1127 κατὰ
625 1075 725 1145 τὴν
761 1074 1010 1145 θεότητα,
1045 1073 1330 1144 ἀχώρητος
1349 1076 1405 1128 δὲ
1430 1074 1570 1127 κατὰ
1610 1074 1708 1144 τὴν
1735 1073 1824 1127 δύ-

251 1184 438 1235 ναμιν·
481 1167 569 1219 καὶ
601 1165 877 1237 μετροῦσα
932 1166 1050 1236 μὲν,
1103 1167 1164 1218 οὐ
1199 1166 1539 1236 μετρουμένη
1571 1167 1646 1219 δέ.
1682 1184 1700 1216 ι
1746 1167 1820 1218 Oti

250 1258 364 1328 γὰρ
387 1259 446 1309 ἐκ
496 1257 691 1327 μέτρου
732 1256 942 1308 δίδωσιν
986 1258 1015 1308 6
1057 1254 1187 1318 Θεὸς
1238 1255 1297 1308 τὸ
1339 1239 1579 1326 Πνεῦμα,
1629 1275 1646 1306 ι
1676 1257 1750 1318 ὡς
1793 1257 1821 1307 6

249 1349 440 1418 Σωτὴρ
468 1349 525 1398 ἐν
563 1347 788 1417 Ἰωάννῃ
814 1346 980 1414 λέγει·
1021 1347 1116 1398 καὶ
1142 1346 1282 1399 κατὰ
1306 1346 1402 1417 τὴν
1423 1347 1640 1415 Σοφίαν,
1671 1346 1820 1416 έχου-

249 1455 369 1491 σαν·
400 1457 416 1488 ι
465 1438 710 1508 ’Δγαπᾷς
742 1437 851 1508 γὰρ
881 1437 947 1489 τά
987 1437 1117 1490 ὄντα
1149 1437 1348 1501 πάντα,
1389 1437 1481 1490 καὶ
1513 1437 1663 1490 οὐδὲν
1705 1437 1821 1506 βδε-

240 1533 436 1603 λύσςῃ,
504 1526 580 1586 ὧν
630 1533 910 1603 ἐποίησας’
953 1533 1073 1586 οὐδὲ
1117 1533 1226 1605 γὰρ
1277 1535 1343 1586 ἂν
1410 1533 1581 1604 μισῶν
1607 1553 1658 1588 τι
1692 1552 1820 1588 κατ-

237 1624 571 1685 εσκεύασας.
623 1622 746 1686 Πῶς
794 1623 850 1675 δὲ
885 1621 1096 1692 ἔμεινεν
1127 1622 1192 1675 άν
1224 1640 1297 1684 τι,
1331 1625 1378 1676 εἰ
1413 1623 1487 1694 μὴ
1521 1624 1584 1676 σὺ
1629 1623 1821 1694 ἠθέλη-

241 1731 364 1777 σας,
393 1713 428 1784 ἢ
480 1713 542 1766 τὸ
585 1713 659 1784 μὴ
708 1713 902 1783 βληθὲν
953 1714 1058 1767 ὑπὸ
1094 1713 1188 1766 σοῦ
1233 1714 1509 1785 ἐτηρήθη;
1567 1713 1724 1786 Φείδῃ
1763 1714 1818 1768 δὲ

1931 535 2169 588 continet
2205 536 2404 598 omnia,
2455 544 2544 587 aut
2591 535 2643 587 in
2694 535 2947 587 omnibus
2997 533 3375 587 exsistit:sell
3403 534 3488 585 in-

1935 623 2285 692 telligentium
2324 638 2537 692 quoque
2559 623 2817 676 virtutum
2846 621 3108 674 terminus
3134 620 3351 688 quidam
3382 632 3486 686 est,

1928 723 1994 767 et
2013 717 2287 782 quantitas
2315 716 2532 769 delinita
2560 733 2574 768 :
2603 730 2722 783 quae
2760 729 2884 768 vero
2918 713 3049 774 dixi,
3075 713 3245 766 solius
3273 714 3488 767 deitatis

1930 806 2145 873 propria
2175 814 2320 858 sunt.
2358 807 2428 857 At
2453 819 2578 858 vero
2606 803 2842 872 Spiritus
2865 802 3038 855 sancti
3073 800 3325 867 maiestas
3363 817 3487 870 per-

1929 903 2086 962 petua
2123 904 2226 959 est,
2263 902 2424 963 atque
2455 894 2821 959 interminata,
2853 903 2908 947 et
2950 894 3144 961 ubique
3171 903 3225 946 et
3260 907 3354 962 per
3379 909 3490 947 om-

1931 985 2016 1036 nia
2040 993 2092 1038 et
2115 986 2167 1037 in
2200 985 2447 1038 omnibus
2471 999 2682 1052 semper
2725 985 2958 1045 exsistit,
2997 998 3059 1036 ac
3098 985 3350 1060 mundum
3376 983 3488 1049 qui-

1929 1077 2046 1129 dem
2086 1076 2291 1144 implet,
2322 1087 2373 1129 et
2405 1077 2645 1129 continet
2675 1077 2968 1130 secundmn
3011 1075 3365 1137 divinitatem,
3393 1071 3488 1126 sed

1928 1166 2046 1234 capi
2083 1167 2196 1234 ipsa
2247 1174 2300 1220 et
2329 1166 2592 1219 contineri
2628 1180 2732 1219 non
2767 1174 2945 1234 potest
2978 1165 3270 1219 secundum
3295 1174 3488 1231 poten-

1929 1257 2078 1323 tiam,
2135 1265 2190 1310 et
2242 1265 2515 1310 mensurat
2544 1257 2782 1323 quidem,
2826 1254 2919 1308 sed
2970 1269 3074 1307 non
3107 1262 3484 1307 mensuratur:

1931 1367 1950 1399 ι
1973 1348 2084 1403 Nec
2109 1347 2250 1402 enim
2283 1349 2347 1400 ad
2373 1361 2678 1402 mensuram
2712 1348 2801 1400 dat
2822 1347 2962 1400 Deus
2989 1346 3266 1416 Spiritum,
3301 1363 3318 1394 ι
3348 1343 3490 1398 sicut

1928 1447 2177 1501 Salvator
2224 1443 2362 1514 apud
2394 1442 2650 1498 Joannem
2678 1439 2786 1512 (28)
2821 1442 2914 1507 ait,
2967 1450 3020 1494 et
3047 1441 3184 1495 sicut
3215 1438 3488 1507 Sapientia

1927 1543 2100 1602 docet,
2125 1552 2245 1593 cum
2274 1537 2444 1606 inquit
2473 1552 2486 1587 :
2528 1552 2547 1584 ς
2587 1534 2768 1601 Diligis
2801 1532 2912 1604 (29)
2965 1534 3107 1586 enim
3159 1532 3334 1584 omnia
3367 1544 3486 1596 quae

1926 1640 2071 1694 sunt,
2097 1635 2151 1683 et
2177 1628 2308 1681 nihil
2343 1625 2673 1680 abominaris
2727 1638 2911 1678 eorum
2971 1638 3087 1692 quae
3124 1620 3335 1674 fecisti:
3389 1632 3487 1672 nec

1926 1724 2068 1776 enim
2098 1720 2222 1776 odio
2256 1719 2459 1774 habens
2488 1717 2780 1786 quidquam
2808 1713 3159 1768 constituisti.
3211 1710 3487 1777 Quomodo

238 1809 491 1874 πάντων,
525 1807 609 1860 ὅτι
641 1807 816 1860 πάντα
852 1806 921 1860 σά
949 1808 1115 1871 ἐστιν,
1149 1807 1392 1860 Δέσποτα
1425 1807 1704 1878 φιλόψυχε,
1729 1807 1824 1860 καὶ

1935 1824 2102 1868 autem
2133 1811 2520 1882 permansisset
2550 1808 2775 1876 aliquid,
2811 1806 2913 1860 nisi
2968 1815 3022 1858 tu
3075 1802 3372 1858 voluisses?
3395 1811 3489 1855 aut

236 1901 300 1953 τὸ
344 1899 629 1970 άφθαρτόν
668 1916 761 1975 σου
814 1899 1039 1971 Πνεῦμα
1091 1900 1236 1952 ἐστὶν
1281 1901 1336 1952 ὲν
1365 1901 1549 1952 πᾶσιν.
1588 1918 1605 1950 ι
1633 1897 1822 1951 Ἔνθεν

237 1992 340 2046 καὶ
378 1991 606 2061 Πατέρα
662 1991 899 2055 πάντων,
928 1991 1018 2044 τὸν
1039 1990 1170 2044 Θεὸν
1210 1991 1432 2054 εἰκότως
1464 1987 1818 2061 ὀνομάζομεν,

243 2085 353 2137 οὐκ
375 2083 506 2137 ὅντα
535 2085 570 2154 ἡ
581 2081 695 2154 μῶν
726 2082 881 2152 φύσει
912 2081 1146 2153 πατέρα,
1195 2083 1269 2145 ὡς
1297 2082 1441 2136 ἔστιν
1462 2080 1556 2135 τοῦ
1586 2082 1825 2150 Μονογε-

236 2174 369 2239 νοῦς
401 2173 592 2226 αὑτοῦ.
623 2172 733 2226 Καὶ
767 2172 946 2227 πάλιν·
976 2191 995 2223 ι
1031 2171 1254 2242 Πνεῦμα
1289 2173 1494 2244 Κυρίου
1535 2172 1824 2243 πεπλήρω-

234 2284 341 2320 κεν
373 2268 476 2337 τὴν
499 2267 845 2337 οἰκουμένην,
876 2265 968 2319 καὶ
988 2265 1046 2318 τὸ
1070 2266 1289 2336 συνέχον
1323 2267 1388 2319 τὰ
1421 2266 1596 2320 πάντα
1623 2267 1825 2335 γνῶσιν

236 2361 362 2431 ἔχει
393 2359 603 2429 φωνῆς·
635 2379 655 2412 ι
686 2360 806 2413 ἀντὶ
831 2359 946 2420 τοῦ,
993 2358 1318 2431 Περιέλαὸεν
1349 2359 1447 2430 τὴν
1477 2360 1704 2429 ἀόρατον
1735 2360 1827 2412 καὶ

237 2452 451 2522 ὁρατὴν
492 2452 694 2515 κτίσιν,
727 2451 824 2522 τὴν
852 2452 1046 2522 νοητὴν
1093 2451 1186 2504 καὶ
1216 2451 1500 2522 αἰσθητὴν,
1556 2453 1646 2504 καὶ
1677 2452 1826 2505 οὐδὲν

239 2543 357 2593 τῶν
400 2541 623 2594 πάντων
651 2543 796 2593 ἐστὶν
823 2535 1046 2612 ἄμοιρον
1069 2541 1170 2611 τῆς
1191 2541 1358 2595 ἀϊδίου
1396 2542 1710 2607 ἐπιστασίας
1734 2544 1828 2595 αύ-

241 2631 363 2684 τοῦ·
391 2634 454 2684 τὸ
479 2631 590 2702 γὰρ
623 2630 795 2684 πάντα
824 2633 1067 2702 συνέχειν
1103 2631 1259 2685 τοῦτο
1301 2631 1468 2704 δηλοῖ.
1491 2634 1600 2685 Καὶ
1629 2634 1825 2704 πάσης,

244 2724 440 2793 φησιν,
461 2724 722 2776 ἐπακούει
755 2723 956 2794 φωνῆς,
990 2723 1065 2786 ὡς
1093 2723 1225 2787 Θεὸς
1264 2725 1322 2777 ὲν
1354 2727 1518 2778 πᾶσιν
1556 2727 1827 2796 πανταχοῦ

247 2815 337 2866 ἀεὶ
362 2815 678 2882 τυγχάνων,
725 2814 820 2866 καὶ
877 2816 1057 2882 πᾶσαν
1104 2813 1294 2885 ὑλικὴν
1335 2815 1699 2885 ἀναρμοστίαν
1751 2818 1830 2881 εἰς

245 2904 401 2969 τάξιν
423 2905 709 2975 περιάγων
736 2905 834 2976 τὴν
865 2907 1200 2976 πρέπουσαν,
1241 2908 1334 2960 καὶ
1367 2907 1472 2960 τῶν
1504 2909 1637 2980 πρὸς
1666 2908 1829 2962 αὐτοῦ

249 2995 600 3066 ποιηθέντων
641 2996 952 3066 φειδόμενός
999 3014 1059 3050 τε
1099 2998 1192 3051 καὶ
1240 2998 1681 3069 ἐπιμελούμενος,
1737 3001 1831 3054 ἅτε

252 3089 416 3150 αὐτὸς
449 3088 552 3158 τὴν
604 3087 768 3157 φύσιν
821 3089 1044 3160 πρόνοια
1083 3089 1364 3160 ὑπάρχων,
1407 3091 1500 3144 καὶ
1556 3090 1736 3159 σοφία,
1764 3091 1831 3144 δι’

252 3181 388 3233 ὅλων
414 3179 892 3250 διαπεφοιτηκυῖα,
925 3180 1001 3242 ὡς
1041 3181 1069 3231 6
1095 3179 1302 3252 Πατήρ.
1336 3182 1431 3245 Τίς
1471 3181 1578 3254 γὰρ
1607 3185 1634 3236 ὁ
1661 3184 1836 3236 τοιαύ-

258 3287 355 3341 την
385 3270 525 3340 ἔχων
556 3271 791 3339 γνῶσιν;
851 3271 1073 3335 Ἡσαΐας
1097 3289 1156 3324 τε
1183 3272 1328 3341 λέγει
1380 3273 1571 3336 οὕτως’
1615 3293 1633 3325 ι
1661 3274 1834 3327 Πνεῦ-

268 3379 346 3432 μα
367 3361 617 3430 γνώσεως
668 3363 759 3416 καί
793 3363 1091 3427 εὐσεϐείας·
1134 3384 1151 3416 ι
1178 3365 1270 3418 καὶ
1305 3367 1333 3417 6
1358 3365 1520 3418 Δαυῒδ
1553 3367 1832 3437 προσᾴδει’

271 3473 289 3502 ι
319 3455 433 3506 Ποῦ
461 3454 700 3525 πορευθῶ
725 3455 831 3508 ἀπὸ
873 3456 966 3509 τοῦ
1015 3456 1306 3528 προσώπου
1332 3475 1454 3522 σου;
1491 3459 1584 3511 καὶ
1611 3459 1717 3511 ἀπὸ
1741 3459 1835 3512 τοῦ

265 3545 583 3616 Πνεύματός
610 3565 702 3600 σου
747 3547 852 3601 ποῦ
890 3549 1076 3618 φύγω;
1117 3569 1134 3602 ι
1169 3551 1278 3603 Καὶ
1321 3553 1349 3604 6
1374 3551 1648 3622 Δεσπότης
1670 3551 1727 3605 δὲ
1754 3552 1832 3604 δι-

262 3637 502 3702 δάσκων,
531 3637 599 3700 ὡς
627 3641 661 3710 ἡ
692 3639 882 3710 θεότης
920 3641 1012 3694 τοῦ
1049 3643 1204 3710 ἁγίου
1243 3643 1556 3712 Πνεύματος
1595 3643 1656 3695 ού
1683 3661 1838 3714 περι-

262 3732 537 3802 γράφεται
584 3732 754 3800 τόπῳ,
803 3732 918 3786 ἀλλ’
952 3734 1086 3805 ὁμοῦ
1121 3737 1177 3788 έν
1214 3735 1425 3806 οὐρανῷ
1462 3736 1520 3789 τέ
1549 3739 1694 3789 ἐστιν
1743 3738 1837 3789 καὶ

259 3824 354 3876 ἐπὶ
404 3824 530 3894 γῆς,
589 3827 768 3880 πᾶσαν
801 3826 1130 3896 αὐτάρκειαν
1179 3827 1592 3897 παρασχόμενον
1622 3827 1706 3880 ἀεὶ
1746 3829 1838 3881 καὶ

254 3916 641 3986 παρεχόμενον
686 3920 754 3987 τῇ
796 3916 995 3980 κτίσει,
1041 3916 1142 3988 ἔφη
1194 3917 1321 3986 παρ’
1369 3918 1605 3989 Ἰωάννῃ·
1647 3937 1664 3969 ι
1712 3919 1836 3973 Ἐὰν

253 4006 514 4072 ἀγαπᾶτέ
553 4022 640 4076 με,
668 4007 763 4070 τὰς
793 4006 1043 4080 ἐντολάς(
1062 4008 1130 4061 66
1165 4007 1342 4080 Hadr;
1373 4008 1510 4079 ἐμὰς
1540 4011 1832 4081 τηρήσατε·

254 4099 417 4168 κάγὼ
458 4100 724 4168 ἐρωτήσω
753 4100 843 4152 τὸν
862 4100 1102 4170 Πατέρα,
1146 4101 1238 4152 καὶ
1287 4100 1443 4157 ἄλλον
1482 4103 1836 4174 Παράκ).ητον

253 4192 421 4246 δώσει
456 4193 608 4260 ὑμῖν,
641 4192 728 4244 ἵνα
855 4192 973 4262 μεθ’
1023 4192 1175 4262 ὑμῶν
1201 4195 1260 4246 τὸ
1299 4193 1655 4265 Πνεῦμα⁶τῆς
1706 4197 1837 4269 ἀλη-

256 4284 432 4347 θείας,
465 4282 494 4334 ὃ
527 4285 557 4334 6
585 4282 788 4352 κόσμος
819 4283 880 4335 ού
907 4283 1126 4337 δύναται
1171 4285 1378 4351 λαϐεῖν,
1420 4287 1502 4340 ὅτι
1542 4289 1602 4340 ού
1644 4288 1840 4359 θεωρεῖ

254 4375 392 4427 αὐτὸ
439 4374 561 4427 οὐδὲ
595 4373 848 4442 γινώσκει
885 4376 1033 4428 αὐτό·
1071 4377 1226 4446 ὑμεῖς
1244 4378 1300 4430 δὲ
1339 4379 1655 4446 γινώσκετε⁸
1681 4381 1832 4444 αὐτὸ,

331 4571 448 4644 (28)
479 4571 643 4644 ᾼριιάΔ
690 4571 966 4644 Joannem.
987 4571 1239 4644 _Cap._m,
1272 4588 1411 4628 vers.
1445 4575 1530 4629 54ς

331 4641 448 4710 (29)
482 4641 690 4708 Diligis.
723 4643 844 4710 Sap.
881 4642 1176 4706 xu.25—27;
1206 4659 1302 4704 ιιιι,
1340 4645 1390 4697 1.
1431 4646 1616 4700 Graeca
1666 4647 1834 4701 editio

257 4713 428 4790 habet
461 4725 478 4763 :
505 4711 580 4790 τὸ.
597 4711 670 4781 μὴ
689 4711 884 4790 κληθὲν
917 4713 1022 4766 ὑπὸ
1062 4711 1156 4764 σοῦ
1198 4713 1513 4785 διετηρήθη,
1542 4733 1638 4786 pro
1663 4717 1723 4770 τὸ
1760 4719 1835 4790 μὴ

265 4782 397 4852 Βληθ
405 4781 481 4834 ἐν.
493 4823 533 4852 ,ρ
565 4783 657 4851 ἐτη

337 4851 454 4920 (50)
490 4851 701 4920 Omnia.
755 4851 879 4906 litae
915 4867 1016 4906 vox
1067 4854 1216 4907 deest
1270 4855 1321 4906 in
1355 4853 1538 4909 Graeca
1581 4855 1836 4912 editione.

265 4922 327 4981 In
356 4923 500 4976 libro
532 4919 608 4973 De
630 4919 770 4988 Spir.
790 4934 1133 4976 sanctonum.
1154 4921 1222 4976 46
1255 4923 1369 4977 haec
1394 4924 1464 4978 ita
1488 4924 1787 4979 afferuntur
1821 4944 1836 4979 :

272 5011 292 5042 ι
330 4993 532 5048 Ρανεεδ
569 5009 589 5041 ι
637 4992 936 5048 uertendum
993 5008 1132 5048 reor.
1169 5012 1188 5042 ι
1233 4993 1429 5048 narcis.
1485 5012 1504 5045 ι
1538 5004 1598 5048 ιιι
1649 4996 1836 5048 Ιειιίιιιι

272 5011 292 5042 ι
330 5005 532 5046 mrces
569 5009 589 5041 ι

270 5143 378 5185 tem
409 5132 693 5204 omnibus;
728 5132 852 5201 quia
887 5140 989 5186 tua:
1013 5144 1158 5204 sunt.
1197 5152 1216 5184 ι
1251 5131 1352 5187 Sed
1377 5131 1663 5203 legendum
1687 5147 1836 5204 puto,

276 5222 295 5253 ι
347 5202 473 5270 quia
509 5211 598 5254 tua
635 5211 780 5272 sunt.
828 5219 847 5253 ι
887 5203 1178 5272 exeodem
1215 5204 1418 5272 codice,
1437 5202 1608 5272 iquem
1645 5202 1839 5272 sacpius

270 5272 571 5353 memoravi
605 5271 843 5326 :nullum
893 5270 1035 5326 enim
1061 5280 1145 5327 est
1169 5271 1221 5326 in
1244 5270 1431 5327 Graeco
1457 5270 1651 5328 nomen
1681 5270 1837 5330 fetui-

344 5412 457 5480 (51)
503 5410 593 5466 Et.
615 5409 820 5483 AGraaca
850 5411 1038 5479 editio,
1067 5411 1196 5483 γάρ,
1231 5409 1284 5466 id
1314 5422 1397 5467 est
1423 5431 1442 5464 ι
1477 5427 1619 5467 nam.
1663 5433 1682 5466 ι
1715 5410 1842 5469 Vtil-

268 5491 428 5549 gatus
449 5483 547 5534 int.
576 5481 757 5536 aliter.
844 5509 851 5514 -

344 5551 458 5622 (52)
516 5551 732 5622 Patrem
769 5552 1021 5608 omnium.
1081 5551 1171 5608 Sic
1220 5562 1444 5608 vocatur
1476 5553 1615 5608 Deus
1646 5554 1838 5622 Ephes.

275 5634 348 5682 tv,
373 5621 432 5691 _(i.
466 5621 608 5687 Quin
640 5622 808 5691 etiam
838 5622 1038 5676 ethnici
1070 5637 1191 5676 eum
1242 5625 1321 5676 sic
1367 5621 1838 5691 nuncupaverunt,

277 5705 334 5742 Ill
368 5688 537 5761 Plato.
565 5706 631 5745 ac
658 5690 905 5758 Diphilus
957 5692 1197 5748 comicus
1239 5694 1376 5761 apud
1403 5688 1730 5748 Clementem
1786 5695 1838 5748 in

278 5761 456 5829 quinto
491 5760 847 5817 Stromatum.

637 4992 936 5064 (legendum
993 5008 1132 5057 reor,
1169 5012 1188 5042 ι
1233 4993 1429 5064 parcis,
1485 5012 1504 5045 ι
1538 5004 1598 5048 ιιι
1649 4996 1842 5064 legitur

270 5065 322 5116 in
355 5078 461 5116 ms.
503 5061 687 5136 codice
705 5061 1040 5136 bibliotheca:
1073 5071 1282 5136 nostra;
1299 5061 1672 5136 Bononiensis)
1703 5061 1842 5119 ἰθυ-

1926 1914 2032 1958 ate
2070 1918 2173 1957 non
2212 1900 2415 1969 iactum
2472 1897 2920 1956 conservaretur?
2950 1894 3133 1949 Parcis
3164 1904 3338 1948 autem
3373 1908 3488 1947 om-

1928 1995 2103 2057 nibus,
2133 1994 2384 2064 quoniam
2419 1992 2598 2047 omnia
2641 1990 2752 2062 ('50)
2791 2001 2876 2045 tua
2925 1996 3071 2051 sunt,
3100 1987 3317 2041 Domine
3341 2000 3489 2038 ama-

1929 2096 2010 2142 tor
2033 2087 2356 2140 animarum.
2388 2084 2455 2138 Et
2494 2084 2604 2154 (51)
2635 2085 2973 2149 incorruptus
3012 2089 3133 2132 tuus
3155 2077 3384 2147 Spiritus
3410 2091 3492 2130 es.

1929 2180 1979 2233 in
2007 2180 2277 2232 omnibus.
2314 2196 2334 2228 ι
2372 2177 2557 2246 Itaque
2591 2175 2752 2230 Deum
2801 2174 2992 2229 merito
3021 2187 3274 2226 vocamus
3327 2171 3489 2225 etiam

1926 2274 2140 2327 Patrem
2165 2271 2406 2326 omnium
2448 2271 2587 2342 (52),
2623 2271 2724 2325 etsi
2765 2279 2955 2324 natura
2986 2277 3132 2336 pater
3176 2275 3356 2321 noster
3385 2280 3490 2318 non

1927 2366 2017 2430 sit,
2052 2365 2194 2418 sicut
2249 2373 2334 2417 est
2390 2361 2663 2431 Unigeniti
2715 2363 2795 2416 sui
2835 2377 2850 2425 ;
2886 2370 2939 2415 et
2986 2375 3174 2413 rursus
3212 2374 3228 2412 :
3272 2375 3290 2408 ι
3329 2355 3495 2426 Spiri-

1929 2465 2013 2512 tus
2047 2457 2160 2529 (55)
2189 2455 2400 2509 Domini
2441 2455 2668 2522 replevit
2716 2454 2902 2507 orbem
2966 2461 3255 2514 terrarum,
3299 2459 3354 2503 et
3392 2449 3494 2503 hoc

1928 2550 2072 2618 quod
2100 2549 2346 2604 continet
2397 2548 2602 2614 omnia,
2653 2546 2935 2600 scientiam
2980 2543 3143 2598 habet
3189 2541 3398 2594 vocis.»
3437 2539 3493 2591 Id

1930 2650 2107 2696 autem
2134 2640 2359 2711 perinde
2395 2649 2477 2694 est
2503 2653 2567 2693 ac
2602 2639 2644 2692 si
2669 2637 2874 2690 diceret
2906 2651 2920 2686 :
2954 2632 3275 2687 lnvisibilem
3325 2641 3378 2684 et
3413 2629 3496 2683 vi-

1930 2735 2138 2788 sibilem
2167 2742 2494 2798 creaturam,
2514 2729 2900 2799 intelligentem
2924 2737 2978 2780 et
2996 2726 3316 2779 sentientem
3342 2736 3494 2777 com-

1933 2827 2236 2895 prehendit,
2270 2839 2334 2878 ac
2354 2823 2494 2878 nulla
2520 2837 2586 2876 ex
2609 2821 2857 2876 omnibus
2911 2819 3070 2872 rebus
3097 2826 3310 2871 aeterna)
3356 2814 3497 2868 illius

1933 2917 2189 2971 rectionis
2215 2930 2408 2987 expers
2439 2923 2554 2970 est:
2590 2929 2714 2967 nam
2751 2910 2932 2968 omnia
2958 2909 3259 2972 continere,
3287 2906 3391 2959 hoc
3429 2906 3498 2959 si-

1933 3010 2169 3082 gniticat.
2202 3009 2268 3062 Et
2287 3022 2524 3071 omnem,
2551 3007 2740 3076 inquit,
2765 3018 2947 3058 vocem
2974 3001 3337 3066 audit,utpote
3359 2997 3496 3050 Deus

1939 3103 1993 3156 in
2026 3102 2273 3157 omnibus
2297 3101 2498 3169 ubique
2519 3113 2734 3168 semper
2756 3097 3044 3160 exsistens,
3087 3102 3142 3147 et
3167 3090 3497 3146 materialem

1936 3209 2148 3249 omnem
2172 3192 2540 3248 confusionem
2567 3191 2620 3244 in
2646 3189 3051 3244 convenientem
3095 3184 3335 3266 ordinem
3367 3182 3502 3235 redi-

1935 3299 2085 3353 gens,
2114 3293 2170 3337 ct
2201 3284 2286 3347 iis,
2312 3297 2431 3353 qua:
2459 3283 2527 3336 ab
2551 3281 2668 3351 ipso
2697 3280 2835 3334 facta
2864 3288 3008 3342 sunt,
3046 3288 3291 3345 parcens,
3321 3282 3375 3328 et
3407 3287 3502 3327 eo-

1937 3390 2054 3429 rum
2092 3390 2278 3428 curam
2316 3374 2540 3437 habens,
2593 3379 2776 3440 utpote
2805 3370 2894 3438 qui
2940 3369 3054 3438 ipse
3099 3381 3162 3422 ex
3201 3375 3385 3418 natura
3419 3373 3501 3416 est

1942 3463 2282 3533 providentia
2370 3470 2424 3516 et
2478 3460 2744 3529 sapientia
2780 3501 2795 3524 ,
2867 3457 3044 3512 omnia
3112 3453 3498 3521 complectens,

1941 3555 2098 3626 150
2120 3570 2183 3610 ac
2209 3563 2499 3624 penetrans
2533 3550 2665 3624 (54),
2703 3548 3041 3604 sicutPater.
3081 3546 3212 3612 Quis
3241 3545 3382 3598 enim
3419 3550 3500 3596 est

1937 3651 2023 3717 qui
2054 3648 2211 3702 talem
2239 3647 2402 3701 habet
2422 3642 2742 3700 scientiam?
2781 3641 2918 3694 Audi
2960 3649 3071 3692 tum
3120 3653 3186 3690 ex
3233 3636 3367 3690 Isaia
3419 3636 3500 3690 in-

1936 3740 2208 3810 quiente,¢
2237 3737 2470 3807 Spiritus
2496 3733 2863 3806 (55)scientire
2894 3739 2948 3785 et
2985 3727 3266 3799 pietatisp
3307 3735 3413 3778 tum
3433 3739 3500 3778 ex

1941 3830 2136 3883 Davide
2171 3828 2242 3882 ita
2264 3837 2528 3882 canente:
2562 3843 2580 3875 ι
2603 3823 2718 3889 Quo
2742 3821 2852 3892 (56)
2871 3821 2959 3876 ibo
2981 3836 3009 3872 a
3029 3819 3165 3872 facie
3195 3823 3374 3880 tua,et
3396 3827 3500 3882 quo
3587 3847 3591 3852 ~

1939 3937 1967 3975 a
2005 3921 2207 3990 Spiritu
2244 3929 2336 3973 tuo
2370 3916 2607 3986 fugiam?
2637 3934 2656 3966 ›
2680 3913 2816 3980 Quin
2840 3911 3000 3966 etiam
3024 3909 3279 3964 Dominus
3317 3905 3503 3960 utdei-

1943 4024 2106 4068 tatem
2139 4013 2377 4082 Spiritus
2409 4009 2582 4065 sancti
2616 4008 2732 4062 loco
2752 4021 2856 4060 non
2888 4001 3258 4058 circumscribi
3295 4002 3502 4060 doceat,

1939 4107 2031 4161 sed
2059 4105 2219 4158 simul
2243 4114 2296 4158 et
2328 4104 2380 4156 in
2408 4102 2547 4156 caelo
2603 4116 2745 4163 esse,
2791 4108 2845 4152 et
2879 4097 2930 4151 in
2981 4104 3147 4156 terra,
3185 4105 3506 4158 omnemque

1941 4196 2208 4251 creaturis
2237 4192 2615 4249 suﬁicientiam
2659 4189 2769 4261 (5'!)
2802 4185 3240 4242 subministrasse
3268 4193 3502 4247 semper,

1940 4300 1994 4344 et
2024 4289 2460 4349 subministrare,
2487 4284 2566 4338 sic
2610 4282 2852 4351 loquitur
2893 4277 3035 4348 apud
3071 4275 3356 4331 Joannem:
3383 4290 3401 4321 ι
3446 4268 3502 4323 Si

1941 4384 2162 4452 diligitis
2203 4381 2313 4450 (58)
2344 4393 2450 4443 me,
2489 4377 2740 4431 mandata
2776 4388 2892 4427 mea
2935 4378 3161 4425 servate.
3199 4365 3265 4419 Et
3291 4379 3389 4430 ego
3419 4377 3507 4415 ro-

1880 4582 1928 4646 Β
2026 4579 2137 4646 (55)
2166 4577 2412 4643 Spiritus.
2440 4573 2566 4642 Sap.
2602 4588 2640 4634 ι,
2669 4573 2718 4626 7.

2026 4631 2136 4717 (54)
2172 4631 2759 4717 dumia..._pénetrnns.
2814 4640 3010 4717 Eodem
3062 4634 3225 4717 modo
3274 4631 3509 4713 loquitur

1945 4722 1996 4773 in
2022 4703 2421 4770 commentariis
2442 4703 2492 4765 in
2529 4713 2762 4786 Psnlptos
2787 4711 2852 4786 ad
2877 4723 3015 4786 vers.
3055 4703 3300 4786 θρέψω
3334 4717 3456 4786 xxiv
3484 4718 3496 4752 :

1955 4789 2092 4844 ’0δοὶ
2105 4790 2184 4840 Κυ
2194 4787 2304 4856 ρίου
2320 4786 2556 4856 linquit),
2569 4783 2626 4856 αἱ
2643 4781 2814 4856 διοική
2822 4795 2932 4856 σεῄις
2945 4777 3042 4844 τῆς
3057 4775 3507 4856 αύτοῦιπρονοίαςὶ,

1945 4859 2064 4912 καθ’
2087 4858 2151 4920 ἃς
2178 4843 2245 4908 τά
2271 4843 2964 4924 σύμπαντ’άδιακυὸερνᾷ...
2981 4843 3162 4924 ,τρίῆοι
3193 4843 3270 4900 δὲ,
3294 4843 3510 4924 αἱοκατα

1951 4930 2113 5000 μέρος
2129 4914 2442 4996 διοικήσεις,
2457 4923 2523 4976 δι’
2539 4917 2612 4976 ὧν
2628 4914 2814 4990 ὥσπερ
2828 4914 2896 4970 τά
2923 4914 3098 4998 πάντα
3113 4914 3510 5000 διαπορεύεται,

1950 4987 1998 5052 id
2024 4987 2130 5062 est,
2169 5014 2186 5046 ‹
2227 4987 2333 5048 νίζε
2369 4987 3134 5062 Dominisuutdispositiones
3165 4987 3514 5062 providentiae

1949 5054 2138 5137 ipsius,
2177 5081 2272 5134 per
2303 5054 3013 5137 quasomniauguhernat...
3049 5075 3067 5104 )
3103 5054 3322 5109 Semita:
3355 5068 3373 5099 ι
3410 5066 3507 5137 ait:

1951 5121 2054 5192 item
2082 5121 2205 5191 sini
2237 5121 2588 5204 particulares
2629 5121 3028 5200 dispositiones,
3057 5140 3150 5194 per
3179 5137 3312 5193 quas
3349 5121 3511 5174 veluti

1943 5210 2122 5262 omnia
2161 5204 2420 5274 pervadit.
2453 5221 2478 5274 ρ

2022 5277 2132 5349 (55)
2161 5269 2419 5349 Spiritus.
2443 5272 2552 5349 _lsa.
2589 5285 2661 5335 xl,
2689 5269 2744 5322 2.
2988 5337 3019 5349 _
3304 5332 3315 5344 _

2019 5335 2129 5416 (56)
2167 5335 2303 5411 Quo.
2334 5342 2476 5397 Psal.
2504 5353 2767 5406 cxxxvru,
2798 5353 2941 5394 vers.
2988 5337 3042 5390 7.
3096 5335 3265 5391 Biblia
3302 5335 3518 5386 inverso

1947 5421 2156 5471 ordine.

2020 5469 2131 5555 (57)
2198 5482 2589 5555 Sufﬁcientiam.
2629 5480 2741 5535 Vox
2779 5488 2862 5533 est
2895 5478 3108 5531 uibltca.
3159 5478 3280 5555 Vide
3309 5472 3346 5553 ll
3388 5469 3517 5555 (ξων.

1950 5542 2035 5615 ικξ
2061 5542 2125 5617 8,
2167 5555 2255 5607 ubi
2276 5542 2633 5622 ”αύτάρκεια,
2659 5562 2711 5604 et
2742 5565 2858 5616 cap.
2894 5564 2974 5611 ιιι,
3020 5563 3162 5603 vers.
3204 5546 3236 5598 5
3281 5542 3520 5613 ejusdem

1947 5627 2203 5696 t‘pistolze,
2237 5623 2332 5696 ubi
2351 5622 2598 5696 ἱκανότης
2623 5622 2836 5674 dicitur.

2021 5696 2133 5767 (58)
2159 5694 2212 5747 Si
2240 5693 2477 5762 diligitis.
2506 5689 2658 5746 JOan.
2693 5705 2802 5754 λιν,
2837 5689 3016 5743 1547.
