4104 6408
254 342 365 396 515

1317 337 1404 391 DE
1435 333 1810 391 TRINITATE
1848 333 2054 391 LIBER
2094 335 2483 395 SECUNDUS.

3404 336 3513 392 5N

252 457 428 517 κτίσις
449 451 738 506 ἀλλοίωσιν
768 451 1012 523 δέχεται·
1045 450 1186 505 κατὰ
1217 450 1330 515 ἕξιν
1357 451 1477 522 μὲν,
1527 451 1603 516 ὡς
1628 452 1656 503 ὁ
1698 449 1829 503 Ἰού-

1939 453 2294 523 principatum
2337 452 2477 524 (49),
2541 452 2634 509 sed
2686 451 3094 522 dereliquerunt
3145 468 3300 510 suum
3333 455 3508 512 domi-

246 548 344 610 δας
370 546 460 598 τὸν
490 544 764 614 ἀγιασμὸν
785 543 1056 608 ἀπολέσας
1075 555 1090 570 ⁸
1125 542 1218 596 καὶ
1245 543 1321 606 ὼς
1357 543 1567 606 Παῦλος
1601 543 1800 614 γράφει
1820 561 1833 573 ·

251 658 270 690 ι
319 639 388 695 Ἥ
420 637 478 692 δὲ
510 635 846 690 σπαταλῶσα
888 636 1052 707 χήρα,
1085 634 1234 700 ζῶσα
1273 634 1561 705 τέθνηκεν·
1595 653 1615 686 ι
1659 634 1838 687 καίτοι

244 732 365 801 βίον
393 729 634 783 ἀνύουσα
671 729 764 781 τὸν
806 730 866 781 ὲν
899 725 1206 798 ἀνθρώποις
1240 725 1353 780 ἔτι·
1401 728 1520 780 κατ’
1541 726 1730 779 οὐσίαν
1758 725 1835 790 δὲ,

240 825 322 887 ὡς
353 822 705 892 ἀπολήγουσιν.
737 820 837 892 μὲν
871 819 1106 892 πρῶτον,
1139 819 1329 873 ἔπειτα
1370 819 1426 874 δὲ
1466 820 1838 891 μεταπίπτου-

245 930 318 965 σα
351 915 429 974 είς
461 910 781 964 ἀθανασίαν.
817 929 834 960 ι
868 912 958 962 Δεῖ
983 909 1111 982 γάρ,
1145 909 1332 980 φησὶν,
1359 908 1422 961 τὸ
1452 907 1688 979 φθαρτὸν
1715 906 1840 960 τοῦ-

242 1021 312 1057 το
343 1002 665 1057 ἐνδύσασθαι
694 1002 1023 1075 ἀφθαρσίαν,
1057 1002 1148 1055 καὶ
1186 1002 1246 1054 τὺ
1277 1000 1471 1071 θνητὸν
1498 999 1656 1054 τοῦτο
1683 998 1838 1052 ἐνδύ-

251 1095 459 1148 σασθαι
488 1095 803 1150 ἀθανασίαν.
844 1113 862 1146 ι
906 1095 972 1147 ’Π
995 1094 1052 1148 δὲ
1089 1095 1164 1166 μὴ
1192 1094 1384 1166 λογικὴ
1418 1096 1596 1159 κτίσις
1627 1095 1838 1167 τροπὴν

253 1187 540 1258 ὑπομένει,
589 1187 686 1240 καὶ
730 1187 1079 1255 ἀπογίνεται·
1111 1185 1186 1250 ὡς
1232 1187 1391 1258 ἡνίκα
1425 1186 1518 1241 τοῦ
1552 1187 1728 1256 φωτὸς
1757 1189 1838 1251 εἰς

256 1283 469 1345 σκότος,
500 1281 592 1333 καὶ
615 1279 710 1333 τοῦ
740 1278 933 1342 ὓδατος
955 1281 1035 1342 είς
1060 1279 1197 1349 αἷμα
1232 1279 1683 1350 μεταπίπτοντος,
1713 1297 1840 1350 προ-

252 1373 579 1443 εφητεύετο·
613 1391 632 1423 ι
668 1371 817 1442 Αῦτη
856 1374 888 1444 ἡ
918 1372 1201 1436 ἀλλοίωσις
1223 1374 1322 1443 τῆς
1355 1371 1534 1436 δεξιᾶς
1558 1371 1652 1425 τοῦ
1689 1372 1839 1442 Ὑψί-

250 1483 378 1519 στου
405 1483 419 1495 ·
455 1485 474 1516 ι
501 1465 595 1517 καὶ
611 1463 842 1533 ἀλλαχοῦ
864 1481 877 1494 ·
911 1485 929 1516 ι
969 1464 1030 1518 '0
1063 1464 1312 1536 οὐρανὸς,
1350 1465 1536 1535 φησὶν»
1567 1466 1662 1518 καὶ
1693 1467 1726 1535 ἡ
1765 1465 1835 1536 γῆ

244 1556 703 1628 παρελεύσεται.»
736 1555 1124 1628 Προεφητεῦθη
1158 1556 1288 1629 γὰρ,
1320 1557 1394 1622 ὡς
1417 1557 1630 1611 ἔσονται
1661 1558 1838 1610 καινοὶ

236 1651 490 1722 οὐρανοὶ,
514 1650 610 1703 κα).
636 1649 797 1721 καινὴ
827 1650 923 1720 γῆ.
950 1651 1059 1703 Καὶ
1084 1649 1192 1722 γὰρ
1222 1649 1438 1720 ἀληθῶς
1465 1651 1572 1703 πᾶν
1601 1650 1661 1703 τὸ
1686 1650 1838 1716 δεξά-

242 1761 408 1814 μενον
460 1741 656 1815 ἀρχὴν,
707 1741 817 1805 ’ἐξει
853 1741 948 1794 καὶ
1003 1740 1175 1805 τέλος.
1222 1741 1295 1795 Τὸ
1340 1742 1397 1795 δὲ
1454 1740 1609 1810 ἅγιον
1644 1739 1743 1814 [67
1771 1740 1834 1812 ὁ]

1943 545 2146 613 cilium,
2201 546 2433 600 vinculis
2492 546 2709 600 aeternis
2737 545 2838 599 sub
2874 545 3105 615 caligine
3160 549 3511 602 reservavit.»

1947 637 2206 692 Creatura
2237 653 2363 692 vero
2396 653 2514 706 quae
2541 651 2798 714 corporea
2828 636 2986 690 simul
3041 644 3093 691 et
3127 637 3406 691 rationalis
3424 639 3514 702 sit,

1941 729 2289 784 mulationem
2323 729 2504 784 subire
2525 740 2733 798 potest:
2766 728 2943 797 quoad
2990 729 3230 782 habitum
3262 729 3508 797 quidem.

1944 829 2002 872 ut
2032 819 2198 875 Judas
2224 822 2313 888 qui
2351 821 2840 875 sanetilicationem
2865 819 3049 872 amisit
3077 829 3131 872 et
3161 819 3515 874 sicutPaulus

1941 912 2131 966 Scribit
2158 910 2274 981 (50)
2307 931 2321 966 :
2358 931 2376 964 ι
2403 914 2531 980 Quae
2564 924 2740 966 autem
2774 912 2825 965 in
2867 909 3074 964 deliciis
3105 919 3188 963 est
3225 911 3406 974 vidua,
3437 911 3515 963 vi-

1939 1020 2075 1058 Vens
2106 995 2313 1058 mortua
2348 1016 2485 1068 est,»
2518 1004 2765 1074 quamvis
2791 1018 2854 1056 ea
2894 1002 3036 1056 inter
3069 1003 3312 1057 homines
3337 1003 3515 1056 adhuc

1941 1099 2105 1151 vitam
2137 1109 2296 1165 agat;
2325 1099 2501 1167 quoad
2544 1095 2906 1151 substantiam
2930 1109 3078 1159 vero,
3105 1104 3370 1164 quatenus
3399 1094 3514 1164 pri-

1941 1205 2090 1243 mum
2147 1189 2368 1258 quidem
2412 1190 2659 1255 moritur,
2709 1190 2906 1244 deinde
2947 1190 3013 1243 ad
3053 1187 3514 1242 immortalitatem

1941 1281 2158 1335 transit.
2193 1301 2210 1333 ι
2242 1281 2466 1350 Oportet
2514 1283 2710 1345 enim,»
2749 1282 2921 1351 inquit
2949 1277 3194 1354 [Paulus]
3223 1278 3370 1352 (51)(
3395 1293 3516 1332 cor-

1941 1373 2191 1442 ruptibile
2227 1374 2329 1428 hoc
2385 1374 2608 1428 induere
2664 1375 3119 1443 incorruptionem
3175 1382 3228 1426 et
3290 1369 3515 1424 mortale

1939 1461 2042 1515 hoc
2077 1464 2297 1516 induere
2338 1462 2824 1517 immortalitatem.
2856 1482 2875 1514 ι
2919 1461 3178 1517 Creatura
3216 1470 3394 1514 autem
3430 1476 3515 1512 ra-

1940 1555 2085 1608 tione
2110 1555 2364 1609 destituta
2405 1556 2688 1608 mutationi
2713 1554 2999 1622 subjicitur
3028 1564 3082 1608 et
3115 1553 3511 1622 corrumpitur:

1939 1657 1997 1700 ut
2022 1647 2241 1715 quando
2269 1648 2389 1701 luce
2420 1648 2473 1700 in
2503 1648 2772 1712 tenebras,
2829 1659 2881 1702 et
2917 1663 3054 1716 aqua
3099 1648 3150 1700 iu
3198 1646 3513 1710 sanguinem

1939 1750 2227 1800 Conversa,
2253 1737 2458 1790 dictum
2490 1745 2569 1790 est
2607 1751 2636 1789 a
2670 1735 2935 1806 Propheta
2967 1755 2980 1789 :
3039 1753 3058 1786 ι
3107 1735 3229 1789 Haec
3256 1734 3367 1804 (59.)
3399 1749 3514 1787 mu-

239 1836 498 1906 Πνεῦμα,
539 1836 635 1889 ac;
674 1835 772 1906 τῆς
813 1835 1074 1906 ἀρρήτου,
1125 1836 1220 1888 καὶ
1259 1835 1475 1889 πάντων
1508 1835 1835 1907 ἐπικρατού-

1941 1825 2076 1879 tatio
2108 1825 2345 1879 dexterae
2379 1825 2666 1887 Εχνειεὶμ
2699 1835 2753 1879 et
2789 1824 2951 1878 alibi:
2985 1843 3004 1876 ι
3044 1823 3251 1879 Οωιιιιιι
3279 1823 3513 1893 (55),in-

239 1945 346 1998 σης
377 1927 628 1990 αίωνίου,
659 1928 750 1980 κα).
779 1927 1054 1998 ἀφθάρτου
1088 1926 1303 1996 φύσεως
1333 1927 1597 1998 ὑπάρχον,
1629 1927 1722 1979 καὶ
1750 1925 1836 1978 ἀεὶ

237 2016 512 2079 ὡσαύτως
537 2017 633 2070 καὶ
668 2015 809 2070 κατά
830 2017 897 2069 τὰ
930 2016 1067 2070 αὖτά
1089 2016 1246 2086 ἕχον·
1280 2015 1439 2087 μόνον
1476 2034 1534 2068 τε
1569 2016 1707 2075 Silio;
1741 2017 1836 2069 καὶ

240 2107 435 2160 ποιοῦν
461 2107 532 2161 τά
567 2107 663 2162 τοῦ
693 2108 827 2162 Θεοῦ
849 2127 863 2140 ·
887 2110 980 2162 καὶ
1006 2126 1141 2180 φρου
1153 2109 1372 2180 ρητικὺν
1405 2111 1620 2163 πάντων
1648 2109 1706 2160 ὃν
1729 2109 1836 2160 τῶν

236 2217 301 2252 τε
337 2199 580 2269 λογικῶν
617 2201 711 2254 καὶ
743 2201 842 2272 τὴν
863 2200 1042 2252 πίστιν
1077 2199 1317 2264 τελείων,
1346 2199 1452 2253 τῶν
1491 2217 1549 2252 τε
1589 2199 1662 2270 μὴ
1687 2199 1834 2266 λογι-

237 2289 380 2353 κῶν,
403 2291 512 2353 ἓως
543 2289 639 2343 τοῦ
680 2289 923 2354 δοθέντος
960 2294 1074 2354 τοῖς
1116 2291 1191 2362 μὴ
1221 2291 1457 2359 λογικοῖς
1495 2292 1622 2360 ὅρου
1647 2291 1746 2359 τῆς
1779 2291 1835 2341 ἐν

236 2382 542 2452 ταυτότητι
598 2382 883 2453 διαμονῆς·
930 2382 1091 2452 φύσει
1131 2383 1225 2436 καὶ
1274 2383 1590 2454 προαιρέσει
1630 2382 1836 2453 τροπῆς

237 2478 337 2529 καὶ
409 2474 716 2546 μεταϐολῆς
772 2475 1118 2528 ἀνεπίδεκτον
1171 2474 1545 2543 καθέστηκεν,
1601 2476 1629 2528 ὃ
1689 2475 1835 2526 ἐστιν

238 2566 550 2636 ἄφθαρτον.
595 2565 668 2618 Τὸ
703 2565 760 2618 δὲ
798 2565 1082 2636 ἄτρεπτον,
1126 2567 1287 2636 ᾕτουν
1327 2565 1624 2637 ἄφθαρτον,
1672 2567 1834 2631 εὐθὺς

240 2661 506 2729 ἄναρχον,
539 2657 894 2728 ἀτελεύτητον
937 2658 1031 2710 καὶ
1070 2657 1430 2727 ὑπεραιὼνιόν
1472 2661 1636 2712 ἐστιν.
1675 2658 1744 2712 Τὸ
1779 2661 1834 2716 δὲ

241 2754 506 2822 ἄναρχον,
555 2748 902 2820 δημιουργὸς,
945 2749 1036 2801 καὶ
1068 2750 1128 2801 οὐ
1157 2750 1564 2822 δημιούργημα.
1597 2753 1689 2804 Διὸ
1736 2770 1835 2804 κυ-

245 2842 383 2913 ρίως
417 2841 571 2909 λέγει
617 2843 649 2910 ἠ
686 2841 784 2910 μὲν
811 2841 1145 2920 Σοερίαχιτὸ
1175 2841 1450 2914 ἄφθαρτον
1487 2861 1578 2896 σου
1611 2844 1836 2914 Πνεῦμα

241 2936 394 2987 ἐστὶν
421 2935 480 2985 ἐν
499 2934 733 2986 πᾶσινοι
766 2934 794 2986 ὁ
819 2934 874 2986 δὲ
895 2934 1127 3004 Πέτρος·
1166 2952 1183 2983 ι
1226 2935 1312 2987 Ἑν
1342 2934 1418 3006 τῷ
1449 2936 1709 3006 ἀφθάρτῳ
1741 2935 1833 2989 τοῦ

245 3027 454 3098 πραέος
485 3028 582 3080 καὶ
618 3027 843 3098 ἡσυχίου
888 3027 1222 3096 Πνεύματος.
1263 3047 1281 3078 ι
1337 3028 1492 3081 Οῦτω
1530 3028 1637 3098 γὰρ
1682 3030 1774 3081 καὶ
1808 3032 1836 3082 ὁ

244 3121 442 3190 Πατὴρ
492 3119 607 3182 ἴσος
660 3119 823 3182 αὐτὸς
862 3119 1038 3191 ἐαυτῷ
1069 3121 1164 3173 καὶ
1197 3120 1380 3189 ὅμοιος
1427 3120 1515 3172 ἀεὶ
1550 3120 1831 3191 ὑπάρχων,
1862 3163 1903 3220 C

249 3213 376 3281 μήτ’
427 3211 635 3263 ἔνδοσιν
670 3209 806 3281 πρὸς
840 3209 899 3262 τὸ
933 3214 1134 3282 χεῖρον,
1169 3211 1294 3281 μήτ’
1319 3211 1567 3263 ἐπίτασιν
1605 3211 1740 3281 πρὸς
1771 3211 1833 3264 τὸ

252 3303 460 3372 βέλτιον
483 3303 797 3372 δεχόμενος,
823 3303 1054 3372 ἦκουσεν
1098 3302 1203 3356 ὑπὸ
1243 3301 1495 3355 Ἰακώϐου
1517 3321 1530 3335 ·
1570 3322 1588 3353 ι
1622 3305 1757 3376 Παρ’
1789 3297 1834 3371 ᾧ

253 3397 356 3448 οὒκ
409 3396 486 3447 ἔνι
539 3393 886 3466 παραλλαγὴ,
923 3395 955 3466 ἢ
1000 3396 1205 3467 τροπῆς
1251 3396 1606 3467 ἀποσκίασμα
1631 3412 1645 3425 ·
1682 3416 1700 3448 ι
1740 3397 1833 3449 καὶ

254 3487 412 3555 παρά
456 3487 661 3540 Παύλου
685 3505 699 3519 ·
762 3507 780 3539 ι
836 3486 1156 3559 Ἀφθάρτῳ,
1203 3489 1439 3560 ἀοράτῳ,
1478 3489 1622 3560 μόνῳ
1684 3487 1832 3559 σοφῷ

253 3575 409 3646 Θεῷ·
448 3594 464 3627 ι
497 3577 554 3629 ὃν
580 3579 778 3649 τρόπον
811 3579 904 3632 καὶ
932 3581 960 3632 ὁ
993 3579 1119 3642 Υίὸς
1145 3582 1202 3633 ἐν
1242 3587 1324 3652 ρα¹
1355 3579 1554 3651 ψαλμῷ
1600 3582 1828 3652 ὲμαρτυ-

257 3666 402 3738 ρήθη
429 3684 442 3697 ’
489 3688 506 3721 ι
543 3670 608 3723 Σὺ
645 3668 726 3734 δὲ,
762 3669 954 3740 Κύριε,
985 3673 1065 3735 εἰς
1107 3671 1195 3727 τὸν
1223 3670 1395 3724 αἰῶνα
1431 3671 1611 3742 μένεις
1635 3689 1648 3701 ·
1688 3691 1706 3724 ι
1745 3671 1837 3725 καὶ

252 3759 449 3813 πάλιν·
484 3779 502 3812 ι
539 3762 674 3815 Κατ’
708 3761 884 3832 ἀρχὰς
923 3762 1022 3833 τὴν
1064 3763 1171 3833 γῆν
1198 3764 1283 3828 σὺ,
1317 3765 1510 3834 Κύριε,
1542 3763 1837 3833 ἐθεμελίω-

247 3869 370 3914 σας,
413 3853 511 3906 καὶ
559 3853 695 3927 ἔργα
724 3854 837 3908 τῶν
868 3855 1067 3925 χειρῶν
1099 3873 1189 3909 σου
1221 3857 1356 3910 εἰσὶν
1388 3859 1434 3909 οἱ
1468 3856 1706 3928 οὐρανοί.
1737 3857 1836 3910 Αὐ-

239 3945 326 3997 τοὶ
351 3944 704 4009 ἀπολοῦνται,
737 3948 800 3999 σὺ
835 3947 890 4000 δὲ
923 3947 1196 4018 διαμένεις
1217 3965 1230 3978 ·
1256 3949 1350 4002 καὶ
1377 3949 1580 4012 πάντες
1611 3947 1686 4010 ὠς
1717 3949 1838 4018 ἰμά-

240 4051 358 4090 τιον
391 4037 868 4093 παλαιωθήσονται
928 4041 1021 4095 καὶ
1072 4041 1203 4094 ὡσεὶ
1239 4041 1581 4114 περιϐόλαιον
1621 4039 1835 4108 εἱλίξεις

245 4228 459 4277 magna:
489 4213 617 4270 diei.
649 4234 668 4264 ι
715 4215 836 4268 inde
883 4218 986 4270 huc
1027 4217 1382 4285 irrepserunt.
1437 4219 1622 4274 Gra'r-a
1672 4223 1836 4275 editio

245 4287 299 4338 iu
333 4287 438 4363 [me
475 4286 618 4338 Petri
648 4286 771 4363 loco
791 4287 949 4340 habet
974 4305 987 4340 :
1017 4289 1336 4363 Παρέδωκεν
1366 4293 1445 4355 εἰς
1473 4292 1651 4360 κρίσιν
1685 4309 1838 4363 τετη-

245 4354 546 4430 ρημένους,
585 4373 697 4430 pro,
728 4358 807 4419 είς
841 4374 891 4410 κ.
926 4375 981 4427 μ.
1019 4361 1071 4429 ἠ.
1104 4354 1428 4430 τετήρηκεν.

321 4425 436 4495 (49)
469 4426 864 4495 Angeiasque...
890 4425 1259 4498 principatum.
1297 4425 1392 4498 Ep.
1413 4431 1584 4492 Judaa.
1611 4448 1754 4488 vers.
1777 4433 1830 4488 6.

1944 1917 2078 1983 quit,
2127 1927 2182 1969 et
2228 1927 2374 1969 terra
2428 1917 2700 1970 transibit.
2729 1937 2746 1968 ι
2792 1915 3176 1986 Prophetatum
3229 1926 3312 1969 est
3345 1917 3514 1983 enim,

1939 2008 2053 2061 fore
2089 2027 2107 2059 ι
2131 2009 2298 2063 ρωιοε
2327 2008 2436 2078 (5i)
2467 2023 2666 2074 novos,
2719 2019 2773 2063 et
2826 2019 3022 2062 terram
3077 2023 3286 2061 novam.
3321 2028 3339 2059 ι
3379 2007 3511 2061 Nam

1938 2117 2122 2154 revera
2155 2097 2414 2170 quidquid
2448 2103 2657 2156 initium
2712 2102 2938 2170 accepit,
2996 2101 3213 2156 habebit
3250 2101 3411 2154 etiam
3451 2101 3542 2156 lim

1938 2209 2058 2246 nem
2086 2192 2219 2262 (55).
2252 2193 2487 2262 Spiritus
2517 2204 2695 2248 autent
2733 2201 2954 2248 sanctus
2987 2193 3142 2263 152
3179 2207 3300 2247 cum
3329 2191 3514 2246 ineﬂ'ao

1938 2284 2120 2347 bilem.
2151 2296 2204 2339 et
2236 2302 2412 2338 rerum
2438 2287 2680 2340 omnium
2711 2287 3018 2350 dominam,
3058 2287 3439 2355 sempiternam
3459 2291 3514 2340 et

1938 2374 2406 2443 imtorruptibiletn
2442 2388 2692 2429 naturam
2734 2378 2951 2443 habeat,
2982 2388 3036 2430 et
3079 2392 3186 2430 uno
3213 2376 3512 2444 eodemque

1937 2483 2153 2537 semper
2183 2471 2343 2523 modo
2390 2471 2639 2536 exsistat,
2685 2481 2740 2523 et
2794 2471 2939 2523 solus
2975 2485 3036 2522 ea
3090 2485 3210 2536 qua:
3241 2480 3362 2522 sunt
3395 2469 3511 2528 Dei.

1939 2563 2102 2624 norit,
2125 2571 2176 2613 et
2200 2561 2382 2629 faciat,
2414 2571 2469 2615 et
2496 2562 2676 2616 omnia
2712 2575 2835 2614 cum
2882 2561 3194 2622 rationalia,
3248 2568 3302 2613 et
3333 2575 3426 2627 per
3451 2560 3510 2611 ll-

1937 2658 2055 2709 (Ietll
2099 2654 2332 2722 perfecta
2359 2695 2375 2719 ,
2423 2663 2535 2707 tum
2580 2651 2912 2706 irrationalia
2972 2661 3176 2704 tutetur
3238 2663 3407 2718 usque
3445 2649 3513 2705 ad

1937 2749 2275 2819 assignatum
2317 2750 2406 2812 iis,
2431 2763 2550 2816 qua:
2603 2745 2884 2800 rationalia
2943 2759 3048 2797 non
3105 2752 3250 2808 sunt,
3287 2743 3510 2797 limitem

1936 2840 2356 2912 perseverantiae
2392 2840 2444 2892 in
2504 2839 2822 2902 identitate;
2868 2836 3072 2891 ideirco
3104 2851 3170 2889 ex
3218 2846 3431 2898 natura,
3460 2842 3517 2889 et

1936 2934 2212 2988 voluntate
2232 2950 2328 2986 sua
2352 2926 2766 2995 conversionis,
2815 2937 2869 2983 et
2923 2928 3239 2982 mutationis
3285 2929 3515 2996 incaan

1937 3037 2041 3088 est,
2071 3025 2118 3078 id
2150 3035 2254 3088 est,
2289 3023 2732 3092 incorruptibilis.
2787 3021 2938 3088 Quod
2965 3032 3140 3074 autem
3157 3020 3512 3075 estimmuta-

1938 3119 2064 3183 bile,
2125 3118 2240 3170 sive
2299 3117 2733 3185 incorruptibile,
2775 3124 2858 3169 est
2912 3115 3075 3168 etiam
3111 3114 3246 3167 initii
3284 3123 3339 3167 et
3390 3113 3516 3167 linis

1940 3225 2152 3278 espers,
2183 3220 2232 3262 et
2261 3209 2543 3263 excellenti
2572 3210 2729 3262 modo
2753 3209 3166 3275 sempiternum.
3215 3205 3363 3272 Quod
3387 3221 3515 3260 vero

1940 3312 2021 3356 est
2051 3312 2335 3367 arternum,
2374 3311 2588 3354 creator
2633 3310 2736 3364 est,
2774 3314 2875 3352 non
2927 3311 3194 3353 creatura.
3247 3299 3512 3366 Quocirca

1940 3392 2155 3463 proprie
2190 3392 2427 3460 loquitur
2463 3403 2574 3444 tum
2631 3390 2905 3458 Sapientia
2960 3390 3251 3458 inquiens:
3283 3408 3300 3440 ι
3339 3390 3514 3442 incor-

1944 3485 2213 3554 ruptibilis
2249 3484 2366 3554 (56)
2405 3495 2526 3537 tuus
2565 3482 2801 3551 Spiritus
2853 3492 2936 3534 est
2966 3482 3321 3543 inmunibus;
3357 3499 3374 3531 ι
3402 3492 3509 3533 tum

1940 3577 2152 3642 Petrus,
2183 3592 2305 3632 cum
2333 3576 2452 3630 ait:
2510 3593 2528 3626 ι
2569 3559 2624 3628 In
2675 3574 3186 3641 incorruptibilitate
3249 3573 3366 3642 (57)
3406 3572 3514 3626 cle-

1941 3673 2138 3724 mentis
2168 3679 2220 3724 et
2254 3668 2423 3736 quieti
2482 3666 2738 3736 Spiritus.
2772 3684 2790 3718 ι
2820 3665 2994 3719 Simili
3036 3665 3178 3718 enim
3221 3665 3428 3718 ratione
3447 3665 3513 3717 de

1938 3761 2100 3818 Patre
2128 3775 2362 3831 quoque,
2388 3774 2510 3813 cum
2548 3759 2762 3813 sibimet
2792 3758 2904 3827 ipse
2943 3773 3157 3826 semper
3200 3755 3425 3824 aequalis
3458 3765 3514 3809 et

1937 3854 2129 3910 similis
2150 3853 2397 3912 exsistat.
2435 3866 2614 3921 neque
2644 3849 2978 3905 remissionis
3019 3849 3074 3903 in
3128 3849 3386 3911 deterius,
3415 3862 3512 3901 ue-

1937 3964 2044 4019 que
2074 3948 2394 4003 intensionis
2427 3946 2480 3999 iu
2536 3945 2730 3999 melius
2784 3957 2953 4012 capax
2989 3943 3081 4007 sit,
3114 3941 3313 3995 dictum
3351 3937 3449 3992 fuit
3481 3953 3512 3992 a

1935 4040 2180 4098 Jacobo:
2218 4039 2411 4110 «Apud
2443 4036 2554 4110 (58)
2586 4052 2746 4108 quem
2795 4053 2902 4094 non
2957 4045 3040 4090 est
3110 4031 3511 4098 transmutatio,

1946 4223 2242 4277 dictaverat
2272 4241 2285 4277 :
2317 4236 2545 4292 quorum
2582 4218 2803 4292 “aliqua
2873 4233 2939 4272 ex
3002 4233 3167 4292 num._
3215 4216 3282 4270 12
3340 4215 3512 4292 placet

1941 4294 2270 4347 exscribere.
2328 4288 2613 4360 (Capabili
2665 4291 2861 4358 quippe
2887 4331 2901 4353 ,
2934 4307 2952 4339 ι
3023 4289 3229 4356 inquit,
3285 4288 3507 4338 «statim

1943 4363 2372 4426 inconvertibile,
2407 4374 2462 4416 et
2501 4360 2898 4415 inconvertibili
2929 4371 3187 4411 aeternum
3213 4368 3294 4411 est
3316 4372 3509 4409 conse-

1941 4450 2113 4500 quens
2140 4451 2155 4488 :
2192 4435 2459 4502 quomodo
2489 4448 2518 4487 e
2549 4433 2823 4486 contrario
2850 4429 3083 4496 capienti
3111 4427 3497 4502 _con_\ertibile,

247 4495 375 4585 rust
395 4511 614 4585 Vocem,
638 4517 654 4546 ι
675 4495 1022 4585 domicilium,
1049 4495 1710 4585 r‘GraccaeditiumtVulg.
1738 4507 1836 4558 iul.
1871 4526 1914 4580 ι)
1942 4495 2002 4585 (ἐι-
2024 4495 2318 4585 [ροειιίὶηω
2379 4513 2470 4557 «ει
2494 4521 2512 4553 ι
2563 4505 2701 4556 addo
2723 4517 2787 4552 ea:
2823 4495 3233 4585 itaitrolcodice]
3280 4513 3507 4550 conver-

248 4568 455 4642 b-nnent
504 4570 667 4618 verba
709 4568 816 4630 illa,
858 4585 876 4618 ι
909 4569 958 4620 in
994 4573 1254 4636 judicium
1299 4587 1503 4642 magna:
1545 4568 1716 4638 dieiI:
1771 4579 1838 4630 de

249 4638 451 4706 quibus
482 4646 608 4706 nota
643 4642 938 4705 superiore.

321 4708 436 4774 (5η)
491 4707 508 4759 l
545 4705 683 4762 Titii.
711 4703 768 4769 7V,
796 4710 848 4761 6.
1044 4703 1067 4730 ⁸

322 4777 440 4845 (fil)
494 4777 509 4830 I
538 4777 662 4829 Cor.
705 4794 790 4838 xv,
819 4778 907 4832 55.

322 4847 438 4922 (ξιξ)
499 4846 646 4922 ᾔτεε.
676 4846 816 4922 Psal.
848 4865 1028 4914 Lxxvr,
1067 4867 1209 4904 vers.
1239 4852 1305 4906 10
1334 4852 1478 4922 (sive
1514 4854 1571 4906 Η
1601 4856 1639 4922 ).
1723 4855 1730 4862 ’

279 4990 296 5002 .
323 4917 441 5001 (ᾇῦ)
488 4916 707 4971 Cretum.
741 4919 908 4971 Marc.
946 4938 1061 4984 λιιι,
1088 4922 1175 4976 '51.
1212 4916 1396 4977 Gra:ea
1440 4916 1627 4990 editio,
1694 4943 1836 4997 παρ-

250 5006 372 5043 μευ
381 5004 586 5041 σονται.

325 5058 440 5124 (54)
492 5056 633 5114 Fore
679 5059 850 5114 caelos.
891 5058 992 5114 lsa.
1037 5079 1162 5124 va,
1211 5062 1279 5116 17
1320 5073 1373 5116 et
1401 5079 1544 5129 uri,
1574 5064 1666 5119 92.
1699 5065 1833 5122 Vide

255 5133 430 5202 etiam,
457 5129 630 5202 Epist.
663 5129 707 5184 ll
738 5130 886 5185 Petr.
917 5149 1000 5196 tu,
1026 5134 1114 5199 15,
1148 5144 1202 5186 et
1237 5136 1402 5201 Apoc.
1436 5150 1548 5202 ut,
1577 5137 1630 5190 1.

328 5200 445 5269 (55)
490 5197 732 5272 Habebit.
761 5241 778 5256 .
805 5240 820 5255 .
861 5203 1037 5269 linem.
1073 5197 1147 5257 De
1183 5197 1466 5272 spirituum
1514 5197 1832 5260 immortali-

260 5282 369 5346 tate
400 5271 763 5346 _c_|arius_alibi
801 5273 1034 5346 loquitur
1062 5274 1337 5346 Didymus,
1373 5291 1533 5344 quam
1571 5287 1627 5328 ιιι
1653 5279 1828 5346 suspi-

258 5343 368 5394 cari
399 5341 579 5404 liceat,
610 5342 781 5408 ipsum
806 5343 1040 5411 generali
1075 5341 1174 5398 hoc
1205 5341 1473 5398 aximnhte
1503 5346 1643 5398 illam
1675 5341 1822 5399 ever-

258 5423 416 5485 tere,_
444 5422 538 5464 aut
583 5413 812 5485 inliciari
850 5414 1101 5470 voluisse.
1153 5415 1531 5484 lutelltgeudus
1577 5434 1705 5485 ergo
1745 5426 1829 5471 est

257 5484 340 5535 rel
387 5483 454 5537 de
502 5483 920 5554 aspectabilibus
970 5486 1253 5549 creaturis,
1301 5483 1384 5539 vel
1436 5486 1611 5554 potius
1645 5483 1718 5540 de
1763 5503 1827 5542 eo

256 5554 384 5616 (ine,
443 5555 544 5628 qui
599 5553 732 5604 nihil
783 5553 924 5607 aliud
978 5558 1276 5628 Siqumiltl
1320 5553 1492 5628 τροπή
1553 5557 1676 5628 illa,
1730 5573 1824 5611 seu

260 5627 656 5696 «conversion
715 5635 809 5676 aut
871 5627 1218 5685 «mutatio.»
1272 5643 1430 5694 quam
1495 5627 1651 5696 paulo
1702 5637 1826 5683 ante

257 5707 413 5744 sensu
457 5695 999 5765 tnetapborico,aut
1040 5699 1218 5765 potius
1256 5695 1568 5758 dialectico.
1629 5716 1647 5748 ι
1674 5713 1822 5750 mor-

260 5773 407 5838 tem»
462 5780 683 5833 quoque
735 5764 1048 5838 appellavit.
1099 5767 1287 5820 Mirum
1343 5769 1393 5819 in
1432 5768 1650 5838 illiOlilllll
1712 5768 1822 5821 lucc

263 5832 593 5889 illustrantur
626 5851 694 5888 ex
731 5836 823 5902 iis,
869 5850 985 5904 qua:
1016 5854 1065 5889 ιιι
1099 5837 1234 5890 libro
1279 5838 1354 5891 De
1406 5837 1602 5906 Spiritu
1642 5851 1820 5892 sancto

1947 4569 2080 4628 libili
2116 4575 2347 4628 creabile
2377 4575 2714 4641 subsequens
2739 4581 2841 4623 est.
2878 4569 3017 4622 Nihil
3047 4585 3176 4634 ergo
3200 4571 3509 4641 decr-emu-

1943 4644 2020 4699 ris
2045 4644 2474 4706 inconvertibile,
2509 4639 2726 4711 propter
2746 4641 2886 4710 quod
2920 4655 3093 4707 neque
3115 4639 3502 4711 sempiternum

1939 4725 2023 4785 est
2067 4713 2220 4785 [9017,
2271 4733 2288 4764 ι
2313 4724 2416 4774 est,
2441 4734 2459 4765 ι
2490 4707 2627 4766 deest
2655 4714 2707 4765 in
2732 4707 2905 4763 nostra
2923 4707 3153 4785 codice].
3187 4708 3300 4762 Non
3333 4707 3506 4785 solum

1941 4779 2105 4853 igitur
2135 4786 2278 4853 quod
2315 4787 2363 4837 iu
2400 4785 2706 4837 hominibus
2727 4792 2810 4834 est
2837 4781 3122 4853 rationale.
3170 4779 3502 4853 convertitur

1939 4849 1994 4908 et
2028 4849 2264 4919 creatur,
2298 4871 2480 4908 verum
2515 4855 2676 4907 etiam
2709 4854 2759 4905 in
2793 4851 3040 4904 orituibus
3087 4851 3347 4903 creaturis
3392 4849 3506 4902 luet:

1940 4925 2128 4978 eadem
2185 4926 2469 4978 conversio
2532 4924 2814 4992 reperitur.
2890 4919 3029 4992 Nam
3078 4932 3130 4972 et
3186 4919 3496 4989 angelorum

1939 4996 2324 5049 conversiones
2345 5007 2396 5047 et
2431 4991 2614 5047 ruinas
2640 4993 2818 5046 divina
2852 4991 3061 5058 eloquia
3099 4992 3493 5043 demonstraui.

1938 5063 2088 5119 Livet
2118 5067 2258 5118 enim
2289 5065 2573 5118 multitudo
2609 5063 2917 5132 angelorum
2944 5101 2958 5113 .
2982 5100 2997 5115 .
3027 5101 3042 5115 .
3071 5063 3121 5114 in
3169 5062 3498 5132 beatitudine

1936 5144 1988 5188 et
2018 5136 2371 5190 sanctimonia
2407 5129 2752 5202 perseverent
2779 5150 2795 5185 z
2823 5143 3000 5184 tamen
3034 5148 3157 5202 cum
3213 5147 3275 5185 ea
3321 5129 3500 5202 [edim

1936 5206 2256 5270 exemplaria
2299 5201 2518 5267 habent,
2567 5221 2733 5258 tcum
2783 5205 2834 5255 in
2885 5217 2966 5264 ea,
2997 5222 3016 5254 ι
3070 5201 3161 5255 sed
3219 5201 3502 5271 particula,

1941 5294 1958 5324 ι
1994 5277 2108 5341 in,»
2157 5292 2311 5342 quam
2367 5277 2528 5328 codex
2579 5287 2750 5328 noster
2785 5289 2884 5326 non
2937 5273 3119 5333 habet,
3171 5276 3378 5325 omnino
3429 5280 3504 5322 ert

1933 5350 2270 5414 expungenda
2293 5361 2312 5397 :
2341 5347 2646 5398 sententiam
2689 5346 2844 5414 enim,
2886 5344 3081 5410 alioqui
3111 5345 3239 5395 satis
3282 5346 3505 5405 claram,

1932 5412 2227 5482 perplexum
2262 5418 2453 5478 reddit,
2476 5428 2521 5468 et
2546 5412 2832 5481 salinum]
2863 5431 2880 5460 ι
2907 5429 3023 5478 qum
3047 5416 3269 5464 sinulmn
3307 5414 3507 5463 habent

1934 5497 2205 5550 naturam,
2250 5502 2511 5540 conversa
2564 5490 2708 5548 sint,
2757 5486 2989 5537 dilucide
3032 5486 3354 5546 ostenditur,
3384 5505 3399 5532 ι
3453 5489 3508 5536 et

1933 5557 2162 5621 reliqua.

2003 5626 2114 5694 (56)
2186 5625 2624 5694 Incorrnptibilis.
2691 5625 2818 5694 Sap.
2871 5640 2968 5688 xu,
3018 5626 3068 5678 1.
3110 5624 3241 5679 Vide
3293 5633 3402 5677 not.
3445 5621 3506 5688 ἕ,

1927 5713 2047 5766 pag.
2078 5695 2165 5750 ‘28.

1999 5767 2110 5835 (57)
2145 5767 2206 5820 In
2239 5768 2748 5834 incorruptibilitate.
2782 5769 2801 5824 1
2845 5771 2988 5828 Petr.
3023 5784 3100 5834 ιιι,
3130 5767 3181 5822 4.

2147 5842 2316 5908 Apud.
2352 5839 2410 5891 Δ..
2452 5879 2464 5892 .
2505 5841 2658 5906 ι,17.
