4104 6408
622 279 728 335 515
1847 269 2083 326 ΒΙΟΥΜΙ
2119 268 2191 323 Al

2294 268 2588 325 ,ΑΝῡιιιΝι
3751 273 3868 330 5H3-

617 401 794 458 neque
818 383 1187 441 conversionis
1219 384 1596 449 obumbratio;
1633 402 1650 436 ι
1673 394 1726 438 et
1751 398 1779 436 a
1810 382 1974 436 Paulo
2005 397 2017 433 :
2058 397 2076 430 ι
2103 379 2183 433 ln-

2294 380 2501 444 ιιὺτοὺς,
2540 379 2634 434 καὶ
2663 379 3074 453 ἀλλαγήσονται·
3107 381 3170 434 σὺ
3195 381 3253 434 δὲ
3288 383 3317 434 ό
3348 382 3508 446 αὐτὸς
3538 383 3642 450 ἀεὶ,
3671 388 3767 440 καὶ
3799 385 3877 445 τὰ

619 476 956 546 corruptibili
1008 475 1146 546 (59'),
1196 476 1471 540 invisibili,
1528 475 1626 530 soli
1676 475 1928 544 sapienti,
1993 471 2122 525 Deo.
2159 488 2177 522 ι

2294 470 2384 542 ἔτη
2421 489 2512 524 σου
2536 472 2634 524 οὑκ
2657 471 3011 541 ἐκλείψουσιν.
3047 491 3065 523 ι

616 569 1078 636 Quemadmodum
1119 569 1283 622 etiam
1320 570 1385 624 de
1438 568 1574 623 Filio
1625 567 1678 621 in
1711 567 1916 637 psalmo
1956 580 2005 620 Cl
2050 573 2272 618 testatur
2328 563 2583 618 Psaltes:
2625 583 2642 615 ι
2673 565 2753 620 Tu
2785 576 2963 619 autem
3011 564 3146 635 (60),
3214 565 3460 632 Domine,
3507 565 3559 620 in
3605 574 3879 621 aeternum

617 677 836 726 manes;
871 680 888 712 ι
931 672 986 713 et
1043 674 1273 714 rursus:
1335 678 1351 710 ι
1387 658 1543 713 lnitio
1571 657 1680 728 (6!)
1728 667 1925 712 terram
1965 665 2045 721 tu,
2080 654 2324 718 Domine,
2361 653 2616 722 fundasti,
2671 665 2724 710 et
2780 671 2944 725 opera
3006 672 3265 711 manuum
3291 668 3504 711 tuarum
3541 667 3666 711 sunt
3719 659 3875 713 caeli-

621 758 727 828 lpsi
764 758 1030 826 peribunt,
1067 769 1120 810 tu
1160 766 1338 808 autem
1372 767 1674 822 permanes,
1725 763 1778 806 et
1817 766 2005 808 onmes
2044 753 2185 822 sicut
2220 752 2600 806 vestimentum
2644 761 3018 814 veterascent,
3073 760 3128 804 et
3188 752 3325 806 sicut
3391 753 3722 822 Opertorium
3793 754 3878 807 ia-

620 852 805 906 volves
838 851 978 913 illos,
1012 862 1065 904 et
1088 849 1438 902 mutabuntur
1469 865 1481 900 :
1539 856 1594 899 tu
1645 857 1822 900 autem
1871 847 2014 900 idem
2056 861 2269 916 semper
2301 861 2382 906 es,
2406 857 2459 900 et
2499 845 2626 898 anni
2665 845 2739 897 tui
2770 860 2873 898 non
2907 843 3177 898 delicient.
3212 862 3230 894 ι

693 941 777 997 IV.
804 942 1059 996 Creatura
1096 956 1199 994 non
1232 950 1314 992 est
1345 937 1610 999 absolute,
1637 947 1692 991 et
1728 953 1822 1006 per
1853 953 1910 992 se
1947 937 2186 1008 perfecte

621 1045 856 1089 mterna:
885 1033 1114 1102 primum
1153 1031 1364 1098 quidem
1391 1029 1511 1096 quia
1571 1029 1672 1082 hoc
1719 1027 1786 1082 de
1831 1044 1930 1082 suo
1974 1045 2076 1082 non
2103 1031 2192 1082 ha-

621 1128 731 1190 bet,
763 1126 853 1180 sed
885 1127 950 1177 ab
981 1139 1045 1176 eo
1087 1131 1328 1188 tempore
1362 1136 1468 1188 quo
1500 1120 1637 1174 facta
1667 1118 1787 1184 fuit,
1821 1121 1872 1173 id
1900 1129 2191 1174 consecuta

619 1231 784 1275 estex
839 1215 1247 1286 participatione
1298 1229 1362 1267 ae
1419 1213 1557 1266 dono
1613 1211 1729 1275 Dei,
1779 1212 1871 1280 qui
1927 1212 2082 1266 unice
2136 1222 2192 1266 et

619 1328 986 1386 superaeterne
1013 1325 1096 1370 est
1121 1331 1148 1366 a
1178 1329 1234 1368 se
1259 1333 1270 1366 :
1300 1329 1419 1366 cum
1447 1313 1589 1366 enim
1624 1313 1794 1366 bonus
1819 1312 1910 1374 sit,
1939 1321 2107 1374 creat,
2127 1326 2191 1364 ac

618 1422 730 1461 sua:
755 1407 974 1459 factura:
1008 1403 1324 1472 praesidens,
1378 1402 1735 1455 aeternitatem
1799 1400 1901 1470 ipsi
1941 1399 2190 1453 munifice

621 1493 847 1560 largitur
886 1509 898 1544 :
930 1492 1164 1544 secundo
1198 1501 1380 1542 autem
1408 1489 1475 1542 ob
1506 1504 1699 1543 causas
1729 1489 1782 1542 in
1826 1488 2062 1556 capitulo
2076 1488 2188 1560 (62)

621 1584 864 1652 proxime
894 1582 1174 1650 superiore
1202 1581 1496 1649 expositas.
1527 1579 1682 1650 153
1711 1581 1926 1634 Atvero
1959 1581 2190 1650 Spiritus

2363 939 2436 989 A'.
2491 937 2552 989 Ἡ
2601 937 2778 1000 κτίσις
2805 937 2866 989 οὐ
2905 934 3158 998 καθάπαξ
3187 934 3280 986 καὶ
3306 933 3606 997 αὐτοτελῶς
3649 935 3712 987 τὸ
3737 936 3868 989 αἰώ-

2296 1043 2405 1080 νιον
2435 1029 2721 1098 κέκτηται,
2754 1027 2966 1099 πρῶτον
3008 1027 3106 1096 μὲν
3132 1026 3318 1096 ἐπειδὴ
3350 1025 3560 1080 οἴκοθεν
3587 1026 3744 1080 τοῦτο
3775 1029 3878 1080 οὐκ

2296 1119 2426 1188 ἔχει,
2462 1119 2573 1172 ἀλλ’
2599 1119 2784 1189 ἔτυχεν
2817 1118 2980 1171 αὐτοῦ
3024 1119 3102 1182 εἰς
3125 1118 3185 1171 τὸ
3229 1116 3377 1186 ἑξῆς,
3408 1119 3501 1188 ἀφ’
3530 1115 3591 1172 οῦ
3634 1120 3878 1187 ἐγένετο,

2300 1211 2580 1281 μεταδόσει
2606 1212 2700 1264 τοῦ
2730 1211 2903 1280 μόνως
2935 1211 3029 1264 καὶ
3060 1210 3436 1282 ὑπεραιωνίως
3460 1211 3611 1274 ὄντος
3635 1210 3886 1282 αὐτομάη

2295 1319 2388 1354 του
2417 1300 2572 1356 Θεοῦ.
2615 1301 2841 1370 Ἀγαθὸς
2866 1301 2972 1372 γὰρ
3006 1301 3081 1354 ὢν
3103 1297 3274 1364 οὗτος,
3295 1302 3647 1372 δημιουργεῖ·
3682 1300 3783 1374 [68
3811 1299 3881 1375 α]

2298 1394 2692 1466 προϊστάμενος
2725 1395 2821 1463 τῆς
2847 1393 3035 1446 ἑαυτοῦ
3064 1395 3353 1463 ποιήσεως,
3381 1393 3742 1464 φιλοτιμεῖται
3776 1395 3880 1447 αὑ-

2297 1490 2364 1558 τῇ
2397 1486 2724 1557 αἰωνιότητα
2742 1501 2755 1515 ’
2787 1486 3034 1554 δεύτερον
3059 1486 3137 1550 δὲ,
3176 1485 3262 1539 διὰ
3290 1486 3387 1548 τὰς
3411 1485 3772 1556 ἐξηγηθείσας
3794 1488 3880 1540 αἰ-

2297 1579 2414 1642 τίας
2463 1580 2520 1631 ἐν
2571 1578 2649 1649 τῷ
2683 1577 2960 1648 κεφαλαίῳ
3012 1578 3090 1648 τῷ
3133 1577 3239 1648 πρὸ
3285 1577 3456 1630 τοῦδε.
3509 1578 3582 1629 Τὸ
3629 1579 3687 1631 δὲ
3722 1579 3881 1646 ἅγιον

623 1683 842 1727 sanctus
880 1689 1001 1727 cum
1027 1683 1218 1726 natura
1250 1673 1604 1726 aeternitatem
1649 1674 1862 1736 habeat,
1890 1673 2027 1728 sicut
2057 1689 2188 1728 con-

2294 1669 2536 1740 Πνεῦμα,
2580 1673 2656 1734 ὡς
2695 1670 2853 1739 φύσει
2887 1670 2948 1722 τὸ
2982 1669 3198 1723 αἰώνιον
3231 1670 3371 1738 ἔχον,
3423 1669 3564 1724 καθὰ
3603 1672 3885 1742 προσῆκεν

620 1763 767 1817 venit
793 1764 993 1817 habere
1031 1764 1368 1828 Creatorem,
1402 1773 1455 1817 et
1479 1764 1552 1817 sit
1604 1765 1778 1818 bonus
1811 1765 2043 1834 Spiritus
2074 1766 2190 1830 Dei,

620 1857 800 1910 omnia
834 1867 892 1911 ut
925 1857 970 1911 is
999 1857 1090 1926 qui
1129 1865 1359 1912 :eternus
1382 1856 1452 1909 sit
1482 1871 1735 1926 operans,
1765 1867 1820 1912 et
1851 1859 1963 1926 ipse
1979 1861 2192 1927 quidem

622 1963 893 2016 ntmquam
924 1947 1206 2012 limitetur,
1236 1949 1331 2002 sed
1364 1962 1483 2016 qua:
1528 1948 1596 2001 ab
1642 1949 1756 2018 ipso
1787 1950 1926 2004 facta
1957 1961 2099 2016 sunt,
2135 1953 2196 2006 li-

622 2043 818 2095 mitare
841 2043 1032 2110 possit,
1070 2041 1274 2096 idcirco
1321 2055 1382 2095 ea
1434 2041 1836 2109 nuncupatione
1891 2043 2195 2098 celebratus

621 2134 740 2187 fuit.
765 2133 915 2198 Quod
945 2133 988 2186 si
1023 2133 1106 2188 his
1147 2149 1264 2202 qua:
1305 2134 1436 2199 dixi,
1479 2150 1582 2188 non
1629 2136 1996 2203 acquiescitis,
2055 2152 2184 2192 vera

621 2241 740 2280 esse
760 2225 978 2280 discetis
1001 2225 1102 2280 hac
1139 2226 1366 2280 rati0ne.
1393 2225 1590 2282 Paulus
1607 2228 1670 2282 ad
1701 2228 1951 2283 Hebraeos
1978 2231 2048 2284 ita
2063 2230 2195 2284 scri-

622 2321 703 2374 bit
729 2338 743 2374 :
770 2337 788 2370 ι
822 2319 922 2386 Qui
951 2319 1060 2390 (64)
1091 2337 1186 2389 per
1240 2319 1500 2389 Spiritum
1553 2331 1812 2376 aeternum
1846 2323 2194 2392 semetipsum

623 2409 1027 2464 immaculatum
1050 2409 1243 2464 obtulit
1275 2410 1402 2464 Deo.
1431 2428 1449 2460 ι
1479 2407 1742 2478 Loquitur
1769 2417 1951 2464 autem
1989 2411 2054 2464 de
2094 2410 2196 2464 Du-

621 2501 769 2555 mino
802 2499 1038 2565 Christo,
1076 2500 1169 2570 qui
1207 2500 1258 2554 in
1311 2500 1617 2554 veneranda
1678 2515 1774 2554 sua
1825 2501 2196 2557 incarnatione

621 2591 973 2658 semetipsum
1010 2604 1110 2658 pro
1157 2589 1312 2643 nobis
1362 2605 1456 2657 per
1489 2588 1746 2658 Spiritum
1775 2601 2019 2644 sanctum
2052 2589 2195 2645 Patri

626 2695 726 2734 suo
751 2681 966 2736 obtulit.
998 2680 1092 2736 llis
1140 2691 1502 2734 consentanea
1546 2680 1738 2736 Petrus
1785 2697 1998 2750 quoque
2020 2698 2199 2752 perso-

621 2782 736 2834 nat,
797 2782 855 2825 ut
901 2771 1011 2839 jam
1049 2784 1529 2826 commemoratum
1578 2784 1663 2827 est
1707 2791 1719 2826 :
1760 2792 1777 2824 ι
1816 2773 2187 2847 Verhutn(65)

622 2871 798 2916 autem
831 2861 920 2916 Dei
954 2873 1133 2917 manet
1198 2862 1250 2915 in
1284 2863 1561 2916 sarculum.
1595 2883 1612 2914 ι
1665 2862 1799 2916 Nam
1846 2863 2077 2918 Verbum
2104 2864 2197 2920 Dei

622 2965 779 3009 vocat
803 2953 1063 3024 Spiritum
1091 2955 1204 3010 Dei.
1242 2954 1442 3010 Paulus
1474 2970 1634 3024 porro
1661 2954 1875 3009 Patrem
1927 2955 2192 3011 etFilium

621 3057 1076 3111 commemorans,
1130 3044 1317 3097 eadem
1359 3043 1572 3098 Eterni
1611 3044 2050 3098 denominatione
2098 3045 2188 3099 Fi-

623 3134 754 3185 lium
780 3147 994 3201 quoque
1030 3132 1267 3187 celebrat
1307 3145 1526 3202 prOplet‘
1567 3132 1902 3186 identitatem
1946 3135 2187 3190 Deitatis.

626 3224 811 3279 «Deus
852 3223 984 3294 (66),
1035 3225 1230 3293 inquit,
1281 3234 1335 3279 et
1379 3223 1538 3277 Pater
1594 3225 1803 3278 Domini
1867 3227 2038 3280 nostri
2063 3226 2189 3282 Jesu

621 3315 823 3371 Christi
877 3317 1046 3382 novit,
1085 3316 1177 3384 qui
1223 3325 1305 3370 est
1336 3315 1656 3370 benedictus
1707 3317 1758 3369 in
1805 3318 2026 3381 saecula;
2078 3337 2096 3369 ι
2135 3329 2192 3372 et

622 3420 838 3460 rursus:
859 3423 878 3457 ι
898 3405 1053 3461 Jesus
1077 3406 1186 3476 (67)
1217 3405 1589 3460 Christusheri
1615 3416 1670 3460 et
1705 3405 1884 3467 hodie,
1911 3406 2047 3460 idem
2071 3410 2189 3461 etin

623 3499 837 3555 saecula.
869 3517 888 3550 ι
917 3495 1032 3552 Non
1071 3506 1295 3566 possunt
1325 3505 1503 3551 autem
1527 3537 1540 3561 ,
1591 3512 1695 3551 non
1747 3505 1975 3566 possunt
2017 3499 2190 3552 audiri

621 3607 685 3642 ac
715 3590 862 3654 ferri,
889 3605 1008 3660 quae
1033 3599 1221 3645 contra
1247 3590 1345 3645 hoc
1376 3590 1539 3644 etiam
1565 3590 1859 3658 capitulum
1888 3598 2194 3645 statuerunt

621 3680 710 3745 qui
750 3695 878 3749 erga
907 3681 1207 3735 testimonia
1242 3678 1481 3751 Spiritus
1523 3679 1694 3735 sancti
1740 3680 2073 3735 divinitatem
2102 3683 2192 3735 de-

621 3771 881 3825 clarantia
910 3771 1048 3827 male
1079 3771 1254 3828 affecti
1301 3783 1445 3826 sunt.
1499 3771 1636 3826 Nam
1669 3772 1738 3826 ob
1766 3781 2192 3842 praeoccupatam

625 3857 931 3925 opinionem
982 3859 1304 3928 semetipsos
1332 3860 1383 3914 in
1423 3871 1578 3915 terra;
1611 3861 1987 3916 extremitates
2025 3862 2193 3916 abdu-

619 3958 788 4002 cunt:
821 3949 1256 4006 inconsideratus
1299 3967 1428 4007 vero
1461 3967 1612 4005 amor
1653 3950 1962 4021 diligentem
1991 3967 2101 4022 prae
2133 3967 2192 4006 se

619 4037 763 4092 ferre
790 4053 893 4094 non
927 4041 1064 4095 solet
1099 4042 1526 4109 inquisitionem.
1558 4041 1700 4096 Nihil
1751 4052 1929 4095 tamen
1969 4043 2192 4112 impedit

621 4129 750 4197 quin
777 4130 914 4184 hanc
947 4131 1116 4198 ipsam
1141 4132 1437 4200 captiosam
1456 4135 1979 4201 argumentationem
2003 4135 2194 4188 audia-

624 4234 780 4274 mus:
823 4221 900 4274 sic
935 4222 1080 4275 enim
1108 4222 1276 4291 magis
1309 4222 1485 4276 adhuc
1508 4223 1854 4278 damnatione
1876 4225 2018 4293 digni
2048 4224 2194 4279 vide-

625 4314 844 4368 buntur.
893 4313 985 4368 Sic
1021 4313 1186 4382 igitur
1211 4329 1272 4367 ea
1300 4330 1358 4370 se
1392 4315 1589 4370 habet:
1619 4314 1674 4369 Si
1703 4315 1832 4384 quid
1859 4317 2190 4386 homonyme

620 4409 880 4456 aeternum
911 4415 1156 4458 vocatum
1185 4402 1304 4467 fuit,
1336 4420 1440 4460 non
1483 4406 1741 4460 continuo
1777 4407 1917 4461 Deus
1950 4407 2053 4461 dici
2090 4424 2188 4477 po-

622 4503 762 4548 test:
793 4497 884 4549 sed
941 4497 1032 4564 qui
1094 4499 1233 4553 Dens
1280 4507 1383 4560 est,
1413 4498 1457 4554 is
1504 4499 1717 4551 illorum
1767 4513 1887 4567 quae
1937 4499 2190 4554 dicuntur

621 4596 842 4653 arterna,
885 4599 1211 4645 creatorest.
1243 4590 1514 4661 Scriptum
1538 4591 1676 4645 enim
1705 4590 1806 4644 fuit
1835 4591 1972 4662 (68),
1998 4610 2016 4643 ι
2052 4602 2188 4647 tem-

620 4691 810 4745 porum
843 4688 898 4732 et
923 4680 1240 4734 saeculorum
1266 4680 1522 4734 faetorem
1563 4695 1681 4734 esse
1697 4681 1893 4745 Deum;
1933 4699 1952 4732 ι
1983 4691 2037 4736 et
2067 4697 2187 4735 rur-

618 4781 738 4820 sus:
765 4785 782 4819 ι
812 4765 1156 4822 Multifariam
1203 4769 1314 4840 (69)
1370 4771 1664 4840 multisque
1700 4774 1871 4828 modis
1910 4775 2034 4829 olim
2054 4775 2192 4829 Deus

691 4943 801 5012 (59)
845 4946 1258 5016 [incorruptibilt
1286 4946 1306 5000 ι
1337 4947 1401 5001 ad
1433 4949 1572 5004 Tim.
1617 4968 1655 5016 ι,
1695 4953 1774 5008 l7.

690 5015 800 5081 (60)
845 5015 921 5068 Tu
950 5025 1142 5069 autem.
1180 5016 1320 5071 Psal.
1349 5033 1422 5080 Ct,
1449 5035 1586 5076 vers.
1621 5015 1703 5077 13.

617 5083 1017 5210 υθξζιῗίέὄΙηὶιὶο.
1070 5085 1210 5141 l'sal.
1257 5102 1330 5153 Cl,
1380 5105 1520 5145 vers.
1559 5091 1747 5148 26-28.
1772 5093 1905 5150 Vide
1930 5104 2053 5152 ‘not.
2097 5095 2189 5162 46,

687 5171 1141 5302 ftiigiyupituloL
1169 5225 1432 5302 Nimirum
1456 5235 1818 5302 paragrapho
1871 5235 2151 5302 superiore
2173 5277 2187 5302 ,

615 5293 787 5415 segni).
809 5293 876 5349 66
903 5296 953 5360 b,
998 5307 1053 5350 et
1077 5296 1142 5349 67
1175 5314 1226 5349 a.
1256 5293 1501 5354 Notanda
1533 5293 1646 5358 haec
1674 5293 1999 5373 signiﬁcat-io
2021 5293 2189 5370 vocis,

613 5379 756 5432 κεφα
791 5381 930 5418 αιον.

685 5435 798 5514 (6'6)
831 5435 906 5488 Et
918 5451 1022 5514 μοι
1037 5437 1421 5514 ἐπείποισθε.
1440 5438 1658 5514 Legisse
1694 5443 1898 5497 videtur
1923 5445 2192 5514 interpres

610 5503 662 5557 εἰ
698 5504 794 5582 μή,
839 5503 936 5582 pro
969 5506 1022 5582 ei:
1067 5524 1178 5582 p.0_t.
1229 5505 1366 5579 Lege
1408 5503 1719 5578 ἐπέπεισθε,
1770 5515 1854 5568 vel
1902 5503 2187 5582 πέπεισθε,

611 5587 713 5644 pro
745 5575 1081 5631 ὲπείποισθεζ
1119 5577 1277 5632 Ent'r.

710 5643 798 5712 64)
849 5646 972 5710 Qui.
1020 5647 1183 5702 Hebr.
1223 5662 1300 5712 Ix,
1335 5650 1423 5706 Μ.

710 5647 798 5712 64)
849 5647 972 5710 Qui.
1020 5647 1183 5702 Hebr.
1223 5662 1300 5712 Ix,
1335 5650 1423 5706 Μ.

685 5647 797 5786 ἱϐὃ)
843 5715 1086 5772 Verbum.
1123 5717 1294 5788 Epist.
1338 5721 1532 5777 lPetr.
1573 5741 1610 5790 ι,
1646 5724 1734 5780 95.
1779 5725 1908 5781 Vide
1933 5735 2048 5783 not.
2095 5725 2186 5794 2‘2,

2297 1763 2438 1832 ἔχειν
2465 1763 2792 1833 δημιουργὸν
2827 1763 2920 1816 καὶ
2943 1763 3145 1830 ἀγαθὸν
3172 1763 3393 1834 Πνεῦμα
3423 1761 3518 1815 τοῦ
3552 1763 3710 1826 Θεοῦ,
3741 1765 3882 1818 πάν-

2295 1873 2361 1906 τα
2387 1855 2641 1925 ἐνεργοῦν
2673 1857 2925 1918 αίωνίως,
2959 1857 3052 1909 καὶ
3088 1855 3282 1910 οὔποτε
3312 1857 3409 1928 μὲν
3442 1858 3574 1911 αὐτὸ
3606 1859 3883 1931 περατού-

2299 1965 2480 2017 μενον,
2507 1947 2613 2000 τῶν
2644 1946 2688 1999 δ’
2721 1947 2811 1998 ὑπ’
2843 1947 3008 2000 αὐτοῦ
3045 1948 3350 2017 γενομένων
3390 1949 3686 2020 δυνάμενον
3738 1946 3882 2004 εἶναι

2297 2038 2692 2108 περατωτικὸν,
2729 2037 2899 2110 ταύτῃ
2927 2039 3286 2111 ἀνευφημήθη
3321 2043 3384 2111 τῇ
3410 2043 3730 2112 προσρήσει.
3759 2043 3885 2096 Μά-

2297 2127 2440 2181 θοιτε
2495 2128 2550 2180 δέ
2606 2127 2692 2191 ἂν,
2737 2130 2794 2182 εί
2831 2146 2918 2199 μοι
2958 2131 3272 2185 ἐπείποισθε
3321 2132 3452 2203 (65),
3485 2133 3627 2204 τῇδε·
3665 2133 3884 2198 Παῦλος

2310 2218 2580 2291 Ἑϐραίοις
2629 2218 2926 2272 ἐπιστέλλει
2987 2220 3190 2285 οὕτως’
3235 2242 3252 2274 ι
3293 2224 3387 2286 Ὃς
3431 2223 3518 2276 διὰ
3559 2224 3882 2295 Πνεύματος

2299 2311 2516 2366 αἰωνίου
2549 2311 2736 2364 ἐαυτὸν
2772 2311 2999 2384 ἄμωμον
3024 2315 3395 2385 προσήνεγκεν
3434 2315 3510 2386 τῷ
3539 2316 3678 2388 Θεῷ.
3715 2337 3735 2369 ι
3773 2320 3881 2372 Αὲ-

2296 2421 2382 2473 γει
2405 2404 2460 2457 δὲ
2488 2403 2580 2457 τὸν
2604 2403 2880 2476 Δεσπότην
2907 2405 3160 2476 Χριστὸν,
3192 2407 3282 2460 τὸν
3326 2409 3384 2460 ἐν
3413 2412 3479 2480 τῇ
3521 2414 3690 2482 σεπτῇ
3717 2414 3881 2467 ἐναν-

2297 2495 2577 2578 θρωπήσει
2611 2495 2775 2578 αίῦτοῦ
2801 2496 2990 2549 ἑαυτὸν
3011 2497 3100 2550 διὰ
3129 2497 3221 2551 τοῦ
3242 2500 3396 2568 ἁγίου
3419 2501 3734 2574 Πνεύματος
3760 2506 3879 2558 ἀνθ’

2297 2589 2452 2658 ἡμῶν
2478 2573 2556 2658 τῷ
2585 2573 2776 2642 ἑαυτοῦ
2812 2589 2983 2660 Πατρί
3024 2593 3476 2664 προσενηνοχότα.
3514 2597 3623 2649 Καὶ
3673 2598 3882 2668 Πέτρος

2296 2680 2352 2733 δὲ
2374 2683 2638 2751 προσηχεῖ
2666 2680 2950 2748 ἀκόλουθα,
2987 2682 3059 2746 ὠς
3090 2684 3191 2754 ἤδη
3221 2687 3601 2760 ἐμνημονεύθη
3623 2706 3636 2718 ·
3677 2709 3694 2741 ι
3725 2690 3796 2742 Τὸ
3819 2692 3882 2745 δὲ

2307 2773 2489 2843 Ῥῆμα
2527 2771 2618 2825 τοῦ
2667 2773 2800 2826 Θεοῦ
2865 2775 3013 2844 μένει
3053 2779 3132 2839 εἰς
3161 2778 3252 2830 τὸν
3280 2778 3469 2833 αἰῶνα.
3505 2799 3523 2832 ι
3564 2781 3742 2852 Ῥῆμα
3769 2783 3882 2854 γὰρ

2297 2862 2430 2916 Θεοῦ
2484 2865 2714 2918 ἐνταῦθα
2770 2865 2926 2919 καλεῖ
2963 2868 3024 2920 τὸ
3061 2869 3284 2940 Πνεῦμα
3311 2871 3404 2924 τοῦ
3429 2873 3585 2926 Θεοῦ.
3623 2874 3724 2928 Διὰ
3748 2874 3882 2943 γοῦν

2297 2957 2395 3026 τῆς
2426 2956 2690 3028 Θεότητος
2711 2959 2808 3028 τὴν
2833 2961 3135 3031 ταυτότητα
3169 2964 3520 3034 μνημονεύων
3544 2965 3638 3019 τοῦ
3666 2968 3880 3038 Πατρὸς

2294 3045 2386 3098 καὶ
2413 3044 2505 3098 τοῦ
2533 3045 2663 3099 Υίοῦ
2691 3049 2719 3099 ὁ
2744 3047 2975 3110 Παῦλος,
2999 3051 3064 3118 τῇ
3098 3049 3234 3121 αὐτῇ
3271 3053 3531 3124 κέχρηται
3568 3055 3661 3108 τοῦ
3694 3059 3879 3127 ῥήμα-

2291 3151 2382 3199 τος
2411 3135 2689 3208 εὐφημίᾳ·
2735 3157 2755 3188 ‹
2805 3139 2861 3192 Ὀ
2895 3139 3048 3204 Θεὸς,
3072 3142 3254 3212 φησιν,
3295 3145 3390 3197 καὶ
3423 3146 3610 3217 Πατὴρ
3635 3147 3728 3200 τοῦ
3759 3151 3881 3202 Κυ-

2296 3226 2409 3295 ρίου
2441 3225 2597 3295 ὴμῶν
2632 3227 2804 3296 Ἰησοῦ
2838 3228 3074 3297 Χριστοῦ
3111 3226 3269 3297 οἶδεν,
3300 3235 3328 3284 ό
3357 3231 3432 3286 ὢν
3469 3234 3759 3307 εὐλογητὸς
3789 3239 3878 3301 εἰς

2291 3315 2418 3376 τοὺς
2433 3314 2634 3378 αἰῶνας
2659 3331 2677 3349 ο
2698 3335 2718 3368 ›
2743 3317 2837 3370 καὶ
2860 3318 3021 3371 πάλιν
3043 3335 3059 3350 ο
3089 3339 3107 3370 ι
3140 3321 3344 3392 Ἰησοῦς
3364 3324 3595 3394 Χριστὸς
3625 3326 3750 3396 χθὲς
3780 3330 3883 3381 καὶ

2294 3407 2530 3475 σήμερον
2563 3423 2576 3435 ο
2599 3407 2627 3458 ὁ
2646 3406 2806 3470 αὐτὸς
2826 3409 2918 3462 καὶ
2935 3411 3014 3474 εἰς
3032 3411 3157 3475 τοὺς
3186 3413 3408 3477 αἰῶνας.
3439 3434 3457 3467 ι
3490 3417 3602 3470 Οὐκ
3629 3418 3774 3471 ἔστιν
3793 3419 3879 3485 δὲ,

2291 3496 2390 3549 οὐκ
2403 3496 2548 3550 ἐστιν
2567 3499 2702 3570 ἀκοῇ
2715 3500 2965 3565 ἀκοῦσαι,
2983 3503 3086 3555 ἆπε
3094 3520 3124 3573 ρ
3140 3506 3230 3558 καὶ
3246 3523 3270 3558 ε
3281 3508 3326 3569 ἰς
3336 3507 3397 3558 τὸ
3422 3508 3711 3577 κεφάλαιον
3721 3509 3884 3566 τοῦτο

2293 3587 2558 3660 ὡρίσαντο
2579 3592 2626 3643 οἰ
2658 3594 2785 3664 περί
2823 3593 2922 3657 τὰς
2945 3593 3222 3665 θεολογίας
3249 3598 3344 3651 τοῦ
3373 3600 3528 3669 ἁγίου
3559 3602 3882 3674 Πνεύματος

2294 3681 2754 3756 ἀποδιακείμενοι.
2796 3687 3093 3756 Ἀπάγουσι
3128 3689 3235 3761 γὰρ
3267 3693 3347 3755 εἰς
3380 3691 3581 3763 ἔσχατα
3621 3695 3723 3764 γῆς
3747 3697 3883 3749 ἐαυ-

2292 3773 2418 3836 τοὺς
2461 3775 2569 3828 ἀπὸ
2619 3777 2972 3849 προλήψεως·
3006 3780 3228 3852 ἄκριτος
3272 3781 3327 3834 δὲ
3373 3784 3511 3854 ἔρως
3551 3786 3651 3838 οὐκ
3687 3787 3882 3839 εἴωθεν

2293 3866 2492 3937 ἀκριϐῆ
2534 3872 2831 3941 μαρτυρεῖν
2873 3870 3115 3936 ἐξέτασιν
3137 3891 3148 3904 ·
3176 3876 3326 3944 ὅμως
3352 3877 3503 3930 οὐδὲν
3534 3875 3646 3932 οἷον
3680 3878 3883 3933 κωλύει

2294 3957 2465 4028 αὐτῆς
2491 3960 2705 4032 ἐκείνης
2730 3963 2828 4032 τῆς
2857 3963 3276 4038 πειθανουργίας
3301 3967 3550 4024 ἀκοῦσαι.
3587 3970 3743 4024 Οῦτω
3766 3974 3880 4044 γὰρ

2293 4049 2359 4103 ἂν
2387 4050 2464 4104 ἔτι
2494 4052 2656 4105 πλέον
2681 4057 3212 4127 καταγνωσθείησαν.
3243 4060 3396 4129 Ἔχει
3417 4057 3508 4114 οὖν
3531 4055 3634 4114 ὧδε
3689 4065 3801 4116 Οὐκ
3827 4063 3886 4115 εἰ

2298 4158 2352 4192 τι
2393 4142 2618 4200 ,αἰώνιον
2663 4143 2982 4215 ὡμωνύμως
3011 4151 3469 4221 προσηγόρευται,
3501 4153 3633 4216 Θεὸς
3656 4153 3880 4208 δύναται

2293 4227 2563 4297 λέγεσθαι,
2611 4232 2724 4285 ἀλλ’
2757 4234 2812 4286 εί
2838 4254 2921 4300 τις
2952 4236 3104 4300 Θεὸς,
3130 4239 3361 4292 αἰωνίων
3392 4240 3495 4311 [68
3525 4241 3584 4313 b]
3623 4246 3874 4314 ποιητής.

2222 4355 2266 4409 D
2296 4321 2604 4393 Γέγραπται
2663 4327 2806 4397 γάρ’
2845 4348 2862 4378 ι
2905 4330 3126 4400 Χρόνων
3169 4331 3264 4384 καὶ
3319 4332 3531 4387 αἰώνων
3577 4336 3806 4406 ποιητὴς
3847 4337 3882 4391 ὀ

2297 4411 2429 4475 Θεός
2456 4429 2468 4443 ·
2511 4434 2528 4466 ι
2568 4416 2660 4467 καὶ
2708 4417 2900 4470 πάλινο
2933 4437 2951 4470 ι
2994 4420 3321 4492 Πολυμερῶς
3375 4424 3471 4476 καὶ
3525 4426 3878 4497 πολυτρόπως

2298 4504 2463 4558 πάλαι
2492 4508 2519 4559 ό
2544 4506 2675 4571 Θεὸς
2717 4509 2956 4578 λαλήσας
3001 4513 3058 4564 ἐν
3098 4517 3209 4577 τοῖς
3237 4517 3564 4586 προφήταις,
3598 4519 3686 4570 ἐπ’
3709 4520 3879 4590 ἐσχά-

2293 4611 2385 4647 του
2410 4596 2518 4649 τῶν
2547 4599 2768 4668 ἡμερῶν
2791 4600 3055 4672 ἐλάλησεν
3081 4603 3211 4674 ἡμῖν
3234 4606 3292 4658 ἐν
3322 4606 3454 4676 Υίῷ,
3483 4607 3542 4659 ὂν
3571 4609 3721 4662 ἔθετο
3742 4611 3877 4682 κλη-

2299 4687 2522 4758 ρόνομον
2549 4690 2866 4754 πάντων,δι⁹
2888 4689 2948 4748 οὗ
2978 4695 3071 4746 καὶ
3104 4697 3228 4760 τοὺς
3253 4697 3456 4761 αἰῶνας
3479 4701 3750 4771 ἐποίησεν.
3767 4724 3784 4754 ι
3811 4705 3877 4758 Εἰ

2299 4782 2408 4854 γὰρ
2444 4782 2496 4833 εἰ
2521 4799 2574 4834 τι
2609 4783 2824 4838 αἰώνιον
2849 4788 3307 4858 προσηγόρευται,
3342 4790 3464 4854 θεὸς
3515 4793 3719 4860 ὀφείλει
3757 4796 3875 4850 ὀνο-

2295 4961 2565 5031 pag.147.

2368 5032 2482 5101 (66)
2518 5032 2678 5087 Deus.
2715 5031 2756 5086 ll
2783 5035 2908 5091 Cor.
2939 5052 3015 5101 xi,
3053 5038 3146 5093 51.

2371 5032 2460 5097 ι66
2518 5032 2678 5087 Deus.
2715 5032 2756 5086 ll
2783 5035 2908 5091 Cor.
2939 5052 3015 5101 xi,
3053 5038 3115 5092 51

2371 5032 2485 5172 (67)
2516 5101 2694 5172 {esum
2727 5105 2892 5162 Hebr.
2925 5124 3045 5172 χιιι,
3077 5109 3131 5163 8.

2370 5169 2482 5252 _(68)
2514 5169 2783 5252 Scriptum
2819 5181 2958 5252 enim
3004 5169 3126 5252 fuit.
3170 5179 3498 5238 Vertendum
3540 5185 3824 5241 videbatur
3856 5207 3871 5242 :

2302 5239 2649 5320 :Scriptuur
2687 5255 2771 5298 est
2808 5248 2975 5320 enim
3003 5239 3016 5301 Ξ
3049 5247 3371 5320 Temporum
3436 5266 3490 5310 et
3552 5239 3871 5312 surculorum

2301 5310 2476 5364 factor
2535 5314 2695 5385 Deus.
2723 5334 2742 5366 ι
2791 5317 2860 5370 At
2898 5334 3020 5372 cum
3063 5320 3151 5376 hic
3184 5310 3365 5378 lextus
3419 5324 3474 5379 in
3516 5310 3875 5385 Bibliisﬁnoa

2301 5391 2500 5445 exstet,
2534 5381 2737 5439 idcirco
2759 5385 2917 5442 aliter
2950 5390 3222 5445 transtuli.
3465 5421 3468 5428 -

2367 5450 2478 5537 S69)
2527 5451 2930 5537 Multifariam._
2981 5458 3143 5514 Hebr.
3185 5477 3253 5537 ,1,
3305 5463 3375 5528 1,
3421 5465 3476 5519 2.
3522 5465 3690 5520 Biblia
3751 5476 3873 5537 post

2293 5520 2530 5609 λαλήσας
2571 5520 2791 5609 addunt
2841 5531 2958 5609 coit;
3023 5520 3317 5609 πατράσιν,
3361 5520 3599 5609 etpost
3646 5520 3869 5609 ηρ.εῷιῖ

2297 5594 2514 5682 adituri}.
2528 5593 2732 5648 τούτων
2750 5598 3104 5682 Lyncum-tn
3135 5593 3236 5682 pro
3266 5593 3416 5656 ἔθετο
3447 5593 3646 5661 habent
3667 5593 3866 5682 ’ἔθηκεν

2301 5661 2404 5714 Sed
2431 5663 2548 5718 vide
2571 5679 2740 5734 segni.
2768 5665 2836 5721 27
2865 5668 2914 5735 b,
2937 5680 2990 5724 et
3009 5668 3106 5724 2M
3138 5661 3196 5724 'b.
