4104 6408
345 288 444 341 :‘il'a'

1360 290 1447 346 DB
1484 291 1860 347 TlllNlTATE
1902 292 2105 347 LIBER
2144 294 2530 355 SECUNDUS.

3486 306 3592 361 518

341 401 645 474 μαζεσθαι·
676 399 893 474 ἄπειροι
940 402 1053 458 θεοὶ
1099 402 1334 458 ἔσονται.
1405 405 1717 475 Γέγραπται
1776 406 1883 478 γάρ

2030 413 2252 479 loquens
2283 412 2335 465 in
2375 411 2672 480 prophetis,
2718 411 2769 466 in
2804 414 3100 483 novissimo
3127 415 3338 472 dierum
3380 416 3594 474 locutu“

341 494 476 547 «Καὶ
489 493 972 564 ἐπάρθητε,πύλαι
994 494 1221 550 αἰὼνιοι.
1247 514 1267 548 ι
1291 495 1401 549 Κα)⁸
1423 496 1583 549 πάλιν
1601 515 1619 547 ι
1637 497 1770 567 ’Έτη
1798 496 1922 550 αἰώ-

332 603 420 638 νια
437 605 455 636 ι
488 584 863 656 ἐμνήσθησαν.
889 586 997 638 Καὶ
1016 582 1171 658 αὖθις
1195 604 1209 618 ’
1248 587 1492 658 «Ὥσπερ
1521 587 1766 657 πρόϐατα
1791 589 1919 642 aid)-

329 693 417 730 νια
440 693 453 705 ·
470 695 488 726 ι
510 678 627 737 καὶ,
647 694 665 727 ι
691 677 1110 747 Ἀναστήσονται
1149 671 1294 731 οὗτοι
1327 681 1406 742 είς
1429 679 1646 732 κόλασιν
1678 679 1915 733 αἰώνιοψ

337 787 356 820 ι
391 771 482 822 καὶ
498 768 726 839 ἑτέρωθι
750 786 762 799 ·
786 788 803 821 ι
828 769 1245 840 Ἀναστήσονται
1261 771 1309 822 οἱ
1325 773 1380 823 ἐν
1393 770 1604 842 χώματι
1621 773 1804 842 γῆς,οί
1820 774 1918 844 μὲν

332 864 411 925 εἰς
423 860 565 932 ζωὴν
587 860 824 924 αἰώνιον,
847 863 894 913 oi
915 861 970 914 δέ
997 865 1074 924 είς
1089 863 1317 934 αἰσχύνη
1341 863 1608 923 ναίώνιον,
1633 867 1806 936 »Ἄρα
1826 861 1918 919 οὖν

333 955 432 1009 κα).
455 954 718 1024 ἡκόλασις
735 955 825 1007 καὶ
851 954 1151 1025 ήαίσχύνη,
1183 953 1324 1019 οεοί;
1355 955 1516 1026 Ὀρᾷς
1538 957 1617 1019 είς
1637 957 1766 1027 ὅσην
1795 958 1917 1010 ἀτο-

339 1045 472 1099 πίαν
495 1046 582 1098 καὶ
609 1045 866 1099 ἀσέϐειαν
895 1048 928 1116 ἡ
957 1047 1096 1099 κατὰ
1127 1048 1187 1100 τὸ
1205 1047 1419 1100 αἰώνιον
1445 1049 1731 1120 ὁμωνυμία
1762 1050 1916 1102 ἐκπί-

338 1138 607 1201 πτειςΤοῖς
623 1136 721 1207 μέν
733 1132 827 1190 οὖν
844 1138 1064 1190 ἐκείνων
1082 1139 1314 1208 νοήμασι
1345 1139 1436 1191 καὶ
1455 1141 1522 1210 ρή
1533 1157 1664 1210 μασι
1690 1141 1906 1212 σκὰλμη

337 1230 647 1294 ἐπιπολάζει
689 1246 749 1281 τε
782 1230 876 1282 καὶ
900 1231 1285 1302 συμπέφυρται
1312 1246 1327 1263 ο
1359 1229 1561 1301 ταύτην
1611 1232 1665 1284 δὲ
1711 1232 1914 1286 διαλύει

331 1322 453 1374 τάδε
475 1339 487 1350 ·
519 1321 624 1374 Τοῦ
652 1321 873 1374 αἰωνίου
897 1322 1176 1392 ὀνόματος,
1201 1323 1277 1386 ὡς
1309 1323 1433 1394 ἄρτι
1469 1325 1910 1397 ἐπεμνήσθημεν,

326 1413 392 1465 τὰ
420 1413 558 1467 ἄλλα
597 1411 700 1466 κᾶν
729 1413 939 1484 ἔτυχεν,
974 1414 1132 1484 μόνον
1166 1414 1268 1467 οὐκ
1306 1414 1414 1468 ἀπὸ
1461 1415 1651 1486 χρόνου
1689 1416 1910 1488 ἔτυχενο

320 1505 462 1559 ἀλλὰ
515 1507 613 1558 κα).
655 1505 860 1577 φθορὰν
905 1506 1005 1579 τὴν
1051 1506 1159 1560 ἀπὸ
1205 1505 1431 1577 γνώμης
1469 1507 1676 1571 οἰκείας
1707 1508 1910 1582 τροπὴν

317 1598 459 1668 ἔχει,
501 1597 598 1650 καὶ
641 1597 892 1667 ἀνόμοιον
933 1599 1276 1653 παντάπασιν
1317 1597 1394 1669 τῷ
1433 1598 1563 1670 Θείῳ
1610 1600 1813 1671 αἰωνίῳ
1850 1601 1910 1654 τὸ

314 1691 548 1744 ἐκείνων
575 1689 791 1743 αἰώνιόν
817 1691 964 1743 ἐστιν
987 1707 1000 1720 ο
1039 1691 1181 1744 καθὰ
1208 1691 1329 1745 οὐδὲ
1364 1693 1392 1745 ὁ
1420 1691 1709 1761 λεγόμενος
1732 1693 1904 1761 ἅγιος,

2021 509 2103 581 est
2133 501 2286 555 nobis
2322 501 2373 554 in
2408 501 2565 564 Filio,
2590 517 2747 569 quem
2782 506 3061 572 constituit
3084 506 3350 562 hmredem
3377 510 3591 562 univer«

2025 607 2228 656 sorum,
2261 607 2354 661 per
2389 608 2546 660 quem
2583 593 2709 647 fecit
2742 602 2796 646 et
2846 596 3058 649 saecula.
3097 615 3115 648 ι
3159 596 3294 652 Nam
3336 599 3381 653 si
3427 615 3494 654 ex
3527 614 3593 653 eo

2018 687 2161 754 quod
2188 694 2448 740 ιειειιιιιιιι
2489 687 2692 754 aliquid
2732 699 2981 742 vocatum
3016 690 3107 754 sit,
3139 690 3297 744 debet
3327 691 3458 746 deus
3497 707 3591 746 no-

2020 777 2250 843 minari,
2306 777 2725 831 innumerabiles
2779 790 2938 832 erunt
2992 781 3063 833 dii
3117 799 3130 832 :
3196 782 3452 850 scriptum
3509 793 3591 836 est

2017 867 2159 920 enim
2186 883 2200 919 :
2232 885 2250 917 ι
2289 867 2352 919 Ει
2379 865 2661 920 clevamini
2701 867 2834 934 (70),
2879 868 3036 939 154
3077 883 3244 938 porta).
3293 881 3585 940 aeternam»

2016 967 2070 1011 et
2103 973 2326 1012 rursus:
2363 975 2381 1008 ι
2417 958 2556 1010 Anni
2595 958 2705 1029 (7i)
2728 963 2914 1014 aeterni
2941 982 2958 1013 ι
3010 965 3583 1030 commcmoratisunt;

2014 1061 2067 1102 et
2097 1065 2313 1102 rursus:
2351 1067 2370 1100 ‹
2401 1047 2551 1103 Sicut
2573 1050 2685 1121 (72)
2725 1066 2854 1105 oves
2883 1061 3127 1116 aeternaz;
3162 1071 3179 1102 ι
3217 1063 3308 1107 et:
3335 1071 3354 1104 ‹
3391 1053 3590 1108 Resur-

2015 1151 2140 1210 gent
2171 1141 2284 1210 (75)
2337 1141 2390 1194 bi
2448 1141 2500 1195 in
2561 1143 2880 1212 supplicium
2933 1153 3274 1213 aeternum“
3323 1155 3377 1200 et
3427 1147 3585 1202 alibi:

2019 1253 2036 1285 ι
2065 1234 2367 1305 Resurgent
2390 1235 2482 1302 qui
2513 1244 2640 1289 sunt
2669 1235 2778 1305 (74)
2815 1237 2865 1289 in
2895 1253 3090 1291 acervo
3119 1249 3298 1305 terrae,
3336 1240 3425 1293 alii
3467 1242 3587 1308 qui-

2013 1329 2133 1382 dem
2199 1328 2252 1382 in
2305 1331 2469 1381 vitam
2532 1337 2812 1395 aeternam,
2854 1329 2940 1381 alii
2982 1344 3109 1382 vero
3155 1330 3206 1384 in
3237 1331 3585 1400 opprobrium

2009 1429 2296 1472 anernum.
2337 1438 2355 1470 ›
2391 1416 2642 1486 Nunquid
2671 1433 2799 1500 ergo
2829 1420 2899 1472 dii
2931 1432 3054 1474 sunt
3081 1430 3133 1474 et
3169 1421 3587 1492 supplicium,et

2009 1509 2394 1583 opprobrium?
2419 1509 2651 1564 Videsne
2683 1510 2734 1562 in
2768 1520 3029 1578 quantam
3087 1512 3498 1576 absurditatem,
3529 1524 3586 1570 et

2009 1599 2336 1669 impietatem
2368 1601 2571 1655 incidas
2597 1601 2665 1656 ob
2697 1602 2836 1656 hanc
2865 1602 3288 1672 homonymiam,
3313 1620 3414 1674 qua
3431 1605 3582 1674 plura

2007 1691 2279 1758 mquivoce
2302 1691 2555 1745 dicuntur
2577 1695 2825 1748 aeterna?
2858 1694 3077 1749 Illorum
3124 1711 3287 1765 porro
3337 1698 3585 1768 cogitatis

312 1783 553 1852 ἄγγελος
581 1783 614 1855 ἢ
644 1783 950 1852 ἄνθρωπος,
978 1782 1176 1853 ὁμοίως
1201 1783 1293 1836 καὶ
1316 1784 1444 1846 ἴσως
1475 1782 1629 1835 τοῦτό
1653 1785 1798 1837 ἐστιν
1828 1783 1900 1854 τῷ

2009 1782 2277 1851 dictisque
2299 1785 2583 1837 commista
2622 1785 2786 1840 veluti
2822 1798 2967 1850 sunt,
2997 1802 3059 1840 ac
3085 1798 3440 1856 supernatant
3473 1789 3584 1842 fur-

311 1880 461 1950 ἁγίῳ
497 1879 611 1932 τῶν
643 1879 812 1948 ἁγίων
873 1877 1178 1948 Πνεύματιο
1215 1878 1344 1930 αὐτὸ
1397 1876 1504 1949 γὰρ
1549 1877 1771 1948 ἀγιότης
1815 1879 1906 1932 καὶ

309 1971 612 2041 σίωνιὸτης
651 1970 713 2023 τὸ
751 1971 860 2024 πᾶν
903 1969 1158 2040 ὑπάρχει.
1197 1969 1479 2040 Πρόσχωσι
1525 1970 1721 2035 τοίνυν,
1770 1969 1906 2039 μετὰ

310 2064 482 2128 ποίας
507 2062 918 2134 μεγαλοφωνίας
956 2061 1015 2114 τὸ
1050 2060 1263 2114 αἰώνιον
1303 2061 1394 2114 ἐπὶ
1428 2060 1520 2114 τοῦ
1554 2059 1708 2129 ἁγίου
1733 2061 1903 2114 Πνεύ-

311 2172 495 2226 ματος
520 2153 826 2226 ἀνείρηται,
860 2153 955 2207 καὶ
995 2152 1074 2205 ὅτι
1106 2152 1278 2222 τούτῳ
1308 2152 1367 2205 τὸ
1395 2152 1704 2223 Θαυμαστὸν
1733 2155 1906 2206 ἐκεῖνο

308 2249 408 2301 καὶ
456 2247 622 2301 πᾶσιν
666 2245 1074 2316 ἀχωρητότατον
1103 2244 1532 2316 προσεπέθηκεν,
1561 2263 1632 2316 φη
1642 2245 1701 2314 μ).
1729 2244 1788 2298 τὸ
1818 2244 1904 2298 διὰ

305 2343 405 2395 τοῦ
441 2341 604 2409 ἁγίου
628 2338 944 2409 Πνεύματος
967 2339 1056 2392 τὸν
1091 2339 1579 2392 κατασκευάσαντα
1613 2339 1738 2401 τοὺς
1771 2339 1905 2391 αἰῶ-

306 2453 409 2496 νας
454 2433 649 2486 ἑαυτὸν
684 2435 1052 2504 προσαγαγεῖν
1099 2431 1177 2502 τῷ
1223 2430 1414 2485 ἐαυτοῦ
1460 2431 1696 2503 ἀληθινῷ
1727 2432 1902 2504 Πατρὶ

307 2525 461 2597 ὑπὲρ
488 2525 664 2595 ἡμῶν.
690 2522 1086 2593 Σκεψάσοωσαν
1102 2524 1157 2577 δέ
1179 2525 1271 2576 καὶ
1289 2524 1438 2577 ὃτιαί
1458 2522 1548 2595 [69
1580 2523 1902 2596 α]δυνάμεις

307 2619 492 2671 πᾶσαι
512 2616 623 2669 τῶν
651 2615 896 2688 οὐρανῶν
919 2618 976 2668 ἐν
1003 2615 1082 2686 τῷ
1105 2616 1244 2686 ἁγίῳ
1265 2615 1542 2687 Πνεύματί
1566 2617 1724 2679 εἰσιν,
1767 2615 1902 2670 πάν-

309 2725 422 2770 τως
457 2707 542 2760 ὅτι
583 2705 659 2769 ὡς
695 2705 1109 2777 συνδημιουργῷ
1150 2705 1244 2758 τοῦ
1288 2705 1604 2768 ἀνεπιδεοῦς
1641 2706 1903 2776 δημιουρ-

308 2799 413 2868 γοῦ
441 2815 455 2828 ⁸
514 2799 612 2852 καὶ
673 2791 852 2851 ὂτιῶν
895 2799 994 2851 οὐκ
1043 2798 1331 2869 εὐκαίρως,
1376 2798 1490 2851 ἀλλ’
1544 2797 1902 2862 ἐνδιασκεύως

309 2891 737 2962 ἐμνημόνευσαν
770 2891 1036 2963 αἰρετικοὶ
1069 2892 1300 2944 αἰωνίων
1333 2890 1517 2946 πυλῶν
1566 2891 1661 2945 καὶ
1691 2891 1899 2962 προϐάο

310 3001 423 3038 των
455 2983 521 3037 τὸ
547 2984 718 3049 τέλος,
747 2984 815 3037 τὰ
862 2987 941 3048 εἰς
980 2985 1040 3038 τὸ
1070 2984 1361 3054 κεφάλαιον
1400 2984 1561 3037 τοῦτο
1601 3002 1902 3057 προσκομι-

314 3077 518 3132 σθέντα
547 3078 683 3151 πρὸς
713 3079 868 3149 ἡμῶν
904 3079 1060 3148 λόγια
1105 3081 1392 3152 προεῖπαν.
1425 3080 1533 3132 Καὶ
1566 3079 1706 3132 ἔστω
1744 3078 1900 3149 δῆλον

2009 1872 2095 1928 fur
2126 1886 2179 1928 et
2214 1887 2567 1946 purgamenta
2590 1877 2724 1948 (75).
2761 1876 2864 1932 Sed
2891 1878 3583 1947 hujusmodicavillationes

2009 1966 2087 2020 sic
2115 1966 2506 2022 dissolvuntur.
2545 1967 2811 2022 Nimirum
2838 1970 2936 2023 etsi
2961 1969 3064 2022 alia
3087 1987 3317 2040 quoque,
3342 1981 3400 2026 ut
3423 1973 3582 2026 modo

2007 2059 2263 2126 diximus,
2314 2070 2514 2116 (eterna
2568 2070 2969 2130 nuncupentur,
3026 2073 3203 2117 tamen
3258 2078 3364 2117 non
3414 2067 3575 2118 modo

2006 2165 2124 2204 eam
2181 2153 2653 2208 nomenclaturam
2696 2169 2759 2208 ex
2805 2165 2954 2209 certo
2987 2167 3223 2226 tempore
3257 2158 3579 2228 acquisitam

2008 2243 2228 2309 habent,
2267 2246 2360 2299 sed
2401 2246 2567 2300 etiam
2596 2248 2951 2316 corruptioni,
2985 2265 3105 2317 quae
3130 2265 3195 2304 ex
3221 2251 3455 2319 promite
3488 2268 3583 2306 vo-

2007 2335 2231 2389 luntatis
2263 2337 2540 2406 animique
2588 2339 2890 2393 mutatione
2934 2340 3325 2408 proﬁciscitur,
3350 2345 3580 2399 obnoxia

2005 2437 2169 2480 sunt:
2199 2443 2262 2480 ac
2296 2428 2576 2483 dissimilis
2611 2429 2768 2498 plane
2834 2442 2916 2485 est
2967 2449 3152 2486 eorum
3192 2437 3466 2490 aeternitas
3503 2439 3584 2491 di-

2005 2521 2144 2574 vinae
2172 2521 2460 2575 aeternitati
2488 2540 2501 2577 :
2526 2523 2666 2576 sicut
2687 2538 2750 2575 ne
2781 2526 3001 2594 angelus
3020 2526 3257 2594 quidem,
3287 2536 3378 2580 aut
3397 2529 3580 2592 homo,

2004 2614 2094 2682 qui
2128 2613 2338 2667 dicatur
2369 2624 2609 2678 sanctus,
2641 2615 2804 2669 simili
2845 2616 3145 2687 eodemque
3174 2619 3332 2674 modo
3362 2632 3581 2674 sanctus

2004 2713 2108 2767 est,
2140 2719 2246 2773 quo
2311 2715 2534 2760 sanctus
2587 2717 2901 2762 sanctorum
2965 2706 3240 2777 Spiritus:
3277 2709 3379 2764 iste
3435 2712 3579 2766 enim

2005 2795 2270 2850 sanctitas
2309 2803 2453 2849 totus
2477 2805 2580 2858 est,
2615 2807 2776 2865 atque
2806 2799 3578 2869 aeternitas.Attendautergo,

2005 2903 2164 2958 quam
2195 2889 2414 2943 excelso
2447 2905 2510 2943 ac
2536 2889 2755 2943 sublimi
2789 2904 2951 2944 sensu
2999 2899 3234 2945 aeternus
3261 2892 3581 2962 pradicetur

2006 2981 2241 3050 Spiritus
2265 2991 2506 3035 sanctus.
2554 2982 3029 3048 Animadvertant,
3083 2983 3207 3037 huic
3261 2983 3579 3037 denomina-

2008 3072 2133 3125 tioni
2169 3071 2416 3126 mirabile
2445 3072 2593 3138 illud,
2637 3082 2691 3126 et
2741 3072 2962 3126 cuilibet
3015 3075 3180 3128 menti
3231 3077 3466 3128 maxime
3496 3076 3581 3128 iu-

317 3171 500 3234 αὐτοῖς
520 3140 863 3242 τὸδιαφορον
885 3140 1057 3224 τοῦ-τε
1079 3140 1328 3243 ἀναρχως
1352 3171 1443 3224 καὶ
1467 3172 1750 3242 ἀτρέπτως
1773 3140 1900 3224 αἰω-

2007 3163 2494 3233 comprehensibile
2555 3163 2826 3232 adjectum
2881 3181 3024 3230 esse,
3076 3167 3216 3236 quod
3277 3169 3484 3223 scilicet
3510 3170 3579 3232 is,

321 3261 454 3326 νίου,
473 3261 568 3316 τοῦ
597 3281 656 3316 τε
688 3263 796 3317 ἀπὸ
827 3264 1018 3335 χρόνου
1052 3265 1146 3318 κα)⁸
1171 3263 1426 3335 τρεπτοῢ,
1461 3265 1549 3316 καὶ
1573 3263 1648 3327 ὡς
1678 3265 1738 3316 οὑ
1764 3263 1896 3335 βραο-

329 3355 393 3424 χίι
426 3355 598 3416 τοῦτο,
629 3354 752 3408 οὐδὲ
791 3355 919 3426 περὶ
967 3355 1065 3426 τὴν
1107 3355 1293 3408 οὐσίαν
1336 3354 1428 3408 κα)¹
1460 3355 1520 3408 τὸ
1546 3355 1674 3408 ἄλλο
1703 3355 1897 3420 κάλλος

331 3445 448 3497 ἐστὶ
470 3446 638 3514 μόνον,
664 3446 802 3500 ἀλλὰ
825 3447 884 3498 τὸ
911 3447 1255 3500 παντάπασιν
1276 3446 1692 3517 ἐξηλλαγμένον.
1716 3447 1896 3502 Ἐστω

331 3535 386 3587 δὲ
406 3535 670 3608 γνώριμον
696 3536 791 3591 καὶ
812 3536 892 3603 τὸ,
923 3539 1004 3591 ὅτι
1041 3539 1102 3591 τὸ
1131 3538 1282 3607 ἆγιον
1313 3539 1536 3610 Πνεῦμα
1567 3540 1663 3609 τὴν
1684 3541 1808 3609 περὶ
1840 3539 1898 3591 τὸ

326 3627 540 3683 αἰώνιον
595 3631 778 3702 κρίσιν
820 3631 957 3702 πρὸς
989 3631 1083 3685 τὸν
1114 3629 1470 3702 ἐνισχύσαντα
1513 3631 1579 3684 τὰ
1612 3630 1899 3701 σύμπαντα

320 3721 450 3775 Θεὸν
472 3723 692 3794 Πατέρα
717 3725 812 3777 καὶ
838 3723 926 3777 τὸν
954 3724 1079 3777 Υίὸν
1105 3723 1237 3794 ἔχει,
1265 3725 1325 3776 οὐ
1357 3723 1492 3795 πρὸς
1512 3723 1581 3776 τὰ
1604 3724 1897 3794 κτίσματα·

315 3814 412 3866 καὶ
437 3813 702 3880 λύσαντες
734 3815 832 3887 τὴν
858 3816 1025 3888 χείρω
1049 3815 1294 3889 γνώμην,
1321 3815 1626 3870 ἐλέσθωσαν
1665 3816 1761 3887 τὴν
1784 3814 1903 3887 βελ-

384 3993 503 4060 (70)
552 3993 618 4047 Ει
643 3993 932 4048 elevamini.
959 3994 1103 4050 Psal.
1128 4011 1287 4060 χχιιι,
1319 4010 1460 4048 vers.
1497 3995 1528 4047 7
1565 4002 1619 4048 et
1651 3993 1702 4048 9.

385 4063 504 4135 (Π)
545 4066 700 4135 ᾼηηὶ.
735 4064 875 4135 PsaI.
922 4081 1104 4135 inxvr,
1134 4081 1274 4120 vers.
1307 4064 1340 4118 5
1369 4065 1492 4135 (seu
1522 4065 1605 4134 6).

385 4133 502 4204 (72)
539 4133 706 4188 Sicut.
735 4134 932 4204 Haecin
959 4134 1110 4204 Vulg.
1136 4133 1484 4190 translatiOne
1508 4151 1612 4190 nou
1635 4144 1888 4190 exstant:

307 4214 540 4259 exsmnt
565 4215 742 4258 tamen
767 4205 818 4257 in
845 4203 1030 4259 (ἵει-τερα
1060 4205 1159 4260 Job
1182 4222 1292 4272 xu,
1319 4207 1407 4263 Η.

387 4274 505 4343 (73)
552 4273 852 4343 Resurgent.
904 4276 1092 4330 Matth.
1131 4292 1258 4340 xxv,
1293 4274 1383 4341 46,
1423 4277 1511 4329 ubi
1541 4275 1729 4332 Graeca
1756 4275 1887 4331 edit.

307 4346 864 4416 proﬁvagtﬁaovrat,
900 4347 1058 4400 habet
1087 4345 1499 4400 ἀπελεύσονται.

387 4414 505 4486 (74)
542 4413 832 4486 Βεέητθειιι
878 4418 967 4486 qui
1001 4427 1142 4471 sunt.
1179 4418 1310 4471 Dan.
1345 4433 1446 4480 xu,
1491 4418 1546 4481 ε,
1605 4416 1692 4470 ubi
1727 4415 1888 4469 Corn—

2006 3258 2096 3328 qui
2128 3257 2322 3314 saecula
2362 3257 2630 3324 condidit,
2667 3269 2840 3312 semet
2892 3261 3005 3327 ipse
3052 3275 3145 3328 per
3169 3261 3432 3328 Spiritum
3463 3279 3579 3317 san-

2004 3364 2148 3407 ctum
2177 3365 2275 3406 suo
2304 3366 2432 3406 vero
2464 3350 2611 3404 Patri
2647 3367 2745 3419 pro
2782 3352 2936 3406 nobis
2961 3353 3239 3406 obtulerit.
3261 3352 3396 3408 Illud
3415 3357 3576 3408 etiam

2003 3447 2185 3500 animo
2215 3454 2480 3516 reputent,
2505 3461 2694 3500 omnes
2727 3445 2953 3498 virtutes
2992 3446 3251 3501 ccelorum
3284 3447 3335 3500 in
3375 3447 3578 3516 Spiritu

1996 3547 2186 3590 sancto
2222 3551 2343 3590 esse
2384 3535 2535 3607 (76);
2578 3536 2722 3607 quod
2759 3536 2831 3589 ita
2882 3537 3102 3590 omnino
3171 3536 3576 3605 intelligendum

2002 3627 2160 3698 155
2185 3638 2290 3694 est,
2327 3606 2522 3682 utsint
2551 3606 2604 3682 in
2661 3643 2725 3683 eo
2795 3638 3050 3696 tanquam
3109 3629 3161 3680 in
3223 3639 3493 3696 creatore,
3525 3639 3579 3684 et
3627 3606 3638 3617 ‘

1999 3732 2370 3785 concreatore,
2411 3731 2470 3776 ιιι
2493 3722 2568 3778 sic
2586 3722 2796 3792 loquar,
2824 3738 2886 3776 ac
2907 3722 3054 3776 socio
3092 3737 3195 3776 non
3230 3722 3394 3791 indigi
3423 3737 3578 3776 crea-

2003 3815 2154 3870 toris.
2181 3814 2539 3870 Considerent
2572 3815 2813 3880 demum,
2865 3829 3075 3882 earum,
3131 3813 3197 3869 de
3240 3815 3435 3882 quibus
3465 3830 3576 3870 non

2001 4000 2148 4057 runt,
2197 3989 2446 4062 σκαλμή)
2477 4005 2618 4062 ﬁcum
2669 3991 2908 4045 omnium
2959 3999 3312 4062 Interpretum
3361 3991 3572 4062 ingenia

2000 4062 2241 4125 torserit,
2277 4061 2577 4115 tumeliam
2608 4063 2859 4115 omnibus
2904 4077 3001 4127 pro
3049 4061 3315 4127 adjectivo
3361 4061 3576 4115 namiue

1997 4134 2171 4201 posita
2223 4133 2334 4186 visa
2369 4141 2474 4185 est.
2531 4130 2727 4185 Verum
2786 4147 2852 4186 ex
2903 4132 3110 4200 Didymi
3163 4131 3329 4186 nostri
3395 4132 3575 4185 verbis

2000 4202 2344 4272 perspicuum
2385 4203 2543 4270 plane
2571 4211 2675 4267 est,
2725 4216 2842 4255 eam
2880 4217 3075 4272 nomen
3117 4217 3238 4257 esse
3279 4202 3575 4255 substanti-

1997 4271 2147 4344 vum.
2201 4271 2495 4344 Xylanden
2554 4288 2652 4342 pro
2697 4272 2950 4344 icxdkplq
3007 4271 3291 4342 legendum
3346 4273 3574 4344 (putavit

1999 4341 2276 4415 σκαληνήι
2324 4352 2381 4396 ut
2415 4341 2579 4397 veluti
2629 4341 3062 4415 subintelligatur
3102 4357 3294 4395 nomen
3335 4341 3573 4415 ῥδόςηὶιι

1998 4423 2082 4468 est
2136 4411 2268 4467 t'via
2299 4433 2317 4465 ›
2355 4428 2455 4467 :ac
2503 4415 2700 4475 vertit,
2760 4434 2777 4463 ι
2807 4413 3013 4467 insidia:
3069 4422 3242 4466 tectas.
3273 4431 3292 4462 ι
3346 4411 3573 4466 Bootius

307 4476 590 4570 plutensis‘
633 4476 760 4570 edit.
809 4476 1007 4570 habet,
1039 4487 1254 4570 ἐκχῆς
1297 4476 1551 4570 Xenang
1594 4487 1887 4570 ἐξεγερθῆ-

2003 4485 2324 4570 emen‘davit,
2346 4484 2538 4570 σκαιὰ,
2567 4485 2617 4537 id
2643 4493 2818 4570 est”:
2851 4499 3060 4564 scaeva,
3083 4484 3331 4570 sinistra...
3355 4502 3373 4533 ι
3410 4481 3571 4570 Μειῇ-

307 4573 527 4630 σονται.
559 4557 663 4630 Sed
689 4555 1184 4630 Francofurtensis,
1214 4555 1271 4610 ἐν
1297 4555 1400 4629 γῆς
1433 4557 1648 4630 χώματι
1674 4555 1890 4626 ἐξεγερο

307 4628 600 4709 Θήσονται.
638 4626 786 4681 Alias
825 4629 1135 4692 varietates,
1183 4626 1369 4698 utpote
1411 4626 1561 4699 parvi
1608 4630 1889 4691 momenti,

307 4713 443 4753 οωιι
459 4709 532 4750 ιο.
1352 4750 1358 4755 .

389 4767 506 4834 (75)
552 4765 760 4836 Furfur
802 4781 847 4822 et
886 4776 1248 4839 purgamenta.
1291 4768 1346 4822 ln
1389 4765 1600 4839 Graeco,
1646 4767 1888 4839 σκάλμη.

310 4837 450 4903 Quae
521 4853 622 4890 vox
682 4840 942 4893 sollicitos
987 4837 1271 4893 'hactcnus
1336 4840 1479 4892 viros
1545 4837 1890 4893 doctissimos

311 4906 515 4972 tenuit,
541 4911 687 4976 quod
716 4909 831 4977 ejus
855 4925 1070 4964 sensum
1098 4911 1312 4978 assequi
1343 4911 1684 4976 nequiverint
1718 4927 1731 4962 :
1760 4908 1891 4962 nihil

309 4980 462 5050 enim
502 4981 607 5031 huc
627 4983 869 5050 pertinet
907 4979 1125 5050 σκαλμή
1155 4980 1264 5045 illa,
1300 4981 1412 5034 sive
1451 4979 1693 5050 σκάλμη,
1737 4980 1891 5046 cujus

311 5047 512 5101 Pollux
540 5057 594 5101 ει
612 5047 922 5120 Hesychius
957 5047 1272 5120 meminere.
1305 5066 1426 5104 cum
1453 5047 1761 5104 nihil'aliud
1795 5051 1887 5116 sit,

310 5134 480 5185 quam
508 5119 880 5183 barbaricum,
905 5135 1094 5190 nempe
1125 5119 1471 5183 Thracicum,
1499 5121 1660 5191 gladii
1697 5134 1888 5189 genus,

312 5199 407 5242 aut
447 5203 663 5243 nomen.
724 5191 779 5243 lu
831 5191 1270 5245 adnotationibus
1316 5198 1602 5258 postremae
1651 5191 1888 5246 Pollucis

311 5259 539 5312 editioni
580 5257 808 5327 adjectis
848 5259 921 5315 Μ.
962 5261 1213 5314 Aurelius
1245 5257 1548 5316 Antoninus
1592 5277 1734 5328 sazpe
1787 5260 1886 5314 hac

312 5328 554 5398 dictione
582 5344 712 5384 usus
746 5331 962 5385 dicitur.
999 5335 1067 5384 At
1108 5331 1356 5398 equidem
1391 5347 1512 5385 cum
1540 5347 1728 5385 omnes
1770 5330 1890 5386 illos

313 5397 600 5452 duodecim
645 5402 903 5454 Antonini
960 5401 1124 5454 libros
1161 5397 1430 5470 legerim,
1497 5402 1547 5454 in
1604 5417 1722 5456 eam
1781 5418 1887 5454 non

312 5470 534 5522 memini
589 5485 676 5525 me
721 5472 823 5525 nisi
872 5471 1035 5524 semel
1085 5471 1320 5525 incidere
1349 5473 1627 5526 :occurrit
1683 5471 1892 5526 scilicet

312 5538 452 5591 libro
482 5555 535 5593 ιι
578 5551 858 5609 segmento
887 5541 977 5605 15,
1017 5543 1105 5596 ubi
1154 5541 1268 5595 inec
1302 5543 1491 5594 scribit
1543 5543 1756 5605 sapiens
1803 5539 1890 5596 ille

312 5609 609 5683 imperator
637 5625 702 5683 ac
724 5611 1067 5683 philosophus
1107 5631 1121 5666 :
1164 5611 1535 5683 Ἐπιτήδευσις
1565 5611 1621 5683 δὲ
1654 5612 1890 5683 ἁπλότη-

310 5693 400 5741 τος
436 5679 660 5753 ςκὰλμη
687 5681 854 5734 ἐστίν.
891 5679 1001 5736 Vox
1037 5697 1197 5750 porro
1224 5679 1431 5739 isthinc.
1466 5682 1680 5752 σκάλμη
1712 5679 1886 5753 (sive,

315 5761 370 5802 ιιι
404 5752 676 5820 plerique,
701 5768 859 5820 quam
886 5761 952 5808 ob
973 5768 1196 5808 causam
1236 5755 1448 5818 nescio,
1494 5755 1666 5823 legere
1694 5756 1888 5808 maluco

1992 4568 2088 4609 cus
2135 4554 2483 4609 Casaubouus
2522 4553 2688 4608 lsaaci
2735 4554 2877 4607 ﬁlius
2925 4554 3086 4606 vertit
3119 4571 3131 4606 :
3173 4571 3192 4602 ι
3226 4554 3372 4607 nullo
3407 4554 3564 4607 modo

1993 4623 2351 4678 laudabilis.»
2419 4625 2490 4677 At
2560 4625 2828 4679 undenam
2904 4623 3044 4677 banc
3119 4624 3568 4692 signiﬁcationem

1992 4696 2168 4749 eruit?
2221 4693 2522 4749 Salmasius
2582 4696 2758 4760 legere
2803 4695 2989 4761 jubet,
3039 4693 3304 4763 σκαμϐή,
3358 4695 3411 4747 id
3464 4702 3567 4758 est,

1997 4781 2017 4814 ι
2049 4765 2294 4820 distorta.
2322 4783 2340 4816 ι
2390 4763 2693 4819 Gatakerus
2723 4764 3047 4818 Salmasium
3080 4764 3156 4817 ait
3203 4782 3222 4812 ι
3251 4779 3362 4817 rem
3393 4764 3566 4830 ipsam

1993 4850 2091 4888 acu
2126 4835 2385 4902 tetigisse,
2435 4851 2533 4889 nec
2565 4836 2792 4904 qutesitu
2847 4835 3072 4888 ulterius
3119 4849 3273 4902 opus.
3302 4853 3320 4885 ι
3386 4833 3571 4902 Itaque

1991 4907 2153 4959 vertit
2185 4925 2198 4960 :
2241 4928 2256 4954 ι
2289 4905 2665 4973 Simplicitatis
2693 4921 2819 4959 vero
2847 4904 3118 4958 affectatio
3146 4914 3386 4958 tortuosa
3415 4914 3515 4958 est.
3542 4923 3564 4956 ι

1993 4973 2142 5042 Mihi,
2194 4988 2252 5030 ut
2303 4992 2488 5029 verum
2540 4976 2729 5036 fatear,
2783 4975 2925 5028 nulla
2967 4990 3033 5027 ex
3088 4975 3172 5029 his
3226 4974 3573 5042 opinionibus

1992 5048 2215 5110 arridet,
2244 5048 2384 5116 quod
2412 5061 2599 5100 omnes
2633 5045 2955 5115 adjectivum
2989 5061 3189 5100 nomen
3227 5046 3300 5100 ibi
3336 5044 3568 5116 quaesie-

1993 5116 2122 5180 rint,
2180 5113 2278 5170 ubi
2303 5113 2712 5186 agnoscendum
2742 5125 2861 5170 erat
2912 5113 3570 5186 substantivum.’ltaque

1994 5186 2213 5258 σκὰλμη
2251 5201 2281 5240 a
2307 5185 2470 5258 verbo
2501 5185 2775 5250 σκάλλειν,
2808 5187 2949 5258 quod
2973 5196 3056 5240 est
3097 5205 3114 5236 ι
3144 5186 3344 5240 sarrire
3366 5204 3384 5237 ι
3422 5185 3570 5258 deri:

1993 5255 2168 5311 Vatur.
2197 5255 2427 5326 Σκάλμη
2461 5269 2640 5312 autem
2671 5257 2886 5324 prOprie
2911 5258 3130 5320 dicitur,
3163 5267 3219 5308 ut
3259 5269 3483 5326 censeo,
3514 5255 3566 5308 id

1991 5330 2134 5397 quod
2200 5324 2567 5382 «sarriendor
2641 5331 3054 5398 acipurgando
3127 5336 3336 5398 segetes
3405 5324 3568 5378 veluti

1993 5399 2204 5462 inutile,
2259 5408 2352 5452 aut
2401 5399 2623 5450 noxium
2656 5397 2917 5465 rejicitur.
2961 5397 3114 5452 Valet
3147 5397 3273 5467 ergo
3326 5413 3344 5447 ι
3374 5411 3572 5467 purga-7

1994 5480 2253 5534 tnentum,
2281 5487 2300 5518 ι
2339 5467 2634 5533 cujusmodi
2683 5477 2808 5521 sunt
2850 5468 3044 5533 furfur,
3082 5465 3234 5531 acus,
3280 5477 3334 5520 et
3370 5465 3472 5519 alia
3519 5465 3571 5517 id

1992 5555 2162 5608 genus
2201 5557 2213 5590 :
2247 5549 2302 5591 ut
2352 5537 2420 5590 M.
2467 5538 2674 5592 Aurelit
2727 5540 2993 5592 sententia
3045 5538 3154 5592 sit:
3193 5557 3210 5588 ι
3238 5536 3334 5591 Est
3388 5542 3570 5608 autem

1991 5605 2358 5678 simplicitatis
2385 5608 2550 5663 veluti
2580 5621 3013 5680 purgamentum,
3063 5608 3354 5675 aﬁ'ectatio,
3388 5625 3407 5659 ι
3456 5605 3574 5661 sive

1998 5697 2016 5727 ι
2047 5680 2352 5732 artiﬁcium.
2389 5698 2407 5729 ι

2071 5751 2180 5819 (7(3)
2223 5746 2368 5803 Esse.
2405 5750 2536 5810 Yidc
2589 5766 2757 5820 scgm.
2791 5749 2892 5805 155
2921 5768 2972 5802 (ι.
