4104 6408
525 247 630 304 519

1765 241 2002 298 DIDYMI
2039 239 2222 296 ALEX
2234 239 2511 296 ANDRINI

3678 239 3798 294 5Ξο

522 365 847 429 Opportune,
877 355 968 410 sed
1025 356 1092 410 ad
1150 355 1451 412 orationem
1503 353 1799 406 ornandam
1835 354 2095 408 memine-

2222 353 2348 406 :iova.
2369 368 2381 381 '
2413 351 2504 405 καὶ
2531 351 2980 420 θαυμαζέτωσαν,
3006 351 3128 404 ἀντὶ
3154 350 3262 404 τῶν
3284 350 3400 415 νῦν,
3427 351 3462 404 ἀ
3483 350 3799 422 θαυμάζειν

522 449 932 514 runthaaretici,
961 463 1280 503 azternarum
1304 455 1601 516 portarum,
1640 456 1695 500 et
1729 448 1906 500 ovium
1940 446 2097 500 linem

523 543 838 614 praedictum
872 555 992 596 esse
1031 541 1082 594 in
1113 540 1370 602 oraculis,
1415 552 1536 607 quae
1564 552 1594 590 a
1644 536 1796 590 nobis
1855 548 2011 590 antea
2046 536 2100 588 in

527 637 670 690 hanc
702 647 815 688 rem
843 633 1004 686 allata
1035 642 1201 686 sunt:
1243 641 1296 685 et
1320 629 1535 682 discant
1582 628 1818 690 tandem,
1852 641 1974 679 eum
2009 625 2100 695 qni

525 727 597 780 sit
625 726 743 780 sine
773 723 950 787 initio,
975 733 1027 778 et
1055 722 1470 776 imn‘tutabiliter
1498 729 1754 781 maternus,
1776 719 1844 771 ab
1865 731 1930 770 eo
1959 716 2100 785 quod

528 815 689 870 estin
744 823 986 884 tempore
1035 821 1089 867 et
1145 810 1418 874 mutabile,
1469 809 1720 873 differre;
1768 822 1944 875 neque
1975 821 2103 859 vero

529 922 755 976 parvum
791 922 910 959 esse
943 906 1046 959 hoc
1097 904 1411 967 discrimen,
1472 913 1647 969 neque
1676 901 1938 952 duntaxat
1960 900 2102 952 circa

529 999 845 1065 essentiam,
875 1008 930 1052 et
959 1013 1072 1063 eas,
1103 997 1299 1064 quibus
1323 997 1435 1049 haec
1466 1001 1715 1058 ornatur,
1746 992 2104 1061 proprietates

530 1092 758 1156 versari,
793 1090 885 1145 sed
913 1105 978 1143 ex
1013 1096 1123 1143 toto
1149 1097 1204 1142 et
1229 1087 1282 1140 in
1308 1097 1475 1140 totum
1509 1085 1696 1141 istltzec
1739 1085 1883 1137 inter
1911 1098 1969 1138 se
1997 1083 2108 1137 dis-

449 1231 455 1244 .
531 1197 776 1251 crepare.
808 1179 1005 1235 Notum
1040 1187 1218 1232 autem
1255 1177 1386 1247 ipsis
1413 1177 1510 1230 hoc
1534 1177 1700 1229 etiam
1717 1175 1809 1238 sit,
1843 1172 2102 1243 Spiritum

532 1281 775 1328 sanctum
799 1272 1002 1328 scilicet
1037 1279 1297 1324 aeternum
1329 1268 1434 1322 dici
1469 1284 1574 1322 non
1613 1275 1855 1337 respectu
1889 1278 2104 1322 creatu-

535 1380 741 1431 rarum,
766 1364 859 1418 sed
895 1372 1144 1432 respectu
1178 1361 1316 1432 ejus,
1348 1376 1378 1414 a
1412 1376 1518 1430 quo
1561 1363 1741 1414 omnia
1790 1361 1895 1414 vim
1955 1360 2101 1414 acci-

533 1456 707 1526 piunt,
742 1455 833 1509 Dei
884 1453 1064 1508 Patris
1119 1464 1174 1509 et
1227 1453 1393 1508 Filii:
1446 1467 1509 1508 ac
1538 1452 1794 1508 deteriori
1822 1451 2102 1522 repudiata

531 1547 808 1618 opinione,
833 1547 1111 1602 meliorem
1147 1546 1468 1617 eligantzet
1517 1562 1614 1616 pro
1674 1546 1760 1611 iis,
1802 1560 1922 1615 quae
1965 1559 2108 1598 nunc

533 1639 893 1701 admirantur,
919 1653 980 1693 ea
1008 1641 1367 1702 admirentur,
1408 1655 1526 1707 qua:
1558 1637 1918 1693 admiratione
1948 1636 2105 1706 digna

532 1740 679 1796 sunt,
707 1746 771 1786 ac
821 1741 1101 1785 venturum
1137 1743 1349 1800 tempus
1377 1732 1588 1786 felicius
1609 1731 1946 1801 transigant;
1979 1705 2108 1783 nihil
2141 1705 2182 1759 Β

533 1825 677 1878 enim
708 1825 837 1894 ipsis
882 1823 1182 1879 invidemus
1205 1843 1219 1854 ο
1244 1834 1298 1877 et
1333 1823 1474 1878 unde
1520 1833 1861 1892 arrogantem
1892 1835 2114 1876 accusa-

443 1957 454 1967 ..
534 1918 736 1972 tionem
773 1917 992 1971 sibimet
1033 1917 1164 1980 ipsis
1202 1917 1420 1974 noxiam
1463 1917 1939 1985 deprompsertmt,
1990 1913 2116 1968 inde

539 2011 870 2079 poenitentia:
905 2009 1324 2064 emolumentum
1356 2009 1677 2078 percipiant.
1732 2006 1788 2062 Si
1838 2007 1982 2060 enim
2011 2020 2114 2059 vox

539 2105 653 2156 haec
687 2121 705 2154 ι
737 2112 970 2156 alemus
1000 2121 1018 2154 ι
1053 2112 1309 2171 tanquam
1352 2102 1556 2170 aliquid
1604 2100 1785 2154 divina
1838 2097 2118 2168 majestate

539 2198 758 2265 dignum
791 2197 1082 2265 designans
1118 2195 1170 2248 in
1198 2194 1498 2265 Seripturis
1533 2193 1599 2247 de
1621 2193 1730 2248 Deo
1757 2192 1916 2246 Patre
1959 2205 2024 2245 ac
2052 2191 2118 2245 de

540 2289 676 2345 Filio
699 2291 837 2344 dicta
867 2287 988 2354 fuit,
1046 2287 1210 2345 simili
1256 2300 1310 2341 et
1363 2287 1556 2356 aequali
1609 2287 1766 2342 modo
1796 2284 2116 2354 accipienda

538 2394 625 2437 est
658 2381 750 2437 ubi
784 2381 984 2436 dicitur
1041 2381 1108 2436 de
1159 2379 1362 2450 Spiritu
1397 2379 1512 2434 Dei.
1554 2379 1730 2445 Atque
1756 2375 1871 2430 haec
1897 2374 2117 2444 quidem

540 2481 623 2528 est
651 2473 820 2542 prima
870 2472 1170 2540 resnonsio.
1229 2471 1415 2525 Altera
1469 2485 1600 2525 vero
1661 2477 1747 2522 est
1793 2464 2114 2534 lrujusmodi.

543 2563 696 2617 Nulla
733 2578 800 2618 ex
831 2564 899 2618 iis
932 2565 1092 2619 rebus
1118 2563 1360 2628 aeternis,
1411 2576 1550 2632 quas
1605 2566 2117 2621 commemorarunt,

545 2655 890 2709 denominata
917 2666 1002 2710 est
1027 2663 1118 2709 aut
1151 2653 1363 2722 divina,_
1397 2663 1489 2706 aut
1537 2661 1762 2705 sanctus
1794 2648 2026 2719 Spiritus
2055 2661 2117 2701 ex

543 2746 654 2801 Deo
687 2746 1008 2816 procedens,
1033 2759 1224 2811 nempe
1259 2760 1423 2797 unum
1474 2742 1605 2813 quid
1637 2750 1691 2795 et
1728 2741 1976 2808 simplex,
2009 2753 2117 2792 non

545 2839 700 2909 plura
740 2839 1041 2904 cxsistens;
1077 2853 1251 2908 neque
1279 2837 1384 2891 ulla
1416 2851 1480 2890 ex
1523 2835 1657 2905 ipsis
1693 2833 1849 2888 simul
1870 2848 1990 2886 cmn
2019 2830 2121 2885 Pa-

547 2941 628 2983 tre
652 2938 706 2983 et
753 2927 890 2982 Filio
922 2929 973 2981 in
1005 2928 1186 2982 divina
1212 2925 1558 2997 baptismatis
1595 2923 1952 2996 mystagogia,
1982 2923 2118 2976 divi-

2201 444 2376 511 ἀξιον·
2411 445 2502 497 καὶ
2532 443 2893 514 πραξάτωσαν
2927 442 3119 512 βελτίω
3157 443 3248 496 τὸν
3282 443 3421 513 μετά
3457 443 3626 496 ταῦτα
3660 442 3800 513 χρό‹

2201 553 2323 588 νον·
2358 535 2549 606 φθόνος
2604 535 2711 608 γὰρ
2762 535 2966 599 οὐδείς·
3026 535 3119 588 καὶ
3165 534 3258 605 ἀφ’
3292 528 3366 587 ὧν
3407 535 3506 606 τὴν
3549 535 3799 599 ἀλαζόνα

2205 625 2408 698 μέμψιν
2443 626 2818 697 ποιησάμενοι,
2857 627 3086 688 ἑαυτοὺς
3115 625 3377 695 ἔϐλαψαν,
3411 626 3663 679 ἐντεῦθεν
3694 631 3803 680 καὶ

2202 721 2262 774 τὸ
2290 719 2390 789 τῆς
2425 719 2783 790 μεταμελείας
2814 719 3003 788 ὄφελος
3030 719 3543 787 ἀπενεγκάσθωσαν.
3572 721 3633 771 Εἰ
3657 721 3800 790 γάρ,

2202 812 2278 876 ὡς
2312 810 2612 881 θεοπρεπές
2636 828 2687 863 τι
2713 811 3096 881 ὲνδεικνυμένη
3125 813 3157 879 ἡ
3187 810 3330 876 λέξις
3356 810 3515 881 αὕτη,
3548 810 3801 882 ἐχρήσθη

2205 903 2332 974 περὶ
2359 902 2452 955 τοῦ
2476 901 2610 956 Θεοῦ
2634 902 2847 973 Πατρὸς
2883 905 2974 955 καὶ
3007 902 3099 955 τοῦ
3126 902 3278 964 Υίοῦ,
3307 902 3435 965 ἴσως
3468 904 3559 954 καὶ
3593 902 3805 972 ὁμοίως

2205 994 2499 1065 ὲκληφθείη
2524 994 2588 1047 ἂν
2619 993 2859 1065 περὶτοῦ
2889 993 3200 1064 Πνεύματος
3230 994 3323 1047 τοῦ
3357 994 3511 1048 Θεοῦ.
3556 995 3651 1046 Ἓν
3695 995 3806 1064 μὲν

2203 1087 2267 1156 δὴ
2300 1086 2488 1139 τοῦτο’
2523 1083 2708 1154 ἕτερον
2747 1085 2824 1148 δὲ,
2855 1087 2936 1138 ὅτι
2970 1087 3120 1139 οὐδὲν
3169 1077 3242 1137 ὧν
3283 1085 3634 1158 ἐμνήσθησαν
3672 1087 3806 1138 αἰω-

2204 1179 2353 1239 νίων,
2381 1179 2820 1249 προσηγόρευται
2865 1177 3026 1241 θεῖον,
3062 1178 3095 1249 ἢ
3127 1177 3348 1248 Πνεῦμα
3394 1177 3550 1244 ἅγιον
3593 1178 3657 1229 ὲκ
3699 1175 3804 1228 τοῦ

2205 1270 2340 1324 Θεοῦ
2372 1271 2722 1342 ὲκπορευθὲν,
2753 1272 2921 1342 ἤγουν
2949 1272 3007 1325 ἓν
3037 1289 3113 1332 τι,
3146 1271 3240 1324 καὶ
3279 1270 3353 1342 μὴ
3377 1271 3578 1341 πλῆθος
3611 1270 3689 1323 δν·
3710 1271 3806 1323 ού-

2206 1362 2260 1415 δὲ
2324 1363 2672 1417 συντάττεται
2709 1363 2788 1435 τῷ
2820 1365 2994 1435 Πατρὶ
3048 1365 3143 1418 καὶ
3197 1363 3276 1434 τῷ
3334 1364 3450 1434 Υἱῴ
3505 1364 3588 1427 είς
3642 1363 3805 1416 θείαν

2211 1457 2597 1527 μυσταγωγίαν
2639 1457 2733 1509 καὶ
2773 1456 2960 1528 θεῖκὴν
3003 1457 3232 1529 δωρεάν,
3261 1456 3380 1509 οὐδὲ
3421 1455 3590 1527 ἄλλης
3630 1456 3800 1519 τινος,

2209 1549 2295 1602 ἵνα
2338 1549 2412 1620 μὴ
2451 1549 2621 1602 πολλὰ
2649 1549 2813 1618 λέγω,
2851 1548 3065 1618 θεότητι
3099 1549 3406 1618 ἀνηκούσης
3437 1549 3604 1618 τιμῆς
3637 1547 3808 1616 ἠξίω-

2208 1653 2320 1694 ται.
2353 1638 2516 1694 Ἀλλο
2541 1641 2676 1712 πρὸς
2706 1639 2918 1703 τούτοις
2937 1658 2950 1670 ·
3000 1640 3057 1690 Ὁ
3083 1639 3216 1702 Θεὸς
3237 1639 3331 1691 καὶ
3361 1637 3550 1709 Πατὴρ
3580 1637 3808 1706 εὐδόκη-

2214 1751 2305 1787 σεν
2330 1733 2421 1787 διὰ
2449 1732 2556 1806 [69
2591 1730 2653 1806 b]
2682 1732 2775 1786 τοῦ
2806 1731 2936 1786 Υίοῦ
2965 1732 3127 1786 αὑτοῦ
3155 1732 3328 1800 Λόγου
3359 1732 3532 1785 πάντα
3549 1730 3808 1802 δημιουρ·

2213 1826 2470 1897 γηθῆναι.
2520 1828 2630 1880 Καὶ
2658 1827 2806 1886 ποία,
2842 1827 2916 1890 ὡς
2951 1825 3405 1898 ὀνειροπολοῦσιν,
3451 1825 3690 1895 λοιδορία
3723 1822 3806 1892 τῷ

2213 1917 2493 1989 Πνεύματι
2525 1917 2689 1972 αὑτοῦ
2720 1917 2797 1988 τῷ
2827 1918 3076 1988 παναγίῳ
3113 1919 3176 1970 ὲκ
3214 1916 3305 1970 τοῦ
3349 1915 3423 1987 μὴ
3461 1914 3805 1985 δημιουργῆ-

2216 2027 2327 2075 σαι,
2369 2011 2422 2064 εί
2449 2027 2511 2079 γε
2542 2011 2671 2081 ἄρα,
2721 2011 2838 2062 κατ’
2870 2010 3084 2071 αὑτοὺς,
3120 2010 3194 2080 μὴ
3242 2008 3497 2080 ἀρρήτως
3544 2007 3806 2077 συνεργόν

2215 2102 2331 2153 ἐστι
2361 2099 2438 2171 τῷ
2477 2099 2825 2172 Δημιουργῷ,
2860 2100 2935 2164 ὼς
2975 2102 3002 2153 ὁ
3040 2100 3258 2170 Πατήρ;
3284 2100 3406 2151 Ὅτι
3435 2098 3491 2150 δὲ
3524 2096 3618 2150 τοῦ
3656 2115 3810 2168 μονο-

2217 2193 2409 2263 γενοῦς
2437 2191 2600 2246 αὑτοῦ
2635 2191 2765 2245 Υίοῦ
2800 2191 2996 2260 Λόγου,
3038 2191 3131 2244 καὶ
3161 2189 3253 2243 τοῦ
3288 2190 3405 2252 ἐνὸς
3436 2188 3595 2258 ἁγίου
3629 2188 3806 2242 Πνεύ-

2221 2307 2408 2362 ματος,
2461 2291 2610 2342 πᾶσα
2661 2287 2910 2358 ἐνέργεια
2951 2288 3046 2341 καὶ
3088 2285 3284 2358 δωρεὰ,
3317 2285 3680 2356 δημιουργική
3720 2300 3803 2348 τε,

2218 2382 2397 2453 ἀγαθή
2448 2399 2508 2434 τε
2546 2381 2640 2434 καὶ
2665 2379 2868 2443 τελεία,
2893 2379 2988 2432 καλ⁸
3022 2377 3175 2448 κοινὴ
3205 2376 3382 2430 αὑτῶν
3417 2375 3675 2446 ὑπάρχει,
3712 2375 3808 2428 ἀν-

2220 2473 2410 2541 άγεται
2434 2471 2490 2524 δὲ
2515 2470 2613 2526 ὅλα
2641 2471 2722 2533 είς
2748 2470 2838 2522 τὸν
2859 2469 2974 2530 ἕνα,
3006 2470 3062 2535 ἐξ
3089 2463 3148 2522 οὗ
3183 2470 3276 2521 καὶ
3311 2468 3408 2520 σὺν
3439 2460 3483 2534 ᾧ
3511 2467 3808 2538 ἀφράστως
3829 2524 3841 2532 ,κ

2223 2563 2560 2633 ἐξεφάνησαν
2583 2564 2638 2616 at!
2663 2561 2928 2633 μακαρίαι
2960 2561 3285 2622 ὑποστάσεις
3307 2553 3467 2612 αὗται
3489 2576 3500 2588 ·
3539 2560 3712 2629 ῥᾷστα
3742 2560 3807 2611 ἂν

2222 2653 2526 2726 καταμάθοι
2570 2656 2598 2708 6
2641 2653 2885 2717 ἐξέτασίν
2933 2669 3055 2706 τινα
3086 2655 3259 2724 ἡσυχῆ
3299 2652 3666 2724 ποιησάμενκ
3696 2652 3805 2704 τῶν

2223 2749 2414 2818 σοφίας
2447 2747 2658 2818 μεστῶν
2698 2746 2914 2816 λογίων,
2954 2747 3062 2798 τῶν
3102 2765 3162 2800 τε
3201 2748 3257 2799 ἐν
3303 2745 3578 2816 διαφόροις
3625 2745 3808 2806 τόποις

2221 2839 2376 2893 τοῦδε
2408 2837 2500 2892 τοῦ
2529 2837 2732 2909 βιϐλίου
2772 2837 3265 2910 μνημονευθεισῶν,
3295 2837 3402 2890 τῶν
3421 2855 3480 2889 τε
3510 2839 3568 2890 ὲν
3596 2837 3674 2907 τῷ
3703 2838 3808 2907 πρὸ

2224 2933 2408 2988 αὑτοῦ.
2451 2933 2560 2986 Καὶ
2598 2931 2809 2995 Παῦλος
2855 2931 2931 2995 δὲ,
2977 2930 3036 2983 ού
3080 2930 3342 3001 κρείττων
3389 2929 3422 2998 ἣ
3458 2931 3580 2983 κατ’
3607 2925 3810 2997 ἀνθρὼο

545 3033 735 3089 tneque
757 3019 941 3089 gratia:
962 3018 1245 3090 largitione
1276 3016 1592 3083 collocatur,
1656 3030 1829 3084 neque
1887 3014 1992 3068 ullo
2020 3013 2119 3068 alio

2226 3044 2381 3090 πους,
2437 3027 2712 3096 ἀπέφηνεν
2731 3023 2890 3077 τοῦτο
2955 3021 3202 3092 φανερῶς
3257 3020 3806 3089 διαϐεϐαιωσάμενος,

545 3113 750 3166 honore
807 3112 991 3166 deltati
1044 3111 1402 3168 conveniente
1437 3111 1541 3181 (ne
1580 3111 1732 3179 plura
1789 3107 2120 3177 enumerem)

545 3205 765 3275 dignata
791 3214 896 3258 est.
949 3204 1106 3258 Aliud
1158 3212 1420 3274 pra-terea
1469 3203 1685 3256 addam.
1733 3200 1828 3254 Dei
1863 3210 1916 3253 et
1949 3198 2126 3253 Patris

545 3293 940 3364 complacentia’
970 3292 1093 3360 fuil,
1123 3303 1182 3348 ut
1207 3309 1302 3363 per
1326 3292 1521 3347 Filiqu
1549 3307 1706 3346 suum
1751 3289 1984 3344 Verbum
2011 3304 2127 3343 om-

547 3387 633 3440 nia
663 3393 986 3440 crearentur
1022 3403 1038 3445 ;
1089 3386 1267 3456 qualis
1294 3396 1478 3440 autem
1523 3383 1868 3440 sanctissimo
1899 3381 2124 3450 Spiritui

547 3478 748 3548 injuria
784 3493 889 3531 non
922 3477 1235 3545 inferretur,
1273 3479 1344 3542 si,
1375 3487 1434 3530 ιιι
1460 3475 1560 3545 ipsi
1614 3474 1904 3532 somniant.
1943 3486 2129 3526 creare

548 3585 656 3624 non
696 3568 1008 3624 diceretur?
1037 3569 1289 3623 nimirum
1317 3569 1386 3635 si,
1421 3579 1476 3620 ut
1506 3568 1540 3621 ii
1579 3560 1787 3632 volunt,
1816 3565 1978 3621 simul
2007 3579 2127 3616 cum

545 3660 808 3715 Creatore
838 3675 994 3728 aeque
1055 3674 1119 3715 ac
1178 3659 1340 3713 Pater
1395 3657 1741 3713 ineﬂ‘abiliter
1777 3655 1990 3726 operari
2023 3669 2127 3707 non

549 3753 907 3808 crederetur?
939 3751 1091 3817 Quod
1132 3763 1312 3806 autem
1352 3750 1612 3819 unigeniti
1647 3748 1765 3818 ejus
1802 3744 2127 3809 FiliiVerbi,

546 3853 605 3897 et
641 3843 800 3898 unius
835 3841 1073 3914 Spiritus
1097 3843 1270 3900 sancti
1316 3840 1562 3911 Operatio
1599 3839 1799 3906 omnis,
1828 3848 1990 3907 atque
2027 3837 2130 3890 lar-

548 3935 680 4004 gitio
713 3945 769 3990 et
796 3935 1076 3990 Creatoris
1101 3935 1344 4006 propria,
1376 3944 1429 3990 et
1470 3934 1635 3996 bona,
1673 3943 1730 3986 et
1775 3930 2038 4001 perfecta,
2077 3941 2133 3984 et

546 4029 855 4083 communis
881 4027 1123 4096 ipsorum
1159 4027 1250 4092 sit,
1287 4026 1470 4081 omnia
1525 4039 1656 4079 vero
1715 4024 1772 4077 in
1819 4023 2036 4076 unicum
2069 4036 2132 4076 ac

495 4105 498 4108 ί
549 4119 724 4172 enlunt
750 4116 1079 4179 referantur,
1129 4131 1198 4170 ex
1246 4131 1373 4184 quo,
1407 4123 1463 4169 et
1508 4130 1632 4168 cum
1682 4128 1789 4181 quo
1821 4112 1993 4167 beata:
2020 4112 2134 4165 istae

551 4210 870 4280 ltypostases
906 4207 1067 4278 156
1114 4205 1460 4261 ineﬂ‘abiliter
1511 4204 1834 4266 eluxerunt,
1880 4202 2135 4258 facillime

553 4303 817 4370 intelliget
845 4302 936 4370 qui
962 4300 1181 4356 oracula
1207 4300 1487 4370 sapientia)
1529 4299 1686 4368 plena
1723 4314 1844 4352 cum
1873 4297 1927 4351 in
1958 4298 2137 4351 diver-

2229 3117 2539 3189 Κορινθίοις
2570 3118 2668 3187 μέν
2689 3133 2701 3145 ο
2739 3135 2757 3166 ι
2781 3113 2943 3168 Ἀλλὰ
2971 3113 3365 3174 ἀπελούσασθε,
3399 3111 3534 3165 ἀλλά
3561 3110 3809 3164 ἐδικαιὼ-

2229 3205 2379 3279 θητε,
2412 3207 2546 3261 ἀλλά
2577 3206 2876 3278 ἡγιάσθητε
2937 3207 2996 3258 ὲν
3047 3204 3126 3276 τῷ
3183 3203 3404 3274 ὀνόματι
3458 3203 3554 3255 τοῦ
3605 3202 3808 3273 Κυρίου

2225 3300 2384 3370 ἡμῶν
2430 3298 2602 3370 Ἰησοῦ
2627 3297 2887 3370 Χριστοῦ,
2922 3298 3016 3352 καὶ
3054 3298 3110 3349 ὲν
3133 3295 3210 3367 τῷ
3232 3294 3509 3366 Πνεύματι
3533 3294 3628 3348 τοῦ
3677 3293 3809 3346 Θεοῦ

2229 3391 2406 3462 ἡμῶν.
2451 3410 2470 3443 ι
2504 3389 2690 3460 Ἀθρει
2721 3385 2834 3456 οῦν,
2869 3387 3045 3460 ἄθρει,
3081 3388 3156 3450 ὡς
3185 3390 3231 3440 εἰ
3267 3387 3446 3440 θεῖκὸν
3479 3386 3667 3455 ὄνομα,
3703 3383 3812 3436 ῶσ-

2228 3502 2335 3556 περ
2375 3480 2464 3537 οῦν
2496 3483 2696 3545 θεῖκὸν,
2726 3483 2788 3535 τὸ
2817 3481 2911 3534 τοῦ
2956 3479 3108 3543 Υἱοῦ,
3143 3480 3440 3544 ἐξάπαντος
3480 3479 3576 3531 καὶ
3611 3476 3672 3529 τὸ
3717 3475 3812 3530 τοῦ

2230 3578 2385 3646 ἁγίου
2425 3575 2770 3646 Πνεύματοςυ
2814 3575 2870 3628 ἓν
2920 3574 3028 3644 γάρ
3069 3575 3268 3644 ἀμφοῖν
3315 3571 3493 3624 αὐτῶν
3548 3571 3816 3642 ἐδήλωσεν

2229 3669 2418 3738 ὄνομα.
2463 3669 2572 3721 Καὶ
2616 3669 2718 3731 ὅτι,
2774 3667 2849 3731 ὡς
2907 3665 3202 3735 συγκτίσαν
3256 3665 3508 3735 ἀρρήτως
3557 3663 3616 3716 τὸ
3661 3663 3815 3730 άγιον

2231 3760 2454 3830 Πνεῦμα
2477 3761 2629 3833 παρὰ
2661 3761 2759 3830 τὴν
2787 3760 2984 3831 ἀρχὴν,
3013 3757 3106 3811 καὶ¹
3139 3757 3234 3810 νῦν
3267 3754 3567 3820 ἀνακτίζει.
3600 3755 3673 3808 Τὸ
3705 3754 3816 3825 γὰρ

2231 3850 2658 3913 ἀπολούει-ασθαι,
2702 3850 2762 3903 τὸ
2802 3849 3192 3919 ἀνακτισθῆναι
3226 3847 3517 3916 ἐσήμανεν.
3549 3845 3693 3914 Τίτῳ
3728 3843 3813 3896 δέ·

2237 3959 2256 3992 ι
2296 3942 2696 4013 Ἀναγεννήσας
2717 3941 2866 4011 ἡμᾶς
2893 3940 2982 3994 διὰ
3020 3938 3246 4009 λουτροῦ
3285 3937 3698 4006 παλιγγενεσίας
3722 3936 3820 3989 καὶ

2232 4033 2626 4094 ἀνακαινίσεως
2656 4032 2973 4102 Πνεύματος
3007 4029 3184 4098 ἁγίου.
3224 4047 3242 4080 ›
3279 4028 3445 4081 Οὐδὲν
3462 4028 3519 4080 δὲ
3534 4022 3695 4099 ἦττον
3723 4026 3818 4079 καὶ

2231 4127 2261 4180 6
2294 4123 2662 4196 Ίεροψάλτης,
2698 4123 2825 4185 τοὺς
2856 4122 2956 4192 ἤδη
2988 4124 3044 4174 ἐν
3083 4121 3295 4189 γενέσει
3329 4119 3693 4191 ὑπάρχοντας,
3723 4117 3820 4170 νῦν

2234 4215 2583 4287 κτιζομένους
2606 4217 2664 4268 ὲν
2691 4217 2756 4284 τῇ
2779 4214 2900 4287 θείᾳ
2914 4212 3270 4284 κολυμϐήθρᾳ
3283 4211 3664 4282 πνευματικῶς
3680 4210 3826 4274 ἀξιοῖ

2235 4308 2450 4362 εἰδέναι.
2491 4308 2659 4379 Φησὶν
2695 4306 2804 4379 γάρ
2822 4325 2836 4340 ο
2885 4326 2903 4359 ι
2927 4307 3068 4370 Λαὸς
3096 4309 3124 4360 6
3149 4305 3468 4376 κτιζόμενος
3493 4305 3696 4358 αἰνέσει
3731 4305 3822 4357 τὸν

551 4399 628 4451 sis
653 4397 808 4462 hujus
837 4395 960 4448 libri
1023 4394 1180 4458 locis,
1231 4406 1343 4448 tum
1404 4394 1458 4447 in
1505 4393 1782 4461 superiore
1817 4391 1952 4445 libro
1979 4406 2119 4444 com-

2232 4401 2454 4472 Κύριον.
2490 4420 2509 4453 ι
2543 4400 2751 4454 Οὔκουν
2785 4403 2839 4455 αἱ
2885 4399 2983 4470 τὴν
3038 4399 3205 4468 αὑτὴν
3232 4399 3394 4469 τιμὴν
3421 4398 3513 4451 καὶ
3542 4397 3824 4467 ἐνέργειαν

555 4496 852 4541 memorata
885 4485 1022 4556 (77),
1057 4487 1242 4554 quieto
1266 4485 1378 4556 (78)
1406 4501 1468 4540 ac
1499 4485 1788 4555 tranquillo
1827 4486 2009 4538 animo
2034 4484 2130 4537 ali-

552 4575 868 4645 quantulmn
919 4575 1215 4646 expendat.
1287 4575 1397 4631 Sed
1449 4575 1647 4631 Paulus
1702 4591 1916 4645 quoque
1963 4591 2126 4646 Supra

553 4683 896 4723 communem
929 4668 1207 4722 hominum
1249 4669 1612 4723 conditionem
1644 4668 1816 4722 elatus
1853 4666 1963 4740 (79)
2013 4683 2126 4720 nta-

554 4761 752 4817 nifesto
782 4761 832 4814 id
863 4759 1123 4825 declarat,
1151 4761 1275 4814 dum
1326 4759 1379 4813 in
1428 4759 1667 4827 Epistola
1725 4760 1792 4812 ad
1817 4758 2126 4812 Corinthios

553 4853 669 4908 base
694 4861 970 4908 asseverat
995 4871 1009 4905 :
1057 4869 1076 4902 ι
1111 4852 1218 4905 Sed
1241 4850 1407 4905 abluti
1433 4849 1543 4922 (80)
1561 4851 1712 4914 estis,
1738 4850 1828 4904 sed
1850 4849 2125 4916 jnstilicati

555 4945 707 5011 estis,
727 4943 819 4998 sed
853 4943 1172 4998 sanetilicati
1194 4945 1324 4998 estis
1357 4944 1409 4998 in
1459 4944 1677 4997 nomine
1709 4943 1918 4996 Domini
1954 4943 2129 4998 nostri

558 5037 686 5092 Jesu
715 5035 934 5101 Christi,
971 5045 1048 5090 et.
1079 5036 1131 5090 in
1182 5036 1385 5105 Spiritu
1439 5036 1532 5090 Dei
1590 5035 1784 5090 nostri.
1813 5057 1831 5088 ι
1889 5034 2124 5092 Observa

639 5223 739 5297 \77)
794 5221 1232 5297 Continernorata.
1287 5219 1466 5297 Codex
1518 5219 1696 5297 habet,
1744 5219 2127 5297 μνημονευθει-

558 5291 862 5361 σῶν”ιιιι;ιξ
918 5293 1075 5348 lectio
1113 5292 1232 5345 sine
1281 5291 1441 5361 dubio
1483 5291 1733 5343 mendosa
1775 5304 1877 5343 est.
1925 5291 2129 5359 Legen-

557 5371 682 5423 dunt
763 5359 1013 5425 Scilicet,
1092 5359 1615 5432 pvqpovsuOt-Evcwv'_
1665 5370 1762 5432 aut
1838 5361 2130 5430 putandum

559 5440 746 5519 deesse
778 5437 1069 5489 dictionem
1095 5429 1368 5502 aliquam,
1401 5441 1459 5485 ut
1489 5429 1850 5496 ἀποδείξεων,
1881 5433 1965 5486 vel
1998 5448 2138 5502 μαρ-

557 5524 782 5560 τυοιων.

630 5524 990 5643 ῗῖιὲἴᾯυίειο.
1023 5573 1226 5638 Codex,
1255 5574 1441 5643 ἡσυχῖ.
1477 5571 1621 5642 Lego
1649 5573 1845 5642 ἡσυχῆ.

661 5578 750 5635 78)
784 5578 990 5641 Quieto.
1023 5578 1226 5638 Codex,
1255 5578 1441 5643 ἡσυχῖ.
1479 5578 1621 5642 Lego
1649 5578 1845 5642 ἡσυχῆ.

634 5578 746 5717 ί79)
779 5643 1442 5717 Ειαιιιδκίᾷίιιὶθχῄιιιιὺυι,
1485 5643 1545 5717 οὐ
1583 5643 1866 5717 κρείττων.
1913 5641 2024 5714 Ego
2063 5643 2143 5698 sic

562 5715 834 5785 transtuli,
862 5716 1015 5789 quasi
1045 5715 1328 5785 legendum
1367 5715 1459 5782 sit,
1477 5715 1504 5767 6
1529 5715 1813 5783 κρείττων.

2233 4494 2447 4564 ἔχουσαι
2480 4494 2802 4556 ὑποστάσεις
2820 4493 2910 4565 ['10
2930 4492 2983 4565 a]
3003 4492 3098 4564 τὴν
3121 4493 3285 4563 αὐτὴν
3319 4489 3700 4562 ἐκληρώσαντο
3723 4488 3825 4557 φύ-

2235 4601 2339 4648 σιν,
2376 4586 2467 4638 ml.
2491 4584 2640 4638 οὐδὲν
2670 4583 2882 4655 θεότητι
2905 4584 2998 4636 καὶ
3027 4582 3253 4654 δυνάμει
3283 4582 3626 4653 διαφέρουσιν
3653 4579 3821 4650 ἀλλή-

2231 4677 2358 4739 λων,
2378 4678 2536 4747 μόναι
2551 4675 2606 4728 δὲ
2629 4674 2992 4746 συμφύεσθαι,
3021 4675 3116 4731 καὶ
3135 4673 3553 4743 ξσυντάττεσθαι,
3569 4672 3663 4726 καὶ
3685 4687 3822 4724 παν-

2232 4767 2394 4837 ταχοῦ
2419 4766 2845 4820 συνεπινοεῖσθαι
2865 4767 3116 4820 δύνανται
3145 4765 3220 4837 τῷ
3243 4766 3339 4818 ἑνί·
3369 4765 3426 4828 ὃς
3442 4765 3607 4835 ἄμφω
3635 4764 3818 4827 αὐτὸς,

2234 4857 2334 4928 οὑχ
2354 4851 2428 4910 ῶν
2451 4857 2508 4910 αἱ
2533 4857 2860 4919 ὑποστάσεις
2877 4859 3099 4928 ἀμφοῖν,
3119 4858 3232 4928 ἔχει
3255 4857 3314 4922 ἐξ
3330 4857 3522 4911 ἑαυτοῦ
3546 4841 3818 4926 ἀνάρχως,

2232 4952 2325 5004 καλ¹
2352 4950 2411 5015 ἐξ
2457 4948 2597 5012 ῐσου,
2625 4950 2720 5003 καλ¹
2749 4949 2961 5020 ὁμοίου,
2989 4949 3082 5003 καὶ
3117 4949 3358 5012 ἀλέκτως
3393 4948 3698 5021 ἡνωμένας,
3728 4945 3822 5000 κλὶ

2232 5045 2475 5114 συνεχεῖς
2491 5041 2588 5105 τὰς
2609 5041 2955 5106 ὑποστάσεις.
2971 5042 3095 5098 Ἐτι
3121 5045 3257 5115 πρὸς
3271 5045 3384 5106 τοῖς
3398 5040 3664 5112 λεχθεῖσιν
3677 5057 3693 5072 ·
3711 5041 3825 5093 Πᾶν

2309 5221 2416 5291 (80)
2443 5220 2546 5278 Sed
2586 5223 2770 5278 abluti.
2809 5222 2974 5281 lCor.
3005 5241 3079 5289 vr,
3115 5224 3200 5278 ll.
3231 5221 3488 5279 Ordinem
3540 5221 3828 5277 verborum

2245 5309 2349 5346 non
2381 5295 2628 5348 «itindem
2679 5298 2900 5350 omnino
2933 5295 3132 5349 habent
3169 5295 3361 5348 Biblia.
3406 5293 3540 5349 Vide
3587 5303 3698 5346 not.
3736 5294 3832 5359 9‘,

2244 5379 2364 5435 pag.
2393 5364 2482 5416 54.
2513 5363 2770 5435 Didymus
2807 5368 2858 5419 in
2889 5367 2981 5420 lib.
3024 5364 3097 5417 De
3125 5363 3328 5424 Spiritu
3355 5377 3556 5435 sancto,
3588 5379 3738 5435 num.
3771 5363 3834 5429 4,

2240 5434 2314 5486 ita
2351 5435 2464 5486 Ita-c
2508 5433 2700 5504 allegat
2733 5455 2746 5488 :
2778 5455 2795 5485 ‹
2822 5436 3109 5502 Apostolus
3157 5449 3374 5504 quoque
3411 5439 3478 5488 ad
3520 5433 3832 5488 Corinthios

2241 5504 2510 5567 scribens,
2552 5515 2605 5559 et
2639 5521 2966 5576 enumerans
3007 5523 3136 5572 eos,
3189 5508 3280 5576 qui
3314 5521 3536 5576 regnum
3569 5506 3832 5558 caelorum

2242 5585 2370 5629 sunt
2403 5577 2749 5629 consecuturi
2783 5574 3098 5644 (legendum
3157 5574 3288 5643 puto
3333 5593 3453 5629 cum
3486 5574 3836 5628 Bibliotheca)

2244 5647 2677 5698 nostraet-odice:
2703 5663 2836 5698 ιιιοιι
2861 5651 3342 5700 smitcnnsecuturi
3361 5664 3411 5708 ι,
3437 5647 3585 5698 addit
3613 5644 3830 5700 dicens:

2243 5713 2310 5769 Et
2341 5715 2452 5769 lucc
2481 5717 2688 5786 quidem
2723 5716 2921 5785 fuistis,
2947 5722 3034 5770 sed
3066 5721 3228 5772 abluti
3261 5728 3406 5783 esus,
3439 5738 3455 5767 ι
3502 5728 3610 5771 etc.
