4104 6408
274 373 371 429 521

1323 367 1406 421 DE
1446 364 1825 422 TRINITATE
1862 364 2067 421 LIBER
2107 365 2487 424 SECUNDUS.

3423 363 3528 419 5:29.

272 493 546 563 δικαίωμα
576 490 689 544 τῶν
710 490 1001 561 αἱρετικῶν
1024 490 1225 544 τούτων
1260 487 1635 559 ὁμοιότροπον,
1660 486 1847 559 ὥσπερ

1957 503 2101 557 ergo,
2127 485 2375 551 observa,
2416 486 2460 540 si
2516 484 2756 539 divinum
2806 492 2911 547 est,
2966 491 3025 536 ut
3066 497 3195 537 sane
3247 491 3352 550 est,
3405 484 3529 539 Filii

274 584 363 637 καὶ
394 579 742 652 ὁμοιόλεκτὸν
770 582 886 632 ἐστι
918 580 1017 649 τῆς
1043 579 1137 632 νῦν
1165 580 1488 648 κινουμένης
1521 577 1717 630 αἱώλου
1752 579 1848 631 αὐ-

273 675 375 727 τῶν
411 672 747 742 σοφιστείας,
794 672 870 734 ὡς
920 670 1275 741 μαθησόμεθα
1323 668 1438 738 μετ’
1484 669 1542 720 οὐ
1594 667 1727 721 πολὺ
1780 672 1845 739 τῇ

272 769 432 838 πείρᾳ
467 765 527 830 ἐξ
561 764 743 817 αὐτῶν
778 764 884 817 τῶν
907 762 1234 830 κεφαλαίων.
1275 762 1336 813 Εἰ
1374 760 1482 830 γὰρ
1515 761 1673 831 τυχὸν
1707 760 1849 823 λέξιν

269 861 411 922 τινα,
444 859 519 921 ὡς
566 857 667 928 τὴν
710 875 728 907 ι
766 855 999 918 αἰώνιος,
1043 878 1060 905 ι
1105 854 1138 924 ἢ
1181 852 1277 924 τὴν
1316 873 1333 903 ‹
1378 851 1597 919 ἀγαθὸς,
1646 872 1662 901 ι
1700 851 1848 904 θείαν

271 950 492 1015 ἔνδειξιν
520 940 853 1018 κομίζουσαν
879 946 1005 1017 περὶ
1030 946 1129 1016 τῆς
1167 947 1225 997 ὲν
1262 944 1447 1015 μονάδι
1478 944 1725 1013 Τριάδος,
1758 944 1850 996 καὶ

276 1045 415 1114 αὐτῇ
461 1042 579 1094 καθ’
633 1042 758 1094 ὂλου
811 1040 906 1092 καὶ
951 1038 1170 1100 τελείως
1220 1038 1632 1108 προσήκουσαν,
1693 1034 1849 1105 ἕτυχὲ

278 1154 381 1190 που
409 1134 652 1206 εἰρῆσθαι
683 1132 812 1203 περὶ
843 1132 1157 1202 κτίσματος,
1188 1128 1323 1200 μετά
1360 1130 1458 1198 τῆς
1498 1128 1849 1199 ὀφειλομένης

281 1231 533 1299 κτίσματι
558 1228 777 1297 μνήμης
797 1242 810 1255 ·
832 1223 979 1277 οὐδὲν
1002 1223 1099 1292 μὲν
1144 1221 1357 1290 λέγουσι
1394 1220 1466 1290 (τί
1515 1220 1622 1290 γὰρ
1651 1220 1742 1273 καὶ
1771 1222 1848 1272 εί·-

279 1324 399 1378 πεῖν
433 1318 720 1391 ἔχουσιν;)
755 1319 885 1387 περὶ
921 1315 1014 1368 τοῦ
1048 1313 1182 1367 Θεοῦ
1216 1313 1426 1383 Πατρὺς
1466 1312 1557 1364 καὶ
1594 1310 1688 1364 τοῦ
1719 1311 1848 1363 Υἱοῦ

275 1414 437 1468 αὐτοῦ
462 1429 477 1444 ⁸
513 1412 815 1479 κατάγουσι
858 1409 916 1461 δὲ
962 1407 1122 1469 εὐθὺς
1167 1405 1541 1476 ἀφρονέστατα
1596 1402 1657 1455 τὸ
1698 1405 1849 1471 ἅγιον

270 1507 497 1576 Πνεῦμα
528 1507 608 1568 εἰς
632 1504 729 1575 τὴν
762 1502 957 1564 κτίσιν,
987 1501 1086 1553 οὐκ
1119 1499 1378 1566 ἀνάγουσι
1424 1497 1849 1566 πρεπωδέστατα

266 1600 348 1661 είς
366 1597 459 1649 τὸν
479 1594 614 1648 Θεὸν
636 1594 728 1646 καὶ
768 1592 858 1645 τὸν
883 1589 1156 1659 Μονογενῆ
1187 1588 1311 1650 τοὺς
1345 1589 1401 1638 ὲν
1426 1586 1596 1655 ὁμοίῳ
1628 1586 1720 1638 καὶ
1753 1586 1850 1654 ἴσῳ

262 1692 341 1763 τῷ
387 1688 531 1760 ἁγίῳ
557 1687 837 1756 Πνεύματι
882 1680 1262 1756 ἁρμοδιώτατα
1310 1678 1413 1732 ὑπὸ
1446 1677 1554 1731 τῶν
1588 1678 1849 1745 Θεολόγων

262 1780 783 1851 ἀνευφημηθὲντας.
812 1777 922 1830 Καὶ
964 1773 1137 1844 μόνων
1169 1770 1347 1825 τοίνυν
1386 1768 1494 1821 τῶν
1528 1769 1664 1839 πρὸς
1695 1768 1850 1839 ἡμῶν

260 1878 324 1930 ἑν
342 1874 425 1946 τῷ
458 1872 761 1942 κεφαλαίῳ,
779 1862 823 1937 ᾧ
857 1868 1132 1938 μέτειμεν,
1155 1861 1664 1933 δικαιολογηοέντων
1690 1862 1854 1930 ὑπερ-

259 1966 501 2036 ϐαθῆναι
540 1962 614 2033 μὴ
641 1961 971 2030 δυναμένων,
1010 1952 1322 2026 ἀρκούντων
1375 1950 1431 2003 δὲ
1471 1950 1549 2011 εἰς
1594 1949 1714 2002 ὅλον
1757 1949 1846 2003 τὸν

259 2056 393 2127 περὶ
442 2050 737 2127 αἱρετικῶν
782 2045 1059 2117 ἀγῶναοῆ
1095 2043 1422 2108 δειξάτωσαν
1466 2040 1515 2111 (ὃ
1548 2041 1642 2094 καὶ
1669 2041 1845 2110 λέγειν

263 2148 405 2219 βαρῦ
440 2145 607 2213 λίαν),
635 2144 711 2206 ὡς
737 2139 958 2213 ἁρχὴ,ἢ
1002 2137 1176 2208 πέρας
1202 2133 1296 2187 τοῦ
1333 2134 1487 2201 ἁγίου
1531 2132 1848 2202 Πνεῦματος

258 2237 727 2312 κεχρησμῴδηταί
750 2251 883 2287 που·
913 2232 947 2303 ἦ
975 2230 1131 2294 ὅλως,
1162 2228 1243 2281 ὃτι
1266 2226 1380 2280 ὁδόν
1406 2241 1529 2279 τινα
1564 2225 1720 2295 ἔσχεν
1753 2226 1847 2277 ἐπὶ

256 2332 497 2403 φθορὰν,
526 2330 603 2392 ὼς
624 2332 658 2399 ἡ
685 2322 948 2395 ἁγγελικὴ
972 2322 1065 2376 καὶ
1084 2318 1405 2390 ἀνθρωπικὴ
1432 2316 1748 2388 προαίρεσις
1772 2332 1784 2343 ·
1813 2316 1844 2387 ἢ

256 2424 407 2478 ἔστω
454 2424 660 2484 αὐτοῖς,
712 2419 773 2471 τὸ
809 2418 874 2487 δὴ
923 2414 1232 2484 λεγόμενον,
1286 2428 1303 2460 ι
1360 2406 1486 2477 βοῦς
1536 2406 1627 2478 [70
1656 2406 1709 2479 b]
1754 2409 1848 2464 ἐπὶ

257 2518 541 2587 γλῶσσαν.
582 2534 601 2566 ι
639 2511 889 2566 Τοσαῦτα
924 2508 1022 2579 μὲν
1061 2505 1191 2576 περὶ
1226 2500 1481 2557 ἐκείνων·
1524 2497 1635 2568 ἐγὼ
1661 2499 1718 2553 δὲ
1759 2502 1850 2554 ἐπὶ

254 2610 364 2681 τὴν
386 2608 449 2674 ἐξ
471 2607 648 2681 ἀρχῆς
675 2603 929 2658 ὑπόθεσιν
960 2597 1354 2670 μεταϐήσομαι.

1954 594 2175 644 nomen,
2208 578 2313 632 tale
2367 577 2587 631 omnino
2631 591 2751 631 esse
2793 590 2986 630 nomen
3050 590 3263 644 quoque
3296 575 3532 645 Spiritus

1953 672 2127 725 sancti
2157 688 2170 723 :
2210 686 2372 723 unum
2408 671 2552 723 enim
2586 670 2868 722 amborum
2892 667 3028 721 dixit
3054 682 3270 721 nomen.
3297 669 3376 721 Ac
3401 667 3528 721 illud

1953 764 2115 817 etiam
2142 763 2536 826 animadverte,
2556 762 2695 815 sicut
2722 761 2875 815 initio
2915 759 3262 814 inell‘abiliter
3294 759 3529 827 Spiritus

1952 865 2171 909 sanctus
2198 870 2300 908 una
2346 870 2467 909 cum
2524 852 2687 908 Patre
2740 863 2793 908 et
2827 853 2964 908 Filio
3002 854 3225 920 creavit,
3251 854 3330 908 sic
3361 853 3525 907 ctiam

1954 961 2095 1001 nunc
2131 962 2318 1001 rursus
2344 962 2567 1002 creare:
2600 962 2722 1000 nam
2782 947 2924 999 ablui
2962 948 3104 1000 idem
3155 946 3298 1001 valet
3324 961 3387 999 ac
3426 947 3525 999 ite-

1956 1055 2071 1091 rum
2100 1040 2296 1094 creari.
2330 1041 2382 1093 In
2420 1040 2657 1110 Epistola
2688 1055 2816 1093 vero
2848 1041 2914 1093 ad
2959 1040 3135 1094 Titum
3168 1041 3278 1093 ait:
3310 1058 3327 1089 ι
3360 1039 3529 1107 Rege-

1955 1126 2150 1183 ncraus
2181 1130 2294 1200 (81)
2329 1147 2425 1185 nos
2452 1148 2547 1200 per
2576 1132 2852 1185 lavacrum
2907 1131 3331 1200 regenerationis
3371 1142 3425 1184 et
3454 1146 3531 1185 re-

1954 1225 2259 1278 novationis
2282 1225 2515 1293 Spiritus
2545 1226 2743 1279 sancti.
2777 1245 2795 1276 ›
2824 1224 2998 1278 Simili
3034 1226 3189 1277 tnudo
3221 1238 3527 1291 sacerque-

1951 1330 2055 1384 qne
2085 1314 2291 1370 Psaltes
2317 1330 2410 1369 eos
2440 1318 2528 1384 qui
2571 1318 2807 1385 generati
2861 1317 2971 1384 jam
3010 1326 3183 1379 erant,
3228 1332 3370 1370 nunc
3401 1332 3528 1370 vero

1953 1407 2005 1459 itt
2040 1408 2219 1460 divina
2259 1409 2463 1476 piscina
2517 1409 2628 1480 (8‘2)
2686 1411 3006 1478 spiritaliter
3036 1421 3312 1475 creantur,
3345 1411 3530 1465 videre

1951 1509 2173 1567 exoptat
2202 1518 2217 1568 ;
2265 1501 2340 1555 ait
2363 1502 2506 1555 enim
2540 1517 2556 1555 :
2614 1522 2632 1554 ι
2668 1503 2900 1572 Populus
2948 1502 3057 1574 (85)
3087 1514 3308 1558 creatus
3339 1504 3525 1558 lauda-

1954 1591 2032 1642 hit
2074 1590 2383 1646 Dominum.
2412 1613 2430 1645 ι
2466 1593 2599 1647 Cum
2653 1595 2816 1660 igitur
2868 1598 3056 1648 eodem
3100 1596 3304 1648 honore
3353 1595 3527 1664 digna:

1952 1682 2080 1746 sint,
2120 1685 2417 1752 eademque
2442 1696 2734 1753 operentur
2758 1687 2873 1740 istae
2909 1687 3244 1755 hypostases,
3281 1688 3525 1741 eamdem

1953 1788 2167 1842 (ιιιοιιιιο
2196 1787 2441 1828 naturam
2469 1778 2690 1841 habent,
2749 1794 2924 1846 neque
2961 1782 3158 1833 deitate
3195 1795 3258 1833 ac
3287 1782 3525 1845 potentia

1890 1852 1931 1906 Β
1960 1877 1989 1915 a
2020 1876 2081 1918 se
2109 1864 2334 1919 invicem
2362 1868 2656 1936 quidquam
2696 1870 2948 1924 diﬂerunt
2975 1890 2988 1925 :
3032 1872 3159 1926 solae
3193 1882 3369 1925 autem
3402 1888 3525 1927 cum

1955 1969 2020 2009 eo
2058 1956 2150 2026 qui
2186 1972 2325 2012 unus
2352 1968 2457 2022 est,
2482 1961 2643 2013 simul
2697 1963 2963 2016 exsistere
3016 1972 3260 2031 possunt,
3288 1974 3342 2017 et
3368 1963 3525 2017 simul

1952 2047 2006 2103 in
2039 2049 2227 2104 eodem
2256 2052 2424 2119 gradu
2456 2053 2732 2118 collocari,
2762 2065 2817 2110 et
2840 2056 2998 2109 simul
3041 2057 3236 2123 ubique
3266 2058 3529 2123 accipi,et

1955 2141 2281 2212 subintelligi
2308 2160 2323 2198 :
2351 2144 2441 2212 qui
2478 2145 2702 2214 ipsemet
2741 2150 2863 2217 (nec
2906 2148 3048 2201 enim
3100 2149 3260 2201 dico:
3301 2162 3527 2216 quarum

1954 2228 2235 2283 ambarum
2284 2232 2554 2305 personae)
2611 2236 2801 2289 ambas
2853 2252 3115 2305 personas
3168 2238 3329 2292 habet
3372 2252 3436 2291 ex
3470 2252 3530 2292 se

1955 2320 2070 2388 ipso
2096 2323 2163 2375 ab
2194 2332 2492 2386 teterno,ct
2521 2328 2820 2395 aequaliter,
2864 2339 2919 2383 et
2951 2330 3224 2391 similiter,
3248 2340 3302 2384 et
3339 2328 3531 2383 ineﬂ‘a-

1955 2411 2138 2466 biliter
2166 2415 2345 2468 unitas
2404 2427 2568 2484 atque
2614 2419 2954 2487 conjunctas.
3013 2421 3139 2475 "rec
3189 2423 3408 2491 insuper
3439 2422 3528 2484 iis,

1954 2517 2075 2573 qua:
2104 2503 2248 2558 dicta
2278 2516 2423 2571 sunt,
2451 2507 2610 2562 addo.
2639 2508 2908 2578 Quidquid
2935 2525 3031 2579 pro
3079 2526 3172 2565 sua
3206 2526 3364 2565 causa
3396 2511 3520 2565 ali‘e-

1957 2605 2087 2649 runt
2112 2595 2199 2649 isti
2224 2596 2486 2663 haeretici,
2518 2599 2759 2668 ejusdem
2790 2601 2930 2654 modi
2954 2613 3058 2667 est,
3091 2603 3216 2656 item
3249 2613 3307 2655 ut
3338 2603 3525 2656 iisdem

262 2702 455 2755 verbis
480 2712 800 2768 expressum
848 2692 1004 2762 157
1054 2705 1119 2751 ac
1146 2690 1342 2759 frigida
1396 2688 1509 2762 (84)
1551 2688 1661 2752 illa,
1695 2700 1853 2757 quam
1894 2700 2038 2740 nunc
2060 2687 2433 2756 expendimus,
2491 2690 2783 2758 cavillatio,
2824 2702 2883 2746 ut
2938 2692 3095 2762 paulo
3136 2703 3255 2762 post
3309 2708 3374 2748 ex
3400 2695 3529 2763 ipsis

260 2810 458 2851 eorum
480 2792 732 2862 capitulis
774 2796 1214 2865 argutnentisque
1259 2795 1595 2865 experientia
1627 2791 2048 2861 comperiemus.
2078 2792 2135 2847 Si
2161 2792 2307 2846 enim
2332 2793 2567 2862 aliquam
2594 2793 2736 2848 forte
2801 2809 3011 2859 vocem,
3065 2803 3122 2847 ut
3157 2813 3177 2844 ‹
3232 2804 3523 2861 aeternus,»

261 2899 357 2943 aut
390 2890 631 2951 «bonus,
658 2905 678 2937 ι
716 2888 781 2941 de
808 2885 1090 2952 Trinitate,
1149 2904 1269 2958 qua:
1352 2888 1407 2941 in
1444 2888 1651 2941 unitate
1683 2895 1792 2948 est,
1856 2883 2079 2949 dictam,
2146 2883 2367 2953 ejusque
2416 2886 2749 2940 divinitatem
2813 2886 3158 2942 denotantem
3186 2927 3201 2952 ,
3247 2896 3302 2941 et
3347 2887 3526 2941 eidem

265 2982 497 3036 omnino
533 2994 596 3033 ac
626 2976 865 3048 perfecte
893 2981 1329 3043 convenientem,
1359 2979 1425 3032 de
1455 2986 1704 3031 creatura
1726 2989 1943 3045 quoque
1972 2975 2170 3029 alicubi
2198 2974 2301 3028 dici
2328 2975 2639 3045 contigerit,
2666 2991 2787 3030 cum
2844 2992 2907 3031 ea
2934 2986 3136 3041 tamen,
3194 2991 3314 3046 quae
3367 2992 3527 3032 crea-

263 3081 406 3127 tura:
433 3073 685 3136 debetur,
735 3071 1268 3136 commemoratione,
1308 3071 1407 3139 ipsi
1452 3069 1518 3123 de
1552 3069 1662 3122 Deo
1688 3067 1848 3121 Patre
1887 3068 2125 3136 quidem,
2154 3084 2217 3123 ac
2252 3067 2390 3123 Filio
2416 3066 2532 3137 ejus
2557 3069 2685 3123 nihil
2721 3070 3007 3123 mussitant
3062 3070 3211 3141 (quid
3241 3072 3384 3126 enim
3448 3072 3533 3126 di-

262 3184 393 3227 cere
456 3167 784 3239 possent?);
823 3167 917 3222 sed
963 3166 1225 3237 Spiritum
1273 3175 1519 3221 sanctum
1578 3166 1761 3219 statim
1794 3164 1859 3218 ad
1903 3175 2276 3221 creaturarum
2338 3168 2701 3223 conditionem
2770 3167 3209 3235 insipientissitne
3249 3164 3528 3233 dejiciunt,

266 3277 430 3332 quem
463 3262 701 3316 maxime
738 3263 957 3317 deceret
985 3262 1051 3316 ad
1083 3262 1444 3332 aequalitatem
1485 3261 1713 3317 evehere
1730 3261 1841 3332 (85)
1881 3277 2001 3316 cum
2035 3262 2163 3327 Deo,
2193 3274 2247 3318 et
2282 3262 2584 3332 Unigenito,
2628 3264 2719 3335 qui
2770 3263 2992 3333 Spiritui
3060 3262 3166 3331 ipsi
3237 3262 3443 3317 similes
3475 3276 3531 3316 et

272 3356 509 3424 aequales
538 3370 569 3409 a
599 3353 1386 3425 theologisc’onvenientissime
1403 3356 1676 3425 praedicati
1703 3365 1852 3410 sunt.
1894 3355 2077 3425 Itaque
2103 3370 2226 3410 cum
2260 3356 2343 3411 vel
2386 3371 2446 3410 ea
2503 3357 2639 3423 sola,
2686 3372 2806 3426 quae
2840 3372 2868 3409 a
2904 3356 3059 3411 nobis
3104 3357 3155 3410 in
3216 3356 3319 3410 hoc
3386 3356 3531 3425 capi-

278 3450 415 3511 tulo,
449 3448 501 3500 in
532 3462 638 3517 quo
673 3461 977 3510 versamur,
1010 3461 1108 3516 pro
1140 3458 1323 3502 nostra
1365 3462 1528 3502 causa
1551 3448 1709 3502 allata
1731 3447 1966 3511 fuerunt,
1998 3449 2192 3503 invicta
2251 3450 2381 3511 sint,
2441 3460 2495 3503 et
2538 3450 2603 3503 ad
2674 3460 2840 3505 totam
2914 3451 3371 3506 concertationem
3438 3454 3534 3507 ad-

278 3554 477 3596 versus
501 3540 778 3595 haereticos
839 3538 1220 3593 conferendam
1289 3540 1768 3608 sustinendamque
1834 3537 2175 3601 sullicientia,
2220 3542 2507 3594 ostendant
2557 3556 2685 3610 ergo
2746 3541 2844 3608 illi,
2893 3550 2986 3595 aut
3037 3542 3261 3611 Spiritui
3323 3558 3515 3598 saneto

278 3632 454 3704 (quod
479 3632 559 3685 vel
593 3633 733 3687 dictu
788 3630 1225 3685 molestissimum
1255 3630 1357 3701 est)
1393 3629 1625 3695 initium,
1661 3627 1745 3682 vel
1809 3630 1970 3683 ﬁnem
1988 3630 2186 3684 alicubi
2233 3631 2287 3685 in
2336 3630 2635 3701 Scripturis
2709 3634 2968 3687 tributum
3004 3633 3191 3700 fuisse,
3269 3646 3363 3691 aut
3434 3636 3533 3689 ali-

278 3740 445 3794 quem
474 3726 689 3778 omnino
716 3723 921 3777 aditum
950 3723 1014 3777 ad
1054 3723 1454 3791 corruptionem
1490 3722 1540 3773 in
1572 3723 1846 3789 ipsoesse,
1889 3730 1948 3774 ut
1976 3731 2058 3775 est
2088 3723 2139 3775 in
2166 3722 2430 3793 angelica,
2492 3732 2546 3778 et
2604 3725 2838 3778 humana
2902 3724 3221 3791 voluntate;
3298 3738 3393 3783 aut
3458 3731 3529 3784 sit

273 3817 434 3887 ipsis,
462 3825 519 3869 ut
552 3815 655 3869 fert
681 3815 949 3884 adagium,
979 3833 997 3866 ι
1026 3817 1124 3869 bos
1152 3815 1202 3867 in
1226 3813 1407 3883 lingua
1457 3812 1591 3883 (86).
1619 3832 1636 3865 ι
1674 3815 1846 3881 Atque
1886 3812 2000 3868 haec
2066 3814 2131 3868 de
2158 3815 2261 3871 illis
2325 3816 2541 3885 quidem
2595 3816 2889 3871 hactenus:
2942 3831 3043 3884 ego
3081 3832 3209 3873 vero
3258 3819 3325 3873 ad
3366 3835 3527 3893 argu-

272 3917 545 3970 mentum,
578 3908 719 3975 quod
754 3906 907 3961 initio
937 3919 1301 3973 susceperam,
1341 3914 1606 3958 revertar.

344 4060 463 4133 (81)
496 4058 859 4133 negaueram.
879 4058 985 4133 Tit.
1014 4075 1099 4123 tu,
1144 4059 1197 4114 5.
1236 4058 1420 4133 Graeca
1478 4060 1644 4133 editio
1687 4059 1857 4133 habet
1886 4070 1928 4126 c
1964 4062 2310 4133 ineptamque
2340 4059 3008 4133 significetjhaereticorum
3038 4062 3527 4117 ratiocinationem.

272 4129 507 4194 ισωσεν,
544 4131 596 4183 id
624 4141 705 4184 est
742 4148 760 4179 ‹
783 4129 1029 4191 salvavit,
1052 4148 1071 4181 ι
1116 4146 1231 4198 pro,
1251 4130 1653 4201 ἀναγεννήσας,
1686 4129 1737 4182 id
1775 4143 1857 4184 est

278 4222 301 4255 ι
326 4202 421 4273 qui
463 4200 832 4273 regeneravit:
862 4218 880 4250 ι
901 4208 974 4260 et,
1002 4198 1437 4273 ἀνακαινώσεως,
1480 4198 1597 4273 pro,
1632 4199 1858 4273 ἀνακαι-

272 4269 493 4332 νίσεως.
535 4269 827 4339 ⁷υἱιιγιιιιιε
890 4285 1018 4323 vero
1081 4270 1208 4338 legit
1267 4271 1641 4340 ἀναγεννήσας
1691 4270 1853 4323 etiam

276 4357 451 4412 segni.
478 4340 551 4393 52
573 4356 624 4401 a,
657 4352 709 4412 et
746 4340 845 4393 116
878 4356 927 4412 a_.
967 4340 1069 4394 Pro
1103 4340 1498 4404 ἀνακαινίσεως
1544 4355 1669 4412 vero
1711 4340 1853 4405 ipse-

277 4409 391 4468 Inét
442 4412 606 4464 habet
658 4409 1071 4474 ἀνακαινώσεως
1116 4425 1283 4480 segni.
1334 4412 1405 4465 52
1440 4428 1492 4477 a,
1538 4410 1637 4462 etsi
1680 4424 1851 4479 segni.

278 4484 386 4538 116
421 4498 472 4535 α,
505 4495 693 4533 rursus
715 4482 902 4533 habeat
931 4479 1345 4545 ἀνακαινίσεως.

352 4552 468 4622 (82)
524 4548 757 4622 Eiscina.
818 4550 961 4603 Fons
997 4565 1172 4622 sacer,
1225 4566 1317 4605 seu
1367 4549 1700 4617 baptismalis
1746 4565 1849 4603 non

278 4618 500 4679 modo}:
524 4618 727 4690 Cra-eis
757 4621 1001 4675 l’atribus
1031 4621 1228 4687 passim
1288 4638 1308 4671 ι
1337 4622 1538 4690 piscina
1565 4640 1583 4671 ι
1633 4630 1854 4674 vocatus

276 4704 388 4756 est,
434 4690 531 4745 sed
580 4704 610 4742 a
666 4688 872 4759 Latinis
916 4704 1128 4758 quoque
1174 4688 1463 4745 nonnullis.
1513 4691 1584 4743 lta
1625 4690 1852 4759 Optatus

281 4764 424 4816 libro
448 4776 519 4831 ut
540 4763 660 4811 adv.
695 4758 1126 4831 Parmenianum,
1154 4775 1286 4831 (cap.
1311 4762 1368 4827 2,
1401 4781 1419 4812 ι
1443 4760 1541 4814 llic
1571 4758 1849 4831 estfpiScis

284 4830 531 4903 (inquit)
565 4831 653 4897 qui
698 4831 749 4883 in
797 4830 1115 4903 baptismate
1146 4830 1433 4903 lontahbus
1464 4831 1619 4903 undis
1661 4830 1853 4903 inseri-

284 4900 401 4966 tur,
429 4911 487 4953 ut
514 4916 636 5022 (τέκε
668 4916 802 4970 aqua
830 4902 1024 4962 fuerat,
1055 4915 1083 4952 a
1109 4900 1253 4969 pisce
1275 4903 1438 4956 etiam
1476 4900 1681 4954 Piscina
1715 4900 1859 4952 voci-

288 4983 484 5022 ιειιπ.»
508 4990 511 4993 ·
574 4972 759 5022 esoicit
786 4978 963 5022 autem
989 4972 1212 5022 Optatus
1228 4973 1292 5022 ad
1310 4972 1521 5022 celebre
1554 4970 1679 5022 illud
1702 4968 1859 5022 Chri-

288 4983 484 5028 teturJ
508 4968 759 5037 Respicit
786 4978 963 5024 autem
989 4968 1212 5039 Optatus
1228 4973 1292 5025 ad
1310 4972 1521 5026 celebre
1554 4970 1679 5023 illud
1702 4968 1859 5023 Chri-

1962 4132 2077 4185 Non
2129 4142 2210 4183 est
2263 4142 2438 4184 tamen
2483 4130 2737 4185 continuo
2797 4132 3269 4199 reprehendendus
3316 4133 3531 4189 Passio-

1963 4201 2136 4272 neiani
2187 4200 2479 4270 apOgraphi
2527 4201 2849 4267 exscriptor,
2905 4211 2997 4255 aut
3038 4202 3313 4271 Didymus,
3374 4207 3532 4272 quasi

1963 4271 2245 4340 lectionem
2288 4280 2604 4340 sequantur,
2660 4286 2778 4338 qua:
2819 4273 2934 4323 sine
2992 4273 3151 4325 dubio
3202 4271 3404 4326 vitiosa
3436 4276 3528 4329 sit.

1962 4339 2095 4394 Nam
2123 4354 2174 4393 et
2202 4343 2340 4407 apud
2369 4339 2651 4396 Pollucem
2701 4340 2836 4394 libro
2868 4353 3019 4394 sexto
3056 4343 3141 4395 ubi
3174 4344 3313 4395 edita
3346 4358 3533 4398 exem-

1962 4411 2129 4477 plaria
2160 4411 2354 4465 habent
2382 4410 2745 4479 ἑωλοκρασία,
2768 4413 3073 4478 apographa
3106 4412 3313 4465 calamo
3336 4428 3531 4467 exara~

1960 4492 2012 4533 ta
2044 4480 2249 4551 habent
2283 4482 2669 4551 αίίωλοκρασία.
2708 4481 2765 4533 in
2811 4481 3102 4551 Cyrilliano
3129 4492 3307 4534 autem
3356 4484 3533 4537 lexico

1960 4565 2085 4612 ms.,
2116 4549 2254 4617 quod
2290 4549 2528 4606 Venetiis
2566 4551 2804 4605 Naniana
2834 4549 3012 4603 servat
3050 4551 3397 4615 bibliotheca,
3425 4571 3531 4608 non

1959 4620 2011 4672 iu
2054 4620 2228 4673 littera
2271 4639 2322 4685 ε,
2349 4624 2443 4675 sed
2493 4623 2544 4674 in
2596 4622 2770 4676 littera
2822 4637 2858 4671 α
2900 4620 3013 4674 haec
3043 4621 3291 4689 leguntur
3319 4641 3330 4651 ·
3359 4622 3533 4677 ἄωλον

1960 4688 2256 4760 (mendose
2302 4707 2400 4759 pro
2448 4691 2694 4760 αίωλον),
2752 4689 3000 4759 μάταιον,
3053 4688 3535 4761 ἄπρακτον.,,νίιιο

1960 4768 2067 4814 ιιοι.
2096 4759 2181 4815 10.
2204 4775 2323 4815 nae.
2348 4760 2438 4815 45.

1958 4768 2067 4814 not.
2096 4762 2181 4816 10.
2204 4775 2323 4816 nae.
2348 4762 2438 4815 45.

2033 4775 2775 4900 (8ἒῗίῑῗιέῗὲτέῗ’οὺςθννςιιιάιι
2808 4830 2894 4884 illa
2922 4831 3181 4902 antitheta
3201 4834 3534 4902 κατάγουσιν

1962 4900 2435 4971 ἀφρονέστατα,“θι
2466 4901 2727 4971 ἀνάγουσι
2762 4901 3208 4971 πρεπωδέστατα.

2034 4970 2147 5042 (86)
2198 4970 2298 5025 Bos
2347 4973 2422 5042 in,
2453 4971 2655 5038 lingua.
2703 4970 2778 5025 De
2810 4970 2927 5025 huc
2983 4975 3171 5041 adagio
3225 4988 3417 5028 omnes
3459 4975 3536 5029 illi

285 5039 779 5116 sti_nomeui10tig,
805 5041 1247 5116 id_es_t__t_piscis,n
1276 5043 1417 5109 quod
1443 5056 1595 5116 teque
1622 5042 1762 5116 valet
1796 5054 1860 5116 ac
1891 5062 1935 5116 ι)
1965 5039 2246 5116 Ξευιιιῃιιὶ
2274 5041 2846 5116 adagiacollegerunt,
2881 5050 2975 5116 aut
3000 5039 3357 5116 interpretati
3383 5056 3533 5111 sunt,

291 5132 312 5164 ι
342 5111 504 5166 Jesus
525 5109 775 5165 Christus
804 5110 895 5164 Dei
932 5110 1101 5165 Filius
1133 5110 1407 5164 Servator.
1442 5129 1461 5163 ι
1502 5110 1651 5177 Quod
1682 5109 1857 5178 respi-

286 5184 439 5236 ciens
498 5185 667 5234 etiam
726 5181 1089 5235 Tertullianus
1143 5182 1197 5234 in
1260 5182 1397 5236 libro
1459 5180 1534 5234 De
1596 5182 1853 5248 baptismo

288 5253 587 5320 scripserat
628 5268 642 5303 :
683 5271 701 5303 ι
733 5252 838 5320 Sed
893 5268 989 5304 nos
1043 5251 1287 5318 discipuli
1344 5252 1638 5306 secundum
1702 5249 1855 5319 ἰχθύν

290 5318 537 5377 nostrum
561 5320 745 5375 Jcsum
771 5318 1046 5375 Christum
1078 5322 1128 5374 in
1154 5337 1293 5390 aqua
1322 5322 1612 5377 nascimur.
1640 5340 1659 5372 ι
1703 5318 1859 5372 Atta-

290 5408 416 5447 men
445 5393 579 5446 fouti
607 5407 763 5446 sacro
795 5393 1017 5459 piscium
1049 5406 1238 5445 nomen
1273 5394 1497 5446 indittun
1538 5391 1861 5459 crediderim

291 5463 474 5569 Eius
498 5457 855 5569 :tgrpshlatiotte
880 5465 1040 5518 ducta
1064 5476 1129 5516 ex
1164 5464 1441 5531 probatica
1464 5461 1698 5517 Piscina.
1742 5457 1870 5515 Vide

389 5549 460 5585 tn.
498 5534 603 5585 125
636 5535 686 5587 b.

287 5548 460 5604 segni.
498 5548 603 5585 1:0
636 5548 686 5587 ο.

361 5603 475 5672 (85)
511 5602 770 5672 Populus.
804 5600 945 5656 Psal.
977 5618 1051 5667 Ct,
1078 5617 1222 5657 vers.
1264 5601 1350 5659 19.

364 5605 454 5672 (85
511 5605 770 5670 Populus.
804 5605 945 5656 Psal.
977 5618 1051 5667 Ct,
1078 5617 1222 5657 vers.
1264 5605 1350 5659 19.

364 5605 478 5744 (84)
518 5671 765 5741 Frigida.
799 5672 857 5726 In
892 5675 1096 5744 codice,
1138 5672 1334 5726 αἰώλου
1385 5672 1868 5744 σοφιστείας.ᾐῄΙιθ-

293 5742 525 5815 gendum
556 5754 705 5815 puto
736 5755 826 5797 aut
866 5742 1043 5795 αίὸλου
1082 5760 1202 5796 cum
1245 5761 1273 5797 ο
1305 5760 1492 5813 parvo,
1531 5756 1623 5815 aut
1663 5742 1827 5795 ἑώλου
1853 5761 1864 5772 ·

295 5824 357 5870 ut
394 5815 479 5872 vel
508 5832 529 5866 ι
556 5814 912 5883 perplexam»
950 5828 1013 5867 ac
1061 5825 1364 5882 versutam,
1400 5816 1483 5870 vel
1528 5832 1546 5865 ι
1570 5814 1861 5886 frigidam)

489 5908 770 5971 Pnaoc.
813 5904 930 5967 Gn.
976 5905 1280 5972 XXXIX.

1964 5111 2233 5167 Zenobius
2280 5112 2526 5165 centuria
2570 5112 2757 5173 altera,
2808 5111 3064 5166 Schottus
3107 5113 3157 5165 in
3200 5112 3536 5178 Zenobium,
3630 5172 3633 5175 ν

1965 5181 2247 5253 Erasmus,
2276 5180 2565 5236 Manutius.
2608 5182 2876 5253 (Nimirum
2928 5183 3195 5235 uumisma
3231 5187 3537 5253 quoddam,

1968 5252 2182 5306 Polluce
2211 5260 2370 5316 teste,
2412 5262 2535 5318 puta
2566 5252 2965 5314 didrachmum,
3002 5271 3018 5302 ‹
3044 5254 3139 5305 bus
3161 5272 3181 5305 ι
3218 5256 3536 5315 vocabatur,

1968 5323 2109 5390 quod
2158 5323 2345 5375 bovem
2391 5323 2612 5375 haberet
2656 5323 3020 5389 insculptum:
3054 5322 3179 5377 hinc
3226 5324 3425 5377 factum
3482 5335 3540 5376 ut

1967 5394 2058 5461 qui
2089 5392 2311 5460 pecunia
2347 5400 2634 5459 corruptus
2672 5392 2833 5446 silere
2877 5394 3195 5460 cogebatur,
3244 5398 3435 5447 bovem
3482 5394 3539 5447 itt

1968 5462 2147 5530 lingua
2170 5462 2368 5516 habere
2391 5461 2681 5515 diceretur.
2708 5461 2873 5517 Paulo
2898 5474 3075 5517 tamen
3104 5465 3260 5518 aliter
3285 5465 3537 5531 adagium

1967 5533 2161 5601 accipit
2210 5532 2484 5602 Didymus,
2518 5532 2585 5585 de
2628 5531 2718 5586 illo
2765 5549 2977 5600 nempe,
3027 5536 3119 5602 qui
3169 5551 3288 5589 cum
3329 5536 3541 5601 objecta

1968 5602 2171 5657 diluere
2220 5618 2325 5655 non
2366 5601 2561 5672 valeat,
2594 5602 2794 5657 invitus
2819 5616 2961 5658 tacet
2994 5623 3007 5656 :
3035 5620 3142 5672 quo
3174 5605 3329 5658 modo
3359 5603 3539 5657 Theo-

1968 5673 2087 5742 gnis
2113 5686 2328 5744 quoque
2362 5672 2414 5724 in
2453 5671 2669 5725 Gnomis
2705 5674 2780 5727 ait
2810 5692 2822 5727 :
2854 5674 2990 5737 Βοῦς
3020 5671 3107 5744 μοι
3147 5674 3239 5727 ἐπὶ
3268 5674 3541 5743 γλώσσης,

1969 5744 2020 5796 id
2067 5754 2146 5795 est
2182 5760 2194 5795 :
2237 5760 2253 5791 ι
2281 5742 2386 5796 Bos
2421 5744 2551 5795 tnilti
2600 5752 2682 5797 est
2730 5745 2783 5797 in
2832 5742 3031 5812 lingua.
3062 5764 3080 5797 ι
3122 5744 3363 5799 Julianus
3414 5758 3543 5797 vero

1966 5815 2224 5885 Apostata
2269 5814 2325 5871 iu
2373 5814 2616 5872 oratione
2680 5830 2780 5882 vn,
2820 5816 2927 5871 alio
2974 5818 3151 5870 adhuc
3208 5816 3541 5884 aliquantum

3208 5908 3277 5989 ir
