4104 6408
600 345 709 400 523

1847 342 2084 396 DlDYMl
2126 340 2592 396 ALEXANDIil-Nl

3769 347 3872 401 εἐιι

681 465 738 518 ν.
800 465 1095 520 Rationalis
1125 475 1373 520 creatura
1425 475 1481 521 et
1529 467 1744 521 virtutis
1773 481 1945 534 capax
1981 476 2083 529 est,
2123 473 2176 518 et

2352 466 2428 519 E'.
2479 467 2542 519 Ἠ
2573 468 2746 532 κτίσις
2793 472 2824 538 ἡ
2861 468 3051 538 λογικὴ
3087 467 3285 540 ἀρετῆς
3326 483 3384 519 τε
3426 465 3624 527 κακίας
3652 465 3712 516 τέ
3758 467 3872 517 ἐστι

598 557 877 627 ηεψιὶιίω.
913 557 1073 613 Tales
1105 571 1233 613 sunt
1264 558 1406 612 inter
1442 570 1666 614 naturas
1702 560 2073 629 incorporeas,
2129 569 2186 614 ut

598 659 758 704 antea
787 648 1024 704 diximus
1051 691 1066 715 ,
1132 651 1312 720 quoad
1346 651 1598 706 virtutem
1628 651 1741 721 (87)
1773 652 1994 721 quidem
2049 649 2175 705 boni

599 739 802 807 angeli,
835 742 1013 809 quoad
1073 743 1374 810 nequitiam
1407 758 1555 810 vero,
1590 743 1802 812 reprobi
1843 743 1956 815 (88)
1988 763 2001 799 :
2039 746 2183 799 inter

600 845 896 902 corporeas
936 841 1118 887 autem
1150 845 1392 899 naturas,
1432 836 1567 890 tales
1612 836 1924 904 nosmetipsi
1975 851 2180 892 sumus.

597 923 670 977 At
726 939 851 977 vero
913 924 1125 979 divinus
1182 925 1435 995 Spiritus,
1461 943 1582 981 cum
1633 930 1988 998 praestantior
2024 928 2185 1000 158

599 1016 688 1077 sit,
740 1030 901 1084 quam
957 1025 1016 1068 ut
1051 1016 1267 1070 virtutis
1314 1027 1370 1070 et
1414 1019 1686 1088 Opinionis
1723 1034 1891 1088 capax
1926 1021 2178 1085 exsistat,

600 1120 694 1159 seu
730 1106 911 1174 potius
948 1122 1214 1161 summam
1249 1107 1365 1176 ipse
1393 1110 1645 1164 virtutem
1685 1124 1715 1164 e
1750 1111 2041 1181 semetipso
2069 1113 2183 1166 vel-

601 1206 660 1250 ut
685 1210 749 1249 ex
781 1195 926 1252 fonte
958 1198 1342 1253 scaturientem
1413 1200 1630 1265 habeat,
1681 1201 1817 1255 nihil
1857 1201 2046 1256 horum
2080 1217 2174 1258 ac-

599 1288 782 1358 cipere
808 1298 1004 1358 potest,
1053 1291 1194 1344 sicut
1247 1306 1314 1344 ne
1362 1289 1520 1344 Pater
1561 1293 1801 1361 quidem,
1835 1307 1936 1347 nec
1988 1293 2179 1352 Filius.

599 1381 754 1447 Quod
784 1383 828 1434 si
860 1384 1050 1436 horum
1079 1397 1250 1453 capax
1283 1399 1386 1436 non
1417 1395 1521 1447 cst,
1582 1400 1651 1439 ne
1702 1385 1927 1439 alterius
1961 1386 2180 1455 quidem

599 1481 686 1524 est
723 1471 1010 1527 voluntatis
1047 1492 1060 1526 :
1088 1474 1136 1527 si
1169 1482 1348 1528 autem
1377 1473 1601 1529 alterius
1627 1475 1921 1530 voluntatis
1959 1491 2063 1532 non
2100 1487 2183 1531 est

607 1563 766 1632 (facit
789 1562 932 1616 enim
965 1564 1145 1617 omnia
1175 1579 1294 1632 qua:
1326 1564 1439 1616 vult
1468 1563 1674 1634 Pater),
1705 1580 1778 1618 ne
1803 1564 2026 1619 alterius
2064 1567 2182 1635 qui-

598 1656 718 1709 dem
765 1655 1081 1709 substantiae
1104 1664 1205 1710 est.
1241 1654 1376 1710 Hinc
1396 1669 1525 1726 ergo
1545 1657 1707 1710 etiam
1739 1656 2011 1727 colligitur
2067 1659 2179 1728 (89)

597 1757 651 1802 et
683 1764 806 1802 eum
838 1757 1140 1803 creaturam
1177 1765 1281 1803 non
1324 1763 1465 1815 esse,
1511 1749 1755 1818 nihilque
1807 1750 1964 1819 plane
1999 1766 2028 1804 a
2070 1749 2180 1806 Deo

2289 557 2532 628 δεκτικὴ,
2569 558 2644 622 ὼς
2693 561 3020 632 εὑρίσκομεν
3089 562 3147 613 ὲν
3191 560 3508 630 ἀσωμάτοις
3554 558 3675 628 μὲν,
3729 555 3872 608 καθὰ

2289 647 2644 719 προείπομεν,
2675 649 2879 721 ἀρετῆς
2907 650 3057 713 ἐντὸς
3081 650 3207 714 τοὺς
3237 649 3558 718 εὐδοκίμους
3583 646 3868 716 ἀγγέλους.

2291 738 2489 801 κακίας
2509 737 2565 792 δὲ
2584 740 2706 803 τοὺς
2734 739 3061 811 ἐκριφέντας
3081 755 3096 770 ο
3129 741 3185 792 ἐν
3213 739 3270 792 δὲ
3303 737 3571 809 σώμασιν,
3601 737 3678 800 ὠς
3708 737 3871 806 ἐσμὲν

2289 831 2452 900 ἡμεῖς
2479 829 2653 883 αὐτοί.
2695 831 2769 884 Τὸ
2806 831 3076 885 δὲπθεῖκὸν
3105 830 3331 901 Πνεῦμα
3362 830 3502 899 ὑπὲρ
3535 827 3740 901 ἀρετὴν
3775 827 3872 881 καὶ

2289 921 2443 986 δόξαν
2471 923 2755 993 τυγχάνον,
2796 923 2993 994 μᾶλλον
3025 923 3070 977 δ’
3103 923 3236 977 αὐτὸ
3279 921 3524 992 mwde
3569 921 3672 991 τὴν
3704 921 3867 988 ἀκρο-

2288 1016 2458 1086 τάτην
2487 1017 2706 1088 ἀρετὴν,
2741 1015 2952 1079 οὐδενός
2975 1018 3090 1069 ἐστι
3124 1014 3327 1068 τούτων
3353 1013 3622 1073 δεκτικὸν,
3655 1012 3730 1075 ὼς
3751 1010 3867 1064 οὐδὲ

2291 1109 2319 1161 ὁ
2351 1109 2564 1179 Πατὴρ,
2591 1108 2701 1160 οὐδ’
2729 1110 2756 1160 6
2787 1108 2934 1171 Υἱός.
2965 1109 3027 1160 Ei
3052 1107 3109 1160 δὲ
3147 1107 3220 1178 μὴ
3250 1106 3518 1167 δεκτικὸν,
3549 1104 3659 1157 οὐδ’
3691 1103 3869 1174 ἐτερό-

2290 1199 2478 1253 6ουλον
2503 1215 2516 1230 ·
2553 1202 2602 1252 εί
2641 1199 2696 1253 δὲ
2745 1199 2905 1252 τοῦτο
2958 1198 3125 1269 (ποιεῖ
3165 1199 3277 1270 γὰρ
3311 1197 3468 1250 πάνθ’
3513 1197 3614 1249 ὅσα
3665 1193 3808 1247 θέλει
3839 1197 3866 1246 6

2290 1291 2524 1364 Πατὴρ),
2563 1292 2670 1344 οὐδ’
2706 1290 3065 1362 ὲτεροούσιον.
3102 1289 3412 1344 Κάντεῦθεν
3449 1284 3541 1342 οὖν
3577 1287 3866 1355 συνάγεται

2289 1389 2386 1440 καὶ
2436 1387 2498 1440 τό
2525 1404 2585 1440 τε
2634 1385 2706 1457 μὴ
2753 1381 2891 1438 εἶναι
2924 1383 3057 1436 αὐτὸ
3086 1382 3313 1452 κτίσμα,
3348 1379 3783 1450 ἀπαραλλάκτως
3811 1377 3866 1431 δὲ

2289 1480 2432 1552 ἔχειν
2460 1480 2595 1552 πρὸς
2623 1480 2713 1532 τὸν
2745 1477 2877 1531 Θεὸν
2904 1477 3126 1547 Πατέρα
3154 1475 3248 1528 καὶ
3277 1474 3368 1526 τὸν
3399 1474 3528 1527 Υίὸν
3561 1472 3748 1534 αὑτοῦ,
3775 1471 3866 1523 καὶ

2245 1609 2252 1620 ι
2287 1573 2349 1626 τὸ
2377 1573 2523 1643 ἡμᾶς
2569 1570 2628 1636 ἐξ
2670 1571 2834 1624 αὑτοῦ
2865 1569 2955 1622 τὸν
2997 1568 3150 1633 Θεὸν,
3185 1565 3245 1631 ἐξ
3277 1561 3338 1620 οὗ
3383 1564 3631 1636 φυσικῶς
3677 1563 3863 1627 ἐξεπο-

2291 1663 2477 1736 ρεύθη,
2508 1661 2820 1732 γινώσκειν,
2848 1662 2928 1714 ὅτι
2968 1660 3064 1713 καὶ
3088 1661 3146 1712 ὲν
3175 1660 3308 1730 ἡμῖν
3335 1660 3482 1712 ἐστιν
3543 1657 3621 1720 ὼς
3669 1656 3868 1725 γέγρα-

2290 1771 2442 1808 πται.

595 1841 757 1896 Patre
810 1856 873 1895 ac
907 1841 1043 1896 Filio
1092 1841 1208 1909 ejus
1251 1843 1585 1913 discrepare,
1645 1854 1699 1899 et
1736 1860 1800 1899 ex
1867 1846 1985 1914 ipso
2038 1845 2230 1915 Deum,
2271 1863 2302 1903 a
2359 1864 2468 1920 quo
2507 1850 2552 1904 is
2598 1847 2919 1903 naturaliter
2958 1845 3244 1917 processit,
3294 1860 3324 1900 a
3371 1843 3530 1900 nobis
3569 1840 3867 1913 cognosci,

595 1939 739 2007 quod
767 1939 820 1991 itt
851 1937 1005 1992 nobis
1031 1937 1195 1990 etiam
1233 1937 1325 2001 sit,
1354 1945 1412 1990 ιιι
1447 1937 1523 1990 ait
1563 1934 1866 2005 Scriptura.

666 2031 754 2085 Vl.
797 2031 1058 2086 Creatura
1113 2047 1143 2083 a
1205 2029 1352 2092 Deo,
1385 2031 1475 2099 qui
1530 2042 1719 2084 natura
1783 2040 2005 2087 sanctus
2063 2041 2167 2100 est,
2207 2065 2248 2119 Β

597 2123 988 2188 sanctiﬁcatur,
1011 2131 1065 2176 et
1094 2121 1463 2192 iustiﬁcatur;
1493 2138 1619 2178 nam
1655 2123 2173 2185 sanctiﬁcationem,

597 2225 654 2272 et
676 2215 1120 2286 justilicationem
1147 2214 1400 2283 accipere
1431 2229 1491 2268 ea
1525 2223 1722 2285 potest,
1747 2229 1853 2268 non
1884 2216 2029 2270 dare.
2058 2214 2181 2284 Spi-

608 2311 747 2362 ritus
769 2323 897 2362 vero
928 2317 1170 2373 sanctus,
1223 2307 1350 2374 quia
1401 2306 1704 2377 sejungitur
1729 2307 1944 2377 quidem
1969 2323 1998 2362 a
2027 2323 2182 2363 crea-

600 2399 1086 2469 tura,conjunctus
1113 2409 1293 2453 autem
1327 2409 1519 2453 natura
1556 2409 1640 2454 est
1675 2398 1771 2465 illi,
1808 2415 1874 2455 ex
1904 2415 2010 2469 quo
2053 2415 2174 2469 pro-

596 2493 764 2547 cessit
799 2492 887 2563 (de
917 2508 1023 2562 quo
1069 2493 1232 2547 etiant
1281 2492 1507 2562 my5tica
1552 2493 1665 2546 haec
1711 2491 1954 2546 doctrina
1985 2491 2180 2547 tradita

595 2583 752 2637 nobis
795 2582 894 2636 fuit
931 2601 944 2635 :
979 2599 997 2632 ι
1050 2581 1241 2636 Omnis
1273 2581 1385 2651 (90)
1437 2580 1651 2651 largitio
1697 2579 1858 2645 bona,
1917 2590 1974 2635 et
2023 2595 2182 2635 omne

595 2671 796 2726 donum
856 2671 1148 2740 perlectum
1213 2671 1496 2726 desursum
1554 2680 1686 2734 εει,
1757 2671 2096 2726 descendens
2150 2685 2179 2725 a

595 2763 756 2819 Patre
790 2763 1054 2817 luminum
1079 2805 1094 2828 ,
1121 2762 1260 2832 apud
1284 2777 1446 2832 quem
1485 2777 1590 2816 non
1627 2771 1722 2818 est
1763 2762 2177 2828 transmutatio,

593 2869 770 2924 neque
800 2853 1172 2908 conversionis
1215 2851 1614 2920 obumbratio);
1657 2871 1676 2904 ι
1714 2859 1767 2907 ει
1789 2854 1914 2921 quia
1941 2853 2177 2908 omnium

596 2961 788 3001 curam
828 2946 1029 3010 habet,
1087 2954 1142 3000 et
1185 2945 1436 3000 omnibus
1480 2945 1768 3014 prospicit,
1830 2959 1898 2999 ne
1933 2948 2179 3015 exceptis

595 3038 815 3108 quidem
843 3038 1089 3092 sontibus
1127 3053 1140 3090 :
1178 3036 1382 3090 idcirco
1409 3035 1713 3090 sanctificat
1763 3035 1978 3104 quidem
2029 3035 2178 3104 ipse,

594 3141 650 3186 et
688 3129 970 3200 justilicat,
999 3139 1051 3183 et
1083 3130 1413 3197 sapientiam
1463 3129 1592 3194 dat,
1645 3139 1698 3182 et
1735 3142 1896 3182 omne
1934 3128 2175 3184 cmlestis

594 3222 811 3276 virtutis
837 3235 1009 3290 genus
1050 3220 1295 3290 praebet;
1351 3220 1526 3288 ipsum
1595 3230 1774 3274 autem
1842 3233 2178 3288 nequaquam

609 3312 769 3366 talem
805 3323 996 3366 natura
1025 3311 1129 3366 dici
1156 3325 1380 3379 usquam
1420 3311 1746 3374 invenimus,
1781 3318 1839 3364 ut
1873 3309 2182 3365 autsancti-

596 3403 749 3460 ﬁcari
795 3402 1002 3472 possit,
1068 3411 1162 3456 aut
1206 3401 1511 3469 justilicari,
1541 3410 1635 3455 aut
1669 3402 1885 3470 sapiens
1941 3400 2056 3454 ﬁeri
2111 3401 2248 3477 abc

592 3497 768 3549 altero
817 3494 1002 3563 (sicut
1053 3508 1120 3546 ne
1163 3492 1311 3548 talis~
1337 3493 1553 3561 quidem
1603 3501 1689 3546 est
1726 3500 1821 3544 aut
1852 3491 1942 3560 qui
1983 3505 2080 3560 per
2114 3506 2173 3546 se

593 3590 709 3656 ipse
735 3584 970 3648 exsistit,
1000 3583 1178 3650 Pater,
1224 3593 1317 3638 aut
1363 3584 1456 3653 qui
1495 3584 1657 3638 simul
1703 3599 1824 3638 cum
1861 3599 1926 3638 eo
1959 3584 2174 3638 coexsi-

592 3679 706 3743 stit,
736 3677 853 3748 ejus
883 3675 1070 3746 Filius)
1107 3694 1120 3729 :
1147 3676 1280 3729 adeo
1313 3687 1370 3730 ut
1411 3685 1554 3731 recte
1582 3676 1684 3730 hac
1718 3676 1881 3730 etiam
1911 3675 1976 3730 de
2011 3691 2172 3730 causa

594 3769 828 3838 Spiritus
863 3776 1082 3822 sanctus
1111 3777 1164 3822 et
1193 3782 1290 3837 per
1330 3782 1390 3822 se
1419 3776 1638 3821 sanctus
1678 3766 1912 3832 dicatur,
1947 3777 2003 3821 et
2047 3766 2172 3837 Spi-

591 3861 731 3916 ritus
775 3859 1102 3924 sanctitatis,
1141 3857 1192 3912 id
1231 3865 1359 3924 est,
1392 3873 1459 3912 ex
1497 3869 1690 3912 natura
1738 3873 1859 3924 sua,
1909 3867 1963 3914 et
2003 3874 2069 3912 ex
2087 3873 2170 3913 se-

593 3951 712 4020 ipso
766 3959 1023 4012 sanctus;
1085 3957 1139 4003 et
1196 3946 1433 4017 Spiritus
1465 3948 1714 4014 divinus,
1761 3949 1813 4002 id
1843 3957 1945 4015 est,
1979 3957 2171 4004 natura

590 4041 773 4108 Dens;
806 4051 862 4096 et
897 4039 1057 4094 ﬂatus
1103 4037 1526 4108 Omnipotentis,
1570 4042 1622 4095 id
1647 4049 1753 4106 est,
1808 4042 2170 4095 consubstan-

591 4133 738 4188 tialis
763 4130 1156 4201 Omnipotenti,
1179 4139 1340 4200 atque
1361 4147 1427 4186 ex
1451 4133 1569 4202 ejus
1602 4133 1880 4202 hypostasi
1901 4133 2169 4201 spiratus:

591 4233 653 4281 ut
671 4223 758 4280 vel
795 4224 910 4279 haec
932 4222 1044 4279 sola
1081 4223 1451 4279 denominatio
1481 4224 1738 4278 ostendat
1757 4262 1774 4289 ,
1811 4239 1932 4279 eum
1961 4233 2013 4279 et
2042 4239 2173 4279 cou-

591 4315 1001 4374 substantialem
1043 4329 1166 4369 esse
1197 4313 1308 4370 Deo
1335 4315 1503 4380 Patri,
1559 4325 1613 4370 et
1654 4317 2025 4372 sanctiﬁcandi
2061 4317 2169 4371 vim

590 4409 812 4472 habere,
847 4421 910 4461 ac
933 4421 1002 4460 ne
1030 4408 1278 4460 oratione
1303 4405 1521 4476 quidem
1545 4445 1560 4467 .
1593 4414 1687 4460 aut
1715 4407 1926 4462 ratione
1955 4422 2053 4462 nos
2086 4422 2173 4462 as-

591 4501 743 4573 sequi
774 4499 921 4555 illum
958 4512 1139 4568 posse.
1196 4496 1462 4565 Quocirca
1497 4513 1597 4554 nos
1628 4498 1827 4554 Paulus
1867 4497 1956 4554 ille
2002 4508 2056 4553 et
2089 4498 2171 4552 fa-

2346 2032 2438 2097 G’.
2485 2027 2548 2078 Ἦ
2583 2025 2760 2087 κτίσις
2807 2022 3112 2092 ἁγιάζεται,
3152 2023 3247 2076 καὶ
3272 2021 3574 2076 δικαιοῦται
3620 2021 3724 2075 ὑπὸ
3773 2021 3864 2075 τοῦ

2283 2121 2383 2192 τὴν
2419 2119 2582 2189 φύσιν
2615 2117 2770 2185 ἁγίου
2803 2115 2938 2169 Θεοῦ
2961 2132 2974 2145 ·
3013 2116 3235 2188 δεκτικὴ
3267 2116 3377 2187 γὰρ
3405 2116 3498 2168 τοῦ
3538 2116 3867 2187 άγιασθῆναι

2283 2213 2378 2269 καὶ
2405 2210 2758 2281 δικαιωθῆναι
2784 2209 3062 2280 τυγχάνει,
3091 2209 3151 2262 οὐ
3179 2208 3507 2280 παρεκτική.
3537 2208 3612 2260 Τὸ
3640 2208 3685 2260 δ’
3714 2208 3868 2276 ἅγιον

2288 2304 2535 2375 Πνεῦμα,
2567 2300 2796 2372 ἐπείπερ
2843 2301 3092 2369 διέστηκε
3152 2301 3250 2370 μὲν
3309 2299 3408 2369 τῆς
3457 2299 3705 2362 κτίσεως,
3740 2315 3864 2350 συν-

2281 2394 2455 2464 ῆπται
2490 2392 2546 2445 δὲ
2585 2393 2652 2462 τῇ
2682 2388 2841 2458 φύσει
2873 2389 3086 2458 ἐκείνῳ,
3105 2388 3165 2452 ἐξ
3195 2381 3255 2441 οὗ
3290 2388 3687 2457 ἐκπεπόρευται
3717 2386 3867 2459 (περ)⁵

2281 2473 2343 2533 οῦ
2380 2478 2476 2532 καὶ
2522 2475 3081 2548 ὲμυσταγωγήθημεν,
3129 2477 3204 2540 ὡς
3243 2496 3260 2528 ι
3286 2477 3443 2530 Πᾶσα
3484 2475 3629 2538 δόσις
3663 2477 3864 2547 ἀγαθὴ,

2283 2573 2378 2627 καὶ
2417 2573 2526 2624 πᾶν
2567 2569 2800 2642 δώρημα
2847 2569 3050 2622 τέλειον
3094 2567 3300 2622 ἄνωθέν
3353 2571 3494 2631 ἐστι,
3540 2569 3868 2622 καταϐαῖνον

2283 2666 2348 2718 ὲκ
2387 2662 2482 2717 τοῦ
2528 2661 2739 2732 Πατρὸς
2785 2659 2894 2713 τῶν
2929 2659 3141 2729 φώτων,
3187 2662 3317 2731 παρ’
3431 2661 3531 2714 οὐκ
3566 2659 3680 2714 ἔστι
3719 2677 3862 2729 mp-

2283 2756 2512 2827 αλλαγὴ,
2540 2755 2572 2825 ἢ
2604 2753 2814 2826 τροπῆς
2858 2751 3273 2823 ἀποσκίασμα»)
3295 2769 3308 2780 ·
3341 2754 3436 2805 καὶ
3466 2751 3695 2824 ἐπείπερ
3724 2753 3861 2806 πάν-

2281 2866 2389 2901 των
2418 2846 2662 2918 κήδεται,
2699 2845 2793 2897 καὶ
2828 2844 3192 2914 προμηθεῖται
3231 2844 3324 2898 καὶ⁸
3351 2843 3530 2898 αὐτῶν
3557 2844 3667 2897 τῶν
3699 2845 3862 2898 ὑπαι-

2281 2941 2410 2993 τίων
2430 2955 2444 2970 ·
2473 2937 2688 3006 ἁγιάζει
2721 2937 2839 3007 μὲν,
2866 2936 2962 2990 καὶ
2983 2936 3198 3000 δικαιοῖ,
3237 2936 3330 2988 καὶ
3368 2934 3597 3004 σοφίζει,
3634 2936 3731 2988 καὶ
3757 2937 3864 2989 πᾶν

2283 3025 2420 3093 εἶδος
2462 3028 2550 3099 [71
2590 3026 2646 3098 α]
2702 3027 3025 3097 ἐπουρανίου
3076 3026 3276 3096 ἀρετῆς
3325 3026 3585 3096 παρέχει·
3618 3026 3753 3080 αὐτὸ
3806 3027 3863 3079 δὲ

2281 3119 2532 3190 οὐδαμῶς
2565 3119 2880 3191 εὑρίσκεται
2928 3118 3050 3189 ἕχον
3108 3117 3520 3189 ἐπιτηδειότητα
3571 3117 3667 3171 τοῦ
3704 3119 3863 3187 ἁγιά-

2283 3211 2488 3277 ζεσθαι,
2517 3211 2550 3282 ἢ
2583 3209 3001 3280 δικαιοῦσθαι,ἢ
3030 3207 3345 3278 σοφίζεσθαι
3373 3209 3460 3278 ὑφ’
3485 3208 3676 3280 ἐτέρου
3701 3208 3865 3281 (καθὰ

2282 3305 2388 3359 οὐδ’
2420 3306 2448 3358 6
2481 3303 2754 3375 αὐτοφυὴς
2777 3301 2987 3372 Πατὴρ,
3021 3302 3128 3355 οὐδ’
3157 3305 3186 3356 ὁ
3217 3300 3457 3373 ὁμοφυὴς
3487 3301 3653 3354 αὑτοῦ
3681 3301 3825 3370 Υἱός)
3845 3319 3859 3330 .

2283 3394 2358 3458 ὡς
2397 3394 2491 3447 καὶ
2526 3393 2614 3446 διὰ
2661 3391 2820 3446 τοῦτο
2851 3391 3028 3462 ὀρθῶς
3078 3391 3443 3464 εὐφημεῖσθαι
3489 3390 3777 3460 αὑτοάγιόν
3799 3407 3864 3448 τε

2283 3486 2377 3540 καὶ
2426 3484 2650 3556 Πνεῦμα
2700 3482 3029 3556 ἁγιωσύνης,
3083 3483 3205 3536 ἀντὶ
3259 3482 3378 3551 τοῦ,
3415 3481 3576 3554 φύσει
3629 3484 3725 3537 καὶ
3765 3483 3862 3552 ἀφ’

2275 3575 2468 3632 ἑαυτοῦ
2519 3577 2707 3645 ἅγιον⁹
2759 3575 2852 3628 καὶ
2907 3573 3133 3645 Πνεῦμα
3177 3574 3340 3639 θεῖον,
3393 3575 3514 3628 ἀντὶ
3549 3574 3666 3641 τοῦ,
3705 3574 3868 3644 φύσει

2274 3669 2407 3733 Θεός
2427 3686 2438 3699 ·
2474 3669 2568 3721 καὶ
2601 3667 2736 3740 πνοὴ
2773 3666 3241 3739 Παντοκράτορος,
3274 3667 3395 3720 ἀντὶ
3429 3665 3549 3732 τοῦ,
3581 3667 3867 3738 ὀμοούσιον

2274 3759 2367 3813 τοῦ
2392 3759 2840 3831 Παντοκράτορος
2866 3757 3128 3812 πνευσθὲν
3160 3759 3225 3811 ἐκ
3258 3759 3354 3830 τῆς
3384 3758 3737 3823 ὑποστάσεως
3764 3760 3870 3812 αὑ-

2271 3853 2395 3906 τοῦ⁸
2425 3852 2565 3906 ὥστε
2603 3853 2698 3906 καὶ
2726 3850 2893 3922 μόνην
2929 3851 3058 3923 μίαν
3100 3851 3358 3914 τοιαύτην
3409 3853 3710 3922 ὀνομασίαν
3749 3852 3868 3907 65t-

2272 3944 2466 3996 κνύναι
2495 3943 2626 3998 αὐτὸ
2648 3942 2932 4014 ὁμοούσιόν
2960 3960 3018 3995 τε
3051 3942 3129 4013 τῷ
3159 3942 3277 4014 Θεῷ
3293 3944 3472 4015 Πατρὶ
3490 3945 3584 3998 καὶ
3611 3945 3872 4013 άγιαστι-

2271 4035 2389 4099 κὸν,
2429 4035 2525 4088 καὶ
2557 4035 2692 4107 μηδὲ
2725 4034 2868 4106 λόγῳ
2910 4033 3231 4106 χωρεῖσθαι.
3260 4033 3552 4106 Τοιγάρτοι
3580 4036 3610 4087 6
3637 4035 3872 4099 δυνατὸς

2271 4129 2445 4182 εἰπεῖν
2475 4144 2534 4180 τε
2567 4128 2663 4180 καὶ
2690 4125 2894 4189 τύπους
2919 4125 3173 4179 ἐκθέσθαι
3220 4126 3456 4191 πίστεως
3493 4127 3707 4191 Παῦλος
3752 4129 3877 4180 εἰσ.

2271 4221 2537 4291 ηγήσατο,
2564 4219 2902 4292 προθέμενος
2931 4220 3046 4290 ἅμα
3080 4219 3177 4290 μὲν
3207 4219 3365 4275 τοῦτο
3391 4221 3452 4276 τὸ
3489 4223 3808 4292 κεφάλαιον,
3840 4224 3875 4277 ὃ

2271 4313 2387 4366 νυνὶ
2427 4313 2703 4384 μέτειμεν,
2743 4313 2858 4384 ἁμα
2898 4311 2954 4365 δὲ
2981 4313 3075 4365 καὶ
3119 4313 3226 4366 τῶν
3269 4313 3714 4385 μεγαλοδωρεῶν,
3762 4317 3876 4367 καὶ

2268 4405 2369 4474 τῆς
2413 4406 2471 4457 ὲν
2512 4404 2591 4476 τῷ
2637 4404 2976 4476 βαπτίσματι
3013 4406 3425 4476 ὰναγεννήσεως
3471 4405 3532 4458 τὸ
3579 4405 3719 4476 πρὸς
3763 4406 3874 4459 τὸν

2271 4498 2402 4551 Θεὸν
2441 4498 2661 4570 Πατέρα
2703 4497 2971 4552 ἐπίκοινον
3017 4497 3112 4551 τοῦ
3159 4499 3316 4567 ἁγίου
3379 4497 3735 4569 Πνεύματος’
3777 4498 3875 4552 ἔτι

589 4589 786 4646 cundia
819 4587 929 4660 (91)
963 4587 1169 4656 pollens
1189 4629 1204 4654 ,
1230 4597 1284 4642 et
1315 4589 1368 4642 in
1407 4589 1742 4657 exponendis
1769 4589 1893 4644 lidei
1925 4589 2172 4645 formulis

2279 4589 2326 4643 se
2351 4591 2445 4644 καὶ
2475 4592 2557 4645 ὅτι
2592 4590 2653 4643 τὸ
2699 4609 2718 4641 ι
2740 4590 2768 4642 ὁ
2798 4590 2928 4654 Θεὸς
2954 4609 2970 4640 ι
3003 4590 3192 4662 ὄνομα,
3229 4589 3288 4644 ἓν
3315 4607 3374 4643 τε
3404 4589 3501 4643 καὶ
3551 4590 3682 4654 ἴσως
3738 4591 3874 4644 ἐστὶ

592 4688 866 4746 strenuus,
896 4677 1025 4747 quid
1051 4679 1374 4733 credendum
1401 4679 1556 4734 nobis
1585 4687 1748 4745 esset,
1780 4679 2016 4746 edocuit,
2042 4680 2167 4735 dum

2279 4684 2336 4752 τῇ
2369 4679 2589 4752 Τριάδι·
2627 4681 2721 4734 καὶ¹
2757 4681 3092 4751 ίσοδυνάμως
3119 4682 3205 4734 ἀεὶ
3246 4683 3459 4754 ἐνεργεῖ
3485 4681 3809 4754 ἐπικληθεὶς
3840 4685 3875 4736 ὅ

596 4771 758 4844 159
779 4769 940 4827 simul
975 4778 1031 4824 et
1065 4771 1356 4841 capitulum
1387 4771 1584 4838 hocce,
1626 4771 1768 4840 quod
1803 4784 1945 4825 nunc
1977 4785 2174 4841 expen-

2279 4789 2333 4824 τε
2358 4772 2488 4835 Θεὸς
2513 4771 2724 4843 Πατὴρ,
2757 4773 2784 4825 ὂ
2823 4789 2882 4825 τε
2910 4771 3042 4837 Θεὸς
3075 4771 3220 4839 Υἱὸς,
3263 4775 3292 4828 ὃ
3323 4792 3382 4827 τε
3416 4774 3547 4839 Θεὸς
3585 4774 3824 4846 Πνεῦμα
3850 4794 3868 4808 ο

589 4952 803 5026 diverso
858 4965 1018 5026 sensu
1078 4951 1154 5026 ait
1194 4969 1209 5006 :
1251 4950 1354 5004 Τὸν
1423 4951 1549 5026 βοῦν
1621 4950 1678 5004 δὲ
1735 4949 2036 5026 Δἐπιτίθημι
2102 4956 2168 5023 τῇ

2279 4953 2358 5026 An
2409 4951 2710 5026 inducenda
2756 4952 2944 5026 vocula
3015 4954 3132 5026 καί,
3189 4956 3680 5026 ιιιίευρεννεειιεῖ,
3718 4955 3866 5020 Pro,

585 5020 822 5094 γλώττῃ,
863 5025 914 5075 id
935 5030 1020 5075 est
1061 5039 1079 5073 ι
1107 5022 1305 5076 Bovem
1337 5020 1468 5076 vero
1500 5022 1693 5091 linguae
1717 5020 2170 5094 deinceps'impol

587 5108 731 5162 nam,
754 5109 774 5142 ι
817 5105 1027 5162 nempe,
1060 5106 1254 5145 arcana
1283 5105 1386 5145 non
1419 5102 1676 5162 retegam.

657 5161 768 5230 (87)
823 5159 1011 5226 Quoad
1053 5162 1312 5233 virtutem.
1367 5162 1424 5216 In
1469 5159 1678 5233 Graeco,
1736 5163 1943 5233 ἀρετῆς
1992 5164 2164 5226 ἐντός.

586 5230 638 5285 ls
664 5247 694 5285 e
727 5233 1022 5294 contrario,
1057 5231 1146 5299 qui
1176 5232 1372 5286 nullius
1394 5232 1601 5299 peccati
1627 5246 1747 5286 reus
1781 5230 1873 5292 sit.
1900 5230 2102 5286 dicitur
2134 5249 2163 5286 a

586 5299 836 5374 Didy_m_o,
870 5300 1281 5374 ἁμαρτημάτων
1335 5302 1492 5366 ἐκτὸς
1519 5301 1614 5367 ὧν,
1653 5317 1779 5372 pag.
1812 5302 1914 5356 149
1951 5301 2166 5357 Catena:

587 5372 644 5424 in
693 5369 888 5424 Iobum
913 5369 1229 5426 Nicetiana.

657 5441 771 5513 (88)
804 5440 1070 5513 ΑΒςρτοὸἱ.
1134 5439 1414 5513 Notandus
1482 5443 1571 5498 hic
1619 5441 1808 5513 locus,
1870 5453 2160 5513 prepterea

586 5509 815 5579 qued'ei
872 5509 1069 5583 faveat,
1095 5511 1200 5583 qui
1238 5514 1666 5568 commentitium
1711 5509 2158 5583 Origenianorum

2273 5023 2426 5087 τότε,
2481 5039 2612 5097 sane
2660 5021 2939 5097 legendum
2969 5025 3051 5097 τό
3104 5043 3184 5079 τε.
3225 5021 3868 5097 ΙΙΙυ‹ι’νειό,νσῦνὰγε-

2272 5109 2393 5158 ται,
2431 5095 2618 5148 eodem
2663 5108 2821 5149 sensu
2856 5095 3152 5151 adhibitum
3192 5097 3432 5152 invenies
3481 5097 3534 5150 in
3569 5095 3869 5156 Clemente

2269 5164 2662 5218 Alexandrino.

2343 5233 2456 5302 (90)
2499 5231 2701 5287 Omnis.
2758 5231 2812 5286 lu
2868 5232 3037 5302 Epist.
3095 5234 3211 5291 Jac.
3259 5252 3296 5300 ι,
3329 5237 3414 5289 l7.
3449 5235 3639 5292 Graeca
3681 5237 3869 5293 editio

2268 5302 2452 5379 habet,
2492 5304 2600 5356 ἀπὸ
2628 5302 2720 5379 τοῦ
2757 5304 2988 5379 Πατρός,
3015 5320 3135 5376 pro,
3165 5307 3227 5360 ὲκ
3258 5307 3351 5360 τοῦ
3377 5307 3622 5379 Πατρός·
3660 5319 3866 5378 atque,

2266 5375 2366 5427 οὐκ
2391 5373 2491 5439 ενι,
2523 5389 2640 5438 pro,
2665 5374 2766 5427 οὐκ
2787 5373 2921 5429 ἐστι.

2338 5443 2451 5514 (91)
2500 5442 2799 5517 Facundia.
2832 5445 2885 5498 lu
2919 5445 3103 5500 codice
3145 5441 3297 5500 εἶπέν
3325 5464 3416 5501 τεο
3446 5462 3608 5517 quam
3653 5448 3867 5503 lectio-

2267 5529 2389 5567 nem
2409 5515 2724 5587 mendosam
2743 5529 2868 5587 _esse
2899 5529 3007 5568 non
3039 5517 3220 5571 dubito
3250 5536 3262 5572 :
3295 5515 3481 5586 itaque
3504 5519 3641 5587 lego,
3671 5521 3868 5572 εἰπεῖν

587 5590 824 5702 εἱειειιιε
857 5581 922 5634 de
956 5580 1160 5650 angelis
1189 5583 1448 5652 reprobis,
1496 5583 1609 5639 sive
1651 5580 1927 5652 apostatis,
1977 5583 2161 5652 probis
2263 5600 2343 5637 τε.
2396 5583 2536 5652 Quin
2586 5593 2695 5639 tota
2740 5585 2856 5640 haec
2895 5588 3158 5641 sententia
3207 5589 3341 5641 adeo
3375 5580 3634 5658 perplexa
3669 5600 3758 5644 est
3803 5593 3866 5644 in

587 5664 617 5702 a
643 5651 874 5703 iauando
897 5653 1167 5703 evasuris.
1195 5667 1226 5703 a
1268 5653 1490 5703 Didvmo
1517 5656 1827 5703 adontatum
1857 5670 1961 5703 non
1990 5653 2161 5703 fuisse
2263 5653 2453 5703 Gram
2480 5694 2496 5703 .
2569 5664 2630 5703 ut
2706 5669 2896 5703 vocem
2969 5657 3204 5703 alinuam
3275 5656 3496 5703 lihra‘rin
3577 5660 3865 5703 notitiem

661 5651 874 5723 quando
897 5653 1167 5723 evasuris,
1195 5667 1226 5707 a
1254 5651 1490 5722 'Didymo
1517 5651 1827 5723 ad0ptatum
1857 5670 1961 5709 non
1981 5651 2161 5708 luisse
2263 5653 2453 5710 Graeco
2480 5694 2496 5720 ,

587 5721 956 5793 contenderet.
984 5721 1117 5793 Vide
1143 5723 1308 5793 etiam
1333 5721 1499 5793 scgtn.
1529 5724 1597 5776 72
1624 5721 1687 5777 “α.

656 5790 769 5863 (89)
821 5789 1118 5862 Colligitur.
1173 5792 1231 5849 In
1286 5789 1490 5858 codice,
1537 5795 1827 5862 συνάγεται
1877 5795 1971 5848 καὶ
2013 5793 2176 5850 τότε..

2569 5664 2630 5710 ιιι
2706 5669 2896 5712 vocem
2969 5657 3204 5726 aliquam
3274 5656 3496 5713 librario
3577 5660 3866 5716 excidisse

2262 5727 2524 5797 suspicer.
