4104 6408
218 384 320 439 525

1274 382 1360 436 DE
1398 381 1772 437 TRINITATE
1810 380 2017 435 LIBER
2056 382 2444 441 SECUNDUS.

3362 392 3472 447 5:26

218 501 524 572 Κορινθίοις
545 503 769 574 γράφων
796 503 1124 574 δημηγορεῖ·
1161 523 1179 553 ι
1213 502 1373 556 Ἀλλά
1401 500 1789 566 ἀπελούσασθε,

1906 499 2115 567 dimus,
2147 503 2452 573 proposuit,
2488 511 2540 555 et
2577 504 2863 574 magniﬁca
2891 505 3054 576 dona,
3087 522 3152 561 ac
3193 522 3480 577 regenera-

215 594 350 647 ἀλλά
399 595 777 665 ἐδικαιώθητε,
825 595 961 649 ἀλλά
1004 595 1305 666 ἡγιάσθητε
1342 598 1400 649 ὲν
1442 596 1520 666 τῷ
1568 598 1793 668 ὀνόματι

212 684 305 737 τοῦ
334 686 547 755 Κυρίου
587 685 746 756 ἡμῶν
792 686 965 757 Ἰησοῦ
1007 687 1266 757 Χριστοῦ,
1299 688 1392 740 καὶ
1421 689 1478 739 ὲν
1506 686 1586 757 τῷ
1626 688 1795 741 Πνεύ-

216 796 342 848 ματι
372 778 467 831 τοῦ
503 778 639 830 Θεοῦ
669 778 845 849 ἡμῶν.
876 798 895 830 ι
940 779 1032 831 Διὸ
1065 782 1113 833 οἱ
1161 779 1541 843 κοινωνοῦντες
1565 781 1734 851 αὐτῷ,
1767 783 1794 835 ὂ

210 872 359 923 ἐστιν
392 874 442 924 οἱ
479 871 789 941 ἀξιούμενοι
828 871 1147 940 ἀγιάζεσθαι
1204 874 1294 925 ὑπ’
1328 872 1515 935 αὑτοῦ,
1567 875 1662 926 καὶ
1711 874 1791 927 δι-

212 961 525 1026 καιοῦσθαι,
585 965 681 1014 καὶ
734 961 1070 1031 σοφίζεσθαι,
1122 962 1388 1035 εἴρηνται,
1433 966 1509 1028 ὡς
1563 969 1591 1019 6
1633 967 1794 1031 αὐτὸς

214 1053 514 1115 ἀπόστολος
553 1052 838 1124 Ἐϐραίους
862 1054 1102 1107 διδάσκει
1126 1097 1141 1119 ,
1181 1074 1199 1105 ι
1233 1056 1447 1127 μέτοχοι
1478 1057 1790 1127 Πνεύματος

215 1146 398 1215 ἁγίου.
428 1164 446 1196 ι
482 1147 586 1200 Καὶ
629 1147 897 1215 Ἐφεσίοις
922 1147 977 1199 δὲ
1024 1148 1258 1217 γράφειο
1302 1164 1320 1199 ι
1359 1150 1446 1201 Ἑν
1485 1141 1530 1216 ᾧ
1566 1150 1661 1203 καὶ
1705 1167 1793 1202 πι-

220 1237 538 1301 στεύσαντες
582 1239 983 1311 ἐσφραγίσθητε
1006 1240 1084 1310 τῷ
1114 1240 1391 1312 Πνεύματι
1423 1241 1519 1312 τῆς
1557 1243 1793 1311 ἐπαγγε-

217 1332 336 1397 λίας
379 1332 455 1403 τῷ
500 1332 660 1403 ἀγίῳ.
687 1351 706 1384 ι
753 1333 921 1404 Δῆλον
950 1334 1079 1406 γὰρ,
1126 1336 1201 1397 ὡς
1251 1336 1300 1388 οἱ
1348 1335 1788 1409 σφραγιζόμενοι,

215 1426 355 1478 τοῦτ’
403 1424 553 1478 ἐστιν
588 1426 961 1497 ἁγιαζόμενοι,
1012 1426 1350 1497 μετέχουσιν,
1400 1428 1513 1481 ἀλλ’
1567 1429 1626 1481 ού
1663 1446 1791 1499 μετ-

209 1517 445 1586 έχονται.
488 1517 601 1569 Καὶ
642 1516 749 1588 γὰρ
782 1519 831 1570 εί
865 1516 1071 1586 κτίσμα
1111 1516 1406 1589 ἐτύγχανεν
1444 1518 1503 1571 ὃν
1545 1519 1607 1572 τὸ
1638 1520 1791 1587 ἅγιον

205 1608 452 1677 Πνεῦμα,
489 1607 524 1677 ἢ
573 1608 601 1659 6
642 1606 800 1670 Υίὸς’
829 1606 928 1659 ποῦ
973 1603 1040 1679 ἦν
1080 1608 1239 1681 χρεία
1276 1610 1337 1663 τὸ
1382 1610 1585 1681 κτίσμα
1617 1609 1701 1681 [71
1737 1610 1788 1683 b]

202 1700 476 1769 ἀγιάζειν,
512 1700 610 1753 καὶ
639 1702 814 1754 ποιεῖν
846 1700 945 1772 τὴν
974 1700 1276 1773 πλήρωσιν,
1310 1704 1487 1756 καίτοι
1526 1703 1620 1756 τοῦ
1653 1704 1787 1757 Θεοῦ

202 1792 422 1862 Πατρὸς
448 1791 814 1864 ἀποχρώντως
843 1794 1166 1863 ἡγιακότος;
1212 1795 1282 1848 Οἵ
1328 1797 1379 1864 γ’
1416 1791 1508 1849 οὖν
1556 1798 1787 1858 κτιστοὶ,

199 1884 467 1938 ἀκτίστου
494 1884 557 1939 τὸ
587 1885 796 1957 χρίσμα
822 1886 979 1939 τοῦτο
1011 1887 1233 1951 εἰδότες,
1271 1889 1371 1941 οὐκ
1409 1888 1619 1942 οἴκοθεν
1661 1908 1794 1961 παρ-
1831 1869 1870 1924 Β
1898 1878 2215 1951 δοεει(9δ)ο
2238 1881 2319 1934 Ad
2358 1881 2619 1950 Εβδθείοδ
2680 1894 2859 1937 ποιοίη
2899 1883 3089 1937 scrib“
3142 1901 3156 1938 ³

199 1978 399 2048 ἔχομεν
436 1979 528 2031 τὸν
554 1978 844 2049 ἀγιασμδν,
890 1979 1026 2033 ἀλλά
1074 1980 1282 2052 φαμέν·
1328 1982 1385 2035 '0
1413 1982 1542 2046 Θεὸς
1570 1982 1791 2050 ἁγιάσαι

201 2086 282 2123 σε.
325 2070 441 2122 Καὶ
483 2070 620 2141 πρὸς
660 2071 845 2143 ἕτερον
877 2071 934 2124 δὲ
974 2074 1236 2143 ὁμόλογον
1267 2075 1363 2127 καὶ
1404 2075 1662 2147 κραταιὸν
1693 2075 1790 2145 βα-

197 2161 421 2232 διοῦμαι
472 2162 768 2232 δικαίωμα,
817 2163 934 2234 μεθ’
983 2164 1010 2217 6
1048 2165 1168 2218 οὐδὲ
1205 2168 1318 2229 τοῖς
1364 2166 1791 2238 μεμελετηκόσιν

198 2254 582 2323 ἀναισχυντεῖν
634 2254 852 2320 ἐξέσται
896 2254 1056 2309 τοῦτο
1101 2260 1298 2311 ποιεῖν.
1358 2258 1414 2311 '0
1451 2259 1546 2312 τοῦ
1590 2260 1792 2324 παντὸς

198 2344 506 2412 Δεσπότης,
554 2345 681 2415 περὶ
720 2346 823 2414 μὲν
867 2344 960 2399 τοῦ
1017 2346 1153 2400 Θεοῦ
1202 2349 1418 2421 Πατρὺς
1459 2351 1552 2403 καὶ
1595 2352 1790 2406 ἑαυτοῦ

198 2433 627 2503 ἀπολελυμένως
671 2434 1097 2507 διαταξάμενος·
1147 2438 1547 2505 «Βάπτίζοντες
1596 2442 1792 2507 αὐτοὺς

200 2529 281 2589 είς
308 2528 374 2579 τὸ
404 2527 580 2597 ὄνομα
613 2527 707 2581 τοῦ
749 2530 983 2600 Πατρὸς,
1015 2531 1111 2584 καὶ
1141 2530 1233 2585 τοῦ
1262 2532 1445 2596 Ποῦ.»
1477 2535 1573 2606 οὺχ
1604 2536 1792 2600 ἁπλῶς

199 2619 473 2689 ἐπήγαγε,
514 2638 531 2669 ι
557 2620 771 2673 καὶτοῦ
820 2621 1158 2693 Πνεύματος,
1202 2642 1221 2675 ι
1279 2624 1416 2679 ἀλλά
1459 2628 1788 2701 προσέθηκε,

205 2726 225 2759 ι
246 2708 337 2761 τοῦ
384 2710 569 2777 ἀγίου.
599 2727 618 2761 ι
668 2712 830 2764 Ὥστε
863 2715 1142 2785 μονονουχὶ
1183 2716 1600 2789 ὑποδεδηκὸτως
1626 2722 1791 2776 αὐτοῦ

201 2802 298 2854 οὐκ
328 2802 604 2874 ἐμνήσθη,
644 2803 779 2857 ἀλλά
809 2805 901 2858 καὶ
946 2807 1383 2880 ἀναϐεϐηκότως,
1410 2810 1498 2866 διὰ
1532 2812 1590 2865 τὸ
1617 2814 1791 2869 ἐκεῖνο

201 2887 338 2946 εἶναι
377 2896 444 2964 τῇ
499 2894 683 2963 φύσει,
732 2896 760 2949 6
802 2900 939 2951 εἰσιν
986 2901 1041 2952 αί
1092 2900 1399 2966 αὐτοτελεῖς
1441 2905 1787 2973 ὑποστάσεις,

200 2986 263 3048 ἃς
291 2986 545 3056 ἐσήμανε
596 2987 657 3040 τὺ
696 2988 755 3040 ἓν
791 2990 977 3060 ὄνομα,
1144 2994 1236 3047 καὶ
1274 2996 1406 3049 αὐτὸ
1462 2997 1522 3050 τὸ
1566 2998 1790 3070 Πνεῦμα

206 3080 768 3151 σύμ-προσηγορεύθη·
819 3085 914 3136 καὶ
960 3087 1321 3159 παραλλήλως
1368 3090 1456 3143 διὰ
1506 3092 1568 3144 τὸ
1614 3094 1791 3147 ἐκεῖνο

205 3170 536 3226 καθεστάναι
570 3173 632 3225 τὸ
675 3173 829 3241 ἅγιον
875 3176 1122 3249 Πνεῦμα,
1173 3180 1201 3232 ὅ
1243 3180 1359 3233 ἐστι
1396 3183 1463 3252 τῇ
1513 3182 1728 3255 θεότητι
1762 3186 1791 3238 6

208 3262 388 3333 Πατὴρ
418 3264 517 3316 καί
556 3265 584 3315 6
632 3264 757 3327 Υἱὸς
795 3266 990 3319 αὑτοῦ·
1036 3262 1118 3333 οἷς
1164 3272 1659 3345 συνεμνημονεύθη,
1692 3274 1788 3338 ὠς.

209 3352 266 3403 τὸ
304 3352 367 3421 δὴ
408 3352 725 3423 λεγόμενον,
784 3354 898 3407 ἔστι
946 3356 1209 3427 πρόδηλον
1246 3358 1339 3411 καὶ
1385 3358 1588 3430 τυφλῷ.
1631 3359 1791 3413 Ἀλλά

212 3440 365 3493 τοῦτο
394 3442 488 3511 μὲν
529 3442 771 3507 πλείονος
816 3444 999 3515 ἔχεται
1028 3446 1335 3514 θεολογίας
1371 3449 1457 3501 ἴνα
1499 3448 1557 3502 δὲ
1594 3450 1791 3521 ῥᾳδίως

213 3531 533 3602 πιστεύηται
561 3532 813 3605 θεότητος
843 3534 1011 3606 μόνης
1036 3535 1164 3589 ἴδιον
1194 3536 1460 3609 ὑπάρχειν
1503 3539 1564 3593 τὸ
1604 3539 1788 3593 καλεῖ-

214 3622 363 3687 σθαι,
393 3623 487 3675 καὶ
520 3618 652 3677 εἶναι
682 3626 845 3694 φύσει
871 3626 1023 3695 ἅγιόν
1051 3644 1132 3691 τε,
1159 3626 1365 3682 δίκαιον
1390 3646 1470 3694 τε,
1490 3629 1570 3683 ἔτι
1598 3630 1704 3703 μὴν
1731 3632 1792 3684 τὸ

211 3713 474 3782 ἀγιάζειν,
521 3717 613 3769 καὶ
654 3716 900 3771 δικαιοῦν
941 3718 1009 3772 τά
1051 3720 1225 3772 οἰκεῖα
1274 3721 1582 3793 κτίσματα·
1629 3724 1790 3795 ὅμοια

207 3809 494 3880 ὑμνημένα
531 3811 694 3872 εἰσὶν,
728 3811 858 3880 περὶ
888 3810 986 3881 μὲν
1014 3811 1108 3863 τοῦ
1139 3813 1373 3884 Πατρὸς,
1399 3813 1475 3878 ὼς
1500 3816 1664 3885 ἡνίκα
1689 3816 1787 3868 αύ-

201 3902 290 3964 τδς
338 3904 367 3953 ὁ
413 3902 543 3964 Υἱὸς
580 3902 732 3973 παρά
771 3903 993 3975 Ἰωάννῃ
1027 3903 1194 3976 λέγῃ⁶
1232 3925 1251 3956 ι
1279 3906 1461 3979 Πάτερ
1505 3908 1648 3977 ἅγιε,
1688 3910 1787 3979 τή-

201 4011 365 4065 ρησον
423 3995 626 4058 αὐτοὺς
688 3998 745 4048 ἐν
794 3994 870 4066 τῷ
932 3996 1155 4067 ὀνόματί
1214 4014 1391 4051 σουοι
1450 3999 1545 4054 καὶ
1588 4000 1784 4054 πάλιν·

206 4107 225 4139 ι
257 4089 513 4155 Ἀγίασον
546 4090 744 4151 αὐτοὺς
773 4090 831 4142 ὲν
864 4092 930 4161 τῇ
958 4090 1188 4163 ἀληθείᾳ
1216 4109 1308 4145 σου
1326 4110 1340 4123 θ
1369 4095 1396 4145 6
1432 4092 1603 4161 Λόγος
1625 4096 1653 4146 6
1676 4094 1787 4159 σὸς,

200 4182 428 4253 ἀλήθειά
468 4184 641 4235 ἐστι’»
675 4185 769 4237 καὶ
813 4182 995 4248 αὖθιςο
1032 4204 1049 4236 ι
1072 4186 1254 4257 Πάτερ
1296 4186 1490 4241 δίκαιε.
1518 4207 1537 4238 ι
1580 4187 1689 4241 Καὶ
1715 4188 1789 4251 ὡς

197 4276 325 4329 ὅταν
360 4277 802 4347 προφητεύωσιν,
842 4277 1099 4349 Ἰεζεκιὴλ
1132 4278 1259 4348 μέν’
1295 4298 1311 4329 ι
1341 4279 1448 4332 Καὶ
1473 4278 1786 4347 γνώτωσαν,

198 4368 279 4422 ὅτι
309 4369 424 4437 ἐγὼ
454 4368 662 4439 Κύριος
705 4372 733 4422 6
782 4370 1023 4437 ἁγιάζων
1070 4371 1267 4435 αὐτούς
1288 4386 1301 4400 ·
1331 4392 1348 4423 ι
1396 4372 1557 4425 Δαυῖδ
1586 4372 1641 4425 δὲ
1672 4375 1730 4426 ὲν
1760 4380 1788 4425 ι’

197 4461 429 4532 ψαλμῷ·
487 4463 745 4526 (Δίκαιος
794 4464 1021 4535 Κύριος,
1078 4465 1171 4517 καὶ
1204 4464 1297 4536 [72
1338 4464 1394 4537 a]
1440 4466 1787 4537 δικαιοσύνην

1909 591 2136 659 tionem,
2162 608 2326 662 quam
2361 595 2413 647 in
2444 594 2711 662 baptismo
2758 597 3145 666 consequimur
3170 638 3185 663 ,
3236 614 3389 668 aeque
3421 608 3481 654 et

1906 684 2271 738 communiter
2297 700 2327 738 a
2358 685 2465 740 Deo
2492 684 2652 740 Patre
2677 728 2693 751 ,
2749 702 2815 741 ac
2860 685 3064 757 Spiritu
3111 699 3301 743 sancto
3332 704 3479 757 esse,

1894 783 1952 829 et
1980 784 2240 843 praterea
2280 792 2476 831 nomen
2510 779 2611 833 hoc
2643 797 2662 829 ι
2703 779 2843 833 Deus
2872 798 2890 831 ι
2929 781 2981 833 in
3011 780 3277 835 Trittitate
3311 798 3476 836 unum

1904 867 2196 935 exsistere,
2227 880 2281 926 et
2311 872 2484 926 tribus
2512 872 2792 941 aequaliter
2812 876 3099 929 convenire
3119 918 3133 941 ,
3165 886 3217 929 et
3261 876 3478 930 invoca-

1904 970 2015 1015 tum
2049 976 2078 1015 a
2116 962 2275 1017 nobis
2327 977 2448 1017 cum
2484 964 2650 1018 Deum
2676 964 2928 1029 Patrem,
2984 974 3097 1020 tum
3162 968 3328 1021 Deum
3388 966 3479 1019 Fi-

1899 1051 2071 1120 lium,
2128 1065 2239 1107 tum
2301 1056 2468 1109 Deum
2527 1056 2787 1126 Spiritum
2847 1060 3038 1126 :equali
3105 1074 3319 1128 semper
3378 1073 3477 1126 po—

1901 1153 2095 1199 testate
2120 1146 2335 1215 operari
2390 1150 2625 1203 ostendit
2664 1168 2677 1203 :
2725 1166 2847 1203 nam
2891 1150 3191 1205 Corinthiis
3235 1151 3477 1206 scribens

1900 1235 1975 1291 ita
2034 1238 2387 1293 concionatur
2444 1262 2455 1295 :
2516 1258 2535 1292 ι
2594 1239 2700 1297 Sed
2764 1242 2878 1313 (92)
2928 1245 3097 1299 abluti
3169 1245 3323 1311 estis,
3376 1247 3471 1299 sed

1895 1327 2176 1398 justiﬁcati
2230 1332 2380 1396 estis,
2444 1335 2535 1388 sed
2592 1336 2916 1391 sanetiﬁcati
2972 1338 3102 1392 estis
3160 1338 3210 1390 in
3254 1337 3472 1391 nomine

1898 1420 2111 1476 Domini
2146 1424 2316 1478 nostri
2348 1424 2477 1479 Jesu
2510 1426 2733 1493 Christi,
2775 1436 2829 1483 et
2888 1428 2939 1482 in
2990 1428 3193 1498 Spiritu
3231 1428 3326 1483 Dei
3367 1443 3467 1482 no-

1897 1513 2019 1570 stri.
2052 1534 2071 1567 ι
2106 1514 2398 1585 Propterea
2456 1519 2548 1587 qui
2580 1518 2628 1573 ei
2682 1521 3102 1584 communicant,
3152 1520 3206 1575 id
3234 1530 3350 1583 est,
3383 1522 3473 1589 qui

1897 1606 2041 1677 digni
2077 1608 2203 1663 facti
2226 1620 2351 1664 sunt
2386 1619 2443 1664 ut
2476 1613 2543 1664 ab
2586 1626 2651 1665 eo
2703 1613 3131 1678 sanctiﬁcentur,
3176 1623 3229 1666 et
3280 1611 3478 1682 justiti-

1897 1705 2107 1765 centur,
2142 1709 2197 1754 et
2227 1703 2501 1771 sapientes
2526 1703 2840 1767 reddantur,
2860 1704 2893 1756 ii
2935 1722 2954 1754 ι
2986 1704 3281 1774 participes
3301 1703 3475 1772 Spiri-

1900 1796 1986 1841 tus
2029 1790 2203 1843 sancti
2241 1809 2260 1841 ι
2294 1791 2571 1855 dicuntur,
2635 1800 2692 1845 ut
2723 1792 2864 1847 idem
2900 1793 3188 1862 Apostolus
3224 1791 3477 1846 Hebraeos

3212 1902 3230 1935 ι
3267 1882 3323 1937 In
3368 1898 3477 1953 quo

1899 1971 2014 2042 (94)
2062 1982 2118 2027 et
2148 1972 2431 2027 credentes
2467 1974 2663 2044 signati
2707 1975 2836 2029 estis
2868 1974 3070 2044 Spiritu
3105 1975 3475 2044 promissionis

1896 2074 2110 2119 sancto.
2152 2084 2171 2116 ι
2217 2064 2350 2119 Nam
2389 2068 2733 2135 perspicuum
2767 2076 2889 2129 est,
2920 2081 3017 2121 cos
3048 2068 3140 2136 qui
3173 2067 3472 2134 signantur,

1895 2157 1946 2211 id
1978 2169 2085 2223 est,
2117 2157 2551 2225 sanctiﬁcantur,
2586 2160 2934 2229 participare,
2979 2160 3073 2215 sed
3117 2176 3220 2215 non
3258 2160 3478 2229 partici-

1893 2250 2030 2319 pari.
2076 2250 2136 2304 Si
2185 2252 2330 2305 enim
2368 2260 2618 2305 creatura
2660 2261 2804 2307 esset
2849 2252 3087 2322 Spiritus
3134 2267 3352 2307 sanctus
3384 2262 3477 2306 aut
3544 2250 3563 2265 ‘

1894 2340 2083 2407 Filius,
2121 2342 2380 2411 quidnam
2404 2356 2631 2396 necesse
2665 2340 2821 2407 foret,
2854 2353 3139 2413 postquam
3193 2343 3355 2397 Pater
3389 2358 3479 2398 sa—

1898 2432 1967 2486 tis
1996 2431 2317 2500 abundeque
2360 2433 2757 2497 sanctilieavit,
2799 2442 2858 2486 ut
2908 2432 2958 2486 is
2984 2433 3174 2497 etiam,
3205 2434 3297 2503 qui
3328 2448 3479 2488 crea-

1891 2531 2011 2577 tura
2057 2532 2204 2578 esset
2258 2523 2649 2589 sanctillcaret,
2713 2539 2779 2579 ac
2818 2525 2983 2578 veluti
3032 2524 3328 2594 supplendo
3386 2539 3480 2579 ex-

1892 2616 2105 2688 pleret?
2158 2616 2346 2686 Itaque
2375 2632 2495 2672 cum
2520 2617 2759 2672 chrisma
2790 2618 2953 2682 istud,
2986 2618 3099 2672 sive
3128 2618 3434 2673 unctionem
3455 2660 3471 2684 ,

1893 2709 2038 2764 illius
2072 2724 2195 2765 esse
2231 2710 2567 2777 noverimus,
2628 2709 2721 2779 qui
2779 2710 3053 2765 increatus
3090 2720 3193 2776 est,
3254 2724 3353 2765 nos
3391 2718 3477 2764 ut-

1891 2813 2015 2874 pote
2067 2810 2331 2857 creaturae
2361 2816 2467 2857 non
2516 2802 2582 2856 de
2636 2810 2821 2857 nostro
2854 2802 3342 2857 sanctiticationeni
3380 2802 3477 2855 da-

1897 2910 2041 2960 mus,
2100 2896 2196 2951 sed
2248 2896 2483 2951 dicimus
2531 2914 2546 2951 :
2605 2894 2750 2950 Deus
2802 2905 2854 2949 te
2898 2893 3474 2949 sanctiﬁcet.1‘rans-

1895 3005 1961 3045 eo
2014 3002 2159 3043 nunc
2205 2990 2272 3043 ad
2312 2989 2491 3043 simile
2526 2988 2710 3051 aliud,
2772 2988 2938 3057 idque
2982 2985 3324 3057 pervalidum
3389 3002 3478 3039 ar.

1892 3091 2210 3149 gumentum
2243 3121 2258 3147 ,
2303 3083 2449 3151 quod
2508 3096 2631 3135 cum
2672 3079 2943 3144 attulero,
3001 3093 3190 3133 eorum
3252 3092 3469 3149 quoque

1899 3174 2121 3229 audacia
2167 3174 2553 3237 contundetur,
2588 3172 2677 3241 qui
2704 3171 2760 3225 in
2790 3170 3087 3241 impudenti
3117 3172 3473 3226 contendendi

1897 3267 2113 3321 ratione
2141 3265 2557 3321 exercitatiores
2584 3273 2729 3318 sunt.
2768 3263 3015 3319 Universi
3050 3262 3312 3319 Dominus
3350 3278 3475 3319 cum

1893 3359 1959 3411 de
1988 3357 2099 3412 Deo
2128 3357 2307 3422 Patre,
2334 3371 2397 3410 ac
2434 3355 2502 3409 de
2556 3356 2737 3424 seipso
2788 3354 3031 3410 absolute
3084 3354 3351 3424 loquens,
3398 3356 3469 3409 ita

1892 3450 2245 3521 praecepisset
2273 3490 2288 3515 ,
2332 3469 2351 3502 ι
2392 3450 2737 3518 Baptizantes
2766 3447 2879 3516 (95)
2912 3462 3005 3501 eos
3033 3447 3087 3500 in
3113 3447 3331 3502 nomine
3360 3446 3466 3503 Pa-

1896 3544 2015 3608 tris,
2043 3556 2097 3598 et
2128 3543 2270 3597 Filii.
2306 3562 2326 3595 ι
2367 3559 2476 3597 non
2510 3541 2790 3611 subjunxit
2813 3540 3137 3608 simpliciter
3160 3576 3176 3603 ,
3212 3558 3231 3592 ι
3263 3548 3317 3594 et
3352 3538 3475 3610 Spi-

1894 3637 2052 3704 ritus,
2096 3658 2114 3690 ι
2152 3639 2244 3692 sed
2274 3637 2498 3700 addidit,
2526 3655 2545 3687 ι
2593 3634 2789 3689 sancti.
2826 3652 2844 3684 ι
2906 3633 3088 3702 Itaque
3134 3647 3242 3686 non
3300 3632 3471 3687 solum

1892 3731 2013 3801 ejus
2067 3732 2141 3784 ita
2193 3746 2299 3785 non
2360 3728 2629 3791 meminit,
2691 3737 2748 3780 ut
2805 3739 2928 3779 eum
2967 3725 3320 3793 deprimeret,
3378 3726 3471 3781 sed

1894 3827 2063 3878 etiam
2096 3824 2214 3893 ejus
2242 3824 2314 3875 ita
2342 3820 2610 3886 meminit,
2645 3830 2702 3873 ut
2733 3836 2856 3873 eum
2892 3817 3198 3884 extolleret,
3232 3831 3297 3870 eo
3325 3819 3467 3886 quod

1891 3916 2008 3985 ipse
2038 3930 2229 3969 natura
2272 3912 2325 3968 id
2360 3915 2450 3979 sit,
2501 3913 2642 3982 quod
2685 3919 2811 3966 sunt
2841 3909 3250 3980 perfectissima;
3303 3909 3474 3979 hypo-

1892 4020 2085 4067 stases.
2111 4022 2248 4077 quas
2268 4008 2543 4077 signiﬁcat
2576 4022 2737 4058 unum
2769 4019 2986 4069 nomen,
3017 4020 3127 4073 quo
3161 4003 3273 4070 ipse
3304 4003 3469 4055 etiam

1893 4104 2129 4173 Spiritus
2184 4102 2347 4158 simul
2382 4118 2506 4158 cum
2545 4102 2648 4157 illis
2687 4100 2996 4156 nominatus
3025 4110 3141 4164 est,
3182 4112 3236 4155 et
3268 4099 3383 4169 pari
3416 4099 3472 4153 in

1893 4197 2062 4265 gradu
2115 4195 2434 4261 collocatus,
2489 4206 2773 4265 propterea
2825 4194 2968 4262 quod
3024 4194 3072 4246 id
3118 4194 3187 4246 sit
3235 4192 3473 4261 Spiritus

1892 4300 2134 4355 sanctus,
2185 4288 2327 4358 quod
2361 4300 2442 4341 est
2487 4288 2771 4341 divinitate
2817 4286 2979 4340 Pater
3016 4296 3070 4339 et
3102 4285 3269 4340 Filius
3329 4284 3469 4355 ejus,

1891 4377 2212 4446 quibuscum
2278 4377 2437 4431 simul
2498 4385 2958 4430 commemoratus
3013 4376 3147 4441 fuit,
3207 4378 3471 4445 quemad-

1894 4469 2111 4521 modum
2144 4469 2227 4522 vel
2252 4484 2429 4530 creco,
2466 4478 2524 4520 ut
2562 4470 2733 4532 aiunt,
2777 4469 2937 4539 160
2982 4469 3321 4537 perspicuum
3365 4480 3467 4525 est.

198 4555 492 4625 ἠγάπησεν
511 4573 523 4586 ·
554 4555 856 4627 εὐθύτητας
884 4558 991 4611 ἴδον
1018 4560 1066 4612 οἱ
1095 4558 1364 4629 ὀφθαλμοὶ
1398 4560 1563 4613 αὐτοῦ
1591 4578 1604 4592 ο
1643 4580 1661 4613 ι
1696 4563 1789 4615 καὶ

1897 4560 2002 4615 Sed
2037 4563 2137 4615 hoc
2167 4561 2386 4629 quidem
2430 4558 2620 4625 majori
2670 4561 2902 4628 quadam
2948 4559 3189 4628 emphasi
3235 4559 3470 4628 Spiritus

199 4649 417 4719 ἔτερος·
462 4669 481 4699 ι
506 4650 619 4701 Καὶ
663 4650 864 4714 πάντες
898 4654 947 4705 οἱ
981 4651 1302 4722 ἡγιασμένοι
1337 4653 1440 4706 ὑπὸ
1468 4653 1566 4716 τὰς
1597 4654 1789 4726 χεῖράς

202 4758 317 4805 σου,
352 4744 449 4795 καὶ
470 4743 577 4795 ὑπὸ
606 4744 664 4795 σέ
689 4746 844 4798 εἰσιν.
861 4764 879 4795 ι
917 4746 1025 4799 Καὶ
1051 4746 1125 4809 ὡς
1150 4748 1277 4799 ὅταν
1304 4746 1515 4811 Παῦλος
1543 4748 1790 4802 ἐπιστέλ-

199 4833 286 4904 λῃ,
317 4835 458 4904 πρὸς
497 4834 596 4904 μὲν
624 4835 1075 4903 Θεσσαλονικέαςο
1128 4859 1145 4890 ι
1172 4840 1342 4903 Αὐτὸς
1370 4840 1426 4892 δὲ
1464 4842 1492 4893 6
1530 4841 1660 4905 Θεὸς
1690 4843 1790 4914 τῆς

202 4929 427 4996 εἰρήνης
477 4926 701 4993 ἁγιάσαι
745 4929 889 4998 ὑμᾶς
931 4929 1196 4994 ὁλοτελεῖς
1224 4948 1239 4962 ο
1267 4951 1287 4981 ι
1346 4931 1482 5001 πρὸς
1529 4931 1586 4984 δὲ
1653 4933 1787 4985 Ῥω-

209 5022 402 5087 μαὶους
427 5035 440 5046 ·
473 5038 494 5068 ι
518 5018 649 5081 Θεὸς
675 5022 705 5072 6
733 5019 957 5074 δικαιῶν
978 5038 991 5051 ·
1013 5022 1096 5084 τίς
1124 5022 1152 5073 6
1180 5021 1559 5091 κατακρίνων;
1591 5041 1609 5071 ι
1652 5022 1787 5092 πρὸς

202 5110 255 5162 δὲ
293 5109 612 5179 Ἐϐραίουςυ
652 5129 670 5161 ι
698 5109 871 5186 Ἰναῇ
911 5114 944 5183 ἡ
980 5112 1246 5184 παρθένος
1292 5114 1421 5183 ἀγία
1452 5113 1663 5185 σώματι
1694 5115 1787 5169 καὶ

203 5200 556 5271 πνεύματι-ι
612 5202 688 5266 ὡς
740 5203 1109 5275 ἐγχωροῦντος
1155 5206 1272 5271 τοῦ,
1320 5207 1353 5275 ἢ
1404 5210 1524 5261 κατ’
1575 5209 1784 5261 οἰκείαν

202 5293 409 5364 τροπὴν
443 5292 519 5363 μὴ
549 5288 690 5346 εἶναι
717 5296 885 5366 αὐτὴν
928 5298 1110 5368 ἁγίαν,
1148 5298 1181 5368 ἥ
1230 5298 1349 5352 κατ’
1391 5300 1593 5371 ἀρετὴν
1626 5301 1782 5369 ἀγιά-

203 5450 388 5575 ’ὄξει
445 5451 572 5507 Sed.
639 5452 658 5505 l
721 5454 848 5508 Cor.
874 5468 950 5519 vn,
1006 5453 1093 5506 Η.
1164 5454 1297 5509 Vide
1352 5462 1463 5510 not.
1519 5452 1613 5520 80,
1661 5468 1783 5526 pag.

272 5562 386 5659 (35)
426 5594 610 5647 Docet.
636 5590 800 5647 Hebr.
832 5608 909 5659 vr,
944 5592 998 5646 4.

272 5665 385 5727 (94)
409 5664 475 5717 In
498 5680 623 5733 quo.
658 5664 856 5733 Eplies.
887 5678 923 5727 ι,
954 5664 1039 5718 15.

271 5733 383 5803 (95)
409 5732 777 5801 Baptizantes.
806 5732 995 5787 Matth.
1020 5750 1211 5797 xxvrtt,
1242 5736 1327 5790 l9.

292 5804 385 5869 96)
414 5804 599 5858 Pater.
640 5804 799 5857 Joan.
839 5820 970 5867 xvu,
998 5806 1085 5859 Η.

272 5806 384 5947 ίθῖ)
434 5875 750 5943 Sanctiﬁca.
783 5870 937 5929 Joan.
978 5890 1109 5939 xvu,
1138 5875 1223 5932 Π.
1280 5875 1336 5931 Ιιι
1363 5876 1500 5933 libro
1530 5875 1603 5932 De
1644 5874 1786 5946 Spir.

1892 4653 2066 4706 sancti
2125 4652 2460 4706 divinitatem
2522 4650 2782 4706 declarat.
2834 4649 3032 4705 Verum
3091 4664 3196 4718 quo
3262 4649 3471 4705 facilius

1893 4745 2015 4812 quis
2040 4745 2245 4809 credat,
2286 4744 2455 4798 solius
2483 4745 2699 4798 deitatis
2730 4742 3006 4811 proprium
3048 4755 3188 4806 esse,
3225 4748 3286 4795 ut
3312 4757 3473 4797 voce-

1893 4846 1999 4900 tur,
2029 4846 2083 4891 et
2127 4837 2341 4890 sitcum
2376 4847 2561 4891 sancta
2602 4852 2665 4890 ex
2716 4835 2952 4891 essentia
2989 4848 3082 4886 sua
3106 4874 3119 4895 ,
3155 4843 3267 4888 tum
3302 4834 3467 4903 justa,

1900 4941 1953 4983 et
1986 4928 2235 4998 proprias
2281 4938 2542 4997 praeterea
2577 4936 2857 4982 creaturas
2912 4925 3214 4980 sanctilieet
3277 4939 3341 4979 ac
3384 4924 3471 4994 ju-

1896 5022 2131 5075 stilicet:
2170 5021 2363 5075 similia
2398 5020 2615 5074 aﬂ‘eram
2656 5019 2863 5086 elogia,
2900 5018 3094 5085 quibus
3136 5016 3298 5071 Pater
3340 5018 3467 5071 item

1898 5124 1956 5165 nt
1989 5112 2157 5167 Filius
2204 5112 2509 5167 celebratus
2536 5110 2658 5164 fuit.
2694 5112 2771 5164 Ac
2808 5110 2872 5162 de
2904 5107 3066 5163 Patre
3099 5108 3317 5177 quidem
3353 5108 3469 5175 ipse

1895 5202 2066 5257 Filius
2095 5203 2234 5271 apud
2263 5200 2523 5255 Joannem
2558 5202 2633 5255 ait
2666 5219 2679 5254 :
2714 5220 2731 5252 ι
2768 5200 2924 5254 Pater
2954 5199 3066 5269 (96)
3104 5210 3308 5266 sancte,
3353 5214 3469 5254 ser—

1893 5312 1956 5350 va
1984 5312 2078 5351 eos
2108 5296 2160 5350 in
2193 5294 2410 5350 nomine
2442 5305 2565 5361 tuo;
2596 5312 2615 5345 ι
2642 5303 2696 5351 et
2728 5308 2917 5349 rursus
2950 5312 2965 5348 :
2996 5313 3013 5347 ι
3044 5292 3332 5349 Sanctiﬂca
3354 5292 3467 5363 (97)

1896 5464 2097 5515 sancto,
2152 5467 2299 5506 num.
2342 5450 2429 5514 55,
2488 5449 2530 5502 si
2575 5446 2715 5502 edita
2776 5457 3079 5518 spectemus
3120 5449 3466 5517 exemplaria,

1892 5526 2167 5577 videbitur
2195 5522 2448 5591 Didymus
2478 5520 2635 5591 paulo
2664 5518 2824 5591 aliter
2848 5523 3046 5573 citasse
3078 5520 3219 5591 hunc
3250 5520 3422 5573 locum
3448 5540 3462 5572 :

1895 5596 1946 5647 in
1976 5596 2042 5648 iis
2070 5594 2211 5648 enim
2242 5588 2436 5660 legitur
2464 5606 2480 5643 :
2518 5607 2536 5639 ‹
2566 5588 2628 5642 Ει
2676 5588 2922 5643 Salvator
2954 5592 3027 5642 ait
3064 5608 3076 5643 :
3108 5608 3128 5640 ι
3167 5590 3324 5643 Pater
3344 5606 3469 5642 san-

1894 5675 2001 5726 cte.
2030 5663 2304 5717 sant-tilica
2333 5676 2426 5714 eos
2456 5660 2506 5714 in
2539 5661 2786 5724 veritate,
2811 5662 2931 5727 quia
2970 5663 3189 5713 verbum
3217 5672 3362 5713 tuum
3387 5670 3470 5713 est

1895 5736 2119 5787 veritas.
2156 5753 2174 5785 ι
2211 5732 2496 5799 Perspicue
2545 5729 2730 5786 dicens
2763 5750 2775 5783 :
2807 5733 2861 5784 In
2888 5746 2971 5783 me
3098 5732 3371 5783 sanctilica
3406 5730 3472 5780 il-

1895 5804 1974 5858 lus
2006 5806 2130 5868 lit‘le,
2155 5815 2207 5859 et
2232 5803 2508 5857 consortio
2534 5803 2657 5855 mei.
2690 5821 2709 5851 ι
2745 5802 2813 5854 At
2844 5818 2928 5855 res
2958 5801 3113 5853 aliter
3138 5816 3195 5853 se
3224 5801 3467 5863 habebit,

1895 5873 2215 5949 si_codiccm
2252 5883 2494 5930 nostrum
2525 5889 2625 5929 ius.
2659 5872 3021 5939 consulamus,
3043 5872 3137 5941 qui
3160 5871 3239 5927 sic
3266 5870 3467 5926 habet:
