4104 6408
257 339 374 396 529

1327 355 1415 412 DE
1455 357 1832 416 TRlNlTATE
1874 363 2073 419 LIBER
2110 365 2493 428 SECUNDUS.

3406 392 3514 447 550

258 473 422 577 setius
471 475 537 515 ac
587 462 834 577 homiqu
889 467 1286 577 (quodmverum
1333 475 1446 577 (lii)
1497 494 1628 536 sane
1689 494 1819 538 est:
1866 497 1992 541 sunt
2042 489 2185 543 enim
2239 491 2452 564 creati),
2488 504 2583 550 aut
2627 496 2916 556 inferiores
2943 514 3065 558 esse
3123 501 3235 577 (ιι)
3274 504 3516 564 homini--

262 554 365 604 bus
389 590 405 613 ,
437 567 560 604 cum
597 553 651 608 hi
679 569 708 607 a
750 556 862 610 Deo
902 561 1325 632 sanctificentur,
1377 569 1603 639 ejusque
1661 578 1951 647 participes
1989 580 2138 635 ﬁant.

333 643 408 695 Z'.
463 643 526 696 Ἠ
555 645 732 710 κτίσις
751 647 1060 754 ιάμέθεκτός
1087 655 1233 708 ἐστιν
1261 657 1532 726 οὑσιωδῶς
1555 667 1620 735 τῇ
1649 665 1834 740 λογικῇ

2015 671 2121 726 Vll.
2152 672 2416 730 Creatura
2453 691 2558 731 non
2606 687 2781 748 potest
2811 682 2927 754 (l5)
2961 684 3388 744 substantialiter
3438 691 3515 748 ita

257 732 430 804 ψυχῇ,
473 735 552 798 ὡς
575 736 934 803 ἐνοικίζεσθαι
966 743 1161 815 αὑτήν·
1200 747 1360 816 μόνου
1397 751 1505 820 γὰρ
1536 732 1670 807 Θεοῦ
1711 732 1840 813 toto;

260 825 327 876 τὺ
359 827 533 891 οὕτως
563 831 907 901 μετέχεσθαι.
959 835 1032 888 Τὸ
1060 837 1105 889 δ’
1137 836 1289 907 ἅγιον
1322 841 1545 914 Πνεῦμα
1579 846 1838 917 μεθεκτὸν

256 917 535 982 οὑσιωδῶς
563 920 820 993 ὑπάρχει,
851 925 926 989 ὡς
954 928 982 979 ὁ
1015 927 1202 1000 Πατὴρ
1234 930 1326 984 καὶ
1355 934 1384 986 ὁ
1417 934 1562 1002 Υἱὸς,
1602 937 1746 994 καθά
1777 943 1834 994 ὲν

257 1007 343 1078 τῷ
382 1010 582 1082 πρώτῳ
613 1016 828 1085 εἴρηται
861 1017 1022 1088 λόγῳ.
1069 1018 1087 1092 [
1112 1021 1180 1074 72
1209 1024 1235 1075 b
1261 1021 1282 1094 ]
1354 1024 1506 1080 Ἐπεὶ
1537 1031 1832 1098 κάνταῦθα,

261 1099 364 1152 τοῦ
415 1102 620 1174 Πατρὸς
665 1107 814 1172 ἅπαξ
849 1109 1183 1177 ἐνοικοῦντος
1211 1117 1324 1180 τοῖς
1353 1117 1544 1184 ἀξίοις,
1583 1127 1732 1179 ποῖον
1767 1123 1836 1197 ἦν

266 1193 581 1261 ἀναγκαῖον,
613 1200 665 1251 εί
699 1200 774 1271 μὴ
803 1201 870 1254 δι’
898 1204 1122 1276 ἑνότητα
1148 1208 1246 1278 τῆς
1275 1208 1465 1283 θεῖκῆς
1497 1213 1710 1284 φύσεως
1741 1193 1836 1272 καὶ

268 1284 545 1356 πλήρωσιν
570 1290 668 1360 τὴν
690 1294 767 1356 είς
796 1295 965 1364 ἡμᾶς,
996 1299 1394 1354 συνεισόάλλειν
1421 1305 1514 1358 καὶ
1539 1311 1840 1382 συνειστρέ-

269 1392 405 1445 χειν,
445 1379 538 1431 καὶ
580 1380 672 1434 τὸν
717 1382 866 1447 Υίὸν,
902 1387 996 1440 καὶ
1032 1388 1092 1440 τὸ
1121 1389 1275 1458 ἅγιον
1309 1393 1568 1466 Πνεῦμα;
1622 1379 1837 1469 Ἀμέλει

261 1485 344 1520 τοι
371 1470 474 1522 οὑκ
509 1471 578 1526 ἄν
622 1474 706 1538 τίς
745 1493 874 1530 ποτε
901 1477 1076 1532 ἕλοιτο
1107 1482 1269 1550 φάναι
1311 1483 1520 1556 πληθὺν
1555 1489 1837 1556 οἱονείπως

257 1557 402 1610 θεῶν
457 1567 735 1618 κατοικεῖν
794 1567 852 1620 ἐν
904 1571 1058 1639 ἡμῖν,
1099 1570 1216 1624 ἀλλ’
1261 1572 1356 1626 ἕνα
1401 1576 1542 1630 κατά
1583 1595 1646 1646 γε
1689 1579 1833 1635 τὸὲν

251 1651 407 1706 ἐνάδι
435 1653 689 1725 θεότητος
717 1658 982 1730 ὑπάρχειν
1031 1663 1130 1726 τάς
1178 1668 1326 1735 τρεῖς
1372 1667 1714 1734 ὑποστάσεις.

1947 763 2260 833 participari
2289 766 2357 821 ab
2391 768 2567 822 anima
2614 773 2884 842 rationali,
2918 785 2975 830 ut
2998 777 3086 830 illa
3122 778 3174 832 in
3213 779 3316 834 hac
3353 781 3511 836 habi—

1947 863 2021 906 tet
2055 872 2068 908 :
2100 855 2266 910 solius
2309 857 2452 911 enim
2493 861 2584 915 Dei
2614 864 2890 932 proprium
2933 876 3016 921 est
3047 869 3125 924 sic
3171 871 3510 940 participari.

1941 948 2010 1000 At
2035 961 2164 1002 vero
2219 946 2455 1019 Spiritus
2492 964 2712 1008 sanctus
2750 954 3176 1014 substantialiter
3221 962 3512 1032 participa-

1939 1036 2061 1092 bilis
2093 1047 2196 1103 est,
2227 1050 2282 1093 ut
2313 1039 2470 1097 Pater
2516 1053 2568 1096 et
2589 1043 2774 1111 Filius,
2797 1046 2936 1100 sicut
2960 1048 3010 1101 in
3035 1050 3207 1118 primo
3232 1051 3342 1122 (l6)
3365 1051 3510 1124 λόγῳ

1945 1126 2060 1196 (aut
2093 1133 2364 1203 sermone)
2409 1133 2607 1188 dictum
2654 1145 2756 1190 est.
2801 1135 2934 1192 Nam
2983 1139 3069 1193 hic
3122 1155 3333 1210 quoque
3364 1143 3508 1198 valet

1940 1219 2126 1273 eadem
2163 1223 2321 1278 ratio.
2359 1221 2621 1278 Nimirum
2673 1227 2832 1280 simul
2861 1243 2925 1282 ac
2987 1228 3147 1283 Pater
3201 1231 3254 1285 in
3303 1233 3368 1288 iis
3414 1234 3506 1304 qui

1943 1308 2085 1376 digni
2116 1311 2246 1375 sint,
2277 1313 2500 1378 habitat,
2530 1317 2656 1384 quid
2693 1333 2914 1374 necesse
2955 1330 3056 1385 est,
3093 1322 3288 1378 Filium
3319 1326 3505 1392 etiam,

1941 1410 1994 1453 et
2036 1399 2294 1471 Spiritum
2325 1420 2569 1463 sanetum
2617 1411 2670 1462 in
2704 1409 2822 1466 illos
2861 1427 2964 1466 una
2999 1414 3227 1484 ingredi,
3273 1425 3329 1470 et
3379 1434 3508 1472 con-

1941 1505 2184 1558 currere,
2224 1496 2324 1550 nisi
2358 1498 2408 1552 id
2440 1513 2505 1554 ex
2532 1515 2596 1554 eo
2624 1502 2735 1568 fiat,
2759 1503 2900 1571 quod
2934 1506 3114 1561 divina
3153 1506 3343 1562 harum
3381 1524 3507 1579 per-

1943 1597 2199 1640 sonarum
2233 1598 2422 1644 natura
2450 1607 2554 1646 una
2585 1594 2676 1658 sit,
2711 1605 2762 1650 et
2792 1597 2948 1668 162
3003 1597 3284 1656 Trinitatis
3337 1601 3509 1670 pleni-

1946 1678 2072 1731 tudo
2107 1678 2159 1732 in
2195 1679 2350 1735 nobis
2379 1683 2620 1740 habitet?
2663 1686 2829 1743 Nemo
2857 1704 2987 1744 sane
3024 1707 3258 1762 unquam
3287 1695 3506 1760 dixerit,

252 1745 1075 1854 nudtitudineIanuodammodo
1113 1753 1335 1810 deorum
1360 1756 1414 1810 in
1455 1760 1608 1814 nobis
1645 1760 1916 1830 habitare;
1955 1767 2052 1822 sed
2094 1777 2203 1826 tres
2242 1771 2576 1843 bypostases,
2615 1788 2854 1847 spectata
2896 1745 3502 1854 uuilatell7)deilatis,

251 1853 422 1891 unum
466 1854 588 1894 esse
622 1840 903 1895 dicendum
934 1855 1038 1902 est.

325 1929 410 1982 II'.
459 1931 527 1982 Ἦ
567 1933 743 1996 κτίσις
796 1933 907 2003 ἔχει
938 1935 998 1989 τὸ
1029 1937 1266 2007 ἀγαθὸν,
1310 1940 1646 2015 μεταδοὺσης
1697 1946 1834 2020 αὐτῇ

2010 1950 2140 2008 Vlll.
2171 1952 2433 2008 Creatura
2461 1956 2619 2012 habet
2671 1957 2894 2023 bonum,
2923 1959 3048 2030 quia
3103 1960 3243 2016 illius
3281 1963 3506 2032 particio

249 2024 354 2093 τῆς
384 2023 447 2075 ὲν
494 2026 594 2094 μιᾷ
629 2024 844 2097 θεότητι
889 2028 1138 2099 Τριάδος,
1169 2030 1271 2101 τῆς
1296 2031 1462 2104 οὑσης
1505 2036 1636 2089 αὐτὸ
1663 2038 1831 2106 τάγα-

251 2115 372 2168 θόν.
424 2116 540 2169 Καὶ
578 2117 691 2171 ἔστι
738 2118 1011 2191 δεύτερον,
1049 2121 1111 2175 τὸ
1146 2124 1286 2178 κατά
1331 2126 1564 2198 μετοχὴν
1605 2127 1748 2199 ἔχειν
1777 2148 1830 2185 τι

253 2207 396 2279 πρὸς
442 2207 504 2260 τὸ
537 2209 727 2262 ἑαυτοῦ
761 2214 956 2282 μέτρον
993 2212 1218 2282 ἀγαθὸν,
1261 2216 1356 2270 τοῦ
1397 2219 1556 2287 φύσει
1601 2221 1733 2274 αὑτὸ
1771 2223 1833 2277 τὸ

251 2300 477 2372 πρῶτον
532 2302 627 2354 καὶ
676 2303 982 2376 ἀμέτρητον
1031 2306 1234 2374 ἀγαθὸν
1280 2309 1577 2382 ὑπάρχειν·
1629 2313 1724 2366 καὶ
1769 2315 1832 2369 οὑ

253 2391 664 2460 συγκλὼθεται,
697 2395 818 2448 οὑδὲ
870 2397 1221 2453 συντάττεται
1269 2400 1347 2472 τῷ
1388 2402 1704 2476 δημιουργῷ
1752 2407 1834 2460 ἑνὶ

251 2485 354 2537 καὶ
417 2487 760 2560 πρωτουργῷ
817 2490 1006 2563 ἀγαθῷ
1030 2508 1044 2524 ο
1088 2486 1148 2548 οῦ
1213 2495 1390 2549 πάντα
1443 2497 1542 2567 μὲν
1593 2498 1829 2568 ἐφίεται,

250 2576 392 2630 αὑτὸ
421 2577 480 2631 δὲ
521 2579 754 2645 οὐδενὸς,
795 2581 856 2635 τὸ
893 2583 952 2636 ἐν
981 2586 1046 2656 τῇ
1075 2585 1248 2640 κτίσει
1282 2587 1666 2658 εὑρισκόμενον
1693 2591 1831 2660 ἀγα-

251 2670 367 2733 θὸν,
395 2671 501 2724 κᾶν
529 2671 753 2742 λέγηται
775 2675 832 2726 ὲν
852 2675 1171 2748 Εὑαγγελίῳ
1190 2694 1205 2709 ο
1237 2696 1255 2730 ι
1289 2675 1384 2744 Εὖ,
1405 2679 1557 2734 δοῦλε
1577 2681 1775 2750 ἀγαθέ’
1807 2701 1827 2736 ι

253 2763 374 2825 καὶ,
415 2781 435 2812 ι
484 2763 546 2816 '0
588 2764 791 2832 ἀγαθὸς
816 2765 1101 2838 ἄνθρωπος
1145 2771 1209 2824 ἐκ
1250 2769 1344 2823 τοῦ
1381 2770 1588 2840 ἀγαθοῦ
1630 2773 1834 2844 θησαυ-

257 2851 352 2920 ροῦ
396 2851 500 2922 τῆς
546 2852 770 2924 καρδίας
797 2856 1062 2929 προφέρει
1089 2858 1150 2911 τὸ
1182 2859 1402 2928 ἀγαθόν.
1447 2881 1464 2914 ι
1500 2863 1572 2915 Οὑ
1603 2862 1730 2935 γὰρ,
1759 2864 1834 2930 ὼς

252 2946 455 3008 εἰπεῖν,
490 2945 624 2997 αὑτὸ
653 2945 712 2997 τὸ
739 2947 1026 3018 ἐγκάρδιον
1057 2951 1151 3004 καὶ
1175 2953 1376 3023 κυρίως
1405 2952 1465 3007 ὃν
1508 2955 1709 3023 ἀγαθὸν
1748 2956 1835 3010 λέ-

253 3051 360 3102 γει,
396 3035 539 3090 ἀλλὰ
568 3037 629 3090 τὸ
674 3039 1097 3112 συνεζευγμένον
1142 3044 1235 3097 καὶ
1274 3045 1481 3116 πρέπον
1528 3051 1594 3119 τῇ
1635 3047 1828 3104 κτίσει.

266 3129 478 3182 Ἐκεῦιο
510 3131 623 3202 γὰρ
666 3133 892 3205 πληθύει
921 3152 978 3187 τε
1020 3136 1114 3189 καὶ
1141 3139 1253 3201 τοῖς
1285 3140 1504 3205 οἰκείοις
1538 3143 1833 3215 ποιήμασιν

257 3223 629 3294 φιλοτιμεῖται
669 3227 1032 3300 άγαθότητας,
1069 3231 1217 3293 ὅπως
1245 3231 1310 3284 ἂν
1351 3233 1599 3287 ἐντεῦθεν
1628 3236 1832 3291 ἕκαστα

1941 2060 2063 2114 pem
2097 2061 2214 2101 eam
2243 2045 2375 2102 facit
2425 2048 2685 2115 Trinitas,
2734 2065 2854 2120 qua:
2886 2053 2939 2107 in
2993 2067 3100 2107 una
3152 2053 3352 2110 deitate
3401 2063 3504 2124 est,

1937 2149 2162 2204 quaeque
2189 2146 2270 2192 est
2298 2137 2471 2208 ipsum
2503 2139 2722 2195 bonum.
2754 2141 2927 2197 Minus
2962 2152 3142 2197 autem
3177 2154 3338 2213 atque
3372 2143 3508 2200 infe-

1941 2227 2053 2282 rius
2084 2237 2189 2292 εει,
2230 2227 2428 2284 bonum
2459 2229 2673 2299 aliquod
2705 2247 2801 2301 pro
2831 2247 2927 2287 sua
2960 2233 3128 2303 ipsius
3167 2249 3415 2289 mensura
3439 2250 3507 2290 ex

1939 2317 2354 2388 participatione
2384 2319 2609 2388 habere,
2637 2336 2798 2390 quam
2821 2333 3011 2377 natura
3041 2337 3159 2379 esse
3193 2323 3367 2392 ipsum
3395 2324 3509 2394 pri-

1940 2427 2106 2478 mum,
2136 2421 2190 2467 et
2232 2412 2552 2468 immensum
2599 2415 2819 2470 bonum.
2859 2413 3044 2484 Neque
3090 2416 3315 2482 bonum,
3361 2418 3506 2486 quod

1941 2504 1993 2559 in
2025 2512 2272 2559 creatura
2313 2504 2602 2574 invenitur,
2631 2506 2871 2576 ejusdem
2913 2507 3139 2574 ordinis,
3195 2509 3509 2578 ejusdemve

1939 2597 2136 2665 gradus
2161 2607 2241 2652 est
2268 2612 2390 2652 curn
2418 2613 2484 2653 eo
2505 2601 2666 2665 bono,
2692 2601 2831 2668 quod
2863 2615 3026 2653 unum
3068 2609 3174 2664 est,
3205 2609 3261 2654 et
3291 2613 3505 2662 creans,
3537 2605 3539 2608 ’

1939 2702 1994 2744 ει
2026 2689 2399 2761 primigenium
2452 2692 2672 2757 bonum,
2711 2705 2772 2746 ac
2819 2691 2946 2760 tale,
2977 2692 3232 2746 utomnia
3286 2691 3506 2762 quidem

1943 2780 2070 2835 illud
2106 2791 2383 2851 appetant,
2432 2782 2604 2851 ipsmn
2648 2798 2780 2838 vero
2841 2782 3042 2838 nullam
3094 2792 3312 2853 appetat
3366 2799 3504 2847 rem,

1939 2874 2184 2942 quamvis
2235 2873 2286 2927 in
2304 2873 2592 2944 Evangelia
2623 2872 2874 2929 dicatur:
2921 2893 2940 2926 ι
2977 2874 3121 2946 Euge
3156 2873 3298 2945 (18),
3349 2888 3508 2930 serve

1940 2967 2111 3034 bone;
2149 2985 2168 3019 ι
2212 2975 2302 3023 et:
2341 2986 2360 3020 ι
2399 2967 2578 3022 Bonus
2619 2967 2731 3040 (l9)
2786 2967 2944 3022 homo
2977 2981 3045 3022 ex
3080 2968 3219 3021 bono
3250 2966 3507 3021 thesauro

1939 3059 2120 3115 cordis
2149 3059 2353 3129 profert
2381 3060 2579 3114 bonum
2608 3077 2624 3126 ;
2649 3077 2668 3111 ι
2706 3072 2806 3113 nec
2833 3057 2974 3112 enim
2999 3059 3200 3114 bonum
3232 3056 3508 3128 ipsumin-

1942 3153 2153 3218 timum,
2182 3163 2342 3222 atque
2371 3154 2424 3207 in
2461 3153 2643 3216 corde,
2671 3162 2732 3206 ut
2755 3153 2834 3208 sic
2857 3152 3073 3222 loquar,
3112 3151 3302 3216 situm,
3331 3150 3508 3220 quod-

1940 3260 2046 3315 que
2074 3245 2290 3315 proprie
2338 3244 2533 3300 bonum
2563 3247 2653 3311 sit,
2693 3246 2777 3301 his
2815 3245 2996 3301 verbis
3035 3243 3378 3314 designatur;
3413 3242 3508 3297 sed

259 3316 364 3367 τῶν
409 3317 579 3370 ὄντων
631 3317 891 3386 σώζηται,
938 3321 1032 3373 καὶ
1075 3322 1133 3374 ὲν
1261 3322 1452 3395 ἔλαχεν
1503 3321 1643 3381 εἶναι
1686 3329 1834 3396 τάξει

1944 3337 2166 3400 bonum,
2214 3335 2358 3404 quod
2409 3345 2671 3391 creaturae
2724 3335 3055 3404 adjungitur,
3107 3335 3266 3403 eique
3306 3346 3509 3388 conve-

262 3405 526 3478 διαμένῃ·
570 3410 665 3462 καὶ
703 3410 836 3464 αὑτό
880 3413 997 3465 ἐστι
1051 3413 1112 3466 τὺ
1150 3405 1208 3467 Eia
1249 3415 1471 3483 ἀγαθὸν,
1510 3417 1685 3472 αἴτιον
1728 3422 1834 3474 πᾶ-

265 3517 322 3552 σι
370 3499 578 3553 πάντων
624 3502 843 3571 ἀγαθῶν
866 3520 880 3535 ο
933 3505 1026 3558 καὶ
1083 3505 1150 3558 δι’
1217 3507 1350 3560 αὑτὸ
1405 3509 1701 3578 πράττεται
1773 3514 1834 3566 τδ

265 3592 427 3644 κάτω
453 3593 642 3660 ἀγαθόν
665 3611 678 3624 ·
725 3596 821 3649 καὶ¹
855 3597 986 3650 αὑτὸ
1029 3598 1188 3663 σώζει
1218 3599 1416 3667 πάντα,
1459 3597 1540 3667 οἷς
1565 3602 1631 3657 ἂν
1658 3607 1830 3676 παρῇ,

263 3686 460 3756 ὥσπερ
506 3687 563 3738 τὸ
608 3688 779 3741 κακὸν
825 3689 890 3742 ἐκ
935 3691 1302 3764 προαιρέσεως
1341 3694 1496 3765 ἡμῶν
1541 3696 1833 3767 συμϐαῖνον

261 3778 497 3851 φθείρει.
543 3773 616 3834 Θῦ
653 3781 963 3853 αἰσθόμενοι
1010 3785 1104 3837 καὶ
1145 3785 1191 3839 οἱ
1237 3785 1341 3852 ἔξω
1379 3789 1576 3856 φασὶν,
1610 3789 1686 3853 ὡς
1717 3809 1736 3842 ι
1766 3792 1830 3844 0i.

261 3869 274 3940 ἶ
312 3871 380 3922 75
421 3869 500 3942 α]
572 3871 735 3924 κακοὶ
773 3872 934 3925 τοῦτο
971 3873 1226 3944 μέγιστον
1263 3875 1474 3947 ἔχουσιν
1517 3881 1575 3933 ὲν
1624 3881 1834 3948 ἑαυτοῖς

255 3957 503 4028 ἀγαθόν’
559 3960 752 4026 ἄλλους
802 3963 914 4036 γὰρ
960 3965 1365 4037 ἐπιχειροῦντες
1410 3969 1635 4038 κακοῦν,
1683 3973 1836 4028 αὑτοὶ

258 4054 522 4127 πρότεροι
544 4056 640 4125 τῆς
665 4057 873 4112 ἑαυτῶν
906 4060 1239 4114 ἀπολαύουσι
1282 4063 1636 4135 μοχθηρίας.)
1667 4069 1741 4120 Τὸ
1779 4068 1835 4122 δὲ

261 4146 421 4213 ’ἅγιον
449 4147 675 4218 Πνεῦμα
695 4189 710 4212 ,
746 4150 822 4213 ὡς
845 4150 1183 4223 προείρηται,
1218 4153 1462 4226 ὑπάρχον
1494 4156 1834 4229 αὑτοαπροσ-

257 4239 378 4303 δεὲς
417 4240 646 4310 ἀγαθὸν,
678 4243 770 4296 καί
800 4242 919 4297 ὅλον
956 4246 1042 4298 ἀεὶ
1074 4245 1210 4316 πρὸς
1261 4246 1488 4310 πάντας,
1519 4247 1579 4300 ’ὃν
1610 4249 1832 4318 ἀγαθὸν,

262 4334 358 4388 καὶ
392 4336 456 4388 οὑ
504 4334 754 4406 δεύτερον
789 4336 880 4389 τοῦ
912 4337 1026 4402 ἑνὸς
1057 4339 1152 4392 καὶ
1190 4338 1405 4411 πρώτου
1441 4340 1668 4409 ἀγαθοῦ,
1719 4341 1838 4407 ῐσας

490 4527 696 4584 Verum.
722 4530 902 4586 Codex
919 4531 1018 4586 etsi
1045 4547 1212 4600 segm.
1243 4532 1275 4586 4
1298 4534 1348 4596 b,
1387 4546 1437 4588 et
1468 4533 1591 4588 alibi
1616 4537 1832 4602 habeat,
1865 4517 1913 4576 ι)

276 4529 453 4651 “(I32
490 4529 696 4584 Verum.
722 4530 902 4612 Codex
919 4531 1018 4586 etsi
1045 4547 1212 4600 segm.
1243 4532 1275 4586 4
1298 4534 1348 4596 b,
1387 4546 1437 4588 et
1468 4533 1591 4588 alibi
1616 4537 1832 4602 habeat,

267 4600 408 4673 αΑηθ
441 4612 708 4674 ςηιίιιῃεη
738 4611 792 4655 et
827 4605 931 4666 lue,
966 4613 1019 4656 et
1049 4619 1220 4673 segni.
1257 4605 1356 4674 l7?
1389 4605 1438 4667 b,
1476 4615 1638 4674 atque
1671 4604 1770 4659 197
1801 4623 1834 4658 α

270 4669 459 4744 habet,
489 4669 709 4744 ἄληθες,
739 4669 1186 4744 pr0paroxytone.
1233 4673 1289 4728 Si
1326 4669 1704 4744 grammaticos
1737 4691 1828 4728 au-

269 4743 474 4806 dimus,
511 4742 747 4794 acuenda
802 4752 893 4813 est
929 4742 1198 4810 postrema
1259 4742 1404 4798 vocis
1435 4744 1660 4813 syllaba,
1711 4761 1834 4800 eum

272 4814 418 4864 valet
446 4829 463 4861 ι
495 4826 718 4876 verum;
748 4831 765 4861 ι
819 4811 987 4880 prima
1008 4823 1210 4875 autem,
1249 4831 1370 4867 cum
1421 4811 1564 4868 valet
1588 4833 1606 4864 ι
1638 4830 1780 4868 vere.
1809 4833 1829 4866 ι

272 4880 420 4949 Lege
464 4881 808 4949 Cyrilliauam
869 4896 1057 4935 vocum
1109 4883 1515 4949 Collectionem,
1572 4884 1834 4939 Thomam

273 4951 590 5023 Magistrum
629 4953 677 5023 in
707 4965 834 5023 voce
884 4951 1103 5020 ἀληθές,
1132 4968 1251 5023 pag.
1288 4954 1378 5017 54,
1415 4953 1655 5022 aliasque
1702 4954 1838 5008 lexi-

272 5022 598 5092 cograpbos.
639 5021 743 5074 Sed
769 5023 906 5090 apud
957 5021 1237 5092 Dadymuin
1278 5033 1404 5077 tunc
1428 5021 1590 5078 etiam
1625 5023 1836 5092 signifi-

273 5103 364 5162 cat
394 5091 445 5144 id
471 5091 666 5162 quodc
697 5105 881 5162 verum
911 5109 930 5143 ι
961 5091 1203 5156 εἱι,“ειιιιι
1229 5094 1482 5148 scribitur
1512 5091 1730 5162 ἄληθες.

343 5161 392 5230 (1
406 5162 460 5226 ι)
491 5162 592 5212 Aut
624 5161 893 5232 inferiores
937 5177 1067 5225 esse,
1100 5172 1206 5216 etc.
1253 5162 1451 5232 Eodem
1500 5161 1655 5232 plane
1682 5165 1840 5216 modo

277 5233 633 5300 ratiocinatur
659 5230 909 5300 Didymus
934 5232 1134 5285 inlibro
1151 5232 1224 5284 De
1243 5230 1582 5300 Spir.saneto
1611 5249 1758 5286 num.
1781 5233 1836 5289 7.

345 5301 460 5368 (15)
490 5297 611 5352 Non
641 5297 828 5374 potest,
858 5310 962 5354 etc.
992 5301 1232 5356 Breviter
1265 5297 1376 5374 llaec
1397 5304 1687 5374 attingitin
1714 5316 1840 5374 prte-

276 5385 422 5431 sens,
472 5374 615 5436 quod
652 5369 767 5424 fuse
817 5385 879 5423 ea
924 5382 1234 5438 persecutus
1270 5371 1463 5426 fuisset
1495 5369 1560 5426 inv
1603 5369 1740 5426 libro
1768 5371 1841 5424 De

277 5440 423 5506 Spir.
459 5449 642 5511 sancto
675 5455 822 5493 num.
849 5442 1144 5511 praesertim
1191 5443 1245 5497 8.
1286 5461 1304 5492 ι
1335 5441 1508 5496 Multae
1549 5441 1842 5511 Scriptum

277 5510 687 5582 sunt.(inquit),
725 5525 844 5580 quae
873 5509 989 5582 sine
1013 5512 1361 5582 ambiguitate
1396 5509 1738 5577 convincam,
1765 5511 1842 5564 al-

279 5580 458 5635 terius
489 5595 614 5633 eum
673 5595 704 5632 a
750 5580 959 5633 cunctis
1003 5581 1394 5636 conditionibus
1447 5597 1567 5636 esse
1617 5592 1838 5635 naturae.

281 5651 506 5715 Quidam
535 5651 680 5722 enim
744 5648 1084 5722 [exemplaria
1130 5653 1263 5722 typis
1309 5653 1559 5720 impressa
1603 5653 1839 5722 habent:

286 5722 498 5785 quidam
525 5719 845 5785 etiamfsed
877 5735 968 5789 ego
1001 5719 1193 5787 sequor
1216 5720 1481 5776 lectionem
1515 5723 1672 5775 nostri
1701 5719 1844 5773 codi-

289 5792 355 5846 us
359 5802 380 5863 ι
398 5789 604 5862 Spiritu
617 5799 807 5846 sancto
835 5790 974 5860 pleni
1002 5806 1119 5846 esse
1143 5793 1409 5848 dicuntur.
1433 5810 1451 5843 ι
1469 5791 1606 5861 Lege
1626 5803 1839 5848 extera.

1942 3428 2098 3482 niens
2131 3437 2238 3483 est.
2275 3427 2409 3482 Nam
2454 3427 2652 3482 bonum
2690 3426 2816 3480 illud
2852 3425 3052 3495 prioris
3083 3425 3296 3496 generis
3327 3434 3382 3479 et
3406 3421 3511 3479 dif-

1939 3519 2198 3586 funditur,
2255 3531 2309 3574 et
2359 3519 2595 3590 propriis
2657 3517 2920 3574 creaturis
2975 3517 3233 3572 beneﬁcia
3297 3516 3511 3570 abunde

1938 3612 2227 3682 elargitur,
2265 3621 2322 3665 ut
2352 3611 2552 3676 omnia,
2607 3625 2726 3681 quae
2769 3611 3059 3674 exsistunt,
3094 3617 3506 3672 conserventur,

1937 3715 1993 3760 et
2052 3706 2104 3760 in
2163 3719 2247 3770 eo,
2299 3705 2388 3774 qui
2449 3705 2582 3774 ipsis
2639 3703 2852 3773 obtigit,
2885 3703 3074 3758 ordine
3122 3709 3493 3772 permaneant.

1941 3799 2118 3868 Atque
2165 3797 2268 3853 hoc
2298 3806 2382 3852 est
2421 3812 2584 3851 unum
2633 3796 2761 3851 illud
2805 3797 3024 3860 bonum,
3074 3792 3218 3863 quod
3259 3792 3509 3847 omnibus

1942 3903 2104 3943 causa
2140 3897 2222 3943 est
2251 3887 2512 3942 bonorum
2544 3885 2808 3962 omnium,
2835 3893 2890 3939 et
2913 3894 3131 3954 propter
3170 3883 3342 3953 ipsum
3391 3882 3507 3952 agi-

1944 3989 2032 4033 tur
2063 3981 2259 4034 bonum
2295 3993 2457 4034 omne
2491 3990 2786 4045 terrenum,
2810 3988 2866 4034 et
2894 3978 3069 4048 ipsum
3099 3982 3279 4030 servat
3305 3974 3505 4038 omnia,

1942 4069 2138 4140 quibus
2181 4071 2360 4137 adest;
2417 4070 2560 4126 sicut
2589 4071 2916 4126 econtrario
2961 4068 3184 4133 malum,
3229 4068 3371 4136 quod
3439 4080 3508 4119 ex

1943 4171 2124 4214 nostra
2185 4161 2458 4217 voluntate
2512 4161 2592 4228 lit,
2640 4163 2936 4230 corrumpit
2979 4177 3043 4216 ac
3097 4160 3402 4214 labefactat.
3452 4155 3509 4210 ιιι

1945 4267 2131 4306 verum
2160 4267 2278 4307 esse
2299 4268 2425 4308 cum
2450 4253 2532 4306 vel
2554 4253 2655 4323 ipsi
2679 4253 2878 4308 ethnici
2903 4252 3192 4316 senserint,
3219 4249 3466 4319 inquiunt
3491 4266 3504 4302 :

1949 4362 1968 4396 ι
2008 4341 2127 4398 Mali
2156 4343 2266 4413 (20)
2335 4345 2625 4399 maximum
2672 4346 2773 4399 hoc
2828 4344 3026 4400 bonum
3079 4344 3130 4398 in
3173 4342 3366 4412 seipsis
3407 4341 3506 4395 ha-

2010 4536 2120 4609 (l6)
2151 4537 2217 4592 In
2249 4539 2441 4609 primo.
2493 4537 3000 4615 Primum_fortasse
3023 4537 3251 4615 “indicat
3282 4537 3506 4615 duorum

1936 4606 2417 4676 librorum,'quos
2481 4619 2665 4662 contra
2726 4608 2955 4662 Arianos
3005 4607 3335 4676 dictaverat.
3374 4607 3507 4661 Vide

1935 4687 2048 4732 not.
2085 4679 2144 4741 Ξ,
2177 4674 2450 4748 pag—157.
2505 4678 2771 4732 Caeterum
2823 4679 2875 4731 in
2916 4678 3052 4730 libro
3081 4677 3244 4731 etiam
3304 4674 3380 4729 De
3408 4677 3504 4747 Sp.

1936 4758 2120 4801 sancto
2157 4748 2209 4801 id
2244 4752 2414 4814 ipsum
2445 4750 2776 4813 ostenderat,
2817 4759 2874 4800 ut
2912 4748 3046 4801 dixi.

2007 4839 2118 4911 (l7)
2172 4840 2416 4911 Spectata
2455 4843 2672 4895 unitate.
2725 4843 2925 4902 Codex,
2969 4839 3240 4909 κατάγετο
3273 4841 3330 4895 ἓν
3364 4843 3508 4896 ἑνάδι

1938 4910 2208 4982 θεότητος.
2252 4910 2556 4981 Legendum
2607 4913 2837 4974 videtur,
2890 4911 3032 4964 κατά
3073 4929 3136 4978 γε
3182 4911 3245 4963 τὸ
3275 4911 3333 4966 ἒν
3361 4913 3504 4965 ὲνάδι

1938 4981 2206 5068 θεότητος,
2237 4983 2338 5036 nisi
2373 4983 2458 5036 cui
2487 4982 2654 5052 magis
2676 4982 2930 5047 arrideat,
2953 4982 3094 5035 κατά
3115 4997 3178 5048 γε
3200 4981 3261 5035 τὸ
3283 4985 3340 5036 ὲν
3379 4983 3505 5036 ἐνά-

1936 5051 1986 5104 δι
2015 5051 2286 5122 θεοτητος.

2145 5135 2308 5216 [ξιιμ.
2345 5135 2530 5216 Matth.
2549 5151 2687 5216 _xxv,
2712 5135 2867 5216 ιιι-ει

1941 5204 2122 5330 1299)
2162 5204 2360 5260 Bonus.
2414 5207 2600 5260 Matth.
2625 5220 2721 5270 xu,
2767 5206 2858 5261 55.
2928 5205 3058 5260 Vide
3087 5216 3198 5260 not.
3232 5205 3326 5269 54,
3385 5218 3507 5273 pag.

2011 5372 2122 5444 (‘20)
2155 5371 2309 5444 Mali.
2345 5371 2567 5426 Allinem
2599 5387 2662 5444 ex
2684 5371 2942 5444 _Didyrm_o
2977 5369 3300 5444 sententiam
3330 5368 3512 5444 affert

1940 5438 2178 5497 Joannes
2216 5442 2576 5495 Damasceuus
2603 5443 2651 5493 in
2678 5438 2973 5507 Parallelis,
3007 5456 3130 5508 pag.
3159 5439 3298 5493 562:
3330 5439 3387 5491 Ὀ
3413 5456 3512 5492 κα-

1943 5513 2054 5576 κῶς
2084 5513 2268 5581 ἓτερον
2296 5511 2588 5581 διατιθέναι
2627 5510 2944 5581 βουλόμενος
2974 5509 3212 5581 (inquit),
3245 5510 3512 5579 πρότερον

1944 5583 2133 5636 ἑαυτὸν
2154 5579 2296 5635 οὑτω
2325 5579 2652 5650 διατίθησιν)
2684 5579 2804 5649 quae
2828 5579 3094 5648 interpres
3123 5580 3504 5650 sicreddrdtr:

1949 5672 1967 5703 ι
1994 5654 2092 5720 Qui
2123 5653 2262 5706 malo
2289 5654 2467 5729 aliquo
2482 5648 2642 5729 alium
2675 5648 2788 5729 vult
2822 5651 3068 5729 multare,
3123 5649 3308 5729 eodem
3349 5648 3509 5729 modo

1945 5718 2203 5791 seiipsum
2245 5718 2394 5790 prius
2431 5722 2636 5776 multat.
2669 5740 2685 5772 ι
2717 5720 2865 5774 Haud
2907 5720 3019 5791 scio
3037 5735 3104 5791 an
3135 5718 3266 5773 verti
3319 5718 3509 5772 melius

1949 5797 2160 5861 possit:
2212 5811 2230 5845 ι
2260 5791 2360 5860 Qui
2409 5793 2634 5848 alterum
2697 5791 2806 5847 vult
2848 5790 2986 5846 malo
3025 5790 3257 5856 allicere,
3316 5797 3514 5843 semet-
