4104 6408
268 328 376 383 553

1330 331 1415 385 DE
1455 320 1827 392 TRINI'I'ATE
1866 337 2069 394 LIBER
2111 341 2491 401 SECUNDUS.

3410 347 3525 401 εει

264 446 408 497 ἐστιν
438 442 471 513 η
508 441 758 512 βασιλεία
808 442 903 497 τοῦ
936 443 1069 497 Θεοῦ
1106 444 1307 518 βρῶσις
1342 450 1436 502 καὶ
1471 452 1660 515 πόσις,
1706 453 1837 506 ἀλλά

1943 467 1997 513 ει
2035 474 2133 514 nos
2162 475 2227 515 ex
2256 474 2359 530 qua
2389 462 2475 516 die
2507 460 2830 528 audivimus,
2863 477 2968 519 non
2998 476 3271 518 cessamus
3299 477 3397 533 pro
3421 481 3516 521 vo-

265 534 596 606 δικαιοσύνη,
624 536 717 587 καὶ
732 537 947 606 εἰρήνη,
970 538 1064 591 καὶ
1080 541 1221 608 χαρὰ
1244 540 1303 592 ἐν
1324 541 1462 594 Πνεύ
1473 560 1601 611 ματι
1625 544 1785 615 ἁγίῳ.
1814 566 1832 596 ι

266 626 377 678 Οὐκ
425 625 586 677 ἔλαθε
628 626 674 677 δ’
707 626 829 678 οὐδὲ
869 627 1025 680 τοῦτο
1056 629 1150 680 καὶ
1180 628 1403 700 Πέτρον.
1439 632 1837 705 Ἀπολογούμε-

267 734 352 780 νος
376 717 487 788 γάρ
534 720 645 783 τοῖς
679 719 1025 789 αἰτιωμένοις
1070 720 1167 790 τὴν
1197 723 1504 793 συντυχίαν,
1553 725 1620 794 ἢν
1650 729 1837 797 ἐποιή-

276 825 396 860 τατο
416 808 553 878 πρὸς
578 809 896 878 Κορνήλιον,
919 808 1023 879 ἔφη
1043 827 1055 839 ·
1091 830 1107 860 ι
1148 810 1208 863 Ei
1236 809 1328 865 οὖν
1356 815 1454 885 τὴν
1486 815 1607 885 ἴσην
1631 817 1839 888 δωρεάν

267 900 491 952 δέδωκεν
525 900 710 963 αὐτοῖς
744 902 772 951 ὁ
809 900 961 964 Θεὸς,
994 904 1292 973 παρασχὼν
1322 905 1383 957 τὸ
1413 907 1565 974 ἆγιον
1595 908 1836 979 Πνεῦμα,

266 991 341 1054 ὡς
365 991 459 1044 καὶ
485 993 620 1060 ἡμῖν
641 992 699 1043 ἐν
723 992 863 1062 ἀρχῇ
882 1008 897 1023 ·
930 993 1040 1061 ἐγὼ
1066 995 1147 1058 τίς
1176 997 1322 1065 ἥμην
1347 997 1569 1061 δυνατὸς
1597 999 1838 1055 κωλῦσαι

269 1083 363 1133 τὸν
393 1082 546 1147 Θεόν;
586 1102 604 1131 ι
636 1083 745 1135 Καὶ
768 1083 959 1135 πάλιν·
1000 1104 1017 1134 ι
1053 1086 1162 1138 Καὶ⁸
1183 1089 1211 1139 ὁ
1239 1087 1676 1161 καρδιογνώστης
1707 1091 1840 1155 Θεὸς

276 1174 643 1246 ἐμαρτύρησεν
692 1177 897 1241 αὐτοῖς,
954 1177 1075 1239 δοὺς
1127 1178 1187 1230 τὸ
1246 1180 1472 1251 Πνεῦμα
1528 1182 1588 1233 τὸ
1647 1184 1830 1251 ἅγιον,

277 1268 446 1330 καθὼς
474 1267 567 1320 καὶ¹
594 1270 755 1338 ἡμῖν·
780 1269 873 1321 καὶ
897 1269 1048 1322 οὐδὲν
1075 1269 1340 1340 διέκρινεν
1368 1273 1571 1342 μεταξὺ
1602 1273 1757 1344 ἡμῶν
1778 1292 1836 1327 τε

276 1361 360 1411 xxi
383 1359 582 1423 αὐτῶν,
604 1363 673 1430 τῇ
694 1360 872 1413 πίστει
896 1360 1198 1432 καθαρίσας
1216 1363 1315 1426 τὰς
1340 1364 1566 1436 καρδίας
1588 1365 1785 1422 αὐτῶν.
1815 1388 1833 1417 ι

276 1451 422 1505 Τοῦτ’
463 1452 647 1504 ἐστιν’
697 1452 761 1503 Ἦ
808 1452 899 1505 τοῦ
939 1454 1096 1521 ἁγίου
1132 1454 1450 1525 Πνεύματος
1491 1456 1732 1527 ἔκχυσις,
1765 1457 1839 1521 ὡς

264 1544 325 1595 ἀν
366 1560 454 1606 τις
486 1543 653 1607 εἴποι,
687 1545 719 1613 ἡ
756 1544 1124 1614 ἀκατάσχετος
1158 1545 1251 1599 καὶ
1294 1545 1523 1615 ἄφθονος
1558 1548 1839 1618 ἐπιφοίτη-

268 1652 347 1699 at;
388 1636 583 1701 αὑτοῦ,
610 1635 759 1688 αἰτία
789 1636 1141 1707 προφητείας,
1174 1636 1266 1690 καὶ
1298 1637 1712 1708 ἀνακαινισμοῦ,
1746 1638 1840 1691 καὶ

259 1727 531 1797 οὐρανίων
578 1726 816 1795 ἀγαθῶν,
852 1729 944 1780 καὶ
981 1727 1076 1780 τοῦ
1112 1731 1390 1782 κατανοεῖν
1429 1728 1489 1780 τὸ
1518 1728 1712 1791 κάλλος
1742 1728 1837 1798 τῆς

1942 550 2023 605 bis
2088 562 2329 617 orantes,
2389 562 2442 609 et
2506 554 2842 623 postulantes
2900 566 2958 610 ut
3004 557 3332 625 impleamini
3374 558 3517 627 agni-

1943 642 2087 697 tione
2118 643 2411 699 voluntatis
2457 645 2597 714 ejus,
2636 646 2689 699 in
2738 648 2884 700 omni
2933 648 3193 716 sapientia
3255 656 3310 702 et
3354 647 3515 702 intel-

1941 734 2162 805 ligentia
2222 736 2470 805 spiritali,
2501 737 2837 793 ambulantes
2872 738 3029 805 digne
3063 738 3313 805 Domino,
3348 758 3368 790 ι
3413 739 3514 792 hoc

1940 835 2043 889 est,
2078 844 2097 877 ι
2134 826 2293 895 digne
2334 827 2515 882 divino
2555 828 2779 897 Spiritu,
2817 849 2833 881 ι
2879 829 3037 901 164
3085 841 3141 883 ut
3171 830 3511 883 manilestum

1940 925 2039 970 est.
2085 916 2218 970 Nam
2260 919 2421 972 simul
2466 936 2587 973 cum
2644 920 2845 989 Spiritu
2896 923 2983 975 Dei
3032 921 3253 990 intelligi
3296 922 3514 999 caeleste

1942 1009 2338 1064 interminatam
2380 1027 2623 1080 regnum,
2650 1023 2832 1083 utpote
2863 1013 2930 1066 ab
2958 1013 3075 1083 ipso
3114 1028 3218 1067 non
3251 1013 3512 1078 alienum,

1940 1113 2059 1151 cum
2094 1114 2155 1153 ea
2186 1116 2305 1168 qua:
2333 1102 2494 1155 habet
2542 1104 2697 1156 Pater
2743 1112 2793 1156 et
2824 1104 3013 1167 Filius,
3048 1104 3247 1158 habeat
3297 1113 3352 1157 et
3401 1105 3515 1171 ipse

1942 1189 2191 1259 Spiritus,
2246 1208 2433 1247 rursus
2471 1210 2565 1263 per
2593 1198 2837 1250 eamdem
2890 1195 3182 1262 Epistolam
3228 1196 3516 1249 conﬁrmat

1940 1282 2222 1337 scribens:
2256 1302 2274 1333 ι
2303 1282 2420 1337 Non
2445 1296 2529 1338 est
2580 1285 2691 1354 (55)
2739 1288 2881 1340 enim
2932 1302 3153 1354 regnum
3193 1286 3285 1340 Dei
3337 1286 3513 1350 cibus,

1940 1383 1992 1425 et
2026 1383 2199 1441 potus,
2230 1376 2321 1429 sed
2349 1374 2582 1443 justitia,
2615 1388 2668 1432 et
2710 1394 2836 1448 pax,
2864 1389 2917 1432 et
2948 1380 3195 1447 gaudimn
3230 1380 3280 1433 in
3307 1380 3513 1449 Spiritu

1939 1476 2145 1518 sancto.
2185 1483 2203 1516 ι
2247 1465 2303 1519 id
2336 1480 2461 1521 vero
2486 1483 2552 1522 ne
2575 1468 2791 1522 Petrum
2821 1470 3034 1538 quidem
3071 1470 3226 1522 latuit
3268 1488 3282 1521 :
3318 1485 3515 1538 expur-

1940 1570 2071 1623 gans
2104 1555 2247 1610 enim
2296 1572 2355 1611 se
2405 1558 2510 1612 illis
2571 1560 2660 1628 qui
2708 1574 2828 1613 eum
2882 1561 3229 1625 accusabant,
3272 1564 3411 1630 quod
3458 1562 3512 1614 in

1942 1647 2383 1701 consuetudinem
2424 1648 2659 1703 Cornelii
2690 1665 2749 1703 se
2789 1651 3047 1713 dedisset,
3078 1652 3151 1704 ait
3185 1667 3197 1701 :
3238 1670 3256 1703 ι
3299 1651 3354 1705 Si
3382 1666 3515 1720 ergo

1946 1736 2057 1808 (54)
2098 1738 2359 1807 (aqualem
2411 1741 2640 1809 gratiam
2693 1741 2840 1794 dedit
2896 1740 3028 1808 ipsis
3085 1741 3223 1795 Deus
3269 1742 3511 1809 prtebens

260 1818 453 1887 θεῖκῆς
480 1816 734 1886 ἀληθείας
758 1817 922 1871 ἐστίν.
963 1818 1048 1877 Ὠς
1076 1818 1183 1887 γὰρ
1210 1818 1287 1888 τῷ
1323 1819 1630 1888 Ἀποστόλῳ
1659 1818 1835 1871 δοκεῖ’

1947 1830 2205 1898 Spiritum
2248 1842 2519 1897 sanctum,
2554 1833 2695 1886 sicut
2728 1842 2783 1886 et
2826 1832 2978 1887 nobis
3014 1833 3066 1885 in
3108 1832 3390 1902 principio,
3413 1848 3511 1902 ego

262 1928 277 1958 ι
326 1909 387 1961 ’0
422 1907 639 1979 καρπὸς
674 1907 766 1961 τοῦ
808 1909 1154 1979 Πνεύματος,
1190 1912 1409 1979 ἀγάπη,
1442 1910 1605 1979 χαρά,
1642 1911 1831 1980 εἰρήνη

255 2002 431 2054 ἐστίν.
485 2020 506 2052 ι
547 2001 708 2053 Ὅθεν
752 2002 846 2055 καὶ
880 2003 1039 2056 πάλιν
1073 2004 1303 2074 γράφει·
1344 2022 1362 2054 ι
1414 2004 1475 2056 Ἦ
1511 2002 1618 2073 γὰρ
1645 2003 1831 2073 ἀγάπη

252 2093 343 2146 τοῦ
379 2090 523 2144 Θεοῦ
554 2091 846 2161 ἐκκέχυται
879 2094 936 2145 ὲν
967 2096 1085 2156 ταῖς
1114 2094 1365 2164 καρδίαις
1394 2094 1549 2164 ἡμῶν
1580 2096 1635 2148 ἐν
1666 2094 1833 2147 Πνεῦ-

256 2202 386 2253 ματι
433 2185 596 2254 ἁγίῳ.
630 2204 650 2235 ι
687 2185 834 2247 Μιᾶς
866 2184 996 2252 γοῦν
1029 2185 1196 2256 οὔσης
1241 2186 1574 2256 ἀγαθότητος
1624 2184 1721 2255 τῆς
1777 2187 1835 2237 ὲν

253 2276 405 2329 ἐνάδι
433 2275 684 2346 Τριάδος,
712 2276 905 2329 πολλα).
926 2279 1056 2347 ἡμῖν
1080 2278 1459 2330 άποτίκτονται
1479 2277 1831 2346 ἀγαθότητες·

252 2368 451 2438 ὥσπερ
486 2367 766 2438 ἀληθείας,
809 2369 903 2421 καὶ
940 2369 1305 2440 δικαιοσύνης,
1356 2370 1448 2423 καὶ
1484 2368 1670 2437 σοφίας
1709 2370 1836 2438 μιᾶς

250 2461 426 2532 οεσης
453 2461 575 2529 (τῆς
606 2461 718 2514 ἄνω
748 2462 912 2532 φημὶ)
953 2462 1093 2514 κατά
1120 2462 1201 2524 τὸ,
1236 2482 1253 2513 ι
1280 2462 1514 2524 Δυνατὸς
1544 2458 1614 2525 εἷ,
1642 2461 1833 2532 Κύριε,

254 2554 347 2604 καὶ
380 2554 419 2621 ἡ
447 2552 679 2621 ἀλήθειά
706 2571 799 2606 σου
832 2554 1013 2623 κύκλῳ
1047 2571 1140 2606 σου
1180 2574 1198 2605 ι
1238 2555 1393 2624 (ἥτις
1478 2553 1547 2606 7s
1589 2552 1645 2624 a]
1690 2554 1837 2605 ἐστὶν

251 2648 277 2695 ὁ
342 2643 649 2713 μονογενὴς
701 2644 891 2712 Θεὸς),
946 2645 1039 2697 καὶ
1094 2644 1235 2697 κατά
1276 2643 1360 2699 τὸ.
1395 2661 1413 2695 ι
1478 2642 1639 2712 Μόνῳ
1690 2641 1837 2711 σοφῷ

253 2736 373 2805 Θεῷ
412 2754 432 2785 ι
456 2777 472 2799 ,
541 2736 734 2788 πολλα).
768 2736 1127 2807 πληθύνονται
1161 2739 1292 2807 ἡμῖν
1329 2736 1534 2789 ἄνωθεν
1564 2734 1833 2805 ἀλήθειαι,

254 2828 347 2877 καὶ
386 2825 763 2889 δικαιοσύναι,
799 2828 893 2880 καὶ
927 2828 1139 2895 σοφίαι,
1174 2826 1315 2880 κατά
1363 2827 1453 2892 τὸ,
1492 2846 1511 2877 ι
1559 2825 1838 2897 Ἀληθείας

256 2920 480 2987 ἐπιζητεῖ
530 2919 770 2991 Κύριος·
814 2940 832 2971 ι
886 2921 998 2983 καὶ,
1043 2940 1061 2971 ι
1105 2920 1321 2983 Δίκαιος
1366 2921 1590 2991 Κύριος,
1622 2921 1716 2973 καὶ
1761 2920 1839 2973 δι-

257 3010 558 3073 καιοσύνας
621 3012 874 3082 ἠγάπησε
895 3030 908 3042 ·
950 3030 969 3062 ι
1000 3012 1114 3076 καὶ,
1144 3029 1161 3060 ι
1199 3010 1407 3081 Πλῆθος
1440 3010 1640 3079 σοφῶν,
1672 3027 1840 3080 σωτη-

1935 1925 2059 1992 quis
2085 1939 2233 1978 eram
2263 1924 2355 1993 qui
2391 1939 2605 1993 possem
2660 1924 2947 1993 prohibere
2975 1925 3175 1979 Deum?
3212 1943 3231 1978 ι
3276 1926 3341 1980 Ει
3388 1941 3511 1979 rur-

1935 2032 2068 2069 sus:
2113 2033 2132 2064 ι
2168 2014 2232 2067 Ει
2266 2016 2509 2069 cordium
2542 2015 2655 2085 (55)
2689 2016 2932 2086 cognitor
2974 2018 3109 2070 Deus
3145 2016 3508 2071 testimonium

1939 2106 2123 2160 tribuit
2145 2106 2246 2172 eis,
2268 2109 2405 2161 dans
2436 2106 2693 2176 Spiritum
2718 2106 3140 2169 sanctum,sicut
3161 2116 3215 2160 et
3244 2106 3422 2169 nobis,
3458 2116 3513 2160 et

1937 2197 2069 2251 nihil
2101 2197 2356 2251 discrevit
2382 2197 2525 2251 inter
2546 2205 2736 2263 nos,et
2768 2197 2904 2261 illos,
2930 2198 3030 2251 [ide
3057 2195 3319 2250 mundans
3347 2196 3512 2250 corda

1936 2302 2139 2341 eorum.
2179 2305 2197 2337 ι
2234 2287 2291 2341 Id
2324 2295 2439 2353 est,
2491 2286 2725 2355 Spiritus
2770 2288 2941 2341 sancti
2976 2284 3165 2341 ell‘usio
3200 2286 3333 2357 (56),
3370 2301 3507 2350 τελε,

1939 2387 1997 2431 ιιι
2031 2377 2113 2431 sic
2151 2377 2362 2447 loquar,
2398 2376 2636 2431 coerceri
2674 2392 2777 2431 non
2807 2386 3002 2445 potest,
3035 2388 3087 2431 et
3125 2378 3338 2447 copiosa
3369 2378 3513 2433 illius

1938 2469 2305 2537 participatio,
2344 2480 2508 2538 atque
2563 2470 2846 2534 adventus,
2897 2470 3209 2539 prophetize,
3242 2480 3298 2525 et
3352 2484 3513 2525 reno-

1938 2559 2192 2621 vationis,
2225 2568 2280 2613 et
2312 2558 2611 2613 caelestium
2637 2558 2897 2611 bonorum
2924 2575 3081 2613 causa
3117 2569 3221 2623 est,
3246 2560 3512 2630 ellicitque

1940 2658 1998 2701 ut
2028 2648 2364 2716 pulchritudo
2400 2648 2594 2702 divina:
2628 2650 2873 2704 veritatis
2895 2651 3240 2719 percipiatur.
3267 2650 3338 2705 Ut
3362 2653 3507 2705 enim

1937 2739 2193 2805 Apostolo
2230 2739 2479 2792 videtur:
2513 2758 2531 2790 ι
2569 2738 2801 2794 Fructus
2830 2739 2941 2810 (57)
2966 2740 3220 2807 Spiritus,
3246 2741 3508 2801 Charitas.

1939 2825 2217 2894 gaudium,
2254 2840 2359 2894 pax
2392 2836 2498 2880 est.
2538 2845 2557 2878 ι
2588 2826 2741 2881 Unde
2769 2837 2824 2881 et
2846 2842 3033 2882 rursus
3061 2828 3251 2883 scribit
3278 2846 3291 2883 :
3328 2849 3346 2881 ι
3377 2831 3511 2884 Cha-

1941 2916 2073 2970 ritas
2100 2916 2213 2986 (58)
2234 2918 2374 2970 enim
2410 2917 2498 2971 Dei
2524 2918 2711 2972 dilIusa
2736 2929 2818 2973 est
2837 2920 2888 2973 in
2907 2920 3158 2975 cordibus
3183 2920 3381 2975 nostris
3397 2921 3511 2991 (59)

1941 3007 1995 3059 in
2044 3007 2249 3075 Spiritu
2286 3017 2496 3064 sancto.
2544 3028 2563 3061 ι
2602 3009 2735 3064 Cum
2768 3026 2895 3080 ergo
2918 3012 3195 3066 Trinitatis
3228 3012 3281 3066 in
3307 3013 3523 3066 unitate»

265 3103 357 3171 ρία
388 3102 597 3172 κόσμου
618 3119 633 3132 ·
669 3122 687 3155 ι
724 3103 839 3165 καὶ,
873 3120 892 3153 ι
926 3102 1410 3173 Συμπορευόμενος
1444 3103 1648 3170 σοφοῖς,
1680 3100 1837 3169 σοφὸς

1944 3098 2261 3153 exsistentis
2303 3115 2408 3153 una
2445 3100 2517 3155 sit
2544 3101 2774 3167 bonitas,
2820 3103 3001 3157 multa:
3032 3110 3209 3158 tamen
3249 3104 3403 3157 nobis
3432 3102 3514 3171 gi-

262 3159 377 3265 ἐστι.
417 3215 436 3247 ι
474 3159 656 3263 έαφὲς
680 3191 794 3255 οὖν,
824 3159 899 3257 ib;
925 3194 985 3246 τὸ
1006 3159 1358 3264 ’Πνεῦμααοῦ
1386 3159 1541 3258 Θεοῦ,

1943 3200 2179 3259 gnuntur
2212 3190 2485 3247 bonitates
2528 3210 2540 3246 :
2582 3194 2724 3249 sicut
2774 3211 2895 3249 cum
2946 3195 3165 3264 veritas,
3195 3206 3250 3251 et
3279 3194 3510 3263 iustitia,

274 3284 348 3347 ξει
380 3287 540 3356 αὐτῇ,
593 3286 817 3356 Πνεῦμα
849 3288 1072 3351 ἀγαθὸν,
1110 3288 1201 3340 καὶ
1233 3286 1457 3358 Πνεῦμα
1507 3286 1697 3355 σοφίας
1744 3286 1837 3338 καὶ

1941 3291 1992 3336 ει
2020 3282 2284 3351 sapientia
2311 3300 2413 3337 una
2440 3285 2510 3339 sit
2541 3285 2753 3356 (loquor
2777 3298 2956 3343 autem
2985 3290 3050 3344 de
3073 3289 3328 3355 cmlesti),
3355 3291 3514 3360 juxta

274 3374 542 3444 ἀληθείας,
588 3378 682 3430 καὶ
730 3377 954 3448 Πνεῦμα
998 3377 1091 3430 τοῦ
1128 3378 1359 3449 ἀοράτου
1408 3378 1500 3430 καὶ
1545 3376 1837 3429 ἀσυνθέτου

1941 3373 2067 3429 illud
2110 3392 2125 3430 :
2186 3394 2204 3427 ι
2246 3375 2444 3431 Potens
2487 3378 2600 3447 (40)
2663 3395 2742 3442 es,
2802 3382 3043 3445 Domine,
3098 3390 3152 3435 et
3186 3382 3384 3437 veritas
3424 3390 3519 3436 tua

276 3464 405 3517 Θεοῦ
439 3466 530 3519 καὶ
553 3468 765 3537 Πατρὸς
804 3468 1160 3540 καθέστηκεν.

1940 3465 2082 3536 (qua:
2125 3476 2209 3522 est
2269 3470 2580 3538 unigenitus
2636 3470 2799 3541 Deus)
2850 3473 2899 3526 in
2957 3473 3181 3527 circuitu
3237 3482 3347 3539 tuo,
3399 3494 3418 3527 ι
3458 3487 3529 3528 ει⁹

274 3557 422 3625 juxta
455 3558 577 3611 illud
608 3578 624 3614 :
654 3578 672 3611 ι
707 3558 816 3613 Soli
844 3559 955 3628 (41)
992 3560 1218 3629 sapienti
1250 3559 1390 3625 Deo;
1444 3578 1460 3611 ι
1498 3557 1678 3613 multa:
1720 3566 1897 3612 tamen
1937 3558 2097 3611 nobis
2137 3558 2365 3629 desuper
2404 3570 2550 3623 sunt,
2586 3576 2651 3615 ac
2691 3562 3110 3630 multiplicantur
3144 3565 3420 3630 veritates,
3456 3575 3513 3618 et

277 3648 519 3714 insuum,
573 3660 625 3704 et
646 3652 946 3720 sapientiae,
979 3650 1135 3722 165
1161 3651 1315 3721 juxta
1347 3651 1521 3705 illud:
1562 3669 1579 3701 ι
1616 3649 1878 3704 Veritates
1918 3646 2030 3718 (42)
2064 3649 2295 3718 exquirit
2358 3650 2643 3715 Dominus;
2690 3669 2709 3700 ι
2755 3660 2845 3705 et:
2894 3668 2913 3702 ι
2944 3650 3127 3706 Justus
3162 3652 3274 3721 (45)
3330 3652 3515 3706 Domi-

276 3755 397 3804 nus,
461 3740 777 3809 etjustitias
808 3743 1027 3808 dilexit;
1060 3761 1077 3793 ι
1110 3752 1163 3797 ει
1194 3761 1208 3797 :
1247 3762 1265 3794 ι
1301 3743 1586 3797 Multitudo
1636 3741 1747 3811 (44)
1794 3740 2138 3806 sanienlium,
2198 3740 2344 3797 salus
2410 3741 2630 3807 mundi;
2670 3760 2691 3793 ι
2723 3752 2819 3795 et:
2872 3759 2890 3791 ι
2928 3742 3223 3798 Ambulans
3251 3744 3517 3814 (i5)cum

340 3945 456 4015 (55)
502 3945 627 3998 Non
650 3956 767 4015 gest.
809 3942 926 4000 Non
977 3943 1039 4015 in,
1059 3943 1228 4013 Epist.
1260 3944 1325 3999 ad
1368 3944 1575 4002 Coloss.
1607 3946 1723 4001 haec
1756 3945 1833 4000 le-

265 4014 496 4084 guntur,
519 4017 618 4084 sed
647 4014 806 4068 Rom.
834 4031 945 4078 xtv,
975 4014 1061 4067 17.

337 4087 456 4151 (54)
501 4083 560 4138 Si
595 4102 736 4154 ergo.
767 4085 888 4139 Act.
928 4099 1005 4156 χι,
1035 4084 1121 4137 17.
1154 4082 1353 4156 verba,
1389 4105 1405 4137 ι
1438 4087 1683 4156 praebens
1711 4085 1835 4155 Spi-

268 4157 433 4209 ritum
465 4165 735 4220 sanctum,
774 4164 881 4226 ret
912 4172 931 4205 ι
966 4154 1018 4208 in
1046 4155 1332 4223 principio,
1371 4175 1389 4206 ι
1421 4154 1565 4209 addit
1595 4154 1835 4226 expliCa-

267 4226 437 4281 tionis
464 4239 629 4278 causa
648 4264 669 4295 ,γ
709 4239 773 4277 ex
803 4225 905 4287 his,
938 4240 1058 4295 quae
1085 4226 1292 4278 duobus
1320 4227 1565 4293 proxime
1593 4225 1837 4295 superio-

262 4299 416 4350 ribus
441 4294 747 4357 versiculis,
796 4294 859 4347 15
887 4294 1051 4365 ει716,
1082 4295 1350 4365 leguntur.
1387 4294 1692 4365 Eademque
1722 4297 1835 4365 ipsa

259 4366 636 4434 additamenta
681 4364 995 4434 observabis
1037 4380 1063 4415 a
1122 4364 1346 4434 Didyme
1393 4364 1530 4419 facta
1572 4364 1749 4418 etiam
1784 4367 1835 4419 in

257 4432 707 4517 [ξυνα-υρηᾷρὶτ.
831 4450 977 4517 num.
1010 4434 1099 4496 11,
1151 4432 1240 4517 ubi
1292 4435 1432 4517 hunc
1479 4435 1653 4488 locum
1678 4436 1837 4517 citat.
1872 4463 1916 4517 Β

255 4505 417 4570 Quod
445 4505 492 4557 si
521 4503 593 4556 ibi
628 4519 731 4558 non
763 4504 975 4573 legitur,
1010 4522 1029 4554 ‹
1062 4504 1345 4573 prohibere
1374 4506 1561 4567 Deum,
1593 4523 1610 4554 ι
1639 4513 1696 4557 ιιι
1722 4505 1828 4570 hic,

253 4574 357 4627 sed
411 4593 431 4625 ι
466 4574 751 4643 prohibere
801 4574 1117 4637 Dominum,
1151 4592 1171 4625 ι
1226 4573 1355 4627 nihil
1395 4583 1445 4628 te
1484 4584 1697 4629 moveat
1730 4576 1833 4628 ista

254 4645 547 4698 varietas:
594 4660 717 4696 nam
758 4647 923 4697 codex
960 4652 1143 4698 uoster
1172 4659 1274 4699 ms.
1314 4644 1386 4698 ibi
1428 4644 1611 4707 habet,
1645 4662 1663 4696 ι
1710 4659 1834 4713 pro-

256 4715 455 4767 hibere
488 4714 677 4767 Deum.
716 4732 734 4765 ι

335 4784 453 4853 (55)
476 4784 541 4835 Et
564 4784 824 4836 cordium.
839 4782 959 4835 Act.
976 4797 1064 4848 xv,
1092 4782 1124 4836 8
1141 4781 1257 4837 et9.
1276 4782 1458 4837 Graeca
1474 4783 1558 4836 ed.
1576 4784 1656 4837 bis
1673 4783 1837 4837 habet

254 4868 476 4916 vocem,
502 4854 702 4917 αὐτοῖς,
742 4868 931 4919 ιιειιιρε
975 4854 1154 4914 habet,
1188 4873 1206 4905 ι
1241 4855 1374 4907 dans
1402 4855 1530 4922 ipsis
1572 4854 1832 4923 Spiritum

255 4934 539 4977 Sanctum.
584 4942 604 4975 ι
636 4925 739 4977 Sed
763 4923 1017 4993 Didymus
1042 4924 1227 4993 eodem
1261 4923 1415 4990 plane
1458 4925 1615 4976 modo
1662 4923 1834 4977 locum

257 4994 445 5046 attulit
470 5010 590 5046 cum
620 4995 727 5057 hic,
758 5002 867 5045 tum
890 4995 943 5045 in
968 4994 1061 5047 lib.
1080 4995 1152 5046 De
1172 4992 1315 5058 Spir.
1338 5004 1540 5057 sancto,
1567 5008 1711 5045 num.
1746 4993 1832 5045 11.

333 5063 449 5133 (36)
495 5061 723 5132 Eﬂ'usio,
756 5072 861 5115 etc.
891 5063 945 5115 lu
976 5063 1066 5116 lib.
1094 5063 1322 5131 DeSpir.
1342 5062 1562 5117 S.nunt.
1590 5063 1673 5127 Η,
1706 5080 1723 5112 ι
1754 5062 1838 5115 Ef-

262 5135 405 5195 fusio
434 5137 634 5203 quippe
662 5134 897 5202 Spiritus
930 5133 1144 5203 (inquit)
1171 5148 1332 5187 causa
1363 5134 1570 5187 exsistit
1605 5134 1837 5203 prophe-

264 5206 437 5272 tandi,
469 5217 524 5259 et
562 5204 782 5257 videndi
820 5218 1037 5257 sensum
1078 5204 1640 5272 pulchritudinemque
1690 5203 1836 5256 veri-

262 5278 407 5329 tatis.
444 5294 466 5327 ι

332 5347 447 5415 (37)
494 5341 747 5398 Fructus.
803 5342 976 5415 Galat.
1010 5360 1060 5398 v.
1109 5344 1213 5415 22.
1253 5342 1311 5395 ln
1341 5342 1477 5396 libro
1503 5341 1577 5415 De
1606 5339 1747 5410 Spir.

264 5412 515 5470 nam.”
567 5417 710 5469 edita
741 5414 1071 5482 exemplaria
1124 5414 1368 5468 ordinem
1409 5412 1693 5467 verborum
1745 5413 1839 5466 ali-

262 5488 583 5553 quantulum
636 5487 923 5553 immutant
952 5502 964 5537 :
1019 5484 1220 5539 habent
1248 5484 1391 5537 enim
1427 5500 1441 5535 :
1489 5502 1507 5533 ι
1542 5482 1792 5553 gaudium
1820 5522 1835 5541 ,

264 5552 387 5623 pax,
434 5556 697 5610 cbaritas.
757 5572 776 5605 ι
819 5552 923 5607 Sed
969 5569 1183 5607 omnem
1231 5554 1647 5623 discrepantiam
1703 5552 1841 5606 tollit

262 5622 428 5679 codex
460 5637 650 5680 noster
697 5639 822 5687 ms.,
865 5624 953 5691 qui
988 5624 1141 5678 habet
1177 5623 1247 5678 ibi
1279 5642 1291 5675 :
1330 5642 1347 5673 ι
1385 5622 1634 5677 Charitas
1659 5663 1674 5687 ,
1706 5638 1838 5689 gau-

265 5698 430 5763 dium,
480 5711 637 5765 pax:
680 5712 698 5745 ι
742 5710 849 5765 quo
897 5694 1054 5765 modo
1100 5694 1227 5762 legit
1275 5694 1530 5765 Didymus
1574 5694 1736 5745 etiam
1787 5694 1837 5744 in

268 5760 676 5822 cottttncntariis
713 5760 773 5818 iri
810 5760 1081 5828 Psalmos,
1115 5760 1179 5818 ad
1208 5760 1469 5834 psaltis—um
1504 5778 1668 5827 Lxm,
1717 5778 1833 5832 pag.

1936 3944 2043 4000 539
2075 3952 2280 3998 catena:
2308 3942 2669 3998 Corderianm.

2012 4014 2125 4085 (58)
2182 4012 2446 4085 Charitas.
2498 4013 2656 4068 Rom.
2700 4029 2753 4079 v,
2807 4015 2859 4071 5.
2909 4014 3093 4071 Grteea
3139 4014 3304 4071 editio
3350 4014 3517 4071 habet

1942 4082 2068 4148 non,
2105 4082 2131 4135 ⁷(
2178 4084 2229 4137 in
2269 4082 2701 4156 Spirituisancto
2729 4126 2743 4151 ,
2808 4104 2829 4137 ι
2877 4088 2990 4152 sed,
3044 4104 3063 4138 ι
3114 4102 3211 4156 ρει·
3251 4085 3513 4156 Spiritum

1940 4165 2209 4225 Sanctum.
2246 4173 2264 4206 ι
2297 4154 2435 4220 Quin
2470 4155 2727 4225 Didymus
2752 4156 2862 4225 ipse
2890 4156 3065 4213 locum
3098 4154 3239 4211 hunc
3265 4157 3316 4208 in
3342 4155 3513 4225 tribus

1943 4225 2065 4297 aliis
2098 4223 2624 4297 hujusoperisloeis
2649 4223 2927 4297 allerens_(
2946 4242 3135 4297 nempe
3158 4240 3330 4297 segm.
3357 4224 3429 4277 25
3458 4241 3511 4289 a,

1948 4294 2014 4365 _9_8
2042 4311 2095 4358 α,
2125 4304 2179 4349 ει
2213 4293 2415 4363 2θθέι)
2466 4294 2624 4362 legit,
2667 4313 2685 4365 ι
2728 4310 2823 4363 per
2867 4293 3123 4365 spiritum
3171 4293 3440 4365 sanetum.
3488 4314 3509 4346 ι
3588 4342 3593 4359 ,

1948 4363 2146 4432 Verum
2171 4365 2358 4418 eadem
2388 4365 2545 4432 piane
2576 4364 2808 4418 verietas
2833 4363 3066 4420 occurrit
3094 4366 3255 4419 etiam
3289 4365 3341 4417 in
3374 4364 3514 4417 libro

1950 4431 2021 4486 De
2040 4434 2183 4502 Spir.
2212 4431 2433 4487 sancto:
2454 4449 2575 4487 nam
2596 4450 2743 4487 num.
2777 4436 2864 4495 ll,
2896 4436 2979 4489 bis
3003 4437 3142 4489 hunc
3175 4436 3351 4487 locum
3383 4433 3516 4487 alle-

1945 4519 2097 4572 gans,
2148 4504 2400 4566 dictavit,
2463 4522 2481 4553 ι
2527 4518 2621 4571 per
2675 4504 2933 4571 Spiritum
2985 4515 3270 4560 sanctum:
3307 4522 3325 4555 ι
3362 4519 3510 4557 num.

1941 4582 2117 4627 autem
2150 4573 2223 4642 11
2240 4573 2478 4632 dictavit,
2509 4592 2527 4623 ι
2565 4574 2616 4625 iu
2653 4574 2852 4642 Spiritu
2883 4586 3090 4629 sancto.
3119 4594 3137 4627 ι

2017 4643 2129 4714 (59)
2172 4640 2405 4714 Nostris.
2456 4640 2891 4714 Quotiescunque
2940 4647 2989 4697 in
3021 4645 3119 4700 hoc
3152 4658 3313 4711 opere
3343 4652 3511 4697 totum

1944 4712 2099 4765 istum
2130 4712 2453 4783 versiculum
2500 4712 2722 4780 profert.
2762 4714 2925 4783 legit:
2973 4733 2991 4765 ι
3037 4715 3087 4767 in
3140 4714 3392 4768 cordibus
3425 4729 3513 4767 no-

1943 4784 2071 4837 stris
2096 4796 2191 4850 per
2211 4780 2469 4850 Spiritum
2496 4793 2762 4841 sanctum.
2788 4780 2876 4849 qui
2900 4784 3056 4837 datus
3076 4795 3159 4837 est
3190 4784 3364 4839 nobis.
3402 4802 3418 4833 ι
3446 4786 3515 4836 At

1944 4855 1994 4904 in
2026 4849 2159 4904 libro
2185 4850 2261 4903 De
2290 4849 2509 4918 Spir.S.
2532 4867 2680 4906 num.
2712 4853 2771 4905 11
2808 4864 2861 4905 et
2890 4854 2975 4917 l7,
2996 4854 3159 4907 editio
3190 4854 3513 4907 Veronensis

1944 4922 2127 4984 habet,
2158 4939 2175 4971 ι
2206 4922 2256 4973 in
2286 4920 2539 4975 cordibus
2560 4922 2821 4977 vestris...
2852 4924 2940 4990 qui
2980 4923 3137 4976 datus
3168 4934 3252 4976 est
3280 4924 3448 4976 vobis.
3489 4939 3508 4972 ι

1943 4993 2120 5047 Codex
2153 5006 2280 5046 vero
2312 5000 2496 5043 noster
2526 5006 2630 5043 ms.
2662 4992 2835 5058 primo
2866 4992 3083 5059 quidem
3115 4993 3167 5045 in
3202 4994 3318 5046 loco
3348 4995 3512 5046 habet

1946 5060 2130 5125 semel,
2169 5078 2187 5112 ι
2220 5061 2431 5118 vestris.
2466 5080 2484 5111 ι
2516 5070 2572 5113 et
2609 5078 2627 5110 ι
2662 5062 2811 5113 vobis
2839 5078 2851 5112 :
2890 5081 2909 5113 ι
2943 5062 3036 5116 sed
3064 5062 3270 5116 duobus
3298 5062 3423 5115 aliis
3461 5063 3511 5113 in

1947 5130 2076 5183 locis
2105 5147 2206 5183 non
2235 5130 2487 5185 dissentit
2511 5146 2537 5181 a
2567 5130 2794 5183 lectione
2814 5129 3011 5185 Graeca:
3033 5131 3302 5186 editionis.
3333 5134 3513 5199 Itaque

1946 5211 2074 5269 puto
2104 5200 2299 5269 ubique
2334 5201 2611 5270 legendum
2637 5216 2793 5253 esse:
2834 5218 2852 5250 ι
2891 5200 2942 5254 in
2969 5203 3219 5257 cordibus
3242 5203 3511 5257 nostris...

1947 5272 2034 5339 qui
2060 5270 2215 5339 datus
2236 5280 2318 5324 est
2345 5272 2518 5339 nobis.
2561 5287 2579 5321 ι

2015 5339 2126 5409 (40)
2170 5338 2383 5393 Potens.
2412 5338 2567 5409 iPsal.
2599 5354 2865 5405 Lxxxvm,
2895 5356 3036 5396 vers.
3065 5341 3116 5397 9.

2019 5408 2128 5480 (41)
2169 5410 2299 5480 Soli.
2340 5410 2360 5461 l
2392 5408 2531 5480 Tim.
2559 5425 2600 5476 ι,
2640 5410 2725 5473 17,
2758 5421 2810 5464 ει
2838 5412 2998 5465 Rom.
3028 5428 3134 5475 xvi,
3171 5410 3260 5467 27.

2018 5478 2130 5552 (42)
2176 5478 2636 5552 Υενὶιαιεδζιέυι.
2668 5495 2796 5541 xxx,
2839 5497 2976 5535 vers.
3009 5483 3067 5535 51
3106 5483 3220 5552 (seu
3247 5482 3361 5552 24).

2018 5486 2107 5551 (42
2180 5486 2456 5533 Veritates.
2496 5486 2636 5533 l’Sal.
2668 5495 2796 5541 xxx,
2839 5497 2976 5535 vers.
3009 5486 3067 5535 51
3106 5486 3220 5552 (seu
3247 5486 3361 5552 24).

2017 5486 2371 5673 (15ἰϐιῖρειυδ.
2452 5549 2592 5603 Psal.
2646 5566 2700 5617 ι,
2768 5566 2913 5605 vers.
2963 5554 3013 5605 8.
3104 5554 3230 5606 Vide
3278 5564 3389 5609 not.
3459 5553 3515 5621 l‘,

1984 5638 2067 5675 ae.
2104 5622 2225 5674 l6l.

1948 5638 2067 5691 pag.
2104 5638 2225 5674 τοι.

2018 5692 2131 5758 (Μ)
2178 5690 2483 5743 Multitudo.
2520 5690 2646 5759 Sap.
2682 5706 2753 5754 vt,
2790 5691 2881 5745 26.

2020 5762 2130 5829 (45)
2172 5761 2476 5815 Ambulam.
2531 5763 2686 5817 l’rov.
2748 5778 2836 5826 XI,
2885 5762 2944 5815 21
3000 5761 3126 5833 (seu
3171 5762 3240 5816 20
3262 5765 3303 5833 ).
3358 5761 3521 5818 Com-
