4104 6408
525 265 636 326 535

1767 263 2002 321 DIDYMI
2038 265 2510 324 ALEXANDBINI

3678 267 3790 324 536

527 381 887 453 εςιριεηιίίιιιε,
918 379 1135 450 sapiens
1191 379 1320 435 eris.
1366 397 1386 432 ι
1431 377 1775 434 Manifestum
1823 389 1906 434 est
1947 395 2096 450 ergo,
2138 380 2398 451 Spiritum
2461 379 2556 434 Dei
2613 395 2680 436 ex
2735 379 2848 451 ipsa
2883 380 2966 436 sui
2997 378 3312 436 exsistentia
3339 392 3464 437 esse
3512 377 3785 451 Spiritum

530 478 751 542 bonum,
784 485 839 530 et
870 472 1128 544 Spiritum
1174 473 1473 543 sapientiae,
1501 484 1557 529 et
1586 475 1852 541 veritatis,
1884 485 1939 529 et
1975 475 2234 543 Spiritum
2268 476 2548 530 invisibilis
2573 483 2627 530 et
2660 476 3006 546 incompositi
3039 475 3130 530 Dei
3164 474 3366 530 Patris.

601 567 696 622 IX.
736 567 997 623 Creatura
1029 583 1134 622 non
1174 568 1371 622 dicitur
1411 568 1464 622 in
1521 568 1819 637 Scripturis
1868 570 2104 624 amatrix

2279 571 2356 622 6'.
2412 570 2477 623 Ἠ
2526 569 2708 633 κτίσις
2747 572 2807 624 οὺ
2848 569 3158 642 γέγραπται
3206 567 3616 639 φιλάνθρωποςο
3654 569 3793 623 ίδλιον

533 661 836 726 hominum,
887 675 984 715 seu
1043 661 1274 730 benigna
1329 661 1382 716 in
1439 664 1731 716 humanum
1769 676 1939 730 genus
1997 681 2011 717 :
2055 663 2107 718 id

532 756 674 810 enim
708 753 928 823 proprio
960 767 1123 807 sensu
1177 767 1240 808 ac
1276 753 1468 809 stricto
1519 752 1620 806 soii
1676 753 1926 807 convenit
1973 768 2105 808 con-

531 846 869 903 substantiali
923 846 1178 900 Trinitati
1232 865 1245 899 :
1305 859 1537 916 namque
1580 854 1789 899 amator
1828 845 2104 900 hominum

531 937 615 995 c'st
653 939 838 1007 Pater,
873 941 962 1008 qui
997 955 1017 991 ι
1054 954 1159 993 non
1202 953 1376 1007 usque
1403 939 1455 992 in
1487 937 1644 993 linem
1669 937 1780 1009 (46)
1817 939 1972 994 nobis
1999 940 2106 995 ira-

531 1029 727 1094 scitur,
757 1045 934 1099 neque
963 1030 1015 1084 in
1044 1029 1299 1084 sazculum
1344 1030 1515 1084 iratus
1547 1039 1750 1095 manet,
1787 1045 1963 1099 neque
2007 1043 2107 1084 no-

533 1122 616 1176 bis
644 1120 778 1175 facit
801 1121 1098 1176 secundum
1125 1130 1364 1189 peccata,
1394 1135 1570 1186 neque
1592 1121 1886 1178 secundum
1912 1121 2108 1192 iniqui-

535 1223 674 1270 tates
727 1225 940 1268 nostras
996 1213 1279 1278 retribuit,
1317 1231 1336 1264 ι
1387 1213 1536 1283 juxta
1585 1228 1656 1268 ειι
1711 1213 2008 1283 psalmum;
2053 1222 2109 1268 et

526 1305 681 1375 juxta
720 1304 1063 1358 Salomonem
1097 1303 1235 1374 (47),
1272 1305 1364 1374 qui
1396 1305 1470 1359 ait
1503 1327 1514 1362 :
1561 1323 1581 1357 ι
1620 1305 1804 1360 Parcis
1849 1305 1962 1374 (48)
2009 1321 2108 1360 au-

534 1407 643 1450 tem
671 1395 943 1460 omnibus,
977 1395 1104 1464 quia
1129 1398 1308 1450 omnia
1339 1405 1428 1450 tua
1459 1405 1604 1462 sunt,
1644 1397 1869 1452 Domine
1898 1406 2110 1452 amator

533 1489 857 1553 animarum,
890 1506 909 1540 ι
949 1499 1005 1542 ιιι
1026 1489 1226 1544 dictum
1255 1497 1339 1543 est
1367 1487 1479 1560 (49)
1509 1506 1524 1543 :
1555 1490 1692 1545 adeo
1720 1499 1778 1545 ut
1815 1491 1918 1546 hac
1944 1491 2108 1547 etiam

535 1579 601 1635 de
629 1594 793 1634 causa
825 1589 1010 1636 noster
1053 1591 1106 1636 et
1151 1581 1413 1636 Dominus
1472 1591 1528 1636 et
1554 1581 1716 1637 Pater
1748 1593 2107 1652 nuncupetur,

535 1672 677 1740 quod
709 1683 930 1741 paterna
967 1673 1082 1741 ejus
1130 1688 1282 1738 cura,
1334 1689 1400 1728 ac
1439 1674 1749 1729 sollicitudo
1795 1674 1846 1728 vi
1907 1689 1972 1730 ac
2015 1688 2111 1743 po-

537 1763 703 1816 tentia
743 1773 1088 1833 temperetur.
1131 1765 1226 1820 Dei
1253 1766 1398 1819 enim
1429 1765 1574 1820 nulla
1622 1774 1707 1820 est
1743 1766 2110 1822 denominatio

537 1855 710 1924 magis
735 1857 971 1924 propria,
1021 1871 1183 1924 quam
1225 1857 1590 1912 denominatio
1623 1856 1821 1923 Patris,
1866 1869 1922 1914 et
1955 1874 2109 1913 ama-

2219 661 2329 734 γὰρ
2375 662 2535 714 τοῦτο
2584 661 2787 733 κυρίως
2842 662 3011 733 μόνης
3057 662 3157 732 τῆς
3202 661 3489 730 ὁμοουσίου
3534 661 3787 731 Τριάδος.

2207 754 2590 826 Φιλάνθρωπος
2630 755 2737 825 γὰρ
2783 755 2810 806 ὁ
2847 753 3041 824 Πατὴρ
3088 771 3106 802 ι
3138 753 3236 822 οὐχ
3281 752 3386 816 ἕως
3423 750 3608 815 τέλους
3651 753 3792 822 ἡμῖν

2207 845 2583 917 ὀργιζόμενος,
2615 845 2724 898 οὐδ’
2758 847 2838 909 είς
2873 845 2962 898 τὸν
2993 845 3165 898 αίῶνα
3201 844 3429 916 μηνίων,
3463 843 3584 896 οὐδὲ
3613 842 3792 896 ποιῶν

2205 940 2339 1009 ἡμῖν
2385 937 2523 1011 πρὸς
2573 936 2674 1001 τὰς
2721 937 3016 1010 ἁμαρτίας,
3069 938 3190 991 οὐδὲ
3233 935 3372 990 κατὰ
3409 936 3508 999 τὰς
3553 937 3792 1008 ἀνομίας

2209 1030 2364 1102 ἡμῶν
2396 1029 2801 1093 ἀνταποδιδοὺς,
2844 1048 2863 1080 ι
2902 1029 3043 1082 κατά
3073 1030 3163 1082 τὸν
3194 1029 3273 1101 ρβ⁹
3299 1028 3513 1098 ψαλμόν
3535 1046 3549 1058 ·
3585 1029 3682 1082 καὶ
3709 1027 3791 1093 ὡς

2208 1119 2458 1190 Σολομὼν
2495 1121 2677 1189 λέγει·
2727 1139 2747 1173 ι
2781 1120 2938 1192 Φείδῃ
2974 1120 3031 1173 δὲ
3076 1121 3316 1184 πάντων,
3363 1121 3444 1173 ὅτι
3490 1122 3666 1174 πάντα
3716 1119 3790 1174 σά

2208 1213 2345 1276 ἐστι,
2398 1213 2644 1266 Δέσποτα
2672 1209 2953 1281 φιλόψυχε,
2989 1229 3008 1261 ι
3037 1208 3182 1262 καθὰ
3203 1211 3449 1281 εἴρηταιο
3475 1208 3551 1273 ὡς
3580 1209 3674 1262 καὶ
3691 1208 3789 1263 διὰ

2208 1303 2381 1358 ταῦτα
2428 1303 2710 1357 καλεῖσθαι
2753 1303 2910 1374 ἡμῶν
2958 1302 3236 1374 Δεσπάτην
3287 1319 3347 1354 τε
3396 1303 3493 1355 κα.)⁸
3537 1302 3786 1372 Πατέρα,

2208 1397 2307 1466 τῆς
2345 1395 2669 1467 κηδεμονίας
2703 1394 2870 1448 αὑτοῦ
2913 1397 2978 1466 τῇ
3012 1395 3236 1466 δυνάμει
3270 1393 3637 1466 κεκραμένης.
3688 1394 3788 1466 Τῷ

2208 1486 2326 1558 Θεῷ
2349 1487 2456 1561 γὰρ
2488 1488 2588 1540 οὐκ
2615 1487 2728 1540 ἔστι
2769 1487 3073 1560 πρόσρησις
3091 1486 3396 1557 οἰκειοτέρα
3421 1487 3519 1557 τῆς
3544 1484 3784 1557 Πατρὸς,

2209 1580 2304 1633 κα)⁴
2331 1579 2730 1651 φιλανθρώπου,
2755 1580 2846 1632 καὶ
2879 1579 3106 1647 ἀγαθοῦ,
3132 1580 3226 1633 καὶ
3258 1580 3436 1648 ἁγίου.
3465 1577 3660 1632 Φιλάνθ
3671 1595 3782 1648 ρω-

2211 1687 2311 1733 πος
2343 1673 2371 1723 ὁ
2427 1671 2574 1733 Υἱὸς,
2605 1672 2663 1734 ὃς
2708 1687 2772 1739 γε
2804 1670 2870 1722 δι’
2915 1672 3082 1741 ἡμᾶς,
3123 1672 3191 1724 τὰ
3229 1671 3367 1742 ἔργα
3410 1669 3520 1724 τῶν
3569 1669 3787 1723 σεπτῶν

2210 1760 2374 1814 αὐτοῦ
2408 1762 2502 1815 καὶ
2513 1760 2716 1832 νοητῶν
2736 1762 2952 1833 χειρῶν,
2977 1779 2994 1812 ι
3028 1762 3217 1814 ἑαυτὸν
3244 1762 3478 1815 ὲκένωσε
3498 1803 3514 1827 ,
3568 1759 3786 1832 μορφὴν

2209 1853 2395 1908 δούλου
2416 1853 2594 1907 λαϐὼν
2630 1872 2648 1906 ι
2674 1898 2689 1921 ,
2722 1855 2865 1908 καθὰ
2895 1855 3039 1926 Τίτῳ
3097 1854 3298 1926 γράφει
3340 1855 3370 1906 ὁ
3430 1851 3786 1914 ’Δπόστολοςο

538 1943 674 1999 toris
712 1943 1016 2009 hominum,
1059 1945 1290 2009 et'boui,
1331 1953 1387 1999 et
1435 1945 1631 2000 sancti.
1663 1945 1889 2002 Amator
1933 1946 2109 2000 homi-

2220 1961 2240 1995 ι
2275 1945 2404 1996 Ὅτε
2429 1944 2486 1998 δὲ
2515 1945 2550 2014 ἡ
2596 1944 2900 2016 χρηστότης
2927 1945 3025 1998 καὶ
3059 1946 3093 2015 ὴ
3124 1942 3502 2014 φιλανθρωπία
3528 1941 3622 1995 τοῦ
3665 1942 3789 1994 Σω-

535 2051 668 2091 num
703 2046 785 2092 est
822 2035 1010 2100 Filius,
1044 2036 1135 2106 qui
1184 2047 1403 2106 propter
1441 2053 1562 2102 nos,
1596 2049 1944 2109 augustarum
1997 2056 2113 2111 my-

537 2129 908 2197 sticarumque
964 2126 1079 2195 ejus
1140 2145 1394 2183 manuum
1452 2145 1617 2199 opera
1677 2131 1790 2203 (50)
1845 2132 2115 2187 exsisten-

537 2228 639 2285 tes,
679 2221 1078 2290 «semetipsum
1135 2223 1438 2278 exinanivit
1495 2225 1721 2278 formam
1776 2225 1918 2279 servi
1970 2225 2114 2280 acci-

538 2310 711 2377 piens.
751 2328 770 2361 ι
816 2310 872 2364 td
934 2318 1165 2366 testatur
1224 2310 1347 2366 Tito
1397 2314 1642 2368 scribens
1679 2312 1969 2382 Apostolus
2028 2315 2113 2371 his

537 2402 720 2458 verbis
758 2419 773 2458 :
813 2422 832 2455 ι
872 2405 1006 2460 Cum
1044 2405 1156 2476 (51)
1196 2415 1378 2460 autem
1409 2406 1640 2472 bonitas,
1669 2414 1723 2461 et
1751 2421 1903 2461 amor
1936 2407 1988 2461 in
2017 2407 2114 2462 ho-

537 2494 713 2549 mines
750 2495 867 2564 (seu
906 2497 1236 2568 benignitas)
1277 2497 1574 2552 Salvatoris
1604 2498 1775 2552 nostri
1809 2498 1900 2554 Dei
1941 2513 2111 2568 appa-

539 2585 666 2639 ruit.
701 2604 721 2638 ι
759 2586 1016 2658 Quisquis
1050 2603 1183 2644 vero
1222 2589 1312 2642 illa
1340 2589 1521 2644 omnia
1561 2589 1661 2657 ipsi
1696 2588 1966 2653 tribuerit,
1994 2605 2114 2658 quae

539 2678 823 2746 unigenito
859 2679 970 2733 Deo
1025 2681 1374 2744 conveniunt,
1429 2679 1550 2750 plus
1608 2681 1676 2735 ab
1735 2695 1803 2735 eo
1861 2680 2113 2750 accipiet,

539 2785 701 2839 quam
745 2773 1021 2841 sperabat.
1055 2773 1281 2826 Amator
1310 2770 1588 2825 hominum
1641 2782 1726 2824 est
1773 2779 1992 2825 sanctus
2020 2770 2113 2825 Dei

543 2862 802 2930 Spiritus,
832 2863 989 2932 juxta
1025 2863 1354 2932 Sapientiam
1387 2864 1467 2918 sic
1495 2862 1824 2932 inquieutem
1852 2880 1865 2916 :
1902 2881 1921 2913 ι
1947 2861 2115 2915 Ama-

541 2962 625 3005 tor
650 2952 763 3022 (52)
795 2956 938 3007 enim
973 2954 1251 3009 hominum
1290 2955 1409 3023 (seu
1439 2953 1704 3024 benignus
1733 2955 1786 3008 in
1820 2955 2114 3008 humanum

2214 2039 2379 2111 τῆρος
2433 2038 2591 2108 ήμῶν
2637 2038 2774 2092 Θεοῦ
2821 2039 3084 2109 ἐπεφάνη.
3122 2057 3141 2090 ι
3187 2037 3297 2091 Καὶ
3342 2039 3490 2101 ὅστις
3535 2035 3603 2090 ἂν
3645 2035 3788 2088 ἀπο-

2215 2130 2377 2201 νείμῃ
2429 2128 2598 2199 αὐτῷ,
2646 2131 2747 2182 ὅσα
2803 2131 3004 2202 πρέπει
3058 2129 3336 2200 μονογενεϊ
3389 2126 3543 2198 Θεῷ,
3602 2126 3788 2180 λαϐὼν

2217 2222 2376 2275 πλέον
2409 2217 2484 2275 ὧν
2518 2222 2746 2292 ἤλπισεν
2773 2221 3093 2293 ἀπέρχεται.
3126 2219 3510 2290 Φιλάνθρωπον
3537 2218 3599 2271 τι
3631 2219 3790 2285 ἆγιον

2216 2313 2442 2384 Πνεῦμα
2469 2312 2563 2366 τοῦ
2591 2311 2750 2377 Θεοῦ,
2780 2315 2921 2365 κατὰ
2951 2312 3050 2383 τὴν
3078 2312 3295 2381 Σοφίαν,
3319 2310 3462 2364 οὕτω
3487 2310 3752 2378 λέγουσαν
3769 2325 3784 2339 ·

2221 2425 2239 2457 ι
2264 2404 2648 2477 Φιλάνθρωπον
2668 2404 2776 2475 γὰρ
2803 2404 3026 2474 Πνεῦμα
3056 2402 3270 2472 σοφίας,
3297 2404 3391 2456 καὶ
3414 2403 3515 2454 οὐκ
3539 2399 3790 2453 ἀθωώσει.

2214 2497 2444 2552 δίκαιον.
2483 2516 2501 2548 ι
2535 2496 2609 2550 Οὐ
2647 2496 2754 2568 γὰρ
2785 2493 3006 2566 παρίδεν
3041 2494 3422 2564 ἀπολλυμένην
3453 2493 3552 2564 τὴν
3584 2491 3798 2562 ἀνθρω-

2218 2588 2376 2642 πείαν
2451 2587 2564 2660 [74
2599 2587 2663 2659 b]
2729 2588 2923 2657 φύσιν·
2974 2587 3088 2641 ἀλλ’
3130 2587 3384 2657 ὲφοίτησε
3445 2585 3511 2638 δι’
3567 2584 3787 2649 ἑαυτοῦ,

2215 2678 2523 2750 ὁδηγῆσαν,
2574 2679 2790 2744 διδάξαν
2848 2681 3025 2733 πᾶσαν
3079 2680 3369 2750 ἀλήθειαν,
3432 2674 3793 2730 ἀνακαινίσαν

2215 2773 2396 2843 ἡμᾶς,
2430 2773 2524 2826 καὶ
2558 2773 2627 2826 τὰ
2683 2772 2839 2826 θεῖκὰ
2891 2773 3202 2845 χαρίσματα
3235 2769 3651 2841 δωρησάμενον,
3692 2767 3798 2819 καὶ

2215 2864 2483 2935 τοσαύτην
2502 2865 2593 2917 τοῦ
2617 2866 2736 2918 κατ’
2762 2865 2948 2918 εἰκόνα
2970 2863 3194 2934 θέμενον
3219 2859 3482 2916 ἀνέκαθεν
3506 2857 3794 2930 φροντίδα,

2217 2952 2358 3005 ὥστε
2381 2955 2460 3016 είς
2486 2953 2774 3024 γνώρισμα
2801 2954 2901 3024 τῆς
2927 2950 3238 3025 ὑπερφυοῦς
3266 2951 3427 3006 αὑτοῦ
3456 2949 3801 3019 ἀγαθότητος

540 3043 730 3112 genus)
761 3053 845 3098 est
867 3043 1098 3113 Spiritus
1125 3044 1433 3114 sapientiae,
1459 3055 1514 3100 et
1539 3059 1647 3099 non
1676 3043 1924 3098 liberabit
1959 3045 2111 3116 166

2219 3046 2314 3097 καὶ
2338 3033 2542 3115 ratiqu
2574 3044 2718 3116 ἔχειν
2742 3046 2843 3116 τὴν
2872 3044 3263 3116 προσηγορίαν.
3296 3042 3524 3111 Μεγάλα
3552 3042 3648 3113 μὲν
3679 3041 3803 3113 γὰρ

534 3137 784 3207 justum:
831 3155 851 3188 ι
894 3152 992 3192 ηεε
1036 3138 1181 3192 enim
1213 3138 1480 3206 perditam
1531 3135 1821 3190 humanam
1867 3145 2111 3191 naturam

2220 3141 2458 3208 στοιχεῖα
2495 3138 2755 3210 οὐρανὸς,
2794 3137 2867 3208 γῆ
2889 3178 2904 3202 ,
2945 3137 3221 3192 θάλασσα·
3262 3135 3472 3208 μεγάλη
3503 3134 3560 3187 δὲ
3595 3133 3805 3205 λογικὴ

539 3230 799 3301 neglexit,
831 3234 926 3285 sed
957 3246 1056 3301 per
1083 3231 1434 3295 semetipsum
1470 3229 1638 3292 venit,
1660 3229 1903 3300 dirigens
1928 3245 2028 3284 nos
2061 3230 2111 3285 in

2220 3234 2418 3296 κτίσις,
2441 3234 2474 3303 ἡ
2500 3231 2746 3300 ἀγγέλων
2769 3233 2864 3285 και)⁸
2887 3231 3066 3302 πάσης
3090 3228 3462 3301 ὕπερκοσμίου
3484 3225 3802 3296 δυνάμεως·

542 3319 650 3382 via,
686 3327 742 3374 ει
774 3334 986 3375 omnem
1023 3321 1306 3375 veritatem
1345 3320 1566 3386 docens,
1599 3330 1654 3375 et
1693 3335 1958 3376 renovans
1995 3335 2111 3387 nos,

2221 3327 2335 3380 ἀλλ’
2367 3293 2474 3379 ὦκ’
2502 3293 2597 3394 ag;
2639 3325 2756 3388 ἑνὸς
2788 3324 2992 3378 τούτων
3021 3293 3288 3393 ἦξίωσὲν,
3324 3293 3388 3373 ἐκ
3432 3319 3489 3372 δὲ
3520 3293 3630 3387 τῆς*
3651 3317 3808 3389 πρὸς

540 3420 597 3464 ει
625 3411 808 3465 divina
850 3412 1004 3467 nobis
1035 3414 1171 3468 dona
1204 3414 1468 3485 largiens;
1526 3423 1840 3482 tantamque
1867 3429 1900 3468 e
1926 3429 2111 3483 super-

2219 3418 2310 3471 τὸν
2359 3417 2644 3489 ἄνθρωπον
2677 3415 3012 3486 ἀγαοότητος
3044 3414 3156 3485 ἔχει
3187 3414 3359 3484 ὄνομα
3389 3411 3450 3464 τὸ
3481 3408 3808 3480 φιλάνθρωο

543 3503 631 3558 nis
666 3505 884 3560 sedibus
929 3521 1117 3561 curam
1157 3507 1294 3576 ejus,
1326 3509 1417 3576 qui
1452 3507 1518 3562 ad
1558 3508 1847 3576 imaginem
1890 3507 1985 3562 Dei
2029 3507 2111 3561 fa-

2219 3526 2320 3561 πον
2354 3510 2387 3578 ἡ
2417 3508 2604 3580 Τριάς.

541 3608 662 3652 etus
698 3604 802 3659 est,
848 3599 1105 3667 suscepit,
1147 3609 1207 3653 ut
1260 3600 1401 3654 hanc
1439 3615 1655 3670 quoque
1708 3599 2224 3665 denominationem,
2266 3601 2432 3655 veluti
2463 3611 2642 3654 notam
2691 3608 2852 3667 atque
2918 3597 3175 3652 indicium
3251 3595 3463 3650 eximiae
3523 3606 3631 3647 sua:
3695 3591 3810 3646 bo-

543 3691 748 3757 nitatis,
782 3691 997 3746 habeat.
1029 3690 1164 3746 Nam
1202 3707 1394 3762 magna
1429 3693 1645 3761 quidem
1692 3693 1956 3747 elementa
1987 3704 2114 3748 sunt
2153 3694 2371 3755 cmlum,
2409 3705 2571 3756 terra,
2648 3707 2826 3758 mare;
2869 3706 3059 3760 magna
3102 3705 3314 3758 quoque
3377 3697 3460 3741 est
3512 3686 3809 3742 rationalis

543 3792 793 3836 creatura
856 3783 1193 3851 angelorum,
1234 3793 1288 3836 et
1321 3784 1610 3853 cujuslibet
1661 3785 2111 3854 supermundanae
2149 3787 2476 3854 potestatis:
2519 3786 2612 3840 sed
2678 3800 2707 3836 a
2745 3783 2884 3836 nulla
2917 3785 3106 3837 harum
3151 3792 3521 3837 creaturarum
3589 3794 3805 3833 nomen

545 3886 757 3926 sumere
783 3872 894 3942 (55)
919 3872 1089 3926 voluit
1118 3872 1386 3938 Trinitas;
1435 3888 1618 3928 cume
1658 3875 1930 3928 contrario
1991 3890 2057 3929 ex
2123 3891 2184 3930 ea
2223 3877 2498 3938 bonitate,
2556 3890 2661 3944 qua
2726 3875 2994 3928 hominem
3055 3872 3430 3942 prosequitur,
3487 3868 3808 3940 φιλάνθρω-

543 3985 666 4034 πος,
715 3965 818 4020 hoc
863 3974 968 4026 est,
999 3964 1235 4019 amatrix
1270 3966 1572 4030 hominum,
1609 3982 1704 4022 seu
1757 3968 1989 4037 benigna
2035 3968 2085 4021 in
2127 3968 2390 4030 homines,
2424 3978 2666 4021 vocetur.

616 4060 688 4117 Χ.
715 4058 975 4113 Creatura
1011 4069 1166 4110 serva
1215 4065 1296 4111 est
1339 4057 1572 4121 Domini,
1604 4058 1695 4127 qui
1743 4073 1863 4112 eam
1917 4058 2111 4113 allabre

2299 4059 2356 4112 1'.
2409 4061 2474 4113 Ἦ
2515 4059 2710 4121 κτίσις,
2741 4058 2901 4129 δούλη
2934 4057 3026 4112 τοῦ
3057 4054 3460 4128 τεχνησαμένου
3497 4053 3663 4124 αὐτὴν
3700 4056 3809 4108 Δε-

550 4149 812 4214 condidit,
837 4163 902 4203 ac
929 4146 1256 4212 libertatem,
1285 4163 1448 4216 quam
1477 4163 1545 4203 ex
1577 4164 1634 4204 se
1658 4149 1770 4219 ipsa
1797 4166 1901 4203 non
1932 4150 2111 4214 habet,

2230 4152 2425 4204 σπότου
2460 4151 2819 4221 καθέστηκεν,
2854 4150 3196 4221 ἐλευθερίαν,
3238 4149 3304 4219 ἣν
3337 4149 3428 4216 ἀφ’
3469 4145 3664 4214 ἑαυτῆς
3724 4147 3810 4219 μὴ

549 4257 722 4314 neque
761 4240 973 4296 sibimet
1034 4239 1169 4308 ipsa,
1222 4255 1322 4294 nec
1364 4240 1486 4295 aliis
1519 4241 1760 4310 praebere
1797 4250 2006 4310 potest;
2043 4241 2111 4295 ait

2227 4241 2508 4311 κέκτηται,
2538 4239 2662 4292 οὒτε
2686 4241 2848 4310 ἑαυτῇ
2871 4240 2980 4292 οὒτ’
3006 4239 3183 4301 ἄλλοις
3213 4236 3471 4308 παρέχειν
3496 4234 3810 4305 δυναμένη.

548 4336 690 4392 ειιίιη
723 4331 1046 4403 pr0phetia:
1089 4350 1106 4382 ι
1143 4330 1334 4387 Omnia
1372 4332 1486 4403 (54)
1522 4332 1767 4387 serviunt
1820 4332 1936 4388 tibi.
1976 4350 1995 4384 ι
2050 4332 2111 4386 At

2221 4334 2359 4402 Φησὶ
2405 4334 2512 4404 γὰρ
2558 4334 2591 4402 ὴ
2659 4333 2993 4403 προφητείαο
3053 4351 3070 4383 ‹
3131 4331 3212 4384 Τὰ
3265 4330 3585 4399 σύμπαντα,
3627 4324 3813 4382 δοῦλα

549 4552 814 4624 plutensis
843 4552 1046 4624 editio:
1107 4552 1167 4606 Ὀ
1198 4552 1739 4624 συμπεριφερόμενος
1788 4554 1989 4621 σοφοῖς,
2029 4569 2111 4606 σο·

2224 4561 2304 4606 εει
2330 4552 2484 4624 citari
2512 4569 2539 4605 a
2570 4553 2793 4624 Didyme
2821 4562 2979 4624 caput
3005 4552 3290 4624 septiuutm
3313 4549 3444 4624 libri
3472 4548 3809 4624 sapientiae,

547 4618 893 4694 φισθήσεται,
923 4623 974 4694 id
997 4635 1099 4686 est,
1134 4641 1152 4674 ι
1182 4618 1674 4694 qui-circumfertur
1700 4639 1819 4676 cum
1852 4618 2111 4694 sapienti-

2222 4625 2323 4694 ubi
2343 4623 2536 4691 legitur
2561 4618 2700 4677 vers.
2720 4623 2804 4694 18
2844 4618 2991 4694 ει20
3017 4621 3238 4694 ενΑὑτὸς
3260 4621 3367 4694 γάρ
3405 4637 3493 4690 μοι
3517 4618 3805 4694 ἔδωκεν.)ῒ

551 4691 669 4759 bus,
695 4691 909 4763 sapiens
946 4693 1056 4748 (iet.
1106 4712 1125 4745 ι
1170 4693 1643 4763 Fraucolurtensis
1686 4707 1813 4745 vero
1855 4693 2020 4763 habet
2058 4701 2111 4746 ut

2221 4693 2486 4750 εἰδέναι...
2522 4692 2846 4763 πνευμάτων
2871 4692 3012 4761 βίας,
3043 4693 3246 4763 idest:
3290 4711 3307 4742 ι
3345 4691 3462 4757 Ipse
3484 4693 3623 4744 enim
3653 4691 3810 4745 mihi

551 4761 830 4836 Didymus,
858 4765 960 4818 nisi
994 4764 1134 4836 quod
1168 4780 1295 4831 pro,
1321 4762 1533 4836 Ean,”
1560 4771 1642 4817 est
1674 4779 1698 4836 ι
1724 4763 1870 4836 eris,
1907 4780 1926 4813 ι
1956 4762 2116 4836 habet
2222 4764 2432 4836 dedit...
2454 4761 3312 4836 scire..._spirituuuLvioleutias.
3344 4780 3362 4811 ι

549 4819 734 4899 ἔσται,
768 4819 829 4887 id,
851 4843 933 4887 est
975 4819 1181 4888 ιέτίι.’
1207 4852 1226 4885 ι
1273 4819 1342 4886 At
1389 4819 1642 4902 Didymus
1686 4833 1739 4886 in
1785 4819 1922 4888 libro
1952 4835 2113 4888 etiam

550 4905 629 4958 De
667 4904 806 4971 Spir.
836 4903 920 4969 8.,
954 4919 1102 4956 num.
1131 4902 1225 4967 2|,
1253 4904 1398 4972 legit,
1429 4907 1690 4972 rsapiens
1711 4903 1841 4956 eris.
1870 4921 1891 4953 ι

625 4970 735 5046 (46)
778 4974 900 5046 Non
939 4988 1100 5042 usque
1147 4973 1202 5026 in
1244 4970 1421 5046 ﬁnem.
1454 4970 1862 5046 ξκ-Ρειιιηειι,
1893 4987 2038 5046 vers.
2082 4971 2116 5027 9

551 5058 605 5098 et
632 5037 728 5100 '10:
769 5045 952 5099 Codex
996 5037 1253 5099 mendose
1293 5043 1402 5096 οὐδ’
1439 5037 1510 5097 εἷ.
1544 5043 1804 5112 Emendo,
1847 5037 1919 5098 ac
1967 5043 2120 5114 lego,

550 5117 1561 5257 amiggihtxtdSalomonem._iniibro
1598 5183 1760 5238 etiam
1789 5183 1868 5237 De
1896 5182 2035 5254 Spir.
2061 5181 2118 5238 S.

554 5253 833 5317 nuin.’54,
867 5254 1138 5306 Salomoni
1171 5253 1358 5323 tribuit
1393 5253 1670 5323 theologus
1705 5265 1885 5308 uoster
1921 5257 2118 5309 librum

556 5326 888 5394 Sapientite:
920 5324 1034 5394 haec
1063 5323 1206 5377 enim
1240 5322 1309 5376 ibi
1338 5322 1562 5390 legimus
1584 5322 1607 5378 ηε
1649 5343 1668 5375 ι
1708 5324 1926 5378 Necnon
1971 5325 2122 5379 Salo-

555 5393 680 5464 mon
709 5396 848 5450 inter
881 5393 1046 5447 multa
1085 5393 1184 5464 hoc
1211 5408 1422 5464 quoque
1449 5409 1642 5448 munus
1682 5409 1712 5448 a
1756 5395 1866 5447 Deo
1891 5397 2120 5464 accepit,

558 5463 744 5536 [codex
785 5475 977 5518 nostra:
1030 5462 1346 5536 bibliotheca:
1394 5476 1412 5514 :

2293 4833 2406 4903 (48)
2444 4832 2648 4887 Parcis.
2681 4833 2916 4903 SaanI,
2943 4832 3033 4885 9.7.

2294 4901 2406 4973 (49)
2449 4903 2654 4956 Dictum
2682 4913 2778 4973 est.
2810 4902 2990 4968 Segni.
3024 4901 3089 4973 ϐβ
3112 4918 3172 4973 λα).

2327 4970 2410 5042 ι30⁷)
2449 4974 2640 5040 Opera.
2689 4971 3014 5027 Locutioues
3047 4970 3263 5025 Biblicze
3291 4971 3578 5040 unicuique
3625 4982 3804 5028 notas.

2323 5041 2409 5111 Si)
2451 5045 2602 5100 Cum.
2640 5041 2747 5096 Tit.
2773 5058 2856 5108 ιιι,
2887 5042 2941 5098 4.

2301 5110 2413 5184 (52)
2464 5113 2702 5184 Amator.
2758 5111 2889 5180 Sap.
2937 5128 2976 5177 1,
3126 5110 3509 5184 Grtecaedilio
3549 5125 3680 5180 pro,
3714 5112 3810 5166 δε-

2227 5181 2402 5248 καιον,
2430 5184 2616 5254 habet,
2651 5182 2988 5254 βλάσφημον,
3029 5183 3079 5236 id
3120 5192 3202 5236 est
3229 5199 3247 5232 ι
3299 5181 3718 5254 blasphemum:
3774 5201 3804 5239 ι

2224 5255 2515 5333 quomodo
2544 5251 2672 5324 legit
2706 5255 2823 5324 ipse
2850 5251 3105 5333 Didymus
3133 5266 3302 5333 segtn.
3330 5251 3440 5333 158
3470 5251 3519 5304 ὁ.

2297 5327 2410 5397 (55)
2459 5321 2669 5397 Nomen
2717 5321 2965 5397 sumeref
3014 5321 3274 5397 Nimirum
3328 5321 3467 5376 Deus
3523 5335 3806 5397 nusquam

2227 5392 2570 5466 φιλάγγελος,
2625 5393 2854 5466 exempli
2893 5407 3052 5466 causa
3080 5433 3094 5459 ,
3144 5395 3196 5446 id
3243 5401 3351 5457 est,
3400 5409 3418 5442 ι
3471 5392 3800 5466 angelorum

1495 5464 1712 5519 Necnon
1755 5474 1808 5520 et
1869 5459 2122 5518 Salomon
2228 5459 2437 5520 amator
2468 5484 2487 5516 ι
2542 5459 2716 5520 dictus
2755 5459 2878 5528 fuit,
2917 5465 3058 5518 sicut
3101 5471 3320 5516 vocatus
3352 5459 3811 5532 eSlAQlXé'JJUXOC,

559 5530 699 5589 ῖιιιει·
733 5536 930 5588 multas
961 5534 1184 5603 gratias,
1227 5536 1325 5586 hoc
1369 5548 1584 5602 quoque
1619 5551 1647 5587 a
1677 5535 1902 5589 Domino
1932 5551 2111 5590 munus

2229 5538 2414 5601 idest,
2463 5552 2481 5585 ι
2514 5546 2722 5588 amator
2761 5538 3088 5599 animarum,
3130 5551 3148 5584 ι
3197 5541 3251 5588 et
3282 5530 3702 5602 φιλάνθρωπος,
3740 5534 3809 5589 id

562 5607 768 5674 accepit
790 5604 835 5676 ].
880 5615 938 5658 ut
964 5605 1126 5676 sciret
1149 5604 1434 5657 violentias
1463 5605 1774 5674 Spirituum,
1799 5623 1818 5656 ι
1845 5622 1947 5660 non
1972 5607 2114 5660 aliud

564 5694 622 5730 se
654 5677 704 5727 iu
738 5674 838 5729 hoc
879 5674 1154 5740 accepisse
1187 5675 1586 5742 demonstrans,
1612 5692 1770 5744 quam
1807 5679 1944 5731 scire
1967 5679 2113 5745 rapi-

564 5750 660 5800 dos
684 5756 960 5800 ventorqu
993 5745 1166 5799 llatus.
1200 5763 1219 5794 ι
1259 5745 1462 5809 Quibus
1495 5747 1546 5798 in
1571 5748 1744 5800 verbis
1771 5749 2106 5817 perSpicuum

2225 5617 2307 5662 est
2341 5626 2359 5658 ι
2388 5616 2596 5660 amator
2621 5605 2918 5659 hominum.
2945 5622 2964 5656 ι

2291 5678 2402 5746 (54)
2447 5676 2655 5732 Omnia.
2689 5675 2827 5730 Psal.
2855 5690 3038 5737 cxvni,
3071 5687 3209 5729 vers.
3235 5672 3322 5727 9t.
