4104 6408
321 327 432 387 537

1381 338 1470 394 DE
1510 340 1887 397 TRINITATE
1926 344 2127 400 LIBER
2166 345 2551 404 SECUNDUS.

3476 358 3583 415 558

326 447 417 500 σά.
461 466 479 499 ι
509 446 584 500 Τὸ
619 448 678 503 δὲ
704 450 862 520 ἅγιον
907 453 1135 526 Πνεῦμα
1167 458 1451 529 μονονουχὶ
1483 460 1670 515 δοῦλον
1705 463 1766 515 οὑ
1803 462 1900 532 γέ-

2006 482 2130 521 vero
2168 465 2407 537 Spiritus
2447 474 2669 523 sanctus
2701 485 2805 527 non
2834 471 2994 529 modo
3033 471 3230 528 dicitur
3255 473 3309 528 in
3341 452 3592 544 Scriptu-i

321 555 593 610 γραπται,
614 540 752 596 ἀλλὰ
775 544 870 597 κα)⁵
893 545 969 609 ὡς
997 547 1278 620 Δεσπότης
1306 550 1400 604 καὶ
1420 551 1580 620 φύσει
1597 552 1902 624 ἐλεύθερος,

321 626 455 682 ἕνθα
505 630 630 683 ἐστὶ
663 633 757 685 καὶ
798 629 880 698 οἷς
913 637 1207 710 ἐπιφοιτᾷ,
1254 638 1604 712 ἐλευθερίαν,
1652 643 1720 713 ἣν
1768 644 1901 715 ἔχει,

322 721 577 792 παρέχει.
615 724 696 777 Τὰ
720 725 833 798 γὰρ
877 729 1160 799 ποιήματα
1211 730 1347 801 μόνα
1391 732 1470 803 τῷ
1511 734 1611 803 τῆς
1659 735 1904 800 δουλείας

321 813 596 881 ὑπάγεται
636 815 786 888 ζυγῷ
809 836 823 850 ⁸
854 819 916 872 τὸ
947 820 1003 873 δὲ
1038 822 1112 891 μὴ
1146 821 1333 876 δοῦλον
1354 862 1369 887 ,
1400 824 1521 877 οὑδὲ
1554 826 1797 897 ποίημα’
1843 828 1903 881 τὸ

318 906 376 958 δὲ
408 906 483 977 μὴ
510 908 744 980 ποίημα,
774 911 934 979 φύσει
960 913 1092 978 Θεός
1112 931 1125 944 ·
1158 933 1176 966 ί
1209 915 1362 969 οὐδὲν
1396 934 1414 968 ι
1446 917 1555 988 γὰρ
1586 936 1604 969 ι
1631 918 1693 971 τὸ
1716 919 1902 975 δοῦλον

323 998 462 1068 πρὸς
488 1000 549 1053 τὸ
584 1000 662 1072 μὴ
693 1002 880 1057 δοῦλον
907 1006 1083 1073 γένος,
1117 1025 1136 1059 ι
1171 1009 1265 1062 καὶ
1292 1011 1340 1062 οἱ
1368 1009 1472 1075 ἔξω
1493 1010 1718 1079 ἔφασαν.
1746 1013 1903 1085 Μάρ-

324 1105 423 1153 τυς
451 1091 506 1144 δὲ
530 1093 734 1147 τούτων
764 1097 954 1159 πιστὸς
982 1099 1011 1150 ὁ
1057 1100 1397 1168 Ἀπόστολος,
1430 1102 1659 1173 γράφων
1708 1104 1903 1174 Κορινα

329 1181 467 1246 θίοις
499 1184 596 1253 μὲν
624 1187 683 1238 ἐν
713 1190 777 1258 τῇ
807 1187 1035 1262 δευτέρᾳ
1076 1192 1363 1265 Ἐπιστολῇ
1391 1211 1407 1225 ⁸
1439 1214 1459 1246 t
1504 1196 1561 1249 Ὀ
1591 1196 1649 1249 δὲ
1702 1195 1903 1267 Κύριος

329 1273 391 1325 τὸ
426 1274 648 1346 Πνεῦμά
695 1278 880 1331 ἐστιν·
916 1273 976 1332 οὗ
1022 1281 1079 1334 δὲ
1125 1282 1185 1335 τὸ
1237 1283 1461 1354 Πνεῦμα
1504 1284 1746 1357 Κυρίου,
1788 1288 1906 1340 ἐκεῖ

327 1364 640 1437 ἐλευθερία·
687 1388 707 1421 ›
746 1372 997 1443 Τιμοθέῳ
1033 1374 1090 1426 δέ
1114 1391 1127 1405 ’
1173 1393 1192 1426 ι
1227 1376 1302 1428 Οὑ
1334 1376 1445 1448 γὰρ
1477 1376 1678 1430 ἔδωκεν
1712 1379 1842 1449 ἡμῖν
1874 1379 1903 1432 ὁ

322 1456 455 1521 Θεὸς
486 1460 707 1530 πνεῦμα
739 1461 1001 1527 δουλείας,
1036 1464 1171 1519 ἀλλὰ
1208 1466 1433 1537 Πνεῦμα
1473 1467 1777 1539 δυνάμεως,
1809 1470 1904 1523 καὶ

320 1549 584 1618 ἀγάπης,
622 1552 717 1604 καὶ
757 1555 1167 1625 σωφρονισμοῦ·
1211 1575 1231 1608 ι
1298 1557 1591 1629 Ῥωμαίοις
1628 1559 1720 1611 δέ·
1760 1578 1779 1609 ι
1826 1559 1900 1612 Οὑ

318 1640 430 1713 γὰρ
468 1642 693 1695 ἐλάϐετε
736 1644 954 1716 πνεῦμα
981 1647 1224 1711 δουλείας
1254 1648 1417 1702 πάλιν
1445 1651 1526 1712 εἰς
1553 1650 1736 1718 φόϐον,
1766 1650 1903 1703 ἀλλὰ

316 1733 546 1804 πνεῦμα
580 1734 873 1799 υἱοθεσίας,
912 1739 969 1791 ἐν
1005 1732 1049 1807 ᾧ
1092 1739 1401 1811 κράζομεν·
1434 1740 1539 1812 [75
1571 1742 1640 1814 ιι]
1708 1742 1896 1807 Ἀϐϐά,

2008 557 2086 610 ris
2117 571 2325 623 servus,
2346 560 2438 614 sed
2472 560 2633 614 etiam
2658 570 2719 616 ut
2741 563 3021 629 Dominus,
3040 573 3093 620 et
3112 573 3302 618 natura
3322 564 3477 631 liber,
3506 566 3580 621 ibi

2007 647 2356 712 describitur,
2390 660 2442 703 et
2486 651 2572 716 iis,
2613 666 2748 719 quos
2778 653 3009 709 adventu
3054 669 3154 709 suo
3199 654 3477 725 dignatur,
3526 656 3586 710 li-

2004 737 2290 804 bertatem,
2321 754 2480 809 quam
2518 740 2700 808 habet,
2740 743 3068 812 impertitur.
3119 742 3251 796 Nam
3283 745 3408 799 sola:
3437 760 3585 800 crea-

2006 838 2139 884 turae
2169 831 2447 885 servitutis
2484 832 2613 902 jugo
2666 834 2989 889 subduntur.
3048 835 3202 901 Quod
3246 847 3424 891 autem
3472 852 3578 892 non

2004 929 2087 975 est
2114 934 2352 984 servum,
2385 937 2453 976 ne
2512 934 2763 979 creatura
2799 926 3015 995 quidem
3056 936 3139 981 est
3188 941 3203 980 :
3259 928 3401 997 quod
3454 943 3583 984 vero

2007 1026 2112 1066 non
2144 1021 2228 1067 est
2264 1024 2532 1081 creatum,
2572 1026 2763 1070 natura
2824 1018 2965 1071 Deus
3003 1028 3087 1072 est
3130 1036 3145 1073 :
3180 1020 3376 1073 etenim
3412 1039 3431 1072 ι
3464 1036 3581 1076 ser-

2004 1119 2130 1158 vum
2172 1120 2341 1173 genus
2376 1106 2490 1176 (55)
2520 1106 2655 1161 nihil
2693 1108 2761 1161 ad
2800 1124 2919 1163 eum
2958 1110 3050 1179 qui
3078 1126 3269 1165 servus
3296 1127 3398 1165 non
3429 1114 3518 1177 sit,
3556 1130 3573 1163 ι

2005 1207 2065 1251 ιιι
2092 1196 2300 1266 profani
2330 1214 2541 1267 quoque
2566 1200 2838 1255 dixerunt.
2886 1200 3054 1271 Hujus
3081 1204 3154 1256 rei
3182 1205 3335 1259 testis
3360 1213 3442 1258 est
3476 1203 3581 1258 ﬁde

2004 1288 2200 1356 dignus
2228 1290 2517 1359 Apostolus
2550 1292 2792 1348 scribens
2823 1293 3117 1350 Corinthiis
3154 1297 3370 1365 quidem
3405 1297 3458 1351 in
3491 1312 3576 1351 se-

2005 1380 2179 1434 cunda
2218 1380 2455 1450 Epistola
2504 1399 2517 1435 :
2562 1401 2581 1434 ι
2634 1384 2887 1449 Dominus
2943 1387 3054 1459 (56)
3109 1397 3287 1442 autem
3344 1387 3579 1457 Spiritus

2005 1479 2088 1524 est
2127 1486 2142 1524 :
2203 1473 2292 1526 ubi
2342 1482 2521 1527 autem
2582 1474 2816 1542 Spiritus
2853 1476 3085 1539 Domini,
3142 1480 3211 1533 ibi
3251 1479 3507 1545 libertas,
3552 1497 3574 1531 ι

2004 1559 2288 1616 Timotheo
2347 1573 2574 1618 autem:
2636 1582 2655 1616 ι
2696 1565 2813 1621 Non
2854 1570 2999 1622 enim
3046 1570 3159 1639 (57)
3224 1570 3367 1625 dedit
3423 1569 3581 1625 nobis

2006 1651 2148 1707 Deus
2189 1653 2437 1721 spiritum
2469 1656 2744 1711 servitutis
2771 1657 2905 1728 (58),
2938 1659 3034 1714 sed
3089 1661 3338 1730 spiritum
3368 1662 3581 1717 fortitu-

2007 1741 2171 1809 dinis,
2220 1753 2275 1798 et
2314 1745 2635 1811 dilectionis,
2689 1756 2743 1801 et
2789 1750 3212 1819 emendationis;
3260 1771 3281 1805 ι
3321 1753 3583 1810 Romanis

317 1827 348 1877 ὁ
374 1826 531 1896 Πατή
544 1843 593 1895 ρ.
632 1828 793 1881 Ὥστε
825 1829 924 1881 οὑκ
952 1828 1031 1883 ἔτι
1049 1827 1101 1884 εἴ
1128 1831 1330 1895 δοῦλος,
1358 1832 1491 1885 ἀλλὰ
1525 1833 1692 1896 υἱός.»
1716 1833 1904 1887 mea-

2008 1849 2136 1889 vero
2172 1851 2186 1888 :
2233 1854 2251 1886 ‹
2291 1834 2399 1892 Nec
2427 1836 2568 1891 enim
2600 1837 2713 1911 (59)
2751 1841 3037 1907 accepistis
3080 1844 3325 1913 spiritum
3348 1846 3579 1901 servitu-

320 1932 429 1985 περ
460 1913 556 1969 οὖν
580 1916 1034 1991 ἠλευθερώθημεν
1060 1921 1212 1993 παρὰ
1235 1922 1329 1975 τοῦ
1355 1922 1508 1990 Υίοῦ,
1534 1922 1895 1988 ἀκούσαντες·

324 2024 343 2056 ι
378 2006 495 2060 Οὐκ
534 2006 612 2060 ἔτι
658 2004 709 2061 εἶ
736 2009 952 2075 δοῦλος.
987 2013 1101 2066 ἀλλ’
1148 2014 1465 2087 ἐλεύθερος·
1509 2034 1528 2067 ι
1566 2016 1691 2082 καὶ,
1745 2036 1764 2068 ι
1817 2019 1897 2089 Τῇ

319 2095 611 2168 ἐλευθερίᾳ
701 2100 729 2151 ὁ
777 2101 905 2165 Υἱὸς
935 2102 1079 2173 ὑμᾶς
1110 2104 1514 2177 ὴλευθέρωσεψ
1558 2126 1578 2158 ›
1624 2106 1767 2161 οὕτω
1809 2108 1898 2162 διὰ

319 2187 381 2239 τὸ
412 2192 609 2242 ταυτὸν
646 2192 740 2262 τῆς
774 2194 960 2257 οὐσίας
988 2196 1083 2248 καὶ
1109 2198 1445 2263 δεσποτείας,
1477 2199 1582 2252 ὑπὸ
1610 2199 1703 2252 τοῦ
1738 2199 1903 2253 Πνεῦ-

322 2296 498 2349 ματος
530 2281 990 2355 ὲλευθερούμεθα,
1021 2287 1109 2341 διὰ
1152 2288 1246 2342 τοῦ
1294 2291 1757 2365 μνημονευθέντος
1804 2295 1903 2365 ῥή-

320 2386 530 2440 ματος·
572 2391 591 2424 t
630 2368 704 2425 Οῦ
757 2374 813 2428 δὲ
851 2376 913 2429 τὸ
954 2377 1177 2448 Πνεῦμα
1238 2364 1479 2451 Κυρίου,
1528 2383 1645 2435 ἐκεῖ
1684 2364 1900 2436 ἐλευθε-

320 2462 442 2531 ρία.
485 2482 505 2515 ι

318 2555 499 2621 nium,
532 2555 684 2611 liberi
728 2557 1013 2627 efﬁcimur,
1058 2570 1119 2618 ut
1187 2563 1481 2619 ostendunt
1545 2577 1967 2623 commemorata

320 2660 425 2705 L18.
464 2667 486 2703 ι

392 2750 498 2803 IA’.
545 2750 612 2804 Ἦ
644 2751 838 2817 κτίσις,
866 2754 901 2825 ἦ
932 2772 991 2807 τε
1021 2754 1183 2826 νοερὰ
1207 2756 1299 2810 καὶ
1330 2756 1586 2829 αἰσθητὴ,
1615 2757 1901 2830 ὑπουργεῖ,

317 2840 424 2893 οὑκ
472 2842 751 2896 ἐπιτάττει
792 2846 885 2914 ἀφ’
935 2846 1153 2916 ἑαυτῆς,
1194 2848 1269 2911 ὠς
1327 2847 1454 2918 περὶ
1503 2848 1611 2902 τῶν
1656 2849 1904 2917 ἀγγέλων

316 2933 473 3002 λέγει
492 2951 507 2965 ’
553 2954 570 2985 ι
604 2938 828 2989 Δυνατοὶ
856 2939 1019 3009 ἰσχύϊ,
1056 2938 1338 3005 ποιοῦντες
1371 2942 1462 2995 τὸν
1490 2941 1646 3010 λόγον
1676 2941 1897 2995 αὑτοῦ.»

318 3028 393 3081 Τὸ
435 3028 493 3081 δὲ
550 3028 701 3096 ἅγιον
728 3030 952 3102 Πνεῦμα
1000 3032 1095 3086 τοῦ
1140 3034 1273 3086 Θεοῦ
1327 3034 1663 3102 αὑθενιῖικῶς⁴
1691 3038 1903 3107 προφή-

314 3139 439 3184 ταις
482 3124 580 3174 xci".
628 3123 943 3187 ἀποστόλοις
973 3125 1320 3196 προστάττει,
1363 3126 1438 3190 ὡς
1470 3127 1603 3191 Θεὸς
1668 3128 1764 3181 καὶ
1801 3129 1900 3181 Δε-

320 3215 566 3284 σπότης,
618 3215 760 3269 καθὰ
786 3218 843 3268 ὲν
875 3219 988 3280 τοῖς
1016 3218 1393 3290 ὑποκειμένοις
1413 3219 1727 3288 κεφαλαίοις
1770 3220 1904 3274 ἀπο-

320 3304 583 3377 δειχθείη.

396 3398 499 3456 IB'.
538 3398 604 3452 'H
647 3398 822 3465 κτίσις
882 3399 1270 3473 ἐνδυναμοῦται
1300 3402 1403 3456 ὑπὸ
1444 3404 1545 3475 τῆς
1595 3401 1905 3467 παναλκοῦς

331 3491 430 3543 καί
452 3492 795 3564 πανδυνάμου
826 3492 1014 3564 θεῖκῆς
1044 3494 1250 3565 ίσχὺος,
1281 3496 1382 3549 οὑκ
1415 3497 1700 3567 ὲνδυναμοῖ
1727 3496 1783 3549 δὲ
1803 3496 1904 3549 αὑ-

330 3582 424 3651 τή.
450 3581 558 3650 Τὴν
586 3584 692 3655 γὰρ
728 3585 866 3657 αὑτῇ
907 3585 1232 3656 διαρκοῦσαν
1281 3588 1498 3654 ἐδέξατο
1522 3588 1770 3658 δύναμιν,
1809 3587 1903 3640 καὶ

333 3674 668 3744 μεταδιδόναι
723 3680 836 3741 τοῖς
895 3677 1199 3741 συνδούλοις
1244 3680 1305 3732 οὑ
1368 3680 1562 3733 σθένει.
1612 3680 1686 3732 Τὸ
1730 3679 1786 3731 δέ
1839 3696 1904 3747 γε

326 3765 555 3837 Πνεῦμα
594 3768 687 3821 τοῦ
736 3767 895 3833 Θεοῦ,
954 3771 1020 3840 τῇ
1071 3768 1299 3840 γονίμῳ,
1349 3771 1445 3823 καὶ
1486 3770 1773 3840 θρεπτικῇ,
1810 3770 1906 3823 καὶ

320 3859 666 3930 ἀνεκλείπτῳ
700 3860 867 3914 αὐτοῦ
909 3860 1050 3930 ἰσχύϊ
1089 3861 1392 3931 ὲνδυναμοῖ,
1441 3862 1627 3932 ἐπειδὴ
1658 3862 1903 3933 κτίστης,

322 3953 421 4005 καὶ
447 3952 513 4004 οὒ
546 3952 752 4024 κτίσμα
777 3954 1054 4024 τυγχάνει.
1097 3953 1156 4005 '0
1182 3952 1291 4022 γάρ
1320 3954 1510 4024 Σωτὴρ
1532 3954 1589 4005 ὲν
1617 3955 1736 4016 ταῖς
1766 3953 1909 4024 Πρά-

324 4041 441 4107 ξεσι
476 4043 671 4114 φησίν·
716 4064 734 4096 ι
785 4045 971 4115 Ὑμεῖς
1005 4047 1062 4100 δὲ
1094 4045 1326 4117 λήψεσθε
1357 4044 1617 4116 δύναμιν,
1653 4044 1908 4098 ἐπελθόν-

323 4154 417 4200 τος
451 4137 548 4189 τοῦ
588 4139 743 4207 ἁγίου
788 4140 1102 4211 Πνεῦματος
1147 4142 1231 4210 ἐφ’
1270 4141 1438 4212 ὑμᾶς’
1475 4159 1495 4192 ι
1532 4139 1608 4202 ὡς
1651 4138 1770 4210 δίχα
1807 4140 1908 4211 τῆς

324 4229 497 4282 αὐτοῦ
544 4231 973 4302 ὲπιςιοιτήσεως,
1012 4233 1268 4304 οὐδεμιᾶς
1309 4234 1440 4303 ἡμῖν
1491 4231 1626 4302 πρὸς
1655 4230 1747 4283 τὸν
1775 4228 1907 4282 Θεὸν

324 4321 645 4393 δυνάμεως,
685 4324 717 4395 ἥ
758 4325 969 4388 ἐλπίδος
1015 4326 1383 4396 ὑπαρχούσης.
1432 4322 1805 4393 Κατανοητέον
1850 4321 1907 4374 δὲ

327 4414 468 4483 πρὸς
521 4414 715 4485 τούτῳ,
770 4414 828 4467 ἓν
856 4416 974 4487 μὲν,
1009 4416 1089 4468 ὅτι
1145 4416 1241 4486 τὴν
1271 4414 1573 4487 παρουσίαν
1608 4412 1698 4466 τοῦ
1749 4411 1904 4480 ἁγίου

2005 1925 2073 1980 tis
2110 1925 2309 1981 iterum
2345 1927 2400 1982 in
2438 1930 2666 1994 timore,
2716 1929 2809 1984 sed
2864 1932 3111 2001 spiritum
3166 1934 3491 2003 adoptionis,
3526 1936 3577 1989 iu

2006 2032 2113 2086 quo
2154 2017 2476 2083 clamamus,
2500 2021 2671 2087 Abba,
2705 2022 2886 2077 Pater.
2922 2024 3103 2093 Itaque
3144 2024 3254 2096 (60)
3281 2026 3390 2096 jam
3422 2026 3580 2097 167

2002 2124 2109 2164 non
2152 2124 2212 2166 es
2266 2128 2480 2177 servus,
2532 2116 2625 2168 sed
2672 2114 2831 2169 ﬁlius.
2872 2135 2891 2167 ι
2942 2116 3095 2171 Sicut
3151 2132 3279 2186 ergo
3333 2117 3584 2179 liberavit

2002 2218 2103 2258 nos
2142 2202 2331 2271 Filius,
2384 2221 2507 2259 cum
2546 2207 2748 2261 dictum
2792 2208 2949 2263 nobis
2982 2210 3093 2263 sit:
3143 2227 3161 2260 ι
3209 2207 3327 2262 Jam
3384 2224 3490 2262 non
3524 2224 3583 2264 es

2003 2306 2214 2361 servus,
2248 2296 2341 2349 sed
2373 2295 2508 2349 liber
2541 2312 2557 2362 ;
2600 2314 2619 2347 ι
2688 2307 2743 2351 et
2783 2314 2796 2350 :
2844 2315 2863 2346 ι
2900 2296 3174 2351 Libertate
3198 2296 3333 2369 (61),
3356 2313 3459 2367 qua
3488 2296 3583 2351 Fi-

2005 2385 2109 2441 lius
2148 2403 2245 2442 vos
2276 2388 2547 2454 liberavit,
2584 2408 2604 2443 ι
2648 2390 2720 2443 ita
2753 2389 2913 2443 etiam
2944 2406 2972 2442 a
3012 2388 3241 2460 Spiritu,
3270 2393 3413 2460 quod
3441 2406 3585 2445 eam-

2009 2478 2129 2532 dem
2172 2494 2291 2531 cum
2337 2479 2474 2533 Filio
2510 2478 2805 2533 essentiam
2858 2479 3071 2545 habeat,
3112 2480 3359 2549 idemque
3409 2480 3584 2534 domi-

2010 2571 2217 2627 verba:
2268 2591 2287 2624 ι
2320 2572 2423 2628 Ubi
2479 2584 2659 2629 autem
2711 2574 2946 2644 Spiritus
3000 2575 3234 2640 Domini,
3289 2576 3363 2630 ibi
3413 2575 3580 2631 liber-

2076 2757 2168 2815 ΧΙ.
2225 2757 2484 2814 Creatura
2539 2774 2661 2814 cum
2726 2757 3098 2828 intelligihilis,
3158 2767 3268 2811 tum
3308 2757 3582 2812 sensibilis

2008 2850 2299 2915 ministrat,
2361 2866 2468 2905 non
2521 2851 2764 2920 praecipit
2801 2866 2865 2905 ex
2906 2852 3124 2920 seipsa;
3179 2850 3321 2903 sicut
3371 2849 3437 2903 de
3480 2862 3583 2902 an-

2006 2943 2141 3012 gelis
2170 2951 2393 2998 testatur
2423 2944 2706 3014 Scriptura
2750 2962 2763 2999 :
2813 2962 2832 2995 ‹
2877 2943 3134 2998 Potentes
3192 2941 3302 3013 (62)
3354 2942 3580 3001 virtute.

2011 3034 2268 3089 facientes
2298 3036 2522 3091 verbum
2567 3035 2731 3091 illius.
2759 3054 2777 3089 ι
2821 3035 2890 3089 At
2942 3035 3178 3102 Spiritus
3223 3041 3445 3089 sanctus
3484 3032 3582 3085 Dei

2004 3140 2098 3179 sua
2131 3127 2301 3195 ipsius
2336 3129 2662 3182 auctoritate
2693 3127 2994 3197 prophetis,
3025 3136 3080 3181 et
3105 3125 3364 3195 apostolis
3390 3124 3583 3196 ρετιιοὶ-

2005 3217 2083 3285 pit
2118 3226 2173 3270 ut
2210 3217 2369 3280 Deus,
2403 3229 2455 3273 et
2493 3218 2773 3285 Dominus,
2834 3218 2976 3273 sicut
3009 3219 3063 3273 in
3111 3218 3199 3281 iis,
3252 3232 3372 3286 qua:
3417 3215 3584 3285 subji-

2005 3308 2237 3371 cientur,
2269 3310 2519 3378 capitulis
2550 3311 2887 3364 ostendetur.

2073 3400 2192 3455 ΧΠ.
2220 3401 2479 3456 Creatura
2508 3416 2573 3457 ex
2602 3403 2955 3465 validissima,
2994 3412 3049 3457 et
3082 3401 3436 3469 omnipotenti
3467 3402 3582 3456 vir-

2004 3499 2120 3546 tute
2147 3490 2325 3545 divina
2353 3492 2459 3545 vim
2493 3505 2559 3545 ac
2609 3493 2773 3546 robur
2814 3492 3047 3560 accipit;
3078 3493 3168 3545 sed
3200 3493 3313 3560 ipsa
3360 3491 3470 3545 vim
3517 3506 3583 3547 ac

2005 3590 2174 3639 robur
2211 3598 2316 3637 non
2346 3584 2688 3652 impertitur;
2750 3592 2956 3637 tantam
3010 3585 3154 3637 enim
3201 3584 3409 3653 accepit
3450 3584 3580 3651 vim,

2005 3683 2204 3745 quanta
2237 3675 2336 3744 ipsi
2367 3672 2579 3737 sulIicit,
2625 3688 2851 3742 eamque
2879 3673 3152 3727 conservis
3179 3672 3585 3728 communicare

2006 3783 2115 3822 non
2145 3766 2308 3821 valet.
2338 3766 2409 3819 At
2452 3764 2687 3834 Spiritus
2728 3765 2819 3819 Dei
2870 3765 3095 3820 fecunda
3149 3778 3267 3827 sua,
3305 3771 3358 3817 et
3406 3763 3580 3816 nutri-

2006 3866 2184 3924 Cante,
2245 3867 2300 3912 et
2345 3856 2689 3910 intleﬁeiente
2750 3856 2951 3910 virtute
3027 3853 3379 3918 corroborat;
3456 3853 3581 3922 quia

2005 3958 2219 4005 creator
2243 3957 2327 4004 est
2370 3947 2506 4019 (65),
2563 3961 2670 4001 non
2716 3956 3003 4001 creatura:
3054 3945 3304 4000 Salvator
3336 3944 3479 4000 enim
3527 3943 3581 3999 in

2006 4043 2160 4100 Actis
2210 4043 2329 4096 ait-
2380 4059 2400 4093 ι
2434 4039 2541 4096 Vos
2569 4049 2749 4094 autem
2802 4038 2916 4111 (64)
2962 4037 3240 4108 accipietis
3303 4038 3580 4100 virtutem,

2007 4136 2422 4207 superveniente
2454 4134 2655 4205 Spiritu
2699 4144 2889 4190 sancto
2922 4133 2976 4189 in
3004 4148 3097 4187 vos
3123 4148 3138 4197 ;
3168 4151 3186 4184 ›
3221 4132 3362 4203 quod
3392 4142 3583 4199 nempe

2008 4231 2127 4285 sine
2162 4227 2278 4296 ejus
2309 4230 2538 4281 adventu
2573 4226 2684 4297 (65)
2721 4225 2866 4280 nulla
2896 4225 3049 4280 nobis
3076 4226 3141 4278 ad
3178 4225 3342 4278 Deum
3373 4222 3445 4277 sit
3476 4225 3578 4285 vis,

2010 4330 2103 4374 aut
2139 4334 2284 4388 spes.
2331 4315 2882 4372 Animadvertendum
2934 4330 3064 4369 vero
3111 4314 3273 4367 etiam
3322 4320 3423 4375 est,
3475 4307 3583 4363 duo

2012 4411 2115 4465 alia
2150 4410 2235 4464 his
2263 4408 2443 4463 verbis
2474 4408 2808 4477 signiﬁcari;
2845 4406 3019 4476 primo
3060 4405 3301 4474 quidem,
3344 4401 3581 4469 Spiritus

403 4594 518 4663 (55)
580 4594 793 4649 Servum
835 4613 1017 4665 genus.
1064 4596 1237 4652 Poeta:
1276 4596 1519 4673 alicujus
1568 4595 1894 4673 sententiam
1939 4621 1978 4673 ο
2009 4583 3581 4673 ὺιιςηυιῐιιιπιθοηῐιιινεεε.δῌίηλίςιιἮᾲίιιξηξῃείξεοᾱυηιηεέξρ

330 4680 455 4737 esse
496 4666 753 4720 existimo
792 4683 805 4719 :
852 4667 899 4719 si
940 4668 1082 4720 enim
1136 4665 1379 4723 voculam
1416 4666 1523 4737 γάρ
1572 4667 1901 4727 detraxeris,

332 4736 579 4802 reliquus
607 4738 712 4788 erit
743 4738 954 4790 iambus
989 4738 1087 4790 iste
1118 4738 1402 4790 senarius;

407 4805 603 4859 Οὐδὲν
632 4806 698 4858 τὸ
723 4805 945 4860 δοῦλον
975 4806 1120 4874 πρὸς
1144 4807 1211 4859 τὸ
1233 4806 1318 4875 μὴ
1356 4806 1579 4859 δοῦλον
1616 4806 1809 4874 γένος.

334 4874 409 4928 Ea
435 4890 567 4929 vero
612 4879 829 4941 locutio,
867 4877 1049 4930 δοῦλον
1071 4874 1246 4946 γένος,
1278 4877 1563 4944 Euripidea
1590 4887 1674 4929 est
1706 4895 1720 4929 :
1766 4886 1823 4928 ut
1851 4875 1904 4929 in

334 4946 427 4999 illo
458 4963 614 4999 Vn-rsu
643 4965 656 4999 :

412 5018 706 5084 Ἦλετχον
722 5032 737 5048 ο
764 5018 916 5071 οὕτω
940 5018 1051 5087 γὰρ
1076 5017 1266 5072 κακὸν
1290 5014 1514 5069 δοῦλον
1550 5014 1741 5085 γένος.

341 5084 406 5138 Et
430 5087 499 5158 in
523 5088 624 5158 hoc
652 5090 823 5141 altero
846 5084 1082 5151 eiusdem
1115 5103 1286 5158 poetic
1314 5105 1325 5139 :

336 5156 455 5209 Φεῦ
478 5156 500 5207 .'
521 5156 670 5210 Φεῦ]
697 5158 767 5212 Τὸ
792 5158 1017 5212 δοῦλον
1046 5154 1129 5224 ὡς(
1150 5155 1465 5225 ἅπανταχῆ
1494 5154 1754 5226 γένος-,δα
1781 5174 1829 5212 τ,
1854 5158 1905 5211 λ.

410 5227 526 5296 (56)
563 5227 833 5282 Dominus.
865 5230 901 5281 ΙΙ
931 5231 1053 5283 Cor.
1090 5246 1168 5293 III,
1200 5230 1282 5282 17.

409 5299 525 5366 (57)
572 5296 695 5351 Non
730 5301 888 5351 enim.
916 5299 955 5352 ll
993 5299 1131 5355 Tim.
1172 5315 1211 5358 l.
1242 5300 1290 5352 7.

410 5367 525 5437 (58)
572 5366 871 5439 servitutis.
899 5369 1080 5424 Graeca
1106 5371 1270 5424 editio
1294 5384 1411 5439 pro,
1435 5366 1695 5432 δουλείας,
1720 5367 1905 5435 habet,

336 5437 561 5503 δειλίας,
598 5438 647 5490 id
676 5451 759 5492 est
789 5441 1009 5492 timoris.

396 5508 525 5632 l(>59)
570 5507 680 5561 Nec
702 5511 861 5562 enim.
905 5508 1061 5565 Rom.
1107 5511 1347 5577 v1u,15,
1388 5529 1557 5584 usque
1592 5512 1656 5567 ad
1700 5525 1906 5577 vocem,

442 5592 577 5632 ater.
608 5599 628 5630 ι

341 5595 364 5631 ι
396 5592 577 5634 Pater.
608 5599 628 5630 ι

412 5648 521 5719 (60)
572 5649 777 5722 Itaque.
818 5648 1061 5722 Istahuc
1098 5650 1353 5722 translata
1391 5663 1516 5708 sunt
1546 5669 1613 5708 ex
1644 5652 1809 5722 Epist.
1841 5651 1907 5704 ad

346 5718 519 5791 Galat.
577 5737 661 5781 tv,
724 5721 779 5773 7.
829 5719 938 5773 Nisi
997 5721 1257 5787 suspicari
1329 5725 1575 5779 malimus
1624 5718 1906 5791 Didymum

345 5794 447 5845 duo
492 5790 646 5846 Pauli
720 5792 835 5843 loca
891 5793 1143 5857 dictasse,
1200 5792 1477 5848 librarium
1517 5810 1641 5850 vero
1674 5790 1738 5848 ex
1779 5792 1908 5847 duo-

2010 4662 2278 4730 conjicio:
2339 4660 2628 4730 Ῥωμαίοις
2665 4656 2764 4730 es;
2914 4654 3021 4724 γὰρ
3041 4652 3365 4730 suffire”:
3412 4653 3580 4730 ’Λᾷδὰ

2010 4722 2135 4799 (ani
2179 4732 2390 4791 ’A66i).
2435 4722 2697 4799 Marha:
2727 4722 3001 4799 Γελέιταιξ
3036 4723 3125 4799 (ξέν’
3153 4722 3581 4799 ,Ἐξιιπέστεξλεν

2007 4792 2036 4852 ὁ
2082 4800 2212 4865 Θεὸς
2259 4802 2317 4853 τὸ
2349 4799 2571 4869 Πνεῦμα
2750 4793 2878 4869 Υἱοῦ
2912 4793 3197 4869 αὑτοῦῌείς
3228 4792 3327 4869 τὰς
3353 4794 3583 4869 καρδίας

2009 4860 2207 4940 ὑμῶν(
2236 4871 2468 4934 κοάζον’
2497 4860 2714 4935 ”Α66ὰ,
2749 4868 2778 4919 ὁ
2816 4866 3027 4937 Πατήρ.
3069 4866 3226 4917 Ὥστε
3260 4864 3360 4916 οὑκ
3402 4860 3481 4917 ἔτι
3530 4860 3583 4917 εἶ

2006 4940 2209 4994 δοῦλος.
2238 4920 2353 4994 ἀλλ’
2382 4939 2516 4994 υίὸς.

2068 4944 2209 5004 ῦλος,
2238 4944 2353 4994 ἀλλ’
2382 4944 2516 5002 υίὸς.

2551 5007 2725 5082 Galat.
2761 5021 2811 5070 ν,
2850 5006 2903 5059 1.
2941 5005 3127 5061 Graeca
3166 5004 3331 5059 editio
3377 5020 3496 5074 pro,
3548 5006 3577 5057 ὁ

2013 5078 2374 5145 Υίός,Ἰιοι›οι,
2405 5078 2658 5150 Χριστός,

2086 5152 2196 5220 (62)
2244 5146 2502 5203 Potentes.
2537 5148 2678 5202 Psal.
2710 5164 2804 5215 cu,
2841 5163 2983 5220 vers.
3021 5146 3110 5220 20.

2084 5215 2195 5289 (65)
2236 5220 2453 5274 Greater
2484 5228 2579 5273 est.
2616 5219 2669 5272 lu
2709 5221 2844 5271 libro
2871 5219 3032 5271 etiam
3064 5219 3136 5270 De
3161 5215 3363 5280 Spiritu
3396 5224 3579 5289 sancto

2014 5287 2164 5347 nunt.
2189 5292 2278 5354 51,
2307 5290 2564 5365 Spiritum
2594 5299 2837 5365 sanctum
2864 5290 3172 5365 Creatorem
3195 5302 3318 5365 esse
3342 5287 3578 5365 probans

2014 5363 2167 5416 alfert
2199 5356 2396 5415 Christi
2435 5359 2597 5413 verba
2633 5360 2684 5411 in
2716 5359 2866 5413 Actis
2892 5376 2919 5411 ιι
2949 5360 3090 5412 Luca
3132 5357 3297 5410 relata
3330 5374 3343 5411 ε
3379 5373 3397 5406 ι
3418 5356 3579 5410 Acci-

2016 5432 2174 5503 pietis
2202 5433 2476 5503 virtutem,
2503 5449 2521 5479 ι
2559 5440 2662 5503 etc.

2085 5502 2197 5572 (64)
2251 5500 2347 5554 Vos
2384 5511 2577 5572 autem.
2629 5502 2751 5553 Act.
2785 5516 2838 5572 t._
2860 5498 2911 5554 8.
2954 5497 3123 5572 Biblja
3168 5511 3264 5564 pro
3309 5495 3465 5566 ὑμεῖς
3495 5493 3576 5572 δέ,

2017 5565 2212 5626 habent
2240 5572 2395 5624 ἀλλὰ.
2445 5569 2577 5624 Vide
2627 5580 2737 5625 not.
2780 5570 2867 5633 18,
2888 5585 3008 5640 pag.
3060 5568 3165 5633 50,
3217 5579 3272 5621 et
3311 5565 3464 5621 uetas
3510 5565 3578 5619 ad

2017 5658 2184 5695 seem.
2220 5642 2321 5695 115
2350 5661 2401 5692 a.
3182 5672 3185 5675 -

2013 5658 2184 5695 seszut.
2220 5644 2321 5695 115
2350 5661 2401 5692 a.
3182 5672 3185 5675 -

2220 5659 2482 5764 Ἆιῗυὲιξιυ.
2519 5710 2662 5764 Itane
2691 5719 3001 5779 loqueretur
3039 5710 3131 5778 qui
3154 5710 3217 5766 de
3238 5708 3429 5764 divina:
3452 5721 3579 5778 gra-

2017 5782 2102 5837 tia:
2142 5783 2462 5839 necessitate
2502 5797 2783 5852 perperam
2826 5782 3087 5837 sentiret?
