4104 6408
562 276 667 333 559
1799 280 1915 336 DlD
1925 280 2040 335 YMI
2079 278 2550 335 ALEXANDRINI
3698 274 3791 330 540

563 391 733 448 sancti
773 390 1062 446 adventurm
1092 405 1159 447 ex
1198 392 1412 462 propria
1471 393 1614 449 illius
1672 395 1993 450 auctoritate
2051 393 2137 448 l’a-

2258 394 2381 448 ἷΙνεύ
2390 412 2558 466 ματος
2580 395 2698 448 κατ’
2725 392 2973 460 ὲξουσιαν
2990 391 3244 463 σημαίνει
3269 387 3602 461 γεγενῆσθαυ
3627 390 3791 459 ἕτερον

563 496 711 539 ctum
747 499 902 550 esse;
931 483 1124 538 deinde
1174 500 1302 539 vero
1360 484 1619 556 Spiritum
1663 495 1936 552 sanctum,
1981 502 2141 542 suum

2258 491 2320 554 se,
2353 491 2435 544 ὅτι
2485 491 2584 544 οὐκ
2635 487 2972 556 αὐτάγγελος
3015 481 3197 557 ἦλθεν,
3243 484 3355 538 ἀλλ’
3404 484 3493 537 ὑπ’
3527 482 3678 536 αὑτοῦ
3707 482 3790 537 τοῦ

564 578 731 646 ipsius
757 577 1042 631 adventum
1067 591 1180 629 non
1204 578 1506 644 nuntiasse,
1547 577 1639 632 sed
1680 577 1749 631 ab
1796 577 1914 644 ipso
1949 592 2145 646 magno

2258 580 2484 649 μεγάλου
2529 578 2666 632 Θεοῦ
2709 578 2804 632 καὶ
2835 576 3090 648 Σωτῆρος
3119 573 3488 647 προεμηνύθη.
3517 573 3624 626 Καὶ
3657 569 3794 638 αὖθις

573 670 681 724 Dco
727 677 784 722 et
814 667 1095 721 Salvatore
1125 668 1544 736 praenuntiatum
1593 668 1777 723 fuisse.
1809 667 1994 738 Itaque
2020 683 2145 722 rur-

566 778 658 816 sus
684 762 792 816 ait:
833 778 852 810 ‹
880 758 988 813 Vos
1018 768 1198 812 autem
1224 758 1334 828 (66)
1377 761 1560 814 sedete
1603 761 1655 814 in
1707 760 1946 825 civitate,
1977 761 2147 814 donec

569 851 865 907 induamini
899 853 1097 908 virtute
1125 867 1191 905 ex
1221 852 1353 906 alto.
1388 871 1406 903 ι
1465 851 1731 906 Virtutem
1787 867 1914 908 vero
1947 851 2148 906 intelli-

568 943 644 1012 git
685 942 921 1012 Spiritus
972 941 1166 995 sancti.
1199 941 1265 994 Et
1305 940 1505 994 Paulus
1543 939 1801 994 Romanis
1837 956 1898 995 ea
1934 940 2144 1003 scribit,

566 1050 687 1103 qua:
716 1033 996 1097 admirari,
1028 1043 1086 1086 ut
1119 1048 1219 1101 par
1247 1043 1349 1098 est,
1400 1042 1494 1086 aut
1530 1032 1879 1100 interpretari
1917 1031 2146 1098 nemini,

569 1126 844 1194 multoque
888 1129 1061 1178 minus
1107 1124 1305 1178 cursim
1358 1125 1471 1178 hwc
1519 1122 1790 1186 afferenti,
1829 1123 1988 1177 facile
2021 1131 2143 1178 est:

573 1237 591 1268 ι
624 1217 805 1271 l'labeo
830 1216 940 1288 (67)
971 1218 1130 1285 igitur
1152 1216 1426 1280 liduciam,
1456 1216 1650 1284 inquit,
1684 1215 1736 1268 in
1772 1214 1990 1269 Christo
2019 1211 2144 1269 Jesu

571 1313 638 1364 ad
672 1311 871 1365 Deum:
914 1326 1016 1364 non
1074 1311 1216 1362 enim
1266 1311 1436 1362 audeo
1495 1307 1695 1377 aliquid
1745 1294 1891 1378 loqui
1934 1322 2145 1370 eorum,

568 1413 689 1465 quae
716 1411 820 1450 non
850 1395 1026 1450 eﬂecit
1052 1396 1300 1450 Christus
1335 1412 1430 1466 per
1462 1413 1546 1450 tne
1586 1396 1750 1450 verbo
1796 1406 1849 1449 et
1883 1410 2066 1464 Opere,
2091 1395 2146 1449 in

567 1487 930 1542 obedientiam
962 1488 1224 1557 gentium,
1254 1487 1307 1542 in
1346 1488 1541 1541 \‘irtute
1584 1486 1858 1557 signorum
1893 1486 2055 1557 168
2092 1495 2146 1541 et

572 1579 962 1648 prodigiorum,
1001 1579 1051 1632 in
1084 1577 1283 1631 virtute
1312 1577 1548 1648 Spiritus
1576 1579 1772 1632 sancti.
1800 1595 1818 1628 ι

642 1671 781 1725 Xlll.
816 1671 1075 1725 Creatura
1109 1686 1213 1725 non
1236 1685 1452 1739 semper
1480 1685 1644 1724 verax
1677 1678 1780 1734 est,
1827 1670 1920 1725 sed
1947 1671 2012 1725 de
2046 1686 2147 1725 suo

2245 670 2336 727 οὖν
2370 673 2535 741 λέγει’
2577 690 2597 724 ‹
2633 672 2822 741 Ὑμεῖς
2845 671 2902 724 δὲ
2927 669 3188 723 καθίσατε
3223 671 3280 722 ἐν
3313 671 3379 738 τῇ
3415 667 3597 730 πόλει,
3625 666 3720 730 ἕως
3739 660 3794 720 οὗ

2248 765 2340 836 [75
2371 764 2422 835 b]
2474 763 2770 834 ἐνδύσησθε
2823 761 3053 832 δύναμιν
3111 762 3170 825 ἐξ
3221 759 3407 828 ὓψους.
3438 778 3456 810 ι
3489 758 3629 830 Δύτη
3663 759 3715 811 δὲ
3736 756 3798 830 ἦν

2246 858 2279 924 ἡ
2329 854 2423 907 τοῦ
2477 855 2633 922 ἁγίου
2672 851 3010 924 Πνεύματος.
3061 853 3172 905 Καὶ
3216 850 3422 914 Παῦλος
3459 850 3652 920 γράφει
3681 850 3800 902 Ῥω-

2249 945 2448 1017 μαίοις,
2478 945 2514 999 ἃ
2541 946 2837 1015 θαυμάσαι.
2866 944 2898 1014 ἢ
2929 942 3263 1015 ἑρμηνεῦσαι
3292 941 3477 1007 ἀξίως,
3505 941 3722 1012 μάλιστα
3746 941 3795 1006 ἐξ

2245 1034 2577 1105 ἐπιδρομῆς,
2617 1035 2791 1088 οὐδενὶ
2825 1034 3089 1096 εὐπετές·
3124 1052 3141 1084 ι
3179 1033 3327 1102 Ἕχω
3365 1027 3462 1085 οὖν
3499 1030 3798 1098 πεποίθησιν

2245 1127 2303 1179 ἐν
2337 1126 2559 1196 Χριστῷ
2603 1125 2778 1197 Ἰησοῦ
2822 1127 2960 1198 πρὸς
3002 1127 3095 1180 τὸν
3127 1126 3280 1179 Θεόν.
3315 1126 3390 1177 Ού
3423 1123 3528 1194 γάρ
3554 1122 3722 1192 τολμῶ
3751 1140 3802 1174 τι

2246 1216 2446 1281 λαλεῖν,
2480 1209 2556 1269 ὧν
2588 1217 2649 1269 οὐ
2683 1218 3081 1287 κατειργάσατο
3110 1215 3344 1286 Χριστὸς
3391 1215 3456 1268 δι’
3493 1212 3643 1284 ἐμοῦ,
3672 1213 3796 1283 λόγῳ

2248 1309 2342 1362 καὶ
2379 1310 2553 1379 ἔργῳ,
2581 1312 2661 1372 εἰς
2701 1311 2947 1380 ὑπακοὴν
2989 1309 3192 1374 ἐθνῶν,
3228 1311 3285 1361 ἐν
3314 1308 3536 1378 δυνάμει
3579 1307 3803 1376 σημείων·

2247 1399 2344 1453 καὶ
2372 1400 2634 1471 τεράτων,
2665 1402 2722 1455 ἐν
2753 1401 2978 1472 δυνάμει
3007 1400 3322 1472 Πνεύματος
3363 1398 3536 1469 ἁγίου.
3570 1417 3588 1448 ι

2319 1671 2416 1726 Il".
2461 1672 2526 1724 Ἡ
2568 1672 2744 1735 κτίσις
2776 1672 2875 1725 οὐκ
2909 1669 3160 1741 ἀληθεύει
3193 1671 3312 1723 ἀεί’
3357 1669 3472 1723 ἀλλ’
3519 1669 3575 1736 ἐξ
3613 1667 3797 1732 οἰκείας

571 1767 622 1819 id
651 1763 830 1825 habet,
869 1772 926 1817 ut
951 1772 1004 1817 et
1026 1765 1190 1817 animi
1222 1763 1501 1816 mutationi
1547 1763 1779 1818 obnoxia
1824 1763 1913 1828 sit,
1964 1773 2019 1818 et
2056 1763 2151 1818 ali-

2258 1764 2475 1835 γνὼμης
2521 1763 2633 1834 ἔχει
2675 1763 2884 1834 τροπῆς
2929 1765 3092 1833 μέρος
3121 1761 3216 1816 καὶ
3261 1762 3324 1814 τὸ
3351 1761 3633 1830 ψεύδεσθαί
3663 1777 3792 1812 ποτε.

571 1855 785 1924 quando
813 1854 1125 1908 mentiatur.
1165 1854 1309 1908 Talis
1342 1854 1486 1907 inter
1530 1863 1809 1908 creaturas
1849 1855 2029 1909 carnis
2055 1869 2150 1909 ex-

571 1957 751 2015 pertes
778 1945 887 2016 (68)
918 1955 1000 2000 est
1022 1946 1266 1999 diabolus
1295 1963 1308 1998 :
1361 1945 1428 1998 de
1456 1945 1672 1999 carneis
1713 1959 1838 2000 vero
1888 1947 2147 2015 scriptum

570 2045 686 2090 est:
717 2055 735 2086 ι
761 2035 950 2091 Omnis
979 2033 1092 2104 (69)
1124 2035 1285 2089 homo
1305 2035 1573 2100 mendax;
1606 2054 1622 2086 ι
1653 2044 1738 2088 et:
1773 2054 1790 2086 ι
1819 2034 2146 2107 Perdes(70)

569 2145 760 2185 omnes
816 2131 905 2199 qui
954 2130 1247 2198 loquuntur
1299 2129 1660 2185 mendacium.
1690 2150 1710 2182 ›
1757 2131 1894 2198 Quin
1929 2132 2136 2188 ethnici

570 2238 783 2292 quoque
811 2222 1176 2291 scripserunt:

625 2311 740 2367 Nec
773 2313 911 2366 enim
943 2313 1281 2367 mendacibus
1309 2321 1459 2382 paler
1496 2312 1636 2368 Deus
1663 2315 1762 2370 erit
1783 2314 2098 2370 auxiliator.

573 2470 650 2525 De
704 2471 906 2525 sanctis
967 2484 1116 2534 vero,
1179 2477 1308 2538 puta
1342 2469 1409 2524 de
1437 2470 1702 2539 apostolis
1729 2472 1864 2548 (7|),
1911 2473 1986 2527 ait
2014 2473 2154 2528 Pau-

574 2563 696 2617 lus:
731 2581 751 2614 ι
782 2561 886 2616 Sed
922 2562 1032 2633 (72)
1065 2578 1186 2616 cum
1225 2562 1354 2628 vidi,
1395 2565 1538 2632 quod
1572 2580 1676 2618 non
1718 2547 1862 2619 recte
1912 2565 2148 2621 ambula-

574 2663 695 2708 rent
728 2655 795 2709 ad
824 2656 1107 2709 veritatem
1139 2654 1430 2723 Evangelii,
1458 2654 1570 2708 dixi
1604 2655 1796 2724 Cepha:
1819 2656 1932 2727 (75)
1963 2671 2149 2711 coram

574 2746 842 2811 omnibus,
876 2764 895 2796 ι
929 2761 1048 2815 quae
1083 2745 1240 2800 dixit.
1291 2746 1496 2800 ltcvera
1552 2746 1698 2800 enim
1745 2747 1912 2802 solius
1958 2748 2152 2804 divina}

577 2844 784 2889 natura:
809 2844 896 2890 est
925 2851 1198 2904 nunquam
1234 2853 1262 2889 a
1291 2837 1520 2892 veritate
1561 2837 1834 2892 recedere.
1889 2837 2012 2894 Ideo
2051 2838 2154 2892 He-

576 2927 735 2981 hraais
763 2925 957 2980 Paulus
987 2927 1061 2980 ita
1089 2927 1343 2995 scripsit:
1405 2944 1423 2978 ι
1457 2927 1524 2984 Ut
1575 2929 1686 2998 (74)
1740 2946 1835 2998 per
1877 2930 2012 2985 duas
2065 2946 2153 2986 res

577 3017 896 3082 numobiles,
933 3019 982 3071 in
1018 3017 1215 3087 quibus
1246 3019 1584 3087 impossibile
1613 3032 1696 3076 est
1725 3023 1938 3076 mentiri
1960 3021 2149 3089 Deum,

2264 1856 2349 1918 Ὠς
2370 1856 2427 1907 ἐν
2449 1854 2545 1924 μὲν
2565 1853 2846 1924 ἀσάρκοις,
2871 1855 2898 1905 ὁ
2927 1851 3188 1914 διάϐολος·
3224 1851 3282 1904 ἐν
3302 1850 3359 1903 δὲ
3394 1850 3677 1920 σαρκίνοις,
3708 1864 3795 1900 κα-

2252 1948 2320 2001 θὰ
2352 1947 2586 2017 γράφει·
2623 1965 2640 1997 ι
2678 1948 2793 2008 Πᾶς
2826 1944 3111 2015 ἅνθρωπος
3165 1942 3426 2012 ψεύστηςθ
3458 1961 3477 1993 ι
3507 1942 3616 2005 καὶ,
3642 1960 3658 1990 ι
3692 1941 3804 1991 Ἀπ-

2251 2039 2390 2104 ολεῖς
2423 2041 2631 2102 πάντας
2652 2039 2776 2101 τοὺς
2805 2036 3096 2100 λαλοῦντας
3118 2035 3178 2088 τὸ
3201 2032 3414 2106 ψεῦδος.
3446 2054 3466 2088 ι

2362 2307 2444 2359 Οὐ
2487 2304 2596 2375 γὰρ
2634 2303 2731 2357 ἐπὶ
2764 2303 3062 2373 ψεύδεσσι
3103 2301 3305 2370 Πατὴρ
3344 2300 3488 2368 Θεὸς
3520 2298 3720 2441 ῗέσεῒιὲ

3574 2389 3654 2439 pta

3574 2379 3767 2439 Pw‘réc‘

2253 2467 2495 2538 ἔγραψαν
2523 2467 2618 2520 καὶ
2657 2469 2705 2520 οἱ
2738 2466 2864 2531 ἔξω.
2910 2468 2997 2522 Ἑν
3040 2467 3096 2521 δέ
3131 2465 3328 2533 ἁγίοις,
3357 2463 3432 2527 ὡς
3464 2462 3667 2525 Παῦλος
3691 2459 3800 2532 περ)⁸

2252 2559 2359 2612 τῶν
2391 2561 2704 2612 ἀποστόλων
2747 2559 2849 2631 ἔφη
2873 2576 2886 2588 ⁸
2917 2578 2935 2610 ι
2966 2558 3107 2612 Ἀλλ’
3135 2559 3222 2611 ὅτε
3255 2557 3361 2610 ἴδον
3380 2599 3395 2623 ,
3423 2556 3502 2609 ὅτι
3534 2555 3629 2608 ούκ
3663 2553 3799 2627 ὀρθο-

2255 2652 2504 2705 ποδοῦσιν
2537 2652 2672 2723 πρὸς
2705 2651 2803 2722 τὴν
2841 2651 3099 2722 ἀλήθειαν
3143 2649 3236 2704 τοῦ
3285 2651 3630 2719 Εὐαγγελίου,
3669 2643 3800 2700 εἶπον

2252 2743 2330 2814 τῷ
2355 2745 2520 2813 Κηφᾷ
2546 2743 2852 2814 ἔμπροσθεν
2883 2743 3120 2807 πάντων,
3153 2762 3170 2792 ι
3205 2741 3239 2796 ἃ
3279 2737 3454 2796 εἶπεν.
3490 2742 3574 2805 Ὠς
3614 2737 3802 2810 άληθῶς

2253 2837 2395 2908 γὰρ.
2449 2837 2616 2908 μόνης
2673 2836 2860 2908 θεῖκῆς
2909 2836 3124 2905 φύσεως
3179 2836 3238 2888 τὸ
3291 2837 3378 2889 ἀεὶ
3426 2835 3682 2906 ἀψευδεῖν.
3725 2829 3812 2884 Διδν

2267 2927 2533 2999 Ἑϐραίοις
2567 2928 2894 2982 ἐπέστειλεν⁹
2921 2948 2936 2980 ι
2964 2929 3102 2991 Ἵνα,
3133 2928 3316 2997 φησὶν.
3354 2927 3442 2980 διά
3461 2926 3552 2980 δύο
3583 2921 3803 2994 πραγμά-

2255 3037 2362 3071 των
2405 3019 2772 3089 ἀμεταθέτων,
2836 3021 2892 3072 ἐν
2947 3014 3027 3083 οἷς
3085 3019 3343 3073 ἀδύνατον
3391 3017 3684 3089 ψεύσασθαι
3727 3013 3803 3066 τὸν

578 3110 812 3165 validum
849 3110 1097 3164 solatium
1129 3109 1423 3166 habeamus
1453 3110 1544 3179 qui
1578 3111 1919 3182 confugimus
1967 3113 2032 3167 ad
2077 3123 2152 3166 te-

2258 3111 2406 3174 Θεὸν,
2441 3111 2665 3183 ἰσχυρὰν
2699 3111 3042 3183 παράκλησιν
3086 3111 3298 3182 ἔχωμεν
3335 3113 3386 3165 οἱ
3426 3107 3802 3178 καταφυγόντες

578 3199 806 3253 nendam
829 3199 1158 3268 propositam
1188 3214 1360 3268 spem.
1399 3219 1418 3251 ι
1444 3201 1770 3255 Communio
1815 3213 1995 3256 autem
2031 3201 2155 3270 Spi-

581 3290 713 3343 ritus
748 3289 948 3352 sancti,
998 3304 1100 3357 qua
1137 3303 1481 3343 communem
1530 3306 1651 3345 cum
1709 3290 1869 3346 Patre
1920 3302 1974 3344 et
2022 3291 2158 3346 Filio

581 3390 827 3435 naturam
864 3380 1044 3447 habet,
1085 3381 1393 3434 communio
1428 3391 1510 3436 est
1559 3381 1733 3450 quoad
1762 3383 1962 3445 omnia,
1999 3394 2160 3452 atque

581 3474 716 3527 adeo
746 3473 908 3527 etiam
936 3474 1111 3541 quoad
1145 3474 1266 3536 hoc,
1317 3482 1374 3527 ut
1402 3473 1504 3526 nisi
1541 3488 1669 3530 vera
1705 3475 1850 3543 loqui
1898 3490 2002 3530 non
2035 3490 2160 3544 pose

581 3565 674 3619 sit.
700 3563 832 3618 Nam
871 3563 1108 3634 Spiritus
1136 3566 1381 3619 veritatis
1414 3566 1506 3620 Dei
1535 3577 1637 3632 est,
1683 3577 1741 3621 ut
1767 3580 1923 3623 antea
1954 3569 2154 3624 dictum

587 3655 708 3721 fuit,
740 3673 844 3710 una
874 3657 1151 3711 voluntate
1185 3655 1362 3712 Patris
1388 3667 1441 3712 et
1469 3657 1586 3712 Filii
1627 3669 1680 3714 et
1729 3660 1808 3714 sui
1853 3660 2021 3730 ipsius
2073 3661 2156 3716 lo-

582 3765 774 3820 quens,
807 3758 863 3803 et
901 3764 929 3802 a
965 3749 1258 3817 semetipso
1290 3765 1394 3803 non
1439 3748 1686 3818 loquens,
1735 3751 1876 3804 sicut
1922 3752 1987 3806 de
2042 3752 2158 3821 ipso

584 3851 812 3897 testatus
841 3851 920 3896 est
951 3840 1141 3903 Filius,
1179 3856 1300 3895 cum
1332 3841 1545 3909 inquit:
1583 3861 1600 3893 ι
1649 3843 1692 3895 Α
1719 3842 2008 3912 semetipso
2043 3843 2157 3914 (75)

584 3949 689 3987 non
715 3932 982 4000 loquetur.
1016 3948 1034 3982 ι

609 4024 792 4080 ‘XIV.
853 4024 1109 4078 Creatura
1173 4024 1305 4077 nihil
1370 4024 1534 4078 habet
1583 4026 1724 4093 quod
1781 4024 2161 4079 denominetur

475 4133 484 4146 ν
587 4113 785 4168 veritas
820 4109 952 4180 (76),
983 4124 1046 4163 eo
1075 4111 1216 4178 quod
1247 4127 1348 4163 una
1385 4114 1457 4167 sit
1496 4113 1673 4188 divina
1729 4112 1952 4179 veritas,
2015 4112 2157 4168 sicut

661 4326 772 4400 (66)
818 4325 924 4400 ἴοι
962 4334 1164 4400 autem.
1201 4323 1529 4400 Luc._§x1v,
1591 4324 1681 4380 49.
1733 4323 1922 4400 Graeca
1975 4320 2160 4400 e_ditio,

589 4401 648 4488 ἓν
670 4391 930 4488 ’τῇξπόίλει
962 4393 1729 4488 Ἰερουσαλημηνιορξιῐιχετο,
1757 4411 1776 4446 ι
1800 4391 2156 4457 Jerusalem,»
2193 4429 2238 4488 υ

593 4465 747 4536 Vulg.
781 4465 1047 4536 interpres
1073 4465 1356 4521 omittit’ut
1394 4465 1674 4536 Didymus.

659 4530 769 4610 (67)
814 4530 1017 4610 Ηαίὶεο.
1055 4536 1211 4591 Rom.
1247 4551 1338 4599 xv,
1386 4535 1473 4610 1‘7,
1497 4530 1572 4589 ’18
1603 4544 1657 4610 e_t
1704 4535 1790 4610 19.
1824 4530 2163 4610 GraccaAedi-

592 4601 687 4672 tio,
722 4601 1012 4679 καύχησιν,
1063 4622 1185 4679 pro,
1238 4604 1584 4679 agenowqatv.
1617 4603 1701 4669 Et,
1731 4603 1799 4658 τὰ
1834 4602 1969 4679 πρρς
1989 4601 2160 4679 -Θεέν,

592 4627 687 4672 ιιο,
722 4627 1012 4731 καυέησιν,
1063 4627 1185 4676 pro,
1238 4627 1584 4677 πεποιυησιν.
1617 4627 1701 4669 nt,
1731 4627 1799 4658 τα
1834 4627 1968 4673 προς
2006 4627 2160 4667 σευν,

591 4693 726 4749 pro,
749 4695 826 4749 πρ
860 4695 888 4741 ς
935 4677 1027 4730 τὸν
1046 4676 1221 4749 ῃΘεόν.
1257 4677 1342 4749 E_t.
1386 4676 1664 4749 τολμήσω,
1693 4690 1813 4749 pro,
1841 4672 2044 4742 τολμῶ.
2079 4673 2162 4738 Et,

591 4745 907 4820 Πνεύματος
937 4746 1092 4808 Θεοῦ,
1128 4763 1244 4817 pro,
1280 4745 1593 4820 Πνεύματος
1631 4745 1807 4820 άγίου.

664 4813 774 4890 (68)
815 4819 1002 4890 Carnis
1043 4813 1294 4890 expertes.
1337 4813 1515 4890 Simili
1545 4818 1704 4890 modo
1738 4813 2168 4890 in_Commenta-»

593 4885 690 4944 riis
734 4891 789 4942 in
825 4886 1067 4941 I’salmos
1100 4885 1306 4940 locutus
1343 4895 1426 4940 est
1459 4885 1715 4954 Didymus
1761 4885 1826 4938 ad
1885 4886 2019 4949 psal.
2086 4900 2164 4954 Ix,

593 4975 736 5013 vers.
767 4958 852 5028 l8.
889 4956 1294 5028 Ἂμαρτωλούς,
1333 4953 1596 5028 inquit....
1622 4953 1807 5028 καλεῖ,
1841 4953 2168 5028 ούκᾼάνθρὼ-

591 5047 728 5093 πους
786 5027 964 5097 μόνον,
1013 5026 1150 5082 ἀλλὰ
1197 5029 1289 5082 καὶ
1325 5026 1578 5095 δυνάμεις
1610 5026 1909 5097 ἀσάρκους,
1943 5026 1991 5078 id
2032 5035 2163 5097 est:

601 5116 620 5149 ι
649 5095 1033 5154 Peccatores...
1083 5109 1243 5152 vocat
1275 5097 1526 5166 (Psaltes)
1561 5111 1664 5148 non
1704 5097 1860 5150 modo
1895 5095 2164 5160 homines,

594 5170 688 5224 sed
722 5178 777 5222 et
802 5169 980 5222 carnis
1014 5179 1262 5233 expertes
1303 5175 1616 5236 potestates.
1644 5183 1662 5216 ι

665 5238 779 5308 (69)
823 5237 1028 5308 Omnis.
1060 5237 1217 5291 Rom.
1247 5235 1332 5302 ut,
1362 5235 1416 5290 4.

662 5305 778 5380 (70)
819 5307 1034 5380 Peraea.
1071 5308 1211 5380 Psal.
1245 5323 1299 5380 ε,
1328 5321 1478 5380 _vers.
1516 5305 1588 5380 6._
1603 5319 1697 5360 seu
1724 5305 1779 5360 7.

666 5373 780 5449 (7t)
823 5377 896 5430 De
936 5379 1206 5449 apostolis.
1233 5377 1376 5449 _Vide
1402 5387 1517 5449 not.
1559 5377 1614 5449 ξι,
1652 5375 1926 5449 pag._l$5_.
1967 5373 2170 5449 Nempe

597 5445 963 5515 apostolorum
1021 5446 1340 5502 vocabulum
1401 5446 1578 5500 latiuri
1631 5445 2023 5514 signiﬁcatione
2081 5446 2170 5500 hic

596 5520 878 5586 accipitur.
919 5519 1217 5585 praesertim
1252 5531 1372 5570 cum
1411 5518 1623 5581 horum,
1660 5517 1726 5569 de
1755 5515 1950 5586 quibus
1998 5515 2164 5585 Didy-

598 5585 730 5642 mus
767 5603 832 5643 ac
869 5586 1064 5642 Paulus
1102 5587 1416 5656 loquuntur,
1471 5602 1619 5656 unus
1654 5586 1813 5656 fuerit
1844 5585 2166 5656 _Barnabas;

603 5659 854 5729 Didymus
881 5671 1006 5713 vero
1041 5654 1232 5729 ipsein
1263 5656 1465 5729 Enarr.
1494 5657 1547 5729 in
1574 5655 1741 5729 Epist.
1779 5655 1805 5707 Ι
1831 5654 2166 5729 Petr._cap.t,

601 5726 963 5798 apostolorum
1011 5727 1324 5785 vocabulum
1373 5726 1629 5783 strictiori
1672 5740 1829 5782 sensu
1874 5727 2168 5796 accipiens,

2254 3204 2523 3274 κρατῆσαι
2552 3205 2655 3274 τῆς
2683 3203 3050 3274 προκειμένης
3082 3203 3316 3267 ἐλπίδος.
3351 3223 3371 3254 ι
3407 3203 3472 3255 Ἦ
3502 3201 3555 3253 δὲ
3579 3193 3805 3252 κοινωνία

2253 3295 2344 3347 τοῦ
2379 3293 2535 3362 ἁγίου
2580 3293 2918 3364 Πνεύματος,
2964 3292 3293 3346 κοινωνοῦσα
3320 3296 3388 3364 τῇ
3430 3290 3585 3362 φύσει
3619 3289 3688 3360 τῷ
3713 3287 3806 3340 Πα-

2254 3387 2344 3457 τρὶ
2368 3387 2462 3439 καὶ
2492 3385 2568 3456 τῷ
2597 3385 2731 3456 ruga,
2765 3387 3012 3439 κοινωνεῖ
3035 3385 3112 3447 εἱς
3143 3384 3259 3451 ὅλα,
3285 3383 3368 3436 ἔτι
3405 3384 3510 3454 μὴν
3541 3379 3631 3435 καί
3661 3380 3732 3440 εἰς
3756 3375 3807 3428 τὸ

2258 3477 2532 3547 ἀψευδεῖν.
2592 3478 2816 3548 Πνεῦμα
2851 3475 2959 3547 γάρ
2998 3475 3255 3547 ἀληθείας
3291 3476 3410 3528 ἐστὶ
3453 3473 3544 3527 τοῦ
3576 3470 3721 3535 Θεοῦ,
3745 3468 3808 3529 ὡς

2263 3567 2583 3639 προελέχθη,
2627 3567 2704 3638 τῷ
2738 3568 2818 3620 ἐν).
2876 3565 3139 3636 θελήματι
3177 3562 3271 3616 τοῦ
3314 3563 3549 3634 Πατρὸς,
3598 3559 3685 3613 καὶ
3730 3553 3807 3609 τοῦ

2264 3659 2415 3723 Υίοῦ,
2448 3661 2541 3712 καὶ
2572 3657 2764 3712 ἐαυτοῦ
2799 3655 3010 3721 λαλοῦν,
3043 3655 3138 3708 καὶ
3170 3655 3262 3724 ἀφ’
3305 3652 3501 3707 ἑαυτοῦ
3533 3653 3592 3706 ού
3616 3645 3807 3706 λαλοῦν,

2261 3753 2337 3814 ὡς
2365 3753 2392 3803 ὁ
2416 3749 2543 3813 Υἱὸς
2579 3749 2725 3821 αὑτῷ
2766 3747 3166 3820 ἐμαρτύρησεν.
3203 3745 3393 3799 εἰπών·
3440 3764 3459 3796 ι
3496 3743 3610 3812 Ἀφ’
3640 3733 3809 3794 ἑαυτοῦ

2262 3843 2322 3894 ού
2357 3840 2598 3894 λαλίσει.
2627 3860 2645 3892 ι

2335 4019 2429 4071 1Δ’.
2466 4016 2529 4068 Ἦ
2559 4014 2732 4076 κτίσις
2765 4013 2916 4066 οὐδὲν
2947 4011 3057 4082 ἔχει
3098 4008 3535 4082 προσαγορευθὲν
3575 4002 3809 4074 ἀλήθεια,

2262 4109 2348 4162 διὰ
2388 4108 2445 4160 τδ
2489 4108 2615 4178 μίαν
2669 4102 2805 4158 εἶναι
2850 4103 3037 4175 θεῖκὴν
3084 4102 3176 4175 [76
3209 4101 3264 4173 a]
3309 4101 3585 4173 ἀλήθειαν,
3630 4096 3700 4159 ὡς
3728 4091 3811 4164 μία

2270 4321 2522 4382 atiirmet,
2560 4321 2744 4374 «inter
2792 4329 2905 4379 eos,
2947 4314 3036 4384 qui
3080 4313 3280 4369 Christi
3333 4312 3814 4384 Evangeliumsunt

2273 4392 2465 4454 secuti,
2490 4379 2518 4441 ι’
2542 4390 2806 4444 neminem
2842 4405 2859 4436 ι
2883 4379 3139 4456 apostolis
3170 4386 3451 4442 celsiorem
3475 4379 3594 4440 esse
3627 4379 3724 4436 ﬁde
3763 4381 3812 4430 et

2269 4460 2696 4515 conversatione.
2720 4477 2737 4509 ι

2335 4531 2448 4600 (τε)
2491 4530 2616 4585 Sed.
2641 4529 2827 4600 Galat1
2845 4525 3027 4600 ut“.
3059 4523 3246 4600 Graeca
3284 4523 3496 4600 editio,‘
3524 4521 3676 4584 εἶδον,
3707 4530 3809 4600 pro.

2268 4587 2397 4654 ἴδον.
2432 4587 2580 4654 illam
2620 4614 2748 4654 vero
2801 4587 2949 4650 Pauli
2997 4595 3397 4662 querimoniam
3433 4587 3685 4650 adversus
3723 4587 3817 4642 Ce—

2267 4673 2424 4739 pham
2459 4674 2592 4725 scite
2627 4669 2866 4739 appellat
2899 4665 3262 4739 Tertulliunus
3311 4664 3407 4720 lib.
3454 4666 3623 4739 primo
3654 4668 3814 4739 centra

2269 4727 2617 4802 Marcionem,
2654 4727 2774 4806 cap.
2805 4737 2896 4801 20,
2938 4755 2956 4787 ι
2979 4734 3144 4790 solius
3176 4727 3618 4806 conversationis,
3662 4727 3813 4799 placi-

2271 4821 2404 4863 turae
2435 4821 2615 4878 postea
2643 4805 2940 4864 accusatori
2971 4821 3089 4878 suo,
3122 4805 3652 4878 reprebfrisinneniq

2340 4863 2449 4950 (73$
2478 4863 2706 4949 αριστ,
2741 4878 2925 4950 Grreca
2957 4863 3141 4938 editio,
3165 4863 3256 4950 fug.
3294 4877 3524 4950 Πέτρῳ-ε
3543 4873 3643 4926 Sed
3679 4863 3812 4950 Vulg.

2270 4944 2538 5019 interpres
2570 4944 2700 5020 legit
2734 4969 2750 4998 ι
2777 4949 2992 5020 genitae,
3017 4965 3035 4997 ι
3075 4956 3129 4998 ιιι
3164 4944 3439 5020 Didymus.
3461 4944 3664 5020 Utrum
3702 4945 3814 5020 verit

2267 5015 2477 5089 Cephas
2524 5015 2650 5074 iste'
2680 5020 2749 5071 sit
2793 5017 2987 5071 Petrus
3011 5015 3415 5089 “apostolorum
3452 5015 3710 5089 princeps,
3749 5017 3806 5089 ain

2268 5084 2396 5144 vero
2437 5106 2575 5144 unus
2600 5105 2630 5144 e
2663 5105 2763 5143 Lxx
2795 5085 3094 5153 discipulis,
3128 5096 3185 5138 ut
3225 5087 3450 5141 vetustis
3493 5084 3650 5138 etiam
3698 5088 3813 5153 tetih

2270 5162 2487 5228 poribus
2515 5176 2618 5212 non
2663 5161 2816 5228 pauci
2864 5157 3065 5228 opinati
3101 5167 3246 5222 sunt,
3295 5171 3471 5210 meum
3513 5165 3613 5205 non
3645 5156 3720 5202 est
3746 5157 3815 5228 in:

2269 5225 2504 5296 quirere.
2556 5225 2701 5284 Mulii
2752 5229 2858 5295 jam
2915 5227 2982 5279 de
3023 5226 3224 5296 hacre
3269 5227 3619 5296 scripserunt_
3651 5225 3812 5296 Ilosllrfl

2270 5284 2432 5353 etiam
2467 5284 2657 5355 (aetate.
2887 5296 3105 5376 Hieron.
3139 5294 3230 5349 lib.
3256 5313 3292 5376 ιι
3322 5284 3511 5376 ἱιιἘρτ

2711 5349 2822 5423 2υὲ
2865 5368 2947 5421 ed.
2988 5349 3332 5433 Veronensis,
3370 5375 3424 5420 et
3459 5349 3667 5419 'ibidem
3709 5349 3815 5404 Val—

2273 5439 2417 5492 larsii
2447 5450 2618 5497 notas.

2343 5509 2454 5578 (74)
2497 5509 2584 5564 Ut.
2607 5496 2780 5566 Hebr.
2814 5525 2889 5572 Vl,
2922 5496 3008 5560 18.

2344 5577 2456 5649 (75)
2500 5582 2542 5633 Α
2575 5583 2869 5648 semetipso.
2902 5577 3205 5649 Joanaxyl,
3245 5577 3331 5649 (δ’

2275 5625 2454 5776 ἁλῷ
2500 5625 3205 5717 vesiaz'ﬁai;mea:
3242 5625 3397 5718 ίέέρ,
3445 5642 3693 5717 ἀλήθεια,
3737 5625 3810 5685 vel

2311 5741 2373 5776 Λη
2413 5737 2544 5776 ειαν.

2311 5737 2544 5795 ληυειαν.
