4104 6408
339 337 444 393 541

1385 341 1470 396 DE
1511 343 1887 405 TlllNlTATE
1925 348 2132 407 LIBER
2177 353 2561 413 SECUNDUS.

3508 344 3617 400 542

333 458 484 512 ἐστὶν
533 459 568 528 ἠ
615 458 872 531 ἀγιὸτης,
921 460 1015 514 καὶ
1053 463 1086 533 ἡ
1119 462 1420 534 ἀγαθότης.
1457 467 1551 537 ἀφ’
1583 465 1652 540 ἦς
1676 471 1920 537 ἑκάστοις

2035 493 2137 530 una
2175 487 2260 532 est
2292 481 2572 544 sanctitas,
2603 485 2658 531 et
2685 468 2928 539 bonitas,
2981 486 3010 525 a
3039 484 3143 542 qua
3188 467 3411 538 singulis
3456 469 3612 522 nobis

327 551 466 622 ἡμῖν
497 549 678 606 ταῦτα
706 553 931 624 ἐφήκειν
968 555 1357 629 ὁμολογοῦμεν.
1387 559 1460 613 Τὸ
1492 562 1549 614 δὲ
1581 563 1735 631 ἆγιον
1757 565 1928 619 Πνεῦ-

333 660 411 714 μα
462 643 691 715 ἀλήθεια
741 647 1216 718 προσηγόρευται,
1281 650 1424 705 καθὰ
1467 655 1496 705 ὁ
1524 655 1714 728 Πατὴρ
1759 659 1852 710 καὶ
1897 661 1928 712 ὁ

332 733 495 799 Υἱός·
530 736 718 808 ἐπειδὴ
751 738 854 806 τῆς
895 739 1066 809 αὐτῆς
1099 742 1230 810 μιᾶς
1288 743 1403 796 ἐστι
1448 743 1702 816 θεότητος
1726 787 1740 809 ,
1775 748 1926 804 οὐδὲν

328 823 455 895 ἕχον
505 825 856 897 πολυσχιδὲς,
901 828 934 900 ἢ
977 828 1304 900 διαφωνοῦν.
1351 834 1636 907 Μαρτυρεῖ
1695 837 1752 890 δὲ
1799 841 1927 910 περὶ

334 919 434 988 μὲν
460 917 559 972 τοῦ
593 920 807 992 Πατρὸς
839 922 933 975 καὶ
962 923 1156 976 ἑαυτοῦ
1189 924 1218 976 ὁ
1241 925 1387 991 Υἱὸς,
1421 927 1615 996 λέγων’
1649 950 1668 982 ι
1705 931 1923 1005 Πάτερ,

333 1011 363 1062 ὁ
386 1011 557 1079 Λόγος
584 1013 612 1064 ὁ
632 1012 744 1077 σὸς,
774 1013 1002 1083 ἀλήθειά
1022 1016 1159 1068 ἐστι’
1184 1035 1204 1069 ›
1248 1019 1344 1072 καὶ
1365 1019 1549 1074 πάλινο
1577 1041 1596 1074 ι
1644 1023 1925 1098 Ἐγώσείμι

338 1108 374 1176 ἡ
414 1105 542 1174 ζωὴ,
582 1107 677 1160 καὶ
707 1109 740 1178 ἡ
770 1108 1019 1180 ἀλήθεια.
1045 1129 1064 1162 ι
1101 1112 1239 1184 Περὶ
1267 1113 1325 1167 δὲ
1357 1113 1451 1168 τοῦ
1487 1117 1643 1186 ἁγίου
1667 1120 1924 1192 Πνεῦμα-

339 1214 450 1261 τος,
483 1199 557 1262 ὡς
591 1199 891 1273 προελέχθη
902 1243 914 1255 .

409 1288 508 1342 IE'.
552 1290 616 1343 Ἡ
646 1291 823 1354 κτίσις
860 1293 960 1346 οὐκ
996 1287 1106 1347 οἵδε
1153 1296 1224 1350 τὰ
1263 1297 1358 1351 τοῦ
1413 1298 1571 1353 Θεοῦ·
1606 1301 1924 1374 ὑπερϐαίνει

336 1381 444 1452 γὰρ
473 1382 680 1453 αὐτὴν⁸
722 1383 816 1436 καὶ
862 1384 1012 1437 οὐδὲν
1051 1386 1188 1458 πρὸς
1215 1389 1468 1460 τοιαύτην
1498 1392 1704 1462 εἰδησιν
1749 1395 1924 1466 ὁρμῆ-

337 1488 426 1524 σαι
460 1472 656 1543 τολμᾷ,
688 1474 792 1527 κᾶν
894 1475 1001 1530 τῶν
1029 1477 1355 1550 εὐδοκίμων·
1396 1483 1586 1554 ἐπειδὴ
1617 1484 1822 1552 γνῶναι
1854 1486 1922 1539 τὰ

328 1566 425 1618 τοῦ
457 1565 618 1630 Θεοῦ,
655 1568 736 1629 εἰς
770 1567 1002 1638 πάμπαν
1033 1568 1294 1624 ἀδύνατον
1322 1574 1388 1643 τῇ
1421 1572 1496 1644 μὴ
1524 1574 1662 1647 οὔσῃ
1693 1577 1794 1646 τῆς
1823 1578 1922 1630 αὺ-

326 1657 432 1726 τῆς
459 1655 697 1724 φύσεως,
723 1657 814 1709 καὶ
848 1658 946 1728 τὴν
979 1658 1148 1729 αὐτὴν
1173 1659 1373 1727 γνῶσιν
1399 1661 1477 1732 τῷ
1502 1662 1619 1734 Θεῷ
1651 1667 1923 1737 κεκτημέ-

327 1766 420 1820 νῃ,
449 1748 526 1812 ὡς
554 1748 786 1812 ἐδίδαξεν
822 1751 851 1802 ὁ
880 1749 1091 1821 Σωτὴρ,
1109 1752 1278 1805 εἰπὼν
1323 1756 1380 1806 ἐν
1402 1756 1644 1828 Ἰωάννῃο
1679 1777 1698 1810 ι
1720 1759 1777 1812 Ὀ
1802 1758 1923 1812 δοῦ-

2033 571 2143 624 Ιιτεε
2184 573 2470 640 provenire
2498 571 2844 626 conﬁtemur.
2881 569 2948 620 At
2979 563 3212 634 Spiritus
3239 570 3457 616 sanctus
3478 561 3617 615 veri-

2034 672 2115 716 tas
2148 663 2524 717 denominatus
2569 672 2674 727 est,
2731 659 2872 714 sicut
2923 657 3086 711 Pater
3119 664 3174 709 et
3223 653 3426 708 Filius°
3478 668 3615 722 quo-

2034 754 2179 806 niam
2213 753 2457 822 ejusdem
2491 768 2612 808 cum
2645 751 2775 820 ipsis
2801 755 2916 814 est,
2953 757 3114 816 atque
3151 746 3322 813 ,miius
3371 743 3612 806 deitatis,

2029 843 2269 913 nihilque
2299 844 2504 898 habens
2534 841 2881 904 multiﬁdum,
2913 848 3005 893 aut
3055 840 3355 892 dissonum.
3413 836 3494 890 Ac
3546 836 3614 889 de

2027 935 2187 991 Patre
2217 937 2456 1006 quidem,
2485 934 2630 990 etde
2674 949 2734 989 se
2782 934 2898 1002 ipso
2937 934 2988 986 id
3040 940 3277 1000 testatur
3317 929 3486 983 Filius
3531 927 3616 981 iu-

2027 1029 2260 1097 quiens:
2304 1027 2466 1099 169
2498 1046 2517 1081 ι
2548 1027 2710 1082 Pater
2738 1025 2873 1097 (77),
2908 1023 3143 1080 Verbum
3204 1033 3354 1077 tuum
3407 1021 3614 1076 veritas

2026 1126 2130 1176 est.
2164 1138 2183 1171 ι
2213 1120 2280 1174 Ει
2310 1135 2500 1174 rursus
2529 1137 2544 1174 :
2584 1137 2603 1170 ι
2636 1116 2749 1188 Ego
2781 1117 2894 1188 (78)
2923 1133 3038 1170 sum
3069 1119 3200 1180 vita,
3243 1124 3295 1168 ει
3331 1112 3550 1168 veritas.
3583 1131 3614 1164 rx

2029 1211 2106 1266 De
2133 1211 2336 1281 Spiritu
2363 1199 2561 1266 saneto
2603 1219 2806 1276 autem,
2853 1221 2911 1266 ut
2941 1220 3097 1262 antea
3128 1205 3238 1278 (79)
3277 1207 3477 1260 dictum
3503 1214 3614 1260 est.

2097 1304 2214 1360 XV.
2248 1302 2512 1359 Creatura
2569 1318 2674 1357 non
2719 1301 2868 1356 novit
2912 1315 3030 1370 qua:
3063 1309 3189 1354 sunt
3258 1299 3382 1366 Dei;
3432 1297 3602 1365 ipsam

2025 1396 2169 1451 enim
2201 1395 2473 1450 excedunt
2501 1417 2514 1452 :
2547 1405 2601 1450 et
2640 1394 2788 1448 nullo
2814 1395 2976 1447 modo
3002 1393 3054 1446 in
3091 1391 3393 1461 hujusmodi
3424 1389 3616 1459 cogni-

2026 1488 2226 1542 tionem
2269 1503 2332 1542 ea
2367 1487 2587 1542 tendere
2621 1502 2683 1541 ac
2718 1487 2815 1542 niti
2862 1485 3044 1563 audet,
3090 1483 3336 1554 quamvis
3380 1498 3446 1538 ex
3493 1482 3614 1536 ele-

2023 1588 2236 1634 ctorum
2273 1594 2502 1634 numero
2554 1578 2751 1633 fuerit:
2800 1593 2899 1633 nec
2930 1578 3074 1631 enim
3109 1577 3222 1631 ﬁeri
3277 1576 3385 1628 ullo
3436 1574 3606 1628 modo-

2021 1681 2226 1742 potest,
2256 1680 2428 1738 utea,
2456 1686 2575 1740 qua-
2609 1686 2713 1725 non
2765 1671 2834 1724 sit
2887 1668 3126 1738 ejusdem
3174 1677 3401 1731 naturte,
3454 1681 3609 1720 eam-

2025 1762 2259 1834 demque
2292 1764 2656 1833 cognitiouem
2688 1777 2793 1816 non
2826 1763 3027 1816 habeat
3069 1775 3190 1815 cum
3230 1759 3362 1824 Deo,
3420 1766 3610 1812 noscat

327 1841 422 1906 λος
475 1841 578 1895 οὐκ
630 1838 738 1895 οἶδε
768 1843 822 1895 τί
855 1845 1049 1897 ποιεῖό
1081 1844 1266 1913 κύριος
1289 1846 1474 1900 αὑτοῦ·
1505 1867 1523 1900 ι
1552 1827 1647 1903 καὶ
1665 1850 1740 1915 ὡς
1756 1851 1920 1926 ἔγρα-

2025 1857 2136 1922 illa,
2167 1871 2285 1926 qua:
2318 1855 2417 1911 Dei
2450 1866 2608 1924 sunt;
2646 1855 2788 1910 sicut
2822 1853 3073 1908 Salvator
3116 1853 3321 1917 docuit,
3372 1867 3492 1906 cum
3533 1852 3612 1904 ait

235 1937 242 1940 ’
325 1933 433 2004 ψεν
463 1934 692 2006 Πέτρος·
727 1952 747 1986 ι
779 1935 964 1988 Ἔστιν
991 1935 1028 1989 ἃ.
1054 1935 1148 1989 νῦν
1175 1939 1499 2008 ἀναγγέλλει
1527 1942 1674 2013 ὑμῖν,
1704 1944 1792 2000 διὰ
1811 1946 1921 2002 τῶν

326 2025 846 2096 εὐαγγελισαμένων
879 2028 1024 2099 ὑμᾶς
1059 2030 1340 2102 Πνεύματι
1367 2031 1528 2104 ἁγίῳ,
1563 2035 1920 2093 ἀποσταλέντι

327 2118 442 2171 ἀπὸ
471 2117 725 2189 οὐρανοῦ,
758 2120 838 2182 εἰς
859 2118 896 2173 ἃ.
926 2119 1283 2192 ἐπιθυμοῦσιν
1297 2122 1515 2191 ἄγγελοι
1536 2127 1915 2198 παρακύψαι.)

329 2210 406 2262 Τὸ
438 2209 495 2262 δὲ
546 2209 698 2278 ἇγιον
742 2207 965 2282 Πνεῦμα
1014 2212 1096 2266 ὃτι
1142 2213 1462 2280 ἐπίσταται,
1513 2216 1589 2281 ὼς
1637 2219 1921 2290 ὁμοούσιος

328 2302 487 2369 Θεὸς,
517 2303 546 2355 ὁ
571 2302 893 2367 Ἀπόστολος
921 2304 1227 2376 Κορινθίοις
1255 2306 1587 2376 ἐπέστειλεν,
1629 2309 1706 2373 ὡς
1733 2312 1921 2383 προεί-

333 2411 519 2468 ρηται.
544 2396 654 2448 Καὶ
685 2395 847 2450 πάλιν
882 2396 978 2468 τὴν
1013 2397 1409 2470 μεγαλειότητα
1453 2400 1547 2456 τοῦ
1577 2402 1917 2475 Πνεύματος,

327 2487 429 2540 καὶ
457 2487 560 2558 τὴν
597 2487 732 2558 πρὸς
766 2486 860 2541 τὸν
884 2489 1102 2560 Πατέρα
1135 2489 1358 2562 ἰσότητα
1389 2492 1690 2563 παριστῶν,
1717 2496 1924 2567 meso-

325 2595 434 2632 πον
474 2577 667 2650 ἐκείνῳ
718 2579 955 2651 γράφειο
990 2599 1009 2632 ι
1063 2581 1119 2634 Ὀ
1150 2580 1207 2634 δὲ
1253 2583 1488 2653 ἐρευνῶν
1533 2584 1634 2650 τὰς
1669 2587 1916 2659 καρδίας,

325 2671 464 2740 οἶδε,
514 2675 569 2728 τί
596 2674 655 2728 τὸ
681 2676 934 2748 φρόνημα
960 2676 1054 2730 τοῦ
1089 2678 1429 2750 Πνεῦματος.
1455 2698 1475 2732 ι
1498 2680 1658 2735 Καθὰ
1683 2682 1792 2754 γὰρ
1825 2684 1920 2755 μέ-

323 2784 402 2835 γα
423 2783 478 2818 τι
503 2765 679 2834 λέγων
715 2768 841 2838 περὶ
863 2767 956 2821 τοῦ
979 2768 1210 2837 Πατρὸς,
1243 2765 1396 2824 εἶπεν
1425 2771 1621 2827 εἰδέναι
1643 2774 1802 2828 αὑτὸν
1823 2774 1916 2829 τοῦ

324 2862 648 2931 Ππύματος
678 2860 740 2913 τὸ
764 2861 1046 2932 φρόνημα·
1080 2860 1223 2916 οὕτω
1260 2863 1360 2935 τὴν
1388 2865 1523 2936 πρὸς
1551 2867 1710 2923 αὑτὸν
1735 2886 1918 2924 κοινω-

323 2952 450 3003 νίαν
475 2949 575 3020 τῆς
613 2949 829 3020 φύσεως
866 2952 962 3006 καὶ
986 2951 1290 3024 θελήσεως,
1323 2957 1418 3009 καὶ
1445 2957 1542 3029 τὴν
1572 2958 1792 3030 ἰσότητα
1817 2961 1918 3032 τῆς

323 3040 484 3104 ἀξίας
508 3039 603 3092 καὶ
633 3040 913 3111 δυνάμεως
945 3041 1038 3094 τοῦ
1064 3043 1220 3112 ἁγίου
1267 3046 1406 3098 Πνεύ
1417 3065 1584 3117 ματος
1611 3051 1913 3118 παριστῶν,

2021 1949 2075 2004 in
2106 1949 2354 2005 Jonnne:
2401 1965 2420 2000 ι
2454 1951 2659 2002 Servus
2687 1945 2800 2017 (80)
2839 1945 3028 2010 nescit,
3059 1944 3187 2014 quid
3220 1945 3383 1997 faciat
3432 1941 3608 1997 domi-

2021 2057 2127 2097 nus
2155 2041 2272 2111 ejus
2299 2057 2316 2107 ;
2351 2058 2370 2092 ι
2396 2048 2451 2094 ει
2477 2039 2621 2094 sicut
2646 2037 2862 2108 scripsit
2890 2037 3082 2091 Petrus
3110 2053 3125 2090 :
3161 2053 3180 2086 ι
3209 2034 3462 2102 Quatdam
3492 2033 3614 2105 (8i)

2020 2143 2166 2200 sunt,
2199 2148 2319 2202 quae
2349 2145 2494 2186 nunc
2525 2130 2816 2185 annuntiat
2863 2129 3015 2184 vobis
3043 2143 3138 2198 per
3169 2141 3263 2182 eos
3299 2127 3390 2197 qui
3435 2141 3603 2180 evan-

2020 2227 2391 2296 gelizaverunt
2441 2221 2596 2278 vobis
2660 2221 2865 2292 Spiritu
2893 2229 3082 2275 sancto
3135 2219 3302 2274 misso
3350 2218 3415 2273 de
3444 2217 3604 2286 cmlo,

2020 2318 2074 2373 in
2106 2332 2227 2388 qua:
2257 2315 2370 2388 (82)
2402 2315 2709 2370 desiderant
2736 2311 2911 2382 angeli
2947 2311 3279 2381 prospicere.
3315 2329 3333 2363 ι
3377 2309 3448 2363 At
3477 2325 3608 2388 vero

2019 2382 2274 2477 Spiritus
2313 2382 2534 2459 sanctus
2607 2403 2756 2458 novit
2803 2410 2862 2456 ut
2924 2400 3397 2456 consubstantialis
3439 2382 3604 2466 Deus,

2013 2499 2170 2568 juxta
2207 2495 2524 2566 Apostolum
2560 2494 2629 2548 ad
2657 2492 2969 2549 Corinthios
2993 2491 3105 2559 (85)
3151 2491 3502 2557 scribentem,
3547 2497 3609 2545 ut

2019 2596 2177 2642 antea
2213 2586 2415 2641 dictum
2447 2592 2552 2639 est.
2581 2583 2659 2637 Ac
2687 2596 2879 2636 rursus
2899 2590 2957 2635 ut
2982 2581 3318 2651 majestatem
3345 2579 3603 2650 Spiritus,

2019 2674 2245 2744 ejusque
2290 2688 2414 2728 cum
2464 2671 2626 2727 Patre
2683 2670 3045 2740 aaqualitatem
3094 2669 3402 2735 conﬁrmet,
3451 2668 3604 2723 illum

2021 2767 2147 2822 huic
2178 2765 2489 2835 aequiparat
2517 2763 2764 2818 scribens
2793 2785 2806 2818 :
2846 2781 2864 2813 ι
2899 2761 2999 2829 Qui
3033 2761 3143 2833 (84)
3183 2769 3363 2814 autem
3394 2768 3608 2816 scruta-

2021 2871 2110 2915 tur
2136 2860 2320 2924 corda,
2346 2859 2452 2913 scit
2475 2857 2606 2928 quid
2636 2858 2904 2913 desideret
2919 2857 3034 2926 (aut
3076 2854 3273 2925 sapiat)
3297 2853 3549 2922 Spiritus.
3579 2871 3601 2905 ι

2019 2953 2154 3008 Nam
2206 2952 2351 3006 sicut
2399 2965 2520 3005 cum
2569 2949 2728 3004 vellet
2774 2963 3029 3018 magnum
3089 2947 3289 3016 aliquid
3335 2947 3402 3002 de
3445 2946 3608 3000 Patre

2020 3045 2222 3110 dicere,
2264 3043 2549 3097 dixitcum
2599 3057 2780 3105 nosse,
2829 3042 2958 3111 quid
3022 3041 3292 3096 desideret
3333 3038 3601 3108 Spiritus;

323 3129 539 3231 ἔγραψε
585 3127 745 3231 μένον
778 3130 909 3183 αὐτὸ
952 3132 1152 3186 εἰδέναι
1186 3133 1255 3188 τὰ
1301 3135 1392 3188 τοῦ
1435 3138 1667 3210 Πατρὸς,
1716 3140 1810 3193 καὶ
1847 3141 1914 3195 τὰ

2023 3138 2092 3192 ita
2124 3153 2244 3193 cum
2270 3137 2430 3192 vellet
2459 3145 2664 3191 naturae
2715 3135 3121 3203 voluntatisque
3143 3133 3601 3199 communionem,

325 3221 468 3292 βάθη
498 3220 665 3275 αὑτοῦ
694 3223 940 3294 ἐρευνᾷν,
965 3225 1178 3289 καὶτὰς
1205 3227 1516 3296 ἀγνώστους
1543 3231 1752 3285 ἐκείνου
1785 3234 1912 3304 νοή-

329 3333 463 3377 σεις,
501 3314 570 3378 ἃς
612 3316 753 3386 χρὴ,
798 3316 894 3369 καὶ
927 3319 1089 3388 ἡνίκα
1115 3317 1207 3390 [76
1240 3319 1292 3391 bj
1323 3320 1436 3385 δεῖ,
1473 3323 1584 3386 τοῖς
1621 3323 1792 3389 ἀξίοις
1823 3329 1915 3378 ὲκ-

332 3406 562 3474 φαίνειν.
614 3407 717 3459 Τὸν
757 3406 815 3460 δὲ
864 3409 1090 3480 Πέτρον,
1139 3412 1216 3474 ὡς
1257 3414 1613 3485 προείρηται,
1667 3418 1913 3488 γράψαιο

334 3500 638 3572 Ἀπεστὰλη
669 3501 765 3554 ἀπ’
787 3501 848 3554 οὐ
858 3503 1016 3572 ρανοῦ
1037 3503 1099 3557 τὸ
1120 3506 1361 3578 Πνεῦμα·
1397 3509 1640 3575 νοείσθω,
1670 3505 1714 3579 ᾧ
1733 3515 1917 3586 τρόπῳ

335 3593 540 3643 νοεῖται
562 3593 636 3656 τὸ,
665 3592 972 3665 Ἀπεστὰλη
1003 3595 1031 3646 ὁ
1061 3596 1210 3660 Υἱός.
1241 3599 1326 3661 Ὠς
1349 3599 1519 3668 Λόγος
1547 3601 1654 3674 γὰρ
1685 3603 1912 3673 ἐκεῖνος,

338 3685 433 3737 καὶ
465 3682 617 3737 τοῦτο
653 3684 731 3749 ὡς
782 3686 934 3757 ῥῆμα
979 3689 1073 3742 καὶ
1111 3691 1335 3761 Πνεῦμα
1360 3693 1453 3746 τοῦ
1488 3695 1623 3747 Θεοῦ
1675 3698 1915 3753 ἀπεστά-

332 3775 422 3847 λη.
460 3777 571 3830 Καὶ
601 3775 690 3830 διὰ
722 3777 785 3829 τὸ
813 3777 1039 3844 ειδέναι,
1074 3780 1154 3834 ὅτι
1179 3781 1246 3836 τὰ
1270 3785 1424 3856 παρὰ
1453 3785 1544 3838 τοῦ
1575 3788 1811 3858 Χριστοῦ
1833 3829 1847 3853 ν
1881 3790 1914 3862 ἢ

325 3867 425 3921 τοῦ
468 3867 626 3933 ἁγίου
674 3866 992 3939 Πνεύματος
1039 3872 1328 3942 λεγόμενα,
1361 3875 1579 3946 λέγεται
1627 3880 1721 3932 καὶ
1764 3881 1916 3952 παρὰ

401 4058 518 4136 (77)
539 4056 716 4136 Pgter.
737 4055 899 4136 _Joan.
927 4057 1177 4136 xvn,nl7.
1200 4055 1334 4116 Vide
1364 4069 1477 4117 not.
1507 4060 1598 4131 96,
1632 4078 1754 4136 pag.
1787 4064 1910 4122 160.

402 4130 522 4199 (73)
563 4127 698 4196 Ego.
730 4126 882 4199 Joan.
913 4143 1024 4199 Juv,
1061 4127 1114 4181 6.

403 4198 522 4270 (79)
561 4201 750 4270 ᾼηιεα.
781 4198 960 4270 Segm.
996 4198 1066 4254 56
1103 4217 1156 4254 a.

405 4267 524 4338 (80')
566 4267 776 4322 Servus.
805 4267 962 4325 Joan.
995 4284 1086 4332 xv,
1119 4270 1208 4326 l5.

406 4343 542 4412 (8i)?
565 4338 843 4404 Quadam.
866 4338 922 4392 In
947 4338 1119 4412 prima
1149 4341 1294 4396 Petri
1330 4358 1371 4407 ι,
1407 4342 1493 4399 12.
1525 4345 1695 4403 Biblia
1727 4356 1916 4404 carent

329 4410 687 4487 voCe,_Ecztv.
732 4425 890 4478 quam
926 4424 955 4462 a
989 4410 1214 4487 Didyino
1261 4413 1504 4487 additam,
1529 4428 1659 4487 puto
1694 4420 1759 4473 ad
1793 4419 1916 4472 bre-

2015 3246 2081 3286 ac
2115 3229 2415 3299 dignitatis,
2452 3237 2507 3284 et
2540 3228 2792 3296 potentia:
2831 3227 3220 3297 :equalitatem,
3259 3239 3422 3295 quam
3477 3237 3603 3278 cum

2015 3327 2177 3380 Patre
2205 3325 2370 3380 habet
2401 3322 2638 3392 Spiritus
2683 3330 2926 3386 sanctus,
2975 3320 3320 3384 conﬁrmare,
3364 3318 3600 3388 scripsit,

2018 3421 2190 3488 ipsum
2217 3417 2390 3472 solum
2415 3429 2578 3469 nosse
2600 3429 2719 3484 qua:
2744 3425 2869 3468 sunt
2888 3412 3089 3477 Patris,
3112 3426 3177 3466 ac
3197 3410 3312 3478 ejus
3335 3409 3603 3480 profunda

2018 3509 2278 3572 scrutari,
2318 3517 2372 3562 et
2428 3506 2642 3577 ignotas
2706 3504 2947 3574 ejusdem
2997 3502 3175 3558 Patris
3225 3503 3602 3573 cogitationes,

2022 3617 2158 3673 quas
2179 3610 2414 3671 oportet,
2443 3609 2496 3654 et
2532 3598 2748 3670 quando
2789 3597 2949 3668 17o
2973 3605 3205 3668 oportet,
3242 3596 3307 3652 iis
3339 3596 3427 3665 qui
3459 3594 3606 3663 digni

2021 3697 2152 3761 sint,
2181 3693 2554 3748 manifestare.
2605 3691 2758 3758 Quod
2799 3701 2978 3746 autem
3028 3690 3221 3744 Petrus
3269 3687 3509 3758 scripsit,
3547 3694 3607 3740 ut

2021 3798 2180 3842 antea
2221 3786 2422 3840 dictum
2454 3793 2555 3850 est,
2607 3784 2828 3837 missum
2874 3797 2996 3836 esse
3037 3784 3100 3835 de
3143 3780 3281 3835 coelo
3317 3779 3603 3848 Spiritum,

2026 3882 2077 3939 id
2108 3893 2172 3933 eo
2200 3876 2360 3931 modo
2395 3873 2714 3943 accipiatur,
2752 3886 2858 3942 quo
2885 3872 3204 3943 intelligitur
3252 3870 3421 3924 illud:
3475 3868 3604 3922 Mis-

2017 4065 2187 4123 ﬁcans
2214 4066 2265 4122 in
2305 4066 2524 4121 Christo
2566 4063 2870 4133 passiones,
2923 4069 2975 4117 et
3015 4075 3100 4122 ea,
3138 4073 3256 4133 quae
3292 4066 3411 4126 post
3444 4063 3605 4133 erant

2015 4147 2266 4192 secutura
2305 4135 2446 4208 [βοά.
2496 4127 2851 4208 noster:qua3
2876 4141 3051 4208 erant
3088 4127 3602 4208 subsecutura].de-

2019 4220 2168 4264 creta
2197 4226 2210 4262 :
2238 4197 2487 4279 in‘jdeest
2518 4208 2727 4279 vocula,
2752 4197 2834 4268 in,
2869 4205 2922 4256 in
2971 4210 3150 4255 nostro
3178 4197 3376 4278 codice]
3406 4197 3602 4279 quibus

2019 4269 2341 4332 revelatum‘
2367 4289 2451 4332 est
2491 4295 2506 4332 :
2539 4277 2667 4348 quia
2704 4269 2846 4348 [coit
2895 4282 3072 4327 noster
3105 4287 3124 4325 :
3158 4269 3439 4341 quoniam]
3493 4282 3600 4322 non

2019 4348 2144 4412 sibi,
2190 4350 2283 4403 sed
2335 4348 2493 4402 nobis
2543 4345 2924 4400 ministrabant
2952 4358 3039 4406 ea,
3070 4356 3189 4411 quae
3223 4353 3367 4412 nunc
3389 4352 3603 4412 annon:

2022 4407 2150 4472 tiata
2179 4426 2303 4472 sunt
2327 4419 2482 4472 vobis
2504 4433 2600 4485 per
2619 4418 2876 4486 Spiritum
2903 4407 3173 4486 sanctum.
3197 4427 3215 4461 ι
3238 4409 3370 4486 Yide
3389 4407 3604 4477 Didymi

331 4485 596 4538 viandum
611 4479 818 4564 locum,
840 4492 1009 4564 atque
1041 4479 1513 4564 indicandasimul
1531 4479 1660 4564 'qute
1683 4489 1738 4543 in
1756 4489 1914 4564 Petri
1947 4529 1993 4564 π
2020 4489 2422 4564 enarrationem
2467 4479 2521 4564 in
2547 4479 2955 4564 primam_Petri
2981 4483 3061 4562 ad.
3080 4481 3221 4535 hunc
3252 4479 3459 4564 locum.

333 4529 1918 4630 ίέξῖιῖἐἱδίέᾱέάίῷιῖ’ζίίὲὸέ’ξηιᾷἣξῑλξῑξᾜηιξῑῑις’τηρξιξξ
1947 4529 1993 4585 ι)
2022 4529 3186 4630 fin;7:33;};6:11;};;sien;.na.;g
3193 4529 3264 4630 gn
3297 4529 3601 4629 regem.

333 4625 476 4699 τέλη
496 4663 512 4685 ,
547 4632 758 4699 et_pro,
781 4620 1081 4699 ilvedga-rt,
1111 4620 1423 4699 habent,_év
1455 4620 1758 4699 Πνεῦματι.
1790 4620 1923 4681 γεν-

334 4691 1040 4764 siculum_hunc_bis_aifert
1067 4694 1118 4746 in
1150 4694 1286 4747 libro
1328 4695 1402 4748 De
1445 4691 1649 4761 Spiritu
1712 4710 1917 4764 sancto,

337 4781 494 4819 num.
536 4761 607 4816 26
635 4771 688 4816 et
717 4761 807 4815 40.
856 4760 1035 4816 Primo
1074 4765 1288 4830 quidem
1327 4765 1380 4818 in
1427 4760 1543 4822 loco
1577 4785 1698 4822 eum
1735 4760 1924 4823 trihuit

339 4834 628 4903 Apostolo,
661 4844 716 4887 et
748 4833 992 4903 roculam
1033 4834 1090 4887 ἐν
1118 4834 1356 4890 omittit:
1387 4837 1465 4890 sic
1489 4839 1634 4892 enim
1668 4839 1867 4892 habet:
1898 4858 1917 4890 ι

339 4902 450 4961 sed
483 4914 538 4960 et
560 4904 848 4983 Apostolus
893 4902 1166 4983 loquitur:
1200 4923 1217 4955 ι
1239 4904 1560 4983 Qua:__nunc
1602 4910 1921 4983 annuntiata

340 4987 471 5030 sunt
517 4975 671 5029 vobis
719 4990 813 5042 per
862 4989 992 5038 eos,
1039 4975 1127 5034 uui
1178 4976 1685 5044 evangelizm'eruut
1731 4979 1920 5045 vobis,

341 5048 552 5114 Spiritu
586 5054 778 5116 sancto
806 5045 970 5116 misso
999 5046 1064 5097 de
1084 5045 1258 5099 cmlis.
1287 5064 1304 5096 ι
1335 5047 1398 5099 Ει
1433 5048 1484 5100 in
1521 5048 1678 5110 libro,
1705 5049 1797 5116 qui
1825 5049 1923 5103 Sa-

345 5113 553 5187 pientia
578 5114 914 5187 inscribitur
948 5113 1089 5186 [cod.
1137 5125 1313 5169 noster
1354 5133 1425 5172 m.
1468 5134 1508 5171 δ.
1537 5113 1754 5187 ίΙιαὺειξ
1782 5129 1837 5174 ει
1868 5121 1920 5173 in

343 5185 650 5258 Sapientia,
693 5199 814 5258 quae
866 5185 1551 5258 inseribitur‘navétparogj
1594 5191 1660 5242 ab
1698 5189 1782 5244 his
1831 5191 1920 5256 qui

346 5259 526 5311 divina
555 5255 886 5327 charismata
929 5255 1202 5309 censecuti
1252 5255 1399 5321 sunt,
1435 5255 1772 5327 vox'gratias
1813 5255 1923 5316 Deo

347 5328 627 5400 perferens
665 5325 806 5400 [cod.
833 5335 1215 5394 noster,grates
1244 5329 1354 5400 Deo
1384 5325 1646 5400 referens]
1673 5330 1919 5384 destina-

347 5411 455 5452 tur.
482 5415 503 5449 ι
545 5397 601 5450 In
630 5397 804 5450 altero
830 5406 1008 5449 autem
1038 5403 1153 5450 loco
1180 5412 1301 5451 eum
1331 5397 1486 5451 Petro
1517 5397 1721 5454 tribuit.
1771 5420 1788 5452 ι
1817 5400 1922 5455 Sed

344 5478 402 5524 et
433 5472 487 5523 in
521 5467 760 5536 Epistula
805 5464 976 5529 Petri,
1023 5467 1215 5534 inquit,
1269 5467 1504 5536 Spiritus
1550 5482 1770 5524 sanctus
1803 5486 1926 5526 esse

343 5538 547 5596 Christi
577 5535 813 5610 Spiritus
838 5537 1243 5610 comprobatur.
1274 5557 1290 5589 ι
1316 5535 1698 5610 Scrutantes,»
1727 5542 1922 5610 inquit,

345 5624 372 5663 ς
395 5621 451 5662 ει
483 5604 822 5683 inquirentes
845 5604 1039 5683 [[εοιι.
1058 5617 1242 5683 noster
1264 5623 1285 5663 :
1305 5609 1703 5683 exquirentes],
1735 5604 1817 5683 id'
1838 5604 1927 5666 est

343 5679 649 5749 propheta,
675 5677 742 5750 de
777 5677 973 5750 quibus
1022 5679 1071 5731 ei
1112 5677 1282 5731 fuerat
1339 5694 1516 5734 sermo
1551 5677 1832 5750 superior,
1868 5683 1922 5736 in

345 5745 486 5819 quod
525 5759 584 5820 et
614 5746 772 5820 quale
818 5745 964 5820 [βοά.
1005 5759 1200 5820 noster,
1250 5759 1345 5820 aut
1388 5748 1571 5820 quale]
1605 5745 1824 5819 tentpns
1849 5753 1925 5806 si-

346 5817 641 5891 gniﬁcabat
668 5819 734 5886 is,
765 5817 858 5888 qui
890 5817 944 5872 in
993 5819 1074 5874 eis
1107 5828 1246 5886 erat,
1279 5817 1512 5890 Spiritus
1541 5817 1742 5877 Christi
1774 5823 1919 5877 testi-

2025 4619 2222 4697 legitu'r
2251 4642 2266 4681 :
2301 4647 2318 4678 ι
2342 4619 2397 4682 in
2424 4642 2583 4696 quem
2611 4619 2999 4697 concupiscunt
3031 4621 3206 4697 angeli
3235 4619 3594 4697 prospicere.»

2025 4689 2330 4752 Notandum
2365 4689 2507 4766 quod
2554 4696 2692 4763 apud
2740 4689 3031 4766 Graecos}
3059 4694 3110 4746 iu
3145 4706 3287 4766 qua,
3314 4708 3341 4766 ιΔ
3369 4689 3600 4766 legatur,

2024 4784 2131 4821 non
2169 4785 2188 4816 ι
2215 4770 2266 4821 in
2307 4760 2536 4838 quem;
2575 4760 2647 4838 Et
2683 4765 2761 4838 sic
2809 4764 3120 4838 exponitur:
3163 4763 3220 4815 Si
3253 4760 3602 4838 quis_existi—

2027 4831 2452 4903 tnaverit,t'etc.
2497 4836 2742 4905 Conjicio
2788 4831 2993 4898 autem,
3029 4831 3309 4902 Didymum
3345 4831 3601 4905 dictasse,

2031 4925 2048 4958 ι
2080 4909 2132 4962 ἱιι
2158 4900 2307 4977 quae;
2332 4928 2351 4961 ι
2396 4900 2650 4961 Latinum
2692 4922 2822 4960 vero
2873 4900 3220 4972 interpretetur
3245 4916 3338 4977 _ex
3373 4900 3600 4977 Vulgata

2034 4971 2388 5034 translatione
2432 4979 2692 5046 posuisse,
2729 4978 2820 5029 «in
2863 4971 3089 5046 quem,»
3125 4990 3190 5028 ac
3228 4974 3294 5027 de
3324 4971 3602 5046 suo_addi-

2027 5049 2170 5102 disse
2215 5051 2377 5104 verba
2417 5043 2504 5102 illa
2532 5066 2545 5100 :
2579 5066 2598 5099 ι
2620 5048 2906 5100 notandmn
2936 5045 3099 5113 quod,
3125 5062 3143 5094 ι
3175 5053 3306 5110 etc.,
3339 5051 3397 5097 ut
3430 5043 3601 5097 lector

2034 5120 2226 5172 melius
2261 5119 2584 5190 intelligeret
2611 5133 2733 5190 qua
2765 5115 3049 5190 subjungit
3073 5115 3348 5190 Didymus.

2101 5191 2212 5256 (85)
2253 5190 2334 5242 Ad
2368 5186 2685 5244 Corinthios.
2719 5188 2738 5241 l
2771 5186 2894 5244 Cor.
2931 5201 2990 5248 ll,
3032 5187 3119 5240 Η.

2097 5253 2235 5330 (84).
2279 5260 2401 5324 Qui.
2434 5259 2601 5330 Rom.
2633 5273 2753 5330 vui,
2784 5259 2875 5310 27.
2930 5258 2987 5311 S.
3017 5255 3428 5330 Augustinusin
3462 5253 3600 5330 libro

2027 5326 2212 5383 contra
2248 5346 2538 5383 sermonem
2571 5329 2913 5390 Arianorum,
2944 5342 3067 5396 cap.
3099 5327 3190 5391 25,
3227 5327 3424 5380 vertit:
3458 5326 3601 5396 ¢_scit

2028 5401 2156 5469 quid
2191 5400 2423 5468 Spiritus
2457 5400 2690 5469 sapiat.»
2735 5393 3327 5469 Vulgatus'interpres,
3366 5405 3422 5448 et
3471 5393 3601 5449 Ilie—

2027 5465 2288 5541 rouymus
2321 5471 2374 5523 in
2412 5465 2622 5541 Didymi
2656 5468 2794 5524 libro
2810 5466 2888 5522 De
2916 5465 3062 5541 Spir.
3095 5475 3298 5541 sancto,
3333 5480 3598 5541 pro,‘c__sa-

2027 5535 2160 5610 piat',
2187 5560 2206 5592 ι
2243 5549 2477 5604 vertunt,
2514 5535 2548 5590 ἰ
2572 5540 2835 5610 desideret
2867 5558 2880 5594 :
2914 5557 2932 5590 ι
2968 5539 3045 5593 sic
3079 5539 3222 5592 enim
3275 5539 3326 5590 iu
3368 5551 3432 5610 eo
3462 5535 3600 5610 libro

2029 5607 2225 5680 legitur
2256 5625 2402 5663 unm.
2431 5611 2498 5662 9.7
2532 5627 2544 5661 :
2585 5627 2602 5660 ι
2626 5609 2725 5676 Qui
2756 5621 2934 5665 autem
2979 5618 3255 5680 scrutatur
3282 5607 3466 5680 corda,
3495 5607 3601 5659 scit

2029 5677 2158 5750 quid
2193 5681 2462 5736 desideret
2526 5681 2782 5747 Spiritus,
2816 5681 3083 5745 quomodo
3125 5677 3422 5750 [legendum
3448 5684 3595 5744 pulo,

2031 5745 2313 5819 quoniam,
2356 5762 2410 5803 ut
2453 5745 2705 5818 scriptum
2734 5752 2894 5805 estin
2953 5745 3358 5819 nostro—cedite]
3407 5760 3598 5802 secun-

2031 5827 2156 5878 dum
2188 5822 2355 5878 Deum
2387 5823 2619 5892 postulat
2654 5839 2748 5891 pro
2774 5823 2998 5878 sanctis.
3025 5839 3044 5871 ι
