4104 6408
517 293 624 352 543

1759 289 1999 345 DlDYMl
2039 288 2507 344 ALEXANDIIINI

3657 288 3753 344 51M

519 421 612 464 sus
641 412 722 460 est
751 403 942 458 Filius.
978 401 1085 459 Isle
1113 403 1257 458 enim
1287 405 1486 458 missus
1509 412 1595 458 est
1621 415 1679 458 ut
1714 405 1972 469 Verbum,
2004 404 2092 457 ille

2221 404 2288 457 τοῦ
2325 404 2561 474 Πατρὸς,
2598 404 2686 457 διὰ
2714 404 2774 458 τὸ
2801 405 2859 456 ἓν
2885 403 3116 473 θέλημα,
3138 401 3446 456 τὰτοιαῦτα
3478 406 3646 458 κεῖται
3670 409 3757 478 ῥή-

521 507 701 553 antem
745 505 800 549 ut
840 495 1042 549 dictum
1079 493 1212 564 (85),
1245 503 1302 549 et
1349 495 1584 564 Spiritus
1643 495 1754 549 Dei.
1807 492 1929 547 Ideo
1970 509 2096 548 vero

523 587 827 656 huiusmodi
866 601 1024 641 voces
1045 587 1298 640 adhibita:
1326 595 1474 649 sunt,
1517 595 1574 639 ut
1605 600 1724 656 qua:
1777 603 1807 640 a
1856 586 2092 649 Christo,

2205 511 2368 565 ματα.
2401 495 2537 548 Οὔτε
2571 496 2679 566 γὰρ
2702 497 2904 564 ἀγνοεῖ,
2937 495 2971 566 ἢ
2999 494 3276 564 πέμπεται
3307 495 3383 560 ὡς
3415 495 3616 552 δοῦλον·
3644 499 3758 554 οὒτε

2205 588 2297 657 ἀφ’
2325 587 2521 641 ἑαυτοῦ
2544 587 2714 654 λαλεῖ,
2750 588 2783 659 ἢ
2810 590 2972 652 ποιεῖ,
3005 588 3038 658 ἢ
3073 586 3288 659 ἔρχεται
3323 587 3400 651 ὡς
3421 588 3678 647 ἀντίθεον.

524 689 617 732 aut
646 695 676 733 a
710 679 910 748 Spiritu
943 687 1131 732 sancto
1153 677 1426 740 dicuntur,
1455 692 1517 732 ea
1551 679 1654 734 dici
1682 678 1844 732 etiam
1909 693 1938 731 a
2009 678 2170 732 Patre
2208 682 2558 737 noverimus:
2614 681 2755 748 quod
2812 695 2914 731 una
2962 681 3033 732 sit
3083 695 3269 734 eorum
3321 679 3587 734 voluntas.
3638 681 3759 734 Nam

525 783 697 837 neque
726 767 935 838 ignorat
961 767 1194 834 Spiritus
1223 776 1461 830 sanctus,
1499 783 1598 821 nec
1630 768 1862 822 mittitur
1893 777 1952 822 ut
1972 783 2161 824 servus
2195 768 2330 840 (86),
2358 785 2533 840 neque
2594 786 2626 824 a
2684 770 2973 839 semetipso
3027 780 3124 826 aut
3185 771 3443 839 loquitur,
3467 781 3560 826 aut
3583 787 3762 842 opera-

526 872 632 924 tur,
665 870 759 915 aut
788 861 936 914 venit
962 861 1114 928 quasi
1150 859 1243 915 Dei
1278 860 1621 916 adversarius
1652 861 1785 932 (87).

599 973 737 1028 XVI.
775 973 1036 1030 Creatura
1065 989 1168 1028 non
1196 973 1344 1028 videt
1381 972 1548 1029 Deum
1584 983 1638 1029 et
1672 973 1888 1030 Patrem
1926 975 1999 1029 ita
2025 975 2105 1030 uti

527 1074 644 1129 est;
680 1064 746 1118 ab
780 1065 946 1118 altera
977 1064 1120 1118 enim
1151 1072 1342 1118 natura
1366 1064 1483 1132 capi
1521 1063 1571 1118 id
1601 1078 1710 1118 non
1754 1073 1954 1134 potest,
2006 1080 2107 1122 nee

529 1154 823 1209 sustineri:
887 1168 951 1208 ac
1028 1154 1094 1207 de
1151 1154 1263 1223 ipsa
1330 1154 1740 1224 intelligendum
1797 1163 1882 1208 est
1933 1153 2101 1211 illud:

535 1243 746 1298 «Nemo
797 1244 908 1316 (88)
956 1243 1159 1298 videbit
1203 1243 1393 1298 faciem
1451 1259 1651 1308 meam,
1691 1253 1746 1298 et
1789 1246 1996 1300 vivet.»
2044 1243 2102 1298 In

534 1335 828 1404 Scripturis
862 1351 985 1389 vero
1020 1335 1286 1389 interdum
1311 1335 1528 1404 quidem
1582 1335 1751 1392 Filius
1791 1336 1961 1400 solus,
2021 1335 2109 1390 in-

536 1427 742 1478 terdum
774 1436 952 1479 autem
977 1425 1120 1480 solus
1155 1425 1389 1493 Spiritus
1424 1436 1644 1480 sanctus
1669 1425 1854 1481 videre
1880 1425 2104 1490 dicitur,

535 1523 627 1565 aut
654 1528 810 1566 nosse
841 1515 1005 1566 Deum
1027 1493 1274 1579 Patreui;
1305 1528 1369 1567 eo
1411 1515 1551 1582 quod
1605 1514 1658 1568 in
1685 1515 1893 1569 unitate
1925 1513 2110 1569 Deitac

540 1607 606 1660 tis
633 1606 702 1660 sit
750 1605 1017 1660 Trinitas:
1061 1615 1117 1660 ιιι
1175 1623 1295 1661 cum
1339 1607 1586 1661 Salvator
1645 1607 1785 1676 apud
1841 1605 2105 1662 Joannem

2281 971 2395 1040 ις’.
2434 972 2497 1025 Ἢ
2527 971 2701 1035 κτίσις
2721 972 2819 1042 οὐχ
2840 972 2942 1042 ὁρᾷ
2960 970 3051 1024 τὸν
3081 969 3213 1024 Θεὸν
3243 971 3338 1023 καὶ
3361 972 3577 1042 Πατέρα
3606 973 3684 1026 οἴη
3697 991 3765 1038 ως

2209 1065 2284 1129 ὡς
2320 1066 2465 1118 ἔστιν
2485 1081 2498 1094 °
2533 1065 2695 1136 ἑτέρᾳ
2725 1065 2835 1135 γὰρ
2866 1063 3025 1133 φύσει
3045 1063 3203 1116 τοῦτο
3219 1062 3502 1134 ἀχὼρητον
3526 1065 3616 1116 καὶ
3643 1065 3766 1119 ἀϐά-

2213 1175 2441 1212 στακτον
2472 1160 2725 1230 ὑπάρχει·
2760 1159 2855 1212 καὶ
2884 1158 3019 1230 πρὸς
3056 1159 3228 1229 αὐτήν
3260 1159 3376 1211 ἐστι
3407 1158 3491 1221 τὸ,
3537 1178 3555 1210 ι
3596 1161 3766 1224 Οὐδεὶς

2210 1250 2399 1320 ὄψεταί
2439 1268 2539 1322 μου
2563 1250 2622 1304 τὸ
2655 1251 2978 1322 πρόσωπον,
3009 1250 3104 1303 καὶ
3137 1251 3382 1321 ζήσεται.
3418 1269 3437 1302 »
3477 1251 3542 1304 Ai
3567 1251 3622 1303 δὲ
3640 1253 3767 1323 Γρα-

2213 1343 2310 1411 φαὶ
2347 1343 2596 1410 λέγουσι,
2657 1342 2788 1395 ποτὲ
2830 1342 2928 1412 μὲν
2966 1341 3056 1394 τὸν
3087 1340 3215 1394 Υἱὸν
3251 1341 3431 1411 μόνον,
3479 1341 3605 1396 ποτὲ
3635 1342 3766 1396 δὲτὸ

2213 1433 2364 1502 ἅγιον
2395 1433 2618 1504 Πνεῦμα
2663 1434 2818 1503 μόνον
2854 1434 3006 1504 ὁρᾷν,
3034 1433 3066 1503 ἢ
3098 1432 3290 1485 εἰδέναι
3331 1433 3422 1487 τὸν
3449 1431 3578 1485 Θεὸν
3610 1433 3766 1486 Πατέ-

2217 1543 2314 1596 ρα,
2353 1525 2538 1595 ἐπειδὴ
2571 1529 2628 1580 ὲν
2683 1526 2867 1596 μονάδι
2888 1525 3152 1596 Θεότητος
3181 1527 3213 1596 ἡ
3249 1525 3438 1596 Τριὰς·
3479 1524 3554 1586 ὡς
3575 1525 3724 1594 ἡνίκα
3745 1529 3770 1578 6

2217 1615 2408 1686 Σωτὴρ
2447 1616 2597 1686 παρὰ
2632 1616 2851 1686 Ἰωάννῃ
2898 1615 3080 1683 λέγει·
3128 1634 3145 1666 ι
3183 1615 3295 1685 Οὐχ
3335 1615 3417 1668 ὅτι
3452 1615 3543 1667 τὸν
3571 1616 3769 1686 Πατέρα

547 1697 662 1752 ait:
698 1715 716 1748 ι
752 1696 869 1751 Νοιι
914 1699 1038 1767 quia
1071 1697 1179 1769 (89)
1222 1697 1437 1754 Patrem
1485 1699 1769 1780 quisquam
1811 1699 1964 1762 vidit,
2009 1699 2110 1756 nisi

2221 1722 2298 1768 τις
2325 1705 2584 1775 ἑώρακεν,
2619 1707 2666 1758 εἰ
2695 1706 2768 1777 μὴ
2787 1706 2815 1756 ὁ
2845 1704 2920 1758 ὢν
2951 1707 3014 1759 ὲκ
3051 1705 3143 1758 τοῦ
3173 1705 3307 1758 Θεοῦ
3328 1722 3342 1735 ·
3367 1699 3524 1768 οὗτος
3576 1705 3769 1777 ἑώρακε

549 1785 594 1840 is
616 1789 815 1856 quiest
855 1802 920 1842 ex
968 1789 1112 1843 Deo:
1165 1790 1251 1843 hic
1306 1789 1437 1842 vidit
1467 1788 1742 1842 Patrem.»
1802 1788 1896 1843 Est
1931 1797 2111 1842 autem

548 1892 614 1932 ex
646 1878 750 1930 Deo
784 1880 1076 1932 secundum
1105 1888 1352 1932 naturam
1387 1893 1509 1933 cum
1534 1877 1703 1932 Filius
1744 1892 1840 1945 per
1889 1891 2115 1945 genera-

549 1967 776 2032 tionem,
804 1976 917 2022 tum
947 1967 1180 2038 Spiritus
1208 1981 1427 2024 sanctus
1468 1983 1563 2038 per
1601 1969 2025 2041 processionetn.
2053 1967 2116 2020 Et

541 2073 730 2113 rursus
758 2074 878 2113 cum
901 2059 1015 2114 ait:
1057 2077 1076 2110 ι
1106 2060 1213 2114 Nec
1235 2060 1377 2114 enim
1402 2059 1515 2128 (90)
1543 2057 1759 2113 Patrem
1791 2061 1916 2129 quis
1954 2061 2106 2112 novit

540 2148 641 2202 nisi
669 2148 852 2212 Filius,
910 2158 964 2202 et
1001 2151 1084 2202 cui
1135 2148 1302 2202 Filius
1351 2148 1689 2204 revelaverit.
1719 2167 1738 2200 »
1783 2149 1849 2202 Et
1896 2149 2114 2218 quando

540 2240 885 2307 peculiariter
933 2241 999 2296 de
1051 2241 1254 2311 Spiritu
1311 2253 1500 2297 sancto
1545 2241 1633 2295 illa
1680 2241 1880 2296 Paulus
1924 2241 2117 2297 Corin-

542 2336 668 2389 thiis
695 2336 806 2406 (91)
849 2337 1060 2404 scribit,
1107 2353 1226 2408 qua:
1267 2347 1423 2392 antea
1477 2338 1618 2393 dicta
1678 2348 1824 2392 sunt.
1870 2337 1937 2391 Et
1990 2353 2114 2391 cum

539 2428 708 2482 Isaias
736 2431 1020 2499 prophetes
1059 2431 1163 2484 ait:
1224 2449 1242 2482 ι
1273 2429 1508 2500 Spiritus
1551 2430 1661 2500 (99)
1709 2431 2014 2500 sapientiai,
2064 2439 2118 2484 et

541 2520 864 2587 intellectus,
935 2521 1166 2591 Spiritus
1232 2523 1491 2587 scientiaa,
1540 2532 1592 2577 et
1633 2523 1870 2592 pietatis.
1909 2542 1929 2575 »
2005 2521 2112 2576 Sed

542 2612 1075 2678 nonneaMatthaeo,
1122 2613 1395 2682 inquiunt,
1445 2613 1706 2681 scriptum
1761 2623 1946 2669 estex
1990 2628 2117 2682 per-

541 2713 671 2752 sona
701 2698 1024 2757 Salvatoris:
1056 2721 1074 2753 ι
1102 2703 1292 2756 Videte
1311 2701 1425 2774 (95)
1451 2718 1517 2758 ne
1561 2703 1921 2758 contemnatis
1950 2718 2116 2756 unum

541 2806 606 2845 ex
639 2792 721 2846 his
742 2793 952 2861 pusillis
975 2794 1126 2848 :dico
1151 2795 1296 2848 enim
1332 2795 1508 2860 vobis,
1533 2796 1675 2863 quod
1722 2793 1897 2863 angeli
1929 2807 2116 2848 eorum

545 2883 597 2936 in
621 2884 774 2938 cmlis
835 2899 1047 2953 semper
1079 2886 1264 2940 vident
1298 2886 1490 2942 faciem
1542 2885 1719 2940 Patris
1761 2885 1883 2949 mei,
1934 2885 2024 2953 qui
2065 2884 2118 2936 in

545 2975 696 3031 cmlis
722 2985 824 3031 est.
879 2996 896 3028 »
935 2977 1146 3048 Utique.
1175 2978 1245 3033 At
1267 2978 1468 3046 vident,
1507 2979 1662 3048 171
1718 2993 1823 3033 non
1863 2988 2115 3047 quantus,

2214 1796 2306 1850 τὸν
2353 1796 2588 1868 Πατέρα.
2631 1815 2650 1848 »
2707 1798 2862 1849 Ἔστι
2905 1797 2962 1850 δὲ
3007 1799 3071 1849 ὲκ
3103 1795 3196 1850 τοῦ
3219 1796 3356 1849 Θεοῦ
3391 1795 3530 1850 κατὰ
3570 1797 3719 1865 φύσιν
3745 1799 3772 1850 6

2216 1887 2344 1949 Υἱὸς
2365 1885 2715 1955 γεννητικῶς,
2741 1886 2834 1938 καὶ
2850 1885 2910 1938 τὸ
2934 1885 3085 1954 ἅγιον
3108 1885 3330 1956 Πνεῦμα
3363 1885 3768 1957 ἐκπορευτικῶς.

2216 1979 2323 2030 Καὶ
2349 1977 2528 2030 πάλιν
2572 1994 2592 2027 ι
2633 1976 2764 2030 Οὐδὲ
2785 1976 2893 2047 γὰρ
2919 1976 3009 2030 τὸν
3041 1976 3258 2047 Πατέρα
3286 1995 3372 2040 τις
3417 1977 3768 2046 ἐπιγινώσκει,

2215 2072 2262 2123 εί
2295 2071 2366 2141 μὴ
2391 2073 2419 2124 6
2448 2070 2596 2133 Υἱὸς,
2622 2069 2715 2123 καὶ
2738 2061 2783 2136 ᾧ
2815 2069 2908 2122 ἐὰν
2935 2071 2964 2122 6
2997 2068 3122 2132 Υἱὸς
3141 2067 3488 2141 ἀποκαλύψῃ.
3527 2087 3544 2120 »
3574 2068 3674 2122 Καὶ
3706 2067 3772 2130 ὠς

2215 2163 2342 2215 ὃταν
2375 2162 2556 2226 ίδικῶς
2578 2160 2817 2231 περὶτοῦ
2845 2161 3000 2229 ἁγίου
3020 2160 3159 2214 Πνεύ
3170 2179 3356 2231 ματος,
3375 2162 3450 2224 ὼς
3470 2159 3768 2232 πφελέχθη.

2216 2253 2429 2318 Παῦλος
2466 2254 2774 2326 Κορινθίοις
2810 2254 3033 2325 γράφει.
3068 2254 3178 2305 Καὶ
3202 2252 3277 2315 ὡς
3308 2253 3536 2316 Ἡσαΐας
3577 2268 3770 2324 προφη-

2215 2343 2380 2395 τεύειο
2424 2361 2440 2394 ι
2476 2342 2710 2412 Πνεῦμα
2732 2342 2922 2412 σοφίας
2955 2341 3049 2395 καὶ
3078 2341 3364 2405 συνέσεως,
3397 2341 3619 2412 Πνεῦμα
3647 2340 3772 2409 γνώ·

2219 2453 2354 2498 σεως
2391 2437 2486 2488 καὶ
2539 2434 2837 2497 εὐσεϐείας.
2887 2453 2906 2485 »
2941 2435 3016 2486 Οὐ
3069 2433 3382 2505 γέγραπται
3436 2429 3566 2495 οὖν,
3632 2431 3770 2500 φησι,

2217 2527 2476 2598 Ματθαίῳ
2513 2527 2618 2580 ἀπὸ
2648 2523 2742 2579 τοῦ
2772 2525 3042 2596 Σωτῆρος,
3078 2543 3097 2575 ι
3155 2525 3372 2596 Ὁρᾶτε,
3413 2525 3486 2597 μὴ
3527 2537 3774 2592 καταφρο-

2217 2617 2418 2688 νήσητε
2457 2615 2575 2677 ἑνὸς
2617 2614 2723 2668 τῶν
2771 2614 2979 2685 μικρῶν
3016 2615 3218 2666 τούτων
3243 2630 3258 2643 ’
3299 2613 3445 2682 λέγω
3482 2611 3589 2682 γὰρ
3638 2611 3770 2681 ὑμῖν,

2217 2709 2298 2761 ὅτι
2322 2711 2368 2761 οἱ
2404 2706 2623 2776 ἄγγελοι
2646 2706 2824 2760 αὐτῶν
2846 2707 2904 2758 ὲν
2937 2706 3185 2778 οὐρανοῖς
3204 2704 3294 2758 διὰ
3324 2703 3525 2767 παντὸς
3566 2702 3772 2773 βλέπουι

2222 2817 2274 2852 σι
2317 2798 2380 2852 τὸ
2419 2797 2707 2868 πρόσωπον
2743 2798 2838 2850 τοῦ
2865 2797 3080 2867 Πατρός
3117 2813 3218 2866 μου
3243 2795 3336 2847 τοῦ
3372 2797 3430 2848 ὲν
3449 2795 3722 2864 οὐρανοῖς;
3753 2810 3768 2841 ι

2218 2888 2342 2941 Ναί·
2379 2887 2516 2943 ἀλλὰ
2547 2888 2858 2958 βλέπουσιν,
2889 2889 2987 2958 οὐχ
3019 2889 3140 2951 ὅσος
3166 2888 3260 2940 καὶ
3291 2882 3404 2951 οἷός
3435 2888 3523 2958 [TI
3556 2885 3608 2956 τι]
3645 2887 3775 2937 ἐστιν

2220 2983 2248 3034 6
2272 2980 2425 3046 Θεὸς,
2447 2980 2581 3034 ἀλλὰ
2603 2981 2723 3034 καθ’
2763 2982 2884 3034 ὅσον
2933 2980 3084 3033 αὐτοὶ
3122 2979 3413 3051 χωροῦσιν.
3453 2981 3509 3033 Ὁ
3538 2979 3594 3032 δὲ
3628 2979 3777 3031 Μονο-

545 3077 600 3122 et
652 3069 827 3138 qualis
883 3077 965 3123 est
1019 3071 1179 3132 Deus,
1239 3071 1331 3125 sed
1392 3081 1650 3139 quantum
1722 3070 1822 3139 ipsi
1888 3085 2117 3139 capaces

2221 3073 2384 3144 γενὴς
2411 3074 2504 3126 καὶ
2533 3073 2594 3125 τὸ
2629 3072 2783 3141 ἅγιον
2814 3072 3034 3142 Πνεῦμα
3054 3113 3069 3137 ,
3099 3071 3187 3125 διὰ
3217 3072 3277 3124 τὸ
3315 3071 3511 3124 ταυτὸν
3556 3073 3646 3140 τῆς
3681 3066 3776 3121 θεός

548 3169 676 3213 sunt
734 3157 868 3227 (94).
906 3158 1222 3228 Unigenilus
1273 3168 1450 3213 autem
1487 3167 1541 3213 et
1601 3157 1834 3227 Spiritus
1873 3169 2115 3223 sanctus,

549 3247 620 3301 ob
642 3247 974 3303 identitatetn
1004 3251 1238 3316 deitatis,
1281 3251 1468 3305 vident
1504 3249 1576 3304 ita
1608 3250 1684 3303 uti
1726 3260 1808 3304 est
1846 3250 2119 3320 quantita-

553 3339 622 3394 tis
647 3349 701 3394 et
733 3338 914 3394 forma:
936 3356 1130 3411 expers
1160 3343 1321 3397 Deus.

626 3425 786 3480 XVII.
826 3427 1085 3482 Creatura
1129 3429 1408 3484 rationalis
1441 3443 1560 3484 cum
1607 3428 2007 3484 renovationem
2067 3436 2127 3484 et

555 3518 897 3590 adoptionem
928 3520 1300 3589 consequitur,
1322 3520 1467 3574 illam
1496 3520 1645 3575 hisce
1667 3520 1820 3573 donis
1875 3521 2122 3587 omnipo-

552 3621 672 3666 tens
695 3613 865 3683 gratia
897 3612 1129 3682 Spiritus
1151 3613 1325 3668 sancti
1354 3613 1570 3684 dignam
1603 3613 1730 3668 facit
1759 3631 1774 3678 ;
1826 3613 1948 3682 quia
2009 3628 2117 3666 nou

553 3712 802 3756 creatura
835 3703 880 3758 is
909 3712 1011 3765 est,
1039 3704 1131 3757 sed
1161 3703 1320 3768 Deus,
1354 3702 1529 3772 qualis
1563 3703 1653 3756 ille
1699 3711 1782 3756 est
1813 3741 1828 3767 ,
1881 3703 1970 3770 qui
2016 3701 2123 3770 pri-

552 3809 696 3848 mum
717 3809 834 3848 eam
869 3794 1094 3850 creavit.

622 3884 808 3941 XVIII.
843 3885 1105 3952 Quaelibet
1129 3896 1379 3941 creatura
1411 3901 1531 3941 cum
1556 3884 1806 3950 visibilis,
1861 3891 1976 3938 tum
2034 3885 2122 3938 in-

553 3978 803 4044 visibilis,
831 3977 1054 4034 laudare
1082 3987 1136 4034 et
1158 3977 1560 4048 superexaltare
1593 3977 1758 4031 Deum
1813 3975 1866 4030 in
1922 3977 2120 4030 saecula

627 4180 736 4304 (85)
777 4179 1052 4268 Dictum...
1101 4178 1212 4258 Dei.
1261 4177 1393 4233 Vide
1423 4177 1669 4246 superius
1702 4177 1953 4246 paginam
1989 4175 2108 4258 lii.

658 4255 770 4304 tbro
802 4263 964 4304 ettam
993 4249 1067 4303 De
1101 4248 1244 4304 Smr.
1281 4259 1462 4303 sancto
1494 4265 1640 4301 num.
1678 4248 1746 4300 28
1772 4256 1826 4300 et
1853 4245 1921 4302 29
1952 4244 2108 4304 SDII'I-

554 4251 611 4306 In
635 4244 770 4306 libro
802 4251 964 4304 etiam
993 4249 1067 4303 De
1101 4248 1244 4316 Spir.
1281 4259 1462 4303 sancto
1491 4244 1640 4301 itum.
1678 4248 1746 4300 28
1772 4244 1826 4300 ét
1853 4245 1921 4302 29
1952 4244 2126 4314 Spiri-

561 4332 669 4375 tum
720 4331 964 4375 sanctum
1015 4328 1172 4373 vocat
1222 4333 1569 4374 «sermonem
1626 4317 1783 4379 Dei,»
1843 4319 1894 4371 ni
1943 4316 2118 4373 fallor.

565 4410 584 4443 ι
607 4389 771 4446 Isaias
801 4404 1034 4460 quoque,
1073 4389 1264 4460 inquit,
1299 4404 1418 4460 cum
1448 4402 1697 4460 sermone
1730 4387 1837 4460 Dei
1860 4386 2122 4460 impulsus

2221 3181 2416 3234 τητος,
2452 3163 2650 3234 ὁρῶσιν
2684 3163 2854 3226 οὕτως
2892 3164 2967 3226 ὡς
2987 3163 3131 3216 ἔστιν
3165 3163 3194 3215 ὁ
3233 3162 3514 3234 ἀμεγέθης
3545 3162 3634 3214 καὶ
3657 3157 3776 3212 ἀνεί-

2221 3253 2339 3317 δεος
2364 3252 2514 3316 Θεός.

2294 3427 2389 3480 IZ'.
2436 3425 2500 3479 Ἦ
2537 3427 2711 3490 κτίσις
2747 3427 2779 3497 ἡ
2830 3425 3041 3496 λογικὴ,
3081 3425 3208 3478 ὅταν
3248 3423 3376 3489 ἀξία
3417 3423 3635 3494 γένηται
3663 3421 3779 3474 ἁνα-

2224 3519 2511 3591 καινισμοῦ
2559 3521 2652 3573 καὶ
2694 3517 2996 3581 υἱοθεσίας,
3035 3517 3138 3569 ὑπὸ
3175 3519 3272 3587 τῆς
3303 3515 3652 3584 ,πανδυνάμου
3695 3509 3777 3582 χά-

2227 3631 2372 3685 ριτος
2403 3611 2494 3665 τοῦ
2527 3613 2682 3682 ἁγίου
2716 3611 3032 3681 Πνεύματος
3062 3608 3264 3662 τούτων
3308 3607 3581 3674 ἀξιοῦται’
3611 3601 3778 3668 ἐπειδὴ

2227 3705 2287 3757 οὐ
2325 3703 2550 3774 κτίσμα,
2599 3702 2734 3756 ἀλλὰ
2777 3702 2908 3767 Θεὸς
2962 3701 3225 3772 ὑπάρχει,
3267 3695 3380 3763 οἷος
3429 3701 3457 3753 ὁ
3496 3696 3679 3758 κτίσας
3726 3691 3781 3744 τὸ

2229 3810 2465 3862 πρωτον.

2299 3885 2405 3937 IH'.
2451 3882 2511 3936 Ἢ
2543 3882 2720 3946 κτίσις
2745 3883 2913 3944 πᾶσα,
2943 3879 3112 3952 ὁρατὴ
3142 3880 3236 3933 καὶ
3265 3880 3517 3951 ἀόρατος,
3542 3870 3778 3946 ὀνομαστὶ

2231 3974 2621 4044 προστάττεται
2651 3972 2757 4026 ὑπὸ
2780 3971 2888 4026 τῶν
2920 3971 3083 4043 τριῶν
3123 3970 3328 4024 παίδων
3365 3969 3598 4032 Ἀνανία,
3643 3964 3779 4028 Ἀζα·

2229 4175 2465 4230 Alterius
2496 4173 2759 4228 Pindarus
2788 4173 2843 4227 in
2884 4172 3088 4243 Pyr/aiis,
3116 4171 3205 4243 od.
3247 4173 3281 4226 5
3325 4181 3379 4230 et
3408 4172 3464 4238 4,
3514 4169 3777 4228 Ilomerus,

2235 4247 2345 4300 alii.
2381 4244 2513 4298 Vide
2544 4261 2715 4311 segni.
2747 4244 2849 4297 18?.
2882 4241 2942 4307 α,
2962 4255 3015 4298 et
3036 4241 3136 4295 186
3165 4258 3217 4294 α.

2301 4315 2411 4385 (88)
2453 4309 2641 4368 Nemo.
2689 4314 2863 4385 (Exod.
2895 4328 3116 4385 χχχιιι,
3177 4309 3267 4385 20.
3338 4310 3477 4385 (litat
3527 4321 3776 4385 sensum:

2228 4379 2412 4439 Graeca
2448 4385 2589 4437 enim
2616 4384 2779 4438 editio
2822 4383 3019 4454 habet:
3051 4381 3123 4436 Οὐ
3160 4380 3266 4450 γὰρ
3299 4381 3375 4453 μὴ
3407 4381 3492 4454 ἴδῃ
3518 4379 3780 4450 ἄνθρωπος

561 4463 628 4514 ad
670 4452 1090 4530 prophetaitdtim
1137 4452 1637 4530 fuisSett‘Spiritns
1666 4452 2117 4530 sancti__imperio

2227 4455 2287 4507 τὸ
2320 4454 2610 4530 agamnam
2646 4471 2769 4530 μου,
2798 4452 2896 4530 καὶ
2931 4453 3173 4530 ζήσεται.

562 4525 908 4600 prophetasse
935 4531 1266 4600 perhibetur.
1285 4547 1306 4578 »
1347 4525 1447 4583 Ubi
1466 4529 1566 4600 _vir
1591 4528 1802 4600 clariss.
1834 4525 2128 4600 Vallarsius

561 4597 938 4669 conjicitipro,
977 4619 993 4652 t
1021 4598 1255 4669 Spiritus
1303 4598 1478 4653 sancti
1521 4598 1803 4669 imperio,»
1843 4597 2124 4669 legendum

563 4665 702 4736 esse,
745 4686 763 4719 t
795 4668 1029 4737 Spiritus
1056 4665 1277 4723 sanctus
1305 4683 1398 4735 per
1424 4683 1566 4722 eum.
1596 4686 1615 4718 »
1650 4665 1759 4734 Ego
1791 4667 1996 4737 codicis
2025 4683 2123 4722 no-

563 4740 664 4793 stri
706 4735 987 4793 lectionem
1031 4748 1245 4794 secutus
1285 4754 1427 4801 sum,
1475 4739 1565 4808 qui
1615 4739 1812 4791 habet:
1844 4754 1862 4787 ι
1895 4735 2130 4806 Spiritus

566 4810 734 4863 sancti
773 4809 1017 4878 imperio.
1039 4828 1057 4860 »

636 4879 745 4961 (86)
777 4875 1099 4961 ,υιςμεεςιιιιι
1130 4877 1240 4961 ,ρει
1267 4875 1728 4961 ,ιιιίεεῑοιιθνξίιίῂ
1766 4892 1855 4961 (ac.
1897 4876 2132 4961 Spiritus

563 4946 1436 5014 sanctisimiliadictavitDidymus
1468 4949 1518 5000 in
1547 4947 1640 5000 lib.
1669 4946 1741 4999 De
1761 4946 1906 5014 Spir.
1927 4960 2128 5016 sancto,

567 5036 715 5073 num.
749 5018 840 5083 25,
871 5018 960 5082 26,
990 5018 1058 5071 50
1081 5029 1136 5072 et
1160 5018 1247 5072 51.
1282 5017 1352 5071 lbi
1382 5017 1523 5069 enim
1549 5016 1818 5086 c0pioisius
1849 5017 1914 5069 de
1942 5019 2039 5072 hac
2067 5035 2126 5071 re

565 5093 693 5158 agit.
739 5091 812 5142 Ita
855 5104 1002 5143 num.
1053 5088 1122 5141 50
1166 5088 1239 5140 ait
1283 5103 1298 5139 :
1343 5087 1576 5158 (Missus
1620 5102 1647 5138 a
1695 5085 1849 5158 Patre
1897 5086 2132 5152 Spiritus

567 5154 800 5219 sanctus,
835 5174 936 5211 non
966 5173 1173 5218 servus,
1201 5171 1304 5226 non
1335 5155 1472 5210 alius
1501 5154 1716 5226 [rectius
1737 5157 1900 5209 codem
1926 5167 2130 5210 noster:

568 5244 672 5282 non
723 5226 976 5298 alienus],
1011 5241 1108 5281 nec
1143 5225 1443 5298 disiunctus
1477 5225 1521 5278 a’
1541 5225 1675 5298 Filio
1711 5226 2066 5298 intelligatur.
2102 5245 2120 5277 »

637 5297 749 5368 (87)
792 5297 882 5350 Dei
923 5293 1297 5368 ιὶάυοιέαηὶιιε,Δ
1321 5293 1452 5360 Vel,
1477 5296 1789 5368 semideus.
1833 5293 2133 5368 Utrumque

565 5363 895 5423 enim'valet
950 5382 1096 5428 vox,
1154 5363 1415 5428 ἀντίθεος.
1473 5365 1666 5418 Prima:
1721 5363 2134 5432 significationis

566 5437 869 5506 exemplum
932 5437 1086 5490 nobis
1148 5434 1767 5506 praeberCltristianusu
1793 5434 1881 5488 ille
1909 5445 2087 5506 poeta
2114 5473 2132 5496 ,

568 5503 740 5578 qucm'
784 5507 1012 5578 Irengeus
1053 5507 1106 5559 in
1151 5503 1322 5570 primi
1369 5505 1490 5559 libri
1531 5519 1649 5571 cap.
1705 5503 1792 5567 15,
1841 5523 1858 5555 ι
1888 5504 2132 5558 divinum

569 5577 776 5641 senem,
808 5577 1150 5644 \et-itatisque
1177 5589 1476 5644 praeconem
1504 5592 1522 5626 »
1555 5583 1732 5638 vocat,
1763 5577 1813 5627 in
1837 5588 1900 5628 eo
1935 5589 2128 5629 versu:

646 5713 844 5781 Ἐχων
873 5726 946 5766 σε
985 5712 1318 5782 πρόδρομον
1359 5710 1633 5766 ἀντιθέου
1674 5711 2057 5778 πανουργίας.

2305 4514 2416 4594 (89)
2464 4525 2582 4594 Non
2612 4514 2762 4594 qiu'a.
2792 4514 2955 4594 Joan;
2986 4514 3062 4594 vi,
3089 4522 3179 4576 Mi.
3211 4520 3402 4576 Grazca
3433 4523 3614 4585 editio,
3646 4514 3781 4587 παρὰ

2233 4591 2325 4647 τοῦ
2358 4591 2514 4652 Θεοῦ,
2557 4591 2671 4662 pro,
2711 4594 2774 4645 ἐκ
2804 4592 2897 4644 τοῦ
2927 4591 3084 4645 Θεοῦ.

2307 4665 2416 4730 (90)
2448 4657 2744 4716 Νεεέηἰηι.
2774 4663 2962 4715 Matth.
2999 4679 3074 4724 ιιι,
3101 4661 3187 4722 27,
3222 4670 3274 4713 et
3299 4659 3432 4715 Luc.
3466 4676 3519 4724 ι,
3546 4657 3781 4730 ἳὲκδεη-

2234 4750 2350 4787 sunt
2392 4728 2541 4797 eitat,
2585 4749 2688 4786 non
2710 4735 2891 4786 verba.
2923 4731 3053 4785 Vide
3103 4742 3213 4785 not.
3249 4731 3337 4794 7t),
3376 4748 3498 4802 pag.
3525 4728 3780 4802 72.(_Ia:l_e—

2236 4820 2352 4857 rutn
2408 4802 2464 4857 S.
2512 4794 2675 4858 etiam
2717 4802 3134 4868 Athanasiusjn
3178 4794 3430 4855 sermone
3448 4794 3778 4868 'tnajori__l)e

2231 4875 2354 4940 ﬁde,
2388 4889 2534 4927 num.
2581 4872 2671 4935 9.8,
2705 4873 2825 4943 legit
2851 4889 2865 4927 :
2890 4873 2997 4924 Καὶ
3039 4865 3084 4940 ᾧ
3120 4870 3212 4924 ἐὰν
3242 4872 3270 4923 6
3297 4871 3440 4943 Tib;
3455 4865 3778 4943 ἀποκαλύψῃ.

2305 4943 2419 5013 (9|)
2459 4941 2775 5013 Corinthiis.
2795 4943 2890 5012 Ep.
2929 4943 2968 5005 l,
2996 4958 3120 5012 cap.
3151 4957 3209 5004 ιι,
3238 4957 3382 4996 vers.
3419 4941 3508 4996 Η.

2305 5011 2417 5082 (92)
2460 5015 2707 5082 Spiritus.
2740 5011 2850 5066 Isa.’
2877 5027 2952 5077 χι,
2985 5013 3040 5066 2.

2306 5081 2418 5152 (93)
2471 5081 2666 5135 Videte.
2699 5082 2886 5136 Matth.
2919 5097 3068 5146 xvttt,
3107 5081 3194 5133 10.

2306 5145 2417 5222 (94)
2457 5151 2682 5219 Capaces
2705 5161 2844 5222 sunt.
2872 5153 3150 5222 Didymum
3185 5151 3250 5222 de
3275 5149 3503 5222 visione,
3529 5162 3628 5217 qua
3657 5145 3780 5199 Deus

2235 5239 2263 5276 a
2294 5219 2461 5277 beatis
2487 5222 2757 5275 mentibus
2778 5219 2986 5275 videtur
3015 5219 3314 5274 rectissime
3352 5221 3604 5290 settsiSSe,
3632 5227 3777 5290 appa-

2236 5305 2318 5348 ret
2341 5303 2448 5345 tutn
2476 5306 2541 5344 ex
2573 5292 2691 5356 hoc,
2713 5292 2939 5360 aliisque
2965 5290 3226 5360 similibus
3249 5290 3387 5360 locis
3416 5304 3444 5341 a
3479 5303 3562 5341 me
3589 5287 3638 5340 in
3670 5284 3780 5360 lt‘pi-

2235 5364 2368 5416 stola
2382 5355 3054 5428 ad.Archintumprt}:sulem
3082 5359 3258 5413 allatis
3280 5359 3489 5430 (infra),
3518 5367 3622 5430 tum
3637 5355 3778 5427 etim]!

2234 5447 2301 5487 ex
2333 5434 2418 5496 iis,
2443 5447 2558 5500 quae
2590 5433 2635 5485 is
2660 5423 2877 5484 dietavit
2898 5423 3543 5500 etiarrationeitipritriam
3579 5423 3780 5498 Joannis

2236 5503 2301 5555 ad
2361 5517 2425 5556 ea
2461 5499 2667 5570 capitis
2723 5517 2781 5555 ιιι
2832 5501 3028 5565 verba,
3084 5517 3102 5551 ι
3135 5499 3455 5570 Videbimus
3511 5510 3636 5570 eum
3692 5501 3784 5543 stc-

2235 5575 2310 5625 uti
2350 5583 2452 5633 est,
2501 5591 2519 5622 »
2545 5563 2618 5626 ὀι
2646 5571 2748 5625 alia
2785 5585 2901 5641 cap.
2945 5586 2996 5625 IV
3015 5563 3038 5623 7:
3077 5587 3097 5621 ι
3133 5568 3298 5624 Deum
3338 5582 3494 5622 nemo
3539 5563 3662 5618 vidit
3696 5573 3784 5612 un-

2237 5660 2412 5712 quam.
2449 5661 2465 5693 ι
