4104 6408
342 363 445 417 569

1376 370 1459 423 DE
1503 369 1883 427 TRINITATE
1917 372 2121 428 LIBER
2155 369 2542 426 SECUNDUS.

3500 373 3606 429 550

336 489 636 557 mdpzussv
665 488 948 556 ἀγγέλους.
982 492 1137 561 ’Πρδς
1188 491 1397 556 τούτοις
1457 492 1549 564 [78
1593 490 1646 565 b]
1685 494 1905 565 οὺᾷαμοὶ

2032 497 2243 549 vocavit
2278 494 2638 557 Paracletum,
2676 494 2816 547 sicut
2851 495 3014 547 etiam
3067 494 3321 548 Dominus
3358 493 3607 548 Christus

325 579 561 651 οΓραφῆς
583 582 664 643 είς
689 581 1114 652 δημιουργίαν,ῆ
1137 586 1595 657 μυσταγωγίαν,ἧ
1616 586 1921 655 δοξολογίαν

332 674 605 740 ἀγγέλους
648 677 1275 746 συμμνημονευομένους
1318 679 1646 751 εὑρίσκομεν
1675 682 1753 751 τῷ
1778 682 1916 752 Θεῷ.

332 765 440 818 Τοῦ
470 766 528 817 δὲ
564 767 719 834 ἀγίου
742 767 1057 837 Πνεῦματος
1082 771 1366 823 κοινωνίαν
1387 773 1522 842 πρὸς
1550 773 1648 844 τὴν
1691 773 1921 845 θεότητα

330 856 359 908 ὁ
394 856 610 920 Παῦλος
637 859 948 929 Κορινθίοις
990 863 1047 913 ἐν
1091 865 1155 933 τῇ
1190 862 1417 934 δευτέρᾳ
1461 866 1735 937 γέγραφεν
1772 867 1923 920 Ἐπιυ

331 948 496 1019 στολῇ
520 966 533 979 ·
570 966 590 999 ‹
631 948 693 1000 Ἦ
721 949 881 1019 χάρις
908 950 999 1003 τοῦ
1034 952 1239 1021 Κυρίου
1273 954 1429 1023 ἡμῶν
1458 956 1632 1024 Ἰησοῦ
1659 957 1915 1027 Χριστοῦ,

333 1041 489 1109 καΣή
523 1038 714 1109 ἀγάπη
748 1039 842 1092 τοῦ
884 1040 1018 1093 Θεοῦ
1063 1044 1156 1095 καὶ
1188 1045 1419 1115 Πατρος,
1466 1048 1561 1098 καὶ
1598 1048 1631 1116 ἡ
1666 1050 1916 1101 κοινωνία

334 1128 431 1180 τοῦ
465 1130 615 1197 ἁγίου
651 1130 966 1201 Πνεύματος
989 1148 1003 1161 ⁶
1036 1152 1055 1184 ι
1091 1134 1185 1187 καὶ
1210 1136 1268 1187 ἐν
1296 1135 1475 1200 ἄλλοις
1495 1154 1507 1165 ·
1546 1155 1565 1188 ι
1600 1138 1666 1190 Εἴ
1691 1156 1774 1202 τις
1806 1157 1917 1192 κοι-

336 1223 499 1275 νωνία
514 1222 885 1293 Πνεῦματος.»
919 1224 975 1279 Ὀ
1000 1224 1130 1294 γοῦν
1170 1226 1532 1299 Ἱεροψάλτης,
1561 1229 1657 1300 τὴν
1685 1230 1820 1300 πρὸς
1847 1230 1914 1284 τὰ

334 1313 680 1386 λειτουργικὰ
717 1316 1003 1386 πνεύματα
1035 1318 1335 1390 ἐξαλλαγὴν
1370 1319 1465 1372 τοῦ
1505 1322 1770 1392 ἀγενήτου
1814 1322 1915 1375 Λό-

329 1422 426 1475 γου
459 1408 553 1459 καὶ
584 1406 680 1460 τοῦ
718 1407 900 1461 θεῖκοῦ
940 1409 1276 1479 Πνεῦματος,
1310 1411 1404 1464 καὶ
1436 1412 1497 1465 τὸ
1535 1412 1609 1483 μὴ
1643 1408 1783 1466 εἶναι
1815 1415 1913 1485 τῆς

327 1498 555 1552 ἐκείνων
611 1501 945 1571 συστοιχίας,
999 1502 1113 1555 ἀλλ’
1150 1503 1254 1555 ὑπὸ
1291 1502 1399 1556 τῶν
1448 1504 1749 1557 αὐτοτελῶν
1781 1506 1912 1558 ὑπο-

327 1590 577 1645 στάσεων
625 1592 854 1657 τούτων,
900 1596 993 1647 καὶ
1040 1595 1106 1648 δι’
1137 1596 1335 1661 αὐτῶν,
1383 1598 1477 1651 καὶ
1522 1598 1590 1651 δι’
1620 1599 1788 1661 αὐτὰς
1821 1600 1912 1652 τὸν

322 1683 457 1736 Θεὸν
489 1686 731 1755 Πατέρα,
754 1688 849 1739 καὶ
874 1689 931 1739 ἐν
967 1688 1157 1752 αὑταῖς
1186 1688 1433 1743 ἐκτίσθαι
1462 1692 1587 1754 τοὺς
1620 1691 1907 1759 ἀγγέλους,

321 1775 420 1826 καὶ
460 1775 533 1827 τά
582 1776 759 1829 πάντα
796 1776 1131 1831 τελειοῦσθαι
1192 1778 1286 1832 καὶ
1335 1780 1769 1853 διακρατεῖσθαι,
1814 1782 1910 1853 βοᾷ

2030 597 2256 641 vocatus
2282 596 2360 640 est
2390 584 2703 638 Paracletus
2734 583 2845 655 (12)
2875 600 2940 638 ex
2972 601 3036 637 eo
3070 586 3210 653 quod
3260 586 3605 648 consoletur;

2029 678 2397 732 sanctiﬁcatos
2446 686 2624 730 autem
2660 678 2937 730 ministros
2967 677 3335 730 denominavit
3364 676 3603 745 angelus.

2028 771 2107 822 Ad
2138 770 2272 831 haec,
2307 770 2359 821 iu
2387 769 2532 820 nullo
2564 768 2861 835 Scriptum:
2902 768 3019 821 loco
3064 768 3284 835 angelos
3331 782 3435 819 una
3484 781 3605 821 cum

2028 858 2137 913 Deo
2169 858 2329 931 174
2357 871 2813 914 commcmoratos
2848 868 2942 911 attt
2973 859 3023 911 in
3067 859 3369 922 creatione,
3407 868 3500 912 aut
3550 858 3603 912 in

2028 952 2345 1014 initiatione,
2380 968 2473 1007 seu
2501 954 2750 1021 baptismi
2781 952 3091 1021 disciplina,
3124 961 3217 1005 aut
3246 952 3298 1005 in
3332 951 3602 1021 gloriﬁca-

2028 1044 2173 1099 tiOne
2209 1046 2535 1101 invenimus.
2574 1046 2755 1100 Sancti
2775 1062 2903 1101 vero
2959 1048 3195 1115 Spiritus
3234 1047 3603 1100 communica-

2026 1136 2247 1199 tionem,
2278 1152 2369 1189 seu
2397 1137 2851 1197 communionem,
2894 1153 2998 1205 qua
3050 1151 3395 1192 communem
3441 1137 3605 1191 habet

2020 1242 2143 1279 cum
2173 1225 2331 1280 Patre
2356 1228 2637 1294 deitatem,
2682 1228 2882 1283 Paulus
2922 1229 3221 1283 Corinthiis
3261 1229 3311 1282 in
3362 1228 3599 1283 secunda

2023 1322 2347 1373 memoravit
2385 1320 2616 1389 Epistola
2650 1340 2663 1375 :
2696 1340 2713 1373 ι
2776 1322 2961 1376 Gratia
3002 1321 3212 1374 Domini
3264 1322 3435 1375 nostri
3474 1317 3599 1373 Jesu

2019 1411 2246 1477 Christi,
2282 1424 2335 1467 et
2359 1415 2599 1469 cbaritas
2632 1414 2725 1469 Dei
2757 1432 2819 1469 ac
2844 1415 3039 1478 Patris,
3072 1425 3125 1468 et
3179 1416 3601 1468 communicatio

2021 1506 2191 1558 sancti
2227 1503 2481 1572 Spiritus.
2518 1526 2534 1558 ι
2582 1506 2647 1560 Ει
2675 1507 2800 1561 alibi
2826 1506 2969 1577 (13):
3012 1528 3030 1558 ι
3070 1506 3127 1560 Si
3159 1522 3261 1576 qua
3293 1505 3406 1575 (14)
3442 1521 3597 1559 cum-

2029 1598 2324 1651 municatio
2356 1597 2612 1666 Spiritus.
2651 1618 2670 1651 ι
2713 1599 2881 1653 Porro
2912 1599 3238 1652 famulantes
3275 1600 3500 1668 Spiritus
3530 1598 3599 1655 ab

2022 1687 2262 1742 iucrealo
2292 1686 2488 1754 Verbo,
2529 1706 2593 1745 ac
2625 1692 2807 1745 divino
2835 1692 3039 1760 Spiritu
3066 1690 3307 1754 diﬁ'erre,
3334 1692 3476 1745 hunc
3506 1705 3601 1744 ve-

2018 1794 2080 1833 ro
2116 1781 2182 1833 ad
2214 1780 2424 1835 illorum
2456 1783 2699 1837 ordinem
2731 1798 2836 1837 non
2882 1784 3173 1851 pertinere,
3226 1786 3318 1837 sed
3341 1782 3408 1836 ab
3447 1784 3597 1837 hisce

322 1867 539 1936 ῥήμασι
570 1867 795 1919 τοιοῖσδε
817 1884 830 1897 ·
861 1887 878 1919 ι
919 1868 1007 1939 Τῷ
1034 1870 1193 1940 Λόγῳ
1224 1872 1432 1942 Κυρίου
1453 1874 1501 1925 οἱ
1523 1873 1741 1942 οὐρανοὶ
1769 1876 1905 1927 ἐστε·

2016 1883 2114 1939 per
2140 1885 2198 1925 se
2232 1870 2487 1940 perfectis
2521 1873 2924 1942 bypostasibus,
2957 1882 3011 1925 et
3043 1889 3138 1942 per
3161 1889 3275 1938 eas,
3298 1883 3352 1925 et
3374 1882 3594 1942 propter

322 1958 634 2029 ρεώθησαν,
658 1960 848 2031 καὶτῷ
868 1950 1142 2033 Πνεῦματι
1163 1963 1255 2016 τοῦ
1280 1965 1541 2035 στόματος
1560 1967 1723 2019 αὑτοῦ
1742 1970 1911 2021 πᾶσαι

324 2050 382 2101 αἱ
408 2049 673 2119 δυνάμεις
702 2050 903 2104 αὐτῶν.
949 2070 967 2102 ι
1012 2051 1250 2123 Νοητέον
1284 2052 1390 2124 γὰρ
1420 2054 1612 2121 Λόγον,
1641 2054 1731 2107 τὸν
1760 2054 1825 2107 δι’
1850 2049 1910 2107 οὗ

320 2142 389 2194 τὰ
448 2142 670 2194 πάντα·
740 2141 966 2214 Πνεῦμα
1027 2144 1293 2215 στόματος
1350 2144 1584 2216 Κυρίου,
1648 2146 1709 2199 τὸ
1758 2146 1911 2214 ἅγιον

321 2232 553 2303 Πνεῦμα
577 2249 590 2261 ·
618 2233 876 2303 δυνάμεις
902 2235 1168 2304 οὐρανῶν,
1196 2235 1366 2299 αὐτάς
1396 2253 1455 2289 τε
1485 2236 1581 2300 τὰς
1626 2237 1911 2299 συστάσεις

317 2327 526 2391 αὐτῶν,
553 2326 649 2379 καὶ
678 2326 863 2397 μέντοι
914 2328 1200 2396 ἀγγέλους,
1245 2329 1341 2381 καὶ
1389 2330 1583 2401 ἀρχὰς,
1626 2332 1719 2383 καὶ
1761 2332 1910 2396 ἐξου-

321 2422 467 2485 σίας,
504 2420 601 2473 καὶ
659 2419 937 2491 δυνάμεις.
994 2422 1105 2474 Καὶ
1158 2421 1353 2476 πάλιν’
1414 2442 1431 2475 ι
1479 2425 1535 2476 '0
1580 2425 1750 2477 ποιῶν
1783 2426 1908 2489 τοὺς

317 2512 593 2581 ἀγγέλους
643 2513 808 2566 αὑτοῦ
862 2513 1168 2584 πνεύματα,
1227 2515 1320 2568 καὶ
1376 2516 1503 2581 τοὺς
1560 2516 1907 2589 λειτουργοὺς

315 2606 487 2659 αὐτοῦ
526 2605 638 2677 πῦρ
668 2605 883 2674 φλέγον.
918 2626 936 2659 ι
971 2605 1423 2679 Διαπληκτίζεται
1457 2608 1512 2661 δὲ
1548 2609 1683 2679 πρὸς
1710 2611 1906 2673 αὐτοὺς

315 2701 415 2754 καὶ
445 2702 473 2753 ὁ
515 2700 853 2765 Ἀπόστολος,
895 2700 1143 2771 κράζων
1181 2718 1201 2752 ι
1235 2701 1331 2754 Ἓν
1365 2700 1589 2772 Πνεῦμα
1620 2701 1909 2773 ἐποτίσθη-

318 2812 441 2863 μεν.
488 2813 507 2845 ι
556 2794 643 2855 Ὡς
673 2793 781 2865 γὰρ
803 2793 862 2846 τὸ
886 2793 1225 2865 ἀπαύγασμα
1262 2794 1593 2866 χωρισθῆναι
1624 2797 1905 2867 ἀμήχανον

312 2884 412 2938 τοῦ
446 2884 649 2953 φωτὸς,
684 2886 777 2938 καὶ
824 2886 925 2956 τὴν
968 2886 1157 2956 σοφίαν
1191 2885 1285 2939 τοῦ
1334 2888 1500 2954 σοφοῦ
1532 2928 1547 2951 ,
1596 2887 1741 2941 τοῦτ’
1788 2888 1904 2941 ἔστι

311 2977 408 3031 τὸν
436 2978 570 3029 Υίον
605 2977 712 3030 ἀπὸ
743 2976 836 3031 τοῦ
870 2979 1114 3049 Πατρὸςο
1146 2978 1323 3043 οὕτως
1349 2980 1444 3033 καὶ
1476 2980 1537 3033 τὸ
1559 2980 1713 3049 ἅγιον
1736 2981 1906 3034 Πνεῦ-

314 3087 395 3139 μα
435 3068 537 3121 ἀπ’
583 3069 812 3134 ἐκείνου,
856 3060 919 3119 οὗ
974 3068 1089 3121 ἐστι
1132 3068 1378 3140 Πνεῦμα,
1416 3070 1491 3133 ὡς
1528 3072 1659 3142 ἡμῖν
1687 3072 1715 3123 ὃ
1776 3073 1905 3124 ἀνα-

315 3164 579 3233 πνέομεν.
613 3161 843 3215 Ἔλαθον
872 3160 1050 3215 τοίνυν
1080 3163 1326 3226 ἑαυτοὺς,
1360 3163 1436 3227 ὼς
1464 3164 1530 3216 δι’
1564 3156 1637 3216 ὧν
1661 3164 1903 3235 ἀκαίρως

2015 1975 2141 2029 eas,
2176 1974 2233 2015 ιιι
2277 1972 2331 2015 ει
2385 1973 2605 2033 propter
2638 1963 2806 2018 Deum
2861 1963 3076 2018 Patrem
3127 1962 3260 2034 (15),
3308 1977 3362 2018 ει
3414 1965 3465 2017 in
3514 1963 3594 2016 eis

2013 2067 2229 2110 creatos
2254 2070 2373 2109 esse
2408 2056 2650 2126 angelos,
2691 2071 2890 2125 easque
2935 2058 3116 2111 omnia
3166 2058 3491 2126 perfecisse,
3539 2068 3595 2111 et

2011 2161 2374 2212 conservare,
2442 2147 2641 2202 clamat
2695 2165 2851 2204 sacer
2923 2148 3133 2205 Psaltes
3199 2150 3282 2205 his
3349 2149 3590 2205 verbis:

2016 2256 2035 2289 ι
2056 2236 2235 2292 Verbo
2258 2238 2370 2308 (l6)
2405 2238 2613 2293 Domini
2642 2240 2764 2294 coeli
2790 2242 2987 2295 lirmati
3021 2252 3166 2309 sunt,
3187 2254 3240 2297 et
3264 2243 3466 2311 Spiritu
3483 2242 3595 2295 oris

2010 2328 2125 2397 ejus
2150 2345 2339 2385 onmcs
2370 2331 2597 2385 virtutes
2624 2346 2833 2387 eorum.
2876 2351 2894 2384 ι
2931 2333 3021 2388 Sic
3055 2336 3198 2387 enim
3245 2334 3593 2403 intelligenda

2009 2435 2135 2478 sunt
2168 2440 2180 2475 :
2225 2421 2458 2477 Verbum
2497 2436 2577 2479 est
2608 2427 2755 2491 illud,
2779 2442 2875 2495 per
2896 2429 3038 2495 quod
3070 2440 3197 2483 sunt
3233 2429 3448 2492 omnia;
3475 2425 3596 2495 Spi-

2010 2516 2148 2569 ritus
2172 2516 2282 2570 oris
2306 2516 2514 2569 Domini
2551 2528 2635 2572 est
2663 2518 2898 2589 Spiritus
2930 2534 3169 2575 sanctus.
3210 2521 3445 2575 Virtutes
3477 2535 3593 2575 cae-

2009 2607 2183 2661 lorum
2210 2618 2336 2661 sunt
2366 2624 2486 2662 cum
2525 2609 2653 2677 ipsa:
2682 2625 2868 2663 eorum
2901 2613 3172 2673 essentne,
3215 2621 3263 2665 et
3321 2612 3589 2667 conStitu-

2008 2700 2204 2763 tiones,
2255 2710 2364 2753 tum
2405 2700 2568 2753 etiam
2624 2701 2821 2769 angeli,
2856 2712 2910 2755 ct
2942 2703 3299 2771 principatus,
3339 2714 3393 2757 et
3440 2717 3592 2772 pote-

2006 2802 2195 2857 States,
2224 2802 2277 2846 et
2307 2793 2553 2847 virtutes.
2588 2792 2655 2847 Et
2679 2809 2901 2849 rursus:
2939 2812 2958 2845 ι
3000 2792 3099 2860 Qui
3129 2795 3255 2849 facit
3289 2794 3402 2865 (17)
3426 2811 3591 2864 ange-

2007 2884 2088 2940 los
2135 2900 2262 2940 suos
2312 2886 2556 2955 Spiritus,
2606 2895 2661 2940 et
2715 2888 2991 2942 ministros
3031 2904 3159 2943 suos
3198 2890 3372 2959 ignem
3422 2904 3590 2944 uren-

2010 2988 2137 3032 tem.
2174 2997 2193 3029 ι
2230 2978 2367 3044 Quin
2402 2979 2692 3047 Apostolus
2733 2980 2895 3033 etiam
2947 2981 3090 3049 ipsos
3130 2981 3431 3051 impugnat,
3477 2981 3589 3037 cla-

2006 3086 2193 3124 mans:
2226 3090 2244 3122 ι
2286 3069 2402 3125 Uno
2444 3071 2556 3142 (18)
2594 3071 2796 3140 Spiritu
2826 3074 2991 3141 potati
3022 3087 3228 3127 sumus.
3270 3091 3290 3125 ι
3322 3074 3460 3126 Nam
3485 3074 3591 3128 sic-

2006 3172 2066 3217 ut
2109 3164 2362 3232 splendor
2400 3179 2427 3216 a
2464 3162 2580 3219 luce
2600 3166 2842 3232 separari
2889 3181 2994 3220 non
3020 3174 3218 3233 potest,
3248 3180 3346 3220 nec
3371 3166 3590 3236 sapien-

314 3261 448 3329 ἡμῖν
472 3258 538 3311 οὐ
575 3255 932 3319 συντίθενται,
969 3258 1061 3310 καὶ
1091 3257 1170 3319 είς
1211 3256 1300 3309 τὸν
1336 3256 1729 3311 ἀκατάσειστον
1758 3254 1904 3312 οἷκον

2012 3255 2081 3308 tia
2116 3270 2144 3306 a
2169 3255 2430 3322 sapiente,
2454 3255 2504 3309 id
2544 3266 2647 3320 est,
2671 3254 2841 3311 Filius
2874 3272 2902 3309 a
2933 3256 3093 3310 Patre
3120 3275 3133 3308 :
3160 3256 3236 3310 sic
3262 3271 3330 3309 ne
3354 3252 3590 3323 Spiritus

319 3352 602 3404 ἐπάνεισιν
650 3350 740 3401 τὸν
786 3351 844 3401 ὲν
892 3349 1107 3420 ἀρχαῖς,
1153 3347 1277 3402 ὅθεν
1328 3349 1724 3421 ἀπεπήδησαν”
1757 3350 1902 3421 πρά-

322 3461 510 3514 γματα
536 3441 795 3495 πλέκουσι
822 3440 901 3511 τῷ
941 3440 1268 3511 Ἀποστόλῳ,
1306 3440 1483 3495 αὐτῶν
1524 3442 1688 3495 ἕνεκα
1709 3440 1799 3513 [79
1824 3460 1857 3495 a
1883 3442 1901 3514 ]

322 3534 819 3605 διαμαρτυραμένῳ
842 3534 899 3585 έν
926 3536 1036 3596 τοῖς
1070 3533 1408 3603 ἑγκειμένοις
1438 3532 1601 3585 αὐτοῦ
1639 3534 1900 3603 ῥήμασιν,

322 3628 558 3682 Minima;
582 3629 676 3699 τῆς
703 3628 959 3681 ἀκτίστου
999 3626 1215 3696 φύσεως
1246 3628 1341 3679 καὶ
1382 3629 1480 3697 τῆς
1516 3627 1759 3695 κτιστῆς,
1795 3642 1899 3678 πα-

394 3786 507 3857 (12)
549 3783 879 3839 Paracletus.
898 3783 1027 3838 Vide
1042 3782 1237 3837 librum
1265 3780 1337 3835 De
1358 3779 1503 3849 Spir.
1539 3790 1718 3833 sancta
1747 3796 1894 3833 num.

316 3857 387 3911 27
420 3867 474 3910 et
495 3857 584 3911 28.

540 3927 699 4003 alibi.
726 3925 1007 4003 Vi‘deupag.
1036 3923 1102 3978 18
1131 3931 1251 4003 _no_t.
1674 3990 1707 4003 ἢ
1758 3988 1790 4003 η
1834 3992 1845 4001 ,

386 3988 502 4069 (ιι)
547 3997 605 4051 Si
630 4014 754 4067 qua.
778 3988 1005 4069 Philipp.
1031 4011 1095 4069 ii,
1125 3994 1176 4047 t.
1200 3993 1257 4045 lu
1281 3990 1739 4069 libroquoqueDe
1752 3988 1894 4058 Spir.

311 4063 499 4123 sancto
524 4063 674 4142 num.
708 4069 794 4129 17,
828 4063 1000 4142 locum
1031 4066 1175 4118 hunc
1196 4063 1381 4142 eodem
1406 4065 1563 4115 modo
1585 4071 1895 4142 acceperat,

315 4154 582 4205 suamque
600 4137 1124 4206 interpretationem,
1151 4140 1241 4186 aut
1261 4142 1634 4206 argumentum
1658 4133 1779 4185 inde
1806 4133 1901 4185 du-

314 4220 461 4264 ctum
488 4208 710 4263 uberius
744 4208 1121 4264 exolicaverat.

385 4281 501 4357 (15)
549 4276 777 4357 Patrem.
800 4270 999 4343 Codex,
1016 4278 1115 4357 ei»)
1137 4274 1268 4329 Θεὸν
1294 4272 1542 4357 Πατέρα.
1568 4270 1671 4357 Sed
1697 4273 1891 4357 aliquid

314 4343 673 4419 supplendum
704 4365 821 4403 esse
853 4350 1191 4429 perspicuum
1228 4353 1350 4427 est:
1381 4343 1525 4413 puta,
1562 4343 1637 4406 ὡς
1670 4344 1762 4397 καὶ
1807 4343 1893 4397 διὰ

314 4420 405 4475 τὸν
434 4421 570 4474 Θεὸν
605 4420 843 4485 Πατέρα,
887 4418 969 4474 vel
998 4419 1139 4471 aliud
1164 4417 1311 4485 qunl.

312 4420 405 4475 τὸν
434 4421 570 4474 Θεὸν
605 4420 843 4492 Πατέρα,
887 4420 969 4474 vel
998 4420 1139 4471 aliud
1164 4420 1311 4485 quid.

387 4492 503 4562 (16)
555 4488 742 4562 Yerbo.
773 4490 899 4562 Vide
940 4499 1049 4562 not.
1081 4488 1169 4551 55,
1202 4486 1398 4562 pag._7.

2010 3344 2228 3415 quidem
2259 3356 2479 3399 sanctus
2504 3348 2571 3398 ab
2593 3361 2678 3411 eo,
2706 3346 2861 3413 cujus
2896 3357 2976 3401 est
3013 3347 3272 3416 Spiritus,
3319 3345 3463 3400 sicut
3502 3360 3591 3398 uo-

2011 3438 2094 3492 bis
2124 3447 2207 3491 est
2229 3438 2454 3507 spiritus
2490 3438 2598 3500 ille,
2627 3453 2788 3507 quem
2825 3440 3117 3508 spiramus.
3153 3438 3338 3506 Itaque
3378 3451 3474 3507 per
3501 3450 3587 3498 ea,

2011 3536 2064 3590 in
2090 3536 2284 3605 quibus
2313 3536 2692 3603 intempestive
2711 3550 2740 3588 a
2778 3536 2933 3589 nobis
2958 3535 3309 3599 dissentiunt,
3340 3545 3503 3603 atque
3530 3533 3586 3587 in

2008 3627 2383 3681 inconcussam
2412 3626 2629 3679 domum
2654 3625 2789 3695 (19),
2826 3625 2915 3679 ubi
2942 3625 3095 3679 initio
3129 3625 3288 3695 175
3330 3632 3505 3689 erant,
3534 3636 3589 3678 et

2000 3779 2252 3835 Ecclesize
2281 3779 2560 3834 catholica:
2588 3779 2765 3835 sinum
2794 3780 2974 3835 redire
3001 3779 3135 3843 vult,
3166 3795 3327 3849 quam
3367 3782 3585 3834 domum

2004 3851 2380 3904 inconcussam
2414 3860 2590 3914 vocat,
2618 3851 2758 3918 quod
2792 3870 2810 3901 ι
2846 3851 3081 3912 concuti,
3116 3870 3135 3901 ι
3171 3853 3221 3903 id
3239 3862 3323 3904 est
3354 3851 3460 3903 falli
3493 3867 3588 3905 ne-

1918 3953 1926 3965 .
1998 3930 2181 3987 queat,
2213 3930 2399 3989 utpote
2433 3939 2451 3971 ι
2481 3921 2728 3974 columna
2758 3930 2808 3975 et
2832 3922 3232 3975 ﬁrmamentum
3265 3922 3531 3989 veritatis,
3562 3950 3583 3976 δ

2000 3991 2069 4043 de
2107 4006 2209 4059 qua
2252 3991 2477 4058 proinde
2511 3991 2675 4043 etiam
2710 3993 2761 4044 itt
2793 4002 3088 4045 comment.
3134 3994 3189 4043 in
3227 3990 3470 4044 Psalmos
3520 3994 3586 4044 ad

1999 4074 2142 4133 vers.
2166 4061 2246 4133 7710
2272 4062 2407 4133 psal.
2438 4076 2539 4133 xcv
2575 4061 2651 4133 sic
2680 4060 2922 4131 loquitur
2949 4063 3102 4133 είΤὴν
3138 4062 3464 4132 Ἐκκλησίαν
3490 4064 3588 4116 αὑ-

1996 4129 2114 4191 τοῦ,
2158 4132 2279 4239 ὗΙγτις
2316 4132 2376 4183 οὐ
2422 4129 2815 4201 σαλευθήσεται
2843 4148 2858 4162 ⁸
2908 4129 3298 4202 τεθεμελίωται
3327 4129 3453 4203 ’γὰρ
3494 4134 3587 4185 ἐπὶ

2001 4199 2098 4239 τῦιυ
2133 4218 2172 4239 π
2204 4218 2336 4239 φησι)
2410 4203 2459 4239 id
2502 4210 2581 4239 ne!
2618 4220 2634 4239 ι
2671 4203 2966 4239 Ιιίιι-Ιηαῖοιηι
3018 4205 3132 4239 ninc
3180 4204 3295 4239 [nni
3338 4204 3562 4239 cnilinnl\

2001 4199 2098 4271 τὴν
2133 4199 2357 4271 πέτραν,
2410 4203 2460 4254 id
2502 4210 2582 4255 est
2618 4199 2967 4257 (Ecclesiam
3018 4199 3134 4269 ejus
3180 4204 3296 4275 (Dei
3336 4199 3584 4271 Scilicet),

2001 4285 2123 4339 quae
2174 4289 2285 4341 non
2319 4275 2694 4336 concutietur;
2730 4276 2945 4326 fundata
2992 4276 3134 4327 enim
3176 4284 3258 4327 est
3305 4289 3465 4340 supra
3496 4288 3589 4341 pe-

2004 4351 2162 4395 tram.
2204 4361 2221 4392 ι
2263 4340 2451 4396 Plures
2483 4358 2645 4411 porro
2680 4344 2856 4397 adhuc
2883 4356 3059 4409 erant,
3104 4360 3227 4398 cum
3261 4344 3373 4397 hate
3417 4340 3586 4396 dicta-

2002 4412 2197 4464 bantur
2229 4430 2256 4464 ιι
2302 4414 2546 4483 Didyme,
2579 4429 2681 4467 non
2714 4416 2883 4467 solum
2918 4414 3034 4466 laici
3075 4425 3128 4467 et
3156 4414 3358 4475 clerici,
3392 4414 3500 4483 ised
3534 4423 3584 4464 et

2001 4483 2258 4550 episcopi,
2305 4482 2410 4550 qui
2445 4485 2843 4553 Scripturarum
2892 4500 2954 4537 ac
3009 4484 3223 4537 Patrum
3275 4486 3341 4537 de
3383 4482 3584 4550 Spiritu

391 4552 507 4633 (17)
551 4560 653 4626 Qui
675 4562 823 4633 facit.
849 4558 1127 4633 Psal.gcm,
1151 4552 1295 4633 vers:
1319 4554 1445 4633 41in
1472 4552 1616 4633 libro
1646 4552 1719 4609 De
1926 4559 1971 4613 D
2002 4563 2191 4633 sancto
2219 4555 2531 4633 locutiones
2550 4552 2623 4607 ita
2658 4554 2998 4633 accipiendas
3023 4554 3585 4633 essesentiebantLiit

315 4624 502 4689 sancto
527 4624 707 4707 tium;
723 4630 792 4685 56
833 4630 1101 4707 videbitur
1138 4628 1296 4700 paulo
1322 4626 1479 4681 aliter
1517 4624 1710 4707 legisse
1741 4626 1897 4707 Didy—

316 4721 461 4769 mus,
492 4704 541 4758 si
576 4703 869 4757 editionem
895 4698 1260 4755 Veronensem
1284 4710 1575 4767 sequamur
1603 4711 1622 4773 :_
1650 4698 1892 4773 sic_ei_iim

318 4766 525 4829 habet:
560 4790 579 4825 ι
610 4773 959 4842 Appellantur
992 4784 1203 4842 quoque
1241 4766 1487 4838 superna:
1519 4766 1897 4842 rationabiles-

317 4860 421 4913 que
450 4833 710 4907 virtutes,
729 4858 862 4912 quas
896 4833 1029 4897 solei
1052 4833 1339 4916 Scriptura
1378 4833 1704 4916 angelosnet
1745 4836 1898 4916 ΐοειὶτ

318 4904 536 4969 ιύιίίιιεε
583 4904 883 4979 nominare,
916 4904 1447 4977 vocabulo'spiritus,
1482 4913 1538 4958 ut
1572 4904 1642 4958 ibi
1680 4922 1695 4957 :
1732 4926 1751 4957 ‹
1794 4906 1896 4973 Qui

316 4986 451 5040 lacis
492 4986 715 5053 angelos
757 4994 874 5039 tuos
920 4982 1165 5055 spiritus.
1202 4998 1221 5031 ι
1251 4980 1528 5055 ᾼι-εῃοόει
1580 4986 1762 5055 noster
1792 4993 1895 5031 ms.

316 5057 520 5125 aliique
556 5047 758 5128 habent
785 5071 800 5107 :
830 5064 887 5128 ιιι
925 5047 999 5107 ibi
1033 5053 1109 5105 ait
1142 5068 1211 5128 :_r
1242 5049 1358 5128 Qui
1377 5047 1503 5100 facit
1532 5047 1752 5128 angelos
1773 5062 1899 5128 suos

315 5116 557 5195 spiritus.
599 5144 619 5176 ι
662 5125 1031 5180 Tertullianus
1068 5116 1277 5195 pariter
1304 5120 1397 5195 lib.
1429 5116 1897 5195 n_ndv._ﬁ_!arcioo

317 5189 430 5249 siem
462 5211 584 5263 cap.
616 5196 649 5249 8
676 5196 753 5250 sic
778 5197 909 5250 citat
945 5211 957 5247 :
999 5212 1017 5244 ι
1046 5189 1147 5258 Qui
1174 5189 1541 5263 facit,_inquit,
1562 5189 1783 5256 spiritus
1802 5204 1897 5242 au-

317 5266 485 5339 gelos,
506 5259 563 5339 εἰ
576 5266 918 5339 apparitores
946 5259 1397 5339 ﬂaminiatnjgttis.
1436 5278 1455 5309 ι

387 5338 501 5407 (18)
543 5329 685 5389 Uno.
722 5336 737 5388 I
779 5336 845 5389 ad
880 5334 1008 5389 Cor.
1041 5350 1153 5407 xu,_
1182 5330 1269 5407 1:5.
1312 5329 1497 5407 (Barca
1545 5329 1710 5407 editio
1756 5346 1770 5383 :
1820 5329 1901 5391 είς

316 5400 405 5469 ἓν,
430 5400 531 5461 hoc
568 5416 653 5461 est
687 5426 706 5458 ι
737 5408 791 5460 in
824 5421 953 5465 uno,
991 5424 1010 5457 ι
1052 5415 1109 5458 ιιι
1142 5402 1305 5456 habet
1328 5400 1586 5469 Vulgatus
1610 5401 1895 5469 interpres.

318 5476 549 5531 Ruﬁnus
578 5491 795 5546 quoque
832 5475 1147 5546 Palaestinos
1172 5472 1315 5546 legit
1356 5481 1414 5523 ut
1437 5472 1693 5546 Didymus
1720 5486 1743 5546 _:
1769 5486 1898 5546 nam

318 5549 373 5601 iu
409 5549 547 5601 libro
581 5540 659 5601 De
684 5540 790 5615 [ide
816 5562 941 5599 num
976 5546 1041 5599 M
1070 5545 1148 5598 sic
1172 5543 1335 5615 legit:
1377 5558 1396 5591 ι
1437 5540 1613 5596 Unum
1642 5540 1900 5609 Spiritum

317 5622 478 5687 potati
516 5613 730 5674 sumus.
770 5635 789 5667 ι
821 5615 955 5670 Vide
986 5630 1154 5684 segni.
1188 5613 1285 5667 120
1307 5630 1365 5687 ιζ.

388 5690 497 5759 (l9)
538 5688 609 5741 In
647 5691 1013 5759 inconcussam
1038 5678 1271 5738 domum.
1305 5681 1546 5759 _R_espici_t
1582 5680 1708 5759 illuc
1752 5678 1902 5759 Pauli

319 5754 370 5810 in
393 5750 489 5829 Ep:
524 5759 543 5812 Ι
581 5760 650 5812 ad
682 5757 827 5811 Tim.
853 5772 973 5829 cap.
1010 5772 1093 5829 nt,
1123 5754 1365 5829 νεεδ-.-15
1401 5769 1415 5829 ξ
1454 5771 1471 5803 ι
1496 5753 1563 5829 _ln
1596 5753 1754 5806 domo
1783 5750 1900 5829 Dei,

318 5823 541 5896 quaest
572 5829 821 5886 Ecclesia
862 5823 955 5884 Dei
995 5828 1121 5883 vivi.
1170 5844 1188 5876 ›
1237 5823 1646 5879 Macedonianos
1680 5838 1808 5892 ergo
1847 5823 1901 5876 in

1998 4635 2092 4693 eas
2114 4623 2482 4677 Macedoniaui
2522 4625 3036 4693 interpretabantur.
3081 4624 3444 4678 Nihilominus
3494 4624 3586 4676 Di-

1999 4692 2193 4762 dymus
2227 4694 2332 4747 duo
2384 4695 2470 4747 bic
2503 4692 2756 4761 tanquam
2801 4705 2949 4747 certa
3002 4694 3165 4749 habet
3201 4712 3213 4747 :
3246 4696 3435 4763 primo
3470 4707 3583 4755 eos,

1997 4764 2087 4829 qui
2126 4763 2431 4831 bujusmodi
2470 4763 2766 4817 locutiones
2805 4767 2884 4818 sic
2918 4762 3281 4831 explicabant,
3310 4775 3368 4817 ut
3416 4762 3587 4833 Spiri-

2001 4840 2113 4885 tum
2146 4845 2389 4887 sanctum
2419 4833 2564 4887 Patri
2600 4834 2847 4903 Filioque
2873 4833 3392 4890 consubstantialem
3427 4838 3587 4886 deno-

2001 4910 2194 4967 tarent,
2252 4919 2371 4958 esse
2418 4904 2560 4956 illam
2617 4905 2820 4959 Christi
2870 4905 3191 4969 Ecclesiam,
3234 4920 3398 4974 quam
3452 4904 3585 4959 ﬁdes

2000 4974 2157 5027 docet
2201 4989 2323 5028 esse
2371 4974 2710 5028 infallibilem
2768 4993 2782 5029 :
2836 4977 3032 5031 deinde
3082 4975 3497 5031 Macedonianos
3531 4976 3583 5028 in

2000 5042 2241 5097 Ecclesia
2282 5045 2511 5114 amplius
2541 5062 2643 5098 non
2673 5050 2954 5102 exsistere.
2996 5046 3193 5100 Verum
3232 5046 3275 5099 si
3307 5045 3361 5101 in
3385 5045 3587 5100 Febre-

2001 5116 2163 5167 niana
2200 5118 2395 5181 potius,
2431 5131 2591 5184 quam
2636 5118 2688 5169 in
2726 5118 3025 5183 theologica
3075 5117 3262 5170 scbola
3306 5116 3585 5169 institutus

2003 5183 2211 5249 fuisset,
2237 5186 2379 5239 baud
2408 5183 2520 5241 seio
2558 5202 2624 5238 an
2655 5189 2767 5241 haec
2798 5190 2902 5241 duo
2935 5187 3164 5240 ﬁdenter
3196 5195 3579 5240 asseverasset.

2001 5254 2197 5319 Quaero
2244 5256 2389 5309 enim
2440 5271 2504 5309 ex
2559 5269 2848 5325 personato
2890 5257 2981 5311 illo
3014 5256 3400 5327 jurisconsulto
3432 5252 3582 5327 [nam

2000 5341 2065 5380 eo
2088 5327 2200 5393 jam
2230 5337 2447 5379 ventum
2480 5336 2583 5390 est,
2624 5337 2681 5379 ut
2712 5330 2777 5381 de
2806 5328 3119 5397 theologicis
3167 5328 3327 5381 rebus
3358 5326 3587 5393 jurispe-

2003 5397 2138 5479 rites
2168 5398 2473 5479 consulere,
2502 5408 2555 5451 et
2583 5412 2701 5465 qua:
2736 5414 2798 5479 εις
2838 5396 3102 5479 theologis
3129 5396 3457 5479 accepimus,

2005 5467 2214 5521 discere
2234 5483 2329 5519 nos
2351 5468 2543 5522 debere
2566 5471 2896 5522 contendant
2921 5466 3043 5524 novi
3066 5468 3155 5521 isti
3179 5466 3581 5536 jurisconsulti,

2004 5547 2063 5589 ut
2103 5552 2165 5590 ea
2225 5538 2515 5602 discamus,
2567 5554 2684 5606 qua:
2729 5539 2832 5602 ipsi
2881 5553 2979 5593 nos
3018 5536 3319 5607 dedecent]
3368 5552 3577 5605 quiero,

2005 5607 2249 5676 inquam,
2280 5623 2343 5661 ex
2376 5618 2449 5671 te,
2482 5607 2694 5661 Justiue
2722 5608 2981 5673 Febroni,
3011 5622 3246 5677 quonam
3281 5613 3439 5661 modo
3466 5609 3583 5660 ha'c

2005 5678 2112 5730 duo
2150 5691 2272 5730 vera
2324 5682 2609 5732 ostendere
2654 5678 2911 5748 Didymus
2963 5677 3262 5748 potuisset?
3301 5677 3382 5730 An
3422 5690 3582 5748 ex_eo

2005 5749 2148 5815 quod
2175 5748 2449 5801 Romanus
2478 5745 2779 5817 episcopus,
2807 5757 2900 5803 aut
2926 5745 3165 5802 R’oritana
3195 5749 3435 5802 Ecclesia
3458 5745 3583 5817 Εε-

2007 5820 2292 5874 clcsiaruzn
2345 5816 2582 5874 omnium
2646 5816 2902 5891 magistra
2951 5818 3389 5875 Macedonianam
3436 5816 3578 5869 illam
