4104 6408
570 361 670 417 551

1809 348 2050 404 manu
2092 344 2564 404 ALEXANleNl
3016 326 3021 334 ‘

572 475 715 529 unde
738 471 1053 526 exsilierunt
1084 468 1224 539 (ΞΟ),
1260 483 1365 521 non
1395 474 1762 530 revertuntur,
1816 479 1876 518 se
1929 464 2143 532 litigare

2255 458 2569 531 ραπλησίως
2621 475 2738 518 πως
2778 455 2872 508 τοῦ
2928 455 3206 519 εἰπόντος’
3245 474 3261 506 t
3294 455 3578 524 ’Ἥμαρτον
3615 452 3690 524 τῷ
3719 454 3831 525 Θεῷ

571 580 692 618 cum
729 561 1009 631 Apostolo,
1035 561 1194 627 eique
1212 559 1372 612 veluti
1398 558 1672 625 negotium
1712 557 1987 610 facessere
2037 570 2140 607 non

571 656 1039 714 animadvertunt,
1093 652 1184 721 qui
1232 651 1468 720 ipsorum
1515 664 1678 704 causa
1732 649 1782 701 in
1839 647 2017 701 verbis
2043 645 2152 713 jam

572 747 749 801 allatis
773 746 1078 800 obtestatus
1107 754 1214 798 est'
1243 758 1428 797 coram
1485 750 1681 796 natura
1719 752 1827 792 tum
1881 741 2144 799 increata,

2261 551 2356 604 καὶ
2393 548 2732 621 ἀνθρώποις·
2777 568 2794 599 ι
2853 549 2977 613 καὶ,
3018 568 3038 600 ι
3092 546 3543 620 Διαμαρτύρομαι
3601 548 3833 618 σήμερον

2260 645 2352 697 τὸν
2388 642 2613 715 οὐρανὸν
2647 641 2740 695 καὶ
2780 641 2879 713 τὴν
2909 641 3049 712 γῆνο
3090 660 3109 693 ι
3162 641 3274 703 καὶ,
3312 661 3330 691 ι
3367 641 3586 705 "Amos,
3618 642 3829 711 οὐρανὲ,

2259 737 2354 790 καὶ
2381 732 2658 798 ἐνωτίζου,
2694 732 2787 803 γῆ.
2829 752 2848 785 ι

574 848 686 893 tum
737 848 954 901 creata,
1009 852 1074 892 eo
1120 836 1234 890 fere
1270 835 1431 889 modo
1485 849 1592 903 quo
1647 834 1868 902 quidam
1924 832 2096 886 dixit:
2131 850 2148 880 ι
2185 830 2408 885 Peccavi
2451 828 2564 898 (2|)
2607 826 2718 882 Deo
2757 835 2810 881 et
2850 825 3190 892 hominibus;
3222 844 3240 877 ι
3291 837 3391 880 et:
3443 844 3461 876 ι
3497 823 3691 879 Testor
3727 822 3834 893 (‘22)

572 932 732 987 holie
777 929 994 991 caelum,
1040 935 1096 981 et
1135 936 1368 990 terram;
1411 943 1430 978 ι
1459 935 1553 978 et:
1591 943 1610 974 ι
1643 923 1780 978 Audi
1819 921 1955 994 (25),
1986 921 2208 987 caelum,
2235 930 2292 976 et
2329 920 2552 974 auribus
2583 918 2822 988 percipe,
2861 927 3029 974 terra.
3061 937 3079 970 ι

642 1026 763 1080 ΧΧ.
790 1025 1048 1078 Creatura
1069 1023 1374 1076 communia
1395 1035 1517 1074 cum
1549 1020 1660 1074 Deo
1711 1020 1872 1090 176
1897 1033 2004 1072 non
2051 1018 2146 1072 ha-

571 1120 664 1173 bet
699 1115 938 1178 nomina,
969 1114 1108 1168 sicut
1141 1129 1208 1166 ne
1229 1123 1477 1166 naturam
1512 1111 1753 1180 quidem.
1799 1112 1870 1163 At
1914 1108 2150 1180 Spiritus

572 1218 812 1269 sanctus,
839 1204 962 1273 quia
993 1217 1334 1258 communem
1368 1216 1491 1254 cum
1519 1200 1627 1254 Deo
1669 1209 1918 1254 naturam
1966 1200 2149 1264 habet,

573 1295 881 1351 communia
915 1296 1077 1347 etiam
1124 1307 1244 1346 cum
1307 1291 1426 1360 ipso
1494 1290 1658 1345 habet
1715 1289 1981 1344 nomina:
2049 1289 2151 1342 nisi

573 1388 716 1458 quod
739 1388 899 1442 Pater
927 1385 1075 1441 solus
1103 1393 1325 1438 vocatur
1355 1384 1534 1446 Pater,
1565 1383 1690 1452 quia
1723 1382 1872 1438 solus
1903 1382 2157 1452 hyposta-

574 1483 619 1536 si
652 1491 912 1550 generat;
950 1487 1002 1532 et
1028 1477 1199 1530 Filius
1236 1477 1384 1530 solus
1413 1476 1614 1528 dicitur
1645 1474 1813 1528 Filius
1861 1476 2153 1528 increatam

574 1583 827 1625 naturam
861 1567 1084 1628 habens,
1125 1581 1229 1622 non
1260 1580 1386 1620 vero
1417 1564 1614 1618 dicitur
1631 1563 1817 1628 Pater,
1849 1564 1975 1632 quia
2030 1577 2158 1617 vere

573 1670 885 1733 generatur,
917 1659 1013 1713 sed
1047 1671 1155 1712 non
1200 1666 1442 1724 generat.
1509 1654 1588 1709 Ita
1641 1654 1921 1724 Scriptura
1980 1654 2154 1721 ipsum

573 1750 738 1804 etiam
771 1746 1030 1816 Spiritum
1069 1753 1227 1800 vocat
1253 1745 1560 1810 Dominum,
1590 1751 1778 1812 utpote
1826 1743 1988 1796 rebus
2033 1755 2152 1796 om-

2325 1018 2409 1070 K'.
2460 1015 2525 1068 Ἦ
2551 1015 2730 1077 κτίσις
2759 1012 3099 1082 ἀκοινώνητα
3124 1011 3324 1082 ἔχειτὰ
3351 1011 3588 1080 ὀνόματα
3615 1010 3749 1081 πρὸς
3772 1011 3834 1062 τὰ

2256 1109 2350 1162 ἐπὶ
2374 1108 2468 1161 τοῦ
2499 1107 2635 1160 Θεοῦ
2668 1107 2935 1176 λεγόμενα
2976 1107 3233 1175 ὀνόματα,
3261 1104 3335 1167 ὠς
3377 1105 3472 1158 καὶ
3517 1103 3616 1174 τὴν
3655 1103 3831 1172 φύσιν.

2257 1203 2330 1256 Τὸ
2355 1202 2411 1255 δὲ
2435 1201 2588 1270 ἅγιον
2616 1200 2843 1269 Πνεῦμα
2879 1200 3124 1252 κοινωνεῖ
3154 1199 3266 1260 τοῖς
3295 1197 3521 1267 ὀνόμασι
3559 1195 3652 1248 τοῦ
3683 1193 3830 1255 Θεοῦ,

2257 1294 2348 1348 διὰ
2379 1295 2440 1348 τὸ
2473 1295 2565 1347 καὶ
2599 1296 2666 1364 τῇ
2706 1292 2867 1362 φύσει
2906 1293 3206 1346 κοινωνεῖν*
3264 1291 3399 1360 πλὴν
3447 1289 3527 1342 ὃτι
3573 1290 3602 1341 ὁ
3651 1288 3834 1358 Πατὴρ

2263 1389 2422 1459 μόνος
2451 1387 2696 1441 καλεῖται
2730 1386 2941 1456 Πατὴρ,
2981 1384 3070 1439 διὰ
3106 1383 3167 1436 τὺ
3212 1383 3371 1453 μόνον
3405 1381 3700 1435 ὑποστάσει
3721 1397 3835 1450 γεν-

2258 1481 2452 1552 νῆσαι·
2483 1479 2577 1533 καὶ
2605 1480 2633 1532 ὁ
2666 1477 2814 1540 Υἱὸς,
2846 1476 2992 1540 Υἱὸς,
3017 1475 3112 1528 καὶ
3133 1475 3194 1527 οὐ
3217 1474 3428 1544 Πατὴρ,
3457 1472 3717 1526 ἀκτίστου
3747 1470 3833 1542 φύ-

2261 1587 2421 1635 σεως,
2464 1569 2551 1622 διὰ
2584 1568 2646 1622 τὸ
2695 1566 2910 1637 ἀληθῶς
2955 1565 3282 1636 γεννηθῆναι
3316 1564 3434 1635 μὲν,
3478 1564 3554 1633 μὴ
3582 1563 3834 1632 γεννῆσαι

2258 1662 2341 1716 δέ.
2376 1661 2465 1725 Ὡς
2490 1660 2652 1732 ἡνίκα
2678 1659 2919 1732 ὴΓραφὴ
2945 1658 3199 1728 ὀνομάζει
3229 1656 3324 1710 καὶ
3348 1655 3479 1710 αὐτὸ
3516 1655 3579 1708 τὸ
3609 1653 3830 1724 Πνεῦμα

2257 1754 2484 1826 Κύριον,
2537 1753 2614 1817 ὡς
2656 1753 2874 1806 πάντων
2921 1751 3210 1814 δεσπόζον,
3263 1749 3359 1804 καὶ
3407 1747 3699 1803 κοινωνοῦν
3739 1747 3833 1817 τῆς

574 1841 738 1897 nibus
766 1840 1155 1906 dominantem,
1213 1845 1268 1893 et
1311 1851 1598 1893 commune
1641 1834 1933 1890 habentem
1988 1849 2150 1890 unum

2264 1821 2391 1917 μιάς
2437 1845 2715 1919 βασιλείας
2752 1844 2834 1917 τῷ
2879 1845 3056 1916 Ila-cpi.
3106 1845 3201 1898 καὶ
3239 1841 3318 1914 τῷ
3366 1841 3483 1914 Υἱῷ
3505 1859 3521 1874 ο
3557 1842 3734 1912 ἅγιον,
3763 1839 3833 1904 ὡς

574 2000 1079 2069 interpretationem
1104 1995 1604 2069 blasphemiamque
1623 1992 1938 2069 damnaret?
1958 1993 2154 2049 Verum

575 2065 857 2125 Romanus
901 2069 1148 2138 pontifex
1201 2067 1485 2138 universos
1537 2065 1721 2138 fideles
1753 2077 1816 2116 ea
1868 2076 2159 2138 quaesout

577 2143 704 2196 ﬁdei
759 2132 976 2202 docens,
1019 2149 1072 2192 et
1121 2152 1226 2190 una
1285 2151 1407 2190 cum
1457 2136 1572 2204 ipso
1617 2132 1857 2186 Romana
1891 2134 2154 2200 Ecclesia,

575 2223 670 2265 tuo
697 2212 912 2278 quidem
936 2208 1161 2276 judicio,
1190 2206 1300 2278 falli
1334 2215 1532 2275 potest.
1563 2207 1643 2278 Att
1677 2218 1744 2258 ex
1777 2217 1843 2278 eo
1872 2207 2015 2278 quod
2040 2205 2156 2273 ple-

578 2273 735 2350 rique
776 2273 1015 2347 episcopi
1064 2293 1159 2348 per
1191 2273 1500 2350 universum
1538 2276 1722 2350 orbem
1753 2273 1987 2350 dispersi
2032 2291 2156 2328 cum

581 2343 828 2404 Rotitano
879 2343 1124 2403 antistite
1185 2343 1604 2401 consentirent?
1663 2343 1769 2398 Sed
1827 2358 2154 2398 consensum

578 2422 740 2476 istum
772 2435 970 2487 negare
1002 2419 1168 2472 audes
1196 2415 1530 2470 infallibilem
1563 2429 1704 2487 esse.
1729 2416 1812 2487 ᾼιι
1847 2413 2062 2487 demum
2089 2430 2157 2469 ex

576 2506 668 2555 eo,
709 2483 866 2559 quod
894 2490 1130 2544 secunda
1159 2487 1409 2559 synodus
1432 2483 2158 2559 generalisMacedonianos

578 2554 926 2614 anathemate
986 2554 1355 2628 perculisset?
1390 2556 1486 2628 AA}
1508 2554 1834 2628 __c_onciliutn
1864 2624 1874 2628 _
1901 2555 2157 2623 generale

583 2649 605 2682 ‹
636 2624 1005 2684 conditionate
1031 2647 1049 2680 ι
1090 2629 1359 2681 duntaxat
1388 2624 1668 2680 infallibile
1695 2637 1814 2678 esse
1843 2624 2008 2678 doces
2031 2639 2153 2693 cap.

575 2702 633 2762 9.,
671 2717 887 2770 paragr.
929 2701 983 2761 8,
1023 2713 1172 2752 num.
1207 2696 1274 2770 12
1307 2713 1320 2749 :
1350 2694 1444 2763 (Si
1479 2694 1724 2770 nempe,)
1761 2694 1973 2770 inquis,_
2003 2712 2021 2744 ι
2053 2692 2158 2747 Pa-

581 2765 691 2824 tres
726 2765 960 2839 legitime
998 2768 1296 2830 convocati,
1355 2770 1407 2820 itt
1451 2781 1516 2820 eo
1566 2765 2060 2839 ita_se.ge_sserint,
2097 2773 2155 2839 ut

579 2840 685 2894 dici
716 2833 949 2895 debeant
979 2847 1402 2907 reprtesentasse
1437 2846 1604 2889 totam
1623 2833 1936 2907 _Ecclesiam
1965 2851 1979 2887 :
2009 2835 2154 2907 quod

580 2927 648 2963 an
693 2911 766 2962 ita
803 2913 868 2964 de
915 2904 1056 2962 facto
1103 2908 1192 2973 sit,
1229 2906 1470 2958 declarat
1512 2904 1736 2971 agnitio,
1785 2918 1877 2956 seu
1916 2906 2155 2970 receptio

578 2979 857 3034 Ecclesia).
885 2999 903 3032 ι
937 2979 1104 3047 Neget
1135 2991 1264 3047 ergo
1287 2975 1516 3046 Didymo
1545 2973 1984 3047 .lilacedonianus,
2011 2974 2156 3047 Con-

579 3044 1096 3117 statttittopolitatios
1124 3044 1314 3100 Patres
1341 3044 1428 3108 eo,
1455 3060 1614 3117 quem
1651 3053 1704 3096 ttt
1729 3044 1892 3117 dicis,
1911 3046 2070 3098 modo
2095 3061 2155 3100 se

579 3113 844 3187 gessisse:
880 3120 1123 3185 Quanam
1159 3118 1368 3170 ratione
1401 3115 1569 3170 refelli
1602 3113 1837 3187 peterit?
1871 3116 1951 3187 A_n
1988 3131 2053 3187 ex
2082 3131 2152 3187 eo

1602 3164 1847 3235 Romana
2180 3164 2222 3221 ε

580 3255 634 3311 tit
663 3260 898 3313 universi
954 3259 1068 3311 fere
1117 3255 1383 3309 antistites
1413 3269 1506 3324 per
1541 3264 1810 3306 terrarum
1844 3255 2030 3308 orbem
2065 3256 2149 3307 di—

579 3330 753 3398 spersi
787 3345 908 3383 eam
941 3327 1203 3400 synodum
1256 3327 1328 3378 ita
1353 3340 1434 3400 _se
1474 3324 1705 3400 gessisse
1745 3325 2031 3400 asserant?
2076 3325 2148 3400 _At

581 3393 636 3455 hi
666 3416 878 3463 omnes,
912 3393 1002 3452 tua
1036 3397 1315 3466 opinione,
1353 3396 1405 3448 in
1439 3393 1759 3466 rebus_lidei
1796 3405 2023 3466 possunt
2055 3398 2146 3466 de-

580 3471 686 3538 cipi
718 3487 732 3523 :
759 3479 962 3538 quanto
993 3463 1163 3534 magis
1205 3467 1258 3519 in
1296 3464 1455 3538 facto,
1488 3463 1630 3538 quod
1679 3479 1741 3516 ex
1772 3464 2018 3538 pluribus
2062 3465 2144 3538 fa-

579 3534 682 3594 ctis
724 3534 944 3593 moralis
987 3538 1252 3591 duntaxat
1282 3534 1622 3589 certitudinis
1651 3534 1941 3602 capacibus
1974 3535 2149 3588 coale-

579 3610 723 3664 scit?
775 3610 1009 3663 Aliudne
1053 3623 1182 3677 ergo
1211 3605 1474 3677 generale
1490 3604 1778 3677 concilium
1815 3618 2152 3674 congregan-

579 3681 705 3734 tlum
739 3680 862 3744 erit,
901 3689 959 3733 ut
997 3673 1252 3743 sciamus,
1282 3691 1349 3728 an
1399 3675 1547 3743 prius
1579 3673 1708 3727 illud
1762 3674 1832 3744 ita
1877 3690 1936 3728 se
1969 3673 2152 3741 gesse-

579 3751 674 3814 rit,
714 3757 773 3803 ut
799 3760 966 3803 totatn
1000 3756 1418 3816 reprwsentaret
1455 3743 1792 3816 Ecclesiam?
1818 3746 1927 3816 ast
1950 3747 2016 3798 de
2047 3745 2151 3816 hoc

577 3813 742 3873 etiam
776 3821 989 3884 eadem,
1024 3813 1142 3886 quae
1185 3818 1357 3885 prius,
1388 3815 1590 3868 valebit
1640 3813 1797 3866 ratio.
1834 3813 2015 3879 Vides,
2045 3813 2149 3886 Fe-

578 3889 758 3953 broni,
797 3889 850 3943 in
885 3885 1148 3957 quasnam
1191 3887 1497 3957 angustias,
1535 3893 1794 3957 quantum
1829 3886 2047 3952 quidem
2077 3885 2148 3957 in

581 3969 634 4014 te
661 3971 767 4024 est,
814 3953 1123 4015 Catholicos
1168 3953 1400 4022 redigas.
1441 3955 1572 4008 llluc
1617 3953 1826 4024 scilicet
1873 3970 1972 4008 nos
2020 3956 2150 4008 ade—

578 4030 729 4098 gisti,
753 4023 836 4090 fut,
869 4031 915 4082 si
950 4039 1002 4098 te
1036 4029 1186 4098 sequi
1219 4023 1468 4088 velimus,
1515 4023 1823 4098 necessario
1866 4025 2020 4098 nobis
2053 4025 2151 4098 _di-

578 4093 806 4153 cendum
849 4099 939 4159 sit,
989 4093 1296 4165 Ditly’mutn,
1324 4108 1390 4148 ac
1433 4108 1623 4147 omnes
1661 4093 1803 4165 illius
1834 4095 2012 4165 saeculi
2043 4093 2152 4165 il‘a-

579 4176 709 4233 tres,
748 4170 872 4221 dum
921 4163 1336 4219 Macedonianos
1374 4173 1428 4215 ut
1485 4163 1781 4216 tl‘urtnales
1807 4181 1827 4214 ι
1869 4163 2152 4217 haereticos

580 4239 831 4291 insectati
856 4247 1004 4301 sunt,
1034 4246 1127 4288 aut
1157 4250 1344 4303 parum
1378 4233 1528 4285 firma
1557 4233 1766 4303 ratione
1797 4233 1985 4286 ductos
2009 4248 2149 4298 esse,

581 4320 670 4361 aut
699 4307 824 4360 odio
859 4308 971 4373 illo,
999 4301 1234 4373 quod'tu
1269 4323 1286 4353 ι
1309 4304 1489 4373 odium
1524 4301 1882 4368 theologicam
1909 4321 1927 4349 ι
1965 4317 2148 4373 vocas,

579 4377 870 4431 formulam
913 4371 1053 4430 hanc
1093 4390 1158 4428 ex
1201 4372 1840 4443 quibusdatn__nugarum
1869 4371 2151 4440 scriptori-

578 4447 681 4501 bus
713 4447 1150 4502 iudecentissime
1180 4441 1475 4498 mutuatus.
1525 4441 1702 4496 MaCte
1739 4455 1900 4509 porro
1945 4444 2147 4506 animo,

2261 2001 2659 2068 receptaculum
2693 2001 3012 2056 habeamus.

2304 2065 2442 2154 ,(20)
2485 2072 2835 2154 Εκείίὲενᾳιίςτ
2859 2072 2916 2154 in
2944 2071 3082 2123 libro
3110 2071 3186 2154 ρει
3207 2069 3350 2154 Spir.
3371 2078 3564 2154 sancto
3591 2065 3855 2154 Macedo:

2262 2139 2456 2198 nianos
2500 2142 2744 2197 confutat
2777 2142 3034 2211 Didymus
3062 2157 3076 2206 ;
3109 2139 3478 2193 Macedoniam
3510 2149 3711 2211 tamen,
3741 2145 3828 2211 aut

2259 2211 2671 2268 Macedonianos
2718 2207 2980 2280 nusquam
3034 2211 3319 2264 nominat:
3348 2211 3457 2263 itno
3497 2223 3564 2262 ne
3613 2207 3823 2280 lucreti-

2258 2297 2356 2338 cos
2387 2283 2602 2352 quidem
2630 2277 2861 2335 fortasse
2897 2295 2990 2335 eos
3019 2287 3442 2352 usquam_vocat
3476 2295 3660 2352 :__uuus
3689 2277 3826 2352 enim

2261 2352 2314 2406 in
2347 2347 2459 2407 toio
2503 2352 2639 2406 libro
2676 2352 2823 2405 locus
2851 2360 2953 2407 est.
2984 2351 3073 2403 ubi
3108 2350 3185 2403 sic
3216 2349 3333 2404 illos
3364 2349 3635 2417 appellare
3665 2347 3824 2402 videri

2260 2423 2455 2490 possit,
2503 2436 2694 2491 nempe
2729 2437 2874 2475 num.
2908 2421 2963 2484 7,
3010 2420 3098 2473 ubi
3142 2420 3214 2474 ait
3242 2439 3255 2474 :
3288 2438 3307 2471 ‹
3335 2419 3392 2473 Si
3430 2434 3558 2473 vero
3590 2418 3824 2491 haeretici

2258 2490 2673 2562 proposuerint,
2731 2510 2750 2543 ι
2803 2500 2934 2554 etc.,
2989 2491 3083 2544 sed
3134 2504 3264 2562 voce
3312 2490 3762 2562 inmithtlﬂclit‘l,
3799 2507 3816 2538 ι

2260 2561 2399 2615 haud
2448 2564 2560 2616 scio
2606 2574 2785 2615 utrum
2830 2562 3058 2614 Arianos
3109 2561 3286 2627 potius
3329 2561 3611 2625 designet.
3665 2574 3818 2626 quam

2258 2629 2693 2686 Macedonianos.
2722 2633 2792 2684 At
2819 2645 2945 2684 vero
2990 2631 3041 2684 in
3069 2631 3243 2684 tribus
3278 2630 3427 2684 hisce
3461 2632 3614 2684 libris
3647 2642 3699 2684 et.
3723 2629 3822 2681 illa-

2259 2701 2470 2756 cedonii
2530 2717 2725 2756 nomen
2778 2701 2974 2767 smpius
3027 2701 3306 2766 occurrit,
3360 2710 3415 2754 et
3461 2701 3823 2755 Macedoniani

2257 2772 2458 2842 passim
2505 2772 2743 2826 haeretici
2785 2781 3184 2842 nuncupantur,
3227 2779 3285 2842 ret
3337 2781 3487 2824 extra
3533 2771 3824 2824 Ecclesiam

2258 2840 2376 2896 esse
2418 2843 2669 2896 dicuntur
2716 2843 2818 2895 hoc
2863 2841 2918 2894 in
2965 2843 3102 2894 loco.
3135 2840 3398 2906 Quidnam
3438 2842 3488 2894 in
3533 2855 3694 2894 causa
3726 2851 3822 2903 est,

2257 2927 2357 2966 cur
2404 2912 2476 2965 ita
2530 2927 2589 2965 se
2647 2913 2876 2978 gesserit
2919 2911 3202 2979 theologus
3245 2911 3468 2966 noster?
3514 2909 3820 2977 Propterea,

2257 2985 2472 3049 opinor,
2491 2982 2616 3051 quia
2641 2982 2835 3036 librum
2861 2982 3008 3035 illum
3038 2981 3259 3034 dit-tavit
3285 2990 3570 3050 antequam
3590 2980 3822 3051 secunda

2256 3050 2518 3120 synodus
2540 3053 2851 3116 haberetur,
2873 3067 2938 3105 eo
2963 3052 3172 3105 scilicet
3197 3062 3576 3119 tempore,quo
3599 3050 3821 3120 necdum

2257 3119 2554 3176 Macedonii
2599 3137 2796 3176 nomen
2831 3122 3032 3176 infame
3059 3131 3328 3181 evaserat.
3361 3137 3424 3176 ac
3456 3119 3820 3174 Macedoniani

2253 3196 2354 3246 etsi
2393 3199 2450 3246 ut
2481 3192 2804 3261 blasphemi,
2845 3193 2953 3244 imo
3005 3201 3062 3243 ut
3117 3190 3359 3244 haeretici
3419 3193 3766 3261 haberentur
3792 3204 3821 3261 a

2253 3262 2501 3332 Didytno,
2564 3259 2799 3314 nondum
2852 3269 3034 3332 tamen
3079 3271 3137 3313 ιιι
3188 3278 3207 3311 ι
3243 3261 3530 3314 [οτιιιιιιεεο
3565 3259 3820 3332 γιιωτειίεῐ

2254 3330 2565 3386 traducendi
2595 3333 2932 3386 videbantur.
2961 3330 3094 3386 Cum
3125 3345 3253 3384 vero
3286 3341 3395 3385 tres
3447 3332 3498 3385 hi
3561 3331 3684 3384 libri
3723 3346 3818 3385 ex-

2253 3402 2389 3456 arati
2426 3413 2570 3468 sunt,
2601 3401 2782 3456 habita
2817 3400 2928 3468 jam
2968 3401 3147 3471 fuerat
3173 3401 3442 3469 generalis
3472 3417 3535 3455 ea
3567 3402 3822 3471 synodus,

2253 3473 2479 3540 ideoque
2495 3471 2862 3526 Macedoniani
2889 3490 2906 3522 t
2930 3470 3182 3525 formales
3205 3489 3224 3521 ι
3250 3472 3487 3524 haeretici
3510 3470 3623 3540 jam
3648 3483 3818 3526 erant.

2253 3539 2512 3611 Didymus
2534 3544 2700 3605 enim,
2729 3542 2926 3611 aliique
2947 3555 3136 3594 omnes
3159 3542 3396 3610 ejusdem
3431 3539 3606 3595 aetatis
3636 3540 3823 3594 Patres

2252 3627 2373 3665 cum
2399 3611 2793 3666 Febronianam
2818 3616 2884 3666 de
2910 3625 3184 3678 supremo,
3215 3626 3276 3664 ac
3300 3611 3486 3664 ultimo
3508 3621 3823 3666 controver-

2253 3685 2454 3736 siarum
2489 3682 2671 3751 judice
2702 3682 3000 3735 doctrinam
3055 3681 3384 3748 ignorarent,
3431 3697 3494 3735 ac
3533 3682 3820 3735 secundam

2253 3755 2515 3822 synodum
2556 3769 2593 3822 ar
2620 3753 2858 3804 Romana
2907 3751 3143 3804 Ecclesia
3190 3766 3293 3804 non
3336 3753 3390 3804 in
3419 3752 3667 3806 Omnibus
3704 3754 3820 3819 qui-

2253 3821 2398 3884 dem,
2424 3821 2518 3875 sed
2541 3840 2559 3871 (
2584 3821 2638 3874 itt
2665 3824 2766 3875 hoc
2788 3841 2805 3871 ι
2837 3833 3034 3886 tamen,
3065 3839 3084 3870 ι
3104 3824 3245 3888 quod
3271 3830 3354 3874 est
3379 3837 3479 3891 per
3493 3836 3614 3891 eam
3637 3832 3820 3875 contra

2253 3891 2622 3945 Macedonium
2649 3891 2954 3953 deﬁnitum,
2979 3910 2998 3942 ι
3043 3901 3100 3943 ιιι
3147 3892 3221 3943 ait
3262 3890 3554 3960 Gregorius
3574 3890 3817 3959 Magnus,

2253 3971 2529 4029 acceptam
2565 3977 2627 4015 ac
2658 3963 2935 4030 probatam
2977 3971 3217 4023 nossent,
3250 3961 3368 4030 ideo
3405 3976 3662 4015 (causam
3700 3960 3818 4014 fini-

2255 4041 2362 4084 tam
2393 4050 2412 4082 ι
2451 4045 2570 4085 esse
2613 4029 2720 4084 nun
2757 4031 3076 4085 dubitabant
3099 4047 3114 4083 ;
3140 4044 3238 4085 nec
3279 4029 3694 4085 Macedonianos
3723 4048 3818 4084 au-

2254 4101 2480 4155 diendos
2521 4102 2633 4169 jam
2669 4116 2787 4155 esse
2827 4100 3253 4165 arbitrabantur,
3283 4101 3326 4153 si
3353 4099 3694 4154 Fchroniana
3726 4116 3819 4156 ex-

2254 4173 2504 4238 ceptione
2539 4171 2613 4225 uti
2646 4172 2864 4234 vellent,
2901 4181 2959 4222 ιιι
2997 4181 3255 4237 negarent
3301 4171 3610 4224 universam
3637 4170 3818 4226 Eccle-

2253 4241 2393 4294 siam
2424 4247 2492 4295 ab
2515 4257 2579 4296 eo
2608 4242 2840 4296 concilio
2869 4249 3304 4307 repraesentatam
3345 4241 3532 4303 fuisse,
3561 4243 3704 4308 quod
3751 4258 3816 4296 ex

2254 4321 2468 4364 centum
2517 4324 2572 4366 et
2626 4311 3010 4379 quinquaginta
3063 4321 3268 4362 tantum
3320 4313 3586 4380 episcopis
3615 4315 3820 4366 consti-

2257 4381 2435 4451 tisset;
2465 4383 2550 4435 cui
2598 4381 2872 4435 ltomanus
2921 4381 3159 4448 pontifex
3205 4395 3303 4433 nec
3339 4395 3434 4451 per
3477 4396 3556 4451 se,
3591 4397 3693 4436 nec
3725 4398 3820 4451 per

2255 4449 2456 4519 legatos
2481 4451 2847 4511 interfuisset;
2876 4452 2961 4503 cui
2987 4465 3053 4504 ex
3082 4452 3334 4504 universo
3359 4449 3651 4505 Occidente
3679 4449 3816 4508 unus

576 4515 834 4589 Febroni,
887 4528 943 4572 et
985 4514 1546 4589 quoniam__monitttnt
1609 4501 1756 4589 illud
1801 4501 2144 4589 Hieronymi,
2180 4501 2225 4555 D
2254 4501 3052 4585 animi.Baiiaég'miuisgei;
3091 4501 3181 4573 cui
3227 4501 3813 4589 ’pidrés"'t311’r'is1i§iiij

585 4582 905 4654 tQuaesote,
937 4582 1212 4654 utpar-cas
1227 4583 1489 4637 Romanis
1520 4582 1764 4644 auribus,
1783 4595 1973 4654 parcas
1997 4583 2148 4654 tidei,

577 4650 698 4726 quae
727 4650 967 4727 Apostoli
1022 4650 1417 4727 vocelaudata
1451 4662 1564 4727 est,
1593 4671 1612 4705 ι
1666 4652 1817 4727 parvi
1863 4650 2026 4727 facis,
2071 4653 2148 4706 nil

577 4721 977 4795 actutn'reputa
1024 4725 1068 4780 si
1099 4726 1225 4795 quid
1255 4724 1498 4795 supersit
1535 4726 1820 4792 agendum.
1859 4721 2019 4776 Multa
2047 4738 2148 4776 un-

579 4798 742 4866 dique
766 4792 1026 4868 collegisti
1048 4792 1304 4868 in'unum
1328 4809 1390 4847 ea
1419 4792 1667 4868 volumen
1699 4806 2018 4868 congerens',
2051 4795 2146 4847 sed

577 4862 686 4923 non
712 4862 933 4922 omnia:
951 4868 1007 4920 Si
1033 4863 1234 4920 Graecae
1259 4864 1456 4932 linguae
1487 4864 1696 4931 peritus
1722 4876 1802 4926 es,
1837 4862 2145 4917 ercorum

576 4938 1053 4992 schistuaticorum
1087 4949 1253 5006 opera
1291 4934 1387 5006 tibi
1425 4947 1679 5006 compara
1709 4949 1723 4985 :
1752 4932 2005 5006 polliceor
2030 4933 2146 4986 fore

577 5017 639 5061 ut
668 5007 750 5061 vel
779 5007 833 5060 in
865 5023 971 5060 uno
997 5001 1200 5059 tantum
1231 5004 1495 5073 scriptore
1521 5001 1757 5057 nondum
1796 5001 1987 5056 Latine
2017 5019 2146 5057 con-

576 5091 736 5131 verso
779 5087 1013 5145 quatuor
1053 5091 1118 5130 ac
1166 5074 1355 5142 viginti
1404 5073 1808 5145 accusationum
1864 5083 2043 5141 capita
2089 5074 2142 5125 in

578 5142 877 5201 Romanam
908 5146 1204 5218 Ecclesiam
1235 5147 1499 5218 intentata
1525 5142 1788 5218 invenias,
1819 5157 2046 5218 quorum
2080 5159 2146 5218 ne

577 5229 746 5269 unum
783 5218 997 5285 quidem
1035 5211 1285 5284 attigisti.
1338 5213 1584 5285 liidicula
1629 5212 1844 5285 quidem
1887 5211 2144 5285 mihi_vi-

576 5287 774 5340 dentur
800 5283 814 5339 Ξ
839 5288 931 5341 sed
965 5296 1041 5349 tu,
1071 5283 1162 5354 qui
1191 5285 1431 5338 actttiore
1473 5299 1531 5336 es
1573 5283 1807 5354 ingenio,
1832 5283 2000 5354 aliter
2034 5283 2142 5335 for-

579 5366 723 5410 tasse
751 5357 974 5412 senties.
1002 5352 1102 5408 Ac'
1125 5370 1193 5408 ne
1223 5370 1286 5407 ea
1319 5354 1536 5421 quidem
1568 5353 1751 5405 omnia
1786 5352 1879 5405 tibi
1913 5354 2140 5405 forsitan

577 5427 965 5494 displicebunt,
999 5440 1119 5493 qua:
1157 5440 1253 5493 pro
1298 5425 1492 5477 l’hotio
1523 5421 1639 5494 alii,
1682 5437 1800 5490 qua:
1845 5436 1942 5489 pro
1976 5423 2143 5476 Cern-

575 5491 734 5558 lario,
765 5512 887 5564 qua:
931 5491 1189 5548 adversus
1234 5496 1538 5562 generalem
1571 5491 1938 5564 Florentiuam
1976 5507 2141 5564 syno-

574 5566 701 5619 dum
729 5563 1083 5635 sc'ripserunt,
1111 5566 1358 5635 quamvis
1389 5565 1690 5616 sexcenties
1715 5563 2008 5635 confutata.
2050 5563 2141 5615 ln-

573 5635 708 5690 farci
751 5633 944 5690 cx'ltis
976 5634 1226 5689 omnibus
1273 5634 1468 5687 librum
1515 5643 1689 5698 tuum,
1737 5642 1793 5684 ut
1846 5633 2140 5701 perlectam

578 5707 795 5760 tandem
827 5706 880 5760 in
916 5708 1016 5760 hoc
1054 5719 1252 5774 genere
1280 5703 1542 5774 syllogen,
1574 5704 1918 5771 numerisque
1959 5706 2138 5757 omni-

573 5788 676 5834 bus
702 5777 1008 5834 absolutum
1034 5777 1296 5846 sordium,
1322 5790 1384 5830 ac
1407 5782 1878 5844 purgamentorum
1902 5775 2134 5832 omnium

2249 4590 2458 4658 clerici,
2489 4594 2815 4662 presbyteri,
2847 4591 3095 4662 episcopi
3127 4589 3455 4662 Macedonio
3468 4593 3817 4662 adhaerentes

2248 4659 2544 4732 etiamnum
2588 4659 3009 4732 refragareutur.
3053 4659 3180 4715 "me
3211 4661 3376 4724 enim,
3410 4660 3625 4729 aliaque
3649 4663 3702 4715 id
3725 4680 3817 4732 ge-

2248 4745 2350 4784 nus
2380 4731 2608 4801 Didymo
2651 4731 2920 4802 objiciab
2969 4731 3036 4784 iis
3078 4737 3347 4799 poterant,
3399 4731 3818 4802 siprtenoscere

2249 4803 2568 4866 potuissent,
2596 4801 2728 4872 post
2749 4801 2896 4854 mille
2925 4810 3193 4854 trecentos
3211 4809 3273 4872 _et
3299 4801 3570 4872 octoginta
3597 4803 3818 4858 circiter

2249 4872 2506 4942 annosin
2557 4870 2620 4926 iis
2666 4873 2995 4942 regionibus,
3028 4873 3093 4942 in
3131 4870 3328 4937 quibus
3375 4870 3586 4942 Didymi
3640 4873 3814 4942 ipsius

2247 4953 2369 4992 cum
2399 4940 2609 5005 doctor,
2641 4939 2802 5010 atque
2833 4944 2883 4993 in
2912 4939 3130 4994 Christo
3151 4951 3304 5009 pater
3326 4939 3677 5005 Athanasius;
3705 4954 3814 4998 tum

2246 5012 2460 5063 auditor
2484 5010 2842 5083 Hieronymus
2863 5010 3156 5083 aliquando
3180 5011 3375 5083 versati
3403 5021 3548 5073 sunt,
3576 5014 3816 5067 exoritu-

2247 5093 2365 5132 rum
2389 5077 2775 5148 quemdam’ex
2801 5077 3081 5134 catholica:
3116 5077 3371 5134 Ecclesia:
3394 5084 3537 5143 sinu,
3571 5085 3661 5146 qui
3706 5093 3813 5138 tam

2245 5158 2463 5202 strenue
2487 5151 2696 5204 illorum
2719 5151 2958 5204 omnium
2983 5164 3200 5202 causam
3226 5153 3538 5218 ageret,qui
3560 5152 3816 5207 Romamre

2244 5219 2497 5274 Ecclesia:
2529 5222 2768 5288 judiciis,
2801 5235 2865 5274 ac
2913 5223 3134 5290 synodis
3165 5230 3222 5271 ut
3252 5222 3596 5286 generalibus
3638 5225 3706 5276 ab
3751 5240 3815 5278 ea

2244 5291 2442 5358 agnitis
2470 5291 2664 5360 subjici
2695 5300 2940 5346 renuant.

2316 5360 2426 5430 (‘21)
2467 5358 2705 5415 Peccavi.
2758 5361 2872 5413 Non
2923 5368 3137 5413 exstant
3184 5360 3338 5423 haec,
3402 5361 3454 5414 ni
3503 5358 3693 5426 fallor,
3759 5363 3813 5415 in

2243 5427 2452 5502 Bthliis.
2487 5431 2728 5500 llesptcit
2773 5443 2974 5491 autem,
3014 5439 3104 5502 _t_tt_
3127 5444 3272 5494 reor,
3306 5431 3443 5502 Luc.
3477 5446 3567 5494 xv,
3608 5432 3699 5495 18,
3726 5434 3814 5486 ubi

2246 5511 2357 5569 tuin
2400 5498 2814 5565 Graeca—editio,
2858 5511 2965 5553 tum
3013 5498 3234 5569 Vulgata
3280 5501 3563 5556 translatio
3605 5504 3811 5557 habet:

2248 5587 2266 5619 t
2300 5567 2531 5624 Peccavi
2573 5573 2624 5625 in
2648 5573 2867 5634 corium,
2891 5579 2946 5623 et
2979 5567 3161 5622 coram
3199 5581 3268 5625 te.
3293 5590 3312 5623 ι

2313 5640 2424 5712 (22)
2469 5642 2669 5696 Testor.
2705 5645 2861 5695 Deut.
2891 5639 3078 5713 tv,26,
3117 5652 3170 5695 et
3207 5658 3336 5713 xxx,
3377 5642 3465 5701 19.
3507 5642 3696 5700 Graeca
3725 5645 3815 5702 ed.

2243 5713 2412 5778 addit,
2439 5713 2587 5782 ὑμῖν,
2619 5714 2672 5782 id
2703 5723 2786 5766 est
2827 5730 2846 5761 t
2869 5712 3040 5766 vobis.
3065 5730 3084 5762 ι

2310 5786 2420 5854 (25)
2463 5781 2621 5838 Audi.
2658 5781 2762 5840 lsa.
2801 5798 2838 5852 t,
2869 5782 2917 5836 2.
