4104 6408
304 307 411 364 553

1288 312 1377 367 DE
1415 313 1791 371 ’I‘RINITA'I‘E
1828 315 2032 373 LIBER
2073 316 2464 377 SECUNDUS.
2502 358 2506 362 Α

3458 333 3565 391 εει

299 422 431 476 αὐτὸ
458 420 619 491 φύσει
644 404 822 492 ἅγιον,
844 425 939 479 καὶ
955 424 1029 489 ὡς
1051 425 1149 498 τὴν
1171 429 1347 485 κτίσιν
1375 432 1597 501 ἁγιάζον
1623 449 1636 462 ·
1666 433 1866 504 ἄφθαρ-

1980 448 2203 503 regnum
2260 451 2383 489 cum
2417 435 2576 492 Patre
2624 447 2680 492 et
2729 438 2899 505 Filio;
2953 453 3221 510 sanctum,
3281 448 3406 515 quia
3446 449 3567 519 ipse

296 529 406 573 τον,
444 512 669 580 ἀγαθὸν,
710 514 952 585 ἀγάπην,
987 516 1212 585 σοφίαν,’
1240 517 1476 583 σύνεσιν,
1529 519 1605 585 ὼς
1648 520 1745 576 καὶ
1785 521 1866 574 τὸν

1980 541 2076 594 per
2103 542 2163 581 se
2187 538 2377 582 natura
2416 540 2639 586 sanctus
2665 542 2771 598 est,
2807 543 2861 586 et
2894 545 3196 590 creaturam
3226 512 3563 609 sanctiﬁcat;

293 602 427 655 θεὸν
476 605 958 677 προσηγόρευσεν·
1002 609 1249 680 δύναμιν,
1300 612 1393 681 ἀφ’
1443 606 1518 666 ὧν
1561 612 1874 684 ἐνδυναμοῖ·

292 694 522 758 δίκαιον,
558 698 655 766 ἀφ’
687 691 762 751 ῶν
783 698 1001 764 δικαιοῖ,
1034 702 1550 775 αὐτοαναμάρτητον
1586 705 1830 776 ὑπάρχον
1858 723 1875 738 ·

293 788 673 860 Παράκλητον,
724 791 800 856 ὡς
834 794 928 846 καὶ
970 794 1064 848 τὸν
1106 794 1266 849 Υίόν·
1313 796 1445 867 πῦρ,
1493 798 1585 867 ἀφ’
1616 795 1692 852 ὧν
1719 798 1872 872 ὤφθη

291 885 401 945 τοῖς
428 883 753 947 ἀποστόλοις
792 887 1047 957 πυρίναις
1086 887 1379 956 γλώσσαις,
1412 891 1572 945 καθὰ
1616 893 1747 964 περὶ
1777 893 1875 964 μὲν

291 972 385 1026 τοῦ
436 974 653 1046 Πατρδς
701 975 849 1045 λέγει
908 978 1186 1051 Μωῦσῆςο
1226 998 1246 1031 ι
1298 980 1355 1033 '0
1390 980 1523 1045 Θεὸς
1571 983 1730 1052 ήμῶν
1762 984 1872 1055 πῦρ

295 1065 719 1119 καταναλίσκον⁹
759 1087 778 1119 ι
820 1068 946 1138 περὶ
989 1068 1046 1122 δὲ
1084 1068 1175 1121 τοῦ
1216 1069 1345 1123 Υίοῦ
1390 1071 1677 1143 Ἰωάννης’
1712 1092 1733 1123 ‹
1765 1073 1874 1126 Αὑ-

296 1157 386 1222 τδς
412 1159 552 1228 ὑμᾶς
583 1158 838 1230 βαπτίσει
866 1163 924 1216 ὲν
952 1162 1229 1234 Πνεύματι
1259 1164 1398 1235 ἁγίῳ
1424 1164 1518 1218 καὶ
1544 1164 1701 1236 πυρί·
1731 1184 1751 1219 ι
1779 1168 1873 1220 καὶ

298 1264 395 1300 οσα
413 1266 529 1301 τοια
535 1267 657 1304 υτα.

356 1513 490 1565 KA’.
541 1512 605 1565 'H
631 1512 809 1575 κτίσις
835 1513 985 1567 οὐδὲν
1015 1514 1126 1585 ἔχει
1173 1516 1231 1569 ὲν
1277 1518 1375 1588 μιᾷ
1407 1516 1721 1582 ὑποστάσει,
1751 1518 1865 1588 ῆτοι

284 1603 343 1656 ἐν
381 1604 465 1656 ἐνὶ
518 1604 817 1675 προσώπῳ.
869 1605 1134 1677 ὑπάρχον.
1187 1609 1297 1661 Καὶ
1342 1608 1450 1679 γὰρ
1503 1608 1725 1677 ἄγγελοι
1770 1610 1866 1662 καὶ

282 1694 620 1765 ἀρχάγγελοι
655 1694 836 1749 πολλοί
865 1713 878 1727 ·
916 1697 982 1749 τὰ
1017 1698 1258 1769 σεραφὶμ
1293 1700 1527 1769 ὁμοίως*
1562 1702 1627 1753 τὰ
1673 1718 1863 1773 χερου-

282 1786 405 1855 δὶμ,
436 1788 540 1856 οὐχ
577 1786 637 1839 ἓν
672 1788 725 1839 τί
763 1788 931 1854 ἐστιν,
970 1789 1138 1861 ἀρχαὶ
1170 1792 1262 1844 καὶ
1309 1791 1550 1858 ἐξουσίαι
1600 1793 1866 1864 εἴρηνται,
1901 1790 1943 1843 Β

277 1879 566 1949 δυνάμεις.
602 1880 696 1932 καὶ
729 1880 1069 1952 κυριότητες,
1110 1882 1202 1935 καὶ
1229 1883 1427 1953 θρόνοι,
1457 1884 1861 1954 πληθυντικῶς·

276 1972 527 2043 οὐρανοὶ,
557 1972 858 2043 ἄνθρωποι,
883 1974 977 2026 καὶ
1006 1974 1075 2027 τὰ
1098 1973 1259 2028 λοιπὰ
1285 1974 1582 2047 ποιήματα.
1606 1979 1867 2031 Κοινωνεί

276 2073 389 2142 γὰρ
427 2071 525 2124 καὶ
561 2071 733 2141 ἥλιος,
771 2071 864 2124 καὶ
898 2070 1094 2141 σελήνη
1124 2071 1202 2141 τῷ
1246 2071 1440 2143 πλήθει
1478 2073 1588 2126 τῶν
1625 2075 1864 2146 ἄστρων,

276 2167 343 2233 τῇ
381 2179 444 2213 τε
485 2161 648 2229 φύσει
707 2161 799 2214 καὶ
840 2158 919 2230 τῷ
960 2160 1249 2231 πυροειδεῖ,
1283 2159 1358 2223 ὡς
1403 2160 1862 2232 ὲξεργαστικώτε-

278 2271 374 2325 ρον
413 2253 507 2326 [79
548 2253 609 2325 ὑ]
644 2256 672 2307 6
706 2252 920 2325 πρῶτος
963 2252 1118 2306 τοῦτο
1148 2253 1433 2324 περιέσχεν
1477 2253 1653 2322 λόγος.
1695 2254 1769 2307 Τὸ
1807 2255 1864 2308 δὲ

274 2348 435 2415 ἅγιον
464 2345 713 2414 Πνεῦμα,
743 2346 820 2408 ὼς
854 2346 928 2416 μὴ
955 2345 1267 2416 ἐναρίθμιον
1290 2348 1357 2417 τῇ
1386 2346 1582 2411 κτίσει,
1606 2347 1663 2399 ἓν
1690 2348 1781 2400 καὶ
1805 2347 1866 2401 τὸ

275 2441 413 2494 αὐτὸ
437 2436 584 2492 εἶναι
608 2439 677 2493 τὰ
706 2439 862 2508 λόγια
894 2438 1023 2511 ἡμῖν
1047 2439 1552 2510 προσανεφώνησεν.

346 2620 479 2675 KB'.
525 2620 591 2672 Ἦ
627 2617 802 2682 κτίσις
824 2620 885 2672 οὐ
910 2619 1217 2689 γέγραπται
1254 2616 1392 2672 εἶναι
1414 2618 1560 2691 ὓδωρ
1593 2618 1737 2692 ζωῆς
1760 2638 1774 2651 ·
1801 2622 1862 2674 οὐ

274 2711 389 2782 γὰρ
418 2711 518 2779 ἀφ’
550 2709 752 2779 ἑαυτῆς
776 2710 932 2780 ἔσχεν
967 2708 1248 2774 ἁειζωῒαν,
1284 2709 1361 2773 ὡς
1404 2712 1433 2763 6
1465 2710 1717 2783 ἀνάρχως
1756 2712 1864 2777 ζῶν

276 2802 437 2864 Θεὸς,
478 2802 554 2853 Τὸ
586 2801 644 2853 δὲ
671 2800 825 2868 ἅγιον
858 2800 1083 2871 Πνεῦμα
1111 2801 1267 2855 τοῦτο
1290 2797 1428 2855 εἶναι
1455 2803 1793 2874 εὐφημοῦσιν
1814 2806 1867 2860 οι

276 2896 334 2947 ὲν
355 2897 472 2957 τοῖς
500 2892 1013 2965 ὑπογεγραμμένοις
1045 2894 1611 2966 μνημονευθησόμενοι
1645 2898 1863 2969 ἱεροκή-

279 3002 447 3058 ρυκες
473 3027 490 3053 ,
529 2984 605 3049 ὡς
640 2987 705 3038 ὲκ
725 2985 826 3054 τῆς
854 2984 1122 3040 ἀθανάτου
1156 2985 1252 3041 καὶ
1290 2987 1561 3057 φυσιζὼου
1594 2990 1866 3061 πατρικῆς

278 3080 463 3149 πηγῆς
495 3077 758 3148 συμφυῶς
785 3078 1232 3150 ἐκπορευόμενον,
1255 3080 1375 3149 οὐχ).
1394 3081 1730 3151 κτιζόμενον.
1752 3083 1866 3135 Κα-

279 3175 454 3246 θάπερ
478 3173 588 3245 γὰρ
617 3175 673 3225 ἐν
696 3172 775 3243 τῷ
803 3171 1002 3245 πρώτῳ
1031 3173 1257 3244 εἴπομεν
1285 3172 1447 3242 λόγῳ,
1478 3173 1559 3225 ὅτι
1582 3172 1644 3225 τὸ
1666 3172 1782 3242 φῶς
1800 3172 1859 3225 οὐ

283 3265 658 3335 γενεσιουργεῖ
680 3266 779 3336 τὴν
797 3265 991 3319 ἑαυτοῦ
1012 3265 1203 3335 αὐγὴν,
1218 3263 1354 3317 ἀλλὰ
1373 3267 1536 3335 γεννᾷ
1552 3281 1567 3297 θ
1590 3264 1761 3328 οὕτως
1787 3267 1865 3318 ὲν-

286 3355 476 3420 ταῦθα,
522 3357 606 3409 ὅτι
650 3354 685 3426 ἡ
739 3356 891 3425 πηγὴ
951 3355 1011 3407 οὐ
1060 3357 1434 3425 γενεσιουργεῖ
1480 3354 1540 3408 τὸ
1588 3356 1647 3421 ἐξ
1693 3356 1863 3426 αὐτῆς

293 3446 456 3517 ὕδωρ,
500 3447 613 3500 ἀλλ’
646 3447 1083 3519 ἐκπορευόμενον
1128 3446 1243 3516 ἕχει
1290 3447 1384 3499 καὶ
1416 3444 1721 3518 ὁμοούσιον.
1754 3448 1863 3500 Οὑ-

291 3538 402 3601 δεὶς
442 3538 545 3610 γὰρ
579 3540 674 3592 τοῦ
721 3539 941 3603 ἑαυτοῦ,
990 3538 1022 3610 ἢ
1070 3537 1224 3603 υίοῦ,
1260 3538 1293 3608 ἢ
1332 3538 1669 3609 πνεύματος,
1711 3554 1864 3606 γενε-

294 3631 541 3700 σιουργός
570 3633 750 3683 ἐστιν·
803 3630 925 3684 ἐπεὶ
976 3630 1077 3684 οὐκ
1115 3630 1193 3684 ἔτι
1241 3631 1443 3702 πατὴρ,
1476 3630 1599 3684 οὔτε
1646 3628 1864 3700 πνεῦμα

289 3722 447 3792 ἔχων.
503 3723 773 3793 Ἱερεμίας
818 3723 884 3775 ὲκ
931 3721 1225 3794 προσώπου
1290 3722 1385 3776 τοῦ
1440 3720 1611 3775 Θεοῦο
1679 3740 1697 3774 ι
1750 3721 1867 3787 Ἐξ-

290 3814 422 3883 ἐστη
468 3814 499 3866 6
537 3814 767 3884 οὐρανὸς
814 3813 912 3866 ἐπὶ
954 3813 1149 3885 τούτῳ,
1184 3814 1280 3868 καὶ
1311 3813 1528 3886 ἔφριξεν
1560 3813 1651 3866 ἐπὶ
1689 3813 1864 3884 τούτῳ

279 3905 313 3975 ἡ
358 3903 469 3973 γῆ’
512 3903 595 3955 ὅτι
640 3903 735 3956 δύο
777 3902 871 3957 καὶ
921 3904 1134 3975 πονηρὰ
1185 3905 1441 3975 ἐποίησεν
1485 3906 1514 3958 6
1557 3904 1685 3967 λαός
1738 3921 1860 3975 μου.

290 3997 423 4066 Ἐμὲ
454 3995 817 4063 ἐγκατέλιπον
840 3997 1025 4067 πηγὴν
1055 3995 1245 4060 ὓδατος
1276 3996 1498 4061 ζῶντος,
1530 3997 1624 4051 καὶ
1649 3996 1864 4067 ὤρυξαν

276 4086 501 4149 ἑαυτοῖς
529 4086 769 4150 λάκκους
808 4088 1324 4158 συντετριμμένους,
1354 4089 1403 4141 οἳ
1445 4088 1503 4141 οὐ
1543 4087 1863 4158 δυνήσονται

276 4174 428 4245 ὕδωρ
472 4174 740 4244 συνέχειν.
774 4193 792 4226 ι
829 4173 904 4226 Τὸ
938 4177 1237 4247 μυστήριον
1279 4176 1307 4227 6
1353 4176 1639 4247 προφήτης
1671 4192 1863 4245 μυστι-

275 4268 394 4332 κῶς
434 4267 734 4322 ἐκτίθεται.
781 4264 948 4321 Εἶπεν
983 4267 1091 4339 γὰρ
1136 4268 1320 4337 πηγὴν
1371 4268 1464 4320 τὸν
1506 4266 1675 4320 Θεόν’
1719 4266 1862 4337 ὕδωρ

271 4355 333 4409 δὲ
387 4354 501 4418 ζῶν
554 4354 616 4407 τὸ
676 4354 830 4423 ἅγιον
881 4355 1126 4427 Πνεῦμα,
1172 4357 1233 4409 τὸ
1281 4357 1339 4411 ὲν
1384 4359 1450 4426 τῇ
1508 4355 1864 4428 κολυμϐήθρᾳ

276 4448 465 4509 πάσας
505 4446 660 4517 ἡμῶν
700 4448 1027 4519 ὲκκαθαῖρον
1067 4448 1169 4512 τὰς
1217 4449 1514 4520 ἁμαρτίας,
1548 4447 1612 4503 τὸ
1641 4449 1865 4502 διασπα-

273 4539 479 4609 σθῆναι
510 4542 581 4609 τῇ
618 4538 777 4609 φύσει
810 4540 908 4611 τῆς
952 4541 1150 4611 νοητῆς
1189 4541 1375 4612 πηγῆς
1430 4541 1503 4612 μὴ
1546 4542 1862 4612 δυνάμενον,

271 4632 354 4696 ὡς
406 4632 506 4685 καὶ
556 4631 618 4685 τὸ
668 4635 733 4685 ὲκ
789 4631 980 4704 πηγῶν
1035 4632 1273 4705 ῥεῖθρον.
1337 4632 1567 4696 Ἡσαΐας
1625 4634 1858 4704 ὁμοίως-

279 4740 299 4775 ι
368 4721 517 4789 Ἐγὼ
556 4720 716 4776 δώσω
756 4722 901 4792 ὕδωρ
948 4724 1007 4777 ὲν
1043 4722 1174 4796 δίψῃ
1216 4725 1330 4787 τοῖς
1378 4725 1764 4795 πορευομένοις
1805 4726 1863 4779 ὲν

352 4926 472 4995 (24)
514 4925 863 4997 ρειιεηῡθιιι.
914 4940 987 4991 tv,
1025 4926 1117 4982 24.
1162 4926 1329 4980 Biblia
1361 4944 1375 4982 :
1407 4943 1523 4990 σου,
1559 4942 1655 4997 pro
1680 4926 1853 4997 ὑμῶν.

350 4994 475 5068 (25)
512 4994 655 5063 Ipse.
687 4995 874 5051 Matth.
903 5011 984 5062 ιιι,
1015 4997 1101 5062 II,
1152 4999 1265 5051 haec
1302 5009 1535 5061 exstant,
1562 4994 1685 5051 ἰιοιι
1718 4994 1858 5052 ’γει-ο

277 5065 733 5138 οριιιιῄιιοριιιιειιι.

352 5136 475 5209 (26)
516 5134 918 5209 Πιιιιηιηὸἱίῐιίιί
952 5138 1163 5209 ratione
1206 5136 1522 5209 Ambrosius
1567 5135 1664 5190 lib.
1708 5152 1740 5190 γ
1780 5137 1858 5191 De

279 5206 406 5276 ﬁde,
435 5220 557 5273 cap.
580 5206 648 5260 2:
676 5225 695 5257 ι
721 5208 793 5261 De
822 5210 989 5271 nullo,
1023 5208 1215 5275 inquit,
1242 5207 1332 5272 qui
1355 5217 1571 5276 creatus
1600 5216 1703 5273 est,
1731 5222 1857 5275 pro-

282 5279 399 5346 pric
414 5278 528 5330 dici
564 5288 759 5345 potest,
798 5280 922 5347 quia
946 5277 1090 5333 solus
1112 5287 1215 5330 est.
1256 5276 1390 5331 Nam
1424 5276 1507 5329 cui
1538 5275 1679 5330 inest
1702 5292 1854 5332 com-

283 5341 526 5399 munitas
548 5341 833 5412 creatum},
858 5348 1309 5417 quemadmodum
1336 5349 1488 5416 quasi
1515 5347 1662 5401 solus
1684 5357 1862 5417 potest

281 5431 313 5469 a
342 5418 561 5485 caeteris
586 5418 900 5483 separari?»
947 5418 1011 5473 Ει
1035 5418 1259 5485 reliqua.

352 5487 473 5557 (2⁵1)
522 5484 821 5557 Obstupuit.
867 5488 1066 5543 Jerem.
1122 5503 1191 5550 ιι,
1238 5486 1304 5557 12
1347 5495 1403 5540 et
1458 5486 1545 5557 l5.
1598 5485 1857 5557 Complu-

286 5555 459 5628 tetisis
504 5556 673 5628 editio
706 5573 735 5628 εξ
764 5555 982 5628 Ἐξέστη
1034 5558 1062 5609 6
1111 5555 1337 5628 obpetqu
1388 5556 1501 5628 snt
1533 5556 1711 5628 τοῦτο,
1764 5558 1858 5611 καὶ

283 5626 505 5696 ἔφριξεν
537 5627 632 5679 ἐπὶ
684 5626 885 5692 πλεῖον,
913 5626 1058 5696 λέγει
1092 5626 1326 5696 Κύριος·
1360 5628 1441 5680 ὅτι
1486 5626 1578 5689 δύο
1624 5628 1854 5697 πονηρά,

284 5708 341 5751 ct
374 5698 604 5751 reliqua.

354 5713 806 5839 (gquZItam....
833 5768 999 5822 vivam
1051 5768 1307 5837 Spiritum
1352 5778 1610 5823 sanctum.
1655 5767 1853 5823 Eodem

604 5864 884 5928 Ριτιιοι..
927 5867 1041 5930 Gn.
1092 5865 1395 5927 XXXIX.

1981 619 2467 689 incorruptibilem,
2528 622 2753 688 bonum,
2819 625 3161 691 charitatem,
3216 630 3559 701 sapientiam,

1978 710 2409 780 intelligentiam,
2447 716 2587 769 sicut
2618 726 2673 770 et
2714 716 2879 771 Deum
2916 719 3243 788 appellavit;
3283 724 3559 791 virtutem,

1976 817 2041 857 ex
2077 818 2141 857 eo
2170 804 2313 872 quod
2336 804 2573 868 roboret,
2604 821 2670 861 ac
2707 808 2850 861 vires
2887 808 3175 877 largiatur;
3223 810 3450 879 justum,
3491 830 3559 870 ex

1974 909 2039 948 eo
2067 896 2211 964 quod
2231 895 2526 965 justiﬁcet;
2561 897 2963 969 impeccabilem
3001 914 3096 969 per
3144 916 3204 956 se
3258 902 3457 971 ipsum,
3504 916 3561 961 et

1976 984 2343 1054 Paracletum,
2378 988 2523 1045 sicut
2548 990 2711 1043 etiam
2754 991 2954 1045 dicitur
2999 992 3201 1058 Filius;
3244 995 3442 1063 ignem,
3490 1012 3559 1053 ex

1973 1093 2038 1135 eo
2075 1081 2220 1148 quod
2274 1081 2534 1150 apostolis
2567 1082 2813 1151 apparuit
2844 1082 2895 1135 in
2936 1082 3131 1153 linguis
3188 1086 3359 1154 igneis
3399 1103 3413 1141 :
3450 1103 3559 1157 qua

1973 1172 2182 1226 ratione
2219 1172 2286 1227 de
2334 1172 2498 1227 Patre
2551 1175 2767 1243 quidem
2815 1175 2889 1228 ait
2928 1176 3145 1231 Moses:
3182 1194 3201 1229 ι
3258 1179 3397 1233 Deus
3443 1180 3557 1248 (24)

1972 1268 2157 1313 noster
2187 1261 2327 1332 ignis
2356 1277 2677 1318 consumens
2702 1282 2717 1331 ;
2761 1281 2783 1317 ι
2813 1267 2878 1319 de
2906 1264 3044 1320 Filio
3071 1278 3251 1323 autem
3273 1268 3508 1325 Joannes
3534 1290 3549 1325 :

1975 1367 1994 1400 ι
2028 1349 2145 1419 Ipse
2197 1351 2309 1422 (25)
2369 1368 2464 1407 vos
2551 1354 2845 1422 baptizabit
2906 1357 2957 1410 in
3014 1356 3215 1427 Spiritu
3266 1369 3457 1415 sancto
3502 1370 3559 1416 et

1970 1440 2111 1511 igne.
2148 1460 2167 1494 ι
2202 1443 2267 1496 ΕΙ.
2296 1444 2398 1498 alia
2430 1444 2482 1498 id
2521 1460 2710 1514 genus.

2042 1530 2188 1590 XXI.
2224 1533 2486 1589 Crealnra
2522 1535 2655 1589 nihil
2690 1535 2853 1592 habet
2890 1538 2941 1592 in
2978 1555 3080 1594 una
3116 1540 3420 1611 hypostasi,
3461 1554 3557 1597 aut

1972 1625 2031 1679 in
2055 1639 2161 1678 una
2190 1640 2415 1694 persona
2448 1628 2736 1687 exsistcns.
2769 1628 2900 1684 Nam
2929 1632 3127 1700 angeli,
3167 1643 3222 1687 et
3245 1616 3555 1705 archangeli

1974 1715 2129 1769 multi
2191 1728 2353 1783 sunt;
2408 1721 2681 1789 seraphim
2726 1723 2947 1790 pariter,
3012 1732 3068 1777 et
3123 1724 3400 1779 cherubim
3444 1741 3551 1780 nun

1971 1816 2096 1862 sunt
2121 1823 2286 1862 unum
2320 1796 2522 1879 aliquid
2550 1827 2563 1877 ;
2597 1826 2661 1866 ac
2685 1812 2976 1881 plurariter
3014 1815 3143 1870 dicti
3170 1825 3295 1871 sunt
3348 1817 3552 1887 princie

1971 1908 2151 1969 palus,
2182 1908 2236 1954 et
2261 1909 2581 1969 potestates,
2637 1903 2889 1982 virtutes,
2930 1915 2985 1961 et
3041 1906 3458 1975 dominationes,
3497 1918 3554 1962 et

1971 1992 2179 2057 throni,
2209 1993 2356 2059 coeli,
2388 1992 2655 2059 homines,
2682 2007 2738 2050 et
2776 1997 2894 2050 alia:
2946 2006 3229 2053 creaturae.
3282 1998 3412 2053 Nam
3471 2001 3552 2054 sol

1970 2097 2186 2153 quoque
2220 2093 2274 2138 et
2308 2083 2434 2138 luna
2482 2100 2825 2143 communem
2859 2088 3060 2143 habent
3104 2106 3226 2144 cum
3278 2100 3551 2146 astrorum

1972 2172 2318 2229 multitudine
2342 2184 2455 2228 tum
2489 2185 2762 2243 naturam,
2794 2186 2907 2231 tum
2951 2178 3092 2247 ignis
3115 2179 3551 2249 similitudinem,

1970 2264 2111 2318 sicut
2140 2265 2419 2333 operosius
2450 2267 2501 2321 in
2531 2268 2704 2334 primo
2730 2267 2894 2339 λόγῳ,
2934 2283 3029 2324 seu
3074 2284 3327 2328 sermone
3371 2273 3554 2329 disce-

1971 2362 2175 2423 ptatum
2208 2364 2311 2410 est.
2346 2356 2414 2411 At
2440 2354 2699 2425 Spiritum
2726 2368 2995 2423 sanctum,
3023 2376 3144 2415 cum
3170 2362 3311 2417 inter
3338 2374 3553 2417 creatu-

1970 2457 2060 2497 ras
2094 2458 2198 2497 non
2231 2455 2671 2513 connumeretur,
2710 2463 2874 2503 unum
2911 2448 3024 2520 (26)
3054 2459 3110 2506 et
3149 2455 3398 2509 eumdem
3426 2468 3551 2510 esse

1970 2534 2148 2588 divina
2183 2536 2339 2590 nobis
2356 2536 2577 2591 oracula
2616 2538 3052 2598 manifestarunt.

2039 2624 2200 2679 XXII.
2261 2626 2519 2681 Creatura
2574 2628 2629 2682 in
2679 2629 2973 2700 Scripturis
3030 2648 3135 2689 non
3189 2634 3388 2691 dicitur
3429 2652 3549 2693 esse

1969 2732 2107 2786 aqua
2132 2700 2309 2785 Vita};
2344 2735 2444 2774 nec
2474 2721 2618 2775 enim
2660 2737 2689 2775 a
2720 2724 3009 2795 semetipsa
3042 2724 3228 2780 habuit
3259 2729 3546 2796 sempiter-

1972 2826 2094 2864 nam
2120 2811 2308 2876 vitam,
2340 2811 2483 2866 sicut
2522 2812 2710 2868 vivens
2728 2815 2795 2870 ab
2820 2823 3024 2871 aeterno
3058 2816 3220 2873 Deus.
3274 2820 3344 2873 At
3371 2819 3547 2891 Spiri-

1973 2910 2084 2955 tum
2148 2909 2396 2956 sanctum
2433 2902 2592 2956 talem
2628 2917 2749 2959 esse
2780 2904 3055 2961 afﬁrmant
3080 2908 3220 2963 sacri
3270 2923 3546 2979 praecones

1970 2990 2110 3047 inira
2140 2993 2621 3059 commemorandi,
2653 3008 2719 3049 eo
2747 2995 2889 3065 quod
2928 3011 2993 3051 ex
3027 2997 3341 3064 immortali,
3376 3011 3432 3057 et
3463 3002 3549 3056 vi-

1969 3081 2128 3136 viﬁco
2158 3090 2384 3152 paterno
2418 3082 2568 3139 fonte
2619 3084 3047 3141 connaturaliter
3105 3089 3380 3154 procedat,
3412 3091 3545 3160 quin

1965 3182 2197 3230 creetur.
2227 3174 2689 3241 Quemadmodum
2719 3177 2864 3231 enim
2888 3175 2999 3241 lux,
3023 3187 3082 3232 ut
3104 3178 3156 3232 in
3185 3179 3358 3249 primo
3377 3180 3544 3252 λόγῳ,

1964 3279 2059 3319 seu
2089 3279 2340 3320 sermone
2361 3266 2617 3330 diximus,
2649 3282 2754 3323 non
2771 3276 3034 3323 estcausa
3065 3269 3436 3340 productionis
3460 3274 3544 3327 sui

1968 3357 2125 3427 177
2157 3355 2482 3427 splendoris,
2511 3359 2606 3413 sed
2631 3373 2754 3413 eum
2785 3368 3038 3430 generat;
3073 3361 3145 3414 ita
3176 3360 3297 3415 fons
3328 3377 3433 3417 non
3463 3373 3549 3417 est

1963 3461 2125 3502 causa
2166 3448 2472 3516 producens
2496 3463 2713 3518 aquam,
2748 3465 2869 3520 qua
2914 3465 2982 3505 ex
3033 3452 3151 3521 ipso
3209 3462 3414 3519 manat,
3442 3456 3539 3511 sed

1964 3540 2109 3595 illam
2174 3540 2340 3596 habet
2400 3556 2467 3595 ex
2523 3556 2583 3596 se
2637 3544 3017 3611 procedentem
3077 3556 3134 3599 et
3178 3550 3543 3603 consubstan-

1966 3631 2173 3687 tialem.
2208 3630 2376 3687 Nemo
2398 3632 2543 3688 enim
2580 3643 2665 3688 est
2703 3650 2864 3689 causa
2898 3634 3266 3705 productionis
3292 3638 3375 3692 sui
3406 3639 3537 3703 lilii,

1965 3730 2058 3778 aut
2092 3723 2172 3777 sui
2202 3724 2450 3793 spiritus:
2471 3724 2706 3792 alioquin
2739 3725 2917 3781 nullus
2948 3730 3179 3799 amplius
3199 3738 3342 3784 esset
3364 3739 3539 3798 pater,

1965 3830 2121 3870 nemo
2150 3816 2372 3872 haberet
2405 3816 2677 3887 spiritum.
2717 3816 2981 3873 Jeremias
3022 3834 3087 3874 ex
3129 3835 3355 3890 persona
3394 3820 3489 3876 Dei
3521 3840 3537 3877 :

1970 3926 1989 3960 ι
2024 3905 2315 3976 Obstupuit
2342 3906 2456 3979 (27)
2494 3910 2692 3964 caelum
2749 3911 2803 3964 in
2853 3910 2974 3976 hoc,
3014 3920 3072 3966 et
3098 3912 3308 3966 horruit
3347 3912 3399 3967 in
3440 3913 3544 3969 hoc

1969 4008 2112 4054 terra
2155 4017 2168 4054 :
2206 4000 2461 4068 quoniam
2503 4000 2632 4068 duo,
2660 4010 2715 4055 et
2741 4000 2878 4055 mala
2908 4002 3038 4056 fecit
3063 4002 3293 4073 populus
3333 4018 3484 4058 meus
3519 4023 3534 4059 :

1967 4106 2053 4146 me
2120 4091 2531 4162 dereliquerunt
2570 4092 2772 4147 fontem
2804 4107 2958 4163 aqua:
2991 4095 3158 4158 vivae,
3201 4103 3256 4149 et
3290 4094 3543 4150 foderunt.

1965 4185 2067 4239 sibi
2107 4185 2378 4239 cisternas
2405 4186 2694 4249 contritas,
2736 4202 2856 4257 quae
2901 4203 3005 4243 non
3042 4198 3296 4258 poterunt
3342 4203 3540 4257 aquam

1964 4275 2263 4330 continere.
2300 4294 2320 4328 ι
2354 4275 2675 4346 Mysterium
2712 4276 2974 4347 propheta
3005 4278 3233 4348 mystice
3283 4277 3537 4345 exponit.

1966 4365 2112 4420 Dixit
2164 4368 2308 4420 enim
2353 4367 2597 4431 fontem,
2643 4366 2806 4422 Deum
2847 4386 2862 4422 :
2900 4383 3095 4437 aquam
3142 4381 3272 4422 vero
3323 4367 3539 4431 vivam,

1897 4485 1941 4540 Β
1968 4455 2229 4526 Spiritum
2286 4467 2534 4512 sanctum
2580 4458 2717 4528 (28),
2751 4460 2844 4527 qui
2893 4457 3075 4513 omnia
3102 4467 3322 4528 peccata
3356 4470 3541 4513 nosne

1969 4549 2220 4605 emundat
2255 4551 2307 4603 in
2354 4549 2595 4619 piscina,
2650 4551 2855 4621 quique
2901 4560 3094 4605 natura
3152 4549 3380 4603 distrahi
3433 4566 3541 4605 non

1970 4652 2150 4710 potest
2203 4642 2271 4695 ah
2329 4640 2649 4712 intelligibili
2688 4643 2838 4698 fonte
2899 4642 3041 4697 sicut
3098 4656 3165 4695 ne
3215 4642 3364 4696 rivus
3415 4641 3541 4711 qui-

1970 4730 2090 4785 dem
2138 4745 2169 4784 a
2205 4729 2460 4785 fontibus.
2492 4729 2659 4785 Isaias
2709 4730 2961 4787 similiter
2998 4749 3011 4785 :
3048 4749 3066 4782 ι
3094 4730 3204 4801 Ego
3238 4729 3376 4786 dabo
3419 4728 3536 4801 (29)

1969 4930 2127 4985 modo
2172 4928 2420 4985 Jeremize
2463 4932 2642 4986 locum
2688 4931 2923 4999 explicat
2972 4930 3229 5000 Didymus
3276 4930 3330 4985 in
3383 4944 3537 4985 com-

1971 5012 2135 5069 ment.
2177 5003 2231 5055 in
2279 5001 2522 5055 Psalmos
2567 5005 2633 5055 ad
2674 5017 2812 5055 vers.
2841 5002 2876 5053 2
2918 5001 3108 5069 psalmi
3160 5006 3361 5066 iam,
3410 5015 3535 5068 pag.

1969 5067 2073 5158 745
2105 5080 2325 5158 ςιιιςιιςιξ,
2359 5073 2445 5125 ubi
2477 5073 2603 5158 ‘ai't:
2634 5067 3134 5158 Tﬁgfwﬁgvontoy
3164 5069 3329 5158 ξδιυρ,
3353 5067 3540 5155 δηλον-

1964 5137 2046 5192 ότι
2077 5139 2140 5193 τὸ
2176 5141 2397 5210 Πνεῦμα
2440 5143 2501 5193 τὸ
2534 5137 2718 5209 ἅγιον.
2742 5137 2885 5210 Φησϊ
2911 5137 3132 5248 γὰρκαὶ
3160 5139 3247 5192 διὰ
3273 5137 3538 5210 Ἰερεμίου

1965 5211 2246 5248 πηοτηῦιφῆιι
2264 5228 2278 5241 ο
2305 5229 2323 5248 ι
2347 5212 2471 5248 ’Πιιὲ
2493 5211 2845 5248 ὲννηηιέλιτφηυ
2862 5227 2974 5248 HV
3015 5227 3042 5248 υ
3066 5209 3254 5248 i'tRmr-nr
3277 5208 3476 5248 Γιτιυιπν
3512 5227 3534 5248 ι

1965 5211 2246 5281 προφήτου
2264 5228 2278 5241 ·
2305 5208 2332 5261 ι’
2347 5212 2475 5281 Ἐμὲ
2492 5208 2845 5279 ἐγκατέλιπον
2862 5208 3042 5281 πηγὴν
3066 5209 3254 5272 ὓδατος
3277 5208 3495 5274 ζῶντος.
3512 5227 3534 5261 ι

1967 5280 2019 5358 ιιι
2053 5282 2394 5358 εειλι-ᾼιιιιει
2432 5281 2575 5344 vita,
2609 5280 2836 5358 spiritali
2877 5296 3037 5358 sensu
3067 5279 3335 5358 |accep_ta;
3384 5278 3537 5358 video

3140 5365 3200 5402 er
3237 5348 3532 5403 Jeremiam

3120 5427 3300 5474 autem
3382 5432 3538 5486 aquas

1966 5348 2095 5404 licet
2140 5351 2377 5417 Spiritus
2426 5348 2667 5405 sanctus.
2698 5351 2787 5403 Ait
2822 5351 2963 5405 enim
3013 5360 3067 5405 et

1966 5421 2342 5503 prophetam:
2418 5437 2436 5470 ι
2475 5419 2559 5475 Me
2634 5421 3040 5491 dercliqnerunt

1970 5507 1993 5630 ᾖ
2030 5505 2302 5630 ἷέἕίῖἑρο
2336 5560 2492 5630 dabo.
2524 5560 2627 5616 Isa.
2651 5576 2795 5624 κων,
2818 5561 2852 5615 5
2871 5570 2927 5613 et
2948 5560 3002 5614 4.
3026 5557 3210 5613 Grmca
3235 5552 3538 5630 editiottb;

2120 5625 2520 5703 μέσονίίῦδατος
2593 5631 2803 5703 χόρτος.
2852 5630 2988 5684 Τιιιιι
3041 5643 3142 5699 pro
3195 5625 3532 5699 παραρρέον,

1961 5701 2119 5761 habet
2145 5701 2252 5754 πᾶν
2286 5700 2427 5770 ῥέον.
2598 5700 2625 5702 η
2660 5700 2671 5703 ⁷
2945 5712 2959 5715 ”

3146 5861 3216 5920 18
