4082 6406
583 313 688 371 555
1823 302 2060 358 DIDYMI
2100 301 2570 356 ALEXANDRINI
3713 305 3803 359 556

584 441 778 497 aquam
812 425 865 478 in
894 426 980 478 sitt
1009 421 1410 478 ambulantibus
1442 420 1492 473 iu
1515 418 1698 482 sict-0;
1730 418 2002 486 imponam
2037 415 2160 483 Spi-
2191 476 2196 485 ι

2191 431 2236 485 Α
2265 412 2512 483 ἀνύδρῳ·
2561 410 2808 482 ἐπιθήσω
2840 409 2900 461 τὸ
2946 408 3172 479 Πνεῦμα
3229 426 3331 480 μου
3385 411 3476 463 ἐπὶ
3519 412 3575 464 τδ
3612 405 3803 484 σπέρμα

585 521 749 573 ritum
775 533 952 571 meum
999 531 1163 585 super
1193 530 1379 570 semen
1421 523 1596 575 tuum,
1653 519 1708 564 et
1758 511 2162 564 benedictiones

2268 523 2382 571 σου,
2434 505 2527 557 καὶ
2577 505 2674 567 τὰς
2724 503 2970 570 εὐλογίας
3023 520 3124 573 μου
3167 504 3260 555 ἐπὶ
3293 505 3362 557 τὰ
3393 505 3554 559 τέκνα
3589 523 3700 558 σου·
3725 509 3805 562 καὶ

585 625 734 663 mea:
785 624 949 679 super
1010 608 1150 663 ﬁlios
1209 618 1380 660 tuos:
1423 616 1476 659 et
1515 605 1830 657 exorientur
1881 601 1933 654 in
1987 600 2163 655 medio

2264 596 2614 651 ἁνατελοῦσιν
2648 597 2750 650 ἀνὰ
2801 596 2967 666 μέσον
3017 595 3230 659 ὓδατος,
3272 595 3347 659 ὡς
3378 595 3582 667 χόρτος,
3618 598 3704 650 καὶ
3743 598 3806 661 ὡς

585 710 758 764 aqum,
803 696 944 749 sicut
997 695 1204 762 lterba,
1255 704 1310 748 et
1363 695 1507 748 sicut
1555 693 1690 746 salix
1740 705 1905 760 super
1934 697 2163 759 prater-

2268 688 2384 741 ίτέα
2420 689 2512 742 ἐπὶ
2546 687 2861 760 παραρρέον
2894 686 3059 758 ὕδωρ.
3099 706 3118 738 ι
3153 689 3263 740 Καὶ
3291 686 3449 741 τοῦτο
3477 689 3563 742 διὰ
3588 691 3807 761 κρυφίων

585 785 837 841 ﬂuentem
904 801 1121 854 aquam.
1193 806 1213 843 ›
1273 785 1372 840 llic
1429 799 1648 854 quoque
1711 783 1860 837 locus
1903 797 2160 836 arcanum

2263 779 2377 849 ἔχει
2410 780 2609 851 νοητὴν
2659 780 2945 850 διαίρεσιν.
2989 780 3116 841 Τοῖς
3159 780 3268 852 γὰρ
3309 783 3366 833 ἐν
3398 782 3601 853 ἀγνοίᾳ,
3646 781 3806 852 φησὶν,

584 895 807 935 sensum
848 881 1114 943 continet,
1156 887 1318 948 atque
1359 877 1708 947 allegoricam
1747 875 2160 943 explicationem

2264 870 2282 942 ι
2304 871 2372 925 80
2397 889 2427 922 a
2449 871 2468 942 ]
2491 871 2850 940 τυγχάνουσιν
2882 869 2976 922 τοῦ
3037 871 3430 943 βαπτίσματος.
3461 874 3551 926 καὶ⁴
3574 872 3654 925 διὰ
3673 872 3810 925 τοῦτο

586 969 768 1026 habet.
807 968 940 1022 Nam
975 969 1082 1033 his,
1109 970 1307 1039 inquit,
1335 969 1424 1036 qui
1459 968 1784 1036 baptismum
1816 965 1928 1036 (30)
1991 966 2155 1034 igno—

2265 964 2650 1035 πορευομένοις
2670 965 2728 1016 ἐν
2749 963 2984 1034 ἀνύδρῳ,
3015 982 3032 1015 ι
3065 965 3313 1036 ἐπιθήσω
3332 965 3392 1017 τὸ
3419 965 3633 1034 Πνεῦμα
3659 982 3805 1035 μου,ι

586 1069 710 1115 rant
747 1060 974 1128 ideoque
1017 1059 1071 1114 in
1115 1059 1260 1115 sicco
1311 1057 1610 1121 ambulant,
1661 1074 1680 1108 ι
1733 1057 2002 1126 imponam
2039 1054 2162 1124 Spi-

2263 1056 2324 1109 τὸ
2377 1058 2600 1126 ποιῆσαι
2640 1057 2940 1126 δυνάμενον
2993 1059 3091 1128 τὴν
3143 1057 3529 1128 κολυμϐήθραν
3571 1057 3808 1127 ἀναθῆλαι

583 1154 746 1204 ritum
778 1165 959 1206 meum
986 1191 1001 1216 ,
1041 1169 1059 1202 ›
1086 1150 1177 1220 qui
1207 1149 1422 1204 eﬂicere
1450 1155 1649 1217 potest,
1678 1157 1738 1201 ut
1773 1162 1870 1217 per
1891 1147 2160 1216 piscinam

2263 1152 2480 1215 αὐτοὺς,
2499 1152 2575 1214 ὡς
2603 1149 2671 1203 τὰ
2699 1148 2929 1221 φίλυδρα
2958 1149 3068 1204 τῶν
3104 1150 3306 1219 φυτῶν,
3335 1149 3430 1202 καὶ
3457 1170 3474 1200 ι
3500 1150 3572 1212 ὡς
3591 1149 3647 1202 τὸ
3675 1150 3810 1216 ξύλον

585 1239 938 1296 reﬂorescant
971 1241 1114 1296 sicut
1143 1240 1339 1310 plantae
1378 1239 1679 1309 aquatica,
1714 1248 1768 1291 et
1804 1256 1824 1288 ι
1861 1237 2003 1291 sicut
2044 1234 2157 1306 (3|)

2263 1243 2323 1295 τὸ
2354 1243 2761 1314 πεφυτευμένον
2797 1242 2948 1313 παρὰ
2975 1242 3074 1305 τὰς
3104 1241 3369 1306 διεξόδους
3401 1242 3510 1294 τῶν
3540 1241 3811 1294 ὑδάτωνοό

587 1334 814 1404 lignum,
849 1336 991 1405 quod
1022 1336 1318 1402 plantatum
1355 1342 1436 1388 est
1472 1348 1628 1388 secus
1673 1334 1938 1387 decursus
1992 1347 2159 1398 aqua-

2261 1332 2354 1384 τὸν
2411 1332 2619 1402 καρπὸν
2658 1330 2824 1384 αὑτοῦ
2876 1330 3038 1384 δώσει
3086 1333 3144 1384 ἐν
3198 1330 3374 1402 καιρῷ
3421 1330 3603 1394 αὐτοῦ,
3647 1331 3810 1384 καὶτὸ

588 1442 731 1490 rum,
771 1430 912 1495 quod
938 1426 1172 1482 fructum
1211 1442 1364 1480 suum
1400 1426 1549 1480 dabit
1585 1427 1638 1480 in
1674 1434 1917 1496 tempore
1963 1441 2079 1491 suo,
2107 1434 2162 1480 et

2264 1420 2460 1490 φύλλον
2481 1419 2642 1474 αὑτοῦ
2665 1421 2765 1473 οὐκ
2795 1420 3222 1493 ἀπορῤυήσεται.
3254 1440 3274 1471 ι
3300 1421 3410 1474 Καὶ
3437 1423 3464 1473 ὁ
3499 1418 3809 1492 ίεροψάλτης,

584 1519 772 1572 folium
807 1519 924 1588 ejus
953 1534 1056 1573 non
1093 1518 1310 1573 deﬂuet.
1350 1537 1369 1570 ι
1415 1517 1480 1570 Et
1513 1533 1672 1572 sacer
1694 1516 1905 1573 Psaltes
1942 1517 1993 1572 id
2018 1518 2160 1586 quod

2263 1513 2322 1565 τὸ
2356 1511 2554 1582 ἀληθὲς
2587 1511 2665 1582 τῷ
2693 1511 2979 1582 πράγματι
3007 1512 3211 1580 ἀφανές
3242 1529 3359 1575 πως
3393 1511 3470 1581 τῷ
3495 1510 3631 1582 λόγῳ
3661 1511 3740 1564 διὰ
3761 1510 3812 1562 τὸ

591 1623 648 1662 re
677 1624 868 1661 verum
900 1616 1024 1671 est,
1070 1607 1250 1660 verbis
1297 1608 1586 1660 obscurum
1642 1608 2045 1673 quodammodo
2093 1623 2156 1663 ex

2263 1605 2561 1671 ἀναγκαῖον
2614 1604 2808 1668 ποιῶν,
2865 1603 3190 1673 ἁναμέλπει,
3243 1605 3299 1656 ἐν
3357 1604 3457 1673 μὲν
3509 1602 3580 1656 λε’
3617 1601 3808 1672 ψαλμῷ·

585 1703 910 1756 necessitate
970 1701 1218 1764 lacieus,
1280 1700 1332 1752 in
1387 1715 1534 1752 xxxv
1601 1701 1825 1781 psalmo.
1875 1700 2157 1758 concinit:

2269 1715 2285 1745 ι
2325 1697 2447 1748 Ὅτι
2484 1696 2636 1767 παρὰ
2669 1698 2752 1748 σοὶ
2783 1695 2931 1767 πηγὴ
2973 1695 3154 1764 ζωῆς·
3194 1716 3213 1748 ι
3247 1696 3304 1748 ἐν
3349 1696 3406 1748 δὲ
3450 1695 3602 1766 ρμζ¹ο
3631 1698 3668 1765 ι(
3713 1695 3811 1760 Ἐξ-

593 1815 610 1845 ι
661 1796 928 1862 Quoniam
963 1794 1078 1864 (52)
1109 1794 1248 1862 apud
1303 1804 1354 1847 te
1391 1803 1472 1847 est
1501 1793 1619 1848 fons
1651 1794 1808 1858 vitae;
1847 1812 1864 1845 ι
1901 1795 1952 1846 in
1983 1808 2158 1848 chvn
2191 1787 2205 1841 1

2200 1787 2234 1841 ll
2263 1787 2552 1839 αποστελεῖ
2587 1787 2674 1840 τὸν
2703 1787 2873 1855 Λόγον
2908 1787 3094 1850 αὑτοῦ,
3131 1787 3225 1840 καὶ
3257 1786 3408 1858 τήξει
3441 1786 3812 1841 αύτάδπνεύσει

587 1900 804 1944 autem;
837 1909 856 1938 ι
887 1887 1106 1942 Emittet
1143 1884 1253 1957 (33)
1290 1886 1520 1939 Verbum
1551 1899 1727 1948 suum,
1758 1893 1812 1937 et
1859 1884 2164 1951 liquefaciet

2263 1880 2323 1931 τὸ
2356 1879 2579 1950 Πνεῦμα
2615 1880 2815 1938 αὑτοῦ,
2863 1880 2954 1932 καὶ
2991 1881 3252 1950 ρυήσεται
3285 1880 3452 1934 ὕδατα
3487 1880 3811 1950 εὐφραίνοντα

583 1994 644 2032 ea
705 1978 908 2032 :ﬂabit
967 1977 1206 2044 Spiritus
1263 1977 1421 2042 ejus,
1495 1984 1548 2027 et
1601 1972 1766 2028 ﬂuent
1813 1988 1995 2041 aquae.
2058 1988 2166 2026 ma-

2265 1975 2362 2044 τὴν
2394 1974 2548 2026 πόλιν
2577 1973 2672 2026 τοῦ
2707 1973 2842 2026 Θεοῦ
2873 1973 2968 2044 τὴν
3007 1973 3280 2045 μεγάλην·
3315 1993 3334 2025 ι
3370 1973 3508 2045 αῦτη
3541 1974 3595 2026 δέ
3627 1976 3760 2027 ἐστιν
3786 1975 3812 2044 ἡ

584 2087 744 2138 gnam
781 2069 1056 2124 civitatem
1097 2067 1209 2139 (54)
1247 2067 1337 2121 Dei
1397 2066 1737 2121 lmtiticantes
1769 2083 1785 2119 :
1835 2084 1852 2117 ι
1885 2066 2010 2120 Ιιιεο
2062 2080 2161 2118 au-

2266 2068 2417 2119 πᾶσα
2449 2065 2760 2136 οἰκουμένη.
2798 2066 2896 2117 Ἴν⁹
2935 2065 3107 2129 οὕτως
3135 2067 3244 2138 γὰρ
3272 2066 3431 2129 εἴπω,
3463 2068 3596 2137 ὅπερ
3628 2064 3815 2136 ἀνθρὼ-

587 2175 692 2216 tcm
729 2171 812 2216 est
836 2170 953 2215 tota
992 2159 1262 2214 terra.-llt
1289 2159 1432 2211 enim
1464 2158 1542 2212 sic
1573 2157 1785 2223 loquar,
1821 2158 1960 2226 quod
1989 2156 2161 2210 homi-

2265 2173 2390 2220 ποις
2423 2156 2570 2207 ἐστὶν
2613 2155 2816 2226 ἑκάστη
2859 2155 3030 2221 πόλις,
3067 2159 3223 2208 τοῦτο
3257 2158 3652 2228 παντοκράτορι
3682 2158 3710 2227 ἡ
3751 2157 3815 2207 oi-

587 2253 740 2306 nibus
754 2265 837 2306 est
861 2265 1194 2320 unaqumque
1208 2251 1418 2315 civitas,
1435 2247 2052 2317 ltoc(35)0mnipotenti
2078 2258 2162 2305 est

2266 2248 2528 2320 κουμένη.
2562 2248 2777 2319 Βαροὺχ
2806 2249 3234 2319 ἀποκλαιόμενος
3263 2250 3353 2303 τὸν
3378 2251 3506 2304 λαὸν
3533 2251 3655 2304 ὄντα
3679 2253 3730 2304 ἐν
3755 2252 3811 2319 γῇ

585 2355 749 2395 terra.
767 2340 973 2396 Barucb
1004 2341 1252 2408 populum
1277 2339 1604 2408 deﬂens,qui
1633 2340 1683 2391 in
1705 2339 1868 2408 178
1886 2349 2024 2392 terra
2047 2348 2165 2394 erat

2264 2341 2547 2394 Χαλδαίων
2574 2340 2684 2393 τῶν
2719 2341 2942 2411 Πνεῦμα
2973 2342 3126 2410 ἅγιον
3163 2343 3238 2414 μὴ
3270 2345 3522 2414 ἐχόντων.
3716 2363 3730 2395 ι
3761 2343 3815 2395 Τί

586 2434 960 2488 Chaldaeorum
1015 2432 1274 2502 Spiritum
1326 2440 1572 2486 sanctum
1635 2446 1740 2485 non
1822 2432 2160 2494 habentium,

2266 2432 2348 2483 σοί
2377 2434 2546 2497 ἐστιν,
2589 2431 2828 2503 Ἰσραὴλ,
2859 2433 2941 2485 ὅτι
2988 2435 3044 2485 ἐν
3088 2436 3158 2504 γῇ
3190 2435 3298 2487 τῶν
3324 2435 3535 2507 ἐχθρῶν
3563 2433 3644 2501 εἷς
3679 2436 3815 2487 Ἐπα-

591 2526 831 2580 clamat:
873 2545 890 2578 ι
923 2526 1063 2592 Quid
1102 2525 1196 2580 tibi
1231 2524 1341 2594 (36)
1377 2533 1479 2589 est,
1510 2524 1720 2578 Israel?
1757 2524 1899 2592 quod
1933 2526 1984 2578 in
2022 2534 2161 2578 terra

2265 2522 2503 2595 λαιώθης
2537 2525 2595 2576 ἐν
2626 2527 2696 2596 γῇ
2740 2524 2996 2595 ἀλλοτρίᾳ
3017 2566 3032 2590 ,
3075 2527 3440 2599 συνεμιάνθης
3473 2530 3583 2592 τοῖς
3608 2529 3812 2598 νεκροῖς,

587 2617 930 2671 inimicorum
960 2632 1041 2681 es,
1107 2615 1421 2670 inveterasti
1469 2615 1530 2669 in
1589 2625 1735 2668 terra
1767 2614 1944 2668 aliena
1967 2655 1982 2678 ,
2017 2614 2166 2669 coin-

2270 2615 2698 2686 προσελογίσθης
2752 2615 2890 2686 μετὰ
2937 2615 3045 2669 τῶν
3096 2619 3178 2680 εἰς
3460 2619 3814 2687 Ἐγκατέλιπες

587 2707 848 2774 quinatus
876 2722 942 2762 es
971 2721 1091 2760 cum
1133 2707 1396 2770 mortuis,
1451 2714 1730 2775 reputatus
1766 2719 1825 2759 es
1875 2719 1998 2759 cum
2055 2704 2162 2770 bis,

2272 2708 2454 2779 πηγὴν
2503 2709 2599 2779 τῆς
2633 2708 2854 2778 σοφίας·
2888 2711 2954 2779 τῇ
2992 2708 3097 2780 ὁδῷ
3130 2710 3225 2762 τοῦ
3270 2710 3406 2764 Θεοῦ
3441 2715 3490 2765 εί
3523 2710 3811 2782 ἐπορεύθης.

586 2797 678 2864 qui
713 2806 838 2850 sunt
892 2797 943 2850 in
994 2796 1206 2850 inferno
1239 2813 1269 2861 ,ι
1303 2795 1638 2863 dereliquisti
1691 2795 1891 2848 lontem
1939 2793 2168 2863 Sapien-

2270 2801 2538 2870 κατῴκεις
2582 2800 2647 2854 ἂν
2679 2802 2737 2853 ἐν
2769 2802 2961 2874 εἰρήνῃ
2997 2800 3088 2854 τὸν
3129 2801 3302 2855 αἰῶνα
3333 2803 3525 2875 χρόνον
3550 2822 3563 2834 ·
3607 2823 3624 2855 ι
3657 2803 3813 2872 πηγὴν

587 2886 710 2939 tiae:
740 2886 793 2939 In
823 2887 903 2939 via
934 2885 1026 2940 Dei
1072 2887 1116 2940 si
1163 2885 1519 2946 ambulasses,
1569 2883 1883 2939 babitasses
1931 2885 1982 2939 in
2037 2898 2166 2953 pace

2267 2894 2357 2946 τὸν
2395 2894 2548 2954 Θεὸν,
2583 2893 2773 2962 σοφίαν
2819 2895 2878 2948 τὸ
2908 2897 3062 2963 ἅγιον
3095 2894 3317 2965 Πνεῦμα
3349 2895 3544 2964 λέγων.
3594 2895 3814 2962 Ἰωάννης

585 2978 844 3031 θεροιιίιιιι]
910 2987 1138 3045 tempus.
1206 2995 1224 3029 ι
1276 2976 1445 3030 Porro
1515 2978 1718 3030 l'ontem
1761 2977 1889 3030 dicit
1943 2976 2162 3043 Deum;

2268 2984 2376 3037 ἀπὸ
2401 2983 2494 3036 τοῦ
2527 2984 2659 3037 Υίοῦ
2694 2985 2834 3056 πρὸς
2863 2986 2961 3056 τὴν
2990 2986 3354 3056 Σαμαρείτιδα
3373 3004 3388 3017 ⁸
3428 3007 3446 3039 ι
3478 2989 3540 3041 Ei
3573 2987 3710 3058 ᾔδεις
3733 2986 3815 3055 τὴν

587 3069 925 3138 Sapientiam
958 3069 1219 3138 Spiritum
1258 3078 1527 3122 sanctum.
1559 3067 1796 3122 Joannes
1829 3083 1895 3122 ex
1930 3083 2160 3137 persona

2202 3137 2234 3147 Α
2267 3075 2473 3144 δωρεὰν
2503 3074 2596 3128 τοῦ
2630 3075 2788 3136 Θεοῦ,
2822 3078 2915 3130 καὶ
2941 3077 3022 3141 τίς
3049 3080 3196 3132 ἐστιν
3226 3080 3254 3130 6
3282 3077 3457 3147 λέγων
3490 3097 3591 3144 σοι,
3620 3080 3712 3142 Δός
3740 3095 3814 3147 μοι

586 3157 708 3212 Filii
755 3159 821 3213 ad
855 3137 1255 3213 Samaritanam
1285 3175 1346 3210 :-¢
1389 3156 1444 3211 Si
1471 3157 1644 3212 scires
1673 3156 1785 3228 (37)
1814 3159 2012 3212 donum
2039 3157 2157 3221 Dei,
2190 3147 2198 3189 ⁴

2204 3137 2235 3196 Β
2271 3169 2435 3230 πιεῖν,
2477 3167 2541 3218 σὺ
2575 3166 2640 3219 ἂν
2674 3167 2882 3237 ᾔτησας
2903 3167 3090 3232 αὐτὸν,
3127 3169 3221 3221 καὶ
3253 3168 3455 3222 ἔδωκεν
3489 3171 3552 3224 ἄν
3587 3187 3663 3222 σοι
3693 3169 3816 3237 ὕδωρ

585 3261 641 3303 et
677 3251 798 3319 quis
820 3259 904 3305 est
927 3249 1018 3318 qui
1064 3250 1196 3305 dicit
1233 3249 1324 3304 tibi
1355 3267 1368 3302 :
1402 3247 1481 3302 Da
1511 3249 1641 3303 mihi
1666 3250 1882 3315 bibere,
1932 3259 1983 3303 tu
2012 3253 2168 3306 forsi-

2270 3256 2379 3320 ζῶν
2401 3273 2414 3286 ο
2459 3277 2478 3309 ι
2515 3257 2616 3326 τῆς
2665 3258 3050 3330 κολυμϐήθρας
3079 3257 3174 3311 τοῦ
3215 3259 3370 3329 ἁγίου
3417 3261 3723 3332 Πνεύματος
3759 3259 3815 3311 τά

587 3352 678 3396 tan
715 3343 961 3412 petiisses
991 3344 1058 3397 ab
1094 3357 1178 3408 eo,
1213 3353 1267 3396 et
1293 3343 1530 3396 dedisset
1569 3342 1661 3395 tibi
1687 3355 1879 3411 aquam
1912 3343 2112 3408 vivam,
2142 3363 2161 3396 ι

2267 3349 2513 3403 ἀθάνατα
2539 3350 2755 3420 νάματα
2781 3350 2973 3417 λέγων.
3022 3349 3143 3403 Ὅτι
3171 3351 3278 3423 γὰρ
3305 3351 3488 3406 πάντα
3513 3353 3680 3407 ταῦτα
3710 3351 3816 3420 περὶ

588 3437 640 3490 id
669 3445 785 3501 est,
820 3437 1040 3503 piscina:
1085 3437 1258 3491 sancti
1302 3434 1538 3504 Spiritus
1590 3434 1924 3490 immortales
1975 3450 2163 3504 aquas.

2271 3440 2362 3493 τοῦ
2402 3439 2720 3510 Πνεύματος
2771 3438 2865 3492 τοῦ
2905 3438 3039 3492 Θεοῦ
3077 3441 3312 3511 εἴρηται,
3363 3443 3392 3494 6
3458 3441 3818 3513 μνημονευθεὶς

587 3526 739 3594 Quod
777 3529 924 3581 enim
967 3527 1080 3582 hare
1133 3527 1314 3581 omnia
1365 3527 1430 3582 de
1487 3526 1688 3595 Spiritu
1736 3525 1828 3580 Dei
1859 3526 1999 3582 dicta
2037 3528 2164 3593 sint,

2269 3532 2664 3603 εὐαγγελιστὴς
2697 3533 3040 3604 ἡρμήνευσεν
3079 3533 3172 3586 ἐπὶ
3199 3533 3413 3598 λέξεως.
3457 3536 3561 3588 Τοῦ
3594 3535 3696 3606 γὰρ
3724 3534 3819 3586 Σω-

587 3626 1046 3674 commemoratus
1092 3618 1422 3687 evangelista
1464 3618 1852 3686 interpretatus
1897 3628 1981 3672 est
2009 3633 2166 3689 aper-

2266 3627 2429 3695 τῆρος
2461 3624 2726 3688 είπόντος,
2761 3643 2779 3675 ι
2813 3625 2881 3676 Et
2900 3641 2984 3688 τις
3010 3624 3156 3696 διψᾷ,
3187 3625 3434 3697 ἐρχέσθω
3464 3627 3597 3699 πρὸς
3632 3628 3712 3697 μέ,
3739 3622 3817 3676 καὶ

588 3711 660 3766 tis
685 3711 883 3766 verbis.
905 3712 1039 3766 Cum
1065 3711 1208 3765 enim
1233 3710 1484 3765 Salvator
1506 3710 1754 3773 dixisset,
1779 3727 1798 3760 ι
1822 3707 1878 3763 Si
1907 3709 2030 3779 quis
2051 3710 2162 3781 (38)

2266 3717 2486 3771 πινέτω.
2529 3717 2588 3770 '0
2616 3716 2886 3770 πιστεύων
2915 3719 2993 3779 είς
3024 3719 3144 3789 ἐμὲ,
3175 3719 3356 3782 καθὼς
3384 3716 3541 3775 εἶπεν
3568 3724 3600 3791 ή
3630 3717 3815 3792 Γραφὴς

585 3802 734 3868 sitit,
786 3803 969 3857 veniat
1016 3803 1084 3856 ad
1133 3817 1252 3867 me,
1293 3813 1350 3858 et
1391 3800 1538 3855 bibat
1579 3801 1710 3870 :qui
1743 3799 1919 3854 credit
1951 3801 2004 3854 in
2041 3817 2160 3868 me,

2277 3808 2516 3878 ποταμοὶ
2569 3809 2632 3860 ἐκ
2680 3807 2780 3877 τῆς
2825 3806 3035 3871 κοιλίας
3081 3809 3246 3861 αὑτοῦ
3295 3810 3581 3880 ῥεύσουσιν
3619 3805 3815 3883 [806]

585 3891 728 3946 sicut
757 3891 897 3946 dixit
932 3891 1234 3959 Scriptura,
1266 3890 1489 3944 ﬂumina
1511 3902 1579 3944 ex
1618 3900 1807 3944 ventre
1837 3889 1953 3959 ejus
1995 3889 2165 3946 ﬂuent

2266 3897 2457 3962 ὓδατος
2494 3898 2716 3962 ζῶντος,
2750 3917 2769 3949 ι
2799 3898 2960 3962 εὐθὺς
2983 3901 3296 3971 ἐπήγαγεν·
3327 3920 3346 3953 ‹
3382 3903 3559 3958 Τοῦτο
3591 3903 3647 3958 δέ
3685 3897 3819 3956 εἶπεν

584 3995 739 4054 σηοω
765 3982 932 4050 vivae;
969 4000 990 4035 ι
1023 3983 1206 4036 statim
1261 3982 1549 4051 subjunxit
1577 3999 1591 4034 :
1621 4001 1640 4032 ι
1681 3982 1793 4036 Hoc
1823 3991 2002 4037 autem
2031 3983 2166 4038 dixit

2271 3991 2402 4060 περὶ
2433 3989 2526 4043 τοῦ
2564 3990 2901 4060 Πνεύματος,
2938 3985 2999 4044 οὗ
3044 3990 3266 4062 ἔμελλον
3313 3992 3614 4064 λαμϐάνειν
3648 3995 3695 4047 οί
3743 4009 3818 4046 πι-

584 4073 653 4128 de
707 4073 956 4142 Spiritu,
1021 4087 1182 4142 quem
1233 4073 1511 4140 accepturi
1559 4081 1718 4127 erant
1775 4073 2060 4129 credentes
2105 4074 2161 4129 in

1305 4073 1511 4140 cepturi
1559 4081 1718 4127 erant
1775 4073 2060 4129 credentes
2105 4074 2161 4129 in
2267 4081 2654 4146 στεύοντεςείς
2685 4082 2870 4138 αὐτόν.
2899 4100 2917 4135 ι

583 4178 729 4218 eum.
778 4183 799 4216 ι
866 4197 868 4201 ι

655 4253 846 4310 XXIII.
889 4254 1149 4309 Creatura
1184 4253 1306 4307 oleo
1342 4248 1529 4307 creato
1571 4265 1637 4306 ac
1679 4251 2023 4307 sanctificato
2063 4268 2163 4307 un-

2273 4249 2282 4258 ’
2333 4257 2460 4312 Kl".
2515 4257 2580 4310 Ἦ
2609 4256 2786 4321 κτίσις
2831 4255 2997 4329 ἐλαίῳ
3043 4259 3244 4331 κτιστῷ
3295 4261 3639 4333 ἀγιαζομένῳ
3673 4262 3726 4314 ἐν
3753 4255 3818 4328 τῷ

584 4347 729 4419 gitur
778 4347 833 4401 in
883 4346 1171 4416 baptismo.
1225 4343 1517 4409 Salvator,
1596 4352 1784 4412 utpote
1855 4343 2020 4409 Deus,
2057 4359 2162 4398 uu-

2265 4350 2599 4421 βαπτίσματι
2631 4351 2862 4420 χρίεται.
2922 4351 2978 4403 '0
3017 4351 3227 4422 Σωτὴρ,
3275 4353 3351 4415 ὡς
3389 4353 3547 4418 Θεὸς,
3594 4352 3672 4425 τῷ
3712 4369 3821 4405 συν-

585 4445 706 4490 ctus
751 4444 836 4490 est
893 4451 992 4490 suo
1043 4437 1411 4505 uitilequaque
1469 4445 1699 4497 sancto,
1754 4442 1810 4488 et
1847 4447 2041 4502 aque,
2097 4449 2197 4508 ac,

2207 4491 2236 4514 λ
2264 4439 2504 4508 ακτίστῳ
2516 4438 2677 4491 αὑτοῦ
2694 4438 2948 4509 ἐχρίσατο
2970 4441 3218 4510 παναγίῳ
3239 4440 3518 4512 Πνεύματι
3545 4441 3691 4514 παρὰ
3711 4439 3819 4500 τοὺς

587 4528 701 4594 ipse
744 4527 988 4583 increato
1022 4528 1252 4597 Spit-itu,
1288 4542 1398 4598 prie
1425 4525 1768 4581 consortibus
1817 4527 1964 4591 suis,
2007 4525 2162 4580 nobis
2192 4525 2199 4549 ‘

2208 4525 2237 4548 ν
2272 4529 2551 4600 μετόχους,
2583 4531 2749 4600 ἡμᾶς.
2784 4531 2845 4583 Ei
2880 4530 2988 4602 γὰρ
3019 4532 3222 4602 κτίσμα
3261 4528 3350 4605 ἦν,
3393 4536 3496 4589 οὐκ
3527 4536 3592 4589 ἂν
3619 4535 3692 4605 τῷ
3724 4532 3820 4601 ἰδίῳ

584 4618 810 4674 scilicet.
863 4619 1021 4687 Quod
1075 4622 1120 4675 si
1153 4629 1404 4674 creatura
1452 4626 1596 4672 esset
1630 4619 1867 4688 Spiritus
1913 4631 2158 4683 sanctus,

2266 4621 2519 4692 ἐχρίσατο
2549 4623 2812 4691 ποιήματι
2841 4623 2868 4674 ὁ
2902 4622 3174 4687 ἄκτιστος.
3212 4625 3508 4698 Μάρτυρες
3545 4627 3601 4680 δέ
3631 4628 3677 4680 oi
3704 4626 3820 4678 ὐπο-

584 4711 676 4766 illo
711 4720 906 4768 unctus
935 4713 1048 4783 (39)
1078 4728 1182 4768 non
1218 4713 1356 4767 foret
1399 4712 1464 4778 is,
1500 4711 1591 4780 qui
1627 4719 1714 4765 est
1746 4710 2034 4764 increatus.
2055 4708 2162 4763 'I'e-

2265 4711 2670 4783 γεγραμμένοι·
2733 4712 2960 4776 Ἡσαΐας
3009 4714 3116 4766 ἀπὺ
3171 4713 3265 4767 τοῦ
3319 4717 3575 4790 Σωτῆρος
3633 4718 3819 4785 λέγων·

583 4816 694 4861 stes
751 4807 912 4877 hujus
960 4807 1035 4859 rei
1097 4816 1248 4870 sunt,
1283 4819 1419 4874 quos
1449 4803 1700 4871 subjicio.
1737 4800 1904 4856 Isaias
1953 4816 2016 4855 ex
2050 4815 2166 4870 per-

2273 4823 2290 4856 t
2326 4803 2550 4875 Πνεῦμα
2587 4804 2792 4874 Κυρίου
2822 4806 2908 4857 ἐπ’
2940 4807 3069 4876 ἐμὲ,
3103 4799 3164 4858 οὗ
3197 4809 3400 4862 εἵνεκεν
3425 4811 3613 4882 ἔχρισέ
3657 4826 3720 4880 με
3756 4823 3767 4836 ⁸
3799 4823 3815 4856 ι

585 4913 717 4953 sona
757 4898 1059 4953 Salvatoris
1085 4897 1271 4952 dicens
1307 4912 1321 4950 :
1358 4915 1377 4948 ι
1412 4894 1651 4964 Spiritus
1682 4892 1794 4962 (40)
1823 4891 2036 4946 Domini
2068 4907 2163 4946 su-

2266 4893 2431 4948 Δαυῖδ
2463 4894 2520 4947 δέ
2541 4911 2554 4925 ·
2592 4911 2612 4944 ς
2645 4893 2746 4946 Διὰ
2775 4894 2934 4948 τοῦτο
2983 4895 3181 4968 ἕχρισέ⁴
3213 4916 3271 4951 σε
3297 4902 3326 4952 6
3358 4900 3492 4966 Θεὸς
3524 4904 3554 4954 6
3583 4901 3710 4963 Θεός
3740 4913 3819 4950 σου

624 5020 631 5025 ’
657 5014 798 5099 (50).
810 5014 1162 5099 Βᾳριίεηιιιηι.
1186 5095 1193 5099 _
1213 5013 1422 5099 Similia
1461 5009 2048 5099 ‘babetnl’lieron‘y‘mus
2065 5008 2158 5099 ‘ad

2262 5009 2636 5099 ἐστινθρτοῂτί
2670 5010 2752 5062 σοί
2799 5012 2970 5097 ἐστιν.
3020 5012 3105 5099 ψ,
3150 5013 3258 5099 τῂν,
3283 5013 3466 5086 πηγὴν
3518 5015 3617 5086 τῆς
3648 5012 3819 5099 σοφίας

583 5079 730 5157 hunc
753 5079 1136 5157 'Isaiéelocum
1183 5095 1311 5157 tom.
1336 5081 1426 5157 IV,
1461 5097 1580 5152 pag.
1605 5081 1758 5157 525,_
1786 5081 1836 5132 in
1875 5079 2156 5140 Commen-

2260 5085 2326 5157 Ἒῇ
2675 5079 2990 5157 κφῗῴκισοις
3012 5084 3091 5157 ,έν
3146 5079 3390 5157 εἰρήνῃζξ
3422 5079 3523 5153 'pro
3572 5079 3821 5157 κατῴκεις

586 5155 739 5208 tariis
769 5173 782 5208 :
815 5155 957 5224 quod
987 5169 1124 5222 opus
1156 5153 1376 5224 scripsit
1406 5149 1704 5224 postquam
1723 5149 1911 5224 decem
1944 5158 1999 5204 et
2030 5158 2155 5202 octo
2263 5149 2330 5205 ἂν
2362 5154 2420 5206 ἐν
2445 5149 2688 5224 ἐἰρηνῃ.
2725 5149 2859 5206 Alta:
2897 5151 3161 5208 editiones
3194 5149 3334 5210 alia;
3375 5149 3584 5211 habent
3631 5149 3836 5215 δήποτ

581 5225 793 5308 Didymi
906 5221 1099 5308 Isaiam
1119 5232 1300 5308 tomos
1333 5222 1573 5285 vidisset,
1605 5230 1662 5273 ut
1693 5221 1806 5289 ipse
1841 5221 1936 5272 ait.
2263 5225 2495 5308 pungas.

657 5290 770 5364 (51)
809 5293 978 5350 Sicut.
1013 5292 1157 5364 Psal.
1183 5308 1221 5356 ι,
1256 5293 1310 5345 5.
1685 5361 1734 5364 η
2265 5290 2269 5321 3

1685 5361 1734 5364 η
2265 5290 2304 5330 ἒ·
2333 5293 2446 5364 (37)
2489 5291 2546 5364 ξί
2577 5291 2772 5364 θείνειἒ
2788 5290 2942 5346 Joan.
2968 5307 3045 5357 lV-,
3074 5292 3160 5346 10.

658 5359 770 5432 (52)
813 5362 1274 5435 ριιοηὶίιηιιρεειί.
1305 5377 1468 5426 xxxv,
1497 5376 1644 5417 vers.
1667 5361 1763 5435 -_10.
2487 5361 2549 5418 Si
2578 5363 2715 5432 quis.
2745 5361 2901 5417 Joan.
2927 5377 3032 5426 vu,
3065 5363 3250 5419 37-39.
3281 5363 3468 5420 Graeca
3499 5363 3664 5421 editio
3692 5379 3706 5416 :
3734 5359 3825 5433 Edv

657 5431 770 5500 (55)
812 5434 1050 5486 Emittet.
1088 5431 1234 5486 Psal.
1262 5447 1464 5496 cum,
1499 5448 1638 5485 vers.
1667 5431 1716 5484 7.
1916 5499 1939 5500 η
2261 5450 2269 5467 ι

2261 5431 2364 5497 τις.
2429 5431 2438 5435 ’
2593 5431 2596 5432 ν
3819 5449 3820 5452 ‘

655 5499 768 5576 (36)
808 5505 1098 5576 Civitatem.
1131 5503 1204 5556 Ex
1239 5503 1524 5576 psal._)u.v,
1551 5517 1694 5556 vers.
1727 5501 1764 5576 ί
1789 5514 1882 5553 seu
2098 5565 2124 5576 _

2331 5503 2442 5575 (59)
2487 5502 2703 5558 Unctus.
2737 5501 2916 5560 Codex
2959 5504 3060 5576 οὐκ
3097 5505 3223 5570 ἂν,“.
3245 5545 3298 5562 ..
3333 5505 3626 5576 ἐχρήσατο,
3663 5503 3711 5576 id
3749 5503 3829 5576 est;

811 5574 946 5629 Hoc.
983 5572 1166 5628 Codex
1204 5565 1298 5626 τοῦ
1341 5571 1438 5643 τῷ.
1489 5570 1632 5640 Lego
1674 5571 1862 5631 τοῦτο,
1906 5570 1988 5622 vel
2032 5565 2157 5621 τοῦ-
2263 5597 2267 5617 ‹

2263 5591 2282 5624 ι
2312 5565 2440 5629 usus
2470 5591 2575 5629 non
2616 5583 2776 5630 esset.
2804 5595 2822 5629 ι
2867 5577 2980 5644 Ego
3030 5575 3131 5648 legi
3217 5565 3472 5650 ἐχρίέᾶτό
3521 5565 3622 5650 [πό
3670 5567 3831 5644 ἐχρήοί

583 5660 646 5697 το
676 5661 777 5713 τῳ.
1359 5712 1362 5713 ν
1563 5711 1576 5713 _
1777 5710 1821 5713 7_
2078 5708 2089 5713 Α
2260 5660 2411 5700 σατο.

659 5695 773 5792 (36')
813 5713 953 5792 quid
1014 5714 1127 5768 tibi.
1178 5712 1529 5792 Baruch‘ttl,
1563 5711 1726 5792 iseu
1769 5710 1865 5791 10..
1907 5695 2158 5792 (.Iomplu-I

1515 5751 1529 5776 ,
1563 5711 1726 5792 :lseu
1769 5710 1865 5791 10..
1907 5695 2158 5792 (idmplu:
2272 5695 2440 5790 γ’(λίθ)
2485 5716 2738 5788 Spiritus.
2779 5716 2883 5774 Isa.
2909 5733 3024 5786 ut,
3056 5717 3107 5774 I.

589 5783 760 5843 tensis
791 5787 958 5845 editio
1009 5799 1205 5856 paucas
1256 5784 1418 5841 habet
1464 5783 1772 5846 varietates,
1814 5783 2066 5836 nimirum
2101 5783 2154 5833 τί
