4082 6406
567 386 674 444 559

567 504 952 563 sublimitatem
1005 505 1125 563 fidei
1177 525 1192 562 :

569 600 863 654 salutarem
909 599 1227 666 sanguinem
1252 598 1385 670 [(5i)
1432 616 1446 652 :
1477 609 1814 667 unguentum
1849 612 1979 650 vero
2016 598 2143 651 illud

2250 600 2403 669 ἔχετε
2455 599 2543 651 ἵνα
2584 614 2671 661 τις
2706 597 2931 669 διδάσκῃ
2964 598 3128 668 ὑμᾶς,
3163 597 3277 650 ἀλλ’
3310 598 3385 662 ὡς
3416 598 3478 651 τὸ
3510 598 3673 651 αὑτοῦ
3716 600 3829 669 χρί-

569 692 723 753 dicit,
757 708 864 761 quo
898 692 1217 747 sanctificati
1260 691 1514 759 ungimur
1567 708 1593 743 a
1632 690 1936 745 sacerdote.
1983 688 2143 743 Joan-

2253 710 2366 762 σμα
2393 692 2631 745 διδάσκει
2660 691 2806 760 ὑμᾶς
2837 691 2965 762 περὶ
3007 692 3226 744 πάντων
3247 708 3260 723 ·
3307 711 3325 743 ο
3360 691 3569 755 Παῦλος
3594 692 3651 745 δὲ
3682 694 3741 744 ὲν
3765 693 3827 765 τῇ

568 799 665 838 nes
694 794 874 837 autem
900 784 953 836 in
989 783 1176 839 eadem
1212 785 1383 852 prima
1422 782 1582 851 180
1618 780 1853 850 Epistola
1885 782 1951 834 de
1985 780 2143 835 Chri-

2252 784 2479 856 δευτέρᾳ
2523 784 2659 855 πρὸς
2703 784 3025 855 Κορινθίους
3051 803 3063 817 ·
3126 802 3143 834 t
3194 785 3254 837 Ὀ
3298 785 3354 838 δὲ
3402 783 3635 854 βεϐαιῶν
3679 785 3825 854 ἡμᾶς

569 880 654 925 sto
678 872 751 939 ait
776 888 790 924 :
820 889 839 923 t
867 871 928 926 Et
951 886 1046 925 vos
1081 871 1195 943 (52)
1226 871 1409 925 unctio
1443 885 1602 941 quam
1634 870 1921 940 accepistis
1945 869 2013 923 ab
2039 884 2104 924 eo
2131 908 2143 933 ,

2255 875 2350 926 σὺν
2398 875 2525 945 ὑμῖν
2559 876 2637 937 είς
2682 873 2939 945 Χριστὸν,
2977 874 3073 928 καὶ
3120 874 3317 944 χρίσας
3364 876 3507 945 ἡμᾶς
3539 874 3693 937 Θεὸς,
3740 874 3830 926 καὶ

569 974 751 1017 manet
780 964 832 1019 in
865 965 1016 1018 vobis
1050 982 1063 1018 :
1097 976 1151 1018 et
1185 980 1289 1018 non
1326 979 1549 1019 necesse
1602 964 1818 1019 habetis
1850 972 1908 1017 ut
1950 963 2143 1032 aliquis

2256 964 2696 1036 σφραγισάμενος
2748 966 2914 1036 ἡμᾶς,
2952 968 3047 1019 καὶ
3092 967 3216 1029 δοὺς
3264 966 3356 1018 τὸν
3396 965 3693 1037 ἀρραϐῶνα
3738 965 3829 1019 τοῦ

568 1058 759 1109 doceat
794 1070 925 1120 vos;
956 1057 1049 1109 sed
1080 1057 1424 1117 sientpnctio
1457 1056 1578 1125 ejus
1620 1056 1777 1109 docet
1807 1070 1902 1109 vos
1927 1055 1993 1109 de
2028 1071 2143 1109 om-

2254 1057 2570 1128 Πνεῦματος
2601 1058 2659 1111 ὲν
2686 1059 2806 1120 ταῖς
2842 1056 3088 1129 καρδίαις
3117 1058 3330 1129 ἡμῶν.»

569 1148 746 1202 nibus.
806 1166 825 1201 ι
877 1146 1076 1201 Paulus
1130 1162 1256 1201 vero
1311 1149 1363 1201 in
1414 1150 1649 1201 secunda
1688 1146 1753 1200 ad
1789 1146 2136 1201 Corinthios:
2185 1147 2312 1213 σοιιί
2350 1159 2529 1205 autem
2551 1150 2967 1217 (55)coniirmat
3036 1164 3135 1203 nos
3192 1150 3469 1203 vobisrum
3501 1147 3554 1201 in
3586 1148 3823 1213 Christo,

570 1246 622 1292 et
661 1237 751 1307 qui
782 1238 935 1291 unxit
964 1252 1062 1291 nos
1097 1236 1256 1300 Deus,
1288 1237 1382 1305 qui
1420 1245 1478 1291 et
1513 1237 1748 1307 signavit
1790 1252 1891 1293 nos
1913 1278 1926 1301 ,
1956 1247 2012 1293 et
2050 1238 2195 1293 dedit
2224 1240 2419 1309 pignus
2453 1242 2692 1311 Spiritus
2723 1240 2778 1295 in
2809 1240 3063 1294 cordibus
3087 1243 3308 1295 nostris.
3346 1259 3367 1292 ι

1209 1328 1363 1387 CAP.
1396 1330 1499 1386 Vll.

2900 1332 3057 1385 ΚΕΦ.
3100 1330 3178 1384 Ζ’.

570 1425 645 1481 De
686 1424 877 1477 divinis
926 1422 1336 1492 operationibus,
1396 1434 1443 1502 et
1498 1422 1864 1492 largitionibus
1907 1421 2143 1490 Spiritus

1267 1504 1459 1546 sancit.

2251 1426 2390 1493 Περὶ
2426 1423 2545 1478 τῶν
2598 1422 2811 1502 θεζκῶν
2846 1421 3192 1546 evang-simu,
3241 1422 3341 1508 καί
3390 1421 3501 1493 [81
3555 1422 3637 1495 b]
3686 1439 3833 1491 amp.

2569 1511 2731 1546 ογων
2767 1511 2874 1546 του
2904 1494 2980 1546 ἀπ’
3006 1511 3077 1546 ου
3112 1495 3478 1546 Πνευιιατος.

1267 1494 1459 1546 sancti.

2569 1494 2731 1562 οχών
2767 1494 2874 1546 τοῦ
2904 1494 3077 1559 ἁγίου
3112 1494 3478 1561 Πνεύματος.

637 1587 757 1642 Jam
788 1602 919 1641 vero
964 1586 1372 1653 Scripturarum
1438 1585 1659 1640 oracula
1699 1602 1823 1641 cum
1854 1584 2005 1640 valde
2056 1599 2143 1639 ac-

2335 1589 2509 1656 Ἀγαν
2542 1587 2718 1640 τοίνυν
2759 1584 3058 1655 φιλοτίμως
3089 1583 3186 1655 τὴν
3217 1585 3367 1639 θείαν
3394 1586 3487 1639 καὶ
3526 1586 3829 1656 ἀκροτάτην

574 1689 763 1734 curate
788 1676 960 1733 sancti
996 1675 1230 1745 Spiritus
1263 1688 1532 1738 naturam,
1560 1692 1683 1746 que
1729 1692 1893 1746 supra
1927 1692 2140 1731 omnem

2248 1680 2343 1734 τοῦ
2371 1680 2528 1747 ἁγίου
2571 1677 2890 1749 Πνεῦματος
2936 1676 3119 1745 φύσιν,
3150 1677 3251 1746 τὴν
3292 1673 3456 1730 οὖσαν
3504 1679 3644 1749 ὑπὲρ
3686 1679 3828 1748 ζωὴν

564 1774 755 1835 vitam,
807 1781 1153 1839 mentemque
1197 1770 1454 1834 exsistit,
1495 1770 1731 1823 divinam
1788 1785 1911 1824 esse
1937 1784 2002 1824 ac
2050 1785 2143 1822 su-

2252 1772 2347 1827 καὶ
2377 1745 2515 1843 ὑπὲρ
2547 1771 2692 1832 νοῦν,
2723 1745 2795 1823 τὰ
2821 1770 2979 1838 λόγια
3006 1745 3366 1835 ἐπιδείξαντα,
3393 1745 3689 1840 ἐφάμιλλον
3732 1745 3828 1824 αῦο

571 1881 817 1937 premam
854 1865 1011 1920 nobis
1040 1864 1402 1929 ostenderint,
1435 1862 1667 1917 similem
1700 1878 1939 1931 quoque,
1974 1873 2026 1918 et
2054 1866 2143 1920 tali

2253 1864 2351 1933 τῆς
2393 1864 2487 1917 καὶ
2526 1861 2622 1933 τὴν
2662 1861 3172 1935 κηδεμονικωτάτην
3206 1859 3385 1915 ἔνθεον
3422 1861 3703 1934 ἐνέργειαν
3739 1863 3829 1915 ὲκ-

569 1970 783 2015 ιιοίιιτω
841 1957 1264 2013 convenientem
1302 1954 1585 2010 declarant
1616 1957 2143 2026 providentissimum

2253 1955 2433 2026 φαίνει
2465 1953 2662 2009 οὑτωσί

1811 386 2047 443 DIDYMI
2088 385 2557 445 ALEXANDRINI
3729 390 3829 445 560

1252 506 1432 563 vinum
1503 508 1749 577 designat
1806 506 2143 559 Dominicum

2264 507 2489 561 ἐλάϐετε
2531 506 2628 559 ἀπ’
2673 502 2861 567 αὑτοῦ,
2907 505 3058 576 μένει
3104 505 3164 558 ὲν
3202 506 3362 576 ὑμῖν·
3410 506 3504 559 καὶ
3547 506 3607 559 οὒ
3642 508 3828 577 χρείαν

566 2049 709 2104 illius
734 2060 896 2118 atque
925 2049 1180 2101 entheam
1218 2046 1611 2116 operationem,
1639 2046 1692 2100 in
1719 2047 1863 2103 hunc
1892 2048 2106 2101 modum
2134 2064 2148 2101 :

646 2139 687 2197 1.
720 2140 853 2207 Quia
890 2139 1148 2205 vivificat,
1183 2148 1367 2209 utpote
1398 2139 1489 2209 qui
1520 2149 1603 2195 est
1634 2139 1873 2207 Spiritus
1903 2138 1999 2193 Dei
2028 2154 2152 2194 om-

572 2233 660 2287 nia
691 2231 1039 2296 vivificantis,
1085 2230 1243 2301 juxta
1279 2230 1401 2286 fidei
1432 2230 1613 2286 tubam
1648 2229 1878 2286 Paulum
1914 2233 2154 2286 scriben-

568 2334 676 2378 tem
704 2325 771 2377 ad
803 2323 1077 2377 Romanos
1099 2324 1318 2393 quidem
1358 2341 1372 2376 :
1413 2341 1429 2373 t
1465 2321 1573 2377 Lex
1599 2322 1712 2393 (54)
1743 2324 1886 2377 enim
1918 2322 2153 2391 Spiritus

570 2414 693 2468 vita:
757 2414 808 2467 in
855 2412 1074 2467 Christo
1104 2411 1233 2467 Jesu
1274 2412 1527 2467 liberavit
1559 2428 1645 2467 me
1685 2430 1714 2466 a
1770 2412 1887 2482 lege
1916 2412 2149 2478 peccati,

564 2517 619 2559 et
652 2506 873 2564 mortis;
916 2526 935 2558 ι
984 2515 1041 2561 et
1086 2520 1271 2559 rursus
1303 2522 1317 2558 :
1352 2502 1483 2572 «Qui
1512 2505 1796 2561 suscitavit
1823 2506 1935 2575 (55)
1964 2504 2148 2560 Jesum

567 2597 847 2652 Christum
873 2612 938 2652 ex
966 2597 1197 2651 mortuis
1221 2636 1237 2660 ,
1260 2596 1421 2650 vivifiz
1441 2596 1555 2651 abit
1604 2607 1657 2651 et
1698 2598 1941 2651 mortalia
1970 2608 2149 2651 vestra

565 2706 793 2761 corpora
813 2706 909 2761 per
946 2690 1341 2745 inhabitantem
1361 2688 1477 2760 (56)
1501 2689 1671 2757 ipsius
1695 2689 1954 2759 Spiritum
1990 2688 2042 2742 in
2069 2703 2151 2742 vo-

566 2782 675 2850 bis;
704 2802 721 2835 ι
753 2785 815 2836 ad
839 2780 1151 2837 Corinthios
1169 2796 1297 2835 vero
1316 2798 1330 2835 :
1351 2780 1501 2835 «Non
1523 2782 1667 2851 quod
1694 2780 1807 2852 (57)
1823 2780 2151 2836 sullit'ienles

564 2874 737 2928 simus
772 2874 1014 2943 cogitare
1044 2871 1246 2941 aliquid
1279 2886 1309 2925 a
1345 2871 1501 2926 nobis
1536 2872 1685 2940 quasi
1722 2887 1787 2925 es
1820 2872 1973 2927 nobis
2002 2888 2017 2925 :
2056 2871 2149 2925 sed

571 2964 893 3018 sullicientia
937 2972 1124 3016 nostra
1162 2978 1227 3017 ex
1260 2961 1370 3017 Deo
1402 2973 1484 3017 est
1520 2980 1533 3017 :
1575 2962 1666 3030 qui
1707 2971 1759 3017 et
1799 2962 2023 3017 idoneos
2052 2978 2149 3018 nos

2324 2133 2401 2186 A'.
2440 2132 2562 2186 Ὅτι
2594 2130 2868 2195 ζωοποιεῖ,
2897 2132 2973 2195 ὡς
3002 2130 3225 2201 Πνεῦμα
3240 2130 3482 2201 ὑπάρχον
3510 2129 3603 2183 τοῦ
3633 2128 3830 2197 ζωογο-

2250 2223 2467 2288 νοῦντος
2496 2224 2565 2276 τὰ
2594 2224 2771 2277 πάντα
2805 2222 2939 2275 Θεοῦ
2963 2262 2977 2286 ,
3014 2222 3155 2276 κατὰ
3184 2220 3394 2276 Παῦλον
3426 2222 3524 2291 τὴν
3555 2221 3830 2289 σάλπιγγα

2249 2316 2352 2387 τῆς
2390 2316 2654 2379 πίστεως,
2700 2316 3013 2386 γράφοντα,
3060 2314 3352 2385 Ῥωμαίοις
3387 2313 3515 2383 μέν’
3557 2332 3576 2364 t
3624 2314 3684 2365 Ὀ
3723 2314 3830 2382 γὰρ

2250 2408 2413 2479 νόμος
2441 2406 2536 2459 τοῦ
2570 2405 2889 2477 Πνεῦματος
2934 2405 3035 2475 τῆς
3070 2403 3237 2475 ζωῆς,
3281 2407 3339 2458 ἐν
3376 2404 3596 2475 Χριστῷ
3656 2404 3829 2476 Ἰησοῦ

2251 2500 2625 2572 ἠλευθέρωσέν
2670 2516 2738 2569 με
2773 2498 2880 2552 ἀπὸ
2916 2496 3012 2551 τοῦ
3061 2496 3226 2568 νόμου
3264 2498 3363 2569 τῆς
3414 2497 3685 2568 ἁμαρτίας
3739 2498 3831 2549 καὶ⁸

2249 2593 2344 2647 τοῦ
2400 2592 2668 2646 θανάτουο
2706 2611 2724 2643 ι
2777 2592 2871 2645 καὶ
2920 2591 3108 2645 πάλιν·
3162 2609 3180 2642 t
3240 2591 3299 2644 Ὀ
3345 2590 3566 2661 ἐγείρας
3626 2590 3828 2659 Ἰησοῦν

2251 2683 2485 2755 Χριστὸν
2518 2686 2582 2737 ὲκ
2612 2681 2823 2753 νεκρῶν
2845 2723 2860 2747 ,
2895 2682 3221 2753 ζωοποιήσει
3249 2684 3343 2736 καὶ
3380 2683 3445 2737 τά
3476 2684 3647 2753 θνητὰ
3676 2684 3829 2753 ὑμῶν

2252 2775 2481 2846 σώματα
2503 2817 2517 2841 ,
2554 2774 2642 2827 διὰ
2692 2774 2784 2828 τοῦ
2828 2773 3165 2839 ἐνοικοῦντος
3200 2774 3363 2828 αὑτοῦ
3401 2775 3721 2845 Πνεύματος
3773 2776 3829 2828 ἐν

2251 2866 2412 2936 ὑμῖν·
2458 2885 2476 2917 ι
2510 2864 2817 2935 Κορινθίοις
2850 2864 2908 2918 δέ
2936 2880 2949 2894 °
2993 2883 3011 2916 ι
3049 2865 3161 2935 Οὐχ
3205 2864 3287 2918 ὃτι
3323 2865 3495 2918 ἱκανοί
3524 2866 3690 2935 ἐσμεν
3738 2865 3829 2935 ἀφ’

2252 2956 2459 3010 ἑαυτῶν
2486 2954 2808 3024 λογίσασθαί
2832 2974 2903 3017 τι,
2933 2954 3007 3018 ὡς
3034 2954 3093 3019 ἐξ
3119 2954 3326 3009 ἑαυτῶν
3343 2973 3357 2986 ·
3382 2955 3495 3009 ἀλλ’
3517 2956 3550 3025 ἡ
3575 2956 3828 3026 ἱκανότης

567 3057 697 3111 fecit
737 3057 1015 3110 ministros
1053 3053 1187 3108 Novi
1243 3053 1573 3109 Testamenti
1604 3096 1620 3119 ,
1662 3069 1766 3108 non
1806 3054 2019 3121 litterae,
2053 3056 2143 3110 sed

2252 3050 2409 3122 ἡμῶν
2434 3050 2498 3104 ὲκ
2526 3048 2661 3102 Θεοῦ
2677 3066 2691 3081 '
2720 3049 2779 3112 δς
2809 3049 2903 3102 καὶ
2928 3049 3191 3102 ἱκάνωσεν
3214 3049 3247 3118 ἡ
3256 3050 3362 3117 μᾶς
3388 3048 3669 3112 διακόνους
3692 3050 3829 3103 Kai-

568 3154 725 3225 181
767 3152 1024 3222 spiritus;
1058 3150 1234 3205 littera
1258 3150 1400 3205 enim
1429 3149 1661 3214 occidit,
1709 3148 1931 3217 spiritus
1965 3158 2144 3200 autem

562 3249 821 3303 vivificat.
856 3267 874 3299 ι
921 3246 1123 3301 Littera
1175 3261 1304 3299 vero
1353 3245 1442 3299 hic
1475 3243 1760 3299 Mosaicam
1810 3242 1981 3313 legem
2032 3242 2143 3313 (58)

564 3340 634 3396 de
658 3347 807 3401 notat,
830 3352 950 3408 qum
971 3337 1048 3392 sic
1078 3336 1262 3399 edicit,
1293 3356 1310 3387 ι
1346 3334 1570 3391 Oculum
1597 3334 1709 3406 (59)
1739 3349 1835 3403 pro
1867 3333 2022 3388 oculo
2046 3372 2062 3395 ,
2094 3343 2147 3388 et

563 3433 780 3487 dentem
818 3444 915 3500 pro
938 3428 1120 3493 dente,
1161 3445 1178 3477 ι
1202 3441 1430 3495 qumque
1466 3424 1707 3480 defendit
1732 3437 1877 3488 eum,
1923 3422 2016 3494 qui
2053 3423 2139 3478 in—

563 3520 821 3591 sipienter
882 3516 1020 3573 vivit
1081 3515 1216 3589 (60).
1255 3515 1632 3570 Viviﬁcantem
1676 3528 1805 3568 vero
1836 3514 1972 3568 dicit
2016 3527 2147 3567 san-

564 3619 710 3666 ctum
745 3609 835 3665 Dei
870 3606 1135 3677 Spiritum
1158 3648 1175 3670 ,
1205 3608 1296 3678 qui
1342 3606 1472 3661 facit
1511 3615 1569 3660 ut
1600 3621 1705 3659 non
1753 3604 1985 3675 amplius
2036 3605 2138 3660 sub

565 3703 681 3773 lege
711 3701 903 3767 simus,
925 3700 1021 3755 sed
1056 3698 1163 3755 sub
1187 3697 1362 3769 gratia
1385 3737 1403 3763 ,
1441 3698 1703 3767 uobisque
1752 3696 2024 3767 praecipit,
2087 3704 2145 3750 ut

636 3880 753 3952 (5|)
787 3879 1140 3952 Sanguinem.
1174 3876 1289 3952 Nisi
1324 3875 1376 3931 in
1410 3875 1750 3952 Eucharistia
1780 3874 1983 3952 Christi
2020 3888 2139 3927 san-

563 3952 684 4019 guis
720 3946 1169 4019 reipsa'adesset,
1210 3950 1397 4019 vinum
1433 3946 1519 4001 hic
1551 3946 2131 4019 significaret_vinmn,

568 4016 673 4075 non
708 4016 838 4072 vero
869 4020 1160 4074 salutarem
1195 4018 1533 4087 sanguinem,
1561 4030 1718 4086 quem
1754 4030 1853 4087 pro
1895 4016 2137 4071 humano

565 4105 763 4159 genere
790 4089 1065 4159 Christum
1092 4087 1303 4159 eﬂudit.

660 4159 750 4227 52)
792 4157 860 4213 Et
891 4176 998 4213 vos.
1034 4158 1089 4212 In
1124 4158 1296 4227 prima
1325 4154 1550 4227 Joannis
1575 4156 1754 4227 ".797.

660 4162 727 4213 5?
792 4162 860 4213 Et
891 4176 998 4213 vos.
1034 4162 1089 4212 In
1124 4162 1296 4227 prima
1325 4162 1550 4211 Joannis
1575 4170 1633 4213 ll.
1661 4162 1754 4209 27.

638 4162 751 4301 (55)
794 4230 897 4294 Qui
929 4239 1126 4301 autem.
1162 4228 1216 4281 In
1247 4226 1291 4281 ll
1320 4230 1387 4280 ad
1418 4224 1543 4281 Cor.
1565 4239 1605 4293 ι,
1630 4226 1696 4281 21
1724 4235 1779 4280 et
1809 4224 1900 4279 22.
1926 4224 2097 4281 Biblia
2126 4243 2141 4281 :

564 4301 593 4353 ὁ
618 4297 711 4354 καὶ
735 4297 1208 4370 σφραγισάμενος.

638 4370 752 4437 (54)
794 4368 923 4423 Lex.
967 4369 1122 4422 liom.
1150 4382 1267 4433 vttt,
1299 4368 1359 4421 2.

638 4374 730 4437 (54
795 4374 923 4423 Lex.
967 4374 1122 4422 Ilom.
1150 4382 1267 4433 vttt,
1299 4374 1359 4421 ‘2.

637 4374 754 4511 (55;
795 4440 900 4511 Qui
933 4437 1419 4511 suscitarinﬁom.
1470 4437 1704 4511 τιυὶ-11.
1744 4437 1931 4511 Gratia
1971 4434 2145 4511 editio

568 4505 666 4577 pro
704 4505 911 4581 Ἰησοῦν
946 4508 1202 4583 Χριστόν,
1237 4508 1411 4583 habet
1437 4506 1530 4583 τὸν
1574 4507 1831 4583 Χριστόν.
1878 4507 1982 4583 Sed
2017 4505 2143 4583 Vu_l-

569 4574 727 4650 gatus
763 4574 1031 4650 interpres
1083 4579 1222 4650 legit
1245 4587 1303 4631 ut
1353 4574 1758 4650 Didymus'hoc
1798 4579 1848 4631 in
1888 4577 2028 4650 loco.
2082 4574 2138 4630 In

570 4649 709 4704 libro
747 4647 930 4703 autem
968 4648 1046 4703 De
1082 4647 1288 4715 Spiritu
1318 4658 1497 4716 sancto
1539 4648 1621 4701 bis
1665 4648 1823 4702 all‘ert
1864 4647 2141 4716 theologus

570 4732 761 4775 noster
799 4719 943 4773 hunc
979 4720 1155 4787 ipsum
1184 4715 1535 4779 versiculum,
1565 4733 1629 4771 ac
1660 4733 1887 4773 numero
1916 4715 2133 4787 quidem

568 4790 638 4845 59
673 4789 852 4853 habet,
894 4808 911 4841 ι
940 4786 1124 4843 ,Ιθευιη
1174 4787 1484 4853 Christum;
1510 4804 1529 4838 ι
1578 4802 1803 4842 numero
1850 4796 2028 4841 autem
2072 4786 2136 4840 41

568 4860 736 4915 habet
774 4860 1059 4923 duntaxat,
1092 4876 1112 4909 ι
1141 4856 1439 4920 Christum,
1469 4876 1487 4909 ι
1524 4865 1637 4911 tum
1668 4860 1721 4912 in
1754 4858 1914 4913 editis
1958 4871 2143 4911 exem-

568 4929 832 5000 plaribus,
859 4938 968 5000 tum
996 4930 1049 5000 in
1068 4939 1271 5000 nostro
1301 4926 1506 5000 codice.

641 4998 754 5069 (56)
796 4998 903 5069 Ifer
928 4999 1328 5069 inhabitantem.
1356 4997 1509 5069 Apud
1537 4996 1895 5069 Athanasium
1928 4996 1979 5069 in
2027 4996 2142 5049 dia-

570 5066 694 5140 logo
727 5066 784 5140 in
817 5066 1181 5140 DerTrinifate
1213 5071 1378 5140 (tom._
1402 5066 1464 5131 ll,
1504 5082 1623 5137 pag.
1646 5068 1755 5140 228
1787 5066 2139 5140 etg254_vet.

569 5137 682 5210 ed'.)
731 5138 1081 5193 Macedonius
1116 5137 1495 5210 redarguitur,
1544 5139 1687 5210 quod
1741 5138 1792 5190 in
1848 5137 1950 5210 hoc
1986 5137 2180 5210 Pauli.

574 5204 721 5264 textu
779 5222 1061 5277 perperam
1116 5204 1321 5278 legeret
1361 5224 1375 5260 :
1420 5204 1509 5278 διὰ
1540 5206 1623 5278 (τὸ
1674 5207 1918 5261 ἐνοικοῦν
1975 5206 2139 5261 αὑτοῦ

571 5279 818 5350 Πνεῦμα,
852 5280 905 5335 id
936 5288 1030 5350 est
1064 5294 1082 5328 ι
1112 5277 1333 5347 prepter
1366 5277 1759 5350 inhabitantem
1796 5277 1970 5350 ipsius
2014 5278 2139 5345 Spi-

573 5346 736 5404 rituni
760 5366 775 5413 ;
803 5368 823 5401 ι
845 5363 908 5402 ac
936 5346 1215 5414 legendum
1244 5363 1364 5402 esse
1387 5350 1660 5401 contendit
1690 5347 1891 5417 Dia|0gi
1925 5360 2135 5412 auctor,

569 5419 659 5473 διὰ
698 5419 791 5473 τοῦ
833 5416 1189 5482 ἐνοικοῦντος,
1234 5428 1289 5473 et
1322 5417 1559 5487 reliqua,
1610 5426 1668 5471 ut
1702 5416 1902 5471 habent
1950 5418 2139 5472 Graeca

573 5489 768 5543 Biblia.
797 5489 994 5544 Eadem
1034 5489 1225 5553 sensit,
1272 5502 1338 5541 ac
1388 5489 1611 5542 dictavit
1663 5488 1917 5558 Didymus
1965 5504 2136 5556 segm.

557 5559 675 5613 ’114
701 5578 752 5613 η.
782 5558 898 5613 Jam
931 5573 1057 5612 vero
1077 5558 1199 5628 quis
1228 5559 1433 5621 credat,
1465 5559 1749 5628 lectionem
1787 5558 1949 5619 illam,
1977 5573 2138 5627 quam

572 5640 633 5684 ut
666 5627 1105 5684 Macedonianam
1138 5628 1433 5696 exagitavit
1466 5643 1639 5696 segni.
1673 5627 1761 5680 illo
1794 5628 1896 5681 114
1920 5645 1973 5689 a,
2014 5642 2137 5695 pro.

574 5701 808 5768 positam
844 5700 913 5755 ab
949 5700 1063 5768 ipso
1097 5698 1265 5754 fuisse
1295 5698 1346 5752 in
1386 5698 1526 5751 libro
1555 5697 1628 5751 De
1666 5697 1875 5765 Spiritu
1908 5706 2091 5768 sancto
2113 5698 2139 5752 2

571 5767 824 5825 Attamen
863 5767 1011 5840 ineo
1056 5768 1192 5824 libro
1232 5783 1379 5823 num.
1407 5768 1501 5840 39,
1526 5767 2027 5840 editaexemplaria
2059 5768 2139 5820 sic

576 5840 775 5898 habent
800 5840 831 5898 ἰ
870 5856 891 5895 ι
921 5839 1294 5912 Proponamus
1333 5847 1391 5900 et
1433 5837 1699 5910 Apostoli'
1735 5838 1806 5896 ad
1862 5837 2135 5895 Romanos

2251 3142 2351 3211 νῆς
2390 3140 2686 3212 Διαοήκης,
2722 3140 2783 3191 οὑ
2819 3139 3179 3209 γράμματος,
3214 3137 3349 3191 ἀλλὰ
3399 3139 3729 3211 πνεύματος.
3760 3138 3830 3193 Ἰδ

2252 3232 2359 3304 γὰρ
2392 3232 2625 3303 γράμμα
2660 3231 2993 3295 ἀποκτείνει,
3025 3231 3087 3285 τὸ
3123 3230 3179 3283 δὲ
3232 3231 3447 3302 πνεῦμα
3474 3231 3751 3297 ζωοποιεῖ.
3805 3251 3824 3283 ι

2252 3324 2490 3396 Γράμμα
2540 3322 2595 3376 δὲ
2642 3319 2797 3376 εἶπεν
2842 3322 2934 3376 τὸν
2965 3322 3253 3377 Μωσαῖκὸν
3298 3325 3478 3395 νόμον,
3520 3325 3611 3378 τὸν
3648 3326 3828 3394 διαγο-

2254 3415 2481 3487 ρεύοντα
2523 3413 2801 3485 ὀφθαλμὸν
2835 3415 2955 3468 ἀντί
2999 3413 3303 3485 ὀφθαλμοῦ,
3352 3418 3445 3470 καὶ
3479 3418 3667 3472 ὀδόντα
3712 3419 3831 3473 ἀντὶ

2253 3509 2483 3572 ὀδόντος,
2524 3508 2620 3561 καὶ
2654 3506 2995 3578 ἀμυνόμενον
3040 3507 3130 3560 τὸν
3174 3509 3448 3573 ἀσυνέτως
3484 3509 3827 3579 βιοτεύονταο

2253 3599 2515 3664 ζωοποιδν
2543 3598 2623 3657 δὲ,
2664 3598 2724 3651 τὸ
2752 3598 2907 3667 ἅγιον
2938 3597 3161 3670 Πνεῦμα
3207 3600 3301 3653 τοῦ
3345 3600 3503 3667 Θεοῦ,
3538 3601 3599 3655 τὸ
3632 3601 3829 3672 μηκέτι

2253 3690 2359 3747 ὑπὸ
2387 3691 2570 3763 νόμον,
2598 3690 2713 3745 ἀλλ’
2739 3691 2842 3745 ὑπὸ
2863 3692 3022 3763 χάριν
3053 3693 3198 3763 ἡμᾶς
3225 3693 3479 3764 ποιῆσαν,
3505 3696 3599 3749 καὶ
3629 3711 3831 3768 παρεγ-

2247 3874 2498 3945 Epistolas
2543 3876 2905 3932 testimonium
2929 3918 2942 3932 .
2966 3918 2979 3931 .
3002 3918 3015 3931 .
3056 3897 3074 3929 σ
3116 3879 3173 3934 Si
3209 3888 3386 3934 autem
3422 3877 3656 3945 Spiritus
3692 3880 3828 3944 eius,

2253 3964 2272 3999 ι
2305 3946 2395 4013 qui
2447 3946 2723 4000 suscitavit
2761 3946 2942 4001 Jesum
2966 3963 2995 4002 a
3024 3951 3281 4015 mortuis,
3314 3952 3517 4004 habitat
3546 3951 3599 4002 in
3632 3953 3825 4004 vobis:

2250 4035 2268 4069 t
2308 4017 2398 4086 qui
2439 4016 2721 4071 suscitavit
2772 4017 2953 4073 Jesnm
2984 4019 3256 4074 Christum
3293 4036 3320 4073 a
3370 4020 3619 4083 mortuis,
3651 4019 3830 4074 viviﬁo

2251 4105 2270 4138 ι
2298 4086 2445 4140 cabit
2492 4095 2545 4140 et
2569 4087 2821 4160 mortalia
2873 4104 3099 4160 corpora
3151 4101 3326 4143 vestra
3365 4099 3582 4160 propter
3610 4092 3830 4145 inhabi-

2254 4176 2273 4230 ς
2314 4166 2514 4230 tantem
2565 4156 2822 4230 Spiritum
2889 4156 3009 4227 ejus
3071 4158 3125 4214 in
3188 4156 3436 4215 vobis...
3466 4156 3484 4211 ὦ
3520 4162 3609 4215 Ait
3630 4163 3831 4230 quippe

2246 4226 2567 4297 Apostolus,
2612 4226 3051 4297 jusdlicatio’nem
3108 4231 3366 4295 divinam,
3410 4240 3467 4284 et
3518 4226 3826 4297 spiri'tnfdis

2247 4296 2389 4371 legis
2418 4297 2627 4371 expleri
2669 4298 2869 4371 in_ltis,
2914 4315 3018 4353 non
3060 4298 3333 4368 qui'juxta
3371 4296 3589 4371 carnem
3631 4301 3826 4353 ambu-

2246 4368 2377 4431 laut,
2409 4366 2684 4431 sed'juxta
2723 4367 3004 4436 Spiritum.
3031 4390 3048 4421 ι
3077 4366 3281 4423 Verum
3320 4370 3609 4437 scrupulus
3638 4373 3827 4425 omnis

2248 4436 2470 4501 tollitur,
2500 4438 2544 4490 si
2587 4454 2687 4493 ms.
2716 4440 2955 4493 codicem
2995 4448 3191 4494 nostrae
3226 4436 3575 4494 Bibliotheca:
3611 4443 3673 4495 S.
3710 4440 3827 4494 Sal-

2246 4508 2448 4561 vatoris
2463 4507 2736 4581 _Bouoni:e
2766 4508 3137 4567 consulamus.
3173 4511 3265 4565 Sic
3312 4511 3457 4581 enim
3499 4511 3551 4563 in
3585 4527 3653 4565 eo
3690 4513 3826 4581 legi-

2251 4586 2375 4651 t_nr:
2415 4595 2433 4627 ι
2463 4576 3045 4651 Propouamus__autcm
3071 4589 3125 4634 ct
3153 4579 3413 4651 Apostoli,
3438 4600 3457 4632 ι
3492 4588 3547 4633 et
3586 4576 3827 4651 reliqua.

2249 4646 2384 4700 Tum
2412 4648 2571 4719 :Vt'Si
2622 4656 2800 4702 autem
2836 4646 3073 4716 Spiritus
3103 4646 3237 4719 ejus.
3268 4649 3360 4719 qui
3405 4646 3830 4704 suscitavit'Je-

2246 4730 2364 4771 sum
2419 4718 2692 4772 Christum
2745 4732 2809 4771 ex
2876 4718 3361 4786 mortuis,habitat
3408 4721 3458 4773 in
3498 4723 3685 4787 vobis;
3739 4720 3826 4786 qui

2252 4788 2532 4841 suscitavit
2581 4787 2764 4842 Jesum
2802 4788 3073 4842 Christum
3118 4807 3180 4843 ex
3236 4791 3486 4853 mortuis,
3530 4792 3831 4846 viviticavit

2246 4855 2543 4928 [legendum
2585 4858 2912 4932 vivificahit,
2962 4870 3017 4932 ut
3076 4860 3227 4932 puto]
3286 4868 3356 4932 et
3397 4861 3646 4932 mortalia
3710 4878 3830 4913 eor-

2246 4919 2373 4999 pora
2401 4941 2577 4983 vestra
2617 4943 2711 4997 per
2739 4919 3183 4999 inqhhbilationem
3211 4919 3455 4995 Spit-itus
3483 4932 3601 4999 ejus
3635 4931 3692 4984 in
3738 4946 3827 4982 vo-

2243 4997 2394 5054 bis...
2428 5000 2516 5053 Ait
2554 5001 2752 5067 quippe
2777 4998 3090 5066 Apostolus,
3120 4997 3561 5069 justifieationein
3598 5002 3825 5060 divinae,

2244 5078 2297 5140 et
2335 5069 2816 5140 spiritualislegis,
2842 5087 2859 5119 ι
2892 5079 2995 5123 etc.
3028 5069 3105 5123 Ac
3130 5086 3261 5126 sane
3296 5085 3444 5124 num.
3474 5071 3536 5124 41
3572 5071 3821 5140 ejusdem

2245 5136 2382 5210 libri,
2413 5154 2538 5210 cum
2587 5136 2774 5203 editio,
2821 5149 2929 5193 tum
2977 5149 3161 5195 noster
3200 5143 3370 5195 codex
3420 5136 3619 5201 habet,
3676 5161 3696 5192 ί
3733 5155 3829 5210 per

2245 5207 2654 5279 inhabitantem,
2679 5228 2698 5260 ι
2732 5224 2835 5262 non
2870 5223 3015 5270 vero,
3058 5228 3076 5261 ι
3107 5221 3323 5279 propter
3361 5207 3824 5264 inhabitantem.»

2243 5276 2368 5331 Haec
2410 5286 2587 5333 tamen
2639 5293 2745 5332 non
2796 5292 2862 5333 eo
2909 5280 3057 5344 dixi,
3107 5276 3249 5349 quod
3306 5282 3590 5335 lectionem
3633 5282 3823 5340 illam,

2248 5350 2971 5419 tpropteriinhabitautem,
3000 5368 3018 5401 ι
3057 5353 3280 5405 omnino
3331 5352 3681 5419 rejicieudam
3734 5368 3827 5404 ve-

2240 5415 2364 5488 lini.
2388 5433 2507 5488 cum
2536 5418 2791 5488 Vulgatus
2828 5420 3094 5487 interpres
3131 5421 3275 5475 illam
3314 5415 3530 5475 habeat.

2312 5486 2426 5557 (57)
2468 5487 2591 5541 Non
2640 5486 2799 5558 quod.
2834 5488 2875 5543 ll
2928 5486 3054 5545 Cor.
3107 5508 3189 5557 III,
3220 5492 3253 5547 5
3308 5500 3364 5546 et
3392 5492 3445 5546 6.
3482 5492 3672 5547 Graeca
3708 5491 3831 5548 edi-

2241 5556 2316 5609 tio
2344 5579 2356 5612 ;
2386 5559 2450 5609 ὲκ
2481 5559 2573 5611 τοῦ
2609 5556 2765 5612 Θεοῦ.

2238 5628 2423 5752 55(55)
2466 5627 2671 5699 Legem.
2716 5630 2844 5686 Vide
2874 5631 2967 5687 lib.
3004 5630 3080 5687 De
3121 5630 3215 5701 Sp.
3259 5642 3442 5688 sancto
3476 5646 3632 5689 num.
3660 5632 3737 5688 57
3774 5641 3830 5687 et

2274 5716 2421 5836 ἰ’(59)
2464 5766 2709 5824 Oculum.
2734 5768 2908 5825 Levit.
2941 5787 3087 5837 xxiv,
3121 5770 3213 5830 20.

2309 5838 2422 5913 (60)
2474 5839 2626 5898 Vivit.
2655 5842 2794 5914 Lege
2825 5840 2998 5900 Exod.
3022 5859 3136 5914 xxi,
3168 5844 3254 5915 15,
3283 5840 3374 5913 18,
3404 5840 3510 5911 21,
3536 5851 3643 5901 etc.
