4082 6406
335 356 432 414 56!

1358 361 1446 417 DE
1484 360 1861 418 TRINITATE
1899 363 2102 423 LIBER
2137 367 2518 428 SECUNDUS.

3475 374 3581 431 562

333 472 547 540 γυῆσαν
600 472 676 543 μὴ
706 472 1000 528 ἀποδοῦναι
1036 475 1203 528 κακὸν
1247 475 1372 529 ἀντὶ
1403 479 1595 541 κακοῦ,
1628 479 1824 548 μᾶλλον
1850 478 1901 533 δὲ

2014 500 2116 537 non
2166 486 2451 540 reddamus
2492 484 2687 539 malum
2712 500 2809 553 pro
2842 484 2983 539 malo
3008 525 3022 549 ,
3052 485 3145 540 sed
3174 484 3371 540 bonum
3398 489 3579 556 potius

330 565 537 635 ἀγαθὸν
569 566 691 618 ἀντὶ
724 566 894 619 κακοῦ
926 572 1251 639 παρασχεῖν.
1289 590 1306 621 ι
1350 570 1476 623 Ἐὰν
1510 591 1527 623 ι
1562 572 1692 638 γὰρ,
1723 576 1907 642 φησὶν,

335 674 351 704 ι
390 656 553 725 πεινᾷ
585 656 615 707 ὁ
657 655 853 727 ἐχθρός
897 674 1014 719 σου,
1049 660 1313 729 χόρτασον
1344 661 1534 713 αὐτόν·
1571 680 1591 713 ι
1625 671 1718 715 καὶ
1749 663 1909 716 πάλιν

326 750 438 809 τοῖς
481 748 697 811 αὐτοῖς’
744 768 762 799 ι
827 750 1071 818 Ἐγένετο
1110 754 1138 804 ὁ
1167 751 1383 823 πρῶτος
1425 752 1594 823 Ἀδὰμ
1632 755 1712 817 εἰς
1735 753 1910 826 ψυχὴν

329 837 534 903 ζῶσαν,
580 841 610 892 ὁ
642 840 870 910 ἔσχατος
909 842 1081 912 Ἀδὰμ
1123 843 1201 906 εἰς
1248 842 1470 914 Πνεῦμα
1513 843 1845 907 ζωοποιοῦν·
1883 865 1901 899 ι

328 930 598 993 Γαλάταις
640 931 734 985 δέ’
773 951 790 982 ‹
837 933 895 986 '0
941 934 1181 1004 σπείρων
1224 937 1305 997 εἰς
1335 935 1396 987 τὸ
1427 936 1669 1006 Πνεῦμα,
1708 940 1772 990 ὲκ
1815 937 1907 991 τοῦ

331 1020 467 1071 Πνεύ
478 1037 647 1090 ματος
676 1021 882 1093 θερίσει
909 1022 1053 1091 ζωὴν
1080 1023 1299 1077 αἰώνιον
1319 1042 1333 1055 ο
1375 1044 1393 1079 ι
1424 1027 1517 1078 καὶ
1546 1027 1688 1080 κατὰ
1733 1029 1910 1082 Ἰωάν-

328 1130 427 1180 νην
468 1112 693 1182 λέγοντα
720 1115 829 1167 ἀπὸ
873 1115 969 1168 τοῦ
1000 1116 1284 1187 Σωτῆρος·
1326 1137 1344 1169 ι
1375 1118 1449 1171 Τὸ
1498 1119 1721 1190 Πνεῦμα
1765 1123 1909 1175 ἐστιν

332 1204 391 1257 τὸ
420 1204 741 1267 ζωοποιοῦν.
785 1227 801 1258 ι
837 1207 978 1261 Αὐτὸ
1004 1209 1067 1279 δὴ
1095 1210 1253 1263 τοῦτο
1281 1210 1457 1281 δηλῶν
1503 1211 1783 1283 Ἰεζεκιὴλ,
1815 1214 1909 1267 κα)⁸

332 1299 411 1350 ᾶτι
458 1300 554 1351 σὺν
587 1298 666 1369 τῷ
710 1298 849 1369 Θεῷ,
912 1299 989 1364 ὡς
1034 1301 1259 1371 Πνεῦμα
1299 1302 1497 1369 αὐτοῦ,
1553 1302 1663 1375 [82
1693 1304 1767 1377 α]
1810 1305 1909 1377 τὴν

326 1392 622 1445 ἀνάστασιν
645 1394 881 1464 ποιήσει.
916 1395 1281 1467 προφητεύει·
1318 1415 1335 1448 t
1372 1398 1510 1451 Τάδε
1530 1399 1679 1466 λέγει
1707 1398 1909 1469 Κύριος

322 1484 434 1544 τοῖς
462 1482 671 1545 ὀστέοις
698 1486 812 1548 τοῖς
849 1483 1031 1555 ξηροῖς
1075 1486 1319 1549 τούτοις·
1388 1489 1519 1541 Ἰδοὺ
1566 1488 1677 1556 ἐγὼ
1706 1490 1907 1558 εἰσάγω

320 1575 403 1636 εἰς
444 1574 591 1641 ὑμᾶς
623 1574 844 1645 Πνεῦμα
880 1575 1022 1647 ζωῆς
1044 1617 1058 1638 ,
1100 1579 1194 1631 καὶ
1225 1578 1384 1632 δώσω
1417 1582 1500 1649 ἐφ’
1534 1581 1678 1650 ὑμᾶς
1713 1580 1903 1652 νεῦρα,

319 1666 420 1718 καὶ
463 1665 647 1729 ἀνάξω
680 1667 763 1734 ἐφ’
799 1669 946 1737 ὑμᾶς
986 1667 1225 1739 σάρκας,
1261 1671 1356 1722 καὶ
1393 1672 1597 1725 ἐκτενῶ
1637 1675 1719 1741 ἐφ’
1764 1675 1907 1744 ὑμᾶς

312 1756 523 1826 δέρμα,
558 1757 651 1810 κα)¹
682 1758 839 1811 δώσω
873 1759 957 1827 ἐφ’
991 1760 1135 1829 ὑμᾶς
1174 1760 1236 1813 τὸ
1268 1761 1495 1833 Πνεῦμα
1525 1781 1647 1834 μου,
1680 1767 1771 1817 καὶ
1806 1763 1905 1836 ζή-

2013 590 2109 643 pro
2130 575 2638 644 malo'prteheamus.
2675 594 2693 627 ι
2717 577 2770 631 Si
2793 575 2904 646 (6|)
2930 595 2947 627 υ
2980 576 3147 639 enim,
3179 576 3375 645 inquit,
3407 595 3427 629 ι
3452 592 3581 632 esu-

2012 668 2165 720 rierit
2196 666 2445 721 inimicus
2468 675 2615 730 tuus,
2640 668 2755 721 ciba
2792 668 2979 730 illum;
3017 686 3036 719 ι
3069 675 3124 722 et
3154 684 3345 722 rursus
3367 669 3584 723 atl'eosa

2011 759 2130 813 dem
2151 758 2265 829 (62)
2299 776 2314 814 :
2349 759 2573 815 «Factns
2598 770 2681 815 est
2706 760 3037 831 (6'5)primus
3066 762 3231 815 Adam
3263 760 3315 814 in
3346 762 3583 815 animam

2012 852 2314 917 viventem,
2350 853 2674 909 novissimus
2715 853 2886 907 Adam
2928 853 2979 906 in
3011 851 3269 922 Spiritum
3304 852 3582 907 viviﬁcan-

2012 955 2156 1010 tem;
2195 963 2213 997 ι
2268 948 2333 999 ad
2373 945 2591 1001 Galatas
2636 961 2809 1001 vero:
2864 964 2882 997 ι
2935 945 3033 1011 Qui
3092 945 3321 999 seminat
3376 943 3585 1012 (64)·ηἰην

2012 1032 2239 1103 Spiritu,
2304 1036 2373 1091 de
2426 1035 2627 1105 Spiritu
2683 1043 2846 1089 metet
2899 1036 3063 1088 vitam
3126 1044 3415 1098 aeternam;
3458 1051 3476 1085 ι
3524 1043 3583 1087 ct

2010 1126 2305 1178 secundum
2360 1123 2622 1179 Joannem
2700 1124 2813 1193 (65)
2877 1138 2941 1178 ex
2999 1137 3227 1193 persona
3283 1120 3579 1175 Salvatoris

2010 1214 2338 1277 lnquientem
2392 1233 2405 1271 :
2455 1233 2473 1267 ι
2527 1215 2760 1286 Spiritus
2812 1214 2925 1285 (66)
2981 1223 3065 1269 est
3105 1214 3193 1283 qui
3234 1212 3492 1269 viviﬁcat.
3553 1230 3572 1262 ι

2013 1306 2129 1361 lloc
2160 1322 2291 1361 sane
2344 1307 2516 1375 ipsum
2556 1305 2868 1377 signiﬁcans
2908 1304 3179 1370 Ezechiel,
3221 1318 3454 1371 eumque
3504 1301 3579 1356 si-

2011 1396 2116 1449 nml
2144 1412 2264 1451 cum
2301 1399 2427 1464 Deo,
2469 1407 2656 1465 utpote
2686 1397 2948 1465 Spiritum
2992 1396 3179 1463 ipsius,
3224 1392 3578 1449 resurrectio-

2009 1502 2131 1541 nem
2157 1486 2267 1557 (67)
2298 1486 2565 1542 facturum
2588 1486 2890 1550 declarans,
2927 1486 3005 1541 sic
3039 1485 3322 1554 prophetat
3355 1501 3369 1539 :
3404 1501 3422 1535 ι
3453 1483 3576 1538 llaec

2009 1578 2137 1633 dicit
2160 1578 2272 1649 (68)
2312 1578 2565 1632 Dominus
2598 1578 2757 1648 182
2783 1577 2996 1632 ossibus
3035 1576 3117 1631 his
3162 1575 3330 1629 aridis
3381 1596 3392 1631 :
3437 1573 3577 1631 Ecce

2006 1684 2107 1739 ego
2145 1670 2339 1724 induco
2372 1669 2424 1723 in
2449 1684 2543 1723 vos
2592 1669 2853 1739 Spiritum
2884 1668 3028 1732 vitae,
3055 1676 3108 1722 et
3137 1667 3277 1721 dabo
3302 1680 3461 1735 super
3480 1681 3576 1720 vos

2011 1774 2227 1821 IICI'VOS,
2261 1768 2318 1813 et
2355 1758 2607 1813 reducam
2656 1774 2823 1829 super
2856 1773 2950 1813 νοε
2987 1772 3177 1811 carnes
3206 1796 3222 1822 ς
3280 1765 3336 1809 Cl.
3387 1766 3576 1809 exten-

314 1847 506 1909 σεσθε,
538 1849 633 1901 καὶ
660 1847 955 1916 γνώσεσθε,
987 1850 1067 1902 ὅτι
1098 1850 1208 1918 ἐγὼ
1243 1851 1469 1923 Κύριος.
1509 1873 1529 1907 ι
1580 1855 1645 1908 Ἦ
1691 1852 1783 1910 οὖν
1811 1858 1901 1910 ού-

2006 1851 2129 1905 dam
2190 1865 2351 1919 super
2396 1866 2493 1905 vos
2526 1850 2740 1918 pellem,
2796 1859 2852 1903 et
2903 1848 3040 1902 dabo
3097 1862 3259 1917 super
3311 1860 3404 1899 vos
3446 1845 3574 1914 Spi-

315 1939 532 2003 σιωδῶς
571 1939 684 2008 ζωὴ
708 1983 722 2004 ,
758 1942 853 1993 καὶ
882 1945 914 2011 ἡ
953 1942 1214 2007 ζωοποιδς
1260 1943 1510 2016 δύναμις,
1556 1947 1668 2000 οὒτ’
1708 1948 1902 2020 ἀρχὴν,

312 2030 445 2083 οὔτε
492 2034 689 2102 πέρας,
724 2032 836 2085 οὔτ’
875 2033 1161 2087 ἀλλοίωσιν
1204 2035 1349 2105 ἔχει’
1394 2037 1455 2089 τὸ
1486 2039 1542 2090 δὲ
1588 2039 1796 2103 τούτοις
1829 2040 1903 2111 μὴ

316 2124 629 2175 ὒποπίπτον
685 2124 843 2193 φύσει
903 2126 996 2178 καὶ
1037 2127 1266 2200 ἀληθείᾳ
1317 2129 1448 2192 Θεὸς
1490 2132 1656 2194 ἐστιν,
1704 2132 1797 2184 ἅτε
1839 2131 1904 2204 δὴ

313 2212 417 2263 καὶ
452 2212 523 2265 τὰ
554 2216 672 2266 κατ’
718 2214 995 2285 ἐξαίρετον
1028 2216 1121 2269 τοῦ
1153 2218 1287 2271 Θεοῦ
1322 2221 1415 2272 καὶ
1450 2221 1660 2293 Πατρὸς
1695 2220 1905 2275 οἴκοθεν

312 2306 686 2376 κεκτημένον.
718 2307 882 2360 Οὐδὲν
909 2308 1018 2381 γὰρ
1061 2311 1274 2363 κτιστὸν
1313 2311 1457 2382 ζωῆς
1481 2314 1651 2365 αἴτιον
1682 2308 1839 2379 εἶναι,
1870 2312 1903 2384 ἢ

312 2393 468 2463 ζωὴν
502 2396 560 2446 ἐν
613 2396 791 2468 ἑαυτῷ
823 2397 1096 2453 δεικνύναι
1138 2400 1393 2455 δύναται·
1430 2403 1605 2456 πάντα
1637 2403 1694 2457 δὲ
1730 2403 1900 2475 νεκρὰ

312 2488 384 2540 τὰ
415 2487 511 2540 τοῦ
547 2487 730 2542 θεῖκοῦ
775 2490 1091 2561 Πνεύματος
1138 2493 1506 2565 ὲστερημένα·
1564 2513 1582 2547 t
1633 2495 1720 2548 Ἑν
1756 2496 1905 2566 αὐτῷ

321 2577 428 2650 τὰρ
458 2578 664 2650 ζῶμεν,
701 2582 794 2634 καὶ
827 2582 1151 2653 κινούμεθα,
1192 2584 1283 2636 καὶ
1311 2584 1500 2655 ἐσμὲν,
1535 2606 1553 2637 ι
1588 2586 1663 2650 ὡς
1698 2586 1905 2655 ἔφασαν

313 2672 375 2723 αἱ
411 2671 779 2725 ἀποστολικαὶ
827 2674 1084 2744 Πράξεις.
1121 2675 1231 2727 Καὶ
1261 2675 1370 2748 γὰρ
1409 2678 1456 2729 εξ
1499 2677 1676 2734 πάντα
1716 2678 1785 2730 τὰ
1817 2695 1904 2747 γι-

317 2761 561 2831 νόμενα,
612 2764 706 2815 καὶ
750 2762 984 2835 φθαρτὰ,
1036 2765 1106 2818 τὰ
1153 2765 1210 2819 δὲ
1259 2766 1591 2837 φθειρόμενα
1638 2771 1905 2839 στερείται

315 2856 467 2925 ζωῆς
514 2857 858 2928 ὑπομένοντα
879 2874 892 2887 ⁸
929 2858 1046 2921 πῶς
1082 2859 1147 2913 ἂν
1194 2859 1374 2923 ἄλλοις
1399 2860 1685 2930 χαρίσαιτο
1708 2860 1902 2923 ταῦτα.

314 2941 395 3001 ὧν
442 2946 590 3000 αὐτὰ
635 2948 841 3017 γίνεται
874 2949 1062 3020 ὲνδεῆ;
1100 2949 1518 3019 Ζωοποιούμεθα
1550 2949 1613 3021 δὴ
1650 2946 1743 3003 οὖν
1797 2952 1902 3004 ὑπὸ

314 3036 412 3088 τοῦ
466 3038 629 3105 ἁγίου
682 3038 1020 3109 Πνεύματος,
1075 3039 1152 3101 ὡς
1197 3039 1291 3091 καὶ
1338 3037 1443 3091 ὑπὸ
1487 3038 1583 3092 τοῦ
1625 3040 1901 3105 εἰπόντος·

320 3148 340 3181 ι
394 3130 539 3198 Ἐγὼ
566 3134 684 3197 εἰμι
714 3135 747 3203 ἡ
783 3132 1081 3194 ἀνάστασις
1112 3132 1206 3184 καὶ
1247 3133 1280 3202 ἡ
1319 3131 1453 3203 ζωή.
1491 3152 1511 3185 ι

2009 1942 2169 1996 ritum
2213 1957 2391 1995 meum
2422 1984 2437 2008 ,
2504 1952 2558 1995 et
2615 1941 2840 2003 vivetis,
2892 1948 2948 1993 et
3014 1938 3385 2009 cognoscetis,
3432 1936 3575 2006 quod

2004 2051 2104 2103 ego
2146 2034 2426 2091 Dominus.
2485 2053 2504 2087 ι
2544 2034 2714 2089 Porro
2760 2031 3127 2087 substantialis
3194 2030 3301 2085 vita
3330 2069 3347 2097 ,
3397 2037 3451 2084 et
3497 2027 3580 2082 vi-

2008 2128 2229 2183 vificaris
2259 2130 2431 2182 virtus
2462 2142 2635 2197 neque
2669 2126 2881 2179 initium
2931 2124 3125 2187 habet,
3170 2137 3341 2191 neque
3377 2121 3536 2175 linem
3557 2157 3575 2184 ,

2008 2235 2182 2290 neque
2239 2220 2524 2275 mutationi
2585 2218 2827 2289 subjecta
2863 2224 2946 2271 est
2988 2233 3003 2283 ;
3056 2215 3199 2284 quod
3251 2224 3431 2269 autem
3489 2212 3578 2268 his

2005 2313 2296 2367 obnoxium
2353 2328 2457 2366 nun
2519 2320 2650 2375 est,
2722 2323 2913 2364 natura
2968 2318 3022 2363 et
3071 2322 3197 2363 vere
3245 2307 3385 2362 Deus
3419 2313 3503 2361 est
3554 2319 3575 2361 :

2008 2405 2208 2474 quippe
2258 2404 2348 2473 qui
2403 2404 2469 2458 de
2517 2419 2616 2459 suo
2669 2414 2724 2459 et
2771 2403 2858 2457 illa
2916 2402 3127 2466 habet,
3169 2415 3287 2470 qua:
3334 2413 3430 2469 per
3481 2412 3579 2453 ex-

2006 2494 2310 2547 cellentiam
2359 2494 2669 2548 tribuuntur
2702 2493 2813 2549 Deo
2852 2492 3035 2560 Patri;
3074 2492 3214 2547 nulla
3237 2491 3381 2546 enim
3418 2504 3577 2546 crea-

2007 2592 2124 2639 tura
2174 2594 2350 2655 potest
2396 2586 2518 2639 vitae
2548 2600 2710 2640 causa
2746 2599 2891 2647 esse,
2931 2594 3024 2640 ant
3061 2585 3224 2637 vitam
3259 2582 3314 2637 in
3352 2596 3411 2638 se
3459 2582 3573 2649 ipsa

2004 2678 2291 2734 ostendere
2327 2694 2340 2731 :
2374 2677 2465 2732 sed
2501 2691 2833 2747 qua-cunque
2860 2676 3049 2731 divino
3103 2673 3312 2742 Spiritu
3366 2682 3575 2735 carent.

2006 2779 2214 2824 mortua
2293 2778 2466 2824 sunt:
2531 2786 2549 2821 ι
2618 2768 2674 2823 In
2767 2768 2883 2838 ipso
2936 2767 3051 2837 ‘69)
3106 2766 3249 2821 enim
3312 2764 3575 2830 vivimus,

2006 2873 2285 2913 movemur
2345 2869 2401 2915 et
2438 2876 2663 2923 sumus,
2726 2877 2747 2912 ι
2798 2866 2859 2912 ut
2914 2874 3012 2914 nos
3047 2857 3396 2912 docentActa
3448 2870 3579 2920 apo-

2005 2951 2215 3005 stolica.
2249 2949 2303 3005 Si
2336 2952 2478 3005 enim
2513 2951 2692 3006 omnia
2736 2966 2855 3019 qua:
2892 2949 3033 3004 facta
3076 2959 3247 3015 sunt,
3303 2948 3571 3017 corrupti-

2007 3042 2131 3095 bilia
2166 3042 2329 3096 etiam
2358 3052 2515 3108 sunt;
2539 3058 2658 3112 qua;
2684 3057 2811 3096 vero
2841 3049 3292 3110 corrumpuntur,
3322 3039 3591 3109 patiendo.

2007 3135 2113 3188 vita
2156 3138 2467 3205 privamur,
2494 3137 2764 3205 quomodo
2798 3133 2921 3188 aliis
2954 3134 3135 3204 largiri
3170 3142 3396 3202 possunt
3447 3131 3572 3196 illa,

316 3238 551 3287 quorum
615 3224 727 3291 ipsa
806 3222 1087 3293 indigent?
1149 3221 1499 3280 VivitiCamur
1546 3239 1675 3293 ergo
1723 3237 1858 3279 sane
1905 3240 1935 3279 a
2009 3224 2213 3296 Spiritu
2264 3235 2476 3295 sancto,
2532 3226 2673 3282 sicut
2721 3234 2776 3282 et
2817 3227 2885 3282 ab
2932 3239 2997 3281 eo
3035 3225 3128 3296 qui
3177 3225 3312 3280 dixit
3352 3242 3365 3279 :
3401 3242 3421 3276 ι
3466 3223 3578 3295 Ego

321 3333 436 3370 sum
468 3314 585 3386 (70)
621 3317 966 3381 resurrectio,
994 3328 1049 3371 et
1080 3318 1215 3372 vita.
1265 3336 1285 3371 ι

395 3431 476 3487 B‘.
517 3434 659 3495 Ὅτι,
707 3431 797 3485 διὰ
843 3433 940 3502 τὴν
997 3434 1298 3504 ταυτότητα
1348 3435 1447 3505 τῆς
1499 3434 1751 3504 θεότητος
1809 3436 1901 3489 καὶ
1930 3444 1972 3499 C.

329 3525 429 3592 τὴν
477 3525 599 3592 μίαν
639 3525 955 3596 ἐνέργειαν,
1000 3526 1248 3594 λέγουσιν
1295 3529 1350 3579 αἱ
1394 3527 1625 3597 Γραφαὶ,
1659 3528 1733 3591 ὡς
1760 3527 1904 3581 κατὰ

328 3616 431 3686 τὴν
455 3616 543 3669 τοῦ
567 3615 752 3670 δούλου
786 3616 999 3688 μορςςὴν
1034 3617 1241 3689 Ἰησοῦν
1272 3619 1509 3690 Χριστὸν
1546 3620 1733 3692 ἢγειρέ
1772 3638 1900 3673 ποτε

391 3857 507 3919 (6|)
550 3858 629 3911 Si.
664 3859 818 3914 Rom.
866 3877 961 3916 xu.
1011 3861 1095 3915 20.
1154 3861 1338 3917 Grmca
1382 3862 1591 3917 editio:
1636 3865 1761 3919 Ἐὰν
1807 3861 1903 3918 οὖν

317 3930 482 3998 πεινᾷ
500 3931 527 3980 ὁ
548 3930 739 3999 ἐχθρός
766 3947 882 3991 σου,
906 3931 1120 4001 ψώμιζε
1147 3933 1337 3987 αὐτόν.
1362 3933 1772 3990 Passioneianus
1805 3951 1899 3991 co-

316 4000 421 4050 dex
458 4002 732 4065 mendose,
767 4003 915 4055 πινᾶ.

392 4068 504 4139 (lii)
542 4070 621 4121 Ad
654 4074 879 4123 eosdem.
910 4072 1038 4139 Quae
1089 4073 1345 4128 allaturos
1384 4083 1485 4136 est,
1534 4089 1637 4127 non
1686 4083 1902 4130 exstant

316 4138 372 4189 in
410 4138 649 4212 Epistula
684 4141 748 4193 ad
788 4141 1076 4207 lloinanos,
1113 4153 1168 4198 ut
1195 4145 1436 4210 proxime
1461 4144 1762 4212 superiora.
1797 4144 1897 4201 Ita-

313 4225 426 4271 que
456 4224 557 4262 vox
602 4209 725 4272 ista,
778 4229 801 4261 «μ
833 4215 1075 4278 eosdem,
1110 4226 1153 4265 ι’
1175 4209 1449 4267 referenda
1481 4209 1563 4268 est
1606 4215 1672 4267 ad
1707 4214 1899 4270 Corin-

314 4280 487 4338 thius,
512 4292 740 4349 quorum
773 4282 930 4349 paulo
951 4293 1078 4336 ante
1114 4283 1395 4338 meminit:
1424 4292 1480 4335 ut
1508 4284 1717 4339 scilicet
1741 4285 1901 4340 verba

316 4349 431 4421 illa,
468 4366 486 4398 ι
526 4348 729 4421 Littera
776 4348 960 4405 autem
1020 4354 1127 4414 hic,
1168 4372 1186 4403 ι
1243 4367 1410 4421 usque
1465 4354 1553 4418 ad,
1592 4370 1612 4405 ι
1663 4355 1780 4408 ciba
1838 4355 1900 4407 il-

315 4418 459 4539 luip,
498 4436 517 4468 ι
569 4419 721 4487 quasi
795 4421 937 4475 intra
990 4418 1356 4493 parenthesim
1418 4423 1593 4478 clausa
1656 4426 1899 4479 habenda

315 4504 399 4539 Slll
436 4527 446 4536 .

312 4504 446 4541 SIIIL

2076 3436 2138 3492 ll.
2198 3437 2333 3504 Quia
2394 3437 2463 3489 oh
2527 3436 2862 3491 identitatem
2919 3434 3258 3498 deitatis,et
3310 3434 3574 3489 unitatem

2009 3530 2342 3600 operationis
2401 3528 2697 3598 Scriptura:
2748 3528 2933 3583 Jesum
2970 3528 3265 3593 Christum,
3311 3537 3577 3597 quatenus

2009 3621 2061 3675 in
2118 3620 2290 3675 forma
2333 3621 2475 3677 servi
2529 3621 2901 3685 exsistentem,
2949 3619 3267 3673 snscitatum
3317 3635 3438 3674 esse
3488 3620 3574 3675 ln-

2001 3863 2081 3920 sic
2114 3863 2270 3919 habet
2315 3883 2327 3918 :
2374 3882 2392 3914 ι
2429 3862 2612 3931 Neque
2642 3873 2768 3914 vero
2809 3862 3007 3917 frustra
3039 3860 3154 3931 sine
3184 3859 3481 3914 articulo...
3519 3870 3577 3915 et

2002 3950 2145 3989 nunc
2174 3933 2397 4000 spiritus
2423 3943 2638 3988 creatus
2667 3932 2883 3991 dicitur.
2920 3930 3169 3999 quoniam
3199 3946 3302 3992 non
3335 3940 3417 3985 est
3449 3946 3577 3985 san-

2001 4016 2121 4059 etns
2149 4020 2163 4069 ;
2194 4019 2312 4057 cum
2345 4017 2479 4072 pene
2510 4017 2721 4070 semper
2750 4002 2996 4072 Spiritus
3023 4010 3241 4072 sanctus
3279 4016 3412 4072 enm
3431 4001 3572 4072 arti-

2003 4074 2123 4128 cnlo
2152 4068 2461 4127 nominetur
2496 4092 2509 4128 :
2546 4083 2602 4125 ut
2630 4068 2712 4126 Vin
2768 4072 2922 4126 illo...
2984 4071 3048 4125 Et
3080 4070 3207 4125 alibi
3242 4088 3256 4125 :
3291 4069 3364 4124 Τὸ
3404 4068 3575 4137 Πνεῦ-

2006 4162 2087 4216 μα
2105 4144 2178 4216 (id
2205 4153 2286 4216 est
2314 4141 2566 4216 Spiritus)
2602 4154 2685 4197 est
2702 4142 2792 4216 qui
2812 4143 3093 4216 _vivili(‘at._
3118 4160 3137 4192 ι

2071 4211 2179 4285 (67)
2216 4211 2691 4285 Resurrectionem.
2734 4212 3019 4285 Origenem
3063 4212 3129 4265 de
3164 4225 3449 4285 corporum
3489 4226 3574 4285 r_e-

1999 4279 2335 4337 surrectione
2368 4297 2473 4335 non
2509 4292 2651 4336 recte
2689 4279 2923 4336 sensisse
2961 4290 3160 4351 norunt
3212 4279 3462 4351 tlteologi.
3508 4279 3574 4333 ll-

2000 4353 2102 4407 lius
2128 4368 2256 4406 vero
2286 4351 2592 4420 opinionem
2625 4362 2866 4406 secutum
2906 4367 3023 4406 esse
3058 4348 3318 4420 Joannem
3359 4348 3574 4419 quoque

1997 4419 2505 4493 Jerosolymitanum
2542 4423 2850 4493 episcopum
2879 4419 3475 4493 prohatmllieronymus
3511 4420 3563 4493 in

2002 4492 2136 4546 libro
2167 4489 2349 4545 contra
2374 4492 2547 4559 ipsum
2584 4490 2842 4545 Joannem
2879 4506 3027 4550 num.
3052 4489 3123 4543 23
3150 4498 3205 4543 et
3228 4489 3407 4557 seqq,
3430 4490 3570 4556 qttod

389 4558 503 4629 (65)
542 4558 737 4612 Factus
761 4572 855 4618 ut.
889 4559 907 4613 1
937 4562 999 4613 ad
1040 4560 1169 4618 Cor.
1214 4579 1304 4629 xv,
1350 4563 1441 4618 45.
1469 4563 1653 4619 Graeca
1691 4565 1893 4621 editio:
1932 4555 1972 4608 Ι)
2002 4566 2067 4617 de
2096 4555 2507 4616 resurrectionis
2548 4561 2775 4616 veritate
2803 4559 3026 4616 subdole
3056 4560 3264 4613 locutus
3292 4555 3380 4621 sit,
3415 4555 3574 4628 atque

308 4628 343 4681 ὁ
374 4628 593 4701 πρῷτος
615 4629 896 4699 ἄνθρωπος
928 4632 1119 4701 Ἀδάμ.

388 4700 502 4769 (Μ)
537 4701 642 4763 Qui
673 4704 915 4756 sentiunt.
957 4700 1134 4755 Galat.
1163 4718 1237 4765 VI,
1273 4702 1327 4758 8.

387 4769 613 4842 (67$)dEt
650 4771 935 4842 secundum
959 4770 1242 4842 Joannem.
1267 4774 1397 4825 Cum
1432 4773 1586 4828 initio
1619 4773 1775 4842 lmjns
1804 4791 1894 4827 ar-

316 4840 467 4891 licnli
498 4840 714 4903 dixerit,
745 4859 762 4889 ι
807 4840 950 4898 iuxta
993 4841 1240 4905 Paulum,
1288 4862 1306 4893 ι
1343 4844 1545 4898 idcirco
1595 4840 1736 4907 nunc
1770 4845 1845 4898 ait
1880 4868 1891 4901 ;

318 4928 338 4958 ι
376 4907 443 4960 Et
480 4910 775 4983 secundum
802 4910 1086 4983 Joannem.
1122 4931 1140 4983 ρ
1174 4911 1379 4975 Atnos,
1415 4916 1610 4982 quibus
1641 4914 1893 4983 Didymen

314 4980 582 5051 Ittctliorla
623 4995 728 5033 nos:
787 4990 905 5051 est,
930 4982 1079 5035 ohliti
1117 4981 1229 5051 jam
1267 4997 1402 5051 pene
1434 4980 1654 5039 eramus
1682 4980 1892 5039 illorum

314 5049 628 5111 \erhorum,
665 5067 683 5098 ι
707 5062 858 5118 )uxta
897 5049 1135 5105 Paulum.
1168 5071 1187 5103 ι

386 5118 501 5185 (66)
544 5117 803 5187 Spiritus.
851 5120 1006 5175 Juan.
1045 5121 1230 5178 v1.63.
1282 5121 1454 5177 Locus
1500 5122 1586 5177 hic
1633 5122 1831 5177 citatur
1862 5140 1889 5177 a

318 5188 547 5257 Didyme
569 5191 734 5243 etiam
759 5191 809 5243 in
845 5191 979 5245 lihro
1017 5191 1091 5244 De
1119 5190 1258 5255 Spir.
1280 5205 1463 5247 sancto
1489 5209 1635 5247 num.
1676 5194 1763 5257 15,
1797 5195 1889 5249 sed

317 5273 385 5308 na
449 5258 502 5311 in
556 5261 716 5329 editis
767 5260 1166 5329 exemplaribus
1227 5262 1465 5325 aﬂ‘ertur,
1521 5272 1578 5316 ut
1636 5264 1724 5316 vix
1765 5279 1890 5317 eum

314 5342 604 5385 agnoscas.
643 5328 734 5382 Sic
776 5328 1143 5385 enimhabent
1177 5350 1191 5386 :
1233 5350 1252 5382 ι
1301 5332 1481 5400 Neque
1516 5333 1657 5386 enim
1694 5332 1889 5386 frustra

314 5414 434 5450 sine
468 5400 761 5454 articulo...
804 5417 943 5454 lllmc
986 5404 1203 5469 spiritus
1238 5414 1453 5458 creatus
1485 5404 1679 5456 dicitur
1711 5417 1726 5456 :
1761 5418 1894 5468 quo-

312 5468 460 5519 niam
507 5484 612 5521 non
651 5479 734 5522 est
781 5482 1020 5545 sanctus.
1052 5489 1171 5526 cum
1226 5488 1361 5545 pene
1398 5472 1890 5545 sen’tper__Spiritt_Is

311 5550 537 5590 sumtus
592 5556 713 5592 cum
767 5543 993 5594 articulo
1040 5543 1364 5605 nominetur,
1416 5554 1475 5596 ut
1507 5546 1558 5596 in
1600 5543 1755 5596 illo...
1828 5543 1893 5596 Et

311 5608 477 5682 alibi:
507 5609 840 5682 @264}.an
872 5611 933 5663 τὸ
960 5612 1274 5679 ζωοποιοῦν,
1316 5614 1365 5667 id
1402 5624 1504 5673 est.
1546 5613 1663 5682 Ipse
1693 5622 1775 5666 est
1800 5614 1890 5682 qui

312 5679 575 5753 vivilicat.
610 5699 628 5731 ι
662 5680 1047 5753 Einendatione
1094 5685 1265 5740 locum
1296 5685 1536 5753 indigere
1566 5679 1737 5736 sensit
1772 5679 1891 5735 van-

313 5746 539 5811 larsius,
591 5751 687 5804 sed
744 5767 873 5805 mss.
920 5752 1173 5807 librorum
1240 5746 1558 5808 auctoritate
1604 5754 1893 5806 destitutus

312 5820 607 5877 emendare
646 5830 867 5877 coactus
900 5820 996 5876 fuit
1024 5838 1087 5879 ex
1114 5825 1344 5897 ingenio.
1370 5823 1550 5880 Codex
1575 5832 1756 5879 noster
1785 5839 1884 5877 ms.

1999 4636 2064 4685 ad
2099 4647 2217 4686 eam
2246 4632 2668 4684 conﬁrmandam
2706 4631 2791 4684 illa
2827 4630 2939 4699 ipsa
2988 4630 3284 4695 Scriptura:
3322 4630 3569 4683 testimo-

2000 4705 2084 4756 nia
2136 4701 2400 4761 attulerit,
2437 4701 2630 4768 quibus
2672 4700 2892 4754 innixus
2922 4700 3181 4768 Origenes
3214 4712 3395 4753 veram
3430 4713 3573 4768 vera:

1996 4772 2174 4827 carnis
2205 4767 2655 4824 resurrectionem
2690 4772 2926 4839 negavit.
2955 4767 3137 4836 Itaque
3177 4776 3314 4839 utse
3348 4770 3416 4822 ab
3442 4767 3570 4824 Ori-

1996 4843 2237 4911 genismu
2268 4840 2563 4894 abhorrere
2615 4837 2863 4894 ostendat
2908 4838 3161 4911 Joamms,
3195 4837 3326 4911 illud
3358 4840 3424 4911 ah
3457 4840 3572 4907 ipso

1995 4906 2160 4981 Exigit
2184 4910 2544 4981 Hieronymus
2578 4919 2636 4981 ut
2672 4912 2814 4964 hunc
2851 4908 3029 4981 potius
3064 4906 3367 4981 Ezechielis
3392 4906 3569 4981 locum

1996 4976 2205 5043 aﬂe'rat,
2233 4976 2576 5050 quem'allert
2610 4976 2862 5050 Didymus
2884 4978 3069 5050 hocin
3091 4976 3226 5030 loco.
3257 4994 3275 5027 ι
3308 4977 3402 5032 llis
3424 4979 3568 5050 enim

1994 5052 2317 5106 testimoniis
2348 5048 2445 5119 (ait
2485 5048 2865 5119 Hieronymus)
2892 5048 3185 5119 veritatem_
3212 5049 3570 5119 resurrectio-

1996 5122 2078 5175 nis
2102 5125 2321 5189 probas,
2356 5114 2553 5187 quibus
2580 5114 2840 5189 Origenes
2881 5126 3105 5189 negat...
3156 5114 3344 5171 Profer
3400 5118 3572 5187 magis

1992 5191 2264 5251 Ezechiel.
2313 5190 2402 5259 qui
2434 5203 2557 5242 ossa
2599 5189 2830 5259 jungens
2870 5188 3102 5247 ossibus.
3136 5190 3469 5259 et‘educens
3506 5201 3569 5240 ea

1993 5262 2059 5315 de
2088 5255 2347 5329 sepulcris
2372 5260 2505 5322 suis,
2551 5255 2614 5313 et'
2640 5255 2801 5325 super
2836 5259 2997 5325 pedes
3022 5269 3167 5311 Stare
3196 5255 3419 5319 faciens.
3448 5272 3571 5311 car-

1992 5333 2149 5385 nibus
2202 5329 2489 5398 nervisque
2535 5329 2875 5399 constringit,
2932 5338 2989 5384 et
3041 5339 3165 5383 cute
3215 5330 3444 5396 desuper
3489 5335 3569 5382 te-

1991 5417 2173 5539 8Ιιξϐἐ)
2216 5467 2342 5522 ΙΙιιοσ
2371 5468 2513 5522 dicit.
2551 5469 2746 5525 Ezech.
2775 5485 2978 5529 xxxvn.
3011 5469 3043 5519 5
3065 5478 3116 5520 et
3144 5469 3197 5523 6.
3226 5466 3571 5539 Compluten-

1990 5536 2260 5594 siseditio
2292 5539 2450 5611 habet
2483 5556 2496 5589 :
2533 5539 2670 5593 Τάδε
2694 5539 2744 5594 λ.
2772 5540 2993 5611 Κύριος,
3021 5539 3253 5610 Κύριος·
3284 5536 3567 5611 et_0tnitlit

1993 5626 2165 5672 voces,
2192 5612 2304 5673 τοῖς
2334 5610 2518 5680 ξηροῖς
2540 5627 2552 5640 ο
2600 5626 2663 5663 ac
2716 5627 2813 5679 pro
2863 5606 3069 5680 εἰσάγω
3099 5606 3277 5680 habet
3306 5606 3467 5660 οῐσωο
3510 5618 3564 5661 et

1992 5680 2215 5751 Πνεῦμα
2243 5697 2364 5749 μου,
2388 5677 2508 5733 sine
2528 5677 2755 5733 articulo
2790 5700 2803 5736 ε
2837 5693 2891 5735 et
2916 5677 3025 5749 ἐγώ
3054 5683 3170 5751 εἰμι
3200 5677 3424 5750 Κύριος.

2064 5749 2173 5811 (69)
2218 5751 2281 5803 In
2304 5754 2438 5816 ipso.
2469 5751 2589 5805 Act.
2624 5766 2756 5812 xvtt,
2780 5751 2871 5804 ‘28.

2062 5822 2174 5892 (70)
2213 5819 2323 5891 Ego
2357 5836 2492 5875 sum.
2515 5818 2671 5878 Joan.
2698 5836 2776 5892 XI,
2806 5820 2897 5879 ﬂii.
