4082 6406
586 336 692 394 565

1828 335 2064 390 DlDYMl
2103 334 2563 391 ALEXANDle
3704 338 3793 392 56$

585 453 778 522 quiunt
806 448 963 504 modo
988 461 1018 502 a
1038 445 1219 511 Patre,
1248 447 1409 502 modo
1435 447 1608 517 ipsum
1636 461 1666 502 a
1707 461 1766 502 se
1794 448 1908 518 ipso
1931 489 1947 513 ,
1997 451 2139 504 lDOdt

2258 453 2286 504 ὁ
2317 451 2526 522 Πατὴρ,
2555 444 2684 502 ποτὲ
2712 440 2876 512 uino;
2903 447 3117 511 ἑαυτὸν,
3165 447 3296 500 ποτὲ
3325 447 3386 500 τὸ
3417 449 3564 516 ἅγιον
3591 450 3795 521 Πνεῦμα

579 558 608 596 a
645 539 851 611 Spiritu
881 549 1105 603 sancto,
1146 539 1200 594 in
1243 539 1385 596 hunc
1436 539 1674 595 modum.
1708 541 1839 595 Acta
1886 559 1900 594 :
1938 559 1957 593 ι
2001 539 2139 596 llum

2264 543 2486 598 οὑτωσί.
2543 543 2608 596 Ai
2657 540 2922 612 Πράξεις-
2963 557 2982 590 ι
3036 538 3236 593 Τοῦτον
3283 541 3312 592 ὁ
3360 539 3487 604 Θεὸς
3526 542 3696 612 ἤγειρε
3735 545 3792 614 τῇ

576 635 720 690 Deus
746 632 859 702 (7t)
886 631 1168 686 suscitavit
1193 631 1351 686 tertia
1394 632 1536 686 die.»
1568 631 1805 687 Joannes
1829 648 1894 687 ex
1922 649 2148 702 persona

578 723 877 780 Salvatoris
921 739 935 774 :
964 736 988 774 ι
1011 719 1213 775 Solvite
1245 720 1357 790 (72)
1389 720 1641 790 templum
1670 721 1774 774 ltoe
1803 731 1858 776 et
1892 721 1946 774 in
1975 721 2146 776 tribus

577 816 766 870 diebus
799 812 1072 868 suscitabo
1105 811 1254 865 illud.
1292 810 1411 881 Ipse
1450 820 1627 864 autem
1661 811 1875 866 dicebat
1903 811 1970 865 de
2009 821 2146 866 tem-

575 905 665 976 plo
684 906 926 974 corporis
967 905 1087 966 sui;
1122 922 1140 954 ι
1175 912 1231 958 et
1261 918 1446 958 rursus
1479 919 1493 957 :
1531 920 1551 954 ι
1588 901 1699 973 Ego
1730 917 1870 972 pono
1897 903 2146 972 (73)ani-

577 1012 721 1052 mam
747 1011 920 1050 meam
953 1033 968 1059 ,
1022 1005 1084 1049 ut
1113 996 1306 1049 iterum
1358 1010 1568 1048 sumant
1599 1010 1744 1048 eam.
1798 993 1969 1050 Nemo
2011 994 2148 1050 tollit

575 1102 694 1142 eam
723 1102 752 1140 a
784 1102 872 1141 me
911 1107 922 1140 :
958 1086 1051 1141 sed
1079 1101 1180 1156 ego
1211 1099 1354 1155 pono
1381 1100 1501 1140 eam
1529 1085 1665 1157 (74).
1692 1085 2022 1142 Potestatem
2057 1087 2148 1140 ha-

574 1179 677 1234 beo
709 1178 937 1247 ponendi
966 1192 1083 1232 eam
1112 1217 1128 1241 ,
1176 1186 1231 1231 et
1261 1187 1582 1248 potestatem
1622 1177 1795 1233 habeo
1825 1178 2020 1234 iterum
2053 1192 2146 1232 su-

574 1269 756 1324 mendi
784 1284 926 1323 eam.
981 1289 999 1320 ι
1052 1267 1243 1323 Petrus
1279 1269 1330 1322 iu
1361 1269 1537 1338 prima
1572 1267 1808 1338 Epistola
1864 1287 1879 1323 :
1922 1289 1941 1321 ι
1986 1268 2146 1324 Chri-

574 1369 693 1413 stus
716 1359 830 1429 (75)
858 1358 1023 1414 semel
1062 1375 1160 1428 pro
1198 1360 1437 1429 peccatis
1465 1373 1565 1427 pro
1589 1360 1742 1415 nobis
1767 1369 2014 1415 mortuus
2039 1369 2144 1424 est,

567 1449 751 1518 justus
791 1465 887 1518 pro
922 1450 1156 1518 injustis,
1217 1459 1278 1503 ut
1310 1465 1410 1505 nos
1428 1448 1652 1505 oﬁ‘erret
1679 1449 1810 1516 Deo,
1844 1451 2140 1506 mortiﬁca-

576 1553 660 1596 tus
681 1542 895 1612 quidem
925 1557 1087 1596 carne
1106 1581 1122 1606 ,
1157 1542 1451 1597 viviﬁcatus
1477 1552 1656 1598 autem
1693 1543 1916 1612 Spiritu.
1944 1562 1964 1595 ι

652 1632 737 1686 lll.
780 1633 918 1700 Quia
949 1644 1100 1688 creat
1131 1634 1365 1704 Spiritus
1395 1644 1612 1689 sanctus
1640 1650 1888 1704 magnam
1927 1645 2145 1689 creatu-

573 1738 687 1776 ram
717 1724 1011 1791 hoininem,
1044 1733 1208 1794 atque
1252 1739 1320 1780 ex
1365 1724 1590 1780 mortuis
1632 1740 1755 1780 eum
1797 1726 2042 1790 suscitat,
2089 1735 2145 1781 et

2262 634 2422 706 τρίτῃ
2459 633 2659 704 ἡμέρᾳο
2696 651 2714 683 t
2765 632 3016 701 Ἰωάννης
3053 630 3159 683 ἀπὸ
3196 630 3289 684 τοῦ
3332 631 3606 702 Σωτῆρος⁹
3655 651 3672 684 ι
3701 633 3798 685 Δύ-

2264 741 2392 778 σατε
2436 724 2528 777 τδν
2567 723 2691 777 ναὸν
2727 721 2938 785 τοῦτον,
2967 722 3062 774 καὶ
3091 723 3147 775 ἐν
3189 720 3363 792 τρισὶν
3390 721 3613 792 ἡμέραις
3642 723 3796 794 ἐγερῶ

2262 814 2444 868 αὐτόν.
2476 813 2646 878 Αὐτὸς
2681 813 2738 866 δὲ
2768 812 2950 881 ἔλεγεν
2981 813 3108 884 περ).
3146 813 3240 865 τοῦ
3280 812 3408 864 ναοῦ
3444 811 3533 864 τοῦ
3571 811 3796 882 σώματος

2260 904 2426 960 αὑτοῦ
2449 921 2462 932 ’
2506 924 2524 956 t
2553 906 2646 957 καὶ
2684 903 2875 957 πάλιν·
2913 923 2932 955 ι
2977 903 3115 972 Ἐγὼ
3141 904 3329 973 τίθημι
3355 903 3451 973 τὴν
3491 903 3658 975 ψυχήν
3686 922 3794 974 μου,

2258 995 2346 1049 ἵνα
2372 995 2532 1048 πάλιν
2558 993 2707 1048 λάϐω
2738 995 2928 1064 αὑτήν.
2963 995 3150 1057 Οὐδεὶς
3178 995 3322 1065 αἴρει
3347 993 3513 1064 αὐτὴν
3541 994 3628 1046 ἀπ’
3655 994 3796 1064 ἐμοῦ,

2255 1086 2368 1140 ἀλλ’
2414 1085 2526 1154 ἐγὼ
2563 1085 2753 1156 τίθημι
2792 1085 2980 1155 αὑτήν.
3043 1085 3316 1150 Ἐξουσίαν
3362 1084 3468 1154 ἔχω
3509 1084 3670 1138 θεῖναι
3707 1085 3797 1136 αὺ-

2253 1177 2373 1248 τὴν,
2421 1176 2517 1229 καὶ
2561 1175 2808 1240 ἐξουσίαν
2853 1175 2960 1245 ἔχω
3005 1176 3163 1228 πάλιν
3210 1175 3392 1228 λαϐεῖν
3431 1175 3616 1245 αὑτήν.
3652 1193 3668 1225 t
3699 1175 3795 1228 Πέ-

2252 1283 2380 1337 τρος
2424 1267 2482 1319 ὲν
2518 1267 2584 1336 τῇ
2628 1265 2820 1337 πρώτῃ
2881 1263 2993 1336 [82
3020 1263 3096 1337 b]
3151 1263 3470 1336 Ἐπιστολῇ·
3521 1283 3540 1316 ι
3583 1264 3797 1336 Χριστὸς

2252 1356 2398 1423 ἅπαξ
2426 1359 2556 1428 περ).
2584 1358 2868 1428 ἁμαρτιῶν
2906 1355 3045 1429 ὑπὲρ
3086 1356 3244 1428 ήμῶν
3285 1356 3569 1420 ἀπέθανεν,
3610 1356 3795 1419 δίκαιος

2251 1449 2394 1520 ὑπὲρ
2435 1449 2656 1513 ἀδίκων,
2704 1449 2792 1502 ἵνα
2837 1451 2984 1520 ἡμᾶς
3015 1449 3337 1522 προσαγάγῃ
3361 1448 3436 1519 τῷ
3462 1448 3609 1520 Θεῷ·
3653 1447 3796 1503 θανα·

2246 1539 2443 1604 τωθεὶς
2490 1541 2588 1610 μὲν
2635 1541 2817 1612 σαρκὶ,
2868 1538 3222 1611 ζωοποιηθεὶς
3257 1539 3312 1592 δὲ
3350 1538 3643 1610 Πνεῦματι.
3679 1556 3698 1588 t

2320 1629 2394 1681 I".
2449 1631 2569 1683 Ὅτι
2609 1630 2931 1700 δημιουργεῖ
2962 1631 3022 1685 τὸ
3066 1631 3205 1702 μέγα
3232 1631 3436 1698 κτίσμα
3468 1630 3559 1682 τὸν
3604 1628 3798 1701 ἄνθρω-

2249 1738 2368 1782 πον,
2409 1721 2503 1774 καὶ
2549 1722 2614 1773 ὲκ
2645 1721 2855 1792 νεκρῶν
2895 1723 3118 1793 ἐγείρει,
3162 1721 3256 1774 καὶ
3302 1721 3572 1785 ζωοποιεῖ,
3616 1721 3704 1780 καὶ
3729 1722 3798 1783 εἰς

569 1813 827 1879 viviﬁcat,
858 1824 914 1868 et
941 1816 1009 1869 ad
1042 1817 1237 1870 calum
1285 1815 1469 1879 vertit,
1506 1830 1569 1870 ac
1599 1823 1800 1870 terram
1843 1815 1898 1869 in
1939 1816 2139 1870 diluvio

2245 1810 2473 1883 οὐρανὸν
2507 1813 2823 1883 ἐπιστρέφει
2845 1831 2858 1844 ο
2893 1813 2986 1867 καὶ
3029 1816 3536 1886 συγκαταρῤυεῖσαν
3575 1815 3688 1876 ταῖς
3711 1812 3797 1865 ἀν-

570 1905 730 1961 simul
763 1921 882 1961 cum
906 1908 1153 1962 humanis
1192 1905 1568 1977 iniquitatibus
1614 1907 1954 1972 deﬂuentem,
1982 1908 2140 1979 183

569 2011 758 2052 rursus
834 1999 1136 2061 renovavit,
1202 2013 1429 2067 eamque
1472 1999 1667 2053 iterum
1727 1999 1895 2053 indito
1950 1999 2135 2054 calore

569 2085 707 2140 fovit
733 2087 853 2141 sine
886 2087 1087 2150 studio,
1117 2101 1182 2142 ac
1223 2097 1543 2154 spontanea,
1578 2089 1750 2142 instar
1783 2089 1948 2142 veluti
1987 2098 2144 2144 auto-

569 2186 800 2242 matum,
824 2178 1163 2247 operatione,
1198 2187 1383 2247 utpote
1411 2179 1502 2248 qui
1533 2194 1686 2248 aeque
1711 2189 1928 2234 creator
1953 2191 2056 2243 est,
2086 2191 2143 2234 ut

567 2285 852 2340 supremus
909 2271 998 2327 ille
1057 2271 1386 2326 architectus
1417 2271 1526 2341 (76)
1567 2271 1730 2336 Deus,
1769 2271 1862 2341 qui
1901 2271 2140 2326 tellurem

569 2363 740 2432 ipsam
766 2363 921 2418 initio
943 2364 1328 2420 subsistentem
1370 2363 1516 2428 fecit,
1553 2373 1609 2419 et
1646 2379 1765 2418 cum
1805 2378 1914 2433 quo
1957 2378 2138 2432 aequa-

567 2453 675 2508 lem
700 2454 1278 2525 habetopcrationem;
1310 2464 1712 2525 utcognoscere
1741 2455 1894 2510 nobis
1929 2455 2056 2510 licet
2075 2471 2141 2511 ex

567 2547 655 2607 iis,
685 2561 804 2616 quae
838 2547 984 2603 sacri
1028 2549 1323 2619 scriptores
1371 2547 1741 2610 declararunt,
1786 2561 1922 2616 quos
1971 2546 2141 2616 subji-

566 2640 670 2695 cio.
705 2639 805 2694 Job
855 2657 925 2696 ιι
972 2640 1204 2710 Spiritus
1235 2640 1382 2711 (77)
1432 2641 1668 2702 divinus,
1720 2638 1811 2709 qui
1867 2637 1993 2692 fecit
2031 2652 2142 2703 me,

564 2731 722 2788 ﬂatus
777 2744 956 2788 autem
1009 2732 1426 2802 Otnttipotentis,
1479 2732 1570 2802 qui
1625 2733 1784 2786 docet
1829 2745 1932 2784 tne.
1971 2747 1991 2783 ι
2042 2729 2146 2784 Da-

565 2823 652 2876 vid
707 2824 766 2876 in
811 2823 1020 2891 psalmo
1070 2824 1284 2890 quidem
1338 2837 1432 2876 Clll
1474 2834 1490 2873 :
1543 2837 1562 2871 ι
1593 2819 1818 2873 Emittes
1852 2815 1965 2888 (78)
2016 2816 2142 2885 Spi-

564 2915 727 2967 ritum
784 2924 953 2976 tunu),
1001 2923 1058 2969 et
1100 2913 1447 2978 ereahuutur,
1511 2920 1567 2967 et
1619 2909 1900 2966 renovabis
1951 2909 2141 2962 facient

568 3013 750 3058 terrm.
776 3021 802 3054 ι.
836 3004 890 3058 Id
936 3004 1226 3057 conﬁrmat
1251 3000 1539 3071 Apostolus
1568 3001 1620 3053 in
1671 2998 1904 3053 secunda
1938 2997 2005 3051 ad
2034 2997 2142 3052 Co-

563 3094 797 3148 rinthios
831 3093 1061 3162 Epistula
1097 3111 1111 3147 :
1147 3111 1168 3145 ι
1208 3093 1391 3162 Itaque
1415 3090 1527 3163 (79)
1557 3091 1600 3145 si
1645 3091 1766 3160 quis
1805 3090 1856 3143 in
1903 3087 2141 3152 Christo,

564 3199 702 3240 nova
727 3193 980 3240 creatura
1011 3202 1025 3238 :
1063 3193 1247 3239 vetera
1278 3183 1609 3240 transierunt
1633 3200 1645 3235 :
1670 3196 1799 3237 ecce
1829 3196 1966 3235 nova
1999 3179 2138 3233 facta

564 3285 691 3331 sunt
721 3278 923 3330 omnia.
958 3296 978 3328 ι
1015 3277 1070 3330 lu
1096 3276 1305 3346 psalmo
1337 3286 1517 3331 autem
1544 3290 1735 3330 χχχιιι
1771 3292 1790 3326 ι
1830 3272 2005 3328 Verbo
2026 3272 2137 3343 (80)

565 3367 778 3428 Domini
815 3369 937 3426 caeli
965 3368 1161 3423 ﬁrmati
1195 3377 1340 3432 sunt,
1358 3377 1415 3422 et
1443 3366 1647 3437 Spiritu
1677 3366 1790 3421 oris
1814 3365 1932 3436 ejus
1949 3379 2136 3420 omnes

563 3459 792 3514 virtutes
817 3475 1029 3514 eorum.
1064 3478 1084 3512 ι
1112 3460 1242 3526 Quae
1283 3474 1442 3528 porro
1471 3475 1536 3513 ex
1578 3457 1736 3526 hujus
1769 3455 1987 3527 capituli
2017 3471 2138 3508 sen-

563 3549 731 3608 tentia
759 3551 935 3622 colligi
968 3562 1210 3622 possunt,
1242 3551 1578 3619 inobservata
1615 3565 1681 3605 ne
1706 3559 2013 3620 praetereas.
2040 3546 2137 3601 Ni-

562 3641 762 3698 mirum
800 3644 935 3714 ipse,
967 3653 1150 3716 utpote
1193 3653 1408 3701 creator
1439 3653 1494 3697 et
1525 3645 1696 3698 bonus
1725 3643 1886 3706 Deus,
1914 3653 2138 3694 manens

562 3749 780 3804 semper
828 3736 1064 3808 Spiritus
1117 3739 1234 3803 Dei,
1303 3736 1546 3795 stabilem
1607 3745 1872 3792 creaturae
1913 3731 2138 3800 largitur

562 3825 882 3893 amicitiam,
937 3836 993 3883 et
1047 3827 1504 3886 indissolubilibus
1551 3841 1672 3882 eam
1717 3825 1972 3882 astrinxit
2021 3822 2138 3876 vin-

562 3915 721 3983 culis,
762 3917 1082 3986 ﬁrmamque
1148 3929 1204 3976 et
1251 3920 1630 3976 inconcussam
1678 3916 1881 3988 posuit.
1933 3926 2140 3983 suaque

657 4028 745 4096 7i)
791 4030 946 4084 Hunc
982 4030 1143 4088 Deus.
1173 4034 1292 4088 Act.
1328 4047 1382 4094 Χ,
1407 4031 1500 4087 40.

660 4098 974 4170 72)Sglvite.
993 4101 1148 4156 Joan.
1169 4118 1230 4165 ιι,
1245 4102 1478 4159 l9et2l.
1496 4101 1614 4155 Bib.
1633 4103 1836 4164 ἐκεῖνος
1849 4115 1945 4170 pro
1957 4099 2139 4161 αὑτός.

657 4164 747 4231 75)
787 4168 899 4236 Ego
921 4187 1074 4238 pono.
1110 4164 1265 4226 Joan.
1299 4187 1356 4236 x,
1393 4172 1459 4224 17
1483 4182 1538 4227 et
1570 4172 1658 4227 18.

660 4239 748 4310 74)
788 4238 938 4294 Ροηυ
967 4255 1104 4296 eam.
1139 4241 1326 4296 Grates
1355 4243 1519 4297 editio
1548 4242 1636 4298 hic
1657 4241 1826 4308 addit,
1853 4242 1946 4296 ἀπ’
1971 4241 2141 4310 ἐμαυ-

557 4308 676 4380 τοῦ,
698 4308 764 4380 i'd
798 4319 880 4380 est
915 4328 934 4360 ι
965 4325 992 4362 a
1022 4325 1109 4380 me
1141 4311 1276 4380 ipso.
1310 4330 1329 4363 ›

632 4377 745 4460 (35)
785 4377 1045 4460 Christus.
1079 4379 1136 4435 ln
1154 4377 1322 4460 prima
1359 4379 1502 4460 Petri
1531 4381 1737 4460 tubis.
1770 4381 1964 4460 Voces,
1998 4379 2138 4460 ὑπερ

557 4448 740 4520 ἡμῶν,
757 4450 952 4520 omittit
975 4448 1165 4520 Graeca
1189 4451 1369 4506 editio.
1387 4449 1492 4504 Pro
1520 4451 1787 4508 ἀπέθανεν
1809 4448 2136 4520 eademin-di-

2243 1903 2539 1974 θρωπίναις
2584 1906 2837 1976 ἀνομίαις
2867 1905 2963 1977 τὴν
3005 1907 3109 1976 γῆν
3157 1907 3466 1961 ἀνεκαίνισε
3509 1905 3684 1967 πάλιν,
3713 1905 3799 1958 καὶ

2241 1995 2503 2065 ἀνέθαλψε
2536 1996 2596 2048 τὸ
2622 1995 2844 2066 Πνεῦμα
2868 1997 2930 2049 τὸ
2954 1997 3107 2067 ἅγιον
3134 1996 3258 2052 ἄνευ
3293 1998 3691 2070 πραγματείας,
3718 1997 3803 2050 καὶ

2241 2081 2350 2140 οἷον
2380 2087 2721 2156 αὐτομάτως,
2744 2089 2838 2141 ἆτε
2873 2089 3299 2159 συνδημιουργὸς
3334 2091 3430 2144 καὶ
3453 2090 3696 2161 ίσουργὺς
3715 2087 3800 2142 τοῦ

2243 2181 2646 2250 ὕποστήσαντος
2676 2180 2842 2250 αὐτὴν
2871 2182 2989 2234 κατ’
3019 2181 3192 2252 ἀρχὰς
3221 2183 3520 2253 ἀρχιτέχνα
3552 2181 3702 2245 Θεοῦ,
3737 2181 3804 2244 ὼς

2241 2273 2443 2339 γνῶναι
2499 2274 2627 2343 ἡμῖν
2667 2272 2899 2341 ἐφίεται,
2947 2273 3006 2338 ἐξ
3039 2267 3112 2327 ὧν
3145 2274 3407 2345 ἐξέφηναν
3445 2269 3620 2329 οὗτοι⁶
3663 2272 3800 2328 ἰώδο

2249 2383 2265 2414 ι
2300 2364 2522 2435 Πνεῦμα
2557 2363 2718 2430 θεῖον,
2749 2364 2810 2417 τὸ
2836 2365 3067 2436 ποιῆσάν
3100 2381 3197 2437 με’
3233 2367 3368 2436 πνοὴ
3404 2367 3462 2420 δὲ
3512 2363 3806 2436 παντοκρά-

2243 2474 2418 2528 τορος,
2453 2457 2831 2528 ήδιδάσκουσά
2864 2475 2954 2528 με.
2997 2477 3014 2510 t
3068 2459 3230 2512 Δαυῖδ
3266 2462 3324 2513 ὲν
3360 2460 3460 2531 μὲν
3490 2467 3573 2531 ργ¹
3598 2456 3804 2528 ψαλμῷ,

2252 2567 2271 2601 ι
2309 2549 2715 2614 Ἐξαποστελεῖς
2749 2549 2811 2602 τὸ
2847 2550 3071 2620 Πνεῦμά
3117 2569 3230 2616 σαυ,
3269 2551 3364 2604 καὶ
3417 2551 3806 2622 κτισθήσονται,

2247 2643 2341 2696 καὶ
2370 2644 2703 2705 ἀνακαινιεῖς
2741 2642 2800 2695 τὸ
2835 2643 3120 2713 πρόσωπον
3172 2643 3272 2712 τῆς
3308 2643 3432 2714 γῆς.
3479 2663 3498 2695 t
3531 2641 3697 2695 Τοῦτο
3729 2638 3808 2708 βε-

2245 2734 2389 2788 ϐαιοῖ
2420 2737 2448 2789 ὁ
2488 2733 2826 2799 Ἀπόστολος,
2859 2735 3084 2807 γράφων
3114 2734 3422 2806 Κορινθίοις
3455 2735 3516 2788 τὸ
3541 2732 3805 2803 δεύῖξρονο

2250 2847 2268 2880 ι
2307 2831 2468 2881 Ὥστε
2512 2830 2565 2881 εἰ
2595 2846 2680 2892 τις
2720 2831 2775 2880 ὲν
2811 2826 3051 2899 Χριστῷ,
3089 2825 3249 2898 καινὴ
3277 2826 3486 2890 κτίσις·
3523 2826 3591 2878 τά
3625 2824 3809 2895 ἀρχαῖα

2245 2919 2545 2992 παρῆλθεν,
2577 2920 2684 2972 ἰδοὺ
2715 2919 2904 2988 γέγονε
2931 2917 3094 2971 καινά
3119 2917 3189 2971 τά
3216 2917 3415 2972 πάντα.
3448 2937 3466 2968 t
3515 2918 3603 2969 Ἐν
3649 2916 3701 2968 δὲ
3740 2909 3808 2981 λβ¹

2243 3020 2478 3092 ψαλμῷο
2523 3039 2542 3072 ι
2580 3019 2672 3090 Τῷ
2711 3020 2868 3090 Λόγῳ
2900 3019 3104 3090 Κυρίου
3138 3021 3186 3072 οἱ
3223 3019 3442 3090 οὐρανοὶ
3489 3015 3812 3088 ἐστερεώθη-

2169 3155 2211 3212 C
2248 3142 2367 3188 σαν,
2403 3125 2496 3178 καὶ
2533 3122 2611 3193 τῷ
2645 3123 2922 3193 Πνεύματι
2950 3121 3042 3174 τοῦ
3073 3120 3336 3192 στόματος
3370 3120 3540 3174 αὐτοῦ
3569 3121 3733 3173 πᾶσαι
3763 3117 3811 3171 αἱ

2244 3228 2502 3298 δυνάμεις
2563 3226 2758 3280 αὐτῶν.
2816 3245 2834 3278 t
2894 3224 2978 3296 Μὴ
3047 3225 3412 3296 παραδράμῃς
3474 3225 3544 3278 τά
3605 3224 3814 3278 αὐτόθεν

2245 3318 2538 3372 ἀκούεσθαι
2569 3317 2840 3386 δυνάμενα
2861 3334 2874 3346 ·
2913 3317 3025 3369 ἀλλ’
3060 3316 3157 3381 ῐδε,
3193 3317 3387 3388 ὅτιπερ
3439 3316 3518 3380 ὼς
3561 3316 3812 3388 δημιουρ-

2245 3421 2340 3489 γὸς
2367 3420 2461 3474 καὶ
2489 3417 2691 3487 ἀγαθὸς
2720 3417 2855 3483 Θεὸς
2880 3418 3054 3489 μένων
3098 3419 3178 3482 εἰς
3217 3418 3304 3471 ἀεὶ
3344 3418 3404 3472 τὸ
3459 3419 3688 3490 Πνεῦμα
3729 3414 3815 3468 τοῦ

2243 3525 2401 3590 Θεοῦ,
2427 3524 2610 3595 φιλίαν
2635 3524 2859 3595 μόνιμον
2886 3528 2954 3596 τῇ
2988 3525 3162 3579 κτίσει
3205 3530 3456 3597 χορηγεῖ,
3489 3527 3586 3582 καὶ
3615 3525 3816 3586 ἀλύτοις

2242 3629 2410 3702 αὐτὴν
2446 3629 2664 3700 ἔσφιγξε
2709 3629 2948 3700 δεσμοῖς,
2996 3631 3089 3684 καὶ
3116 3631 3349 3703 ἦδρασεν
3401 3634 3815 3692 ἀκατάσειστον,

2242 3724 2338 3777 καὶ
2369 3722 2548 3776 πάντα
2579 3725 2645 3794 τῇ
2680 3721 2873 3775 ἑαυτοῦ
2896 3723 3118 3793 δυνάμει
3146 3723 3390 3795 στηρίξει
3409 3741 3426 3754 ·
3468 3725 3566 3780 καὶ
3598 3726 3682 3780 ὅτι
3703 3722 3819 3778 ἀθέ-

2245 3815 2397 3887 μιτόν
2427 3817 2541 3868 ἐστι
2571 3814 2774 3885 κτίσμα
2806 3814 2991 3869 καλεῖν
3031 3817 3091 3868 τὸ
3128 3816 3310 3881 κτίζον
3353 3819 3460 3899 καί
3495 3814 3820 3888 ἑνδυναμοῦν

2244 3903 2338 3956 τοῦ
2380 3901 2512 3956 Θεοῦ
2545 3900 2616 3954 τὰ
2656 3904 2945 3972 κτίσματα.
2977 3905 3244 3976 Συνεργὸν
3274 3907 3381 3979 γὰρ
3411 3910 3514 3962 καὶ
3547 3907 3820 3981 ὁμοούσιον

2315 4013 2428 4090 (Ἱξ)
2469 4013 2706 4066 Emittes.
2733 4014 2874 4068 Psal.
2902 4030 3018 4090 cit},
3042 4031 3184 4090 vers.
3209 4019 3268 4090 51
3305 4019 3420 4090 (seu
3461 4021 3578 4090 50).
3618 4021 3820 4076 lnlihro

2245 4085 2320 4139 De
2373 4083 2466 4148 Sp.
2509 4095 2686 4136 sancto
2738 4101 2886 4137 uutn.
2929 4087 3019 4150 52,
3071 4087 3160 4140 ubi
3223 4083 3321 4142 hic'
3355 4083 3640 4146 locus'his
3676 4092 3822 4144 alier-

2244 4166 2353 4221 tur,
2402 4153 2558 4234 paulo
2597 4153 2754 4234 aliter
2785 4154 3004 4234 .legisse
3042 4157 3310 4212 videbitur
3347 4159 3637 4234 Didymus,
3670 4162 3728 4228 {si
3756 4161 3818 4234 _in

2240 4222 2660 4296 exemplariunr
2691 4224 2830 4293 typis
2867 4222 3277 4296 iiutpressorum
3332 4222 3683 4284 auctoritate
3726 4230 3822 4283 sis-

2242 4303 2436 4367 tamus.
2476 4292 2549 4345 Ea
2577 4293 2718 4367 enim
2753 4292 2870 4367 pro,
2919 4315 2937 4346 ι
2969 4292 3205 4360 emittes,
3236 4316 3254 4348 ι
3283 4297 3487 4354 habent
3519 4302 3819 4367 utrobique,

2244 4363 2497 4438 remitte.
2531 4380 2550 4413 ι
2603 4364 2673 4415 At
2712 4363 2882 4438 codex
2932 4374 3113 4419 noster
3177 4382 3279 4421 ms.
3343 4372 3607 4435 quamvis
3654 4363 3823 4438 priore

2240 4433 2371 4504 loco)
2398 4431 2589 4486 habeat
2628 4436 2904 4504 mendose,
2963 4444 3019 4488 ιιι
3085 4450 3226 4501 reor,
3269 4454 3288 4487 ι
3328 4431 3545 4504 eiuitte,
3581 4460 3599 4491 ι
3642 4431 3693 4493 in
3747 4453 3820 4490 se.

558 4499 838 4590 existis;
867 4499 1160 4582 tessera]
1193 4499 1779 4590 agi".",3-.;s;'s..“;;;i";
1813 4499 2130 4590 servas,
2167 4499 2210 4554 ι)
2237 4503 2412 4590 ςυνέίρ
2440 4513 2624 4590 ﬁt}???
2660 4502 2842 4590 fialis!
2891 4505 3182 4590 (emittes-
3213 4499 3395 4590 ζξθίι
3440 4499 3561 4590 ipsa
3619 4509 3822 4590 υῐείῃιιὶ

558 4589 659 4661 i_nt.
688 4587 839 4661 degit
895 4601 950 4644 ιιι
987 4591 1258 4661 Didymus.
1302 4587 1522 4661 Deintnn
1551 4609 1610 4646 ea
1641 4592 1805 4646 editio
1847 4590 2012 4661 habet
2055 4588 2138 4658 τῷ.

557 4657 858 4730 Πνεύματι.
885 4662 977 4713 sed
1003 4657 1287 4714 articulum
1318 4660 1576 4716 omissqu
1607 4663 1695 4716 hic
1733 4676 1860 4730 puto
1903 4677 1932 4714 a
1964 4657 2131 4713 libra-

557 4729 755 4800 riotex
781 4731 889 4800 his,
925 4744 1045 4796 qua:
1070 4732 1177 4785 dixi
1209 4732 1260 4784 iit
1287 4739 1398 4784 not.
1435 4731 1503 4800 ad
1534 4746 1654 4800 pag.
1689 4729 1777 4785 ιε.

630 4797 1052 4872 (76)Supremus
1105 4802 1449 4872 architectus:
1489 4797 1546 4855 lu
1589 4800 1800 4864 Grteco,
1841 4799 2135 4872 ἀρχιτέχνα

555 4865 733 4940 Θεοῦ,
783 4867 936 4937 cujus
1000 4871 1307 4935 locutionis,
1363 4869 1776 4940 inllexioniSqne
1839 4865 1945 4924 νῆ’(
1986 4865 2132 4923 aliud

556 4938 983 5010 mihi_hactenus
1007 4941 1246 4994 occurrit
1281 4939 1605 5010 exemplum.
1663 4938 1742 4996 Eo
1797 4951 1975 4994 autem
2019 4956 2134 4993 mo-

557 5006 627 5062 do
661 5007 860 5082 _Deunt
913 5019 1069 5063 vocat
1118 5006 1478 5082 dtpxt'réxvav',
1537 5022 1649 5074 aut,
1707 5013 1751 5066 si
1801 5010 1976 5072 malis,
2035 5009 2134 5082 ἀρ-

555 5077 846 5148 χιτὲχνην,
892 5093 1012 5150 quo
1083 5077 1504 5134 viles‘ar't'ilices
1567 5082 1817 5134 dicuntur
1879 5077 2134 5150 μικροτέ-

555 5147 680 5217 χναι
707 5163 720 5176 ⁸
756 5162 863 5216 quo
890 5147 1156 5203 Pindarus
1189 5153 1328 5218 apud
1361 5150 1706 5204 Plutarchum
1737 5152 1827 5205 lib.
1873 5147 1908 5203 tt
1942 5147 2018 5202 De
2045 5167 2134 5201 ιιαοτ

554 5229 707 5289 tura,
733 5228 786 5271 et
839 5218 979 5289 apud
1015 5218 1348 5274 Clementem
1392 5220 1812 5275 Alexandrinum
1857 5222 1953 5280 ait,
2008 5220 2131 5289 ἀρι-

556 5287 814 5360 στοτέχνα
843 5287 1026 5360 Πάτερ
1046 5304 1060 5316 ·
1089 5303 1194 5360 quo
1241 5291 1365 5343 alibi
1416 5290 1642 5360 legitur,
1690 5293 1718 5344 ὁ
1749 5287 2133 5360 ἀριστοτέχνας

554 5355 768 5426 Πατήρ.
830 5357 954 5410 alibi
995 5355 1589 5430 'verodptc'rotréxvﬁr
1631 5375 1738 5428 quo
1787 5355 1925 5430 apud
1986 5355 2132 5413 Ᾱίιιι-

552 5437 831 5501 (ιι-εοιιιειη
867 5427 1107 5501 nonnulli
1143 5428 1323 5498 legunt
1360 5427 1682 5501 καλλιτεχνα
1725 5427 2002 5501 τόρευσον,
2039 5445 2132 5497 pro

553 5495 695 5568 καλὴ
726 5497 892 5564 τέχνα
927 5495 1217 5568 τόρευσονῖ
1254 5515 1359 5566 quo
1402 5495 1614 5554 demurii
1655 5502 1724 5554 ab
1756 5495 2054 5568 Epiphanio
2081 5501 2134 5551 in

553 5567 1004 5646 Ancltgraloicap.
1023 5568 1116 5632 28,
1143 5567 1312 5624 Filius
1358 5580 1578 5646 vocatur
1601 5573 1644 5646 Δὁ
1674 5567 1999 5643 ἀρχιτέχνης
2029 5570 2133 5622 Λό-

1358 5641 1458 5668 ἶΓ.ιν
1494 5642 1529 5668 υ

553 5651 673 5703 γος.
708 5637 759 5688 id
798 5645 930 5718 est}
965 5652 1246 5706 supremus
1268 5637 1460 5692 artifex
1494 5637 1812 5722 Verbum.)
1867 5637 1899 5643 ’⁷
1957 5637 1965 5640 “

622 5703 735 5776 (77)
774 5705 1158 5781 §3mlus-__._lob
1201 5725 1398 5775 xum,
1434 5709 1488 5764 4.
1524 5711 1786 5768 theuot.
1815 5711 2047 5781 5i,pag.
2079 5708 2132 5776 7,

551 5782 606 5839 ct
634 5774 744 5832 not.
771 5774 862 5844 23,
891 5794 1010 5848 pag.
1027 5778 1116 5833 57.

2237 4573 2400 4646 verba
2436 4568 2628 4646 afferre
2660 4570 2850 4646 inutile
2871 4589 2973 4646 non
3001 4577 3128 4628 erit.
3163 4593 3180 4625 ι
3210 4575 3276 4630 Ει
3301 4577 3351 4629 in
3383 4568 3606 4646 psalmo
3635 4582 3702 4633 ad
3729 4568 3826 4632 Do-

2237 4644 2444 4714 minunt
2472 4643 2674 4714 dicitur
2703 4657 2718 4694 :
2756 4661 2774 4692 ‹
2811 4644 3036 4698 Auferes
3064 4649 3132 4698 ab
3161 4647 3241 4700 eis
3266 4643 3533 4714 Spiritum
3569 4660 3744 4711 tuum,
3773 4656 3826 4700 et

2239 4731 2259 4763 ι
2297 4711 2566 4773 deﬁcient,
2589 4712 2714 4766 etin
2751 4721 2948 4766 terram
2983 4729 3133 4767 suam
3180 4711 3529 4772 revertentur
3577 4738 3592 4773 :
3641 4720 3824 4772 emitte

2238 4801 2256 4832 ι
2302 4781 2571 4850 Spiritum
2592 4790 2757 4850 tuum,
2791 4791 2844 4834 et
2877 4785 3223 4848 creabuutur,
3253 4789 3621 4843 etrenovahis
3637 4790 3822 4843 faciem

2239 4871 2268 4925 ch
2299 4849 2473 4925 terra},
2510 4869 2529 4902 ο
2559 4849 2670 4904 Nec
2702 4852 2902 4925 mirum
2942 4853 2983 4905 si
3019 4853 3280 4925 Dominici
3321 4866 3536 4909 tantum
3583 4859 3824 4925 corporis

2239 4922 2468 4996 Spiritus
2495 4932 2716 4996 sanctus
2748 4923 2995 4976 conditor
3019 4923 3110 4984 sit,
3143 4940 3264 4996 cum
3291 4925 3436 4979 Patri
3466 4922 3723 4996 Filioque
3743 4943 3824 4980 so-

2235 4994 2430 5066 ciatus,
2466 4992 2656 5066 eadeﬂnt
2690 5001 2951 5066 potesta_t_e
2982 4995 3247 5066 creaverit
3268 4996 3476 5066 omnia,
3507 4992 3645 5066 quae
3667 4997 3824 5050 Pater

2236 5063 2459 5122 creavit,
2487 5069 2540 5114 et
2579 5060 2746 5116 Filius
2778 5079 2790 5113 ι
2832 5080 2851 5113 ‹
2884 5061 3078 5134 Emitte
3113 5081 3132 5114 t
3168 5068 3331 5134 enim,
3359 5065 3460 5128 ait,
3502 5060 3540 5118 ι’
3562 5069 3821 5134 Spiritum

2241 5148 2259 5181 ι
2306 5141 2472 5196 tuum,
2527 5140 2580 5185 et
2608 5133 2953 5185 creabuntur.
2997 5131 3116 5185 tlta
3173 5133 3224 5186 in
3278 5136 3437 5188 editis
3481 5131 3692 5192 libris:
3734 5138 3820 5189 sed

2237 5213 2505 5269 postrema
2539 5202 2651 5253 ltasc
2682 5203 2880 5255 rectius
2932 5215 2996 5255 ex
3044 5213 3196 5270 parte
3233 5205 3448 5268 saltent,
3493 5216 3554 5259 ut
3589 5209 3817 5266 videtur,

2236 5275 2287 5322 in
2336 5284 2400 5322 eo
2441 5286 2595 5336 quem
2628 5272 2734 5324 dixi
2766 5272 2949 5325 codice
2981 5289 2994 5324 :
3033 5289 3052 5321 ι
3092 5270 3202 5327 Nec
3225 5275 3414 5327 tnirum
3447 5277 3501 5331 si
3555 5277 3819 5331 Dominici

2239 5351 2443 5392 tantum
2473 5344 2729 5409 corporis
2761 5342 2994 5409 Spiritus
3027 5354 3246 5397 sanctus
3273 5346 3550 5409 conditor,
3592 5348 3666 5401 sit
3701 5361 3818 5398 cum

2236 5409 2393 5462 Patre
2448 5408 2690 5478 Filioque
2743 5408 2978 5464 sociatus
3017 5427 3029 5462 :
3067 5427 3187 5466 cum
3217 5415 3403 5468 eadem
3442 5408 3600 5469 creet
3640 5415 3817 5468 omnia

2237 5478 2546 5555 qumPater
2573 5483 2801 5545 creavit,
2826 5491 2879 5532 et
2924 5481 3107 5555 Filius.
3151 5500 3170 5533 ι
3199 5482 3422 5538 Entittes
3458 5503 3479 5536 ι
3516 5488 3697 5555 enim,
3725 5484 3817 5546 ait,

2242 5567 2260 5598 ι
2291 5550 2545 5614 Spiritum
2571 5561 2741 5610 tuum,
2786 5552 3204 5605 etcreahuntnr.
3250 5572 3268 5604 t

2307 5619 2417 5687 (79)
2460 5617 2664 5688 itaque.
2699 5619 2737 5670 ΙΙ
2771 5623 2835 5672 ad
2869 5621 2994 5673 Cur.
3031 5635 3081 5686 v,
3115 5621 3200 5674 17.

2308 5686 2420 5758 (80)
2475 5686 2653 5743 Verbo.
2681 5690 2819 5745 Psal.
2854 5706 3027 5757 xuii,
3067 5706 3203 5746 vers.
3232 5691 3283 5746 6.
