  <div class='ocr_page' id='page_1' title='image "/cluster/home/n/w/nwhite01/storage/ocr_20150623/39/hvd.32044037979440/294.png"; bbox 0 0 4082 6406; ppageno 0'>
   <div class='ocr_carea' id='block_1_1' title="bbox 300 349 405 406">
    <p class='ocr_par' dir='ltr' id='par_1_1' title="bbox 300 349 405 406">
     <span class='ocr_line' id='line_1_1' title="bbox 300 349 405 406; baseline -0.019 0"><span class='ocrx_word' id='word_1_1' title='bbox 300 349 405 406; x_wconf 74' lang='lat'><strong>563</strong></span> 
     </span>
    </p>
   </div>
   <div class='ocr_carea' id='block_1_2' title="bbox 1329 348 2500 409">
    <p class='ocr_par' dir='ltr' id='par_1_2' title="bbox 1329 348 2500 409">
     <span class='ocr_line' id='line_1_2' title="bbox 1329 348 2500 409; baseline 0.006 -7"><span class='ocrx_word' id='word_1_2' title='bbox 1329 348 1416 403; x_wconf 84' lang='lat' dir='ltr'><strong>DE</strong></span> <span class='ocrx_word' id='word_1_3' title='bbox 1456 349 1832 406; x_wconf 68' lang='lat' dir='ltr'><strong>TRlNITATE</strong></span> <span class='ocrx_word' id='word_1_4' title='bbox 1870 352 2075 407; x_wconf 80' lang='lat' dir='ltr'><strong>LIBER</strong></span> <span class='ocrx_word' id='word_1_5' title='bbox 2115 351 2500 409; x_wconf 62' lang='lat' dir='ltr'><strong>SECUNDUS.</strong></span> 
     </span>
    </p>
   </div>
   <div class='ocr_carea' id='block_1_3' title="bbox 3451 361 3556 424">
    <p class='ocr_par' dir='ltr' id='par_1_3' title="bbox 3451 361 3556 424">
     <span class='ocr_line' id='line_1_3' title="bbox 3451 361 3556 424; baseline 0.067 -7"><span class='ocrx_word' id='word_1_6' title='bbox 3451 361 3556 424; x_wconf 66' lang='lat' dir='ltr'><strong>suo</strong></span> 
     </span>
    </p>
   </div>
   <div class='ocr_carea' id='block_1_4' title="bbox 301 463 1883 535">
    <p class='ocr_par' dir='ltr' id='par_1_4' title="bbox 301 463 1878 535">
     <span class='ocr_line' id='line_1_4' title="bbox 301 463 1878 535; baseline -0.001 -17"><span class='ocrx_word' id='word_1_7' title='bbox 301 464 429 518; x_wconf 72' lang='grc' dir='ltr'>αὐτὸ</span> <span class='ocrx_word' id='word_1_8' title='bbox 453 464 530 535; x_wconf 81' lang='grc' dir='ltr'><strong>τῷ</strong></span> <span class='ocrx_word' id='word_1_9' title='bbox 565 464 704 534; x_wconf 85' lang='grc' dir='ltr'>Θεῷ,</span> <span class='ocrx_word' id='word_1_10' title='bbox 727 464 820 518; x_wconf 77' lang='grc' dir='ltr'>ἆτε</span> <span class='ocrx_word' id='word_1_11' title='bbox 848 463 1068 535; x_wconf 85' lang='grc' dir='ltr'>Πνεῦμα</span> <span class='ocrx_word' id='word_1_12' title='bbox 1094 463 1256 520; x_wconf 74' lang='grc' dir='ltr'>αὐτοῦ</span> <span class='ocrx_word' id='word_1_13' title='bbox 1297 465 1390 518; x_wconf 69' lang='grc' dir='ltr'><strong>καὶ</strong></span> <span class='ocrx_word' id='word_1_14' title='bbox 1418 465 1694 528; x_wconf 82' lang='grc' dir='ltr'>δάκτυλον,</span> <span class='ocrx_word' id='word_1_15' title='bbox 1721 467 1796 528; x_wconf 80' lang='grc' dir='ltr'>ὡς</span> <span class='ocrx_word' id='word_1_16' title='bbox 1822 467 1878 517; x_wconf 88' lang='grc' dir='ltr'><strong>ἐν</strong></span> 
     </span>
    </p>
   </div>
   <div class='ocr_carea' id='block_1_5' title="bbox 1988 463 3552 535">
    <p class='ocr_par' dir='ltr' id='par_1_5' title="bbox 1988 466 3552 535">
     <span class='ocr_line' id='line_1_5' title="bbox 1988 466 3552 535; baseline 0.007 -18"><span class='ocrx_word' id='word_1_17' title='bbox 1988 466 2154 535; x_wconf 81' lang='lat' dir='ltr'><strong>ipsius</strong></span> <span class='ocrx_word' id='word_1_18' title='bbox 2189 468 2427 535; x_wconf 87' lang='lat' dir='ltr'><strong>potentia</strong></span> <span class='ocrx_word' id='word_1_19' title='bbox 2472 468 2630 520; x_wconf 81' lang='lat' dir='ltr'><strong>rebus</strong></span> <span class='ocrx_word' id='word_1_20' title='bbox 2665 467 2916 522; x_wconf 86' lang='lat' dir='ltr'><strong>omnibus</strong></span> <span class='ocrx_word' id='word_1_21' title='bbox 2948 471 3135 525; x_wconf 85' lang='lat' dir='ltr'><strong>tribuit</strong></span> <span class='ocrx_word' id='word_1_22' title='bbox 3161 472 3508 528; x_wconf 83' lang='lat' dir='ltr'><strong>stabilitatem</strong></span> <span class='ocrx_word' id='word_1_23' title='bbox 3535 495 3552 533; x_wconf 90' lang='lat'>:</span> 
     </span>
    </p>
   </div>
   <div class='ocr_carea' id='block_1_6' title="bbox 298 554 1880 628">
    <p class='ocr_par' dir='ltr' id='par_1_6' title="bbox 298 554 1880 628">
     <span class='ocr_line' id='line_1_6' title="bbox 298 554 1880 628; baseline 0.001 -22"><span class='ocrx_word' id='word_1_24' title='bbox 298 555 374 624; x_wconf 81' lang='grc' dir='ltr'>τῷ</span> <span class='ocrx_word' id='word_1_25' title='bbox 401 554 604 626; x_wconf 75' lang='grc' dir='ltr'>πρώτῳ</span> <span class='ocrx_word' id='word_1_26' title='bbox 636 555 846 626; x_wconf 74' lang='grc' dir='ltr'>ἐδείχθη</span> <span class='ocrx_word' id='word_1_27' title='bbox 877 556 1085 627; x_wconf 79' lang='grc' dir='ltr'>βιϐλίῳ,</span> <span class='ocrx_word' id='word_1_28' title='bbox 1107 556 1198 628; x_wconf 68' lang='lat'><strong>[83</strong></span> <span class='ocrx_word' id='word_1_29' title='bbox 1223 555 1278 628; x_wconf 77' lang='grc' dir='ltr'>α]</span> <span class='ocrx_word' id='word_1_30' title='bbox 1305 556 1579 626; x_wconf 76' lang='grc' dir='ltr'><strong>μυστικῶς</strong></span> <span class='ocrx_word' id='word_1_31' title='bbox 1603 557 1880 628; x_wconf 81' lang='grc' dir='ltr'>παριστῶν</span> 
     </span>
    </p>
   </div>
   <div class='ocr_carea' id='block_1_7' title="bbox 298 645 1880 718">
    <p class='ocr_par' dir='ltr' id='par_1_7' title="bbox 298 645 1880 718">
     <span class='ocr_line' id='line_1_7' title="bbox 298 645 1880 718; baseline -0.004 -13"><span class='ocrx_word' id='word_1_32' title='bbox 298 647 354 698; x_wconf 79' lang='grc' dir='ltr'><strong>ὲν</strong></span> <span class='ocrx_word' id='word_1_33' title='bbox 385 653 432 716; x_wconf 82' lang='grc' dir='ltr'><strong>η’</strong></span> <span class='ocrx_word' id='word_1_34' title='bbox 456 645 658 716; x_wconf 67' lang='grc' dir='ltr'>ψαλμῷ</span> <span class='ocrx_word' id='word_1_35' title='bbox 692 648 1052 717; x_wconf 65' lang='grc' dir='ltr'>προφητεύει·</span> <span class='ocrx_word' id='word_1_36' title='bbox 1091 666 1109 697; x_wconf 74' lang='grc' dir='ltr'><strong>ι</strong></span> <span class='ocrx_word' id='word_1_37' title='bbox 1146 648 1266 700; x_wconf 74' lang='grc' dir='ltr'>Ὀτι</span> <span class='ocrx_word' id='word_1_38' title='bbox 1311 647 1512 717; x_wconf 56' lang='grc' dir='ltr'>ὂψομαι</span> <span class='ocrx_word' id='word_1_39' title='bbox 1561 649 1687 709; x_wconf 71' lang='grc' dir='ltr'>τοὺς</span> <span class='ocrx_word' id='word_1_40' title='bbox 1719 649 1880 718; x_wconf 80' lang='grc' dir='ltr'>ούρα-</span> 
     </span>
    </p>
   </div>
   <div class='ocr_carea' id='block_1_8' title="bbox 297 737 1880 809">
    <p class='ocr_par' dir='ltr' id='par_1_8' title="bbox 297 737 1880 809">
     <span class='ocr_line' id='line_1_8' title="bbox 297 737 1880 809; baseline -0.001 -18"><span class='ocrx_word' id='word_1_41' title='bbox 297 739 442 800; x_wconf 79' lang='grc' dir='ltr'>νοῦς,</span> <span class='ocrx_word' id='word_1_42' title='bbox 475 737 616 809; x_wconf 77' lang='grc' dir='ltr'>ἔργα</span> <span class='ocrx_word' id='word_1_43' title='bbox 646 737 754 791; x_wconf 85' lang='grc' dir='ltr'><strong>τῶν</strong></span> <span class='ocrx_word' id='word_1_44' title='bbox 784 738 1060 792; x_wconf 77' lang='grc' dir='ltr'><strong>δακτύλων</strong></span> <span class='ocrx_word' id='word_1_45' title='bbox 1092 757 1204 793; x_wconf 90' lang='grc' dir='ltr'>σου.</span> <span class='ocrx_word' id='word_1_46' title='bbox 1245 759 1262 790; x_wconf 76' lang='grc' dir='ltr'><strong>ι</strong></span> <span class='ocrx_word' id='word_1_47' title='bbox 1303 740 1409 791; x_wconf 80' lang='grc' dir='ltr'>Καὶ</span> <span class='ocrx_word' id='word_1_48' title='bbox 1457 739 1696 806; x_wconf 80' lang='grc' dir='ltr'>Μωῦσῆς</span> <span class='ocrx_word' id='word_1_49' title='bbox 1727 739 1782 790; x_wconf 80' lang='grc' dir='ltr'><strong>δὲ</strong></span> <span class='ocrx_word' id='word_1_50' title='bbox 1824 740 1880 790; x_wconf 84' lang='grc' dir='ltr'><strong>ἐν</strong></span> 
     </span>
    </p>
   </div>
   <div class='ocr_carea' id='block_1_9' title="bbox 296 827 1882 900">
    <p class='ocr_par' dir='ltr' id='par_1_9' title="bbox 296 827 1882 900">
     <span class='ocr_line' id='line_1_9' title="bbox 296 827 1882 900; baseline 0.001 -21"><span class='ocrx_word' id='word_1_51' title='bbox 296 832 365 899; x_wconf 77' lang='grc' dir='ltr'>τῇ</span> <span class='ocrx_word' id='word_1_52' title='bbox 393 829 633 891; x_wconf 81' lang='grc' dir='ltr'>Γενὲσει,</span> <span class='ocrx_word' id='word_1_53' title='bbox 661 828 768 880; x_wconf 83' lang='grc' dir='ltr'><strong>ἀπὸ</strong></span> <span class='ocrx_word' id='word_1_54' title='bbox 796 829 886 880; x_wconf 87' lang='grc' dir='ltr'><strong>τοῦ</strong></span> <span class='ocrx_word' id='word_1_55' title='bbox 927 829 1061 882; x_wconf 88' lang='grc' dir='ltr'>Θεοῦ</span> <span class='ocrx_word' id='word_1_56' title='bbox 1092 830 1184 882; x_wconf 69' lang='grc' dir='ltr'><strong>καὶ</strong></span> <span class='ocrx_word' id='word_1_57' title='bbox 1213 829 1444 900; x_wconf 84' lang='grc' dir='ltr'>Πατρὸς,</span> <span class='ocrx_word' id='word_1_58' title='bbox 1477 827 1611 899; x_wconf 85' lang='grc' dir='ltr'>πρὸς</span> <span class='ocrx_word' id='word_1_59' title='bbox 1635 827 1726 880; x_wconf 87' lang='grc' dir='ltr'><strong>τὸν</strong></span> <span class='ocrx_word' id='word_1_60' title='bbox 1758 828 1882 880; x_wconf 79' lang='grc' dir='ltr'>Υἰὸν</span> 
     </span>
    </p>
   </div>
   <div class='ocr_carea' id='block_1_10' title="bbox 298 920 1882 993">
    <p class='ocr_par' dir='ltr' id='par_1_10' title="bbox 298 920 1882 993">
     <span class='ocr_line' id='line_1_10' title="bbox 298 920 1882 993; baseline -0.001 -21"><span class='ocrx_word' id='word_1_61' title='bbox 298 920 391 972; x_wconf 70' lang='grc' dir='ltr'>καὶ</span> <span class='ocrx_word' id='word_1_62' title='bbox 414 921 474 972; x_wconf 84' lang='grc' dir='ltr'><strong>τὸ</strong></span> <span class='ocrx_word' id='word_1_63' title='bbox 508 920 664 988; x_wconf 81' lang='grc' dir='ltr'>ἆγιον</span> <span class='ocrx_word' id='word_1_64' title='bbox 689 921 853 974; x_wconf 71' lang='grc' dir='ltr'>αὐτοῦ</span> <span class='ocrx_word' id='word_1_65' title='bbox 889 921 1113 993; x_wconf 86' lang='grc' dir='ltr'>Πνεῦμὰ</span> <span class='ocrx_word' id='word_1_66' title='bbox 1143 937 1304 989; x_wconf 66' lang='grc' dir='ltr'>φησιν</span> <span class='ocrx_word' id='word_1_67' title='bbox 1330 937 1344 948; x_wconf 87' lang='grc'>·</span> <span class='ocrx_word' id='word_1_68' title='bbox 1386 939 1403 970; x_wconf 84' lang='grc' dir='ltr'><strong>ι</strong></span> <span class='ocrx_word' id='word_1_69' title='bbox 1440 920 1759 990; x_wconf 81' lang='grc' dir='ltr'><strong>Ποιήσωμεν</strong></span> <span class='ocrx_word' id='word_1_70' title='bbox 1791 922 1882 974; x_wconf 81' lang='grc' dir='ltr'><strong>ἄν-</strong></span> 
     </span>
    </p>
   </div>
   <div class='ocr_carea' id='block_1_11' title="bbox 302 1009 1880 1081">
    <p class='ocr_par' dir='ltr' id='par_1_11' title="bbox 302 1009 1880 1081">
     <span class='ocr_line' id='line_1_11' title="bbox 302 1009 1880 1081; baseline -0.001 -19"><span class='ocrx_word' id='word_1_71' title='bbox 302 1010 514 1081; x_wconf 78' lang='grc' dir='ltr'>Θρωπον</span> <span class='ocrx_word' id='word_1_72' title='bbox 551 1012 674 1063; x_wconf 73' lang='grc' dir='ltr'>κατ’</span> <span class='ocrx_word' id='word_1_73' title='bbox 705 1012 888 1065; x_wconf 84' lang='grc' dir='ltr'>εἰκόνα</span> <span class='ocrx_word' id='word_1_74' title='bbox 918 1011 1011 1064; x_wconf 79' lang='grc' dir='ltr'><strong>καὶ</strong></span> <span class='ocrx_word' id='word_1_75' title='bbox 1041 1012 1300 1081; x_wconf 86' lang='grc' dir='ltr'>ὁμοίωσιν</span> <span class='ocrx_word' id='word_1_76' title='bbox 1328 1010 1620 1080; x_wconf 81' lang='grc' dir='ltr'><strong>ἡμετέραν,</strong></span> <span class='ocrx_word' id='word_1_77' title='bbox 1653 1009 1745 1061; x_wconf 80' lang='grc' dir='ltr'><strong>καὶ</strong></span> <span class='ocrx_word' id='word_1_78' title='bbox 1779 1009 1880 1081; x_wconf 84' lang='grc' dir='ltr'>ἀρ-</span> 
     </span>
    </p>
   </div>
   <div class='ocr_carea' id='block_1_12' title="bbox 306 1100 1883 1176">
    <p class='ocr_par' dir='ltr' id='par_1_12' title="bbox 306 1100 1883 1176">
     <span class='ocr_line' id='line_1_12' title="bbox 306 1100 1883 1176; baseline -0.002 -22"><span class='ocrx_word' id='word_1_79' title='bbox 306 1103 545 1170; x_wconf 80' lang='grc' dir='ltr'>χέτωσαν</span> <span class='ocrx_word' id='word_1_80' title='bbox 573 1103 686 1156; x_wconf 87' lang='grc' dir='ltr'><strong>τῶν</strong></span> <span class='ocrx_word' id='word_1_81' title='bbox 721 1105 812 1156; x_wconf 77' lang='grc' dir='ltr'><strong>ἐπὶ</strong></span> <span class='ocrx_word' id='word_1_82' title='bbox 835 1105 934 1176; x_wconf 79' lang='grc' dir='ltr'>τῆς</span> <span class='ocrx_word' id='word_1_83' title='bbox 961 1105 1081 1174; x_wconf 81' lang='grc' dir='ltr'>γῆς.</span> <span class='ocrx_word' id='word_1_84' title='bbox 1127 1122 1143 1152; x_wconf 82' lang='grc'><strong>›</strong></span> <span class='ocrx_word' id='word_1_85' title='bbox 1185 1103 1259 1155; x_wconf 85' lang='grc' dir='ltr'><strong>Οὐ</strong></span> <span class='ocrx_word' id='word_1_86' title='bbox 1289 1100 1396 1172; x_wconf 72' lang='grc' dir='ltr'><strong>γὰρ</strong></span> <span class='ocrx_word' id='word_1_87' title='bbox 1423 1101 1707 1170; x_wconf 77' lang='grc' dir='ltr'><strong>ἀγγέλους,</strong></span> <span class='ocrx_word' id='word_1_88' title='bbox 1731 1100 1764 1171; x_wconf 84' lang='grc' dir='ltr'>ἦ</span> <span class='ocrx_word' id='word_1_89' title='bbox 1793 1100 1883 1155; x_wconf 84' lang='grc' dir='ltr'><strong>ἆλ-</strong></span> 
     </span>
    </p>
   </div>
   <div class='ocr_carea' id='block_1_13' title="bbox 306 1190 1883 1267">
    <p class='ocr_par' dir='ltr' id='par_1_13' title="bbox 306 1190 1883 1267">
     <span class='ocr_line' id='line_1_13' title="bbox 306 1190 1883 1267; baseline -0.003 -20"><span class='ocrx_word' id='word_1_90' title='bbox 306 1193 373 1248; x_wconf 85' lang='grc' dir='ltr'><strong>λα</strong></span> <span class='ocrx_word' id='word_1_91' title='bbox 400 1195 685 1267; x_wconf 83' lang='grc' dir='ltr'>πνεύματα</span> <span class='ocrx_word' id='word_1_92' title='bbox 728 1195 886 1250; x_wconf 80' lang='grc' dir='ltr'>ἔλαϐε</span> <span class='ocrx_word' id='word_1_93' title='bbox 934 1192 1463 1265; x_wconf 78' lang='grc' dir='ltr'>συγχειρουργοὺ;,ἢ</span> <span class='ocrx_word' id='word_1_94' title='bbox 1495 1190 1833 1261; x_wconf 82' lang='grc' dir='ltr'>γνωμοδότας</span> <span class='ocrx_word' id='word_1_95' title='bbox 1855 1194 1883 1244; x_wconf 94' lang='lat'><strong>6</strong></span> 
     </span>
    </p>
   </div>
   <div class='ocr_carea' id='block_1_14' title="bbox 307 1279 1884 1359">
    <p class='ocr_par' dir='ltr' id='par_1_14' title="bbox 307 1279 1884 1359">
     <span class='ocr_line' id='line_1_14' title="bbox 307 1279 1884 1359; baseline -0.003 -20"><span class='ocrx_word' id='word_1_96' title='bbox 307 1286 464 1350; x_wconf 81' lang='grc' dir='ltr'>Θεός·</span> <span class='ocrx_word' id='word_1_97' title='bbox 494 1288 684 1359; x_wconf 80' lang='grc' dir='ltr'>ἐπειδὴ</span> <span class='ocrx_word' id='word_1_98' title='bbox 714 1291 741 1342; x_wconf 98' lang='lat'><strong>6</strong></span> <span class='ocrx_word' id='word_1_99' title='bbox 769 1287 954 1350; x_wconf 85' lang='grc' dir='ltr'>δοῦλος</span> <span class='ocrx_word' id='word_1_100' title='bbox 987 1287 1087 1340; x_wconf 87' lang='grc' dir='ltr'><strong>οὑκ</strong></span> <span class='ocrx_word' id='word_1_101' title='bbox 1111 1279 1268 1350; x_wconf 80' lang='grc' dir='ltr'>οἶδεν,</span> <span class='ocrx_word' id='word_1_102' title='bbox 1304 1283 1355 1335; x_wconf 90' lang='grc' dir='ltr'><strong>τί</strong></span> <span class='ocrx_word' id='word_1_103' title='bbox 1386 1285 1530 1336; x_wconf 85' lang='grc' dir='ltr'>ποιεῖ</span> <span class='ocrx_word' id='word_1_104' title='bbox 1559 1281 1722 1336; x_wconf 84' lang='grc' dir='ltr'>αὑτοῦ</span> <span class='ocrx_word' id='word_1_105' title='bbox 1751 1284 1778 1335; x_wconf 93' lang='lat'><strong>6</strong></span> <span class='ocrx_word' id='word_1_106' title='bbox 1806 1283 1884 1334; x_wconf 87' lang='grc' dir='ltr'>δε-</span> 
     </span>
    </p>
   </div>
   <div class='ocr_carea' id='block_1_15' title="bbox 307 1370 1883 1451">
    <p class='ocr_par' dir='ltr' id='par_1_15' title="bbox 307 1370 1883 1451">
     <span class='ocr_line' id='line_1_15' title="bbox 307 1370 1883 1451; baseline -0.004 -21"><span class='ocrx_word' id='word_1_107' title='bbox 307 1379 526 1448; x_wconf 76' lang='grc' dir='ltr'>σπότης.</span> <span class='ocrx_word' id='word_1_108' title='bbox 591 1379 725 1432; x_wconf 80' lang='grc' dir='ltr'><strong>Οὐδὲ</strong></span> <span class='ocrx_word' id='word_1_109' title='bbox 769 1378 1078 1451; x_wconf 84' lang='grc' dir='ltr'>εὑρίσκεται</span> <span class='ocrx_word' id='word_1_110' title='bbox 1140 1374 1357 1428; x_wconf 81' lang='grc' dir='ltr'>πώποτε</span> <span class='ocrx_word' id='word_1_111' title='bbox 1407 1375 1484 1436; x_wconf 89' lang='grc' dir='ltr'><strong>είς</strong></span> <span class='ocrx_word' id='word_1_112' title='bbox 1527 1370 1883 1443; x_wconf 83' lang='grc' dir='ltr'>δημιουργίαν</span> 
     </span>
    </p>
   </div>
   <div class='ocr_carea' id='block_1_16' title="bbox 305 1462 1882 1543">
    <p class='ocr_par' dir='ltr' id='par_1_16' title="bbox 305 1462 1882 1543">
     <span class='ocr_line' id='line_1_16' title="bbox 305 1462 1882 1543; baseline -0.006 -20"><span class='ocrx_word' id='word_1_113' title='bbox 305 1470 748 1543; x_wconf 84' lang='grc' dir='ltr'>συμπαραλαϐὼν</span> <span class='ocrx_word' id='word_1_114' title='bbox 809 1471 1012 1540; x_wconf 81' lang='grc' dir='ltr'>κτίσμα</span> <span class='ocrx_word' id='word_1_115' title='bbox 1063 1466 1228 1539; x_wconf 83' lang='grc' dir='ltr'>(καθά</span> <span class='ocrx_word' id='word_1_116' title='bbox 1281 1463 1443 1518; x_wconf 78' lang='grc' dir='ltr'>Δαυῖδ</span> <span class='ocrx_word' id='word_1_117' title='bbox 1493 1463 1682 1535; x_wconf 69' lang='grc' dir='ltr'>ψάλλει</span> <span class='ocrx_word' id='word_1_118' title='bbox 1717 1464 1776 1516; x_wconf 88' lang='grc' dir='ltr'><strong>ἐν</strong></span> <span class='ocrx_word' id='word_1_119' title='bbox 1804 1462 1882 1533; x_wconf 80' lang='grc' dir='ltr'><strong>λβ’</strong></span> 
     </span>
    </p>
   </div>
   <div class='ocr_carea' id='block_1_17' title="bbox 297 1553 1882 1640">
    <p class='ocr_par' dir='ltr' id='par_1_17' title="bbox 297 1553 1882 1640">
     <span class='ocr_line' id='line_1_17' title="bbox 297 1553 1882 1640; baseline -0.019 -14"><span class='ocrx_word' id='word_1_120' title='bbox 297 1563 530 1634; x_wconf 71' lang='grc' dir='ltr'>ψαλμῷο</span> <span class='ocrx_word' id='word_1_121' title='bbox 571 1581 591 1614; x_wconf 78' lang='grc' dir='ltr'><strong>ι</strong></span> <span class='ocrx_word' id='word_1_122' title='bbox 640 1564 698 1616; x_wconf 89' lang='lat'><strong>&#39;0</strong></span> <span class='ocrx_word' id='word_1_123' title='bbox 737 1562 946 1626; x_wconf 83' lang='grc' dir='ltr'>πλάσας</span> <span class='ocrx_word' id='word_1_124' title='bbox 990 1559 1132 1616; x_wconf 87' lang='grc' dir='ltr'><strong>κατά</strong></span> <span class='ocrx_word' id='word_1_125' title='bbox 1183 1559 1348 1631; x_wconf 87' lang='grc' dir='ltr'>μόνας</span> <span class='ocrx_word' id='word_1_126' title='bbox 1388 1557 1489 1620; x_wconf 79' lang='grc' dir='ltr'>τὰς</span> <span class='ocrx_word' id='word_1_127' title='bbox 1527 1556 1752 1640; x_wconf 59' lang='grc' dir='ltr'>καρδίας</span> <span class='ocrx_word' id='word_1_128' title='bbox 1783 1553 1882 1608; x_wconf 72' lang='grc' dir='ltr'><strong>αὖ..</strong></span> 
     </span>
    </p>
   </div>
   <div class='ocr_carea' id='block_1_18' title="bbox 292 1646 1884 1726">
    <p class='ocr_par' dir='ltr' id='par_1_18' title="bbox 292 1646 1884 1726">
     <span class='ocr_line' id='line_1_18' title="bbox 292 1646 1884 1726; baseline -0.004 -20"><span class='ocrx_word' id='word_1_129' title='bbox 292 1654 440 1706; x_wconf 77' lang='grc' dir='ltr'>τῶν·</span> <span class='ocrx_word' id='word_1_130' title='bbox 476 1675 496 1707; x_wconf 74' lang='grc' dir='ltr'><strong>ι</strong></span> <span class='ocrx_word' id='word_1_131' title='bbox 533 1655 627 1708; x_wconf 74' lang='grc' dir='ltr'><strong>καὶ</strong></span> <span class='ocrx_word' id='word_1_132' title='bbox 647 1656 704 1707; x_wconf 70' lang='grc' dir='ltr'>ἐν</span> <span class='ocrx_word' id='word_1_133' title='bbox 737 1654 880 1726; x_wconf 79' lang='grc' dir='ltr'>ρλή’⁶</span> <span class='ocrx_word' id='word_1_134' title='bbox 919 1671 938 1705; x_wconf 78' lang='grc' dir='ltr'><strong>ι</strong></span> <span class='ocrx_word' id='word_1_135' title='bbox 973 1653 1086 1706; x_wconf 81' lang='grc' dir='ltr'>Οὐκ</span> <span class='ocrx_word' id='word_1_136' title='bbox 1112 1650 1316 1723; x_wconf 84' lang='grc' dir='ltr'>ἐκρύϐη</span> <span class='ocrx_word' id='word_1_137' title='bbox 1348 1649 1407 1702; x_wconf 85' lang='grc' dir='ltr'><strong>τὸ</strong></span> <span class='ocrx_word' id='word_1_138' title='bbox 1434 1647 1622 1702; x_wconf 86' lang='grc' dir='ltr'>ὀστοῦν</span> <span class='ocrx_word' id='word_1_139' title='bbox 1657 1664 1755 1718; x_wconf 91' lang='grc' dir='ltr'><strong>μου</strong></span> <span class='ocrx_word' id='word_1_140' title='bbox 1777 1646 1884 1700; x_wconf 86' lang='grc' dir='ltr'><strong>ἀπὸ</strong></span> 
     </span>
    </p>
   </div>
   <div class='ocr_carea' id='block_1_19' title="bbox 294 1739 1884 1824">
    <p class='ocr_par' dir='ltr' id='par_1_19' title="bbox 294 1739 1884 1824">
     <span class='ocr_line' id='line_1_19' title="bbox 294 1739 1884 1824; baseline -0.005 -25"><span class='ocrx_word' id='word_1_141' title='bbox 294 1745 421 1824; x_wconf 66' lang='grc' dir='ltr'>σοῦ,</span> <span class='ocrx_word' id='word_1_142' title='bbox 470 1746 500 1799; x_wconf 79' lang='grc' dir='ltr'><strong>ὃ</strong></span> <span class='ocrx_word' id='word_1_143' title='bbox 541 1747 800 1817; x_wconf 82' lang='grc' dir='ltr'>ἐποίησας</span> <span class='ocrx_word' id='word_1_144' title='bbox 833 1747 890 1799; x_wconf 84' lang='grc' dir='ltr'><strong>ἐν</strong></span> <span class='ocrx_word' id='word_1_145' title='bbox 921 1746 1125 1817; x_wconf 76' lang='grc' dir='ltr'>κρυφῇ.</span> <span class='ocrx_word' id='word_1_146' title='bbox 1177 1762 1194 1794; x_wconf 75' lang='grc' dir='ltr'><strong>ι</strong></span> <span class='ocrx_word' id='word_1_147' title='bbox 1237 1743 1346 1796; x_wconf 74' lang='grc' dir='ltr'>Καὶ</span> <span class='ocrx_word' id='word_1_148' title='bbox 1393 1742 1468 1803; x_wconf 84' lang='grc' dir='ltr'>ὡς</span> <span class='ocrx_word' id='word_1_149' title='bbox 1501 1739 1710 1802; x_wconf 79' lang='grc' dir='ltr'>Παῦλος</span> <span class='ocrx_word' id='word_1_150' title='bbox 1752 1740 1884 1791; x_wconf 85' lang='grc' dir='ltr'><strong>Ῥω-</strong></span> 
     </span>
    </p>
   </div>
   <div class='ocr_carea' id='block_1_20' title="bbox 291 1830 1880 1908">
    <p class='ocr_par' dir='ltr' id='par_1_20' title="bbox 291 1830 1880 1908">
     <span class='ocr_line' id='line_1_20' title="bbox 291 1830 1880 1908; baseline -0.004 -20"><span class='ocrx_word' id='word_1_151' title='bbox 291 1839 483 1908; x_wconf 85' lang='grc' dir='ltr'>μαίοις</span> <span class='ocrx_word' id='word_1_152' title='bbox 517 1839 751 1908; x_wconf 68' lang='grc' dir='ltr'>γράφει·</span> <span class='ocrx_word' id='word_1_153' title='bbox 784 1857 801 1888; x_wconf 74' lang='grc' dir='ltr'><strong>ι</strong></span> <span class='ocrx_word' id='word_1_154' title='bbox 838 1838 934 1901; x_wconf 84' lang='grc' dir='ltr'><strong>Τίς</strong></span> <span class='ocrx_word' id='word_1_155' title='bbox 983 1837 1092 1908; x_wconf 78' lang='grc' dir='ltr'>γὰρ</span> <span class='ocrx_word' id='word_1_156' title='bbox 1129 1835 1269 1904; x_wconf 82' lang='grc' dir='ltr'><strong>ἔγνω</strong></span> <span class='ocrx_word' id='word_1_157' title='bbox 1305 1833 1428 1886; x_wconf 89' lang='grc' dir='ltr'>νοῦν</span> <span class='ocrx_word' id='word_1_158' title='bbox 1462 1830 1698 1904; x_wconf 73' lang='grc' dir='ltr'>κυρίους</span> <span class='ocrx_word' id='word_1_159' title='bbox 1738 1830 1880 1901; x_wconf 84' lang='grc' dir='ltr'>ἢτίς</span> 
     </span>
    </p>
   </div>
   <div class='ocr_carea' id='block_1_21' title="bbox 289 1922 1881 2000">
    <p class='ocr_par' dir='ltr' id='par_1_21' title="bbox 289 1922 1881 2000">
     <span class='ocr_line' id='line_1_21' title="bbox 289 1922 1881 2000; baseline -0.006 -18"><span class='ocrx_word' id='word_1_160' title='bbox 289 1929 607 2000; x_wconf 67' lang='grc' dir='ltr'>σύμϐουλος</span> <span class='ocrx_word' id='word_1_161' title='bbox 639 1928 802 1982; x_wconf 80' lang='grc' dir='ltr'>αὑτοῦ</span> <span class='ocrx_word' id='word_1_162' title='bbox 835 1927 1082 1997; x_wconf 73' lang='grc' dir='ltr'>ἐγένετος</span> <span class='ocrx_word' id='word_1_163' title='bbox 1115 1948 1133 1980; x_wconf 74' lang='grc' dir='ltr'><strong>ι</strong></span> <span class='ocrx_word' id='word_1_164' title='bbox 1165 1926 1311 1980; x_wconf 78' lang='grc' dir='ltr'>τοῦτ’</span> <span class='ocrx_word' id='word_1_165' title='bbox 1333 1925 1498 1990; x_wconf 75' lang='grc' dir='ltr'>ἐστιν,</span> <span class='ocrx_word' id='word_1_166' title='bbox 1526 1923 1626 1993; x_wconf 80' lang='grc' dir='ltr'><strong>τῆς</strong></span> <span class='ocrx_word' id='word_1_167' title='bbox 1653 1922 1881 1983; x_wconf 81' lang='grc' dir='ltr'>κτίσεως</span> 
     </span>
    </p>
   </div>
   <div class='ocr_carea' id='block_1_22' title="bbox 286 2013 1878 2092">
    <p class='ocr_par' dir='ltr' id='par_1_22' title="bbox 286 2013 1878 2092">
     <span class='ocr_line' id='line_1_22' title="bbox 286 2013 1878 2092; baseline -0.004 -18"><span class='ocrx_word' id='word_1_168' title='bbox 286 2022 494 2085; x_wconf 74' lang='grc' dir='ltr'>οὐδείς.</span> <span class='ocrx_word' id='word_1_169' title='bbox 529 2021 736 2085; x_wconf 83' lang='grc' dir='ltr'>Πλάτος</span> <span class='ocrx_word' id='word_1_170' title='bbox 766 2019 875 2092; x_wconf 79' lang='grc' dir='ltr'>γὰρ</span> <span class='ocrx_word' id='word_1_171' title='bbox 898 2020 1019 2091; x_wconf 76' lang='grc' dir='ltr'>ἕχον</span> <span class='ocrx_word' id='word_1_172' title='bbox 1046 2020 1106 2074; x_wconf 88' lang='grc' dir='ltr'><strong>τὸ</strong></span> <span class='ocrx_word' id='word_1_173' title='bbox 1142 2038 1160 2070; x_wconf 84' lang='grc' dir='ltr'><strong>ι</strong></span> <span class='ocrx_word' id='word_1_174' title='bbox 1192 2019 1276 2083; x_wconf 87' lang='grc' dir='ltr'><strong>τίς</strong></span> <span class='ocrx_word' id='word_1_175' title='bbox 1319 2037 1337 2069; x_wconf 73' lang='grc' dir='ltr'><strong><em>ο</em></strong></span> <span class='ocrx_word' id='word_1_176' title='bbox 1365 2017 1522 2070; x_wconf 89' lang='grc' dir='ltr'>τοῦτο</span> <span class='ocrx_word' id='word_1_177' title='bbox 1547 2013 1878 2087; x_wconf 79' lang='grc' dir='ltr'>προφαίνει).</span> 
     </span>
    </p>
   </div>
   <div class='ocr_carea' id='block_1_23' title="bbox 291 2105 1879 2184">
    <p class='ocr_par' dir='ltr' id='par_1_23' title="bbox 291 2105 1879 2184">
     <span class='ocr_line' id='line_1_23' title="bbox 291 2105 1879 2184; baseline -0.005 -18"><span class='ocrx_word' id='word_1_178' title='bbox 291 2113 515 2178; x_wconf 79' lang='grc' dir='ltr'>Ἐδειξε</span> <span class='ocrx_word' id='word_1_179' title='bbox 567 2114 624 2166; x_wconf 79' lang='grc' dir='ltr'><strong>δὲ</strong></span> <span class='ocrx_word' id='word_1_180' title='bbox 681 2112 758 2184; x_wconf 81' lang='grc' dir='ltr'>τῷ</span> <span class='ocrx_word' id='word_1_181' title='bbox 814 2113 912 2184; x_wconf 79' lang='grc' dir='ltr'><strong>μὲν</strong></span> <span class='ocrx_word' id='word_1_182' title='bbox 976 2112 1050 2183; x_wconf 82' lang='grc' dir='ltr'>μὴ</span> <span class='ocrx_word' id='word_1_183' title='bbox 1105 2113 1297 2175; x_wconf 85' lang='grc' dir='ltr'>εἰπεῖν,</span> <span class='ocrx_word' id='word_1_184' title='bbox 1363 2111 1653 2178; x_wconf 82' lang='grc' dir='ltr'>Ποιήσατε,</span> <span class='ocrx_word' id='word_1_185' title='bbox 1722 2105 1879 2170; x_wconf 85' lang='grc' dir='ltr'>ἀλλά,</span> 
     </span>
    </p>
   </div>
   <div class='ocr_carea' id='block_1_24' title="bbox 294 2197 1883 2274">
    <p class='ocr_par' dir='ltr' id='par_1_24' title="bbox 294 2197 1883 2274">
     <span class='ocr_line' id='line_1_24' title="bbox 294 2197 1883 2274; baseline -0.004 -18"><span class='ocrx_word' id='word_1_186' title='bbox 294 2225 315 2256; x_wconf 72' lang='grc' dir='ltr'><strong>ι</strong></span> <span class='ocrx_word' id='word_1_187' title='bbox 357 2205 709 2274; x_wconf 75' lang='grc' dir='ltr'>Ποιήσωμεν,</span> <span class='ocrx_word' id='word_1_188' title='bbox 761 2224 778 2254; x_wconf 74' lang='grc' dir='ltr'><strong>ι</strong></span> <span class='ocrx_word' id='word_1_189' title='bbox 822 2203 897 2267; x_wconf 84' lang='grc' dir='ltr'>ὡς</span> <span class='ocrx_word' id='word_1_190' title='bbox 938 2203 1038 2256; x_wconf 71' lang='grc' dir='ltr'><strong>οὐκ</strong></span> <span class='ocrx_word' id='word_1_191' title='bbox 1071 2201 1216 2254; x_wconf 74' lang='grc' dir='ltr'>ἐστιν</span> <span class='ocrx_word' id='word_1_192' title='bbox 1251 2200 1520 2272; x_wconf 78' lang='grc' dir='ltr'>ὑπουργὸς</span> <span class='ocrx_word' id='word_1_193' title='bbox 1557 2201 1584 2252; x_wconf 91' lang='lat'><strong>6</strong></span> <span class='ocrx_word' id='word_1_194' title='bbox 1611 2198 1759 2260; x_wconf 84' lang='grc' dir='ltr'>Υἱὸς,</span> <span class='ocrx_word' id='word_1_195' title='bbox 1789 2197 1883 2250; x_wconf 72' lang='grc' dir='ltr'><strong>κα)⁸</strong></span> 
     </span>
    </p>
   </div>
   <div class='ocr_carea' id='block_1_25' title="bbox 286 2289 1883 2366">
    <p class='ocr_par' dir='ltr' id='par_1_25' title="bbox 286 2289 1883 2366">
     <span class='ocr_line' id='line_1_25' title="bbox 286 2289 1883 2366; baseline -0.006 -17"><span class='ocrx_word' id='word_1_196' title='bbox 286 2297 353 2349; x_wconf 81' lang='grc' dir='ltr'><strong>τὸ</strong></span> <span class='ocrx_word' id='word_1_197' title='bbox 417 2297 574 2365; x_wconf 83' lang='grc' dir='ltr'>ᾰγιον</span> <span class='ocrx_word' id='word_1_198' title='bbox 634 2295 879 2366; x_wconf 87' lang='grc' dir='ltr'>Πνεῦμα,</span> <span class='ocrx_word' id='word_1_199' title='bbox 935 2295 1068 2348; x_wconf 87' lang='grc' dir='ltr'><strong>ἀλλά</strong></span> <span class='ocrx_word' id='word_1_200' title='bbox 1115 2293 1396 2362; x_wconf 83' lang='grc' dir='ltr'>δυνάμεως</span> <span class='ocrx_word' id='word_1_201' title='bbox 1455 2291 1550 2344; x_wconf 71' lang='grc' dir='ltr'><strong>καὶ</strong></span> <span class='ocrx_word' id='word_1_202' title='bbox 1612 2289 1883 2359; x_wconf 87' lang='grc' dir='ltr'>Θελήσεως</span> 
     </span>
    </p>
   </div>
   <div class='ocr_carea' id='block_1_26' title="bbox 292 2383 1882 2458">
    <p class='ocr_par' dir='ltr' id='par_1_26' title="bbox 292 2383 1882 2458">
     <span class='ocr_line' id='line_1_26' title="bbox 292 2383 1882 2458; baseline -0.003 -19"><span class='ocrx_word' id='word_1_203' title='bbox 292 2390 433 2458; x_wconf 76' lang='grc' dir='ltr'>μιᾶς</span> <span class='ocrx_word' id='word_1_204' title='bbox 456 2405 470 2418; x_wconf 86' lang='grc'><strong>·</strong></span> <span class='ocrx_word' id='word_1_205' title='bbox 509 2387 585 2457; x_wconf 80' lang='grc' dir='ltr'><strong>τῷ</strong></span> <span class='ocrx_word' id='word_1_206' title='bbox 621 2387 679 2440; x_wconf 86' lang='grc' dir='ltr'><strong>δὲ</strong></span> <span class='ocrx_word' id='word_1_207' title='bbox 716 2389 1036 2455; x_wconf 67' lang='grc' dir='ltr'>ἐπαγαγεῖν,</span> <span class='ocrx_word' id='word_1_208' title='bbox 1085 2405 1103 2437; x_wconf 83' lang='grc' dir='ltr'><strong>ι</strong></span> <span class='ocrx_word' id='word_1_209' title='bbox 1139 2385 1258 2439; x_wconf 78' lang='grc' dir='ltr'>κατ’</span> <span class='ocrx_word' id='word_1_210' title='bbox 1284 2387 1468 2440; x_wconf 87' lang='grc' dir='ltr'>είκόνα</span> <span class='ocrx_word' id='word_1_211' title='bbox 1498 2386 1591 2438; x_wconf 75' lang='grc' dir='ltr'>καὶ</span> <span class='ocrx_word' id='word_1_212' title='bbox 1623 2383 1882 2454; x_wconf 86' lang='grc' dir='ltr'>ὁμοίωσιν</span> 
     </span>
    </p>
   </div>
   <div class='ocr_carea' id='block_1_27' title="bbox 289 2473 1882 2549">
    <p class='ocr_par' dir='ltr' id='par_1_27' title="bbox 289 2473 1882 2549">
     <span class='ocr_line' id='line_1_27' title="bbox 289 2473 1882 2549; baseline -0.003 -19"><span class='ocrx_word' id='word_1_213' title='bbox 289 2479 598 2549; x_wconf 69' lang='grc' dir='ltr'>ἡμετέραν,</span> <span class='ocrx_word' id='word_1_214' title='bbox 640 2498 657 2529; x_wconf 82' lang='grc' dir='ltr'><strong>ι</strong></span> <span class='ocrx_word' id='word_1_215' title='bbox 691 2478 764 2541; x_wconf 87' lang='grc' dir='ltr'><strong>ὡς</strong></span> <span class='ocrx_word' id='word_1_216' title='bbox 801 2477 896 2547; x_wconf 84' lang='grc' dir='ltr'><strong>μία</strong></span> <span class='ocrx_word' id='word_1_217' title='bbox 936 2479 1082 2529; x_wconf 71' lang='grc' dir='ltr'>ἐστὶν</span> <span class='ocrx_word' id='word_1_218' title='bbox 1115 2475 1272 2530; x_wconf 70' lang='grc' dir='ltr'>οὐσία</span> <span class='ocrx_word' id='word_1_219' title='bbox 1305 2480 1372 2548; x_wconf 81' lang='grc' dir='ltr'>τῇ</span> <span class='ocrx_word' id='word_1_220' title='bbox 1408 2477 1597 2549; x_wconf 79' lang='grc' dir='ltr'>Τριάδι</span> <span class='ocrx_word' id='word_1_221' title='bbox 1621 2491 1634 2504; x_wconf 90' lang='grc'>·</span> <span class='ocrx_word' id='word_1_222' title='bbox 1683 2475 1776 2528; x_wconf 79' lang='grc' dir='ltr'><strong>καὶ</strong></span> <span class='ocrx_word' id='word_1_223' title='bbox 1807 2473 1882 2536; x_wconf 82' lang='grc' dir='ltr'>ὡς</span> 
     </span>
    </p>
   </div>
   <div class='ocr_carea' id='block_1_28' title="bbox 287 2565 1885 2639">
    <p class='ocr_par' dir='ltr' id='par_1_28' title="bbox 287 2565 1885 2639">
     <span class='ocr_line' id='line_1_28' title="bbox 287 2565 1885 2639; baseline -0.002 -19"><span class='ocrx_word' id='word_1_224' title='bbox 287 2570 356 2621; x_wconf 64' lang='grc' dir='ltr'>οὗ</span> <span class='ocrx_word' id='word_1_225' title='bbox 396 2568 535 2639; x_wconf 79' lang='grc' dir='ltr'>πρὸς</span> <span class='ocrx_word' id='word_1_226' title='bbox 565 2569 829 2635; x_wconf 79' lang='grc' dir='ltr'>ἀγγέλους</span> <span class='ocrx_word' id='word_1_227' title='bbox 872 2568 1085 2639; x_wconf 76' lang='grc' dir='ltr'>εἴρηται</span> <span class='ocrx_word' id='word_1_228' title='bbox 1131 2568 1306 2631; x_wconf 84' lang='grc' dir='ltr'>τοῦτο,</span> <span class='ocrx_word' id='word_1_229' title='bbox 1355 2570 1466 2630; x_wconf 89' lang='grc' dir='ltr'>τοῖς</span> <span class='ocrx_word' id='word_1_230' title='bbox 1507 2565 1748 2638; x_wconf 81' lang='grc' dir='ltr'>ἀπείρως</span> <span class='ocrx_word' id='word_1_231' title='bbox 1791 2565 1885 2619; x_wconf 74' lang='grc' dir='ltr'>καὶ</span> 
     </span>
    </p>
   </div>
   <div class='ocr_carea' id='block_1_29' title="bbox 289 2657 1882 2730">
    <p class='ocr_par' dir='ltr' id='par_1_29' title="bbox 289 2657 1882 2730">
     <span class='ocr_line' id='line_1_29' title="bbox 289 2657 1882 2730; baseline -0.003 -16"><span class='ocrx_word' id='word_1_232' title='bbox 289 2659 708 2722; x_wconf 70' lang='grc' dir='ltr'>ἀσυνεικάστως</span> <span class='ocrx_word' id='word_1_233' title='bbox 736 2662 792 2713; x_wconf 82' lang='grc' dir='ltr'><strong>ἐν</strong></span> <span class='ocrx_word' id='word_1_234' title='bbox 823 2660 958 2730; x_wconf 88' lang='grc' dir='ltr'>μείω</span> <span class='ocrx_word' id='word_1_235' title='bbox 984 2658 1082 2730; x_wconf 79' lang='grc' dir='ltr'><strong>τὴν</strong></span> <span class='ocrx_word' id='word_1_236' title='bbox 1115 2659 1297 2712; x_wconf 84' lang='grc' dir='ltr'>εἰκόνα</span> <span class='ocrx_word' id='word_1_237' title='bbox 1328 2659 1419 2712; x_wconf 75' lang='grc' dir='ltr'><strong>καὶ</strong></span> <span class='ocrx_word' id='word_1_238' title='bbox 1441 2659 1695 2729; x_wconf 83' lang='grc' dir='ltr'>ὁμοίωσιν</span> <span class='ocrx_word' id='word_1_239' title='bbox 1728 2657 1882 2727; x_wconf 85' lang='grc' dir='ltr'>ἐχου-</span> 
     </span>
    </p>
   </div>
   <div class='ocr_carea' id='block_1_30' title="bbox 293 2751 1885 2823">
    <p class='ocr_par' dir='ltr' id='par_1_30' title="bbox 293 2751 1885 2823">
     <span class='ocr_line' id='line_1_30' title="bbox 293 2751 1885 2823; baseline -0.002 -18"><span class='ocrx_word' id='word_1_240' title='bbox 293 2770 385 2805; x_wconf 88' lang='grc' dir='ltr'><strong>σιν</strong></span> <span class='ocrx_word' id='word_1_241' title='bbox 411 2753 484 2820; x_wconf 80' lang='grc' dir='ltr'>(εί</span> <span class='ocrx_word' id='word_1_242' title='bbox 519 2751 800 2804; x_wconf 80' lang='grc' dir='ltr'>ἀκίνδυνον</span> <span class='ocrx_word' id='word_1_243' title='bbox 839 2752 1016 2815; x_wconf 86' lang='grc' dir='ltr'>τοῦτο,</span> <span class='ocrx_word' id='word_1_244' title='bbox 1074 2752 1149 2815; x_wconf 82' lang='grc' dir='ltr'>ὡς</span> <span class='ocrx_word' id='word_1_245' title='bbox 1196 2751 1500 2823; x_wconf 77' lang='grc' dir='ltr'>ἄνθρωπον,</span> <span class='ocrx_word' id='word_1_246' title='bbox 1549 2751 1741 2820; x_wconf 75' lang='grc' dir='ltr'>εἰπεῖν)</span> <span class='ocrx_word' id='word_1_247' title='bbox 1787 2751 1885 2820; x_wconf 82' lang='grc' dir='ltr'>τῆς</span> 
     </span>
    </p>
   </div>
   <div class='ocr_carea' id='block_1_31' title="bbox 293 2843 1883 2916">
    <p class='ocr_par' dir='ltr' id='par_1_31' title="bbox 293 2843 1883 2916">
     <span class='ocr_line' id='line_1_31' title="bbox 293 2843 1883 2916; baseline -0.001 -19"><span class='ocrx_word' id='word_1_248' title='bbox 293 2844 568 2908; x_wconf 84' lang='grc' dir='ltr'>ὰνειδέου,</span> <span class='ocrx_word' id='word_1_249' title='bbox 618 2845 713 2896; x_wconf 68' lang='grc' dir='ltr'>καὶ</span> <span class='ocrx_word' id='word_1_250' title='bbox 757 2843 1187 2915; x_wconf 74' lang='grc' dir='ltr'>ἀσχηματίστου,</span> <span class='ocrx_word' id='word_1_251' title='bbox 1235 2845 1328 2896; x_wconf 78' lang='grc' dir='ltr'><strong>καὶ</strong></span> <span class='ocrx_word' id='word_1_252' title='bbox 1363 2846 1602 2916; x_wconf 74' lang='grc' dir='ltr'>ἀρρήτου</span> <span class='ocrx_word' id='word_1_253' title='bbox 1637 2843 1883 2914; x_wconf 86' lang='grc' dir='ltr'>Τριάδος.</span> 
     </span>
    </p>
   </div>
   <div class='ocr_carea' id='block_1_32' title="bbox 292 2937 1884 3009">
    <p class='ocr_par' dir='ltr' id='par_1_32' title="bbox 292 2937 1884 3009">
     <span class='ocr_line' id='line_1_32' title="bbox 292 2937 1884 3009; baseline -0.001 -20"><span class='ocrx_word' id='word_1_254' title='bbox 292 2937 389 2989; x_wconf 84' lang='grc' dir='ltr'>Διὸ</span> <span class='ocrx_word' id='word_1_255' title='bbox 432 2939 713 3006; x_wconf 73' lang='grc' dir='ltr'>ἐπήγαγεν</span> <span class='ocrx_word' id='word_1_256' title='bbox 750 2941 778 2990; x_wconf 92' lang='lat'><strong>6</strong></span> <span class='ocrx_word' id='word_1_257' title='bbox 815 2937 973 3000; x_wconf 80' lang='grc' dir='ltr'>αὐτὸς</span> <span class='ocrx_word' id='word_1_258' title='bbox 1010 2939 1431 3008; x_wconf 82' lang='grc' dir='ltr'>κοσμογράφος·</span> <span class='ocrx_word' id='word_1_259' title='bbox 1474 2957 1492 2989; x_wconf 81' lang='grc' dir='ltr'><strong>ι</strong></span> <span class='ocrx_word' id='word_1_260' title='bbox 1539 2939 1647 2991; x_wconf 75' lang='grc' dir='ltr'><strong>Καὶ</strong></span> <span class='ocrx_word' id='word_1_261' title='bbox 1697 2937 1884 3009; x_wconf 85' lang='grc' dir='ltr'>ἐποίη-</span> 
     </span>
    </p>
   </div>
   <div class='ocr_carea' id='block_1_33' title="bbox 297 3023 1884 3095">
    <p class='ocr_par' dir='ltr' id='par_1_33' title="bbox 297 3023 1884 3095">
     <span class='ocr_line' id='line_1_33' title="bbox 297 3023 1884 3095; baseline -0.002 -17"><span class='ocrx_word' id='word_1_262' title='bbox 297 3043 392 3078; x_wconf 89' lang='grc' dir='ltr'><strong>σεν</strong></span> <span class='ocrx_word' id='word_1_263' title='bbox 421 3029 451 3079; x_wconf 87' lang='grc' dir='ltr'>ὁ</span> <span class='ocrx_word' id='word_1_264' title='bbox 481 3026 615 3088; x_wconf 86' lang='grc' dir='ltr'>Θεὸς</span> <span class='ocrx_word' id='word_1_265' title='bbox 640 3025 729 3078; x_wconf 80' lang='grc' dir='ltr'><strong>τὸν</strong></span> <span class='ocrx_word' id='word_1_266' title='bbox 758 3025 1040 3095; x_wconf 75' lang='grc' dir='ltr'>ἄνθρωπον</span> <span class='ocrx_word' id='word_1_267' title='bbox 1063 3042 1074 3054; x_wconf 86' lang='lat'><strong><em>°</em></strong></span> <span class='ocrx_word' id='word_1_268' title='bbox 1100 3027 1220 3078; x_wconf 83' lang='grc' dir='ltr'>κατ’</span> <span class='ocrx_word' id='word_1_269' title='bbox 1247 3025 1430 3078; x_wconf 77' lang='grc' dir='ltr'>εἰκόνα</span> <span class='ocrx_word' id='word_1_270' title='bbox 1459 3023 1592 3076; x_wconf 86' lang='grc' dir='ltr'>Θεοῦ</span> <span class='ocrx_word' id='word_1_271' title='bbox 1631 3024 1884 3092; x_wconf 85' lang='grc' dir='ltr'>ἐποίησεν</span> 
     </span>
    </p>
   </div>
   <div class='ocr_carea' id='block_1_34' title="bbox 295 3114 1882 3186">
    <p class='ocr_par' dir='ltr' id='par_1_34' title="bbox 295 3114 1882 3186">
     <span class='ocr_line' id='line_1_34' title="bbox 295 3114 1882 3186; baseline -0.002 -17"><span class='ocrx_word' id='word_1_272' title='bbox 295 3116 465 3169; x_wconf 81' lang='grc' dir='ltr'>αὐτόν</span> <span class='ocrx_word' id='word_1_273' title='bbox 487 3135 500 3146; x_wconf 86' lang='grc'><strong>·</strong></span> <span class='ocrx_word' id='word_1_274' title='bbox 526 3117 692 3186; x_wconf 84' lang='grc' dir='ltr'>ἄρσεν</span> <span class='ocrx_word' id='word_1_275' title='bbox 715 3117 806 3169; x_wconf 77' lang='grc' dir='ltr'><strong>καὶ</strong></span> <span class='ocrx_word' id='word_1_276' title='bbox 837 3117 969 3186; x_wconf 77' lang='grc' dir='ltr'>Οῆλυ</span> <span class='ocrx_word' id='word_1_277' title='bbox 997 3116 1249 3186; x_wconf 81' lang='grc' dir='ltr'>ἐποίησεν</span> <span class='ocrx_word' id='word_1_278' title='bbox 1282 3115 1478 3178; x_wconf 78' lang='grc' dir='ltr'>αὐτούς</span> <span class='ocrx_word' id='word_1_279' title='bbox 1498 3133 1511 3145; x_wconf 79' lang='grc' dir='ltr'><strong>ο</strong></span> <span class='ocrx_word' id='word_1_280' title='bbox 1541 3115 1632 3167; x_wconf 71' lang='grc' dir='ltr'><strong>καὶ</strong></span> <span class='ocrx_word' id='word_1_281' title='bbox 1657 3114 1882 3186; x_wconf 81' lang='grc' dir='ltr'>εὐλόγη-</span> 
     </span>
    </p>
   </div>
   <div class='ocr_carea' id='block_1_35' title="bbox 299 3207 1883 3271">
    <p class='ocr_par' dir='ltr' id='par_1_35' title="bbox 299 3207 1883 3271">
     <span class='ocr_line' id='line_1_35' title="bbox 299 3207 1883 3271; baseline 0 -11"><span class='ocrx_word' id='word_1_282' title='bbox 299 3225 391 3260; x_wconf 89' lang='grc' dir='ltr'><strong>σεν</strong></span> <span class='ocrx_word' id='word_1_283' title='bbox 445 3207 688 3271; x_wconf 77' lang='grc' dir='ltr'>αὐτούς’</span> <span class='ocrx_word' id='word_1_284' title='bbox 735 3227 753 3260; x_wconf 75' lang='grc' dir='ltr'><strong>ι</strong></span> <span class='ocrx_word' id='word_1_285' title='bbox 795 3209 888 3260; x_wconf 79' lang='grc' dir='ltr'><strong>καὶ</strong></span> <span class='ocrx_word' id='word_1_286' title='bbox 919 3207 1112 3261; x_wconf 74' lang='grc' dir='ltr'>πάλινο</span> <span class='ocrx_word' id='word_1_287' title='bbox 1161 3227 1178 3259; x_wconf 80' lang='grc' dir='ltr'><strong>ι</strong></span> <span class='ocrx_word' id='word_1_288' title='bbox 1225 3207 1363 3261; x_wconf 84' lang='grc' dir='ltr'>Ἵδεν</span> <span class='ocrx_word' id='word_1_289' title='bbox 1416 3209 1444 3260; x_wconf 92' lang='lat'><strong>6</strong></span> <span class='ocrx_word' id='word_1_290' title='bbox 1477 3207 1627 3271; x_wconf 83' lang='grc' dir='ltr'>Θεὸς,</span> <span class='ocrx_word' id='word_1_291' title='bbox 1665 3209 1745 3260; x_wconf 80' lang='grc' dir='ltr'>ὅτι</span> <span class='ocrx_word' id='word_1_292' title='bbox 1783 3225 1883 3260; x_wconf 87' lang='grc' dir='ltr'>κα·-</span> 
     </span>
    </p>
   </div>
   <div class='ocr_carea' id='block_1_36' title="bbox 297 3293 1886 3370">
    <p class='ocr_par' dir='ltr' id='par_1_36' title="bbox 297 3293 1886 3370">
     <span class='ocr_line' id='line_1_36' title="bbox 297 3293 1886 3370; baseline 0.001 -20"><span class='ocrx_word' id='word_1_293' title='bbox 297 3299 410 3351; x_wconf 77' lang='grc' dir='ltr'>λόνο</span> <span class='ocrx_word' id='word_1_294' title='bbox 453 3318 472 3350; x_wconf 72' lang='grc' dir='ltr'><strong>ι</strong></span> <span class='ocrx_word' id='word_1_295' title='bbox 518 3301 578 3352; x_wconf 88' lang='grc' dir='ltr'><strong>ἐν</strong></span> <span class='ocrx_word' id='word_1_296' title='bbox 617 3293 699 3361; x_wconf 78' lang='grc' dir='ltr'>οἷς</span> <span class='ocrx_word' id='word_1_297' title='bbox 729 3302 910 3370; x_wconf 74' lang='grc' dir='ltr'>ῥητοῖς</span> <span class='ocrx_word' id='word_1_298' title='bbox 950 3295 1104 3363; x_wconf 77' lang='grc' dir='ltr'>αὖθις</span> <span class='ocrx_word' id='word_1_299' title='bbox 1132 3302 1230 3370; x_wconf 80' lang='grc' dir='ltr'>τῆς</span> <span class='ocrx_word' id='word_1_300' title='bbox 1259 3299 1572 3363; x_wconf 79' lang='grc' dir='ltr'>αὐτοτελοῦς</span> <span class='ocrx_word' id='word_1_301' title='bbox 1620 3300 1712 3354; x_wconf 77' lang='grc' dir='ltr'><strong>καὶ</strong></span> <span class='ocrx_word' id='word_1_302' title='bbox 1737 3316 1886 3368; x_wconf 88' lang='grc' dir='ltr'>γενε-</span> 
     </span>
    </p>
   </div>
   <div class='ocr_carea' id='block_1_37' title="bbox 309 3393 1885 3466">
    <p class='ocr_par' dir='ltr' id='par_1_37' title="bbox 309 3393 1885 3466">
     <span class='ocr_line' id='line_1_37' title="bbox 309 3393 1885 3466; baseline 0.001 -21"><span class='ocrx_word' id='word_1_303' title='bbox 309 3393 561 3464; x_wconf 79' lang='grc' dir='ltr'>σιουργοῦ</span> <span class='ocrx_word' id='word_1_304' title='bbox 606 3393 832 3463; x_wconf 79' lang='grc' dir='ltr'>Τριάδος</span> <span class='ocrx_word' id='word_1_305' title='bbox 860 3393 920 3445; x_wconf 87' lang='grc' dir='ltr'><strong>τὸ</strong></span> <span class='ocrx_word' id='word_1_306' title='bbox 946 3393 1170 3466; x_wconf 64' lang='grc' dir='ltr'>τέλειον,</span> <span class='ocrx_word' id='word_1_307' title='bbox 1199 3395 1291 3446; x_wconf 73' lang='grc' dir='ltr'><strong>καὶ</strong></span> <span class='ocrx_word' id='word_1_308' title='bbox 1327 3393 1615 3464; x_wconf 69' lang='grc' dir='ltr'>σύμφωνον</span> <span class='ocrx_word' id='word_1_309' title='bbox 1636 3435 1649 3458; x_wconf 95' lang='grc'><strong>,</strong></span> <span class='ocrx_word' id='word_1_310' title='bbox 1677 3394 1770 3446; x_wconf 70' lang='grc' dir='ltr'><strong>καὶ</strong></span> <span class='ocrx_word' id='word_1_311' title='bbox 1797 3411 1885 3446; x_wconf 90' lang='grc' dir='ltr'>κο-</span> 
     </span>
    </p>
   </div>
   <div class='ocr_carea' id='block_1_38' title="bbox 315 3484 1880 3554">
    <p class='ocr_par' dir='ltr' id='par_1_38' title="bbox 315 3484 1880 3554">
     <span class='ocr_line' id='line_1_38' title="bbox 315 3484 1880 3554; baseline 0.003 -19"><span class='ocrx_word' id='word_1_312' title='bbox 315 3486 593 3554; x_wconf 70' lang='grc' dir='ltr'>σμητικὸν,</span> <span class='ocrx_word' id='word_1_313' title='bbox 627 3485 722 3538; x_wconf 75' lang='grc' dir='ltr'><strong>καὶ</strong></span> <span class='ocrx_word' id='word_1_314' title='bbox 745 3484 950 3537; x_wconf 88' lang='grc' dir='ltr'>ἐπίπαν</span> <span class='ocrx_word' id='word_1_315' title='bbox 977 3485 1204 3554; x_wconf 74' lang='grc' dir='ltr'>ἄφθονον</span> <span class='ocrx_word' id='word_1_316' title='bbox 1235 3485 1558 3554; x_wconf 81' lang='grc' dir='ltr'>σημαίνεται</span> <span class='ocrx_word' id='word_1_317' title='bbox 1589 3485 1880 3554; x_wconf 85' lang='grc' dir='ltr'>μυστικῶς.</span> 
     </span>
    </p>
   </div>
   <div class='ocr_carea' id='block_1_39' title="bbox 326 3573 1886 3647">
    <p class='ocr_par' dir='ltr' id='par_1_39' title="bbox 326 3573 1886 3647">
     <span class='ocr_line' id='line_1_39' title="bbox 326 3573 1886 3647; baseline 0.001 -20"><span class='ocrx_word' id='word_1_318' title='bbox 326 3575 542 3646; x_wconf 71' lang='grc' dir='ltr'>Ἐπειδὴ</span> <span class='ocrx_word' id='word_1_319' title='bbox 570 3576 742 3628; x_wconf 80' lang='grc' dir='ltr'>ταῦτα</span> <span class='ocrx_word' id='word_1_320' title='bbox 767 3575 936 3647; x_wconf 61' lang='lat' dir='ltr'><strong>[85b]</strong></span> <span class='ocrx_word' id='word_1_321' title='bbox 973 3575 1215 3647; x_wconf 70' lang='grc' dir='ltr'>θεάτρων</span> <span class='ocrx_word' id='word_1_322' title='bbox 1239 3577 1336 3646; x_wconf 81' lang='grc' dir='ltr'><strong>μὲν</strong></span> <span class='ocrx_word' id='word_1_323' title='bbox 1370 3576 1463 3628; x_wconf 78' lang='grc' dir='ltr'>καὶ</span> <span class='ocrx_word' id='word_1_324' title='bbox 1494 3574 1730 3646; x_wconf 79' lang='grc' dir='ltr'>πλήθους</span> <span class='ocrx_word' id='word_1_325' title='bbox 1763 3573 1886 3641; x_wconf 73' lang='grc' dir='ltr'>ἄξια</span> 
     </span>
    </p>
   </div>
   <div class='ocr_carea' id='block_1_40' title="bbox 309 3664 1885 3738">
    <p class='ocr_par' dir='ltr' id='par_1_40' title="bbox 309 3664 1885 3738">
     <span class='ocr_line' id='line_1_40' title="bbox 309 3664 1885 3738; baseline 0.001 -19"><span class='ocrx_word' id='word_1_326' title='bbox 309 3667 411 3736; x_wconf 78' lang='grc' dir='ltr'><strong>οὐχ</strong></span> <span class='ocrx_word' id='word_1_327' title='bbox 439 3669 676 3737; x_wconf 78' lang='grc' dir='ltr'>ἡγήσατο</span> <span class='ocrx_word' id='word_1_328' title='bbox 716 3664 853 3720; x_wconf 75' lang='grc' dir='ltr'>εἶναι</span> <span class='ocrx_word' id='word_1_329' title='bbox 886 3669 914 3719; x_wconf 92' lang='lat'><strong>6</strong></span> <span class='ocrx_word' id='word_1_330' title='bbox 941 3668 1204 3737; x_wconf 78' lang='grc' dir='ltr'>Μωῦσής,</span> <span class='ocrx_word' id='word_1_331' title='bbox 1235 3669 1397 3738; x_wconf 85' lang='grc' dir='ltr'>ήτουν</span> <span class='ocrx_word' id='word_1_332' title='bbox 1435 3670 1463 3720; x_wconf 90' lang='grc' dir='ltr'>ὁ</span> <span class='ocrx_word' id='word_1_333' title='bbox 1493 3669 1764 3738; x_wconf 80' lang='grc' dir='ltr'>ἐνήχήσας</span> <span class='ocrx_word' id='word_1_334' title='bbox 1791 3669 1885 3720; x_wconf 84' lang='grc' dir='ltr'><strong>αὗ-</strong></span> 
     </span>
    </p>
   </div>
   <div class='ocr_carea' id='block_1_41' title="bbox 307 3741 1888 3834">
    <p class='ocr_par' dir='ltr' id='par_1_41' title="bbox 307 3741 1888 3834">
     <span class='ocr_line' id='line_1_41' title="bbox 307 3741 1888 3834; baseline 0 -18"><span class='ocrx_word' id='word_1_335' title='bbox 307 3762 385 3833; x_wconf 79' lang='grc' dir='ltr'>τῷ</span> <span class='ocrx_word' id='word_1_336' title='bbox 417 3762 547 3827; x_wconf 83' lang='grc' dir='ltr'>Θεός</span> <span class='ocrx_word' id='word_1_337' title='bbox 565 3781 578 3794; x_wconf 70' lang='grc' dir='ltr'>υ</span> <span class='ocrx_word' id='word_1_338' title='bbox 602 3763 870 3816; x_wconf 85' lang='grc' dir='ltr'>τοσούτων</span> <span class='ocrx_word' id='word_1_339' title='bbox 899 3763 974 3826; x_wconf 80' lang='grc' dir='ltr'><strong>δὲ,</strong></span> <span class='ocrx_word' id='word_1_340' title='bbox 1000 3741 1124 3816; x_wconf 68' lang='grc' dir='ltr'>ὃςῖον</span> <span class='ocrx_word' id='word_1_341' title='bbox 1156 3763 1230 3834; x_wconf 79' lang='grc' dir='ltr'>μὴ</span> <span class='ocrx_word' id='word_1_342' title='bbox 1264 3765 1596 3833; x_wconf 74' lang='grc' dir='ltr'>παρανομεῖν</span> <span class='ocrx_word' id='word_1_343' title='bbox 1638 3762 1692 3825; x_wconf 80' lang='grc' dir='ltr'><strong>ἐς</strong></span> <span class='ocrx_word' id='word_1_344' title='bbox 1717 3761 1888 3816; x_wconf 85' lang='grc' dir='ltr'>ταῦτα</span> 
     </span>
    </p>
   </div>
   <div class='ocr_carea' id='block_1_42' title="bbox 301 3853 1888 3926">
    <p class='ocr_par' dir='ltr' id='par_1_42' title="bbox 301 3853 1888 3926">
     <span class='ocr_line' id='line_1_42' title="bbox 301 3853 1888 3926; baseline -0.001 -18"><span class='ocrx_word' id='word_1_345' title='bbox 301 3855 550 3926; x_wconf 69' lang='grc' dir='ltr'>ἔμελλον.</span> <span class='ocrx_word' id='word_1_346' title='bbox 601 3873 620 3907; x_wconf 74' lang='grc' dir='ltr'><strong>ι</strong></span> <span class='ocrx_word' id='word_1_347' title='bbox 643 3856 893 3926; x_wconf 79' lang='grc' dir='ltr'>Ἐποίησε</span> <span class='ocrx_word' id='word_1_348' title='bbox 924 3875 943 3906; x_wconf 83' lang='grc'><strong>›</strong></span> <span class='ocrx_word' id='word_1_349' title='bbox 986 3856 1093 3926; x_wconf 70' lang='grc' dir='ltr'><strong>γὰρ</strong></span> <span class='ocrx_word' id='word_1_350' title='bbox 1121 3875 1138 3907; x_wconf 84' lang='grc' dir='ltr'><strong>ι</strong></span> <span class='ocrx_word' id='word_1_351' title='bbox 1163 3858 1191 3908; x_wconf 88' lang='lat'><strong>6</strong></span> <span class='ocrx_word' id='word_1_352' title='bbox 1240 3855 1395 3918; x_wconf 82' lang='grc' dir='ltr'>Θεὸς,</span> <span class='ocrx_word' id='word_1_353' title='bbox 1444 3873 1464 3906; x_wconf 71' lang='grc' dir='ltr'><strong>ι</strong></span> <span class='ocrx_word' id='word_1_354' title='bbox 1499 3853 1642 3908; x_wconf 74' lang='grc' dir='ltr'>τοῦτ’</span> <span class='ocrx_word' id='word_1_355' title='bbox 1685 3854 1828 3907; x_wconf 78' lang='grc' dir='ltr'>ἔστιν</span> <span class='ocrx_word' id='word_1_356' title='bbox 1860 3856 1888 3906; x_wconf 87' lang='lat'><strong>6</strong></span> 
     </span>
    </p>
   </div>
   <div class='ocr_carea' id='block_1_43' title="bbox 301 3945 1886 4020">
    <p class='ocr_par' dir='ltr' id='par_1_43' title="bbox 301 3945 1886 4020">
     <span class='ocr_line' id='line_1_43' title="bbox 301 3945 1886 4020; baseline -0.002 -20"><span class='ocrx_word' id='word_1_357' title='bbox 301 3949 452 4010; x_wconf 75' lang='grc' dir='ltr'>Υἱὸς,</span> <span class='ocrx_word' id='word_1_358' title='bbox 484 3947 613 4001; x_wconf 75' lang='grc' dir='ltr'>«τὸν</span> <span class='ocrx_word' id='word_1_359' title='bbox 633 3947 916 4020; x_wconf 74' lang='grc' dir='ltr'>ἄνθρωπον</span> <span class='ocrx_word' id='word_1_360' title='bbox 946 3947 1065 4000; x_wconf 79' lang='grc' dir='ltr'>κατ’</span> <span class='ocrx_word' id='word_1_361' title='bbox 1087 3947 1271 3999; x_wconf 82' lang='grc' dir='ltr'>είκόνα</span> <span class='ocrx_word' id='word_1_362' title='bbox 1309 3945 1465 4008; x_wconf 87' lang='grc' dir='ltr'>Θεοῦ,</span> <span class='ocrx_word' id='word_1_363' title='bbox 1513 3965 1532 3997; x_wconf 76' lang='grc' dir='ltr'><strong>ι</strong></span> <span class='ocrx_word' id='word_1_364' title='bbox 1569 3945 1712 3999; x_wconf 76' lang='grc' dir='ltr'>τοῦτ’</span> <span class='ocrx_word' id='word_1_365' title='bbox 1743 3945 1886 3998; x_wconf 76' lang='grc' dir='ltr'>ἔστιν</span> 
     </span>
    </p>
   </div>
   <div class='ocr_carea' id='block_1_44' title="bbox 296 4036 1886 4111">
    <p class='ocr_par' dir='ltr' id='par_1_44' title="bbox 296 4036 1886 4111">
     <span class='ocr_line' id='line_1_44' title="bbox 296 4036 1886 4111; baseline -0.001 -19"><span class='ocrx_word' id='word_1_366' title='bbox 296 4040 396 4093; x_wconf 76' lang='grc' dir='ltr'><strong>τοῦ</strong></span> <span class='ocrx_word' id='word_1_367' title='bbox 424 4040 662 4111; x_wconf 84' lang='grc' dir='ltr'>Πατρὸς,</span> <span class='ocrx_word' id='word_1_368' title='bbox 691 4059 709 4090; x_wconf 78' lang='grc' dir='ltr'><strong>ι</strong></span> <span class='ocrx_word' id='word_1_369' title='bbox 741 4039 996 4110; x_wconf 84' lang='grc' dir='ltr'>ἐποίησεν</span> <span class='ocrx_word' id='word_1_370' title='bbox 1019 4039 1200 4103; x_wconf 77' lang='grc' dir='ltr'>αὑτὸν,</span> <span class='ocrx_word' id='word_1_371' title='bbox 1233 4039 1327 4095; x_wconf 70' lang='grc' dir='ltr'>καὶ</span> <span class='ocrx_word' id='word_1_372' title='bbox 1349 4037 1457 4091; x_wconf 82' lang='grc' dir='ltr'>ῐδεν</span> <span class='ocrx_word' id='word_1_373' title='bbox 1477 4041 1504 4090; x_wconf 97' lang='lat'><strong>6</strong></span> <span class='ocrx_word' id='word_1_374' title='bbox 1532 4037 1683 4102; x_wconf 82' lang='grc' dir='ltr'>Θεὸς,</span> <span class='ocrx_word' id='word_1_375' title='bbox 1710 4056 1726 4088; x_wconf 78' lang='grc' dir='ltr'><strong>ι</strong></span> <span class='ocrx_word' id='word_1_376' title='bbox 1761 4036 1886 4090; x_wconf 86' lang='grc' dir='ltr'>τοῦτ</span> 
     </span>
    </p>
   </div>
   <div class='ocr_carea' id='block_1_45' title="bbox 299 4130 1888 4202">
    <p class='ocr_par' dir='ltr' id='par_1_45' title="bbox 299 4130 1888 4202">
     <span class='ocr_line' id='line_1_45' title="bbox 299 4130 1888 4202; baseline -0.002 -18"><span class='ocrx_word' id='word_1_377' title='bbox 299 4131 457 4184; x_wconf 77' lang='grc' dir='ltr'>ἐστιν</span> <span class='ocrx_word' id='word_1_378' title='bbox 498 4133 560 4184; x_wconf 87' lang='grc' dir='ltr'><strong>τὸ</strong></span> <span class='ocrx_word' id='word_1_379' title='bbox 604 4132 859 4202; x_wconf 87' lang='grc' dir='ltr'>Πνεῦμα,</span> <span class='ocrx_word' id='word_1_380' title='bbox 901 4152 918 4184; x_wconf 81' lang='grc' dir='ltr'><strong>ι</strong></span> <span class='ocrx_word' id='word_1_381' title='bbox 960 4133 1041 4185; x_wconf 77' lang='grc' dir='ltr'>ὅτι</span> <span class='ocrx_word' id='word_1_382' title='bbox 1073 4131 1267 4196; x_wconf 85' lang='grc' dir='ltr'>καλὸν,</span> <span class='ocrx_word' id='word_1_383' title='bbox 1303 4133 1398 4184; x_wconf 68' lang='grc' dir='ltr'><strong>κα)⁸</strong></span> <span class='ocrx_word' id='word_1_384' title='bbox 1448 4131 1739 4200; x_wconf 77' lang='grc' dir='ltr'>εὐλόγησεν</span> <span class='ocrx_word' id='word_1_385' title='bbox 1789 4130 1888 4182; x_wconf 84' lang='grc' dir='ltr'>αύ-</span> 
     </span>
    </p>
   </div>
   <div class='ocr_carea' id='block_1_46' title="bbox 294 4221 1882 4294">
    <p class='ocr_par' dir='ltr' id='par_1_46' title="bbox 294 4221 1882 4294">
     <span class='ocr_line' id='line_1_46' title="bbox 294 4221 1882 4294; baseline -0.006 -13"><span class='ocrx_word' id='word_1_386' title='bbox 294 4228 453 4289; x_wconf 78' lang='grc' dir='ltr'>τοὺς,</span> <span class='ocrx_word' id='word_1_387' title='bbox 495 4244 513 4276; x_wconf 77' lang='grc' dir='ltr'><strong>ι</strong></span> <span class='ocrx_word' id='word_1_388' title='bbox 545 4225 690 4278; x_wconf 85' lang='grc' dir='ltr'>τοῦτ’</span> <span class='ocrx_word' id='word_1_389' title='bbox 721 4225 865 4277; x_wconf 82' lang='grc' dir='ltr'>ἐστιν</span> <span class='ocrx_word' id='word_1_390' title='bbox 902 4225 1152 4294; x_wconf 81' lang='grc' dir='ltr'>ἡγίασεν.</span> <span class='ocrx_word' id='word_1_391' title='bbox 1193 4223 1266 4277; x_wconf 88' lang='grc' dir='ltr'>Τὸ</span> <span class='ocrx_word' id='word_1_392' title='bbox 1299 4223 1380 4287; x_wconf 87' lang='grc' dir='ltr'><strong>δέ,</strong></span> <span class='ocrx_word' id='word_1_393' title='bbox 1419 4240 1436 4273; x_wconf 85' lang='grc' dir='ltr'><strong>ι</strong></span> <span class='ocrx_word' id='word_1_394' title='bbox 1472 4225 1591 4275; x_wconf 87' lang='grc' dir='ltr'>κατ’</span> <span class='ocrx_word' id='word_1_395' title='bbox 1619 4221 1821 4285; x_wconf 89' lang='grc' dir='ltr'>είκόνα,</span> <span class='ocrx_word' id='word_1_396' title='bbox 1865 4241 1882 4272; x_wconf 75' lang='grc' dir='ltr'><strong>ι</strong></span> 
     </span>
    </p>
   </div>
   <div class='ocr_carea' id='block_1_47' title="bbox 295 4313 1890 4390">
    <p class='ocr_par' dir='ltr' id='par_1_47' title="bbox 295 4313 1890 4390">
     <span class='ocr_line' id='line_1_47' title="bbox 295 4313 1890 4390; baseline -0.006 -15"><span class='ocrx_word' id='word_1_397' title='bbox 295 4322 377 4385; x_wconf 82' lang='grc' dir='ltr'><strong>ὡς</strong></span> <span class='ocrx_word' id='word_1_398' title='bbox 409 4321 538 4390; x_wconf 67' lang='grc' dir='ltr'>ἐμοὶ</span> <span class='ocrx_word' id='word_1_399' title='bbox 575 4318 740 4380; x_wconf 78' lang='grc' dir='ltr'>δοκεῖ,</span> <span class='ocrx_word' id='word_1_400' title='bbox 779 4317 1018 4385; x_wconf 83' lang='grc' dir='ltr'>νοητὲον,</span> <span class='ocrx_word' id='word_1_401' title='bbox 1046 4317 1128 4369; x_wconf 82' lang='grc' dir='ltr'>ὅτι</span> <span class='ocrx_word' id='word_1_402' title='bbox 1171 4317 1235 4368; x_wconf 83' lang='grc' dir='ltr'><strong>ἐκ</strong></span> <span class='ocrx_word' id='word_1_403' title='bbox 1274 4315 1368 4368; x_wconf 87' lang='grc' dir='ltr'><strong>τοῦ</strong></span> <span class='ocrx_word' id='word_1_404' title='bbox 1409 4313 1593 4367; x_wconf 85' lang='grc' dir='ltr'>Θεῖκοῦ</span> <span class='ocrx_word' id='word_1_405' title='bbox 1639 4316 1890 4384; x_wconf 77' lang='grc' dir='ltr'>φυσήμα-</span> 
     </span>
    </p>
   </div>
   <div class='ocr_carea' id='block_1_48' title="bbox 294 4401 1889 4477">
    <p class='ocr_par' dir='ltr' id='par_1_48' title="bbox 294 4401 1889 4477">
     <span class='ocr_line' id='line_1_48' title="bbox 294 4401 1889 4477; baseline -0.007 -13"><span class='ocrx_word' id='word_1_406' title='bbox 294 4429 395 4474; x_wconf 83' lang='grc' dir='ltr'><strong>τος</strong></span> <span class='ocrx_word' id='word_1_407' title='bbox 428 4409 492 4462; x_wconf 86' lang='grc' dir='ltr'><strong>τὸ</strong></span> <span class='ocrx_word' id='word_1_408' title='bbox 537 4407 760 4477; x_wconf 84' lang='grc' dir='ltr'>Πνεῦμα</span> <span class='ocrx_word' id='word_1_409' title='bbox 814 4406 876 4458; x_wconf 92' lang='grc' dir='ltr'><strong>τὸ</strong></span> <span class='ocrx_word' id='word_1_410' title='bbox 923 4405 1186 4459; x_wconf 66' lang='grc' dir='ltr'>ἀθάνατον</span> <span class='ocrx_word' id='word_1_411' title='bbox 1220 4403 1437 4474; x_wconf 77' lang='grc' dir='ltr'>ἔχομεν,</span> <span class='ocrx_word' id='word_1_412' title='bbox 1490 4404 1584 4456; x_wconf 74' lang='grc' dir='ltr'><strong>καὶ</strong></span> <span class='ocrx_word' id='word_1_413' title='bbox 1644 4401 1767 4454; x_wconf 91' lang='grc' dir='ltr'>νοῦν</span> <span class='ocrx_word' id='word_1_414' title='bbox 1805 4402 1889 4454; x_wconf 73' lang='grc' dir='ltr'><strong>ἀεὶ</strong></span> 
     </span>
    </p>
   </div>
   <div class='ocr_carea' id='block_1_49' title="bbox 1914 1809 1955 1865">
    <p class='ocr_par' dir='ltr' id='par_1_49' title="bbox 1914 1809 1955 1865">
     <span class='ocr_line' id='line_1_49' title="bbox 1914 1809 1955 1865; baseline 0 0"><span class='ocrx_word' id='word_1_415' title='bbox 1914 1809 1955 1865; x_wconf 82' lang='grc' dir='ltr'><strong><em>Β</em></strong></span> 
     </span>
    </p>
   </div>
   <div class='ocr_carea' id='block_1_50' title="bbox 1913 3165 1954 3220">
    <p class='ocr_par' dir='ltr' id='par_1_50' title="bbox 1913 3165 1954 3220">
     <span class='ocr_line' id='line_1_50' title="bbox 1913 3165 1954 3220; baseline 0 0"><span class='ocrx_word' id='word_1_416' title='bbox 1913 3165 1954 3220; x_wconf 88' lang='lat' dir='ltr'><strong><em>C</em></strong></span> 
     </span>
    </p>
   </div>
   <div class='ocr_carea' id='block_1_51' title="bbox 1984 560 3552 632">
    <p class='ocr_par' dir='ltr' id='par_1_51' title="bbox 1984 560 3552 632">
     <span class='ocr_line' id='line_1_51' title="bbox 1984 560 3552 632; baseline 0.006 -22"><span class='ocrx_word' id='word_1_417' title='bbox 1984 560 2134 612; x_wconf 81' lang='lat' dir='ltr'><strong>nefas</strong></span> <span class='ocrx_word' id='word_1_418' title='bbox 2189 574 2315 612; x_wconf 81' lang='lat' dir='ltr'><strong>vero</strong></span> <span class='ocrx_word' id='word_1_419' title='bbox 2371 569 2454 613; x_wconf 88' lang='lat' dir='ltr'><strong>est</strong></span> <span class='ocrx_word' id='word_1_420' title='bbox 2512 569 2814 612; x_wconf 71' lang='lat' dir='ltr'><strong>creaturam</strong></span> <span class='ocrx_word' id='word_1_421' title='bbox 2860 561 3009 613; x_wconf 89' lang='lat' dir='ltr'><strong>illum</strong></span> <span class='ocrx_word' id='word_1_422' title='bbox 3058 577 3274 626; x_wconf 81' lang='lat' dir='ltr'><strong>vocare,</strong></span> <span class='ocrx_word' id='word_1_423' title='bbox 3323 566 3412 632; x_wconf 93' lang='lat' dir='ltr'><strong>qui</strong></span> <span class='ocrx_word' id='word_1_424' title='bbox 3461 565 3552 620; x_wconf 89' lang='lat' dir='ltr'><strong>Dei</strong></span> 
     </span>
    </p>
   </div>
   <div class='ocr_carea' id='block_1_52' title="bbox 1983 650 3550 722">
    <p class='ocr_par' dir='ltr' id='par_1_52' title="bbox 1983 650 3550 722">
     <span class='ocr_line' id='line_1_52' title="bbox 1983 650 3550 722; baseline 0.004 -20"><span class='ocrx_word' id='word_1_425' title='bbox 1983 661 2264 704; x_wconf 89' lang='lat' dir='ltr'><strong>creaturas</strong></span> <span class='ocrx_word' id='word_1_426' title='bbox 2298 660 2468 713; x_wconf 80' lang='lat' dir='ltr'><strong>creat,</strong></span> <span class='ocrx_word' id='word_1_427' title='bbox 2511 661 2565 703; x_wconf 90' lang='lat' dir='ltr'><strong>et</strong></span> <span class='ocrx_word' id='word_1_428' title='bbox 2621 651 2725 703; x_wconf 95' lang='lat' dir='ltr'><strong>vim</strong></span> <span class='ocrx_word' id='word_1_429' title='bbox 2773 650 2904 718; x_wconf 90' lang='lat' dir='ltr'><strong>ipsis</strong></span> <span class='ocrx_word' id='word_1_430' title='bbox 2936 668 3151 707; x_wconf 86' lang='lat' dir='ltr'><strong>omnem</strong></span> <span class='ocrx_word' id='word_1_431' title='bbox 3198 656 3502 722; x_wconf 83' lang='lat' dir='ltr'><strong>intpertitur</strong></span> <span class='ocrx_word' id='word_1_432' title='bbox 3537 675 3550 709; x_wconf 89' lang='lat'><strong>:</strong></span> 
     </span>
    </p>
   </div>
   <div class='ocr_carea' id='block_1_53' title="bbox 1984 741 3554 816">
    <p class='ocr_par' dir='ltr' id='par_1_53' title="bbox 1984 741 3554 816">
     <span class='ocr_line' id='line_1_53' title="bbox 1984 741 3554 816; baseline 0.005 -22"><span class='ocrx_word' id='word_1_433' title='bbox 1984 743 2156 810; x_wconf 87' lang='lat' dir='ltr'><strong>ipsum</strong></span> <span class='ocrx_word' id='word_1_434' title='bbox 2220 743 2366 794; x_wconf 90' lang='lat' dir='ltr'><strong>enim</strong></span> <span class='ocrx_word' id='word_1_435' title='bbox 2415 741 2574 796; x_wconf 84' lang='lat' dir='ltr'><strong>simul</strong></span> <span class='ocrx_word' id='word_1_436' title='bbox 2625 757 2746 794; x_wconf 89' lang='lat' dir='ltr'><strong>cum</strong></span> <span class='ocrx_word' id='word_1_437' title='bbox 2783 742 2892 796; x_wconf 90' lang='lat' dir='ltr'><strong>Deo</strong></span> <span class='ocrx_word' id='word_1_438' title='bbox 2929 746 3166 812; x_wconf 86' lang='lat' dir='ltr'><strong>operari,</strong></span> <span class='ocrx_word' id='word_1_439' title='bbox 3201 756 3255 800; x_wconf 89' lang='lat' dir='ltr'><strong>et</strong></span> <span class='ocrx_word' id='word_1_440' title='bbox 3295 745 3405 800; x_wconf 84' lang='lat' dir='ltr'><strong>Deo</strong></span> <span class='ocrx_word' id='word_1_441' title='bbox 3454 748 3554 816; x_wconf 92' lang='lat' dir='ltr'><strong>ipsi</strong></span> 
     </span>
    </p>
   </div>
   <div class='ocr_carea' id='block_1_54' title="bbox 1983 831 3555 906">
    <p class='ocr_par' dir='ltr' id='par_1_54' title="bbox 1983 831 3555 906">
     <span class='ocr_line' id='line_1_54' title="bbox 1983 831 3555 906; baseline 0.006 -22"><span class='ocrx_word' id='word_1_442' title='bbox 1983 831 2497 886; x_wconf 76' lang='lat' dir='ltr'><strong>consubstantialem</strong></span> <span class='ocrx_word' id='word_1_443' title='bbox 2544 847 2684 897; x_wconf 83' lang='lat' dir='ltr'><strong>esse,</strong></span> <span class='ocrx_word' id='word_1_444' title='bbox 2730 842 2912 902; x_wconf 87' lang='lat' dir='ltr'><strong>utpote</strong></span> <span class='ocrx_word' id='word_1_445' title='bbox 2949 835 3040 904; x_wconf 87' lang='lat' dir='ltr'><strong>qui</strong></span> <span class='ocrx_word' id='word_1_446' title='bbox 3089 835 3324 904; x_wconf 72' lang='lat' dir='ltr'><strong>Spiritus</strong></span> <span class='ocrx_word' id='word_1_447' title='bbox 3363 839 3555 906; x_wconf 79' lang='lat' dir='ltr'><strong>ipsius,</strong></span> 
     </span>
    </p>
   </div>
   <div class='ocr_carea' id='block_1_55' title="bbox 1983 921 3552 995">
    <p class='ocr_par' dir='ltr' id='par_1_55' title="bbox 1983 921 3552 995">
     <span class='ocr_line' id='line_1_55' title="bbox 1983 921 3552 995; baseline 0.004 -21"><span class='ocrx_word' id='word_1_448' title='bbox 1983 936 2047 975; x_wconf 88' lang='lat' dir='ltr'><strong>ac</strong></span> <span class='ocrx_word' id='word_1_449' title='bbox 2081 921 2292 992; x_wconf 85' lang='lat' dir='ltr'><strong>Digitus</strong></span> <span class='ocrx_word' id='word_1_450' title='bbox 2347 932 2448 986; x_wconf 89' lang='lat' dir='ltr'><strong>est,</strong></span> <span class='ocrx_word' id='word_1_451' title='bbox 2511 932 2569 976; x_wconf 91' lang='lat' dir='ltr'><strong>ut</strong></span> <span class='ocrx_word' id='word_1_452' title='bbox 2622 923 2692 990; x_wconf 75' lang='lat' dir='ltr'><strong>in}</strong></span> <span class='ocrx_word' id='word_1_453' title='bbox 2720 923 2897 992; x_wconf 89' lang='lat' dir='ltr'><strong>primo</strong></span> <span class='ocrx_word' id='word_1_454' title='bbox 2955 924 3094 979; x_wconf 91' lang='lat' dir='ltr'><strong>libro</strong></span> <span class='ocrx_word' id='word_1_455' title='bbox 3132 926 3552 995; x_wconf 64' lang='lat' dir='ltr'><strong>(SD-ostensum</strong></span> 
     </span>
    </p>
   </div>
   <div class='ocr_carea' id='block_1_56' title="bbox 1985 1012 3555 1087">
    <p class='ocr_par' dir='ltr' id='par_1_56' title="bbox 1985 1012 3555 1087">
     <span class='ocr_line' id='line_1_56' title="bbox 1985 1012 3555 1087; baseline 0.001 -21"><span class='ocrx_word' id='word_1_456' title='bbox 1985 1012 2106 1076; x_wconf 85' lang='lat' dir='ltr'><strong>fuit,</strong></span> <span class='ocrx_word' id='word_1_457' title='bbox 2139 1014 2364 1084; x_wconf 84' lang='lat' dir='ltr'><strong>mystice</strong></span> <span class='ocrx_word' id='word_1_458' title='bbox 2405 1014 2673 1075; x_wconf 82' lang='lat' dir='ltr'><strong>indicans,</strong></span> <span class='ocrx_word' id='word_1_459' title='bbox 2703 1015 3167 1085; x_wconf 88' lang='lat' dir='ltr'><strong>comprobansque</strong></span> <span class='ocrx_word' id='word_1_460' title='bbox 3199 1018 3251 1070; x_wconf 93' lang='lat' dir='ltr'><strong>in</strong></span> <span class='ocrx_word' id='word_1_461' title='bbox 3287 1033 3376 1072; x_wconf 89' lang='lat' dir='ltr'><strong>vnt</strong></span> <span class='ocrx_word' id='word_1_462' title='bbox 3414 1019 3555 1087; x_wconf 80' lang='lat' dir='ltr'><strong>psal-</strong></span> 
     </span>
    </p>
   </div>
   <div class='ocr_carea' id='block_1_57' title="bbox 1984 1103 3555 1175">
    <p class='ocr_par' dir='ltr' id='par_1_57' title="bbox 1984 1103 3555 1175">
     <span class='ocr_line' id='line_1_57' title="bbox 1984 1103 3555 1175; baseline 0.004 -20"><span class='ocrx_word' id='word_1_463' title='bbox 1984 1117 2072 1155; x_wconf 87' lang='lat' dir='ltr'><strong>mo</strong></span> <span class='ocrx_word' id='word_1_464' title='bbox 2098 1103 2178 1157; x_wconf 92' lang='lat' dir='ltr'><strong>sic</strong></span> <span class='ocrx_word' id='word_1_465' title='bbox 2205 1103 2490 1172; x_wconf 79' lang='lat' dir='ltr'><strong>prophetat</strong></span> <span class='ocrx_word' id='word_1_466' title='bbox 2522 1103 2685 1158; x_wconf 82' lang='lat' dir='ltr'><strong>David</strong></span> <span class='ocrx_word' id='word_1_467' title='bbox 2713 1121 2728 1158; x_wconf 85' lang='lat'><strong>:</strong></span> <span class='ocrx_word' id='word_1_468' title='bbox 2754 1123 2772 1156; x_wconf 85' lang='grc' dir='ltr'><strong>ι</strong></span> <span class='ocrx_word' id='word_1_469' title='bbox 2798 1105 3062 1170; x_wconf 73' lang='lat' dir='ltr'><strong>Quoniam</strong></span> <span class='ocrx_word' id='word_1_470' title='bbox 3077 1105 3186 1175; x_wconf 76' lang='lat'><strong>(89.)</strong></span> <span class='ocrx_word' id='word_1_471' title='bbox 3222 1107 3413 1161; x_wconf 85' lang='lat' dir='ltr'><strong>videbo</strong></span> <span class='ocrx_word' id='word_1_472' title='bbox 3443 1122 3555 1162; x_wconf 68' lang='lat' dir='ltr'><strong>cru-</strong></span> 
     </span>
    </p>
   </div>
   <div class='ocr_carea' id='block_1_58' title="bbox 1984 1195 3555 1265">
    <p class='ocr_par' dir='ltr' id='par_1_58' title="bbox 1984 1195 3555 1265">
     <span class='ocr_line' id='line_1_58' title="bbox 1984 1195 3555 1265; baseline 0.003 -16"><span class='ocrx_word' id='word_1_473' title='bbox 1984 1195 2085 1260; x_wconf 92' lang='lat' dir='ltr'><strong>los,</strong></span> <span class='ocrx_word' id='word_1_474' title='bbox 2120 1209 2282 1264; x_wconf 86' lang='lat' dir='ltr'><strong>opera</strong></span> <span class='ocrx_word' id='word_1_475' title='bbox 2314 1195 2602 1265; x_wconf 86' lang='lat' dir='ltr'><strong>digitorum</strong></span> <span class='ocrx_word' id='word_1_476' title='bbox 2653 1205 2887 1250; x_wconf 85' lang='lat' dir='ltr'><strong>tuorum.</strong></span> <span class='ocrx_word' id='word_1_477' title='bbox 2923 1214 2942 1248; x_wconf 80' lang='grc' dir='ltr'><strong>ι</strong></span> <span class='ocrx_word' id='word_1_478' title='bbox 2982 1196 3153 1252; x_wconf 82' lang='lat' dir='ltr'><strong>Moses</strong></span> <span class='ocrx_word' id='word_1_479' title='bbox 3196 1213 3326 1252; x_wconf 84' lang='lat' dir='ltr'><strong>vero</strong></span> <span class='ocrx_word' id='word_1_480' title='bbox 3354 1198 3406 1252; x_wconf 89' lang='lat' dir='ltr'><strong>in</strong></span> <span class='ocrx_word' id='word_1_481' title='bbox 3446 1197 3555 1253; x_wconf 89' lang='lat' dir='ltr'><strong>Ge-</strong></span> 
     </span>
    </p>
   </div>
   <div class='ocr_carea' id='block_1_59' title="bbox 1986 1285 3558 1360">
    <p class='ocr_par' dir='ltr' id='par_1_59' title="bbox 1986 1285 3558 1360">
     <span class='ocr_line' id='line_1_59' title="bbox 1986 1285 3558 1360; baseline 0.002 -21"><span class='ocrx_word' id='word_1_482' title='bbox 1986 1287 2100 1340; x_wconf 88' lang='lat' dir='ltr'><strong>nesi</strong></span> <span class='ocrx_word' id='word_1_483' title='bbox 2125 1302 2189 1340; x_wconf 82' lang='lat' dir='ltr'><strong>ex</strong></span> <span class='ocrx_word' id='word_1_484' title='bbox 2223 1300 2449 1354; x_wconf 90' lang='lat' dir='ltr'><strong>persona</strong></span> <span class='ocrx_word' id='word_1_485' title='bbox 2479 1285 2572 1340; x_wconf 90' lang='lat' dir='ltr'><strong>Dei</strong></span> <span class='ocrx_word' id='word_1_486' title='bbox 2609 1295 2664 1340; x_wconf 92' lang='lat' dir='ltr'><strong>et</strong></span> <span class='ocrx_word' id='word_1_487' title='bbox 2691 1286 2866 1340; x_wconf 81' lang='lat' dir='ltr'><strong>Patris</strong></span> <span class='ocrx_word' id='word_1_488' title='bbox 2901 1286 3118 1350; x_wconf 88' lang='lat' dir='ltr'><strong>Filium,</strong></span> <span class='ocrx_word' id='word_1_489' title='bbox 3152 1287 3313 1360; x_wconf 64' lang='grc'><strong>184</strong></span> <span class='ocrx_word' id='word_1_490' title='bbox 3336 1298 3388 1342; x_wconf 90' lang='lat' dir='ltr'><strong>et</strong></span> <span class='ocrx_word' id='word_1_491' title='bbox 3433 1304 3558 1342; x_wconf 83' lang='lat' dir='ltr'><strong>san-</strong></span> 
     </span>
    </p>
   </div>
   <div class='ocr_carea' id='block_1_60' title="bbox 1984 1377 3554 1451">
    <p class='ocr_par' dir='ltr' id='par_1_60' title="bbox 1984 1377 3554 1451">
     <span class='ocr_line' id='line_1_60' title="bbox 1984 1377 3554 1451; baseline 0.001 -19"><span class='ocrx_word' id='word_1_492' title='bbox 1984 1388 2130 1433; x_wconf 87' lang='lat' dir='ltr'><strong>ctum</strong></span> <span class='ocrx_word' id='word_1_493' title='bbox 2167 1377 2282 1444; x_wconf 84' lang='lat' dir='ltr'><strong>ejus</strong></span> <span class='ocrx_word' id='word_1_494' title='bbox 2314 1379 2574 1447; x_wconf 89' lang='lat' dir='ltr'><strong>Spiritum</strong></span> <span class='ocrx_word' id='word_1_495' title='bbox 2599 1379 2676 1434; x_wconf 84' lang='lat' dir='ltr'><strong>sic</strong></span> <span class='ocrx_word' id='word_1_496' title='bbox 2709 1378 2999 1449; x_wconf 89' lang='lat' dir='ltr'><strong>alloquitur</strong></span> <span class='ocrx_word' id='word_1_497' title='bbox 3027 1397 3040 1433; x_wconf 90' lang='lat'><strong>:</strong></span> <span class='ocrx_word' id='word_1_498' title='bbox 3076 1397 3094 1429; x_wconf 79' lang='grc' dir='ltr'><strong>ι</strong></span> <span class='ocrx_word' id='word_1_499' title='bbox 3128 1380 3415 1435; x_wconf 85' lang='lat' dir='ltr'><strong>Faciamus</strong></span> <span class='ocrx_word' id='word_1_500' title='bbox 3445 1382 3554 1451; x_wconf 78' lang='grc'>(85)</span> 
     </span>
    </p>
   </div>
   <div class='ocr_carea' id='block_1_61' title="bbox 1988 1465 3554 1536">
    <p class='ocr_par' dir='ltr' id='par_1_61' title="bbox 1988 1465 3554 1536">
     <span class='ocr_line' id='line_1_61' title="bbox 1988 1465 3554 1536; baseline 0.001 -15"><span class='ocrx_word' id='word_1_501' title='bbox 1988 1467 2261 1521; x_wconf 84' lang='lat' dir='ltr'><strong>hominem</strong></span> <span class='ocrx_word' id='word_1_502' title='bbox 2281 1465 2434 1534; x_wconf 80' lang='lat' dir='ltr'><strong>juxta</strong></span> <span class='ocrx_word' id='word_1_503' title='bbox 2461 1468 2744 1536; x_wconf 76' lang='lat' dir='ltr'><strong>imaginem</strong></span> <span class='ocrx_word' id='word_1_504' title='bbox 2773 1479 2827 1522; x_wconf 91' lang='lat' dir='ltr'><strong>et</strong></span> <span class='ocrx_word' id='word_1_505' title='bbox 2850 1469 3258 1524; x_wconf 87' lang='lat' dir='ltr'><strong>similitudinem</strong></span> <span class='ocrx_word' id='word_1_506' title='bbox 3291 1480 3554 1533; x_wconf 86' lang='lat' dir='ltr'><strong>nostram,</strong></span> 
     </span>
    </p>
   </div>
   <div class='ocr_carea' id='block_1_62' title="bbox 1983 1557 3554 1628">
    <p class='ocr_par' dir='ltr' id='par_1_62' title="bbox 1983 1557 3554 1628">
     <span class='ocr_line' id='line_1_62' title="bbox 1983 1557 3554 1628; baseline 0.001 -16"><span class='ocrx_word' id='word_1_507' title='bbox 1983 1569 2038 1612; x_wconf 92' lang='lat' dir='ltr'><strong>et</strong></span> <span class='ocrx_word' id='word_1_508' title='bbox 2066 1558 2407 1612; x_wconf 76' lang='lat' dir='ltr'><strong>dominentur</strong></span> <span class='ocrx_word' id='word_1_509' title='bbox 2428 1558 2482 1612; x_wconf 93' lang='lat' dir='ltr'><strong>in</strong></span> <span class='ocrx_word' id='word_1_510' title='bbox 2515 1557 2769 1628; x_wconf 73' lang='lat' dir='ltr'><strong>illa,qu:e</strong></span> <span class='ocrx_word' id='word_1_511' title='bbox 2791 1571 2917 1614; x_wconf 88' lang='lat' dir='ltr'><strong>sunt</strong></span> <span class='ocrx_word' id='word_1_512' title='bbox 2954 1561 3006 1614; x_wconf 91' lang='lat' dir='ltr'><strong>in</strong></span> <span class='ocrx_word' id='word_1_513' title='bbox 3040 1569 3200 1614; x_wconf 84' lang='lat' dir='ltr'><strong>terra.</strong></span> <span class='ocrx_word' id='word_1_514' title='bbox 3231 1580 3262 1612; x_wconf 72' lang='grc' dir='ltr'>ι.</span> <span class='ocrx_word' id='word_1_515' title='bbox 3284 1560 3393 1616; x_wconf 84' lang='lat' dir='ltr'><strong>Nec</strong></span> <span class='ocrx_word' id='word_1_516' title='bbox 3408 1563 3554 1616; x_wconf 89' lang='lat' dir='ltr'><strong>enim</strong></span> 
     </span>
    </p>
   </div>
   <div class='ocr_carea' id='block_1_63' title="bbox 1985 1652 3558 1724">
    <p class='ocr_par' dir='ltr' id='par_1_63' title="bbox 1985 1652 3558 1724">
     <span class='ocr_line' id='line_1_63' title="bbox 1985 1652 3558 1724; baseline 0.002 -21"><span class='ocrx_word' id='word_1_517' title='bbox 1985 1663 2383 1718; x_wconf 84' lang='lat' dir='ltr'><strong>cooperatores,</strong></span> <span class='ocrx_word' id='word_1_518' title='bbox 2419 1659 2511 1703; x_wconf 88' lang='lat' dir='ltr'><strong>aut</strong></span> <span class='ocrx_word' id='word_1_519' title='bbox 2562 1652 2900 1706; x_wconf 89' lang='lat' dir='ltr'><strong>consiliarios</strong></span> <span class='ocrx_word' id='word_1_520' title='bbox 2946 1653 3178 1722; x_wconf 87' lang='lat' dir='ltr'><strong>sumpsit</strong></span> <span class='ocrx_word' id='word_1_521' title='bbox 3223 1653 3362 1708; x_wconf 88' lang='lat' dir='ltr'><strong>Deus</strong></span> <span class='ocrx_word' id='word_1_522' title='bbox 3395 1670 3558 1724; x_wconf 74' lang='lat' dir='ltr'><strong>ange-</strong></span> 
     </span>
    </p>
   </div>
   <div class='ocr_carea' id='block_1_64' title="bbox 1987 1741 3556 1813">
    <p class='ocr_par' dir='ltr' id='par_1_64' title="bbox 1987 1741 3556 1813">
     <span class='ocr_line' id='line_1_64' title="bbox 1987 1741 3556 1813; baseline 0.003 -20"><span class='ocrx_word' id='word_1_523' title='bbox 1987 1741 2088 1808; x_wconf 89' lang='lat' dir='ltr'><strong>los,</strong></span> <span class='ocrx_word' id='word_1_524' title='bbox 2134 1741 2215 1794; x_wconf 87' lang='lat' dir='ltr'><strong>vel</strong></span> <span class='ocrx_word' id='word_1_525' title='bbox 2257 1741 2392 1795; x_wconf 88' lang='lat' dir='ltr'><strong>alios</strong></span> <span class='ocrx_word' id='word_1_526' title='bbox 2420 1742 2643 1809; x_wconf 81' lang='lat' dir='ltr'><strong>Spiritus</strong></span> <span class='ocrx_word' id='word_1_527' title='bbox 2690 1764 2704 1800; x_wconf 92' lang='lat'>:</span> <span class='ocrx_word' id='word_1_528' title='bbox 2738 1746 2992 1813; x_wconf 83' lang='lat' dir='ltr'><strong>quOniam</strong></span> <span class='ocrx_word' id='word_1_529' title='bbox 3034 1759 3224 1800; x_wconf 86' lang='lat' dir='ltr'><strong>servus</strong></span> <span class='ocrx_word' id='word_1_530' title='bbox 3249 1761 3352 1799; x_wconf 88' lang='lat' dir='ltr'><strong>tton</strong></span> <span class='ocrx_word' id='word_1_531' title='bbox 3388 1745 3556 1812; x_wconf 89' lang='lat' dir='ltr'><strong>novit,</strong></span> 
     </span>
    </p>
   </div>
   <div class='ocr_carea' id='block_1_65' title="bbox 1984 1826 3555 1905">
    <p class='ocr_par' dir='ltr' id='par_1_65' title="bbox 1984 1826 3555 1905">
     <span class='ocr_line' id='line_1_65' title="bbox 1984 1826 3555 1905; baseline 0.004 -21"><span class='ocrx_word' id='word_1_532' title='bbox 1984 1833 2112 1899; x_wconf 84' lang='lat' dir='ltr'><strong>quid</strong></span> <span class='ocrx_word' id='word_1_533' title='bbox 2145 1833 2307 1886; x_wconf 80' lang='lat' dir='ltr'><strong>faciat</strong></span> <span class='ocrx_word' id='word_1_534' title='bbox 2363 1826 2611 1888; x_wconf 83' lang='lat' dir='ltr'><strong>dominus</strong></span> <span class='ocrx_word' id='word_1_535' title='bbox 2646 1835 2810 1904; x_wconf 87' lang='lat' dir='ltr'><strong>ejus;</strong></span> <span class='ocrx_word' id='word_1_536' title='bbox 2849 1851 3021 1905; x_wconf 88' lang='lat' dir='ltr'><strong>neque</strong></span> <span class='ocrx_word' id='word_1_537' title='bbox 3073 1836 3404 1890; x_wconf 83' lang='lat' dir='ltr'><strong>inveniemus</strong></span> <span class='ocrx_word' id='word_1_538' title='bbox 3434 1852 3555 1890; x_wconf 88' lang='lat' dir='ltr'><strong>eum</strong></span> 
     </span>
    </p>
   </div>
   <div class='ocr_carea' id='block_1_66' title="bbox 1983 1926 3556 1996">
    <p class='ocr_par' dir='ltr' id='par_1_66' title="bbox 1983 1926 3556 1996">
     <span class='ocr_line' id='line_1_66' title="bbox 1983 1926 3556 1996; baseline 0.004 -19"><span class='ocrx_word' id='word_1_539' title='bbox 1983 1940 2216 1993; x_wconf 86' lang='lat' dir='ltr'><strong>unquam</strong></span> <span class='ocrx_word' id='word_1_540' title='bbox 2271 1926 2336 1979; x_wconf 88' lang='lat' dir='ltr'><strong>ad</strong></span> <span class='ocrx_word' id='word_1_541' title='bbox 2385 1927 2714 1981; x_wconf 87' lang='lat' dir='ltr'><strong>creationem</strong></span> <span class='ocrx_word' id='word_1_542' title='bbox 2775 1927 2978 1982; x_wconf 84' lang='lat' dir='ltr'><strong>sociam</strong></span> <span class='ocrx_word' id='word_1_543' title='bbox 3032 1927 3132 1982; x_wconf 84' lang='lat' dir='ltr'><strong>sibi</strong></span> <span class='ocrx_word' id='word_1_544' title='bbox 3197 1929 3556 1996; x_wconf 75' lang='lat' dir='ltr'><strong>assumpsisse</strong></span> 
     </span>
    </p>
   </div>
   <div class='ocr_carea' id='block_1_67' title="bbox 1983 2017 3554 2088">
    <p class='ocr_par' dir='ltr' id='par_1_67' title="bbox 1983 2017 3554 2088">
     <span class='ocr_line' id='line_1_67' title="bbox 1983 2017 3554 2088; baseline 0 -18"><span class='ocrx_word' id='word_1_545' title='bbox 1983 2027 2286 2072; x_wconf 87' lang='lat' dir='ltr'><strong>creaturam</strong></span> <span class='ocrx_word' id='word_1_546' title='bbox 2337 2017 2510 2088; x_wconf 92' lang='lat' dir='ltr'><strong>(sicut</strong></span> <span class='ocrx_word' id='word_1_547' title='bbox 2575 2017 2735 2070; x_wconf 84' lang='lat' dir='ltr'><strong>David</strong></span> <span class='ocrx_word' id='word_1_548' title='bbox 2781 2019 2959 2087; x_wconf 88' lang='lat' dir='ltr'><strong>psaliit</strong></span> <span class='ocrx_word' id='word_1_549' title='bbox 3006 2019 3055 2071; x_wconf 88' lang='lat' dir='ltr'><strong>itt</strong></span> <span class='ocrx_word' id='word_1_550' title='bbox 3115 2033 3262 2071; x_wconf 68' lang='grc' dir='ltr'>χχχιι</span> <span class='ocrx_word' id='word_1_551' title='bbox 3306 2019 3554 2086; x_wconf 84' lang='lat' dir='ltr'><strong>psalmo:</strong></span> 
     </span>
    </p>
   </div>
   <div class='ocr_carea' id='block_1_68' title="bbox 1990 2107 3556 2179">
    <p class='ocr_par' dir='ltr' id='par_1_68' title="bbox 1990 2107 3556 2179">
     <span class='ocr_line' id='line_1_68' title="bbox 1990 2107 3556 2179; baseline 0 -17"><span class='ocrx_word' id='word_1_552' title='bbox 1990 2127 2008 2158; x_wconf 74' lang='grc' dir='ltr'><strong>ι</strong></span> <span class='ocrx_word' id='word_1_553' title='bbox 2060 2109 2159 2174; x_wconf 81' lang='lat' dir='ltr'><strong>Qui</strong></span> <span class='ocrx_word' id='word_1_554' title='bbox 2203 2107 2492 2179; x_wconf 62' lang='lat' dir='ltr'><strong>liuxit(84).</strong></span> <span class='ocrx_word' id='word_1_555' title='bbox 2527 2109 2838 2179; x_wconf 76' lang='lat' dir='ltr'><strong>singillatim</strong></span> <span class='ocrx_word' id='word_1_556' title='bbox 2898 2109 3059 2162; x_wconf 87' lang='lat' dir='ltr'><strong>corda</strong></span> <span class='ocrx_word' id='word_1_557' title='bbox 3107 2123 3314 2164; x_wconf 88' lang='lat' dir='ltr'><strong>eorum.</strong></span> <span class='ocrx_word' id='word_1_558' title='bbox 3350 2128 3368 2160; x_wconf 76' lang='grc' dir='ltr'><strong>ι</strong></span> <span class='ocrx_word' id='word_1_559' title='bbox 3408 2110 3472 2164; x_wconf 85' lang='lat' dir='ltr'><strong>Et</strong></span> <span class='ocrx_word' id='word_1_560' title='bbox 3505 2111 3556 2162; x_wconf 91' lang='lat' dir='ltr'><strong>in</strong></span> 
     </span>
    </p>
   </div>
   <div class='ocr_carea' id='block_1_69' title="bbox 1983 2203 3556 2274">
    <p class='ocr_par' dir='ltr' id='par_1_69' title="bbox 1983 2203 3556 2274">
     <span class='ocr_line' id='line_1_69' title="bbox 1983 2203 3556 2274; baseline -0.003 -16"><span class='ocrx_word' id='word_1_561' title='bbox 1983 2219 2222 2258; x_wconf 71' lang='lat' dir='ltr'><strong>cxxxvut</strong></span> <span class='ocrx_word' id='word_1_562' title='bbox 2254 2223 2267 2258; x_wconf 88' lang='lat'><strong>:</strong></span> <span class='ocrx_word' id='word_1_563' title='bbox 2303 2224 2321 2254; x_wconf 78' lang='grc' dir='ltr'><strong>ι</strong></span> <span class='ocrx_word' id='word_1_564' title='bbox 2356 2204 2470 2259; x_wconf 85' lang='grc' dir='ltr'>Νοιι</span> <span class='ocrx_word' id='word_1_565' title='bbox 2501 2203 2712 2274; x_wconf 77' lang='lat' dir='ltr'><strong>est(85)</strong></span> <span class='ocrx_word' id='word_1_566' title='bbox 2750 2203 3073 2258; x_wconf 89' lang='lat' dir='ltr'><strong>occultatum</strong></span> <span class='ocrx_word' id='word_1_567' title='bbox 3113 2219 3176 2258; x_wconf 86' lang='lat' dir='ltr'><strong>os</strong></span> <span class='ocrx_word' id='word_1_568' title='bbox 3215 2219 3388 2258; x_wconf 85' lang='lat' dir='ltr'><strong>meum</strong></span> <span class='ocrx_word' id='word_1_569' title='bbox 3419 2218 3448 2254; x_wconf 89' lang='lat' dir='ltr'><strong>a</strong></span> <span class='ocrx_word' id='word_1_570' title='bbox 3483 2212 3556 2261; x_wconf 83' lang='lat' dir='ltr'><strong>te.</strong></span> 
     </span>
    </p>
   </div>
   <div class='ocr_carea' id='block_1_70' title="bbox 1985 2293 3559 2363">
    <p class='ocr_par' dir='ltr' id='par_1_70' title="bbox 1985 2293 3559 2363">
     <span class='ocr_line' id='line_1_70' title="bbox 1985 2293 3559 2363; baseline -0.001 -17"><span class='ocrx_word' id='word_1_571' title='bbox 1985 2297 2125 2363; x_wconf 90' lang='lat' dir='ltr'><strong>quod</strong></span> <span class='ocrx_word' id='word_1_572' title='bbox 2164 2293 2340 2348; x_wconf 81' lang='lat' dir='ltr'><strong>fecisti</strong></span> <span class='ocrx_word' id='word_1_573' title='bbox 2368 2296 2422 2348; x_wconf 92' lang='lat' dir='ltr'><strong>in</strong></span> <span class='ocrx_word' id='word_1_574' title='bbox 2457 2295 2710 2361; x_wconf 87' lang='lat' dir='ltr'><strong>occulto;</strong></span> <span class='ocrx_word' id='word_1_575' title='bbox 2746 2313 2764 2346; x_wconf 73' lang='grc' dir='ltr'><strong>ι</strong></span> <span class='ocrx_word' id='word_1_576' title='bbox 2795 2305 2848 2348; x_wconf 83' lang='lat' dir='ltr'><strong>et</strong></span> <span class='ocrx_word' id='word_1_577' title='bbox 2876 2295 3013 2348; x_wconf 86' lang='lat' dir='ltr'><strong>sicut</strong></span> <span class='ocrx_word' id='word_1_578' title='bbox 3045 2293 3240 2348; x_wconf 84' lang='lat' dir='ltr'><strong>Paulus</strong></span> <span class='ocrx_word' id='word_1_579' title='bbox 3267 2296 3331 2346; x_wconf 77' lang='lat' dir='ltr'><strong>al</strong></span> <span class='ocrx_word' id='word_1_580' title='bbox 3363 2293 3559 2346; x_wconf 69' lang='lat' dir='ltr'><strong>lloma-</strong></span> 
     </span>
    </p>
   </div>
   <div class='ocr_carea' id='block_1_71' title="bbox 1986 2384 3557 2456">
    <p class='ocr_par' dir='ltr' id='par_1_71' title="bbox 1986 2384 3557 2456">
     <span class='ocr_line' id='line_1_71' title="bbox 1986 2384 3557 2456; baseline -0.004 -14"><span class='ocrx_word' id='word_1_581' title='bbox 1986 2402 2083 2442; x_wconf 89' lang='lat' dir='ltr'><strong>nos</strong></span> <span class='ocrx_word' id='word_1_582' title='bbox 2110 2389 2343 2442; x_wconf 89' lang='lat' dir='ltr'><strong>scribit:</strong></span> <span class='ocrx_word' id='word_1_583' title='bbox 2379 2405 2398 2437; x_wconf 81' lang='grc' dir='ltr'><strong>ι</strong></span> <span class='ocrx_word' id='word_1_584' title='bbox 2429 2386 2560 2453; x_wconf 81' lang='lat' dir='ltr'><strong>Quis</strong></span> <span class='ocrx_word' id='word_1_585' title='bbox 2605 2387 2747 2440; x_wconf 89' lang='lat' dir='ltr'><strong>enim</strong></span> <span class='ocrx_word' id='word_1_586' title='bbox 2795 2384 2916 2456; x_wconf 85' lang='grc'>(86)</span> <span class='ocrx_word' id='word_1_587' title='bbox 2965 2385 3112 2439; x_wconf 82' lang='lat' dir='ltr'><strong>novit</strong></span> <span class='ocrx_word' id='word_1_588' title='bbox 3165 2394 3394 2438; x_wconf 86' lang='lat' dir='ltr'><strong>mentem</strong></span> <span class='ocrx_word' id='word_1_589' title='bbox 3454 2385 3557 2437; x_wconf 88' lang='lat' dir='ltr'><strong>Do-</strong></span> 
     </span>
    </p>
   </div>
   <div class='ocr_carea' id='block_1_72' title="bbox 1986 2478 3556 2550">
    <p class='ocr_par' dir='ltr' id='par_1_72' title="bbox 1986 2478 3556 2550">
     <span class='ocr_line' id='line_1_72' title="bbox 1986 2478 3556 2550; baseline -0.003 -17"><span class='ocrx_word' id='word_1_590' title='bbox 1986 2480 2140 2543; x_wconf 87' lang='lat' dir='ltr'><strong>mini,</strong></span> <span class='ocrx_word' id='word_1_591' title='bbox 2179 2488 2272 2533; x_wconf 92' lang='lat' dir='ltr'><strong>aut</strong></span> <span class='ocrx_word' id='word_1_592' title='bbox 2304 2481 2425 2548; x_wconf 88' lang='lat' dir='ltr'><strong>quis</strong></span> <span class='ocrx_word' id='word_1_593' title='bbox 2451 2481 2789 2535; x_wconf 77' lang='lat' dir='ltr'><strong>consiliarius</strong></span> <span class='ocrx_word' id='word_1_594' title='bbox 2822 2482 2938 2550; x_wconf 80' lang='lat' dir='ltr'><strong>ejus</strong></span> <span class='ocrx_word' id='word_1_595' title='bbox 2972 2480 3099 2533; x_wconf 84' lang='lat' dir='ltr'><strong>fuit?</strong></span> <span class='ocrx_word' id='word_1_596' title='bbox 3129 2498 3147 2529; x_wconf 74' lang='grc' dir='ltr'><strong>ι</strong></span> <span class='ocrx_word' id='word_1_597' title='bbox 3192 2479 3248 2532; x_wconf 79' lang='grc' dir='ltr'><strong>ΙιΙ</strong></span> <span class='ocrx_word' id='word_1_598' title='bbox 3277 2487 3378 2540; x_wconf 88' lang='lat' dir='ltr'><strong>est,</strong></span> <span class='ocrx_word' id='word_1_599' title='bbox 3416 2478 3556 2530; x_wconf 76' lang='lat' dir='ltr'><strong>nulla</strong></span> 
     </span>
    </p>
   </div>
   <div class='ocr_carea' id='block_1_73' title="bbox 1986 2570 3554 2641">
    <p class='ocr_par' dir='ltr' id='par_1_73' title="bbox 1986 2570 3554 2641">
     <span class='ocr_line' id='line_1_73' title="bbox 1986 2570 3554 2641; baseline -0.002 -17"><span class='ocrx_word' id='word_1_600' title='bbox 1986 2586 2050 2624; x_wconf 82' lang='lat' dir='ltr'><strong>ex</strong></span> <span class='ocrx_word' id='word_1_601' title='bbox 2095 2572 2380 2626; x_wconf 88' lang='lat' dir='ltr'><strong>creaturis.</strong></span> <span class='ocrx_word' id='word_1_602' title='bbox 2421 2570 2548 2624; x_wconf 88' lang='lat' dir='ltr'><strong>Illud</strong></span> <span class='ocrx_word' id='word_1_603' title='bbox 2591 2572 2758 2637; x_wconf 90' lang='lat' dir='ltr'><strong>enim,</strong></span> <span class='ocrx_word' id='word_1_604' title='bbox 2802 2591 2820 2623; x_wconf 79' lang='grc' dir='ltr'><strong>ι</strong></span> <span class='ocrx_word' id='word_1_605' title='bbox 2860 2571 3141 2641; x_wconf 71' lang='grc' dir='ltr'><strong>ριιὶε(87),</strong></span> <span class='ocrx_word' id='word_1_606' title='bbox 3172 2590 3192 2623; x_wconf 73' lang='grc' dir='ltr'><strong>ι</strong></span> <span class='ocrx_word' id='word_1_607' title='bbox 3240 2572 3346 2626; x_wconf 81' lang='lat' dir='ltr'><strong>late</strong></span> <span class='ocrx_word' id='word_1_608' title='bbox 3387 2582 3554 2639; x_wconf 88' lang='lat' dir='ltr'><strong>patet,</strong></span> 
     </span>
    </p>
   </div>
   <div class='ocr_carea' id='block_1_74' title="bbox 1986 2662 3556 2732">
    <p class='ocr_par' dir='ltr' id='par_1_74' title="bbox 1986 2662 3556 2732">
     <span class='ocr_line' id='line_1_74' title="bbox 1986 2662 3556 2732; baseline -0.001 -16"><span class='ocrx_word' id='word_1_609' title='bbox 1986 2672 2146 2732; x_wconf 87' lang='lat' dir='ltr'><strong>atque</strong></span> <span class='ocrx_word' id='word_1_610' title='bbox 2180 2663 2281 2716; x_wconf 89' lang='lat' dir='ltr'><strong>huc</strong></span> <span class='ocrx_word' id='word_1_611' title='bbox 2325 2662 2634 2731; x_wconf 81' lang='lat' dir='ltr'><strong>significat).</strong></span> <span class='ocrx_word' id='word_1_612' title='bbox 2682 2663 2917 2716; x_wconf 75' lang='lat' dir='ltr'><strong>Dicenda</strong></span> <span class='ocrx_word' id='word_1_613' title='bbox 2977 2674 3154 2716; x_wconf 89' lang='lat' dir='ltr'><strong>autent</strong></span> <span class='ocrx_word' id='word_1_614' title='bbox 3205 2679 3308 2715; x_wconf 87' lang='lat' dir='ltr'><strong>non</strong></span> <span class='ocrx_word' id='word_1_615' title='bbox 3344 2662 3556 2723; x_wconf 82' lang='lat' dir='ltr'><strong>Facite,</strong></span> 
     </span>
    </p>
   </div>
   <div class='ocr_carea' id='block_1_75' title="bbox 1987 2751 3560 2816">
    <p class='ocr_par' dir='ltr' id='par_1_75' title="bbox 1987 2751 3560 2816">
     <span class='ocr_line' id='line_1_75' title="bbox 1987 2751 3560 2816; baseline -0.001 -8"><span class='ocrx_word' id='word_1_616' title='bbox 1987 2756 2079 2808; x_wconf 88' lang='lat' dir='ltr'><strong>sed</strong></span> <span class='ocrx_word' id='word_1_617' title='bbox 2114 2770 2132 2803; x_wconf 81' lang='grc' dir='ltr'><strong>ι</strong></span> <span class='ocrx_word' id='word_1_618' title='bbox 2170 2753 2472 2816; x_wconf 83' lang='lat' dir='ltr'><strong>Faciamus,</strong></span> <span class='ocrx_word' id='word_1_619' title='bbox 2500 2772 2518 2804; x_wconf 78' lang='grc' dir='ltr'><strong>ι</strong></span> <span class='ocrx_word' id='word_1_620' title='bbox 2553 2754 3118 2807; x_wconf 82' lang='lat' dir='ltr'><strong>ostendittninistrum</strong></span> <span class='ocrx_word' id='word_1_621' title='bbox 3159 2768 3263 2807; x_wconf 92' lang='lat' dir='ltr'><strong>non</strong></span> <span class='ocrx_word' id='word_1_622' title='bbox 3309 2771 3433 2806; x_wconf 81' lang='lat' dir='ltr'><strong>esse</strong></span> <span class='ocrx_word' id='word_1_623' title='bbox 3476 2751 3560 2806; x_wconf 86' lang='lat' dir='ltr'><strong>Fi-</strong></span> 
     </span>
    </p>
   </div>
   <div class='ocr_carea' id='block_1_76' title="bbox 1988 2843 3556 2911">
    <p class='ocr_par' dir='ltr' id='par_1_76' title="bbox 1988 2843 3556 2911">
     <span class='ocr_line' id='line_1_76' title="bbox 1988 2843 3556 2911; baseline 0.001 -14"><span class='ocrx_word' id='word_1_624' title='bbox 1988 2844 2142 2907; x_wconf 88' lang='lat' dir='ltr'><strong>lium,</strong></span> <span class='ocrx_word' id='word_1_625' title='bbox 2184 2858 2282 2898; x_wconf 91' lang='lat' dir='ltr'><strong>nec</strong></span> <span class='ocrx_word' id='word_1_626' title='bbox 2313 2843 2575 2911; x_wconf 90' lang='lat' dir='ltr'><strong>Spiritum</strong></span> <span class='ocrx_word' id='word_1_627' title='bbox 2627 2856 2898 2908; x_wconf 86' lang='lat' dir='ltr'><strong>sanctum,</strong></span> <span class='ocrx_word' id='word_1_628' title='bbox 2944 2844 3054 2898; x_wconf 88' lang='lat' dir='ltr'><strong>sed.</strong></span> <span class='ocrx_word' id='word_1_629' title='bbox 3083 2843 3240 2897; x_wconf 90' lang='lat' dir='ltr'><strong>unius</strong></span> <span class='ocrx_word' id='word_1_630' title='bbox 3279 2859 3402 2897; x_wconf 88' lang='lat' dir='ltr'><strong>cum</strong></span> <span class='ocrx_word' id='word_1_631' title='bbox 3442 2843 3556 2910; x_wconf 74' lang='lat' dir='ltr'><strong>ipse</strong></span> 
     </span>
    </p>
   </div>
   <div class='ocr_carea' id='block_1_77' title="bbox 1987 2933 3556 3004">
    <p class='ocr_par' dir='ltr' id='par_1_77' title="bbox 1987 2933 3556 3004">
     <span class='ocr_line' id='line_1_77' title="bbox 1987 2933 3556 3004; baseline -0.004 -14"><span class='ocrx_word' id='word_1_632' title='bbox 1987 2936 2098 2991; x_wconf 89' lang='lat' dir='ltr'><strong>Deo</strong></span> <span class='ocrx_word' id='word_1_633' title='bbox 2143 2936 2396 3004; x_wconf 69' lang='lat' dir='ltr'><strong>potentiae</strong></span> <span class='ocrx_word' id='word_1_634' title='bbox 2439 2944 2496 2989; x_wconf 89' lang='lat' dir='ltr'><strong>et</strong></span> <span class='ocrx_word' id='word_1_635' title='bbox 2531 2934 2824 2988; x_wconf 81' lang='lat' dir='ltr'><strong>voluntatis</strong></span> <span class='ocrx_word' id='word_1_636' title='bbox 2859 2951 2875 2987; x_wconf 89' lang='lat'><strong>:</strong></span> <span class='ocrx_word' id='word_1_637' title='bbox 2920 2933 3291 3000; x_wconf 62' lang='lat' dir='ltr'><strong>suitjttngendo</strong></span> <span class='ocrx_word' id='word_1_638' title='bbox 3337 2941 3556 2998; x_wconf 87' lang='lat' dir='ltr'><strong>autem,</strong></span> 
     </span>
    </p>
   </div>
   <div class='ocr_carea' id='block_1_78' title="bbox 1992 3022 3553 3095">
    <p class='ocr_par' dir='ltr' id='par_1_78' title="bbox 1992 3022 3553 3095">
     <span class='ocr_line' id='line_1_78' title="bbox 1992 3022 3553 3095; baseline -0.004 -16"><span class='ocrx_word' id='word_1_639' title='bbox 1992 3046 2011 3079; x_wconf 77' lang='grc' dir='ltr'><strong>ι</strong></span> <span class='ocrx_word' id='word_1_640' title='bbox 2044 3028 2338 3082; x_wconf 89' lang='lat' dir='ltr'><strong>secundum</strong></span> <span class='ocrx_word' id='word_1_641' title='bbox 2367 3024 2682 3095; x_wconf 82' lang='lat' dir='ltr'><strong>imaginem,</strong></span> <span class='ocrx_word' id='word_1_642' title='bbox 2719 3035 2773 3078; x_wconf 92' lang='lat' dir='ltr'><strong>et</strong></span> <span class='ocrx_word' id='word_1_643' title='bbox 2819 3022 3224 3077; x_wconf 89' lang='lat' dir='ltr'><strong>similitudinem</strong></span> <span class='ocrx_word' id='word_1_644' title='bbox 3249 3028 3510 3085; x_wconf 89' lang='lat' dir='ltr'><strong>nostram,</strong></span> <span class='ocrx_word' id='word_1_645' title='bbox 3531 3037 3553 3073; x_wconf 69' lang='grc' dir='ltr'><strong>ο</strong></span> 
     </span>
    </p>
   </div>
   <div class='ocr_carea' id='block_1_79' title="bbox 1989 3111 3560 3181">
    <p class='ocr_par' dir='ltr' id='par_1_79' title="bbox 1989 3111 3560 3181">
     <span class='ocr_line' id='line_1_79' title="bbox 1989 3111 3560 3181; baseline -0.006 -6"><span class='ocrx_word' id='word_1_646' title='bbox 1989 3137 2150 3175; x_wconf 88' lang='lat' dir='ltr'><strong>unam</strong></span> <span class='ocrx_word' id='word_1_647' title='bbox 2199 3134 2319 3174; x_wconf 89' lang='lat' dir='ltr'><strong>esse</strong></span> <span class='ocrx_word' id='word_1_648' title='bbox 2358 3117 2649 3173; x_wconf 86' lang='lat' dir='ltr'><strong>essentiam</strong></span> <span class='ocrx_word' id='word_1_649' title='bbox 2693 3115 2977 3181; x_wconf 87' lang='lat' dir='ltr'><strong>Trinitati;</strong></span> <span class='ocrx_word' id='word_1_650' title='bbox 3013 3125 3067 3168; x_wconf 87' lang='lat' dir='ltr'><strong>et</strong></span> <span class='ocrx_word' id='word_1_651' title='bbox 3107 3113 3223 3168; x_wconf 66' lang='lat' dir='ltr'><strong>hare</strong></span> <span class='ocrx_word' id='word_1_652' title='bbox 3249 3113 3314 3165; x_wconf 88' lang='lat' dir='ltr'><strong>ad</strong></span> <span class='ocrx_word' id='word_1_653' title='bbox 3342 3111 3560 3180; x_wconf 84' lang='lat' dir='ltr'><strong>angelos</strong></span> 
     </span>
    </p>
   </div>
   <div class='ocr_carea' id='block_1_80' title="bbox 1990 3203 3561 3278">
    <p class='ocr_par' dir='ltr' id='par_1_80' title="bbox 1990 3203 3561 3278">
     <span class='ocr_line' id='line_1_80' title="bbox 1990 3203 3561 3278; baseline -0.005 -10"><span class='ocrx_word' id='word_1_654' title='bbox 1990 3215 2132 3268; x_wconf 87' lang='lat' dir='ltr'><strong>dicta</strong></span> <span class='ocrx_word' id='word_1_655' title='bbox 2169 3229 2275 3268; x_wconf 88' lang='lat' dir='ltr'><strong>non</strong></span> <span class='ocrx_word' id='word_1_656' title='bbox 2324 3226 2446 3267; x_wconf 89' lang='lat' dir='ltr'><strong>esse</strong></span> <span class='ocrx_word' id='word_1_657' title='bbox 2491 3210 2727 3266; x_wconf 84' lang='lat' dir='ltr'><strong>ostendit</strong></span> <span class='ocrx_word' id='word_1_658' title='bbox 2761 3210 2849 3273; x_wconf 90' lang='lat' dir='ltr'><strong>iis,</strong></span> <span class='ocrx_word' id='word_1_659' title='bbox 2897 3207 2986 3278; x_wconf 91' lang='lat' dir='ltr'><strong>qui</strong></span> <span class='ocrx_word' id='word_1_660' title='bbox 3019 3205 3285 3276; x_wconf 88' lang='lat' dir='ltr'><strong>imperite,</strong></span> <span class='ocrx_word' id='word_1_661' title='bbox 3315 3211 3370 3258; x_wconf 91' lang='lat' dir='ltr'><strong>et</strong></span> <span class='ocrx_word' id='word_1_662' title='bbox 3396 3203 3561 3260; x_wconf 85' lang='lat' dir='ltr'><strong>stulte</strong></span> 
     </span>
    </p>
   </div>
   <div class='ocr_carea' id='block_1_81' title="bbox 1987 3293 3561 3374">
    <p class='ocr_par' dir='ltr' id='par_1_81' title="bbox 1987 3293 3561 3374">
     <span class='ocr_line' id='line_1_81' title="bbox 1987 3293 3561 3374; baseline -0.009 -16"><span class='ocrx_word' id='word_1_663' title='bbox 1987 3304 2138 3374; x_wconf 79' lang='lat' dir='ltr'><strong>parvi</strong></span> <span class='ocrx_word' id='word_1_664' title='bbox 2186 3302 2414 3365; x_wconf 88' lang='lat' dir='ltr'><strong>faciunt,</strong></span> <span class='ocrx_word' id='word_1_665' title='bbox 2465 3311 2523 3356; x_wconf 89' lang='lat' dir='ltr'><strong>et</strong></span> <span class='ocrx_word' id='word_1_666' title='bbox 2565 3296 3019 3366; x_wconf 84' lang='lat' dir='ltr'><strong>imminuunt(88)</strong></span> <span class='ocrx_word' id='word_1_667' title='bbox 3049 3297 3114 3367; x_wconf 88' lang='lat' dir='ltr'><strong>(si</strong></span> <span class='ocrx_word' id='word_1_668' title='bbox 3145 3294 3247 3349; x_wconf 85' lang='lat' dir='ltr'><strong>hoc</strong></span> <span class='ocrx_word' id='word_1_669' title='bbox 3272 3295 3389 3348; x_wconf 89' lang='lat' dir='ltr'><strong>sine</strong></span> <span class='ocrx_word' id='word_1_670' title='bbox 3421 3293 3561 3361; x_wconf 83' lang='lat' dir='ltr'><strong>peri-</strong></span> 
     </span>
    </p>
   </div>
   <div class='ocr_carea' id='block_1_82' title="bbox 1985 3383 3558 3459">
    <p class='ocr_par' dir='ltr' id='par_1_82' title="bbox 1985 3383 3558 3459">
     <span class='ocr_line' id='line_1_82' title="bbox 1985 3383 3558 3459; baseline -0.01 -9"><span class='ocrx_word' id='word_1_671' title='bbox 1985 3395 2108 3450; x_wconf 93' lang='lat' dir='ltr'><strong>culo</strong></span> <span class='ocrx_word' id='word_1_672' title='bbox 2138 3393 2341 3448; x_wconf 81' lang='lat' dir='ltr'><strong>homini</strong></span> <span class='ocrx_word' id='word_1_673' title='bbox 2369 3393 2548 3447; x_wconf 83' lang='lat' dir='ltr'><strong>dicere</strong></span> <span class='ocrx_word' id='word_1_674' title='bbox 2575 3392 2720 3459; x_wconf 90' lang='lat' dir='ltr'><strong>licet)</strong></span> <span class='ocrx_word' id='word_1_675' title='bbox 2745 3389 3028 3459; x_wconf 82' lang='lat' dir='ltr'><strong>imaginem</strong></span> <span class='ocrx_word' id='word_1_676' title='bbox 3055 3401 3118 3440; x_wconf 81' lang='lat' dir='ltr'><strong>ac</strong></span> <span class='ocrx_word' id='word_1_677' title='bbox 3149 3383 3558 3441; x_wconf 84' lang='lat' dir='ltr'><strong>similitudinem</strong></span> 
     </span>
    </p>
   </div>
   <div class='ocr_carea' id='block_1_83' title="bbox 1987 3475 3561 3552">
    <p class='ocr_par' dir='ltr' id='par_1_83' title="bbox 1987 3475 3561 3552">
     <span class='ocr_line' id='line_1_83' title="bbox 1987 3475 3561 3552; baseline -0.006 -14"><span class='ocrx_word' id='word_1_678' title='bbox 1987 3484 2159 3539; x_wconf 88' lang='lat' dir='ltr'><strong>forma</strong></span> <span class='ocrx_word' id='word_1_679' title='bbox 2201 3484 2468 3550; x_wconf 87' lang='lat' dir='ltr'><strong>carentis,</strong></span> <span class='ocrx_word' id='word_1_680' title='bbox 2515 3496 2570 3537; x_wconf 89' lang='lat' dir='ltr'><strong>et</strong></span> <span class='ocrx_word' id='word_1_681' title='bbox 2627 3482 2812 3552; x_wconf 76' lang='lat' dir='ltr'><strong>ﬁgura:</strong></span> <span class='ocrx_word' id='word_1_682' title='bbox 2870 3481 3136 3550; x_wconf 74' lang='lat' dir='ltr'><strong>expertis,</strong></span> <span class='ocrx_word' id='word_1_683' title='bbox 3172 3488 3227 3534; x_wconf 92' lang='lat' dir='ltr'><strong>et</strong></span> <span class='ocrx_word' id='word_1_684' title='bbox 3279 3475 3561 3531; x_wconf 81' lang='lat' dir='ltr'><strong>ineffabilis</strong></span> 
     </span>
    </p>
   </div>
   <div class='ocr_carea' id='block_1_84' title="bbox 1987 3569 3556 3642">
    <p class='ocr_par' dir='ltr' id='par_1_84' title="bbox 1987 3569 3556 3642">
     <span class='ocr_line' id='line_1_84' title="bbox 1987 3569 3556 3642; baseline -0.004 -14"><span class='ocrx_word' id='word_1_685' title='bbox 1987 3575 2288 3629; x_wconf 90' lang='lat' dir='ltr'><strong>Trinitatis.</strong></span> <span class='ocrx_word' id='word_1_686' title='bbox 2338 3575 2541 3628; x_wconf 90' lang='lat' dir='ltr'><strong>Idcirco</strong></span> <span class='ocrx_word' id='word_1_687' title='bbox 2585 3572 2863 3642; x_wconf 82' lang='lat' dir='ltr'><strong>subjunxit</strong></span> <span class='ocrx_word' id='word_1_688' title='bbox 2910 3572 3050 3624; x_wconf 91' lang='lat' dir='ltr'><strong>idem</strong></span> <span class='ocrx_word' id='word_1_689' title='bbox 3093 3569 3556 3637; x_wconf 84' lang='lat' dir='ltr'><strong>cosmographus:</strong></span> 
     </span>
    </p>
   </div>
   <div class='ocr_carea' id='block_1_85' title="bbox 1993 3657 3560 3735">
    <p class='ocr_par' dir='ltr' id='par_1_85' title="bbox 1993 3657 3560 3735">
     <span class='ocr_line' id='line_1_85' title="bbox 1993 3657 3560 3735; baseline -0.006 -17"><span class='ocrx_word' id='word_1_690' title='bbox 1993 3684 2011 3718; x_wconf 84' lang='grc' dir='ltr'><strong>ι</strong></span> <span class='ocrx_word' id='word_1_691' title='bbox 2044 3666 2110 3720; x_wconf 85' lang='grc' dir='ltr'>Ει</span> <span class='ocrx_word' id='word_1_692' title='bbox 2155 3665 2284 3720; x_wconf 90' lang='lat' dir='ltr'><strong>fecit</strong></span> <span class='ocrx_word' id='word_1_693' title='bbox 2316 3664 2426 3735; x_wconf 89' lang='lat'><strong>(89)</strong></span> <span class='ocrx_word' id='word_1_694' title='bbox 2465 3663 2604 3718; x_wconf 80' lang='lat' dir='ltr'><strong>Deus</strong></span> <span class='ocrx_word' id='word_1_695' title='bbox 2641 3663 2910 3717; x_wconf 87' lang='lat' dir='ltr'><strong>hominem</strong></span> <span class='ocrx_word' id='word_1_696' title='bbox 2947 3679 2958 3714; x_wconf 95' lang='lat'>:</span> <span class='ocrx_word' id='word_1_697' title='bbox 3013 3661 3079 3714; x_wconf 86' lang='lat' dir='ltr'><strong>ad</strong></span> <span class='ocrx_word' id='word_1_698' title='bbox 3127 3662 3412 3730; x_wconf 84' lang='lat' dir='ltr'><strong>imaginem</strong></span> <span class='ocrx_word' id='word_1_699' title='bbox 3467 3657 3560 3712; x_wconf 84' lang='lat' dir='ltr'><strong>Dei</strong></span> 
     </span>
    </p>
   </div>
   <div class='ocr_carea' id='block_1_86' title="bbox 1989 3749 3558 3813">
    <p class='ocr_par' dir='ltr' id='par_1_86' title="bbox 1989 3749 3558 3813">
     <span class='ocr_line' id='line_1_86' title="bbox 1989 3749 3558 3813; baseline -0.005 -3"><span class='ocrx_word' id='word_1_700' title='bbox 1989 3755 2118 3810; x_wconf 92' lang='lat' dir='ltr'><strong>fecit</strong></span> <span class='ocrx_word' id='word_1_701' title='bbox 2152 3755 2301 3810; x_wconf 91' lang='lat' dir='ltr'><strong>illum</strong></span> <span class='ocrx_word' id='word_1_702' title='bbox 2335 3772 2349 3808; x_wconf 89' lang='lat'><strong>:</strong></span> <span class='ocrx_word' id='word_1_703' title='bbox 2391 3753 2685 3809; x_wconf 86' lang='lat' dir='ltr'><strong>masculum</strong></span> <span class='ocrx_word' id='word_1_704' title='bbox 2721 3763 2774 3805; x_wconf 92' lang='lat' dir='ltr'><strong>et</strong></span> <span class='ocrx_word' id='word_1_705' title='bbox 2802 3752 3056 3808; x_wconf 83' lang='lat' dir='ltr'><strong>feminam</strong></span> <span class='ocrx_word' id='word_1_706' title='bbox 3087 3750 3209 3804; x_wconf 85' lang='lat' dir='ltr'><strong>fecit</strong></span> <span class='ocrx_word' id='word_1_707' title='bbox 3240 3765 3354 3813; x_wconf 88' lang='lat' dir='ltr'><strong>eos,</strong></span> <span class='ocrx_word' id='word_1_708' title='bbox 3383 3758 3437 3802; x_wconf 92' lang='lat' dir='ltr'><strong>et</strong></span> <span class='ocrx_word' id='word_1_709' title='bbox 3463 3749 3558 3802; x_wconf 81' lang='lat' dir='ltr'><strong>be~</strong></span> 
     </span>
    </p>
   </div>
   <div class='ocr_carea' id='block_1_87' title="bbox 1989 3841 3559 3914">
    <p class='ocr_par' dir='ltr' id='par_1_87' title="bbox 1989 3841 3559 3914">
     <span class='ocr_line' id='line_1_87' title="bbox 1989 3841 3559 3914; baseline -0.006 -13"><span class='ocrx_word' id='word_1_710' title='bbox 1989 3849 2193 3903; x_wconf 77' lang='lat' dir='ltr'><strong>nedixit</strong></span> <span class='ocrx_word' id='word_1_711' title='bbox 2230 3862 2357 3912; x_wconf 84' lang='lat' dir='ltr'><strong>eos;</strong></span> <span class='ocrx_word' id='word_1_712' title='bbox 2414 3865 2434 3899; x_wconf 77' lang='grc' dir='ltr'><strong>ι</strong></span> <span class='ocrx_word' id='word_1_713' title='bbox 2483 3855 2539 3901; x_wconf 91' lang='lat' dir='ltr'><strong>et</strong></span> <span class='ocrx_word' id='word_1_714' title='bbox 2580 3861 2766 3900; x_wconf 89' lang='lat' dir='ltr'><strong>rursus</strong></span> <span class='ocrx_word' id='word_1_715' title='bbox 2810 3863 2825 3899; x_wconf 89' lang='lat'><strong>:</strong></span> <span class='ocrx_word' id='word_1_716' title='bbox 2862 3865 2880 3896; x_wconf 77' lang='grc' dir='ltr'><strong>ι</strong></span> <span class='ocrx_word' id='word_1_717' title='bbox 2916 3843 3186 3914; x_wconf 79' lang='lat' dir='ltr'><strong>Vidit(90)</strong></span> <span class='ocrx_word' id='word_1_718' title='bbox 3241 3841 3380 3895; x_wconf 90' lang='lat' dir='ltr'><strong>Deus</strong></span> <span class='ocrx_word' id='word_1_719' title='bbox 3417 3842 3559 3910; x_wconf 86' lang='lat' dir='ltr'><strong>quod</strong></span> 
     </span>
    </p>
   </div>
   <div class='ocr_carea' id='block_1_88' title="bbox 1987 3935 3563 4004">
    <p class='ocr_par' dir='ltr' id='par_1_88' title="bbox 1987 3935 3563 4004">
     <span class='ocr_line' id='line_1_88' title="bbox 1987 3935 3563 4004; baseline -0.006 -8"><span class='ocrx_word' id='word_1_720' title='bbox 1987 3949 2131 3996; x_wconf 87' lang='lat' dir='ltr'><strong>esset</strong></span> <span class='ocrx_word' id='word_1_721' title='bbox 2170 3941 2392 3994; x_wconf 89' lang='lat' dir='ltr'><strong>bonum.</strong></span> <span class='ocrx_word' id='word_1_722' title='bbox 2434 3957 2454 3990; x_wconf 74' lang='grc' dir='ltr'><strong>ι</strong></span> <span class='ocrx_word' id='word_1_723' title='bbox 2499 3937 2706 4004; x_wconf 87' lang='lat' dir='ltr'><strong>Quibus</strong></span> <span class='ocrx_word' id='word_1_724' title='bbox 2758 3938 2811 3990; x_wconf 92' lang='lat' dir='ltr'><strong>in</strong></span> <span class='ocrx_word' id='word_1_725' title='bbox 2871 3937 3051 3989; x_wconf 79' lang='lat' dir='ltr'><strong>verbis</strong></span> <span class='ocrx_word' id='word_1_726' title='bbox 3103 3935 3330 4004; x_wconf 85' lang='lat' dir='ltr'><strong>mystice</strong></span> <span class='ocrx_word' id='word_1_727' title='bbox 3375 3945 3563 3986; x_wconf 80' lang='lat' dir='ltr'><strong>rursus</strong></span> 
     </span>
    </p>
   </div>
   <div class='ocr_carea' id='block_1_89' title="bbox 1988 4024 3565 4101">
    <p class='ocr_par' dir='ltr' id='par_1_89' title="bbox 1988 4024 3565 4101">
     <span class='ocr_line' id='line_1_89' title="bbox 1988 4024 3565 4101; baseline -0.008 -13"><span class='ocrx_word' id='word_1_728' title='bbox 1988 4031 2268 4101; x_wconf 89' lang='lat' dir='ltr'><strong>perfectio,</strong></span> <span class='ocrx_word' id='word_1_729' title='bbox 2305 4041 2362 4086; x_wconf 91' lang='lat' dir='ltr'><strong>et</strong></span> <span class='ocrx_word' id='word_1_730' title='bbox 2410 4029 2720 4095; x_wconf 86' lang='lat' dir='ltr'><strong>concordia,</strong></span> <span class='ocrx_word' id='word_1_731' title='bbox 2772 4039 2827 4084; x_wconf 89' lang='lat' dir='ltr'><strong>et</strong></span> <span class='ocrx_word' id='word_1_732' title='bbox 2878 4027 3175 4082; x_wconf 80' lang='lat' dir='ltr'><strong>exornandi</strong></span> <span class='ocrx_word' id='word_1_733' title='bbox 3220 4024 3466 4089; x_wconf 89' lang='lat' dir='ltr'><strong>scientia,</strong></span> <span class='ocrx_word' id='word_1_734' title='bbox 3508 4032 3565 4078; x_wconf 90' lang='lat' dir='ltr'><strong>et</strong></span> 
     </span>
    </p>
   </div>
   <div class='ocr_carea' id='block_1_90' title="bbox 1987 4120 3565 4192">
    <p class='ocr_par' dir='ltr' id='par_1_90' title="bbox 1987 4120 3565 4192">
     <span class='ocr_line' id='line_1_90' title="bbox 1987 4120 3565 4192; baseline -0.007 -12"><span class='ocrx_word' id='word_1_735' title='bbox 1987 4125 2296 4180; x_wconf 89' lang='lat' dir='ltr'><strong>omnimoda</strong></span> <span class='ocrx_word' id='word_1_736' title='bbox 2323 4123 2619 4179; x_wconf 87' lang='lat' dir='ltr'><strong>liberalitas</strong></span> <span class='ocrx_word' id='word_1_737' title='bbox 2647 4121 2982 4192; x_wconf 81' lang='lat' dir='ltr'><strong>signiﬁcatur</strong></span> <span class='ocrx_word' id='word_1_738' title='bbox 3021 4120 3184 4184; x_wconf 84' lang='lat' dir='ltr'><strong>illius,</strong></span> <span class='ocrx_word' id='word_1_739' title='bbox 3213 4134 3330 4188; x_wconf 76' lang='lat' dir='ltr'><strong>quae</strong></span> <span class='ocrx_word' id='word_1_740' title='bbox 3376 4131 3473 4186; x_wconf 91' lang='lat' dir='ltr'><strong>per</strong></span> <span class='ocrx_word' id='word_1_741' title='bbox 3504 4133 3565 4170; x_wconf 85' lang='lat' dir='ltr'><strong>se</strong></span> 
     </span>
    </p>
   </div>
   <div class='ocr_carea' id='block_1_91' title="bbox 1991 4205 3565 4288">
    <p class='ocr_par' dir='ltr' id='par_1_91' title="bbox 1991 4205 3565 4288">
     <span class='ocr_line' id='line_1_91' title="bbox 1991 4205 3565 4288; baseline -0.008 -16"><span class='ocrx_word' id='word_1_742' title='bbox 1991 4221 2104 4288; x_wconf 91' lang='lat' dir='ltr'><strong>ipsa</strong></span> <span class='ocrx_word' id='word_1_743' title='bbox 2160 4216 2399 4286; x_wconf 84' lang='lat' dir='ltr'><strong>perfecta</strong></span> <span class='ocrx_word' id='word_1_744' title='bbox 2443 4223 2546 4276; x_wconf 85' lang='lat' dir='ltr'><strong>est,</strong></span> <span class='ocrx_word' id='word_1_745' title='bbox 2606 4223 2662 4268; x_wconf 91' lang='lat' dir='ltr'><strong>et</strong></span> <span class='ocrx_word' id='word_1_746' title='bbox 2719 4211 3051 4282; x_wconf 81' lang='lat' dir='ltr'><strong>productrix,</strong></span> <span class='ocrx_word' id='word_1_747' title='bbox 3099 4207 3398 4263; x_wconf 86' lang='lat' dir='ltr'><strong>Trinitatis.</strong></span> <span class='ocrx_word' id='word_1_748' title='bbox 3454 4205 3565 4261; x_wconf 71' lang='lat' dir='ltr'><strong>Nec</strong></span> 
     </span>
    </p>
   </div>
   <div class='ocr_carea' id='block_1_92' title="bbox 1988 4300 3566 4377">
    <p class='ocr_par' dir='ltr' id='par_1_92' title="bbox 1988 4300 3566 4377">
     <span class='ocr_line' id='line_1_92' title="bbox 1988 4300 3566 4377; baseline -0.009 -10"><span class='ocrx_word' id='word_1_749' title='bbox 1988 4314 2131 4367; x_wconf 90' lang='lat' dir='ltr'><strong>enim</strong></span> <span class='ocrx_word' id='word_1_750' title='bbox 2161 4311 2352 4377; x_wconf 82' lang='lat' dir='ltr'><strong>Moses,</strong></span> <span class='ocrx_word' id='word_1_751' title='bbox 2378 4320 2470 4364; x_wconf 89' lang='lat' dir='ltr'><strong>aut</strong></span> <span class='ocrx_word' id='word_1_752' title='bbox 2509 4310 2670 4372; x_wconf 85' lang='lat' dir='ltr'><strong>Deus,</strong></span> <span class='ocrx_word' id='word_1_753' title='bbox 2694 4323 2800 4377; x_wconf 88' lang='lat' dir='ltr'><strong>quo</strong></span> <span class='ocrx_word' id='word_1_754' title='bbox 2828 4307 2872 4360; x_wconf 91' lang='lat' dir='ltr'><strong>is</strong></span> <span class='ocrx_word' id='word_1_755' title='bbox 2901 4305 3119 4359; x_wconf 80' lang='lat' dir='ltr'><strong>atllante</strong></span> <span class='ocrx_word' id='word_1_756' title='bbox 3145 4304 3382 4372; x_wconf 88' lang='lat' dir='ltr'><strong>scripsit,</strong></span> <span class='ocrx_word' id='word_1_757' title='bbox 3411 4300 3566 4354; x_wconf 89' lang='lat' dir='ltr'><strong>thea-</strong></span> 
     </span>
    </p>
   </div>
   <div class='ocr_carea' id='block_1_93' title="bbox 1995 4383 3562 4468">
    <p class='ocr_par' dir='ltr' id='par_1_93' title="bbox 1995 4383 3562 4468">
     <span class='ocr_line' id='line_1_93' title="bbox 1995 4383 3562 4468; baseline -0.007 -12"><span class='ocrx_word' id='word_1_758' title='bbox 1995 4406 2092 4458; x_wconf 88' lang='lat' dir='ltr'><strong>tris</strong></span> <span class='ocrx_word' id='word_1_759' title='bbox 2131 4403 2318 4468; x_wconf 83' lang='lat' dir='ltr'><strong>veluti,</strong></span> <span class='ocrx_word' id='word_1_760' title='bbox 2348 4418 2413 4456; x_wconf 86' lang='lat' dir='ltr'><strong>ac</strong></span> <span class='ocrx_word' id='word_1_761' title='bbox 2444 4401 2775 4456; x_wconf 87' lang='lat' dir='ltr'><strong>multitudini</strong></span> <span class='ocrx_word' id='word_1_762' title='bbox 2826 4383 2941 4453; x_wconf 64' lang='lat' dir='ltr'><strong>haec</strong></span> <span class='ocrx_word' id='word_1_763' title='bbox 2981 4396 3290 4464; x_wconf 81' lang='lat' dir='ltr'><strong>exponenda</strong></span> <span class='ocrx_word' id='word_1_764' title='bbox 3330 4391 3562 4457; x_wconf 83' lang='lat' dir='ltr'><strong>censuit,</strong></span> 
     </span>
    </p>
   </div>
   <div class='ocr_carea' id='block_1_94' title="bbox 304 4486 1883 4569">
    <p class='ocr_par' dir='ltr' id='par_1_94' title="bbox 304 4494 1883 4569">
     <span class='ocr_line' id='line_1_94' title="bbox 304 4494 1883 4569; baseline -0.006 -14"><span class='ocrx_word' id='word_1_765' title='bbox 304 4504 549 4566; x_wconf 79' lang='grc' dir='ltr'>Θέοντα,</span> <span class='ocrx_word' id='word_1_766' title='bbox 599 4499 693 4552; x_wconf 77' lang='grc' dir='ltr'><strong>καὶ</strong></span> <span class='ocrx_word' id='word_1_767' title='bbox 743 4497 1121 4569; x_wconf 89' lang='grc' dir='ltr'>κυϐερνῶντα,</span> <span class='ocrx_word' id='word_1_768' title='bbox 1194 4496 1278 4565; x_wconf 77' lang='grc' dir='ltr'><strong>ἐφ’</strong></span> <span class='ocrx_word' id='word_1_769' title='bbox 1331 4496 1360 4548; x_wconf 89' lang='grc' dir='ltr'>ὃ</span> <span class='ocrx_word' id='word_1_770' title='bbox 1393 4495 1529 4566; x_wconf 85' lang='grc' dir='ltr'>χρὴ,</span> <span class='ocrx_word' id='word_1_771' title='bbox 1579 4496 1672 4548; x_wconf 79' lang='grc' dir='ltr'><strong>καὶ</strong></span> <span class='ocrx_word' id='word_1_772' title='bbox 1735 4494 1883 4562; x_wconf 81' lang='grc' dir='ltr'>λόγον</span> 
     </span>
    </p>
   </div>
   <div class='ocr_carea' id='block_1_95' title="bbox 1988 4486 3564 4569">
    <p class='ocr_par' dir='ltr' id='par_1_95' title="bbox 1995 4486 3564 4560">
     <span class='ocr_line' id='line_1_95' title="bbox 1995 4486 3564 4560; baseline -0.006 -11"><span class='ocrx_word' id='word_1_773' title='bbox 1995 4498 2087 4549; x_wconf 85' lang='lat' dir='ltr'><strong>sed</strong></span> <span class='ocrx_word' id='word_1_774' title='bbox 2129 4496 2232 4549; x_wconf 87' lang='lat' dir='ltr'><strong>illis</strong></span> <span class='ocrx_word' id='word_1_775' title='bbox 2257 4495 2506 4548; x_wconf 88' lang='lat' dir='ltr'><strong>omnibus</strong></span> <span class='ocrx_word' id='word_1_776' title='bbox 2538 4504 2771 4555; x_wconf 81' lang='lat' dir='ltr'><strong>tantum,</strong></span> <span class='ocrx_word' id='word_1_777' title='bbox 2818 4491 2908 4560; x_wconf 92' lang='lat' dir='ltr'><strong>qui</strong></span> <span class='ocrx_word' id='word_1_778' title='bbox 2933 4489 3044 4558; x_wconf 79' lang='grc'>(91)</span> <span class='ocrx_word' id='word_1_779' title='bbox 3079 4502 3139 4541; x_wconf 88' lang='lat' dir='ltr'><strong>ea</strong></span> <span class='ocrx_word' id='word_1_780' title='bbox 3178 4486 3425 4540; x_wconf 87' lang='lat' dir='ltr'><strong>violaturi</strong></span> <span class='ocrx_word' id='word_1_781' title='bbox 3456 4500 3564 4540; x_wconf 90' lang='lat' dir='ltr'><strong>non</strong></span> 
     </span>
    </p>
   </div>
   <div class='ocr_carea' id='block_1_96' title="bbox 298 4585 1885 4662">
    <p class='ocr_par' dir='ltr' id='par_1_96' title="bbox 298 4585 1885 4662">
     <span class='ocr_line' id='line_1_96' title="bbox 298 4585 1885 4662; baseline -0.006 -16"><span class='ocrx_word' id='word_1_782' title='bbox 298 4600 475 4661; x_wconf 66' lang='grc' dir='ltr'>σοφὸν</span> <span class='ocrx_word' id='word_1_783' title='bbox 501 4590 805 4662; x_wconf 79' lang='grc' dir='ltr'>ἀρέσκοντα</span> <span class='ocrx_word' id='word_1_784' title='bbox 851 4588 929 4658; x_wconf 82' lang='grc' dir='ltr'>τῷ</span> <span class='ocrx_word' id='word_1_785' title='bbox 958 4587 1235 4650; x_wconf 80' lang='grc' dir='ltr'>δεδωκότι,</span> <span class='ocrx_word' id='word_1_786' title='bbox 1289 4588 1383 4639; x_wconf 74' lang='grc' dir='ltr'><strong>καὶ</strong></span> <span class='ocrx_word' id='word_1_787' title='bbox 1433 4585 1729 4655; x_wconf 80' lang='grc' dir='ltr'>δυνάμενον</span> <span class='ocrx_word' id='word_1_788' title='bbox 1791 4585 1885 4636; x_wconf 81' lang='grc' dir='ltr'><strong>σὺν</strong></span> 
     </span>
    </p>
   </div>
   <div class='ocr_carea' id='block_1_97' title="bbox 296 4675 1885 4748">
    <p class='ocr_par' dir='ltr' id='par_1_97' title="bbox 296 4675 1885 4748">
     <span class='ocr_line' id='line_1_97' title="bbox 296 4675 1885 4748; baseline -0.005 -13"><span class='ocrx_word' id='word_1_789' title='bbox 296 4684 492 4736; x_wconf 73' lang='grc' dir='ltr'>πίστει</span> <span class='ocrx_word' id='word_1_790' title='bbox 541 4680 887 4748; x_wconf 88' lang='grc' dir='ltr'>τεκνογονίας</span> <span class='ocrx_word' id='word_1_791' title='bbox 926 4678 1098 4733; x_wconf 74' lang='grc' dir='ltr'>αἴτιον</span> <span class='ocrx_word' id='word_1_792' title='bbox 1139 4677 1404 4747; x_wconf 82' lang='grc' dir='ltr'>γίνεσθαι,</span> <span class='ocrx_word' id='word_1_793' title='bbox 1443 4677 1537 4729; x_wconf 76' lang='grc' dir='ltr'>καὶ</span> <span class='ocrx_word' id='word_1_794' title='bbox 1579 4675 1743 4747; x_wconf 79' lang='grc' dir='ltr'>ζωῆς,</span> <span class='ocrx_word' id='word_1_795' title='bbox 1794 4675 1885 4728; x_wconf 75' lang='grc' dir='ltr'><strong>καὶ</strong></span> 
     </span>
    </p>
   </div>
   <div class='ocr_carea' id='block_1_98' title="bbox 295 4769 1886 4845">
    <p class='ocr_par' dir='ltr' id='par_1_98' title="bbox 295 4769 1886 4845">
     <span class='ocr_line' id='line_1_98' title="bbox 295 4769 1886 4845; baseline -0.006 -16"><span class='ocrx_word' id='word_1_796' title='bbox 295 4773 520 4845; x_wconf 80' lang='grc' dir='ltr'>νεκρῶν</span> <span class='ocrx_word' id='word_1_797' title='bbox 545 4773 836 4842; x_wconf 79' lang='grc' dir='ltr'>ἐγέρσεως,</span> <span class='ocrx_word' id='word_1_798' title='bbox 867 4772 958 4824; x_wconf 78' lang='grc' dir='ltr'><strong>καὶ</strong></span> <span class='ocrx_word' id='word_1_799' title='bbox 989 4772 1158 4842; x_wconf 81' lang='grc' dir='ltr'>ὀρέων</span> <span class='ocrx_word' id='word_1_800' title='bbox 1192 4771 1532 4842; x_wconf 76' lang='grc' dir='ltr'>μεταθέσεως</span> <span class='ocrx_word' id='word_1_801' title='bbox 1558 4787 1571 4800; x_wconf 81' lang='grc' dir='ltr'><strong>ο</strong></span> <span class='ocrx_word' id='word_1_802' title='bbox 1601 4769 1734 4840; x_wconf 86' lang='grc' dir='ltr'>πρὸς</span> <span class='ocrx_word' id='word_1_803' title='bbox 1767 4769 1886 4821; x_wconf 85' lang='grc' dir='ltr'>τού-</span> 
     </span>
    </p>
   </div>
   <div class='ocr_carea' id='block_1_99' title="bbox 296 4861 1882 4935">
    <p class='ocr_par' dir='ltr' id='par_1_99' title="bbox 296 4861 1882 4935">
     <span class='ocr_line' id='line_1_99' title="bbox 296 4861 1882 4935; baseline -0.003 -14"><span class='ocrx_word' id='word_1_804' title='bbox 296 4885 440 4930; x_wconf 85' lang='grc' dir='ltr'>τοις,</span> <span class='ocrx_word' id='word_1_805' title='bbox 477 4866 561 4918; x_wconf 81' lang='grc' dir='ltr'><strong>ὃτι</strong></span> <span class='ocrx_word' id='word_1_806' title='bbox 599 4864 1002 4935; x_wconf 81' lang='grc' dir='ltr'>μετειλήφαμεν</span> <span class='ocrx_word' id='word_1_807' title='bbox 1041 4865 1134 4916; x_wconf 71' lang='grc' dir='ltr'><strong>καὶ</strong></span> <span class='ocrx_word' id='word_1_808' title='bbox 1185 4863 1286 4932; x_wconf 84' lang='grc' dir='ltr'>τῆς</span> <span class='ocrx_word' id='word_1_809' title='bbox 1326 4862 1491 4916; x_wconf 83' lang='grc' dir='ltr'>αὑτοῦ</span> <span class='ocrx_word' id='word_1_810' title='bbox 1531 4861 1882 4930; x_wconf 78' lang='grc' dir='ltr'>ἀγαοότητος.</span> 
     </span>
    </p>
   </div>
   <div class='ocr_carea' id='block_1_100' title="bbox 375 5041 1882 5114">
    <p class='ocr_par' dir='ltr' id='par_1_100' title="bbox 375 5041 1882 5114">
     <span class='ocr_line' id='line_1_100' title="bbox 375 5041 1882 5114; baseline -0.003 -16"><span class='ocrx_word' id='word_1_811' title='bbox 375 5044 494 5114; x_wconf 73' lang='grc'>(81)</span> <span class='ocrx_word' id='word_1_812' title='bbox 531 5042 598 5095; x_wconf 84' lang='grc' dir='ltr'><strong>1η</strong></span> <span class='ocrx_word' id='word_1_813' title='bbox 623 5043 791 5114; x_wconf 80' lang='lat' dir='ltr'><strong>primo</strong></span> <span class='ocrx_word' id='word_1_814' title='bbox 825 5041 975 5095; x_wconf 81' lang='lat' dir='ltr'><strong>libro.</strong></span> <span class='ocrx_word' id='word_1_815' title='bbox 1014 5041 1068 5095; x_wconf 92' lang='lat' dir='ltr'><strong>In</strong></span> <span class='ocrx_word' id='word_1_816' title='bbox 1101 5042 1165 5114; x_wconf 85' lang='lat' dir='ltr'><strong>iis</strong></span> <span class='ocrx_word' id='word_1_817' title='bbox 1201 5057 1392 5109; x_wconf 87' lang='lat' dir='ltr'><strong>nempe</strong></span> <span class='ocrx_word' id='word_1_818' title='bbox 1426 5041 1710 5114; x_wconf 65' lang='lat' dir='ltr'><strong>capitibus,</strong></span> <span class='ocrx_word' id='word_1_819' title='bbox 1765 5055 1882 5104; x_wconf 76' lang='lat' dir='ltr'><strong>quze</strong></span> 
     </span>
    </p>
   </div>
   <div class='ocr_carea' id='block_1_101' title="bbox 305 5111 1885 5172">
    <p class='ocr_par' dir='ltr' id='par_1_101' title="bbox 305 5111 1885 5172">
     <span class='ocr_line' id='line_1_101' title="bbox 305 5111 1885 5172; baseline -0.004 -5"><span class='ocrx_word' id='word_1_820' title='bbox 305 5111 654 5167; x_wconf 64' lang='lat' dir='ltr'><strong>interierunt.</strong></span> <span class='ocrx_word' id='word_1_821' title='bbox 709 5113 974 5164; x_wconf 60' lang='lat' dir='ltr'><strong>(hetcrum</strong></span> <span class='ocrx_word' id='word_1_822' title='bbox 1018 5113 1068 5164; x_wconf 93' lang='lat' dir='ltr'><strong>in</strong></span> <span class='ocrx_word' id='word_1_823' title='bbox 1103 5113 1238 5163; x_wconf 80' lang='lat' dir='ltr'><strong>libro</strong></span> <span class='ocrx_word' id='word_1_824' title='bbox 1267 5118 1428 5165; x_wconf 78' lang='lat' dir='ltr'><strong>etiam</strong></span> <span class='ocrx_word' id='word_1_825' title='bbox 1469 5113 1540 5163; x_wconf 79' lang='lat' dir='ltr'><strong>De</strong></span> <span class='ocrx_word' id='word_1_826' title='bbox 1581 5111 1675 5172; x_wconf 84' lang='lat' dir='ltr'><strong>Sp.</strong></span> <span class='ocrx_word' id='word_1_827' title='bbox 1704 5121 1885 5162; x_wconf 82' lang='lat' dir='ltr'><strong>sancto</strong></span> 
     </span>
    </p>
   </div>
   <div class='ocr_carea' id='block_1_102' title="bbox 304 5181 1884 5252">
    <p class='ocr_par' dir='ltr' id='par_1_102' title="bbox 304 5181 1884 5252">
     <span class='ocr_line' id='line_1_102' title="bbox 304 5181 1884 5252; baseline -0.002 -15"><span class='ocrx_word' id='word_1_828' title='bbox 304 5201 462 5237; x_wconf 85' lang='grc' dir='ltr'>ιιιιιιι.</span> <span class='ocrx_word' id='word_1_829' title='bbox 498 5182 569 5236; x_wconf 73' lang='grc'><strong>20</strong></span> <span class='ocrx_word' id='word_1_830' title='bbox 609 5181 778 5234; x_wconf 81' lang='lat' dir='ltr'><strong>fusius</strong></span> <span class='ocrx_word' id='word_1_831' title='bbox 806 5183 1060 5246; x_wconf 81' lang='lat' dir='ltr'><strong>ostendit,</strong></span> <span class='ocrx_word' id='word_1_832' title='bbox 1099 5201 1116 5232; x_wconf 82' lang='grc' dir='ltr'><strong>ι</strong></span> <span class='ocrx_word' id='word_1_833' title='bbox 1149 5182 1372 5252; x_wconf 81' lang='lat' dir='ltr'><strong>digitum</strong></span> <span class='ocrx_word' id='word_1_834' title='bbox 1422 5183 1514 5236; x_wconf 84' lang='lat' dir='ltr'><strong>Dei</strong></span> <span class='ocrx_word' id='word_1_835' title='bbox 1564 5200 1582 5233; x_wconf 76' lang='grc' dir='ltr'><strong>ι</strong></span> <span class='ocrx_word' id='word_1_836' title='bbox 1618 5181 1884 5234; x_wconf 85' lang='lat' dir='ltr'><strong>nominari</strong></span> 
     </span>
    </p>
   </div>
   <div class='ocr_carea' id='block_1_103' title="bbox 305 5253 868 5322">
    <p class='ocr_par' dir='ltr' id='par_1_103' title="bbox 305 5253 868 5322">
     <span class='ocr_line' id='line_1_103' title="bbox 305 5253 868 5322; baseline -0.007 -16"><span class='ocrx_word' id='word_1_837' title='bbox 305 5253 572 5322; x_wconf 81' lang='lat' dir='ltr'><strong>Spiritum</strong></span> <span class='ocrx_word' id='word_1_838' title='bbox 603 5265 868 5322; x_wconf 76' lang='lat' dir='ltr'><strong>sanctum.</strong></span> 
     </span>
    </p>
   </div>
   <div class='ocr_carea' id='block_1_104' title="bbox 402 5319 1386 5384">
    <p class='ocr_par' dir='ltr' id='par_1_104' title="bbox 402 5319 1386 5384">
     <span class='ocr_line' id='line_1_104' title="bbox 402 5319 1386 5384; baseline -0.001 -8"><span class='ocrx_word' id='word_1_839' title='bbox 402 5323 498 5384; x_wconf 72' lang='lat'><strong>8?.)</strong></span> <span class='ocrx_word' id='word_1_840' title='bbox 539 5321 817 5384; x_wconf 73' lang='lat' dir='ltr'><strong>Quoniam.</strong></span> <span class='ocrx_word' id='word_1_841' title='bbox 854 5319 991 5374; x_wconf 80' lang='lat' dir='ltr'><strong>Psal.</strong></span> <span class='ocrx_word' id='word_1_842' title='bbox 1023 5336 1139 5382; x_wconf 84' lang='lat' dir='ltr'><strong>vnt,</strong></span> <span class='ocrx_word' id='word_1_843' title='bbox 1173 5337 1308 5377; x_wconf 85' lang='lat' dir='ltr'><strong>rcrs.</strong></span> <span class='ocrx_word' id='word_1_844' title='bbox 1333 5321 1386 5375; x_wconf 69' lang='grc'><strong>4.</strong></span> 
     </span>
    </p>
   </div>
   <div class='ocr_carea' id='block_1_105' title="bbox 379 5323 1888 5461">
    <p class='ocr_par' dir='ltr' id='par_1_105' title="bbox 379 5323 1888 5461">
     <span class='ocr_line' id='line_1_105' title="bbox 402 5323 1386 5384; baseline -0.001 -8"><span class='ocrx_word' id='word_1_845' title='bbox 402 5323 478 5377; x_wconf 72' lang='lat'><strong>8?.</strong></span> <span class='ocrx_word' id='word_1_846' title='bbox 539 5323 817 5384; x_wconf 73' lang='lat' dir='ltr'><strong>Quoniam.</strong></span> <span class='ocrx_word' id='word_1_847' title='bbox 854 5323 991 5374; x_wconf 80' lang='lat' dir='ltr'><strong>Psal.</strong></span> <span class='ocrx_word' id='word_1_848' title='bbox 1023 5336 1139 5382; x_wconf 84' lang='lat' dir='ltr'><strong>vnt,</strong></span> <span class='ocrx_word' id='word_1_849' title='bbox 1173 5337 1308 5377; x_wconf 85' lang='lat' dir='ltr'><strong>rcrs.</strong></span> <span class='ocrx_word' id='word_1_850' title='bbox 1333 5323 1386 5375; x_wconf 67' lang='grc'><strong>4.</strong></span> 
     </span>
     <span class='ocr_line' id='line_1_106' title="bbox 379 5323 1888 5461; baseline 0 -15"><span class='ocrx_word' id='word_1_851' title='bbox 379 5323 498 5461; x_wconf 49' lang='grc'>(83)</span> <span class='ocrx_word' id='word_1_852' title='bbox 534 5389 838 5444; x_wconf 71' lang='lat' dir='ltr'><strong>Faciamus.</strong></span> <span class='ocrx_word' id='word_1_853' title='bbox 862 5390 995 5444; x_wconf 83' lang='lat' dir='ltr'><strong>Gen.</strong></span> <span class='ocrx_word' id='word_1_854' title='bbox 1024 5407 1060 5450; x_wconf 87' lang='grc' dir='ltr'><strong>ι,</strong></span> <span class='ocrx_word' id='word_1_855' title='bbox 1093 5391 1182 5446; x_wconf 72' lang='grc'>26.</span> <span class='ocrx_word' id='word_1_856' title='bbox 1207 5392 1538 5446; x_wconf 75' lang='lat' dir='ltr'><strong>l’ostremam</strong></span> <span class='ocrx_word' id='word_1_857' title='bbox 1573 5400 1748 5447; x_wconf 83' lang='lat' dir='ltr'><strong>tamen</strong></span> <span class='ocrx_word' id='word_1_858' title='bbox 1772 5408 1888 5447; x_wconf 85' lang='lat' dir='ltr'><strong>ver-</strong></span> 
     </span>
    </p>
   </div>
   <div class='ocr_carea' id='block_1_106' title="bbox 304 5461 1886 5531">
    <p class='ocr_par' dir='ltr' id='par_1_106' title="bbox 304 5461 1886 5531">
     <span class='ocr_line' id='line_1_107' title="bbox 304 5461 1886 5531; baseline -0.001 -15"><span class='ocrx_word' id='word_1_859' title='bbox 304 5463 468 5518; x_wconf 81' lang='lat' dir='ltr'><strong>siculi</strong></span> <span class='ocrx_word' id='word_1_860' title='bbox 499 5473 704 5530; x_wconf 81' lang='lat' dir='ltr'><strong>partem</strong></span> <span class='ocrx_word' id='word_1_861' title='bbox 737 5462 942 5531; x_wconf 72' lang='lat' dir='ltr'><strong>breviat</strong></span> <span class='ocrx_word' id='word_1_862' title='bbox 975 5461 1248 5531; x_wconf 79' lang='lat' dir='ltr'><strong>Didymus.</strong></span> <span class='ocrx_word' id='word_1_863' title='bbox 1288 5461 1426 5530; x_wconf 81' lang='lat' dir='ltr'><strong>Lege</strong></span> <span class='ocrx_word' id='word_1_864' title='bbox 1461 5462 1774 5517; x_wconf 86' lang='lat' dir='ltr'><strong>Tertulliani</strong></span> <span class='ocrx_word' id='word_1_865' title='bbox 1818 5465 1850 5516; x_wconf 92' lang='lat' dir='ltr'><strong>li</strong></span> <span class='ocrx_word' id='word_1_866' title='bbox 1871 5493 1886 5504; x_wconf 86' lang='lat'><strong>-</strong></span> 
     </span>
    </p>
   </div>
   <div class='ocr_carea' id='block_1_107' title="bbox 305 5530 1888 5598">
    <p class='ocr_par' dir='ltr' id='par_1_107' title="bbox 305 5530 1888 5598">
     <span class='ocr_line' id='line_1_108' title="bbox 305 5530 1888 5598; baseline -0.001 -12"><span class='ocrx_word' id='word_1_867' title='bbox 305 5535 467 5586; x_wconf 68' lang='lat' dir='ltr'><strong>larum</strong></span> <span class='ocrx_word' id='word_1_868' title='bbox 499 5537 742 5585; x_wconf 76' lang='lat' dir='ltr'><strong>adversm</strong></span> <span class='ocrx_word' id='word_1_869' title='bbox 777 5530 1196 5598; x_wconf 67' lang='lat' dir='ltr'><strong>I’raxerttit,C;ip.</strong></span> <span class='ocrx_word' id='word_1_870' title='bbox 1234 5532 1322 5595; x_wconf 77' lang='grc'><strong>12,</strong></span> <span class='ocrx_word' id='word_1_871' title='bbox 1366 5532 1452 5585; x_wconf 90' lang='lat' dir='ltr'><strong>ubi</strong></span> <span class='ocrx_word' id='word_1_872' title='bbox 1498 5533 1701 5589; x_wconf 79' lang='lat' dir='ltr'><strong>similes</strong></span> <span class='ocrx_word' id='word_1_873' title='bbox 1733 5532 1888 5589; x_wconf 70' lang='lat' dir='ltr'><strong>aﬂert</strong></span> 
     </span>
    </p>
   </div>
   <div class='ocr_carea' id='block_1_108' title="bbox 307 5600 1479 5669">
    <p class='ocr_par' dir='ltr' id='par_1_108' title="bbox 307 5600 1479 5669">
     <span class='ocr_line' id='line_1_109' title="bbox 307 5600 1479 5669; baseline 0.001 -14"><span class='ocrx_word' id='word_1_874' title='bbox 307 5603 807 5669; x_wconf 73' lang='lat' dir='ltr'><strong>argumentationes</strong></span> <span class='ocrx_word' id='word_1_875' title='bbox 827 5603 896 5654; x_wconf 69' lang='lat' dir='ltr'><strong>ex“</strong></span> <span class='ocrx_word' id='word_1_876' title='bbox 929 5601 1008 5652; x_wconf 70' lang='lat' dir='ltr'><strong>his</strong></span> <span class='ocrx_word' id='word_1_877' title='bbox 1034 5600 1305 5654; x_wconf 78' lang='lat' dir='ltr'><strong>chescus</strong></span> <span class='ocrx_word' id='word_1_878' title='bbox 1329 5602 1479 5656; x_wconf 65' lang='lat' dir='ltr'><strong>locis.</strong></span> 
     </span>
    </p>
   </div>
   <div class='ocr_carea' id='block_1_109' title="bbox 379 5670 1527 5739">
    <p class='ocr_par' dir='ltr' id='par_1_109' title="bbox 379 5670 1527 5739">
     <span class='ocr_line' id='line_1_110' title="bbox 379 5670 1527 5739; baseline -0.003 -13"><span class='ocrx_word' id='word_1_879' title='bbox 379 5671 494 5739; x_wconf 66' lang='grc'>(84)</span> <span class='ocrx_word' id='word_1_880' title='bbox 537 5671 640 5736; x_wconf 84' lang='lat' dir='ltr'><strong>Qui</strong></span> <span class='ocrx_word' id='word_1_881' title='bbox 663 5671 836 5737; x_wconf 72' lang='lat' dir='ltr'><strong>ﬁnxit.</strong></span> <span class='ocrx_word' id='word_1_882' title='bbox 875 5670 1015 5722; x_wconf 79' lang='lat' dir='ltr'><strong>Psal.</strong></span> <span class='ocrx_word' id='word_1_883' title='bbox 1051 5687 1220 5730; x_wconf 67' lang='lat' dir='ltr'><strong>xxvii,</strong></span> <span class='ocrx_word' id='word_1_884' title='bbox 1257 5687 1396 5724; x_wconf 79' lang='lat' dir='ltr'><strong>vels.</strong></span> <span class='ocrx_word' id='word_1_885' title='bbox 1443 5674 1527 5725; x_wconf 79' lang='grc'><strong>15.</strong></span> 
     </span>
    </p>
   </div>
   <div class='ocr_carea' id='block_1_110' title="bbox 377 5739 1795 5814">
    <p class='ocr_par' dir='ltr' id='par_1_110' title="bbox 377 5739 1795 5814">
     <span class='ocr_line' id='line_1_111' title="bbox 377 5739 1795 5814; baseline 0.003 -22"><span class='ocrx_word' id='word_1_886' title='bbox 377 5742 493 5814; x_wconf 59' lang='grc' dir='ltr'>(βξ)</span> <span class='ocrx_word' id='word_1_887' title='bbox 521 5739 645 5814; x_wconf 59' lang='lat' dir='ltr'><strong>{Yon</strong></span> <span class='ocrx_word' id='word_1_888' title='bbox 681 5752 776 5814; x_wconf 74' lang='lat' dir='ltr'><strong>est.</strong></span> <span class='ocrx_word' id='word_1_889' title='bbox 805 5739 940 5814; x_wconf 61' lang='lat' dir='ltr'><strong>Psal.</strong></span> <span class='ocrx_word' id='word_1_890' title='bbox 978 5755 1236 5814; x_wconf 62' lang='lat' dir='ltr'><strong>cxxxvut,</strong></span> <span class='ocrx_word' id='word_1_891' title='bbox 1269 5757 1406 5796; x_wconf 77' lang='lat' dir='ltr'><strong>vers.</strong></span> <span class='ocrx_word' id='word_1_892' title='bbox 1445 5743 1503 5796; x_wconf 76' lang='grc' dir='ltr'>Η</span> <span class='ocrx_word' id='word_1_893' title='bbox 1531 5742 1648 5810; x_wconf 66' lang='lat' dir='ltr'><strong>(seu</strong></span> <span class='ocrx_word' id='word_1_894' title='bbox 1689 5743 1795 5814; x_wconf 77' lang='grc' dir='ltr'><strong>ίῦ).</strong></span> 
     </span>
    </p>
   </div>
   <div class='ocr_carea' id='block_1_111' title="bbox 380 5808 1255 5884">
    <p class='ocr_par' dir='ltr' id='par_1_111' title="bbox 380 5808 1255 5884">
     <span class='ocr_line' id='line_1_112' title="bbox 380 5808 1255 5884; baseline -0.003 -18"><span class='ocrx_word' id='word_1_895' title='bbox 380 5808 490 5884; x_wconf 73' lang='grc'>(86)</span> <span class='ocrx_word' id='word_1_896' title='bbox 534 5809 665 5877; x_wconf 76' lang='lat' dir='ltr'><strong>Quis</strong></span> <span class='ocrx_word' id='word_1_897' title='bbox 692 5813 850 5865; x_wconf 82' lang='lat' dir='ltr'><strong>enim.</strong></span> <span class='ocrx_word' id='word_1_898' title='bbox 876 5808 1030 5863; x_wconf 56' lang='lat' dir='ltr'><strong>Rom.</strong></span> <span class='ocrx_word' id='word_1_899' title='bbox 1061 5826 1132 5876; x_wconf 77' lang='grc' dir='ltr'>ιιι,</span> <span class='ocrx_word' id='word_1_900' title='bbox 1167 5810 1255 5865; x_wconf 65' lang='grc'><strong>54.</strong></span> 
     </span>
    </p>
   </div>
   <div class='ocr_carea' id='block_1_112' title="bbox 1993 4578 3561 4651">
    <p class='ocr_par' dir='ltr' id='par_1_112' title="bbox 1993 4578 3561 4651">
     <span class='ocr_line' id='line_1_113' title="bbox 1993 4578 3561 4651; baseline -0.007 -10"><span class='ocrx_word' id='word_1_901' title='bbox 1993 4599 2194 4644; x_wconf 81' lang='lat' dir='ltr'><strong>essent.</strong></span> <span class='ocrx_word' id='word_1_902' title='bbox 2219 4608 2237 4640; x_wconf 80' lang='grc' dir='ltr'><strong>ι</strong></span> <span class='ocrx_word' id='word_1_903' title='bbox 2265 4589 2416 4643; x_wconf 85' lang='lat' dir='ltr'><strong>Fecit</strong></span> <span class='ocrx_word' id='word_1_904' title='bbox 2451 4607 2470 4639; x_wconf 72' lang='grc' dir='ltr'><strong>ι</strong></span> <span class='ocrx_word' id='word_1_905' title='bbox 2495 4588 2636 4640; x_wconf 80' lang='lat' dir='ltr'><strong>enim</strong></span> <span class='ocrx_word' id='word_1_906' title='bbox 2661 4606 2678 4638; x_wconf 81' lang='grc' dir='ltr'><strong>ι</strong></span> <span class='ocrx_word' id='word_1_907' title='bbox 2717 4583 2880 4651; x_wconf 90' lang='lat' dir='ltr'><strong>Deus,</strong></span> <span class='ocrx_word' id='word_1_908' title='bbox 2903 4602 2920 4635; x_wconf 85' lang='grc'><strong><em>›</em></strong></span> <span class='ocrx_word' id='word_1_909' title='bbox 2953 4583 3101 4636; x_wconf 89' lang='lat' dir='ltr'><strong>idest</strong></span> <span class='ocrx_word' id='word_1_910' title='bbox 3127 4578 3316 4642; x_wconf 88' lang='lat' dir='ltr'><strong>Filius,</strong></span> <span class='ocrx_word' id='word_1_911' title='bbox 3347 4597 3365 4629; x_wconf 88' lang='grc' dir='ltr'><strong>ι</strong></span> <span class='ocrx_word' id='word_1_912' title='bbox 3389 4579 3561 4631; x_wconf 88' lang='lat' dir='ltr'><strong>homi-</strong></span> 
     </span>
    </p>
   </div>
   <div class='ocr_carea' id='block_1_113' title="bbox 1993 4671 3567 4750">
    <p class='ocr_par' dir='ltr' id='par_1_113' title="bbox 1993 4671 3567 4750">
     <span class='ocr_line' id='line_1_114' title="bbox 1993 4671 3567 4750; baseline -0.004 -18"><span class='ocrx_word' id='word_1_913' title='bbox 1993 4695 2115 4733; x_wconf 86' lang='lat' dir='ltr'><strong>nem</strong></span> <span class='ocrx_word' id='word_1_914' title='bbox 2162 4694 2177 4733; x_wconf 90' lang='lat'><strong>:</strong></span> <span class='ocrx_word' id='word_1_915' title='bbox 2220 4682 2284 4733; x_wconf 90' lang='lat' dir='ltr'><strong>ad</strong></span> <span class='ocrx_word' id='word_1_916' title='bbox 2340 4679 2625 4750; x_wconf 79' lang='lat' dir='ltr'><strong>imaginem</strong></span> <span class='ocrx_word' id='word_1_917' title='bbox 2695 4679 2808 4742; x_wconf 87' lang='lat' dir='ltr'><strong>Dei,</strong></span> <span class='ocrx_word' id='word_1_918' title='bbox 2848 4697 2866 4727; x_wconf 76' lang='grc' dir='ltr'><strong>ι</strong></span> <span class='ocrx_word' id='word_1_919' title='bbox 2916 4675 2967 4730; x_wconf 88' lang='lat' dir='ltr'><strong>id</strong></span> <span class='ocrx_word' id='word_1_920' title='bbox 2996 4683 3098 4738; x_wconf 89' lang='lat' dir='ltr'><strong>est,</strong></span> <span class='ocrx_word' id='word_1_921' title='bbox 3143 4671 3342 4738; x_wconf 84' lang='lat' dir='ltr'><strong>Patris,</strong></span> <span class='ocrx_word' id='word_1_922' title='bbox 3384 4690 3403 4722; x_wconf 84' lang='grc' dir='ltr'><strong>ι</strong></span> <span class='ocrx_word' id='word_1_923' title='bbox 3438 4671 3567 4725; x_wconf 89' lang='lat' dir='ltr'><strong>fecit</strong></span> 
     </span>
    </p>
   </div>
   <div class='ocr_carea' id='block_1_114' title="bbox 1994 4767 3562 4835">
    <p class='ocr_par' dir='ltr' id='par_1_114' title="bbox 1994 4767 3562 4835">
     <span class='ocr_line' id='line_1_115' title="bbox 1994 4767 3562 4835; baseline -0.004 -12"><span class='ocrx_word' id='word_1_924' title='bbox 1994 4771 2161 4824; x_wconf 89' lang='lat' dir='ltr'><strong>illum.</strong></span> <span class='ocrx_word' id='word_1_925' title='bbox 2194 4789 2212 4822; x_wconf 76' lang='grc' dir='ltr'><strong>ι</strong></span> <span class='ocrx_word' id='word_1_926' title='bbox 2249 4769 2316 4824; x_wconf 88' lang='lat' dir='ltr'><strong>Et</strong></span> <span class='ocrx_word' id='word_1_927' title='bbox 2351 4770 2486 4823; x_wconf 89' lang='lat' dir='ltr'><strong>vidit</strong></span> <span class='ocrx_word' id='word_1_928' title='bbox 2539 4770 2701 4832; x_wconf 85' lang='lat' dir='ltr'><strong>Deus,</strong></span> <span class='ocrx_word' id='word_1_929' title='bbox 2751 4787 2770 4820; x_wconf 73' lang='grc' dir='ltr'><strong>ι</strong></span> <span class='ocrx_word' id='word_1_930' title='bbox 2825 4767 2879 4820; x_wconf 92' lang='lat' dir='ltr'><strong>id</strong></span> <span class='ocrx_word' id='word_1_931' title='bbox 2914 4776 2999 4820; x_wconf 89' lang='lat' dir='ltr'><strong>est</strong></span> <span class='ocrx_word' id='word_1_932' title='bbox 3038 4767 3273 4835; x_wconf 87' lang='lat' dir='ltr'><strong>Spiritus</strong></span> <span class='ocrx_word' id='word_1_933' title='bbox 3319 4773 3562 4826; x_wconf 87' lang='lat' dir='ltr'><strong>sanctus,</strong></span> 
     </span>
    </p>
   </div>
   <div class='ocr_carea' id='block_1_115' title="bbox 2000 4857 3565 4932">
    <p class='ocr_par' dir='ltr' id='par_1_115' title="bbox 2000 4857 3565 4932">
     <span class='ocr_line' id='line_1_116' title="bbox 2000 4857 3565 4932; baseline -0.003 -19"><span class='ocrx_word' id='word_1_934' title='bbox 2000 4882 2018 4913; x_wconf 80' lang='grc' dir='ltr'><strong>ι</strong></span> <span class='ocrx_word' id='word_1_935' title='bbox 2055 4864 2194 4932; x_wconf 87' lang='lat' dir='ltr'><strong>quod</strong></span> <span class='ocrx_word' id='word_1_936' title='bbox 2224 4871 2367 4916; x_wconf 85' lang='lat' dir='ltr'><strong>esset</strong></span> <span class='ocrx_word' id='word_1_937' title='bbox 2392 4862 2613 4925; x_wconf 87' lang='lat' dir='ltr'><strong>bonum,</strong></span> <span class='ocrx_word' id='word_1_938' title='bbox 2644 4871 2698 4916; x_wconf 87' lang='lat' dir='ltr'><strong>et</strong></span> <span class='ocrx_word' id='word_1_939' title='bbox 2732 4860 3007 4914; x_wconf 80' lang='lat' dir='ltr'><strong>benedixit</strong></span> <span class='ocrx_word' id='word_1_940' title='bbox 3043 4874 3156 4926; x_wconf 88' lang='lat' dir='ltr'><strong>eos,</strong></span> <span class='ocrx_word' id='word_1_941' title='bbox 3201 4879 3220 4911; x_wconf 78' lang='grc' dir='ltr'><strong>ι</strong></span> <span class='ocrx_word' id='word_1_942' title='bbox 3256 4857 3310 4914; x_wconf 84' lang='lat' dir='ltr'><strong>id</strong></span> <span class='ocrx_word' id='word_1_943' title='bbox 3331 4867 3414 4911; x_wconf 89' lang='lat' dir='ltr'><strong>est</strong></span> <span class='ocrx_word' id='word_1_944' title='bbox 3447 4873 3565 4911; x_wconf 80' lang='lat' dir='ltr'><strong>san-</strong></span> 
     </span>
    </p>
   </div>
   <div class='ocr_carea' id='block_1_116' title="bbox 2061 5035 3594 5113">
    <p class='ocr_par' dir='ltr' id='par_1_116' title="bbox 2061 5035 3594 5113">
     <span class='ocr_line' id='line_1_117' title="bbox 2061 5035 3594 5113; baseline -0.007 -17"><span class='ocrx_word' id='word_1_945' title='bbox 2061 5042 2174 5113; x_wconf 89' lang='lat'><strong>(87)</strong></span> <span class='ocrx_word' id='word_1_946' title='bbox 2217 5043 2365 5106; x_wconf 83' lang='lat' dir='ltr'><strong>Quis.</strong></span> <span class='ocrx_word' id='word_1_947' title='bbox 2402 5039 2716 5105; x_wconf 78' lang='lat' dir='ltr'><strong>llninsmodi</strong></span> <span class='ocrx_word' id='word_1_948' title='bbox 2781 5038 3179 5113; x_wconf 80' lang='lat' dir='ltr'><strong>adnotationem</strong></span> <span class='ocrx_word' id='word_1_949' title='bbox 3230 5035 3594 5113; x_wconf 44' lang='lat' dir='ltr'><strong>non‘senu-l</strong></span> 
     </span>
    </p>
   </div>
   <div class='ocr_carea' id='block_1_117' title="bbox 1989 5106 3562 5183">
    <p class='ocr_par' dir='ltr' id='par_1_117' title="bbox 1989 5106 3562 5183">
     <span class='ocr_line' id='line_1_118' title="bbox 1989 5106 3562 5183; baseline -0.004 -19"><span class='ocrx_word' id='word_1_950' title='bbox 1989 5128 2041 5164; x_wconf 89' lang='lat' dir='ltr'><strong>to</strong></span> <span class='ocrx_word' id='word_1_951' title='bbox 2071 5106 2320 5183; x_wconf 33' lang='lat' dir='ltr'><strong>‘lti&#39;dymo</strong></span> <span class='ocrx_word' id='word_1_952' title='bbox 2365 5113 2708 5183; x_wconf 68' lang='lat' dir='ltr'><strong>pll&#39;cndimus,</strong></span> <span class='ocrx_word' id='word_1_953' title='bbox 2775 5119 2834 5161; x_wconf 93' lang='lat' dir='ltr'><strong>ut</strong></span> <span class='ocrx_word' id='word_1_954' title='bbox 2861 5109 3141 5183; x_wconf 52' lang='grc' dir='ltr'><strong>Δξιιρειίιιιε</strong></span> <span class='ocrx_word' id='word_1_955' title='bbox 3187 5121 3317 5183; x_wconf 75' lang='lat' dir='ltr'><strong>pag.</strong></span> <span class='ocrx_word' id='word_1_956' title='bbox 3347 5106 3482 5183; x_wconf 72' lang='lat'><strong>26,__</strong></span> <span class='ocrx_word' id='word_1_957' title='bbox 3508 5117 3562 5157; x_wconf 78' lang='lat' dir='ltr'><strong>et</strong></span> 
     </span>
    </p>
   </div>
   <div class='ocr_carea' id='block_1_118' title="bbox 1989 5176 3556 5249">
    <p class='ocr_par' dir='ltr' id='par_1_118' title="bbox 1989 5176 3556 5249">
     <span class='ocr_line' id='line_1_119' title="bbox 1989 5176 3556 5249; baseline -0.006 -14"><span class='ocrx_word' id='word_1_958' title='bbox 1989 5184 2042 5235; x_wconf 90' lang='lat' dir='ltr'><strong>in</strong></span> <span class='ocrx_word' id='word_1_959' title='bbox 2094 5176 2213 5236; x_wconf 36' lang='lat' dir='ltr'><strong>lib:</strong></span> <span class='ocrx_word' id='word_1_960' title='bbox 2243 5183 2313 5235; x_wconf 85' lang='lat' dir='ltr'><strong>De</strong></span> <span class='ocrx_word' id='word_1_961' title='bbox 2353 5181 2448 5249; x_wconf 84' lang='lat' dir='ltr'><strong>Sp.</strong></span> <span class='ocrx_word' id='word_1_962' title='bbox 2472 5192 2648 5233; x_wconf 80' lang='lat' dir='ltr'><strong>sancto</strong></span> <span class='ocrx_word' id='word_1_963' title='bbox 2670 5196 2822 5233; x_wconf 89' lang='lat' dir='ltr'><strong>nutu.</strong></span> <span class='ocrx_word' id='word_1_964' title='bbox 2855 5178 2938 5242; x_wconf 83' lang='lat' dir='ltr'><strong>l5,</strong></span> <span class='ocrx_word' id='word_1_965' title='bbox 2979 5179 3066 5230; x_wconf 90' lang='lat' dir='ltr'><strong>ubi</strong></span> <span class='ocrx_word' id='word_1_966' title='bbox 3102 5176 3324 5241; x_wconf 80' lang='lat' dir='ltr'><strong>legimus</strong></span> <span class='ocrx_word' id='word_1_967' title='bbox 3361 5194 3378 5249; x_wconf 86' lang='lat'><strong>:_</strong></span> <span class='ocrx_word' id='word_1_968' title='bbox 3411 5176 3556 5226; x_wconf 74' lang='grc' dir='ltr'><strong>«ΙΙοο</strong></span> 
     </span>
    </p>
   </div>
   <div class='ocr_carea' id='block_1_119' title="bbox 1988 5246 3560 5321">
    <p class='ocr_par' dir='ltr' id='par_1_119' title="bbox 1988 5246 3560 5321">
     <span class='ocr_line' id='line_1_120' title="bbox 1988 5246 3560 5321; baseline -0.005 -16"><span class='ocrx_word' id='word_1_969' title='bbox 1988 5253 2130 5305; x_wconf 90' lang='lat' dir='ltr'><strong>enim</strong></span> <span class='ocrx_word' id='word_1_970' title='bbox 2159 5256 2298 5321; x_wconf 84' lang='lat' dir='ltr'><strong>quod</strong></span> <span class='ocrx_word' id='word_1_971' title='bbox 2331 5246 2477 5321; x_wconf 53' lang='lat' dir='ltr'><strong>aint</strong></span> <span class='ocrx_word' id='word_1_972' title='bbox 2523 5251 2618 5303; x_wconf 80' lang='lat' dir='ltr'><strong>Cui</strong></span> <span class='ocrx_word' id='word_1_973' title='bbox 2651 5250 2985 5321; x_wconf 85' lang='lat' dir='ltr'><strong>angelorum,</strong></span> <span class='ocrx_word' id='word_1_974' title='bbox 3017 5265 3036 5298; x_wconf 73' lang='grc' dir='ltr'><strong>ι</strong></span> <span class='ocrx_word' id='word_1_975' title='bbox 3081 5261 3233 5314; x_wconf 63' lang='lat' dir='ltr'><strong>atque</strong></span> <span class='ocrx_word' id='word_1_976' title='bbox 3269 5246 3560 5312; x_wconf 80' lang='lat' dir='ltr'><strong>acciperet,</strong></span> 
     </span>
    </p>
   </div>
   <div class='ocr_carea' id='block_1_120' title="bbox 1991 5318 3082 5385">
    <p class='ocr_par' dir='ltr' id='par_1_120' title="bbox 1991 5318 3082 5385">
     <span class='ocr_line' id='line_1_121' title="bbox 1991 5318 3082 5385; baseline -0.004 -11"><span class='ocrx_word' id='word_1_977' title='bbox 1991 5336 2055 5374; x_wconf 88' lang='lat' dir='ltr'><strong>ac</strong></span> <span class='ocrx_word' id='word_1_978' title='bbox 2089 5325 2129 5374; x_wconf 92' lang='lat' dir='ltr'><strong>si</strong></span> <span class='ocrx_word' id='word_1_979' title='bbox 2153 5318 2373 5385; x_wconf 76' lang='lat' dir='ltr'><strong>diceret,</strong></span> <span class='ocrx_word' id='word_1_980' title='bbox 2403 5320 2562 5374; x_wconf 82' lang='lat' dir='ltr'><strong>Nulli.</strong></span> <span class='ocrx_word' id='word_1_981' title='bbox 2603 5340 2620 5372; x_wconf 78' lang='grc' dir='ltr'><strong>ι</strong></span> <span class='ocrx_word' id='word_1_982' title='bbox 2658 5318 2870 5373; x_wconf 28' lang='grc' dir='ltr'>Ειίιιίίὺί</span> <span class='ocrx_word' id='word_1_983' title='bbox 2899 5319 3082 5370; x_wconf 87' lang='lat' dir='ltr'><strong>etiam.</strong></span> 
     </span>
    </p>
   </div>
   <div class='ocr_carea' id='block_1_121' title="bbox 2061 5385 3560 5460">
    <p class='ocr_par' dir='ltr' id='par_1_121' title="bbox 2061 5385 3560 5460">
     <span class='ocr_line' id='line_1_122' title="bbox 2061 5385 3560 5460; baseline -0.007 -14"><span class='ocrx_word' id='word_1_984' title='bbox 2061 5393 2172 5460; x_wconf 81' lang='grc'>(88)</span> <span class='ocrx_word' id='word_1_985' title='bbox 2211 5395 2554 5446; x_wconf 82' lang='lat' dir='ltr'><strong>lnnntnuuut.</strong></span> <span class='ocrx_word' id='word_1_986' title='bbox 2614 5389 2857 5460; x_wconf 78' lang='lat' dir='ltr'><strong>Notanda</strong></span> <span class='ocrx_word' id='word_1_987' title='bbox 2911 5388 3106 5442; x_wconf 88' lang='lat' dir='ltr'><strong>locutio</strong></span> <span class='ocrx_word' id='word_1_988' title='bbox 3138 5386 3259 5447; x_wconf 89' lang='lat' dir='ltr'><strong>ista,</strong></span> <span class='ocrx_word' id='word_1_989' title='bbox 3310 5385 3368 5434; x_wconf 88' lang='grc' dir='ltr'><strong>ἐν</strong></span> <span class='ocrx_word' id='word_1_990' title='bbox 3424 5400 3560 5454; x_wconf 71' lang='grc' dir='ltr'>μειω</span> 
     </span>
    </p>
   </div>
   <div class='ocr_carea' id='block_1_122' title="bbox 1991 5459 2820 5531">
    <p class='ocr_par' dir='ltr' id='par_1_122' title="bbox 1991 5459 2820 5531">
     <span class='ocr_line' id='line_1_123' title="bbox 1991 5459 2820 5531; baseline -0.002 -17"><span class='ocrx_word' id='word_1_991' title='bbox 1991 5462 2195 5530; x_wconf 74' lang='grc' dir='ltr'>ἔχουσι,</span> <span class='ocrx_word' id='word_1_992' title='bbox 2227 5464 2276 5514; x_wconf 92' lang='lat' dir='ltr'><strong>id</strong></span> <span class='ocrx_word' id='word_1_993' title='bbox 2313 5473 2395 5514; x_wconf 89' lang='lat' dir='ltr'><strong>est</strong></span> <span class='ocrx_word' id='word_1_994' title='bbox 2433 5459 2820 5531; x_wconf 72' lang='grc' dir='ltr'>μειονεκτοῦσι.</span> 
     </span>
    </p>
   </div>
   <div class='ocr_carea' id='block_1_123' title="bbox 2063 5529 2978 5600">
    <p class='ocr_par' dir='ltr' id='par_1_123' title="bbox 2063 5529 2978 5600">
     <span class='ocr_line' id='line_1_124' title="bbox 2063 5529 2978 5600; baseline -0.009 -14"><span class='ocrx_word' id='word_1_995' title='bbox 2063 5533 2172 5600; x_wconf 82' lang='lat'><strong>(89)</strong></span> <span class='ocrx_word' id='word_1_996' title='bbox 2215 5531 2278 5584; x_wconf 82' lang='lat' dir='ltr'><strong>Et</strong></span> <span class='ocrx_word' id='word_1_997' title='bbox 2312 5529 2454 5596; x_wconf 69' lang='lat' dir='ltr'><strong>fecit.</strong></span> <span class='ocrx_word' id='word_1_998' title='bbox 2487 5531 2620 5584; x_wconf 73' lang='lat' dir='ltr'><strong>Gen.</strong></span> <span class='ocrx_word' id='word_1_999' title='bbox 2653 5547 2688 5588; x_wconf 86' lang='grc' dir='ltr'>ι.</span> <span class='ocrx_word' id='word_1_1000' title='bbox 2715 5530 2861 5600; x_wconf 33' lang='grc' dir='ltr'>*ὲῖλθι</span> <span class='ocrx_word' id='word_1_1001' title='bbox 2887 5529 2978 5582; x_wconf 66' lang='grc'><strong>98.</strong></span> 
     </span>
    </p>
   </div>
   <div class='ocr_carea' id='block_1_124' title="bbox 2067 5591 3298 5664">
    <p class='ocr_par' dir='ltr' id='par_1_124' title="bbox 2067 5591 3298 5664">
     <span class='ocr_line' id='line_1_125' title="bbox 2067 5591 3298 5664; baseline -0.009 -9"><span class='ocrx_word' id='word_1_1002' title='bbox 2067 5591 2172 5664; x_wconf 65' lang='grc'>(90)</span> <span class='ocrx_word' id='word_1_1003' title='bbox 2225 5591 2383 5654; x_wconf 74' lang='lat' dir='ltr'><strong>Vidit.</strong></span> <span class='ocrx_word' id='word_1_1004' title='bbox 2413 5601 2550 5655; x_wconf 83' lang='lat' dir='ltr'><strong>Gen.</strong></span> <span class='ocrx_word' id='word_1_1005' title='bbox 2589 5617 2624 5662; x_wconf 87' lang='lat' dir='ltr'><strong>I,</strong></span> <span class='ocrx_word' id='word_1_1006' title='bbox 2665 5602 2748 5652; x_wconf 77' lang='grc'><strong>18.</strong></span> <span class='ocrx_word' id='word_1_1007' title='bbox 2774 5598 2958 5653; x_wconf 81' lang='lat' dir='ltr'><strong>Graeca</strong></span> <span class='ocrx_word' id='word_1_1008' title='bbox 2990 5597 3100 5660; x_wconf 80' lang='lat' dir='ltr'><strong>etl.,</strong></span> <span class='ocrx_word' id='word_1_1009' title='bbox 3139 5591 3298 5648; x_wconf 83' lang='grc' dir='ltr'>εἶδεν.</span> 
     </span>
    </p>
   </div>
   <div class='ocr_carea' id='block_1_125' title="bbox 2066 5664 3560 5738">
    <p class='ocr_par' dir='ltr' id='par_1_125' title="bbox 2066 5664 3560 5738">
     <span class='ocr_line' id='line_1_126' title="bbox 2066 5664 3560 5738; baseline -0.003 -14"><span class='ocrx_word' id='word_1_1010' title='bbox 2066 5673 2172 5738; x_wconf 80' lang='lat'><strong>(9|)</strong></span> <span class='ocrx_word' id='word_1_1011' title='bbox 2217 5673 2336 5736; x_wconf 80' lang='lat' dir='ltr'><strong>Qui.</strong></span> <span class='ocrx_word' id='word_1_1012' title='bbox 2370 5669 2423 5723; x_wconf 93' lang='lat' dir='ltr'><strong>In</strong></span> <span class='ocrx_word' id='word_1_1013' title='bbox 2467 5672 2673 5732; x_wconf 85' lang='lat' dir='ltr'><strong>codice,</strong></span> <span class='ocrx_word' id='word_1_1014' title='bbox 2717 5671 2858 5722; x_wconf 81' lang='grc' dir='ltr'>ὅσον.</span> <span class='ocrx_word' id='word_1_1015' title='bbox 2903 5669 3078 5724; x_wconf 80' lang='lat' dir='ltr'><strong>Malim</strong></span> <span class='ocrx_word' id='word_1_1016' title='bbox 3118 5667 3251 5720; x_wconf 78' lang='grc' dir='ltr'>ὅσοι.</span> <span class='ocrx_word' id='word_1_1017' title='bbox 3291 5664 3403 5720; x_wconf 83' lang='lat' dir='ltr'><strong>Nisi</strong></span> <span class='ocrx_word' id='word_1_1018' title='bbox 3440 5664 3560 5736; x_wconf 85' lang='lat' dir='ltr'><strong>quis</strong></span> 
     </span>
    </p>
   </div>
   <div class='ocr_carea' id='block_1_126' title="bbox 1993 5740 2918 5812">
    <p class='ocr_par' dir='ltr' id='par_1_126' title="bbox 1993 5740 2918 5812">
     <span class='ocr_line' id='line_1_127' title="bbox 1993 5740 2918 5812; baseline -0.002 -16"><span class='ocrx_word' id='word_1_1019' title='bbox 1993 5743 2138 5796; x_wconf 83' lang='lat' dir='ltr'><strong>malit</strong></span> <span class='ocrx_word' id='word_1_1020' title='bbox 2167 5743 2342 5812; x_wconf 61' lang='lat' dir='ltr'><strong>legere</strong></span> <span class='ocrx_word' id='word_1_1021' title='bbox 2368 5758 2381 5794; x_wconf 87' lang='lat'><strong>:</strong></span> <span class='ocrx_word' id='word_1_1022' title='bbox 2414 5740 2664 5796; x_wconf 82' lang='grc' dir='ltr'>τοσοῦτον</span> <span class='ocrx_word' id='word_1_1023' title='bbox 2697 5742 2750 5794; x_wconf 83' lang='grc' dir='ltr'><strong>δὲ</strong></span> <span class='ocrx_word' id='word_1_1024' title='bbox 2780 5742 2918 5795; x_wconf 82' lang='grc' dir='ltr'>ὅσον.</span> 
     </span>
    </p>
   </div>
  </div>
