4082 6406
307 356 415 414 569

1337 366 1424 420 DE
1463 368 1840 425 TRINITATE
1878 368 2084 426 LIBER
2124 360 2505 434 secuivous.

3452 366 3564 433 ‘570

308 473 860 544 σδμμνημονεῦεσθαι
912 476 1063 540 αὐτο,
1119 477 1193 543 ὡς
1246 480 1337 532 τὸν
1387 483 1706 536 Ἀπόστολον
1763 486 1891 555 περὶ

2017 492 2209 545 τῑυικιιι
2233 491 2692 558 Quemadmodum
2721 490 2864 545 enim
2899 504 2962 543 ex
2992 503 3057 543 eo
3103 489 3241 559 quod
3281 489 3565 559 Scriptura

308 565 413 617 τῶν
438 567 502 616 ἐκ
526 565 950 634 παλιγγενεσίας
971 571 1173 640 ἀρτίων
1196 570 1466 638 γενέσθαι,
1496 573 1590 625 κα.)⁵
1617 574 1710 627 τοῦ
1741 574 1892 644 παρὰ

310 656 487 709 πάντα
523 657 787 726 μεγίστου
814 659 1233 731 κατορθώματος
1257 661 1557 715 ἀπολαῦσαι
1588 665 1895 735 προσδοκω-

312 746 507 816 μένων,
539 748 848 815 ἀναφωνεῖν
867 764 881 777 ⁶
920 769 939 801 ι
974 750 1161 815 Ὅπως
1186 751 1411 821 γένησθε
1437 754 1556 805 κατ’
1587 754 1767 805 είκὸνα
1798 754 1892 807 τοῦ

313 838 599 902 κτίσαντος
627 840 772 909 ὑμᾶς
796 858 809 871 ·
845 860 863 890 ι
910 841 1271 914 προφητεύειν
1301 842 1357 895 δὲ
1398 844 1490 895 καὶ
1526 844 1616 895 τὸν
1645 843 1806 896 Δαυῒδ
1840 846 1896 896 ἐν

316 936 397 999 pa.’
434 929 666 1000 ψαλμῷ·
709 949 728 981 ι
771 931 915 993 Aab;
964 934 993 985 6
1042 932 1355 1003 κτιζὸμενος
1410 934 1612 986 αἰνέσει
1657 933 1745 986 τὸν
1787 932 1897 987 Κύ-

321 1039 457 1091 ριον.
492 1041 510 1072 ι
544 1023 606 1074 Et
657 1022 791 1094 μηδέ
841 1024 1121 1078 κοινωνίαν
1170 1025 1376 1087 οὐσίας,
1424 1026 1518 1078 καὶ
1561 1026 1896 1096 κυριότητος,

324 1114 419 1165 καὶ
453 1114 729 1184 ἐνεργείας
758 1110 902 1184 εἶχεν
942 1116 1078 1186 πρὸς
1113 1116 1203 1168 τὸν
1234 1116 1449 1187 Πατέρα
1494 1118 1587 1170 καὶ
1618 1117 1752 1189 πρὸς
1786 1116 1896 1181 τὸν,

334 1222 352 1253 ι
394 1207 466 1257 Δι’
497 1202 558 1258 οῦ
577 1204 647 1258 τὰ
683 1207 858 1260 πάντα
890 1206 1124 1275 ἐγένετο,
1166 1226 1182 1258 ι
1220 1207 1367 1269 Υίὸν,
1400 1208 1499 1260 οὐκ
1531 1206 1595 1261 ἂν
1628 1208 1898 1261 ἀνεκαίνι-

327 1294 386 1357 ζε
447 1296 539 1347 καὶ
609 1297 825 1365 ἠγίαζε.
870 1298 959 1350 Διὸ
1005 1298 1102 1350 σὺν
1154 1296 1232 1368 τῷ
1269 1298 1519 1369 παναγίῳ
1562 1298 1836 1369 Πνεῦματι
1873 1301 1901 1352 6

324 1388 578 1458 Χριστὸς,
617 1389 755 1459 μετὰ
779 1390 877 1460 τὴν
915 1390 1225 1454 ἀνάστασιν,
1257 1391 1346 1443 τὸν
1376 1390 1647 1463 φθαρέντα
1673 1396 1739 1463 τῇ
1763 1410 1902 1463 παρ-

320 1482 456 1550 ακοῇ
489 1479 777 1549 ἄνθρωπον
806 1481 1106 1545 ἀνακτίζων
1144 1482 1239 1535 καὶ
1273 1482 1532 1549 ἁγιάζων,
1558 1483 1790 1552 ἐνεφύσα
1824 1485 1902 1547 είς

315 1568 390 1620 τά
440 1569 711 1639 πρόσωπα
759 1571 867 1623 τῶν
924 1569 1195 1641 μαθητῶν,
1239 1573 1331 1625 καὶ
1367 1572 1587 1641 ἔλεγεν*
1625 1594 1643 1624 ι
1692 1574 1901 1626 Λάϐετε

316 1659 553 1730 Πνεῦμα
574 1659 728 1729 ἅγιον
751 1680 764 1692 ·
804 1682 823 1714 ι
851 1662 1071 1733 πληρῶν
1090 1664 1182 1716 τοῦ
1212 1664 1406 1735 Ναοὺμ
1428 1664 1783 1735 προφητείαν,
1805 1666 1902 1735 τὴν

315 1752 428 1805 ὑπὸ
465 1753 837 1824 ἀκατασχέτου
876 1756 1063 1817 πόθου,
1099 1756 1190 1809 τοῦ
1220 1758 1352 1828 πρὸς
1387 1757 1448 1809 τὸ
1473 1758 1705 1827 ἄμετρον
1740 1756 1901 1810 καλὸν

314 1844 415 1896 τοῦ
442 1844 790 1915 πράγματος,
823 1846 884 1899 τὸ
908 1847 1264 1917 γενησόμενον
1294 1849 1368 1910 ὡς
1394 1847 1493 1918 ἤδη
1535 1848 1901 1919 πραττόμενον
1935 1839 1974 1892 Β

310 1933 689 2005 διηγουμένην
714 1950 727 1963 ⁸
766 1953 785 1986 ι
833 1936 1020 2006 Ἀνέϐη
1053 1938 1117 1989 ἐκ
1144 1937 1243 2006 τῆς
1270 1938 1375 2007 γῆς
1402 1940 1430 1990 6
1458 1938 1713 2007 ἐμφυσῶν
1742 1940 1821 2000 εἰς
1844 1937 1904 1990 τὸ

316 2027 620 2097 πρόσωπόν
669 2043 782 2091 σου,
836 2029 929 2081 καὶ
967 2028 1349 2099 ἐξαιρούμενός
1391 2046 1448 2082 σε
1491 2033 1554 2083 ἐκ
1590 2030 1838 2099 θλίψεως.
1878 2049 1897 2082 ι

317 2120 450 2170 Ὀτι
504 2117 563 2170 δὲ
617 2119 797 2172 κτίσαι
850 2119 996 2172 ἐστὶν
1042 2122 1135 2173 καὶ
1187 2118 1280 2191 [84
1310 2119 1360 2191 b]
1398 2120 1459 2173 τὸ
1494 2121 1735 2188 ἁγιάσαι,
1768 2122 1905 2193 ὅπερ

316 2210 505 2260 ποιεῖν
563 2210 771 2275 πέφυκε
831 2208 889 2261 τὸ
920 2208 1095 2262 θεῖκὸν
1136 2208 1378 2279 Πνεῦμα,
1422 2209 1584 2263 Δαυῒδ
1617 2214 1901 2282 μαρτυρεῖ,

313 2296 575 2366 ψάλλων·
625 2318 643 2349 ι
683 2299 920 2369 Καρδίαν
986 2298 1231 2370 καθαρὰν
1298 2299 1479 2354 κτίσον
1544 2303 1601 2353 ἐν
1659 2303 1817 2371 ἐμοὶ,
1879 2304 1908 2356 ὁ

316 2387 494 2449 Θιᾶς-
540 2407 559 2439 ι
595 2388 736 2440 τοῦτ’
766 2389 931 2453 ἐστιν,
966 2389 1212 2457 Ἀγίασόν
1243 2407 1331 2460 με,
1358 2390 1423 2443 ἵν’
1445 2392 1904 2463 ἀνακαινισθείην,

318 2478 703 2551 καταφθαρεὶς
740 2484 805 2551 τῇ
853 2483 1126 2553 ἁμαρτίᾳ’
1167 2482 1288 2535 ἐπεὶ
1322 2482 1439 2545 πῶς
1465 2482 1531 2536 ἂν
1563 2483 1711 2554 αὐτῷ
1748 2486 1909 2555 ἐτὲρα

319 2569 556 2638 ἐκτίσθη
588 2571 813 2640 καρδίας
845 2573 1156 2644 Συμφράζει
1182 2591 1241 2626 τε
1269 2575 1441 2646 τούτῳ
1465 2591 1478 2606 ·
1510 2597 1529 2627 ι
1560 2578 1665 2630 Καὶ
1687 2578 1909 2648 Πνεῦμα

320 2660 487 2724 εὑθές
519 2663 826 2729 ἐγκαίνισον
869 2667 926 2717 ἐν
976 2668 1084 2730 τοῖς
1136 2667 1387 2734 ἐγκάτοις
1422 2685 1552 2738 μου·
1590 2687 1609 2718 ι
1640 2670 1760 2722 ἀντὶ
1790 2669 1906 2736 τοῦ,

324 2750 404 2803 Τὸ
450 2754 634 2807 πάντα
683 2755 989 2827 ὑπερφέρον
1038 2757 1331 2829 σεδάσμιόν
1390 2776 1483 2813 σου
1540 2760 1766 2831 Πνεῦμα
1807 2778 1910 2813 πα-

325 2844 542 2913 ράσχου
580 2862 690 2913 μοι.
727 2846 859 2911 Ἵνα,
892 2848 1075 2919 φησιν,
1102 2848 1178 2919 τῷ
1205 2849 1461 2921 ἁγιασμῷ
1488 2849 1650 2903 αὐτοῦ
1677 2850 1911 2921 καθαρὸς

326 2936 656 3005 ἀναφανεὶς.
690 2937 935 3006 γένωμαι
977 2940 1100 3003 ναὸς
1156 2941 1319 2993 αὑτοῦ
1358 2941 1527 3007 ἄξιος.
1577 2928 1667 2994 Ἐκ
1710 2942 1818 3011 γὰρ
1848 2942 1911 3013 δὴ

332 3026 506 3095 μόνης
534 3027 634 3095 τῆς
652 3027 815 3081 αὐτοῦ
842 3030 936 3081 καὶ
958 3030 1050 3082 τοῦ
1073 3031 1199 3084 Υίοῦ
1226 3049 1318 3084 σου
1343 3033 1684 3095 ἐπιστασίας,
1705 3033 1798 3084 καὶ
1820 3032 1915 3084 αὑ-

328 3119 441 3181 τὸς,
476 3117 747 3182 Δέσποτα,
784 3123 1164 3195 κατασημαίνῃ
1195 3126 1348 3193 ἡμῖν,
1394 3124 1489 3176 καὶ⁹
1533 3124 1746 3178 πάντων
1780 3123 1912 3188 ἄκος

332 3210 603 3280 δεχόμεθα
626 3212 831 3275 κακῶν,
868 3214 961 3266 καὶ
983 3216 1039 3266 ἐν
1063 3215 1270 3268 ἐλπίσιν
1301 3215 1544 3284 βεϐαίαις
1567 3214 1764 3278 παντὸς
1786 3216 1915 3267 αίω-
1942 3203 1983 3260 C

339 3300 450 3351 νίου
483 3300 745 3370 γινόμεθα
773 3302 998 3370 ἀγαθοῦ.
1037 3304 1309 3374 Ἑμειςανὲς
1330 3306 1438 3374 γὰρ
1468 3306 1616 3375 ἡμῖν,
1640 3305 1721 3357 ὅτι
1755 3304 1915 3357 Δαυῖδ

342 3394 473 3443 (ti-:6
504 3392 706 3456 ἐξαιτεῖ
744 3395 1151 3465 ἐγκαινισθῆναι
1205 3397 1352 3467 αὐτῷ
1375 3414 1387 3427 ’
1420 3399 1541 3451 ἐπεὶ
1591 3398 1710 3462 πῶς
1743 3398 1808 3451 ἂν
1854 3400 1915 3452 τὸ

350 3479 449 3548 ἠδη
486 3478 542 3531 ὃν
577 3481 724 3552 αὐτῷ
763 3483 1006 3554 Πνεῦμα,
1039 3485 1113 3549 ὡς
1154 3485 1278 3557 ᾷρτι
1312 3488 1398 3540 ἐπ’
1429 3488 1587 3541 αὐτὸν
1625 3490 1916 3560 ἐρχόμενον

352 3573 734 3637 ἐνεκαινίζετο;
777 3575 936 3643 Ἀλλὰ
983 3577 1077 3628 καί¹
1120 3577 1302 3647 μεῖζον
1358 3580 1451 3633 καὶ
1496 3581 1916 3652 ἀναγκαιότερον

349 3662 410 3713 τὸ
440 3664 668 3731 ἁγιάσαι·
685 3666 780 3719 τοῦ
818 3667 1218 3739 δημιουργῆσαι
1251 3671 1419 3725 εἰδυῖα
1464 3674 1496 3742 ἡ
1546 3672 1756 3744 Γραφὴ,
1793 3674 1920 3744 περὶ

346 3754 439 3807 τοῦ
470 3757 831 3823 ἀπολέσαντος
859 3759 947 3811 τὸν
980 3760 1250 3831 ἁγιασμὸν
1279 3762 1508 3816 ἐλεεινοῦ
1551 3765 1719 3817 Ἰούδα
1749 3761 1918 3817 εἶπεν

350 3866 368 3896 ι
408 3847 589 3901 Καλὸν
622 3845 688 3920 ἦν
712 3850 881 3920 αὐτῷ,
910 3852 957 3902 εί
994 3850 1094 3903 οὐκ
1118 3852 1378 3923 ἐγεννήθη
1409 3855 1436 3906 ὁ
1462 3852 1743 3924 ἄνθρωπος
1776 3855 1921 3906 ἐκεῖ-

343 3959 468 4003 νος.
513 3961 531 3992 ι
589 3941 840 4012 Ἐπειδὴ,
901 3941 1091 4010 φησὶν,
1152 3943 1403 3996 ἁπάντων
1465 3942 1924 4014 ἀσυμφορώτατον

341 4034 583 4105 ἔπραξε,
612 4031 705 4089 xii.
736 4036 824 4087 τὸν
860 4036 1135 4107 Δεσπότην
1167 4037 1282 4090 ἀντ’
1308 4038 1518 4101 οὐδενὸς
1550 4037 1718 4091 κακοῦ
1745 4037 1926 4091 ἀπέδο-

340 4145 428 4191 το,
488 4128 586 4179 καὶ⁹
625 4127 722 4197 τὴν
750 4126 894 4198 ζωὴν
932 4129 1207 4200 ἀργυρίων
1247 4128 1533 4198 ἠλλάξατο.
1575 4129 1684 4182 Καὶ
1733 4130 1796 4201 δὴ
1834 4130 1927 4183 καὶ

342 4222 483 4290 περὶ
518 4220 617 4290 τῆς
657 4220 713 4272 ἐν
746 4223 808 4290 τῇ
843 4220 1065 4292 ἀρρήτῳ
1094 4221 1372 4292 οἰκονομίᾳ
1404 4221 1651 4293 δουλικῆς
1692 4222 1925 4293 μορφῆςν

344 4313 484 4380 περὶ
524 4306 592 4381 ἧς
639 4310 783 4378 λέγει
847 4311 1099 4383 Ἰωάννης
1130 4313 1265 4382 μέν·
1297 4331 1312 4363 ι
1346 4314 1452 4365 Καὶ
1493 4313 1521 4365 6
1554 4314 1725 4381 Λόγος
1792 4311 1928 4383 σὰρξ

346 4406 571 4471 ἐγένετο
596 4418 609 4431 ·
642 4422 659 4454 ι
700 4402 907 4466 Παῦλος
943 4403 1026 4456 δέ·
1069 4423 1088 4455 ι
1130 4403 1351 4456 Ἑαυτὸν
1399 4404 1682 4467 ἐκένωσεν,
1715 4404 1929 4475 μορφὴν

1997 586 2061 637 de
2085 584 2218 638 Filio
2239 586 2378 638 dicat
2409 584 2459 637 in
2485 581 2603 636 ani
2634 582 2787 646 libro,
2823 600 2839 633 ι
2874 581 2972 647 Qui
3009 582 3247 633 extendit
3274 581 3563 651 (1)(’ω1ιιιιι

1997 675 2167 736 solus,
2207 693 2225 726 ι
2274 690 2302 725 a
2349 674 2624 727 creatione
2670 688 2772 724 non
2812 672 3050 724 excludit
3089 670 3260 732 illum,
3301 689 3319 720 ι
3354 686 3419 724 ει
3459 688 3566 740 quo

1997 764 2198 830 omnia,
2230 774 2285 818 et
2319 763 2373 815 in
2426 776 2529 829 quo
2574 762 2750 814 omnia
2785 780 2802 812 ι
2838 761 3133 814 constituta
3181 769 3326 822 sunt,
3377 775 3567 829 nempe

1996 856 2210 911 Patrem
2239 856 2496 923 (alioquin
2529 853 2797 922 quomoda
2832 854 2945 906 lucc
2983 852 3089 919 jam
3128 867 3251 905 vera
3292 868 3410 905 esse
3442 869 3567 920 pus-

1999 948 2231 1016 sent?);
2265 949 2333 1000 ita
2384 961 2556 1013 neque
2612 945 2693 999 fas
2744 953 2829 997 est
2867 944 3123 1011 Spiritum
3176 943 3476 1011 sapientiaa,
3515 953 3570 997 et

2001 1040 2235 1101 virtutis,
2261 1047 2314 1092 et
2342 1036 2665 1098 sanctitatis,
2708 1036 2965 1103 Spiritum
2998 1034 3205 1088 scilicet
3240 1034 3352 1098 Dei,
3384 1033 3568 1088 exclu—

2002 1133 2129 1184 derc
2165 1133 2231 1182 ab
2268 1145 2331 1182 eo
2360 1139 2416 1182 ut
2439 1128 2596 1182 simul
2625 1144 2743 1182 cum
2781 1129 2887 1181 Deo
2919 1138 3134 1181 creator
3174 1128 3265 1180 sit.
3310 1128 3567 1193 Quantam

2001 1237 2128 1276 vero
2152 1224 2216 1275 ad
2253 1223 2352 1275 hoc
2384 1220 2712 1291 probandum
2749 1220 2954 1273 firmior
2984 1220 3370 1274 demonstratio
3409 1236 3570 1274 exco—

2001 1315 2157 1384 gitari
2192 1322 2389 1383 potest,
2420 1328 2576 1380 quam
2616 1312 2757 1380 quod
2801 1311 3042 1380 quotidie
3065 1310 3139 1380 (2)
3167 1322 3420 1380 operatur
3443 1310 3569 1381 Spi-

2004 1410 2137 1462 ritus
2172 1406 2286 1469 Dei,
2318 1406 2520 1459 dumin
2548 1405 2815 1473 baptismo
2849 1413 3089 1469 renovat,
3132 1413 3186 1456 et
3244 1401 3568 1469 sanctificat,

2002 1511 2055 1554 et
2081 1501 2143 1553 ad
2170 1498 2623 1566 prmstantiorem,
2654 1511 2717 1549 ac
2750 1496 2976 1565 primani
3014 1495 3134 1548 vita:
3161 1493 3385 1548 formam
3415 1508 3570 1548 revo-

2002 1600 2090 1646 Cat
2118 1590 2234 1661 (3)?
2269 1588 2323 1642 ld
2357 1589 2499 1641 enim
2552 1587 2639 1639 illa
2679 1588 2840 1639 etiam
2884 1584 3109 1639 formula
3140 1585 3428 1654 significat,
3465 1598 3571 1653 qua

2005 1680 2117 1748 ipse
2147 1694 2253 1733 una
2285 1695 2404 1732 cum
2445 1679 2603 1732 Patre
2633 1689 2685 1731 et
2707 1676 2842 1731 Filio
2870 1676 2919 1729 in
2950 1676 3217 1744 baptismo
3247 1690 3573 1740 continente-

2005 1783 2154 1826 ratur
2181 1789 2195 1829 :
2227 1771 2361 1825 adeo
2412 1780 2468 1823 ut
2512 1769 2801 1839 Apostolus
2831 1767 2896 1819 de
2945 1766 3030 1829 iis,
3063 1766 3151 1833 qui
3179 1781 3242 1819 ex
3281 1780 3571 1833 regenera-

2007 1865 2148 1919 tione
2194 1863 2406 1932 integri,
2441 1878 2502 1915 ac
2529 1861 2747 1930 perfecti
2776 1858 2911 1921 ﬁeri,
2944 1867 3017 1919 ct,
3043 1858 3305 1911 donormn
3331 1857 3570 1910 omnium

2006 1956 2264 2021 maximo,
2310 1955 2767 2024 redintegratione
2817 1953 2919 2007 frui
2964 1961 3205 2022 sperant,
3257 1951 3571 2005 exclamet:

2008 2068 2027 2101 ι
2059 2049 2129 2105 Ut
2156 2048 2368 2118 sitis(i)
2402 2048 2692 2102 secundum
2733 2047 3016 2114 imaginem
3064 2045 3198 2111 ejus,
3238 2046 3325 2114 qui
3371 2043 3579 2099 creavit

2006 2155 2131 2206 vos;
2169 2160 2186 2193 ι
2227 2139 2395 2192 David
2421 2148 2597 2193 autem
2635 2152 2848 2206 quoque
2889 2138 2940 2191 in
2986 2152 3033 2191 CI
3078 2137 3281 2206 psalmo
3329 2137 3407 2189 sic
3451 2151 3578 2204 pro-

2007 2234 2195 2299 phetct
2231 2245 2247 2284 :
2287 2250 2303 2280 ι
2331 2230 2562 2297 Populus
2598 2229 2675 2301 (5)
2704 2230 2793 2297 qui
2840 2240 3075 2292 creatur,
3110 2227 3348 2281 laudabit
3397 2224 3582 2279 Domi-

2008 2341 2158 2378 ntnn.
2203 2343 2221 2376 ι
2267 2324 2376 2377 Nisi
2418 2337 2754 2376 communem
2785 2320 3009 2376 haberet
3053 2319 3444 2381 essentiam,et
3478 2317 3580 2370 do-

2009 2417 2379 2481 minationem,
2415 2424 2469 2468 ct
2492 2414 2858 2482 operationem
2888 2428 3009 2466 cum
3044 2411 3223 2477 Patre,
3254 2421 3305 2465 et
3336 2426 3456 2463 rum
3490 2423 3577 2471 eo,

2008 2525 2103 2578 per
2132 2522 2289 2577 quem
2321 2506 2498 2559 omnia
2542 2506 2677 2557 facta
2727 2511 2874 2567 sunt,
2914 2517 3103 2571 nempe
3138 2500 3310 2564 Filio;
3347 2515 3452 2553 non
3497 2515 3582 2553 re-

2011 2609 2253 2667 novaret,
2286 2615 2381 2655 nec
2412 2596 2795 2653 sanctificarct.
2837 2595 3041 2650 Idcirco
3078 2604 3195 2664 post
3223 2591 3582 2646 resurrectio-

2012 2724 2133 2765 nem
2150 2705 2395 2762 Christus
2412 2712 2732 2770 corruptum
2752 2715 2846 2770 per
2864 2698 3276 2754 inobedientiam
3311 2695 3579 2750 hominem

2014 2831 2119 2869 una
2147 2829 2267 2867 cum
2302 2808 2643 2866 sanctissimo
2678 2806 2877 2875 Spiritu
2912 2818 3098 2858 rursus
3126 2816 3339 2867 creans,
3370 2810 3425 2856 et
3453 2815 3584 2854 san-

2013 2906 2277 2967 ctificans,
2316 2901 2605 2957 insufllavit
2637 2900 2689 2954 in
2727 2897 2895 2953 facies
2938 2894 3351 2963 discipulorum,
3402 2901 3458 2946 et
3487 2892 3583 2955 ait,

2022 3018 2041 3052 ι
2076 2998 2315 3067 Accipite
2338 2996 2414 3067 (6)
2447 2993 2711 3064 Spiritum
2744 3002 3016 3053 sanctum,
3054 3007 3072 3040 ι
3112 2987 3340 3056 implens
3370 2985 3472 3039 hac
3496 3000 3585 3038 ra-

2017 3094 2163 3145 tione
2203 3087 2431 3142 Nahumi
2472 3081 2833 3153 prophetiam,
2883 3093 3004 3149 qua:
3063 3078 3131 3132 ob
3186 3075 3474 3129 vehemens
3521 3088 3587 3126 ac

2053 3184 2218 3238 il'rene
2246 3179 2593 3239 desiderium,
2617 3190 2725 3245 quo
2748 3175 2799 3227 in
2833 3173 3151 3227 immensam
3186 3168 3260 3222 rei
3291 3164 3588 3237 pulchritu-

2015 3277 2194 3333 dinem
2235 3272 2505 3327 ferebatur
2546 3268 2828 3337 propheta,
2873 3274 2928 3317 ut
2976 3262 3087 3333 jam
3134 3260 3332 3314 factum
3369 3264 3586 3312 enarrat

2015 3368 2156 3439 quod
2198 3363 2499 3419 faciendum
2545 3369 2661 3416 erat
2697 3376 2710 3413 :
2749 3376 2765 3409 ι
2809 3355 3067 3412 Ascendit
3092 3354 3168 3424 (7)
3198 3368 3262 3405 ex
3296 3361 3461 3412 terra,
3495 3347 3587 3418 qui

2018 3461 2251 3519 insuillat
2277 3460 2330 3513 in
2361 3457 2550 3511 faciem
2578 3465 2744 3518 tuam,
2774 3462 2828 3505 et
2850 3450 2992 3505 eruit
3013 3458 3063 3502 te
3091 3462 3154 3501 ex
3192 3443 3584 3499 tribulatione.»

2020 3567 2170 3634 Quod
2205 3573 2383 3617 autem
2430 3556 2785 3615 sanctiﬁcatio
2831 3554 3013 3623 (quam
3053 3558 3310 3619 praistare
3355 3545 3592 3615 Spiritus

2021 3658 2194 3714 sancti
2234 3654 2337 3720 est)
2389 3656 2459 3707 sit
2491 3650 2715 3714 creatio,
2762 3654 2994 3699 tcStatur
3042 3641 3199 3712 187
3240 3639 3405 3693 David
3447 3635 3594 3703 psal-

2024 3751 2138 3805 lens
2166 3768 2179 3804 :
2215 3767 2233 3798 ι
2256 3744 2448 3816 (λιι-(8)
2478 3742 2730 3797 nmndum
2766 3752 2889 3792 crea
2917 3736 2967 3790 in
2994 3749 3098 3799 me,
3132 3732 3302 3797 Deus;
3328 3748 3347 3781 ι
3368 3729 3469 3783 hoc
3488 3738 3591 3791 est,

2024 3838 2301 3894 sanctifica
2341 3850 2446 3900 me,
2482 3844 2541 3886 ut
2575 3844 2822 3891 renover,
2866 3843 2987 3881 cum
3038 3831 3259 3893 peccato
3310 3825 3597 3887 corruptus

2024 3931 2166 3986 sim:
2197 3927 2431 3995 alioquin
2476 3922 2745 3994 quomodo
2780 3920 2924 3973 aliud
2967 3932 3063 3971 cor
3094 3915 3193 3985 ipsi
3227 3923 3471 3967 creatura
3509 3908 3595 3965 fo-

2028 4030 2145 4085 ret?
2180 4027 2552 4084 Consentanea
2589 4039 2717 4077 vero
2764 4030 2890 4076 sunt
2933 4034 3052 4089 qua:
3086 4016 3265 4087 jungit
3298 4011 3594 4081 superiori-

2030 4123 2165 4174 bus:
2199 4138 2217 4169 ι
2251 4117 2312 4170 Et
2344 4116 2603 4184 Spiritum
2632 4124 2860 4173 rectum,
2885 4108 3079 4177 inquit,
3111 4107 3306 4161 innova
3340 4105 3394 4156 lu
3428 4101 3600 4155 visce-

2030 4214 2180 4267 ribus
2219 4210 2390 4265 meis:
2428 4227 2447 4258 ι
2497 4207 2547 4259 id
2586 4214 2669 4259 est
2718 4202 3080 4267 venerandum
3128 4210 3277 4251 tuum
3312 4194 3596 4264 Spiritum,

2030 4312 2207 4367 omnia
2260 4308 2733 4363 transcendentem
2777 4318 2839 4358 ac
2878 4298 3408 4372 prmtergredientem
3466 4293 3599 4347 mihi

2034 4405 2245 4475 largire,
2274 4411 2331 4455 ut
2362 4400 2478 4470 ejus
2506 4399 2710 4453 scilicet
2752 4392 3175 4449 sanctificatione
3202 4388 3492 4444 mundatus
3517 4384 3603 4439 di-

343 4495 543 4547 δούλου
590 4494 797 4548 λαϐὼν*
838 4514 856 4546 ι
895 4495 924 4547 6
962 4495 1059 4564 μὲν
1104 4493 1352 4565 Σολομὼν
1392 4491 1578 4547 εἶπεν⁹
1612 4514 1628 4547 ι
1672 4495 1735 4548 Ἠ
1771 4496 1914 4565 σοφία

2035 4513 2196 4568 gnum
2232 4496 2373 4548 illius
2411 4490 2663 4560 templum
2700 4487 2934 4550 eliiciar;
2986 4500 3107 4539 nam
3155 4498 3222 4537 ex
3255 4481 3366 4534 sola
3408 4478 3599 4549 ipsius,

346 4586 703 4657 (Eizo’ancrav
752 4587 917 4658 ἐαυτῇ
950 4583 1126 4639 οἶκονο
1172 4605 1193 4638 ι
1237 4587 1265 4638 6
1313 4586 1369 4639 δὲ
1412 4585 1707 4649 Ματθαῶς,
1752 4586 1835 4639 διὰ
1872 4587 1933 4639 τὸ

345 4680 551 4735 ταυτὸν
602 4678 702 4747 τῆς
744 4677 928 4749 θεῖκῆς
982 4678 1195 4748 φύσεως
1242 4678 1336 4731 καὶ⁵
1383 4678 1661 4747 ἐνεργείας
1725 4678 1937 4744 ἐξέθετο

349 4771 451 4823 ὡδί
473 4786 489 4798 ·
521 4789 539 4820 ι
576 4768 680 4821 Τοῦ
711 4768 767 4820 δέ
806 4767 978 4839 Ἰησοῦ
1009 4767 1246 4840 Χριστοῦ
1286 4770 1319 4839 ἡ
1352 4767 1604 4837 γέννησις
1636 4767 1805 4831 οὕτως
1834 4762 1932 4839 ἦν’

349 4859 804 4931 Μνηστευθείσης
828 4860 924 4930 τῆς
956 4858 1161 4930 μητρὸς
1198 4858 1290 4930 [85
1312 4856 1367 4929 a]
1410 4858 1574 4912 αὑτοῦ
1605 4858 1823 4927 Μαρίας
1861 4857 1937 4928 τῷ

365 4955 592 5023 Ἰωσὴφ,
631 4952 795 5024 πρινὴ
831 4951 1103 5004 συνελθεῖν
1137 4952 1333 5015 αὐτοὺς
1384 4951 1580 5022 εὑρέθη
1631 4953 1688 5003 ἐν
1737 4952 1935 5021 γαστρὶ

354 5046 555 5115 ἔχουσα
594 5046 659 5097 ἐκ
695 5043 1005 5114 Πνεῦματος
1045 5044 1220 5111 ἁγίου.
1262 5062 1280 5092 ι
1320 5042 1430 5095 Καὶ
1462 5044 1489 5095 6
1515 5041 1849 5111 ἀρχάγγελος
1878 5042 1934 5094 δὲ

352 5137 465 5207 ἔφη
484 5153 497 5165 ·
530 5157 547 5188 ι
587 5134 660 5189 Τὸ
681 5136 789 5206 γὰρ
812 5136 867 5187 ἐν
893 5136 1028 5207 αὐτῇ
1052 5134 1330 5205 γεννηθὲν,
1356 5136 1419 5186 ἐκ
1450 5134 1762 5204 Πνεῦματός
1792 5135 1936 5187 ἐστιν

431 5317 512 5387 (ll
555 5318 657 5381 Qui
679 5315 926 5387 extendit.
957 5314 1055 5369 Job
1093 5330 1167 5377 Ix,
1190 5313 1239 5387 8ἶ

431 5382 513 5461 ("3)
556 5386 992 5461 Quotidie.__\’i_de
1024 5400 1194 5453 segni.
1221 5382 1328 5461 _l?.5
1357 5383 1403 5437 b.

431 5451 511 5528 (ὅ)
554 5458 797 5528 Ret-acut.
837 5456 968 5528 Vide
989 5451 1143 5528 notas
1169 5455 1233 5507 ad
1254 5470 1420 5523 segni.
1449 5451 1551 5505 114

433 5461 489 5528 (3
554 5461 797 5510 Ret-ocul.
837 5461 967 5509 Vide
989 5465 1143 5509 notas
1169 5461 1233 5507 ad
1254 5470 1420 5523 segni.
1449 5461 1471 5505 ‘l
1492 5461 1551 5505 I4
1580 5461 1629 5504 ιι.

433 5461 511 5599 (ιῖ
552 5527 626 5582 Ut
658 5527 792 5579 sitis.
818 5527 895 5599 _lu
949 5523 1133 5579 Bibliis
1176 5540 1277 5576 non
1329 5523 1691 5599 exstantbzec
1724 5522 1938 5599 adver-

360 5589 515 5663 buiu',
549 5608 606 5651 ut
627 5597 946 5667 putoaflitat
993 5609 1121 5663 ergo
1151 5609 1366 5667 sensum
1400 5609 1482 5667 rex
1525 5592 1697 5667 Epist:
1733 5594 1799 5667 ad
1833 5591 1939 5667 (ρο-

528 5662 742 5728 ιιι,’1υ.
779 5666 912 5720 Vide
944 5662 1111 5734 segni.
1146 5664 1245 5717 100
1274 5679 1327 5726 a,
1358 5662 1445 5716 ubi
1470 5677 1562 5733 pro
1587 5662 1750 5732 ὑμᾶς,
1780 5664 1941 5716 habet.

362 5738 534 5809 ἡμᾶς,
562 5750 618 5809 et
647 5751 816 5808 segtn.
853 5733 1031 5809 118a.

438 5798 531 5881 (δῖ
557 5798 813 5876 Papirius.
850 5803 989 5859 Psal.
1017 5816 1088 5869 ct,
1123 5815 1258 5857 vers.
1298 5798 1379 5853 19.

2038 4599 2090 4642 et
2126 4586 2243 4641 Filii
2279 4586 2351 4638 tui
2388 4581 2783 4653 gubernatione
2824 4593 2889 4632 ac
2922 4574 3262 4645 przesideutia
3301 4582 3353 4624 tu
3386 4580 3601 4638 quoque

2040 4678 2214 4739 nobis,
2257 4674 2505 4737 Domine,
2537 4671 2789 4741 signaris,
2830 4678 2885 4722 et
2928 4666 3190 4719 malorum
3231 4661 3468 4717 omnium
3521 4672 3607 4712 re-

2041 4769 2271 4821 medium
2320 4765 2635 4833 accipimus,
2668 4771 2723 4814 et
2781 4758 2989 4811 firmam
3038 4770 3186 4823 spem
3219 4753 3476 4805 habemus
3509 4764 3609 4805 cu-

2034 4858 2260 4929 juslibet
2309 4856 2495 4910 interni
2545 4852 2691 4907 boni.
2725 4850 2875 4915 Quod
2916 4847 3058 4902 enim
3112 4841 3276 4897 David
3326 4842 3468 4896 hunc
3506 4839 3606 4893 sibi

2043 4947 2294 5003 renovari
2345 4946 2598 5015 postulet,
2642 4940 2981 4995 tnanifestum
3020 4945 3135 4999 est;
3181 4949 3305 4988 nam
3341 4929 3611 5000 quomodo

2041 5042 2110 5103 is,
2155 5056 2311 5110 quem
2350 5039 2471 5105 "jam
2516 5036 2763 5098 habebat,
2802 5031 3026 5100 spiritus
3070 5029 3121 5079 in
3164 5042 3285 5079 eum
3328 5022 3489 5078 veluti
3525 5034 3611 5074 rc-

2044 5148 2172 5188 Cens
2200 5132 2402 5194 venire,
2439 5145 2503 5183 ac
2534 5125 2781 5182 renovari
2817 5120 3064 5193 poterat?
3092 5119 3230 5185 Quin
3263 5116 3425 5172 etiam
3465 5111 3613 5167 Scri-

2114 5311 2189 5381 (6)
2233 5309 2486 5381 Accipite.
2519 5306 2799 5381 .loa_n._xx,
2831 5300 2921 5381 Ἡ,

2117 5357 2195 5451 iii)
2233 5357 2499 5451 Xiééiua.
2522 5357 2581 5451 ιιι
2610 5357 2829 5451 Vulgata
2867 5368 3113 5451 editione.
3134 5366 3331 5451 frustra
3355 5362 3507 5451 hunc
3531 5357 3617 5451 lo—

2042 5426 2738 5521 cuidiiljiaéﬂ"
2752 5438 3116 5521 fiomplutensi
3141 5443 3326 5521 exstat
3355 5447 3495 5485 vers.
3531 5426 3604 5521 ul;

2042 5471 2162 5510 cuin
2192 5464 2422 5521 quaaras.
2449 5457 2504 5501 In
2530 5457 2714 5501 (ἐι-αισα
2752 5457 3116 5562 Loriiptutensr
3147 5457 3326 5491 exstat
3359 5457 3495 5485 vers.
3531 5457 3604 5481 Ill°

2042 5527 2169 5578 timo
2217 5520 2408 5589 capitis
2440 5534 2454 5570 t
2497 5517 2723 5589 Nahum,
2757 5514 2810 5589 in
2859 5512 2980 5589 aiis
3026 5506 3351 5589 editnipnibus
3384 5498 3609 5589 versui

2195 5568 2570 5662 "Tibi-autem
2594 5587 2671 5638 sic
2694 5568 2751 5662 se
2788 5583 2944 5662 habet
2974 5595 2987 5631 :
3017 5576 3227 5662 λᾼχέὸη
3253 5568 3512 5645 ἐμφυσῶν
3537 5568 3615 5631 είς

2044 5645 2332 5736 πρόσωπόν
2365 5674 2479 5736 σε»,
2510 5653 2893 5736 ἐξαιρούμενρς
2920 5645 3267 5736 ἐκγθλξιξεως.

2118 5733 2194 5803 (8)
2235 5731 2357 5783 Cor.
2400 5717 2798 5789 ΡέιιΙξιιίνεέδ.
2830 5724 2887 5777 Η
2928 5727 3042 5792 (seu
3074 5717 3185 5772 1:2).
