4082 6406
605 334 701 389 571

1835 331 2078 386 υιοιιιιι
2117 327 2582 385 ΑιΕιιΑΝοιιιΝι
3711 335 3793 388 57$

602 460 760 519 plura
820 464 941 504 cum
974 448 1445 520 (praestantiorem,
1495 451 1774 522 magisque
1825 453 2182 508 necessariam

2301 448 2441 516 iylou
2465 463 2480 478 ·
2511 467 2530 499 ι
2569 447 2662 500 καὶ
2687 446 2844 500 πάλιν
2867 464 2879 476 ·
2919 464 2938 496 ι
2971 445 3194 514 Πνεῦμα
3235 445 3384 512 ἃγιον
3437 445 3684 503 ἐλεύσεται
3731 450 3803 505 ἐπὶ

605 540 1092 596 sanetilicationem
1133 555 1255 596 esse
1287 551 1492 606 nosset,
1529 558 1687 612 quam
1715 546 2064 609 creationem,
2115 543 2182 598 de

607 633 902 688 miserabili
930 632 1088 696 Juda,
1132 636 1221 702 qui
1246 632 1730 688 'sanctilicatiouem
1761 637 2040 698 amiserat,
2070 635 2179 688 ait:

611 723 864 776 «Bonum
894 723 969 794 (9)
1026 733 1143 777 erat
1181 725 1252 790 ei,
1309 725 1353 777 si
1412 736 1574 780 natus
1615 741 1717 779 non
1773 727 1964 783 fuisset
2025 711 2184 782 homo

609 815 738 880 ille;
776 834 792 866 ι
837 817 958 884 quia
997 815 1204 869 scilicet
1247 832 1358 871 rem
1391 818 1629 871 omnium
1667 820 2182 887 perniciosissimam

608 908 864 976 patravit,
900 919 950 961 et
987 908 1290 972 Dominum,
1322 924 1349 962 a
1391 926 1496 978 quo
1537 911 1668 965 nihil
1716 913 1840 966 tnali
1882 921 2182 981 acceperat,

611 1000 854 1062 tradidit,
897 1010 948 1052 et
1005 1017 1148 1065 eum,
1190 1001 1278 1068 qui
1332 1002 1438 1054 vita
1489 1015 1592 1069 est,
1645 1015 1870 1074 argento
1924 1004 2182 1058 vendidit.

610 1092 770 1160 Atqui
815 1093 976 1144 etiam
1013 1093 1077 1146 de
1122 1103 1396 1161 assumpta
1430 1094 1480 1147 iu
1523 1093 1778 1148 ineﬂ‘ahili
1808 1095 2187 1150 lucarnatione

611 1183 793 1236 servili
837 1184 1006 1235 forma
1049 1182 1136 1253 (de
1182 1200 1284 1252 qua
1328 1184 1563 1240 Joannes
1611 1187 1827 1255 quidem
1887 1188 1960 1241 ait
2010 1205 2024 1241 :
2064 1205 2082 1238 t
2125 1186 2189 1239 Et

616 1273 848 1326 Verbum
883 1274 1021 1342 (10).
1051 1290 1178 1327 caro
1243 1274 1441 1330 factum
1501 1286 1618 1342 est;
1647 1295 1665 1328 ι
1710 1276 1906 1330 Paulus
1965 1285 2183 1331 autem:

619 1383 639 1416 ι
677 1365 1035 1433 Semetipsum
1080 1365 1189 1436 (ll)
1225 1367 1540 1431 exinanivit,
1587 1366 1813 1420 formam
1856 1367 1997 1420 servi
2047 1365 2190 1420 acci-

595 1454 796 1530 ,ιιὶυιιδι
825 1452 842 1522 )
875 1453 1130 1508 Salomon
1178 1457 1311 1509 dixit
1349 1474 1363 1510 :
1403 1475 1420 1506 ι
1449 1454 1719 1524 Sapientia
1761 1455 1870 1524 (12)
1906 1454 2190 1508 aediﬁcavit

615 1545 718 1598 sibi
764 1546 1023 1598 domum:
1060 1564 1078 1597 ι
1124 1545 1410 1600 Μιιιιιιωιιε
1455 1562 1583 1600 vero
1622 1546 1691 1599 ob
1732 1546 2066 1600 identitatem
2111 1547 2188 1600 di-

615 1634 754 1688 vina:
786 1643 1015 1697 naturze,
1044 1643 1099 1688 et
1128 1635 1460 1704 Operationis
1491 1634 1569 1688 sic
1594 1632 1706 1702 (15)
1737 1647 1856 1686 eam
1902 1635 2187 1702 exposuét:

620 1741 641 1776 ι
676 1723 799 1779 Jesu
833 1724 944 1794 (M)
985 1723 1186 1780 Christi
1226 1735 1405 1780 autem
1444 1722 1716 1793 generatio
1757 1724 1835 1776 sic
1879 1733 2016 1776 erat.
2057 1721 2189 1776 Cum

2285 539 2364 600 σὲ,
2397 539 2490 592 καὶ
2522 538 2747 607 δύναμις
2782 535 3038 605 Ὑψίστου
3065 535 3372 589 ἐπισκιάσει
3399 553 3476 590 σοι
3495 553 3509 569 ·
3535 538 3608 592 διδ
3651 542 3732 594 καὶ
3757 543 3802 594 τὸ

2284 629 2618 700 γεννώμενον
2640 629 2816 697 ἅγιον,
2840 627 2966 691 Υἱὸς
3003 626 3256 695 Ὑψίστου
3283 625 3612 697 κληθήσεται.
3640 649 3657 681 ι
3689 632 3805 702 Μνη-

2288 717 2571 788 μονευτέον
2601 714 2716 779 οὖν,
2753 718 2832 769 ὅτι
2852 715 2939 768 διὰ
2971 716 3070 778 τὰς
3095 715 3376 786 αἱρετικὰς
3402 715 3688 786 ἀδολεσχίας
3729 722 3804 787 γέ-

2285 827 2430 864 νεσιν
2461 809 2823 882 προανέταξεν
2873 809 2974 879 τῆς
3004 807 3462 880 ὲνανθρωπήσεως
3498 810 3525 861 6
3568 810 3806 877 εὐαγγελι-

2287 901 2438 972 στὴς,
2469 899 2587 954 εἶτα
2606 900 2881 970 γέννησιν.
2914 898 3270 970 Διασὺροντες
3297 898 3403 970 γὰρ
3428 899 3572 970 ἡμῶν
3598 901 3684 963 τὰς
3707 918 3808 970 γραο

2288 995 2454 1064 φικὰς
2500 993 2816 1058 ἀποδείξεις,
2858 991 3104 1060 λέγουσιν
3151 991 3452 1053 πευστικῶς
3479 991 3594 1044 καθ’
3623 993 3809 1063 ὑπόκρι-

2289 1100 2406 1136 σινο
2442 1083 2565 1146 Υἱὸς
2604 1080 2696 1136 οὑν
2724 1082 2818 1136 τοῦ
2859 1081 3174 1152 Πνεῦματός
3207 1083 3352 1135 ἐστιν
3391 1083 3417 1134 ὁ
3447 1082 3697 1152 Χριστόςς
3739 1100 3810 1133 m-

2291 1176 2430 1238 στῶς
2459 1175 2579 1228 οὑδὲ
2607 1174 2780 1227 ταῦτα
2806 1173 3113 1238 ἀκούοντες,
3152 1173 3272 1226 οὑδὲ
3301 1168 3362 1226 τὸ
3401 1173 3527 1242 παρ’
3554 1173 3812 1238 αὐτοῦτοῖς

2288 1266 2607 1328 ἀποστόλοις
2641 1264 2927 1334 εἰρημένον
2951 1279 2964 1291 ⁶
3008 1281 3027 1315 ι
3069 1264 3184 1316 Οὑκ
3215 1263 3412 1328 οἴδατε,
3450 1263 3555 1315 οἴου
3600 1263 3811 1334 Πνεῦμα-

2289 1356 2378 1420 τός
2409 1359 2556 1409 ἐστιν
2588 1358 2616 1408 6
2648 1356 2774 1418 Υἱὸς
2817 1354 2911 1407 τοῦ
2952 1353 3262 1425 ἀνθρώπου.
3296 1373 3315 1404 ι
3352 1355 3414 1407 Εί
3455 1349 3564 1415 οὑν.
3607 1355 3817 1426 ἐπειδὴὸ

2291 1447 2480 1519 Πατὴρ
2520 1446 2655 1510 Θεὸς
2683 1445 2952 1516 ἀληθινὸς,
2981 1445 3070 1499 διὰ
3093 1445 3251 1498 τοῦτο
3299 1445 3390 1499 καὶ
3425 1449 3458 1516 ἠ
3490 1445 3714 1517 ἐνέργεια
3738 1447 3818 1499 αὑ-

2288 1541 2381 1593 τοῦ
2428 1539 2546 1594 θεία
2592 1541 2737 1592 ἐστὶν
2779 1539 2954 1610 πάντη
2986 1555 3045 1592 τε
3076 1539 3168 1591 καὶ
3199 1539 3448 1602 πάντως,
3477 1538 3654 1610 ἐπειδὴ
3678 1537 3823 1610 ταύτῃ

2295 1631 2382 1702 ἴση
2416 1632 2510 1684 καὶ
2538 1630 2701 1700 ὁμοία
2729 1631 2761 1699 ἡ
2793 1630 3042 1700 ἐνέργεια
3070 1628 3162 1682 τοῦ
3198 1629 3355 1698 ἁγίου
3400 1629 3695 1701 Πνεῦματος
3723 1630 3824 1697 φαί-

2291 1740 2468 1777 νεται·
2499 1722 2588 1775 διὰ
2627 1721 2784 1775 τοῦτο
2835 1723 2930 1776 καὶ
2975 1722 3107 1776 αὑτὸ
3135 1722 3268 1786 Θεὸς
3300 1721 3549 1793 ἀληθινὸς
3583 1722 3823 1790 τυγχάνει.

615 1827 761 1871 esset
814 1817 1134 1884 desponsata
1187 1826 1360 1875 mater
1398 1800 1514 1886 ejus
1559 1814 1725 1868 Maria
1766 1813 1987 1882 Joseph,
2033 1825 2189 1870 ante-

2301 1816 2497 1887 Πρέποι
2548 1815 2605 1867 δὲ
2648 1813 2714 1867 ἂν
2753 1815 2846 1867 καὶ
2886 1815 3015 1885 περὶ
3064 1813 3160 1868 τοῦ
3199 1814 3328 1866 Υἱοῦ
3371 1812 3626 1876 ὡσαύτως
3664 1813 3825 1864 εἰπεῖν.

617 1922 778 1974 quam
805 1907 1174 1971 convenirent,
1229 1907 1444 1959 iuventa
1477 1917 1559 1960 est
1605 1905 1658 1959 in
1692 1914 1846 1959 utero
1879 1906 2082 1960 habens
2124 1907 2190 1961 de

621 1997 825 2066 Spiritu
866 1994 1499 2065 sancto.»Archangelus
1533 2009 1660 2049 vero
1703 1994 1873 2064 inquit
1911 2011 1925 2047 :
1971 2011 1989 2046 t
2039 1994 2190 2061 Quod

615 2092 760 2145 enim
796 2089 907 2160 (15)
941 2093 992 2142 in
1036 2104 1098 2143 ea
1137 2099 1319 2143 natum
1339 2099 1484 2151 est,e
1506 2087 1708 2157 Spiritu
1737 2099 1926 2142 sancto
1957 2097 2066 2152 est;
2097 2106 2116 2140 ι
2139 2095 2192 2141 et

619 2195 846 2235 rursus:
883 2200 900 2230 ι
931 2179 1162 2248 Spiritus
1203 2179 1310 2248 (16)
1346 2190 1560 2234 sanctus
1586 2178 1763 2236 veniet
1795 2195 1959 2248 super
2019 2191 2088 2245 te,
2137 2188 2193 2233 et

618 2271 794 2324 virtus
820 2269 1082 2324 Altissimi
1110 2272 1459 2324 ohumbrahit
1503 2270 1596 2323 tibi
1635 2287 1648 2322 :
1681 2270 1802 2323 ideo
1837 2279 1890 2323 et
1914 2271 2056 2338 quod
2097 2286 2194 2322 na-

620 2375 805 2417 scetur
839 2361 1122 2429 Sanctum,
1155 2362 1324 2416 Filius
1361 2363 1622 2416 Altissimi
1663 2363 1963 2416 vocabitur.
2004 2379 2022 2412 ι
2057 2363 2192 2414 Illud

617 2470 750 2522 ergo
777 2456 1033 2508 memoria
1070 2457 1353 2508 tenendum
1389 2455 1551 2524 188
1587 2453 2104 2521 esl,-evattgelislattt
2127 2453 2195 2506 ob

619 2546 996 2600 hereticorum
1036 2561 1227 2615 nugas,
1271 2561 1404 2614 quas
1441 2546 1732 2612 loquaciter
1759 2543 2029 2607 effutiunt,
2053 2554 2196 2598 .aute

621 2636 1052 2690 lncarnatiouetn
1088 2638 1333 2703 pes-uisse
1359 2634 1645 2702 originem,
1675 2634 1869 2688 deinde
1897 2635 2198 2702 generatio-

621 2745 766 2782 ttetn.
806 2727 881 2780 Illi
916 2728 1056 2780 euiut
1086 2728 1488 2795 Scripturarum
1524 2719 1831 2781 testimonia
1871 2741 1901 2780 ιι
1943 2727 2098 2779 nobis
2127 2726 2199 2780 al-

621 2819 730 2872 lata
767 2828 1073 2885 carpentes,
1108 2819 1360 2872 simulate
1405 2820 1483 2873 sic
1535 2835 1630 2873 nos
1673 2818 2143 2889 iuterrogaut(l7)
2179 2831 2195 2872 :

623 2911 835 2978 Ergone
878 2910 1124 2963 Christus
1175 2920 1256 2964 est
1297 2909 1466 2963 Filius
1496 2911 1730 2978 Spiritus
1765 2910 1984 2963 sancti?
2019 2910 2096 2964 Ac
2135 2925 2199 2964 eo

623 3005 804 3066 modo,
834 3019 940 3071 quo
984 3002 1190 3053 lidelem
1215 3001 1388 3065 decet,
1423 3016 1593 3069 neque
1634 3005 1748 3055 haec
1772 2999 2068 3069 accipiunt,
2105 3015 2200 3053 ue-

621 3110 729 3165 que
761 3095 812 3147 id
843 3095 985 3163 quod
1023 3093 1278 3160 apostolis
1302 3093 1368 3146 ab
1401 3093 1516 3160 ipso
1545 3093 1746 3146 dictum
1791 3092 1928 3146 fuit:
1961 3109 1980 3143 ι
2013 3091 2199 3146 Nesci-

627 3185 847 3255 tis(l8).
885 3185 1038 3254 cujus
1069 3185 1302 3252 Spiritus
1341 3193 1422 3237 est
1457 3183 1626 3236 Filius
1659 3181 1943 3236 hominis.»
1987 3181 2042 3236 Si
2072 3196 2201 3252 ergo

624 3294 694 3332 ex
726 3292 790 3332 eo
827 3280 967 3347 quod
1011 3276 1166 3330 Pater
1194 3277 1264 3329 sit
1312 3276 1453 3329 Deus
1480 3288 1660 3339 verus,
1701 3275 1946 3342 sequitur
1989 3284 2046 3326 ιιι
2087 3273 2201 3343 ejus

626 3369 872 3438 operatio
915 3368 986 3421 sit
1029 3366 1249 3422 onmiuo
1288 3377 1448 3434 atque
1495 3367 1738 3420 absolute
1768 3367 1984 3430 divina;
2029 3381 2094 3419 ex
2139 3381 2202 3420 eo

628 3460 791 3512 etiam
835 3459 976 3527 quod
1025 3457 1326 3526 operatioui
1376 3457 1550 3511 Patris
1579 3457 1840 3526 aequalem
1871 3467 1924 3511 et
1973 3457 2202 3512 similem

629 3567 752 3606 esse
779 3561 1030 3621 appareat
1065 3553 1428 3620 Operationem
1459 3549 1694 3618 Spiritus
1733 3551 1930 3613 sancti,
1962 3551 2205 3618 sequitur

631 3656 774 3698 utet
819 3644 932 3710 ipse
963 3643 1034 3696 sit
1067 3644 1208 3697 Deus
1247 3657 1424 3697 verus.
1459 3642 1582 3696 Pari
1611 3651 1788 3696 autem
1841 3644 1997 3695 modo
2039 3643 2201 3696 etiam

630 3736 698 3790 de
727 3736 861 3791 Filio
894 3736 1037 3805 loqui
1063 3736 1347 3799 convenit;
1389 3748 1513 3788 nam
1546 3735 1589 3788 si
1617 3735 1792 3787 Patris
1825 3736 2064 3802 operatio
2084 3749 2206 3804 ope-

635 3826 840 3880 ratione
866 3825 1007 3888 Filii,
1045 3836 1132 3878 aut
1164 3824 1400 3896 Spiritus
1428 3825 1727 3894 potior(l9)
1750 3835 1912 3890 esset,
1948 3826 2202 3895 quidnam

633 3922 856 3972 omnino
893 3926 1250 3986 operareutur
1287 3918 1338 3968 in
1378 3916 1534 3970 nobis
1564 3915 1822 3985 Spiritus,
1855 3926 1950 3970 aut
2000 3916 2206 3975 Filius?

633 4010 724 4078 qui
753 4023 902 4072 sane,
933 4008 976 4062 si
1012 4008 1154 4061 Patri
1193 4007 1486 4061 dissimiles
1508 4007 1706 4071 forent,
1742 4016 1799 4061 ut
1823 4007 2008 4062 volunt
2037 4008 2208 4063 haere-

643 4101 762 4162 tici,
791 4101 1076 4166 minorem,
1123 4115 1284 4166 quam
1334 4098 1514 4163 Pater,
1570 4099 1724 4152 nobis
1775 4100 2208 4154 inderentvirtu-

641 4201 769 4244 tem.
811 4190 964 4255 Quod
1013 4191 1057 4244 si
1095 4205 1126 4244 e
1171 4192 1446 4244 contrario
1486 4190 1614 4243 utile
1653 4190 1828 4252 nobis,
1876 4207 1939 4244 ac
1973 4191 2208 4246 salutare

636 4293 718 4335 est
749 4281 905 4344 Filio,
930 4291 982 4334 et
1018 4282 1219 4350 Spiritu
1249 4292 1436 4335 sancto
1469 4281 1682 4350 repleri,
1716 4283 1860 4336 nulla
1893 4283 1942 4336 itt
1974 4298 2029 4336 re
2062 4285 2204 4338 Patri

637 4374 917 4430 dissimilis
950 4376 1051 4430 erit
1079 4375 1266 4432 Filius.
1305 4384 1400 4429 aut
1435 4363 1668 4443 Spiritus
1703 4393 1715 4427 :
1757 4392 1879 4428 nam
1919 4391 2090 4446 neque
2135 4377 2203 4441 is,

709 4507 785 4576 (9)
825 4507 1047 4561 Bonum.
1083 4507 1268 4563 Matth.
1294 4523 1440 4571 xxx-'1,
1467 4506 1576 4560 ΞΗ

719 4581 829 4647 (ill)
873 4578 936 4631 Et
984 4577 1224 4631 Verbum.
1255 4577 1408 4632 Joan.
1436 4593 1472 4641 ι,
1504 4577 1590 4630 14.

647 4659 651 4661 ’
712 4650 822 4715 (11)
861 4650 1224 4714 Semetipsttm.
1266 4649 1492 4716 l‘hilipp.
1524 4665 1584 4713 II,
1621 4647 1673 4700 7.

713 4720 825 4790 (12)
864 4720 1153 4790 Sapientia.
1183 4720 1428 4790 Prov_.tx,
1464 4719 1512 4770 Ἰ.

711 4788 822 4859 (15)
865 4790 971 4842 Sic.
1010 4788 1184 4841 Codex
1214 4808 1225 4842 :
1257 4788 1370 4839 ὡδῖ.

713 4857 824 4930 (1.1)
847 4860 1009 4930 πίσσα.
1046 4861 1229 4930 Matth.
1259 4875 1295 4923 ι,
1327 4857 1632 4930 1-8τϐινπιριι
1666 4860 1826 4912 editio
1867 4861 2026 4912 habet
2077 4876 2206 4930 μνη-

643 4929 959 4998 στευοείσης
1007 4929 1136 4998 γάρ.
1183 4929 1288 4983 Sed
1343 4927 1602 4998 Vttlgatus
1653 4931 1920 4999 interpres
1973 4927 2102 4999 legit
2151 4927 2208 4984 tit

643 5004 920 5056 Didvutus.

716 5015 920 5068 ttymus.

716 5069 824 5140 (l5)
869 5068 1020 5140 Quod
1053 5070 1211 5140 cuitu.
1248 5067 1436 5140 Matth.
1467 5083 1507 5140 t,
1541 5067 1631 5140 (ΞΟ.

719 5137 830 5206 (16)
870 5137 1113 5204 Spiritus.
1171 5137 1301 5191 Luc.
1334 5155 1381 5202 I,
1427 5139 1514 5191 55.
1567 5139 1750 5192 ϐταιςιι
1811 5138 2210 5206 Complutensis

647 5211 847 5279 editio;
1005 5208 1338 5277 γεννώμενον
1384 5208 1448 5260 ὲκ
1498 5208 1590 5260 σοῦ
1645 5209 1828 5276 ἆγιον,
1883 5207 2210 5279 κληθήσεται

647 5279 778 5342 Υίδς
811 5277 968 5331 Θεοῦ.
1006 5280 1134 5332 Alite
1173 5292 1348 5331 tamen
1390 5281 1650 5332 editiones
1684 5281 1935 5331 omittunt
1970 5277 2205 5342 voeulas,

649 5353 717 5404 ἐκ
763 5347 880 5410 σοῦ,
935 5359 993 5400 ιιι
1047 5349 1318 5418 Didymus.
1372 5348 1425 5400 lu
1476 5348 1610 5418 libro
1646 5348 1717 5401 De
1770 5347 1970 5418 Spiritu
2009 5359 2210 5411 sancto,

650 5437 799 5476 num.
830 5418 920 5484 51,
974 5417 1268 5472 versiculus
1324 5419 1420 5471 iste
1464 5417 1685 5472 affertur
1732 5417 2006 5478 dimidius,
2046 5433 2108 5471 ac
2147 5433 2211 5472 eo

659 5492 836 5551 modo,
875 5503 981 5554 quo
1030 5489 1081 5541 iu
1132 5489 1234 5541 hoc
1270 5488 1407 5540 loco.
1449 5487 1573 5541 llaec
1612 5489 1752 5541 enim
1807 5489 1875 5541 ibi
1918 5489 2209 5556 leguntur:

657 5577 679 5611 ι
708 5559 990 5628 ,ΕψιιιΙειιι
1044 5573 1170 5628 vero
1222 5557 1442 5628 Spiritui
1482 5558 1732 5611 tirtutem
1781 5576 1882 5610 nou
1925 5573 2206 5628 possumus

653 5626 812 5683 aliam
855 5637 1046 5693 prmter
1075 5627 1346 5682 Christum
1385 5627 1665 5680 Dominum
1701 5629 2060 5696 interpretari.
2093 5626 2210 5694 Ipse

653 5702 794 5751 enim
855 5699 1126 5765 discipulis
1185 5699 1261 5751 ait
1303 5720 1314 5752 ;
1357 5715 1373 5748 t
1407 5699 1693 5764 Accipietis
1747 5701 1890 5752 enim
1956 5700 2207 5751 virtutem

659 5787 678 5820 ι
718 5769 948 5840 Spiritus
978 5769 1146 5823 sancti
1180 5769 1469 5823 venientuu
1520 5784 1678 5837 super
1731 5784 1874 5824 vos.»
1915 5768 1972 5822 lit
2005 5769 2068 5821 ad
2109 5767 2212 5820 ila-

2305 1907 2454 1959 Ἐπεὶ
2483 1907 2555 1976 μή
2589 1923 2652 1974 γε
2689 1907 2792 1975 είὴ
2822 1905 2916 1958 τοῦ
2947 1906 3158 1976 Πατρὸς
3183 1905 3436 1975 ἐνέργεια
3458 1905 3554 1975 τῆς
3581 1903 3669 1956 τοῦ
3700 1900 3827 1962 Υίοῦ,

2290 1996 2323 2066 ἢ
2352 1995 2793 2068 τοῦ,Πνεὺματος
2825 1995 3092 2066 ἀμείνων,
3117 1995 3170 2050 τί
3209 1997 3318 2067 γὰρ
3347 1996 3441 2050 καὶ
3485 1996 3615 2058 ὅλως
3645 1994 3831 2062 ἐνήργει

2289 2085 2352 2138 τὸ
2378 2086 2620 2157 Πνεῦμα,
2649 2087 2681 2157 ἢ
2709 2085 2738 2137 6
2771 2087 2900 2149 Υἱὸς
2935 2089 3015 2151 είς
3051 2089 3228 2158 ἡμᾶς
3265 2088 3440 2141 καίτοι
3467 2086 3562 2157 τὴν
3588 2085 3738 2156 χείρω
3755 2085 3832 2135 ὲπ-

2295 2178 2521 2246 άγοντες
2552 2179 2806 2249 δύναμιν,
2837 2181 2996 2250 εἴπερ
3024 2180 3295 2250 ἀνομοίως
3329 2181 3561 2250 ἔχουσιν,
3595 2178 3665 2240 ὡς
3694 2179 3734 2228 οἱ
3767 2177 3834 2228 αἱ·

2297 2271 2500 2341 ρετικοί
2535 2287 2718 2338 φασιν.
2752 2272 2814 2322 Εἰ
2849 2271 2905 2323 δὲ
2937 2271 3000 2341 δὴ
3027 2273 3293 2342 χρήσιμος
3334 2271 3428 2324 καὶ
3465 2267 3834 2339 σωτηριώδηςή

2293 2363 2386 2416 τοῦ
2438 2362 2568 2416 Υἱοῦ
2619 2363 2712 2417 καὶ
2744 2363 2838 2416 τοῦ
2878 2363 3192 2434 Πνεῦματος
3245 2364 3545 2434 πλήρωσις,
3587 2363 3696 2414 κατ’
3713 2360 3840 2412 οὐδὲν

2295 2456 2446 2510 ἔσται
2478 2455 2727 2525 ἀνόμοιος
2765 2457 2793 2508 6
2823 2455 2970 2518 Υἱὸς,
2999 2454 3031 2525 ἢ
3070 2454 3130 2508 τὸ
3171 2455 3416 2524 Πνεῦμα.
3457 2453 3592 2508 Οὑτε
3621 2452 3720 2522 γὰρ
3743 2451 3838 2502 ἂνὸ

2295 2545 2597 2616 ὑπέρτατος
2648 2543 2740 2596 καὶ
2781 2543 3034 2607 πλούσιος
3073 2546 3129 2597 ἐν
3163 2544 3302 2596 ἐλέει
3335 2545 3487 2614 παρὰ
3515 2543 3605 2596 τοῦ
3639 2542 3842 2612 χείρονος

2297 2636 2391 2689 καὶ
2432 2634 2754 2705 πενεστέρου
2803 2635 3140 2698 ἐδανείσατο,
3173 2633 3296 2687 οὑτε
3351 2636 3514 2704 ἡμεῖς
3554 2632 3731 2692 διττῶς
3767 2628 3843 2679 καὶ

2296 2727 2560 2798 ἀνομοίως
2589 2726 2959 2798 ὲνηργήμεθα.
2993 2729 3102 2780 Καὶ
3143 2727 3324 2797 μέντοι
3362 2729 3514 2780 ποῖον
3549 2726 3656 2795 ἔχει
3690 2723 3842 2789 λόγον,

2297 2822 2580 2892 ἄνθρωπον
2628 2821 2728 2890 μὲν
2755 2820 2955 2884 καλῶν,
3001 2819 3132 2891 φέρε
3186 2821 3383 2885 εἰπεῖν,
3441 2820 3474 2890 ἢ
3518 2818 3692 2872 κακῶν
3730 2813 3845 2868 εἶναι

2297 2917 2528 2986 ποιητὴν
2551 2916 2642 2968 καὶ
2669 2915 3019 2985 δημιουργὸν,
3054 2914 3113 2967 τὸ
3137 2914 3192 2967 δὲ
3225 2915 3453 2984 Πνεῦμα
3474 2913 3548 2984 μὴ
3590 2909 3717 2964 εἶναι
3754 2924 3849 2961 του-

2297 3027 2392 3076 το;
2435 3010 2570 3062 Ἀλλ’
2599 3011 2627 3061 6
2655 3009 2958 3080 ἄνθρωπος,
2991 3007 3083 3080 [85
3105 3009 3156 3079 b]
3194 3009 3334 3062 κατά
3382 3007 3720 3078 συγχώρησιν
3764 3002 3848 3072 μὲν

2229 3130 2270 3186 C
2302 3102 2396 3154 τοῦ
2427 3101 2562 3153 Θεοῦ
2588 3101 2818 3171 πράττει
2845 3100 3023 3163 τοῦτο,
3049 3101 3080 3171 ἢ
3111 3103 3284 3153 ἐκεῖνο
3303 3117 3316 3129 ·
3349 3101 3464 3153 ἀπὸ
3490 3100 3673 3160 οὑσίας
3702 3097 3752 3148 δὲ
3771 3093 3851 3161 τῆς

2304 3194 2408 3246 ὑπὸ
2429 3196 2520 3245 τοῦ
2545 3192 2680 3246 Θεοῦ
2713 3191 3110 3263 προοισθείσης.
3135 3191 3338 3260 ἄψυχον
3365 3192 3687 3260 δημιουργεῖ
3706 3188 3731 3238 ὃ
3748 3183 3852 3238 δ’ἇν

2304 3283 2466 3348 θέλοι,
2499 3285 2558 3335 οὑ
2593 3283 2700 3354 μὴν
2742 3283 2836 3336 καὶ
2862 3283 3050 3335 οὑσίαν
3079 3283 3269 3353 αὐτὴν,
3302 3283 3382 3345 ῶς
3417 3283 3626 3351 ἔφαμεν
3653 3279 3764 3350 ἤδη.
3794 3274 3854 3326 Τὸ

2303 3374 2359 3426 δέ
2386 3390 2449 3442 γε
2476 3372 2701 3442 Πνεῦμα
2751 3373 2844 3424 καὶ
2876 3372 3208 3434 αὑΘεντικῶς
3259 3374 3425 3434 ποιεῖ,
3477 3370 3570 3424 καὶ
3601 3369 3772 3422 οὐσίαν
3804 3366 3856 3415 ὲκ

2307 3467 2380 3537 μὴ
2435 3467 2600 3518 ὅντων
2663 3464 2974 3534 ὑφίστησιν,
3024 3465 3119 3517 ἆτε
3167 3464 3432 3534 συνεργὸν
3483 3463 3580 3517 καὶ
3619 3460 3746 3528 πνοὴ
3778 3455 3855 3508 τοῦ

2305 3558 2771 3628 Παντοκράτορος.
2828 3556 3026 3626 Διόπερ
3089 3555 3118 3605 ὁ
3173 3554 3303 3617 Θεὸς
3357 3556 3420 3608 ὲν
3466 3554 3545 3624 τῷ
3611 3547 3858 3617 Ἰεζεκιὴλ,

2303 3651 2365 3703 τὸ
2435 3650 2531 3720 μὲν
2587 3649 2854 3719 ἡμέτερον
2907 3647 3129 3717 πνεῦμα
3195 3646 3664 3710 ἀνακαινίζεσθαι,
3718 3641 3774 3693 τὸ
3815 3638 3861 3689 δὲ

2306 3743 2456 3811 ἅγιον
2491 3741 2716 3811 Πνεῦμα
2757 3738 3143 3801 ἀνακαινίζειν,
3199 3739 3290 3792 καὶ
3337 3739 3440 3808 οὑχ
3494 3737 3677 3799 ἁπλῶς
3721 3729 3863 3787 Πνεῦ-

2310 3848 2385 3902 μα
2433 3828 2591 3896 εἷναι,
2639 3831 2749 3884 ἀλλ’
2801 3830 2994 3884 ἑαυτοῦ
3043 3831 3246 3900 κυρίως
3303 3831 3651 3893 ὑποδεικνὺς,
3709 3821 3863 3877 τοιάδε

2308 3923 2582 3988 Θεσπίζει·
2636 3941 2654 3975 ι
2698 3925 2808 3977 Καὶ
2850 3921 3006 3976 δώσω
3056 3923 3184 3991 ὑμῖν
3235 3922 3470 3993 καρδίαν
3524 3920 3740 3990 καινὴν,
3789 3913 3868 3967 καὶ

2307 4015 2530 4086 Πνεῦμα
2577 4015 2796 4068 καινόν·
2857 4015 2950 4066 καὶ
2980 4011 3186 4081 ,ἁφελῶ
3229 4012 3328 4082 τὴν
3393 4005 3625 4082 καρδίαν
3669 4008 3762 4077 τὴν
3803 4004 3868 4055 λι-

2308 4108 2460 4176 Θίνην
2511 4109 2573 4160 ὲκ
2619 4107 2718 4176 τῆς
2754 4106 2952 4176 σαρκὸς
2977 4105 3150 4174 ὑμῶν,
3182 4105 3276 4158 καὶ
3303 4104 3464 4159 δώσω
3499 4107 3631 4176 ὑμῖν
3669 4098 3871 4172 καρδίαν

2311 4200 2590 4270 σαρκίνην,
2623 4199 2800 4252 καὶτὸ
2831 4197 3053 4266 Πνεῦμά
3090 4215 3191 4267 μου
3225 4197 3382 4251 δώσω
3425 4201 3484 4250 ἐν
3514 4199 3663 4269 ὑμῖν.
3696 4215 3714 4246 ι
3741 4193 3796 4246 Οί
3824 4189 3870 4239 δὲ

2311 4289 2402 4342 καὶ
2442 4288 2547 4340 τῶν
2599 4286 2756 4339 θείων
2791 4284 2982 4351 φωνῶν
3013 4285 3216 4337 τούτων
3248 4284 3666 4356 ὀλιγωροῦντες,
3718 4280 3804 4334 καὶ
3825 4279 3872 4328 ἐν

2311 4381 2514 4450 ἀπορίᾳ
2545 4378 2692 4448 πάσῃ
2744 4377 2851 4429 τῶν
2887 4376 3109 4429 δικαίων
3141 4375 3513 4444 καθεστῶτες,
3544 4375 3726 4429 λοιπὸν
3769 4372 3872 4428 ταῖς

2240 4517 2283 4571 Ι)
2317 4514 2449 4565 riam
2489 4509 2728 4580 angelus,
2769 4527 2786 4558 ι
2821 4507 3073 4576 Spiritus,
3099 4527 3124 4580 ι
3154 4508 3347 4580 inquit,
3395 4530 3414 4562 ι
3445 4521 3671 4580 sanctus
3702 4522 3873 4580 super—

2319 4602 2335 4632 ι
2380 4571 2642 4634 νριιὶθινιιι
2675 4571 2742 4641 te,
2774 4589 2826 4632 et
2858 4571 3027 4632 virtus
3063 4571 3703 4634 'Altiss-iinirobtftuhrabit
3727 4571 3868 4630 tibi.t

2313 4652 2522 4723 [Codex
2570 4666 2686 4724 vero
2716 4659 2919 4724 Διιοιιιειε
2976 4659 3089 4724 post
3131 4665 3303 4724 vocem
3395 4649 3741 4724 interpretari
3813 4648 3877 4724 εις

2310 4719 2506 4774 habet:
2548 4739 2567 4772 ι
2601 4719 2893 4786 Accipietis
2915 4722 3058 4772 enim
3120 4721 3371 4788 virtutem
3421 4721 3666 4787 Spiritus
3719 4719 3874 4788 sancti

2314 4811 2330 4842 ι
2370 4792 2668 4843 venientem
2713 4784 2874 4855 super
2921 4803 3030 4849 vos,
3061 4807 3080 4840 ι
3112 4787 3177 4857 ad
3242 4784 3522 4857 apostolos
3587 4790 3796 4842 dicitur.
3827 4784 3880 4836 Et

2313 4863 2377 4913 ad
2417 4861 2632 4914 Mariam
2670 4859 3041 4928 archangelus,
3080 4875 3098 4908 ι
3131 4856 3387 4925 Spiritus,
3415 4877 3435 4912 ι
3481 4861 3680 4928 inquit,
3723 4877 3738 4908 t
3767 4869 3880 4908 san-

2313 4951 2332 4981 ι
2371 4943 2490 4983 etus
2538 4931 2714 4999 veniet
2744 4943 2907 4999 super
2942 4937 3010 4994 te,
3064 4936 3119 4982 et
3168 4929 3335 4983 virtus
3381 4931 3656 4985 Altissimi
3706 4929 3880 4982 οιιυιιιο

2315 5022 2331 5052 ι
2363 5001 2538 5054 brabit
2578 5010 2647 5053 te.
2673 4998 2719 5069 ι]

2383 5071 2492 5136 (17)
2537 5066 2895 5137 Interrogata.
2933 5066 2989 5122 In
3045 5067 3254 5130 Graeco,
3305 5068 3662 5132 transcurrite,
3714 5067 3764 5120 id
3809 5071 3882 5116 est

2321 5161 2336 5191 ι
2369 5140 2774 5207 interrogative,
2797 5159 2814 5190 ι
2849 5139 2984 5203 sive,
3022 5148 3078 5192 ut
3116 5140 3166 5190 itt
3195 5149 3497 5194 comment.
3533 5143 3602 5190 ad
3636 5138 3880 5205 psalmum

2313 5229 2383 5264 Lit
2423 5211 2658 5275 loquitur
2693 5209 2970 5275 theologus
3019 5219 3226 5273 noster,
3270 5210 3414 5262 κατὰ
3453 5209 3677 5272 πεῦσιν,
3717 5209 3767 5260 id
3813 5212 3884 5256 est

2319 5301 2334 5331 ι
2367 5280 2992 5351 perittterrogatiouem.
3021 5297 3038 5330 ι
3224 5349 3249 5351 _
3311 5348 3321 5351 _
3370 5347 3394 5351 _
3648 5349 3675 5351 __
3711 5347 3721 5351 _
3871 5340 3880 5351 _

2387 5348 2496 5420 (l8)
2541 5348 2787 5420 Nescitis.
2820 5347 2950 5401 Luc.
2979 5364 3052 5408 ix,
3219 5348 3324 5401 Sed
3359 5347 3557 5420 Graeca
3593 5347 3778 5420 editio,
3806 5347 3882 5420 cui

2317 5411 2587 5472 consentit
2629 5417 2852 5485 Vulgata
2905 5422 3216 5480 translatio,
3258 5421 3336 5470 sic
3387 5419 3558 5472 habet
3598 5436 3612 5472 :
3647 5418 3760 5470 Οὐκ
3812 5411 3886 5464 οῖ·

2315 5491 2462 5551 δατε,
2492 5489 2604 5540 οἵου
2642 5487 2955 5557 Πνεῦματός
2989 5490 3110 5542 ἐστε
3155 5489 3331 5558 ὑμεῖς,
3381 5490 3487 5540 hoc
3521 5501 3628 5552 est,
3665 5506 3684 5538 ι
3717 5485 3890 5558 Nesci-

2321 5564 2408 5622 tis,
2456 5561 2610 5626 cujus
2645 5560 2875 5626 Spiritus
2917 5574 3011 5610 vos
3056 5557 3215 5624 estis,
3249 5581 3265 5609 ι
3325 5574 3546 5626 nempe,
3600 5577 3620 5609 ι
3655 5557 3882 5614 nescitis,

2319 5631 2490 5700 qualis
2526 5630 2594 5700 sit
2629 5628 2860 5700 Spiritus
2882 5627 2996 5700 ille,
3025 5628 3176 5700 cujus
3209 5644 3301 5700 vos
3329 5629 3482 5700 estis.
3517 5647 3534 5678 ι

2389 5700 2499 5770 (19)
2544 5697 2747 5754 Patior.
2783 5699 2983 5764 Codex,
3013 5698 3238 5772 ἀμείνω.
3276 5698 3420 5766 Lego
3447 5699 3722 5770 ἀμείνων.
