4082 6406
300 350 408 402 575

1314 349 1404 404 DE
1440 352 1814 408 ἹΒΙΜΤΑἸἙ
1847 355 2052 412 LIBER
2092 356 2480 414 SECUNDUS.

3436 367 3540 424 57.!-

293 461 490 528 ἔξωθεν
521 462 735 532 τέχναις
769 464 1191 535 ἀποκέχρηνται,
1219 466 1313 519 καί
1339 465 1424 518 ἐπ’
1458 466 1592 519 ἄλλα
1620 469 1712 520 καὶ
1733 469 1866 522 ἄλλα

1974 471 2058 539 qui
2100 487 2380 539 supremus
2422 480 2525 534 est,
2570 486 2632 524 ac
2662 471 2810 524 dives
2839 470 2892 523 in
2933 471 3321 539 misericordia,
3357 474 3424 529 ab
3461 476 3545 530 in-

295 551 625 623 μεταφέρειν
664 553 1000 624 ἐπιχειροῦσι
1036 553 1104 606 τὰ
1140 552 1314 618 οὕτως
1364 554 1550 622 σαφῶς
1587 557 1868 626 εἰρημένα.

287 645 558 697 ⁴ιιάσκουσι
588 643 697 715 γὰρ
729 643 934 708 λέξεσιν
966 645 1153 709 αὐταῖς
1173 662 1187 676 ·
1217 644 1460 717 Νεκροὺς
1483 649 1510 699 ὁ
1535 646 1871 720 δημιουργή-

287 751 404 799 σας,
437 737 568 798 τοὺς
599 735 995 806 νεκρουμένους
1023 736 1224 808 ἐγείρει
1247 737 1424 807 μόνος.
1470 739 1872 808 Ἀρχιτέκτονος

285 845 396 899 γαρ
426 831 596 900 ἔργον
637 829 992 898 φθειρόμενον
1020 827 1308 898 ζωγράφος
1341 829 1439 880 οὐκ
1466 828 1530 880 ἂν
1555 829 1871 899 διορθῶσαι-

287 937 366 982 ro,
398 920 513 972 ἀλλ’
535 919 656 972 ούδέ
689 917 970 987 ναυπηγοῦ
1011 918 1296 988 θηρευτὴς,
1332 918 1447 972 ἀλλ’
1473 919 1591 971 οὐδέ
1623 937 1686 987 γε
1726 923 1871 973 οἱκο-

286 1009 451 1078 δόμου
478 1007 742 1079 δρομεὺς·
769 1007 906 1060 ἀλλὰ
938 1008 1045 1078 γὰρ
1083 1007 1459 1077 ἀρχιτέκτονος
1514 1007 1868 1078 ἀρχιτέκτων,

296 1101 393 1153 καὶ
420 1098 697 1169 ναυπηγοῦ
721 1098 1016 1167 ναυπηγός.
1046 1098 1118 1150 Tb
1142 1097 1197 1150 δὲ
1232 1097 1384 1166 ἅγιον
1414 1097 1656 1168 Πνεῦμα,
1685 1100 1868 1168 φησιν,

295 1192 416 1246 οὔτε
456 1193 684 1264 νεκροὺς
735 1191 998 1261 ἤγειρεν,
1062 1188 1183 1241 οὔτε
1233 1189 1679 1259 ἐδημιούργησεν·
1730 1190 1873 1256 ἅπαξ

296 1283 418 1352 γὰρ,
445 1283 630 1351 φησιν,
656 1282 748 1333 ἐπὶ
769 1280 864 1332 τοῦ
897 1280 1066 1350 Ἀδὰμ.
1097 1279 1550 1350 δεδημιούργηται
1594 1281 1625 1350 ἡ
1659 1280 1869 1352 ἀνθρώ.

297 1392 408 1426 πων
433 1373 593 1441 φύσις
618 1389 632 1402 ο
661 1371 756 1426 κα)⁸
801 1369 923 1424 οὔτε
963 1371 1122 1441 ἐτέρα
1151 1369 1279 1441 παρ’
1311 1369 1542 1439 ἐκείνην,
1574 1369 1696 1424 οὔτε
1741 1372 1872 1426 πολ-

290 1467 464 1528 λάκις.
508 1465 670 1518 Ἀλλὰ
715 1465 809 1517 καὶ
853 1466 886 1535 ἡ
930 1462 1042 1516 Εὕα
1077 1462 1396 1534 ωνεκτίσθη
1462 1463 1560 1534 μὲν
1587 1461 1666 1534 τῷ
1703 1463 1872 1534 Ἀδὰμ

286 1556 364 1624 τῷ
391 1553 559 1622 κοινῷ
591 1554 689 1624 τῆς
721 1551 936 1621 φύσεως
972 1552 1138 1621 λόγῳ,
1182 1551 1319 1622 μετὰ
1363 1550 1536 1605 ταῦτα
1569 1551 1625 1604 δέ
1655 1552 1872 1624 διεμορ-

283 1645 464 1718 φὼθη.
505 1646 697 1716 Ἡμεῖς
728 1645 785 1697 δὲ
810 1645 858 1696 οἱ
883 1641 1172 1715 όρθόδοξοι,
1205 1643 1389 1714 ἐπειδὴ
1416 1643 1648 1713 μάλιστα
1686 1643 1873 1714 θεῖκῆς

279 1739 570 1805 δυνάμεως
614 1734 900 1805 γνώρισμα
956 1734 1018 1786 rb
1063 1734 1462 1804 δημιουργῆσαι
1506 1735 1600 1786 καὶ
1647 1734 1873 1804 νεκροὺς

1931 608 1933 610 ,
1976 562 2183 626 l'eriori,
2228 571 2282 615 et
2333 561 2651 630 pauperiore
2702 561 2990 629 quidquam
3052 571 3323 620 mutuatus
3377 577 3542 631 esset,

1977 665 2150 720 neque
2184 665 2282 705 nos
2311 650 2506 718 duplici
2540 651 2717 716 modo,
2746 666 2809 705 ac
2836 651 3083 706 dissimili
3105 654 3212 707 acti
3235 669 3440 710 sumus.
3467 659 3543 712 Ac

1977 757 2107 795 sane
2138 743 2406 809 quomodo
2451 742 2648 797 rationi
2696 752 3118 797 consentaneum
3147 753 3248 809 est,
3284 754 3342 799 ut
3384 746 3544 802 homo

1976 833 2190 900 quidem
2244 834 2539 895 bonorum,
2603 833 2829 902 exempli
2881 835 3072 901 gratia,
3139 847 3231 888 aut
3279 835 3540 890 malorum

1976 921 2197 975 eil‘ector
2223 923 2312 986 sit,
2352 931 2513 990 atque
2543 925 2808 985 conditor,
2845 921 3079 990 Spiritus
3125 934 3301 978 autem
3329 941 3432 978 non
3474 927 3544 980 sit

1979 1012 2332 1081 huiusmodi?
2367 1013 2560 1067 Verum
2615 1015 2775 1066 homo
2823 1029 2890 1068 ex
2934 1016 3286 1071 concessione
3324 1016 3541 1085 quidem

1979 1103 2074 1156 Dei
2100 1104 2223 1166 hoc,
2269 1115 2361 1157 aut
2394 1104 2522 1157 illud
2555 1117 2827 1172 operatur,
2875 1115 3037 1173 atque
3079 1121 3144 1159 ex
3183 1108 3479 1160 substantia
3511 1122 3543 1160 a

1982 1195 2089 1248 Deo
2123 1204 2303 1249 creata
2353 1194 2708 1248 iltaltllltttlum
2762 1196 2987 1264 aliquid,
3043 1197 3402 1266 quodcunque
3448 1213 3542 1252 vo-

1977 1284 2162 1348 luerit,
2190 1285 2384 1351 elIicit;
2415 1300 2517 1337 non
2547 1295 2722 1338 tamen
2752 1286 2915 1340 etiam
2943 1285 3296 1340 substantiam
3345 1287 3539 1356 ipsam,

1978 1384 2036 1428 ut
2073 1375 2186 1445 jam
2229 1376 2458 1429 diximus
2489 1375 2628 1448 (9.0),
2663 1377 2867 1431 condit.
2919 1376 2986 1431 At
3025 1393 3154 1433 vero
3203 1379 3434 1449 Spiritus
3487 1389 3544 1435 et

1976 1481 2075 1521 sua
2112 1467 2438 1522 auctoritate
2493 1477 2769 1536 Operatur,
2800 1477 2854 1522 et
2887 1468 3242 1522 substantiam
3275 1485 3339 1522 ex
3377 1469 3543 1524 nihilo

1977 1557 2174 1622 educit,
2209 1573 2271 1612 ac
2305 1558 2683 1612 subsistentem
2725 1559 2872 1625 facit,
2906 1569 3088 1630 utpote
3116 1573 3455 1630 cooperator,
3491 1573 3564 1624 et,

1977 1647 2134 1702 ﬂatus
2195 1648 2607 1717 Omnipoteutis.
2691 1649 3025 1720 Quapropter
3097 1651 3238 1705 Deus
3313 1651 3365 1706 in
3421 1653 3549 1707 Eze-

1978 1739 2149 1793 chiele
2183 1749 2424 1793 nostrum
2460 1741 2672 1809 quidem
2714 1743 2961 1810 Spiritum
3003 1744 3246 1797 renovari
3277 1743 3542 1812 inquiens,

279 1826 520 1894 ἐγεῖραι,
541 1821 907 1893 ὁμολογοῦμεν
932 1823 992 1874 τὸ
1019 1821 1172 1890 ἅγιον
1203 1823 1427 1893 Πνεῦμα
1455 1822 1625 1876 ταῦτα
1648 1841 1870 1895 πεποιη-

1978 1827 2233 1898 Spiritum
2265 1841 2440 1883 autem
2459 1841 2703 1885 sanctum
2726 1847 3005 1896 renovare,
3027 1843 3079 1886 et
3102 1834 3244 1888 hunc
3286 1851 3392 1889 non
3415 1838 3548 1889 situ-

277 1917 379 1978 xb;
403 1913 546 1968 εἶναι
578 1915 711 1968 Θεόν
735 1931 750 1944 ⁸
778 1933 796 1966 ι
837 1914 927 1985 Τῷ
947 1914 1104 1984 Λόγῳ
1138 1933 1156 1966 ι
1186 1915 1294 1985 γὰρ
1328 1933 1346 1966 ι
1384 1915 1588 1984 Κυρίου
1621 1916 1669 1966 οἱ
1702 1915 1867 1986 οὐρα-

276 2009 361 2059 νοὶ
401 2006 837 2078 ἐστερεώθησαν,
871 2007 962 2078 [86
988 2005 1047 2079 a]
1077 2008 1169 2059 καὶ
1197 2006 1275 2078 τῷ
1311 2006 1588 2078 Πνεύματι
1620 2006 1713 2060 τοῦ
1753 2007 1873 2060 στό-

278 2116 462 2170 ματος
491 2098 656 2152 αὑτοῦ
686 2101 854 2151 πᾶσαι
883 2099 940 2150 αἱ
971 2098 1228 2167 δυνάμεις
1251 2097 1430 2152 αὐτῶν
1456 2115 1468 2128 ·
1505 2116 1522 2149 ι
1563 2099 1656 2151 καὶ
1685 2097 1870 2169 ἐπειδὴ

275 2189 551 2262 ἀρχῆθεν,
601 2189 1112 2261 δημιουργουμένων
1156 2188 1394 2253 πάντων,
1443 2190 1732 2260 συμπαρῆν
1779 2189 1872 2242 καὶ

274 2282 613 2352 ἀχωρίστως
642 2277 754 2350 εἶχε
789 2284 853 2351 τῇ
886 2281 1098 2350 θεότητι
1135 2280 1229 2334 καὶ
1256 2283 1322 2352 τῇ
1354 2280 1618 2351 ἐνεργείᾳ,
1643 2280 1730 2332 διὰ
1749 2280 1872 2332 τοῦ-

273 2391 343 2426 το
411 2374 509 2426 καὶ
561 2372 1057 2442 ἀνακαινιξομένων
1113 2370 1290 2425 αὐτῶν
1353 2372 1727 2443 συμπάρεστιν
1778 2372 1873 2424 καὶ

280 2463 830 2534 συμμνημονεύεται.
868 2464 1044 2534 Ὅπερ
1082 2463 1188 2535 γὰρ
1220 2464 1505 2535 εἰρήκασιν
1525 2465 1677 2517 αὐτοὶ
1704 2459 1867 2530 οὗτοι,

277 2556 389 2607 οὐκ
419 2550 491 2625 ἦν
535 2555 726 2627 ἐτέρας
756 2554 960 2621 οὐσίας,
989 2557 1018 2607 ὃ
1047 2557 1193 2610 ἐστιν
1223 2555 1455 2625 φύσεως,
1487 2557 1548 2608 rb
1592 2558 1872 2610 ἀνακαινί-

280 2663 404 2708 σαι,
450 2647 501 2698 εἰ
541 2645 617 2719 μὴ
651 2648 748 2716 τῆς
790 2646 883 2700 τοῦ
914 2648 1214 2710 κτίσαντος.
1253 2648 1388 2718 Περὶ
1432 2644 1524 2701 οὖν
1568 2649 1675 2701 τῶν
1705 2650 1871 2703 ὄντων

282 2737 384 2791 καὶ
419 2735 870 2806 πολιτευομένων,
898 2737 973 2801 ὡς
1013 2739 1087 2810 μὴ
1116 2740 1304 2803 ὄντων,
1336 2739 1471 2793 ἀλλὰ
1498 2737 1592 2792 νῦν
1624 2757 1870 2810 πνευμα-

281 2827 461 2889 τικῶς
491 2825 586 2879 καὶ
611 2825 896 2897 θειοτέρως
920 2826 1272 2897 κτιζομένων,
1302 2829 1330 2879 ὀ
1350 2828 1511 2882 Δαυῖδ
1557 2829 1646 2881 καὶ
1679 2831 1707 2882 ό
1729 2830 1873 2883 Παῦ-

284 2917 381 2980 λος
415 2917 704 2989 κηρύσσει,
735 2918 811 2981 ὡς
837 2918 1155 2990 προελέχθη,
1188 2921 1280 2972 καὶ
1313 2920 1388 2984 ὡς
1419 2920 1685 2991 πολλαχοῦ
1717 2922 1873 2992 εὑρή-

289 3026 483 3079 σομεν.
523 3009 817 3079 Ἐπιλείψει
847 3027 912 3080 με
935 3010 1041 3082 γὰρ
1070 3010 1134 3064 ἂν
1159 3013 1186 3063 ὁ
1210 3013 1315 3074 πᾶς
1340 3012 1548 3081 χρόνος,
1579 3014 1626 3065 εί
1656 3013 1872 3067 πάντων

288 3101 570 3171 πανταχοῦ
609 3103 960 3173 μνημονεύειν
1015 3103 1272 3175 ἐθελήσω.
1312 3104 1374 3156 Εἰ
1417 3103 1492 3175 μὴ
1541 3100 1644 3173 οὖνξ
1671 3105 1870 3174 ἑτέρως

1981 1919 2192 1987 pliciter
2275 1920 2553 1988 Spiritum,
2615 1924 2707 1977 sed
2774 1925 2940 1992 ipsius
3012 1925 3268 1992 Spiritum
3332 1927 3548 1995 proprie

1970 2024 2089 2063 esse
2117 2010 2484 2074 subiudieans,
2519 2013 2629 2066 haec
2661 2012 2837 2065 divine
2863 2013 3125 2081 loquitur:
3155 2033 3171 2065 ι
3199 2015 3416 2068 Etdabu
3435 2016 3546 2087 (2!)

1970 2100 2121 2154 vobis
2165 2115 2257 2154 cor
2307 2117 2526 2167 novum,
2556 2112 2609 2156 et
2642 2105 2886 2172 spiritum
2936 2121 3127 2158 novum
3160 2123 3174 2159 :
3208 2116 3261 2160 et
3307 2106 3546 2160 auferam

1975 2189 2136 2259 189
2165 2205 2257 2243 cor
2286 2191 2550 2260 lapideum
2587 2208 2651 2246 ex
2688 2210 2853 2248 carne
2893 2204 3093 2258 vestra,
3127 2205 3181 2249 et
3211 2196 3349 2250 dabo
3394 2199 3548 2253 vobis

1971 2296 2065 2334 cor
2102 2297 2378 2345 carueuui,
2412 2292 2464 2334 et
2507 2281 2766 2352 Spiritum
2804 2302 2978 2340 meum
3014 2287 3150 2341 dabo
3200 2287 3252 2340 iu
3311 2287 3483 2343 vobis.
3521 2306 3545 2342 ο

1977 2370 2224 2424 llaeretici
2254 2388 2380 2425 vero
2410 2374 2584 2426 divina
2615 2376 2780 2427 etiam
2814 2375 2925 2430 inec
2969 2377 3129 2429 verba
3157 2377 3551 2446 parvipenden-

1973 2471 2073 2527 tes,
2097 2477 2215 2516 cum
2251 2465 2421 2516 tinnis
2451 2466 2750 2520 rationibus
2781 2468 3000 2522 omnino
3046 2479 3290 2530 careant.
3340 2472 3551 2525 extrin-

1971 2555 2111 2607 Secis
2156 2554 2267 2623 jam
2318 2556 2525 2610 artibus
2576 2558 2908 2623 abutuntur,
2968 2568 3022 2613 et
3067 2560 3174 2613 alio
3228 2570 3392 2630 atque
3442 2563 3550 2618 alio

1973 2643 2265 2698 transferre
2301 2653 2564 2698 conantur
2591 2662 2709 2716 qme
2731 2658 2837 2700 tam
2875 2649 3162 2704 manifesto
3191 2664 3354 2706 sensu
3401 2651 3544 2708 dicta

1971 2744 2117 2788 sunt.
2153 2734 2404 2802 lnquiunt
2440 2737 2583 2789 enim
2625 2737 2776 2792 hisce
2827 2739 2953 2807 ipsis
3001 2741 3214 2794 verbis:
3268 2741 3366 2808 Qui
3399 2759 3548 2798 mor-

1974 2829 2093 2874 tuos
2125 2823 2384 2886 condidit,
2428 2823 2780 2880 mortificalos
2801 2828 2950 2880 solus
2977 2831 3239 2896 suscitat;
3295 2832 3550 2900 deprava-

1973 2917 2082 2963 tum
2116 2910 2284 2974 enim,
2320 2920 2373 2964 et
2399 2924 2714 2981 corruptum
2746 2917 3025 2971 architecti
3077 2934 3210 2994 opus
3249 2921 3424 2990 pictor
3463 2937 3550 2976 re-

1970 3010 2221 3056 staurare
2250 3019 2353 3057 non
2388 3013 2562 3072 potest
2593 3045 2608 3070 ,
2648 3023 2817 3074 neque
2860 3009 3087 3079 naupegi
3119 3026 3252 3079 opus
3307 3022 3548 3079 venator,

1972 3111 2146 3165 neque
2163 3095 2503 3152 fabricatoris
2524 3113 2660 3167 opus
2677 3115 2902 3165 cursor;
2935 3104 3026 3155 sed
3055 3103 3337 3158 architecti
3367 3105 3552 3159 archio

294 3191 394 3260 μὲν
419 3155 546 3256 rank
584 3155 1083 3264 ἑραέραῖςμέτέρως
1201 3193 1383 3256 αὐτοῖς
1417 3155 1646 3257 ἐκείνοις
1675 3155 1867 3256 ἐδόκειῑ

1974 3194 2168 3249 tectus,
2206 3195 2259 3240 ct
2310 3188 2538 3257 naupegi
2580 3206 2882 3260 naupegus.
2922 3192 3155 3262 Spiritus
3203 3203 3383 3247 autem
3423 3209 3551 3248 san-

295 3281 510 3351 πρῶτον
563 3283 665 3352 μὲν
704 3279 798 3337 οὖν
862 3285 968 3338 κᾶν
1025 3301 1156 3337 ποτε
1227 3284 1749 3357 παρενεθυμήθησαν
1802 3286 1874 3339 τὰ

299 3372 420 3424 θεῖα
443 3372 673 3443 γραφία,
700 3373 768 3426 τὰ
796 3375 853 3426 ἐν
872 3372 948 3444 τῷ
981 3373 1171 3445 βιϐλίῳ
1189 3373 1324 3445 τῷδε
1359 3374 1550 3445 καὶτῷ
1574 3374 1678 3446 πρὸ
1708 3374 1870 3428 αὑτοῦ

308 3462 765 3530 μνημονευθέντα·
791 3463 843 3516 τί
870 3462 978 3536 γὰρ
1001 3462 1085 3531 ἂν,
1111 3464 1398 3528 ἀκούοντες
1425 3466 1615 3529 ταῦτα,
1643 3467 1872 3537 φήσαιεν

305 3551 398 3604 τὸν
422 3553 692 3624 χρήσαντα
713 3555 852 3608 αὐτὰ
876 3555 1177 3620 διδάσκειν;
1205 3555 1466 3627 Δεύτερον
1507 3557 1562 3608 δὲ
1600 3556 1874 3624 ἐλογίσανο

301 3657 366 3694 ro
394 3642 481 3704 ἂν,
513 3644 718 3715 ὅτιπερ,
752 3644 810 3696 ὃν
841 3644 1040 3714 τρόπον
1087 3644 1182 3698 τοῦ
1234 3645 1364 3700 Υίοῦ
1409 3645 1705 3709 κτίσαντος
1738 3665 1874 3716 συμ-

302 3733 527 3805 ποιητής
575 3737 605 3786 ὁ
632 3737 825 3806 Πατήρ
863 3737 1008 3789 ἐστιν
1045 3739 1112 3809 τῇ
1154 3737 1432 3809 εὐδοκήσει
1456 3777 1472 3802 ,
1517 3737 1658 3790 οὕτω
1689 3738 1781 3790 καὶ
1813 3738 1874 3790 τὸ

295 3825 525 3896 Πνεῦμα
549 3826 714 3880 αὐτοῦ
734 3843 747 3857 ·
783 3827 878 3880 καὶ¹
915 3827 1011 3881 οὐκ
1048 3829 1128 3892 είς
1156 3827 1253 3899 τὴν
1279 3827 1387 3881 τῶν
1424 3830 1524 3898 οὐχ
1564 3829 1763 3899 ὁμοίων
1791 3828 1874 3893 ἐξ-

288 3917 504 3982 έτασιν,
530 3917 640 3970 τῶν
667 3919 976 3991 συνάρσεως
1001 3921 1098 3992 τῆς
1122 3920 1366 3991 ἀλλήλων
1403 3921 1496 3973 καὶ
1527 3921 1625 3991 τῆς
1653 3920 1757 3974 ἀπὸ
1777 3919 1872 3973 τοῦ

288 4008 486 4079 χρόνου
511 4008 802 4079 δεομένων,
833 4012 930 4066 καὶ
973 4012 1106 4083 μηδὲ
1135 4011 1485 4082 πληρούντων
1519 4013 1749 4084 ἐτοίμως
1778 4013 1873 4067 καὶ

287 4098 635 4169 πανταχόθεν
687 4101 990 4170 ἀμέμπτως
1039 4100 1139 4172 τὴν
1178 4100 1492 4172 ἐνθύμησιν,
1529 4100 1599 4155 τὰ
1627 4104 1724 4173 τῆς
1747 4102 1874 4174 ἀμί-

287 4206 428 4242 κτου
453 4190 660 4243 ἅπασιν
694 4191 967 4262 μακαρίας
987 4191 1234 4261 Τριάδος,
1262 4191 1360 4262 τῆς
1389 4192 1481 4244 καὶ
1507 4193 1656 4263 ἡμᾶς
1675 4194 1873 4247 ἀπολε-

288 4279 474 4348 σὰσης
500 4279 867 4352 δημιουργοὺς
916 4281 1087 4349 λόγων
1132 4298 1190 4335 τε
1238 4283 1332 4335 καὶ
1375 4283 1515 4336 ὑλῶν
1557 4285 1870 4356 ἐπισκευῆς,

286 4371 530 4440 ἦγαγον,
571 4370 834 4438 λέγοντες,
883 4371 1025 4443 ἅπερ
1081 4374 1277 4444 μήποτ’
1315 4372 1538 4442 ἔφασαν.
1578 4375 1643 4426 Τί
1669 4375 1797 4447 γὰρ,
1837 4376 1871 4448 ἢ

285 4462 370 4524 ὡς
410 4463 632 4533 πηλίκοι
669 4463 914 4534 εἴποιμεν
947 4463 1024 4534 τῷ
1051 4461 1197 4528 ἅπαξ
1232 4464 1512 4536 θελήσαντι
1543 4465 1673 4536 Θεῷ,
1697 4467 1874 4539 Πατρὶ

285 4553 387 4606 διὰ
417 4553 514 4606 τοῦ
561 4553 690 4606 Υἱοῦ
726 4555 900 4622 Λόγου
935 4555 1110 4609 πάντα
1159 4555 1492 4625 ὑποστῆναι;
1538 4556 1752 4627 Ἀμέλει
1795 4575 1878 4611 τοι

288 4642 552 4712 περὶτοῦ
590 4645 652 4696 ἐκ
687 4644 999 4716 σπέρματος
1037 4644 1218 4709 Δαυῒδ,
1248 4645 1343 4700 καὶ
1376 4647 1647 4718 Ἀϐραὰμ,
1679 4649 1771 4703 καὶ
1817 4652 1881 4704 ἐκ

290 4734 458 4806 ῥίζης
500 4736 696 4788 Ἰεσσαὶ
726 4736 865 4788 κατὰ
892 4737 1086 4809 σάρκα,
1115 4739 1450 4810 κεκήρυκται
1480 4739 1571 4811 [86
1595 4740 1667 4812 b],
1693 4742 1767 4806 ὡς
1786 4745 1882 4815 ἀρ-

289 4829 431 4892 τίως
465 4829 678 4900 εἴρηται
705 4842 719 4856 ·
762 4846 781 4878 ι
818 4829 890 4882 Τὸ
918 4829 1028 4900 γὰρ
1063 4830 1122 4883 ἐν
1149 4831 1283 4902 αὐτῇ
1314 4831 1574 4902 γεννηθὲν
1609 4833 1674 4886 ἐκ
1709 4835 1881 4889 Πνεύ-

295 4921 476 4992 ματός
513 4922 662 4974 ἐστιν
685 4921 839 4988 ἁγίου
860 4937 874 4951 ⁸
914 4938 933 4972 ι
970 4921 1056 4973 ἵνα
1089 4921 1382 4976 κάντεῦθεν
1409 4923 1668 4993 ὁμόλογον
1699 4920 1770 4998 ᾖ,
1803 4927 1879 4991 ὡς

295 5011 568 5082 συνεργὸν
593 5007 658 5082 ἦν
689 5012 766 5082 τῷ
794 5011 1119 5083 ἀγαθουργῷ
1156 5013 1482 5085 Δημιουργῷ
1528 5013 1588 5066 τὸ
1629 5015 1879 5084 ἁγιαστι-

294 5103 393 5154 κὸν
433 5101 677 5172 Πνεῦμα.
714 5103 806 5156 Διὸ
849 5105 942 5156 καὶ
979 5101 1135 5167 αὖθις
1167 5106 1474 5176 γέγραπται
1497 5121 1512 5135 ’
1546 5124 1565 5157 ι
1603 5109 1805 5175 ’Ἡγετο
1849 5111 1879 5163 ό

310 5192 522 5264 Ἰησοῦς
548 5195 606 5246 ἐν
636 5194 912 5263 Πνεύματι
941 5196 1035 5246 ἐπὶ⁵
1065 5195 1164 5265 τὴν
1185 5195 1386 5266 ἔρημον
1406 5212 1421 5226 ·
1457 5214 1476 5247 ι
1524 5197 1710 5268 ἐπειδὴ
1761 5215 1884 5252 συνο-
1910 5234 1912 5236 τ

296 5283 366 5350 ἦν
402 5284 556 5353 αὐτῷ
580 5285 640 5337 rb
669 5287 992 5356 ἡγεμονικὸν
1015 5285 1256 5356 Πνεῦμα,
1291 5287 1364 5350 ὡς
1392 5287 1524 5351 Θεὸς
1552 5288 1668 5358 Θεῷ
1694 5289 1787 5342 καὶ
1809 5291 1884 5354 ὠς

297 5375 481 5428 πάντα
510 5374 745 5444 συνέχων
770 5376 862 5426 καὶ
891 5375 1163 5446 πανταχοῦ
1198 5374 1409 5446 παρὼν,
1445 5375 1522 5446 τῷ
1552 5377 1635 5445 ἐφ’
1663 5377 1723 5431 ὃν
1749 5378 1883 5431 πάν-

297 5479 370 5519 τα
403 5465 743 5534 ἐστήρικται,
779 5465 874 5517 καὶ
903 5467 960 5518 ἐν
990 5469 1154 5519 πᾶσιν
1192 5467 1325 5532 ὄντι,
1365 5467 1458 5520 καὶ
1488 5467 1784 5538 πληροῦντι
1812 5469 1882 5522 τὰ

377 5684 494 5761 (29)
537 5686 797 5761 Diximus.
830 5689 962 5744 Vide
999 5705 1164 5761 segm.
1197 5693 1228 5745 7
1254 5711 1306 5746 η.

376 5755 492 5826 (21)
526 5755 596 5809 Et
632 5761 790 5816 dabo.
823 5762 1014 5816 Ezrch.
1039 5755 1220 5831 x'xxvr,
1242 5763 1311 5816 ‘26
1337 5778 1386 5818 οι
1412 5762 1502 5816 ‘27.
1529 5761 1696 5817 Biblia
1724 5779 1737 5816 :
1765 5763 1873 5816 Καὶ

1971 3285 2114 3343 ctus,
2133 3277 2400 3346 inquiunt,
2433 3295 2532 3334 nec
2560 3292 2803 3335 ιιιοιιιιοε
2836 3284 3141 3349 suscitavit,
3189 3300 3364 3353 neque
3397 3299 3552 3339 crea-

1970 3369 2068 3422 vit.
2113 3367 2292 3424 Semel
2342 3371 2511 3434 euim,
2560 3372 2828 3442 inquiunt,
2873 3375 2925 3428 in
2966 3375 3172 3430 Adamo
3209 3377 3422 3431 condita
3467 3385 3550 3430 est

1973 3460 2250 3515 hominum
2296 3471 2484 3516 natura
2513 3503 2527 3526 ,
2566 3479 2740 3532 neque
2786 3480 2917 3518 vero
2948 3465 3119 3520 altera
3162 3477 3358 3537 praeter
3405 3467 3550 3522 illam

1972 3553 2191 3608 condita
2227 3551 2350 3618 fuit,
2379 3569 2478 3608 nec
2509 3555 2698 3608 eadem
2731 3557 2965 3624 saapius:
2999 3559 3126 3627 quin
3175 3557 3287 3611 Eva
3332 3573 3550 3627 quoque

1974 3643 2133 3698 simul
2163 3644 2380 3712 quidem
2426 3661 2547 3698 cum
2579 3645 2784 3700 Adamo
2820 3658 2999 3702 creata
3026 3658 3129 3716 est,
3155 3650 3422 3703 communi
3455 3667 3552 3704 na-

1975 3745 2108 3789 tura:
2142 3737 2374 3802 ratione;
2410 3747 2594 3805 postea
2627 3752 2754 3792 vero
2785 3737 3015 3792 formata
3061 3739 3182 3793 fuit.
3225 3739 3334 3794 Nos
3368 3751 3548 3796 autem

1975 3825 2294 3889 orthodoxi,
2351 3827 2604 3896 quoniam
2661 3827 2857 3882 divina:
2903 3829 3244 3898 potissimum
3287 3833 3549 3900 potentiae

1974 3916 2256 3971 character
2279 3927 2362 3972 est
2401 3920 2651 3982 condere,
2695 3928 2749 3973 et
2793 3930 3036 3974 mortuos
3070 3922 3351 3987 suscitare,
3384 3922 3552 3977 conﬁ-

1977 4014 2152 4060 temur
2171 4017 2417 4061 sanctum
2449 4007 2733 4076 Spiritum,
2791 4009 2883 4078 qui
2927 4011 3033 4064 duo
3070 4012 3182 4065 haec
3229 4010 3376 4079 fecit,
3428 4027 3551 4067 esse

1976 4096 2162 4149 Deum.
2202 4095 2334 4149 Nam
2374 4115 2392 4148 ι
2430 4097 2602 4153 Verbo
2634 4098 2745 4168 (“22)
2782 4096 2992 4153 Domini
3018 4101 3142 4154 cmli
3179 4099 3371 4155 ﬁrmati
3401 4111 3547 4166 sunt,

1975 4196 2029 4242 et
2059 4185 2266 4256 Spiritu
2293 4187 2404 4242 oris
2421 4189 2534 4257 ejus
2559 4204 2748 4245 omnes
2781 4192 3002 4247 virtutes
3021 4208 3229 4247 eorum.
3266 4212 3285 4245 ι
3319 4192 3386 4247 Ει
3417 4209 3551 4263 quo-

1975 4278 2117 4332 niam
2166 4279 2335 4343 iuitio,
2392 4294 2512 4332 cum
2559 4280 2739 4334 omnia
2793 4282 3006 4336 condita
3073 4291 3233 4346 sunt,
3312 4297 3550 4352 prtesens

1975 4369 2136 4424 simul
2163 4387 2282 4424 cum
2312 4370 2433 4425 aliis
2478 4373 2725 4440 personis
2766 4375 2989 4436 aderat,
3027 4382 3080 4428 et
3113 4374 3335 4439 deitate,
3385 4384 3550 4443 atque

1907 4489 1952 4548 υ
1978 4462 2292 4531 operatione
2323 4466 2389 4515 ab
2426 4463 2491 4516 iis
2527 4463 2900 4531 inseparabilis
2955 4473 3095 4529 erat,
3143 4466 3366 4533 proinde
3409 4481 3550 4520 nunc

1977 4568 2210 4622 quoque,
2247 4569 2366 4606 cum
2397 4568 2458 4606 ea
2493 4563 2850 4620 renovantur,
2893 4570 2996 4607 una
3053 4571 3174 4609 cum
3220 4556 3340 4608 aliis
3385 4556 3552 4626 hypo-

1977 4645 2215 4699 stasibus
2247 4659 2485 4712 praesens
2514 4651 2686 4708 est,et
2713 4644 2870 4697 simul
2894 4660 3012 4698 cum
3065 4645 3132 4699 iis
3161 4659 3549 4700 commemora-

1981 4747 2097 4802 tur;
2139 4752 2284 4801 nam,
2320 4736 2493 4804 utipsi
2523 4737 2821 4790 adversarii
2852 4736 3125 4800 dixerunt,
3185 4752 3446 4790 renovare
3481 4738 3548 4791 ad

1979 4827 2137 4881 aliam
2187 4827 2506 4891 essentiam,
2549 4826 2600 4880 id
2659 4837 2762 4892 est,
2805 4835 3052 4879 naturam
3093 4841 3197 4879 non
3249 4828 3546 4895 spectabat,

1987 4933 2146 4988 quam
2179 4919 2245 4971 ad
2302 4927 2548 4971 naturam
2611 4916 2773 4982 illius,
2825 4917 2915 4985 qui
2973 4916 3304 4972 condiderat.
3365 4919 3437 4971 De
3484 4917 3550 4972 iis

1983 5025 2166 5081 porro,
2203 5010 2316 5079 qui,
2345 5025 2468 5063 cum
2517 5017 2718 5074 essent,
2760 5009 2829 5062 ita
2873 5024 2932 5064 se
2963 5012 3217 5078 gerebant
3245 5008 3420 5078 quasi
3448 5026 3549 5062 non

1981 5111 2186 5164 essent,
2241 5115 2382 5154 nunc
2424 5113 2554 5152 vero
2601 5098 2946 5167 spiritaliter,
2993 5106 3046 5151 et
3090 5098 3336 5152 diviniori
3396 5099 3554 5151 modo

1981 5192 2180 5246 conditi
2199 5199 2342 5254 sunt,
2372 5189 2564 5255 David,
2599 5199 2653 5243 et
2677 5189 2873 5243 Paulus
2907 5191 2985 5243 sic
3018 5190 3330 5258 praedicant,
3370 5199 3430 5241 ut
3458 5203 3553 5241 an-

1982 5291 2065 5336 tea
2097 5281 2298 5335 dictum
2336 5289 2440 5344 est,
2472 5290 2532 5334 et
2557 5281 2698 5335 sicut
2723 5280 2903 5335 multis
2950 5279 3073 5333 aliis
3113 5280 3166 5334 in
3225 5280 3357 5334 locis
3397 5279 3549 5332 iuve-

1982 5374 2220 5428 niemus:
2257 5372 2468 5426 deﬁciat
2499 5373 2642 5426 enim
2683 5388 2768 5426 me
2803 5387 2962 5426 omne
3007 5379 3241 5441 tempus,
3283 5371 3326 5424 si
3369 5369 3552 5423 omnia

1984 5466 2180 5532 ubique
2209 5477 2637 5516 commemorare
2671 5463 2854 5516 velim.
2913 5459 3027 5518 Nisi
3073 5477 3201 5532 ergo
3251 5461 3352 5514 alia
3403 5458 3554 5514 Scri-

1978 5690 2193 5762 πνεῦμα
2223 5692 2414 5763 ’καινὸν
2444 5693 2598 5745 δώσω
2625 5695 2681 5745 ἐν
2711 5692 2859 5763 ύμῖν.

2057 5763 2168 5832 (2'2)
2223 5761 2407 5816 Verbo.
2440 5763 2580 5819 l’sal.
2611 5761 2783 5830 XXkll,
2819 5777 2957 5816 \ers.
2985 5761 3038 5815 6.
