4082 6406
613 310 720 365 575

1872 301 2108 358 DIDYMI
2145 298 2613 356 ALEXANDRINI

3751 303 3843 359 570

613 434 895 491 pturarnm
918 428 1086 484 esset,
1115 419 1220 474 alia
1264 433 1392 475 vero
1431 418 1645 474 illorum
1692 419 1932 486 ipsorum
1979 427 2196 473 senten-

2302 415 2500 469 πάντα.
2541 416 2694 470 Ἐπεὶ
2719 417 2793 488 μή
2821 433 2906 486 γε,
2927 416 3006 488 τῷ
3031 417 3252 470 ἐκείνων
3277 415 3419 487 λόγῳ
3451 418 3541 472 καὶ
3566 416 3640 489 τῷ
3657 418 3843 490 τρόπῳ,

617 515 711 577 tia,
740 513 973 581 primum
1015 511 1233 580 quidem
1264 510 1559 580 aliquando
1589 510 1780 564 saltem
1825 510 2004 564 divina
2047 509 2214 562 δαί-ι

613 617 787 672 ptnrte
819 603 1034 657 oracula
1057 602 1189 674 (23),
1219 617 1337 669 quze
1367 603 1468 656 hoc
1496 602 1547 654 in
1583 601 1744 663 libro,
1777 610 1938 669 atque
1961 599 2012 653 in
2042 613 2198 667 supe-

615 698 760 751 riore
774 712 1134 751 cou‘unemora
1143 705 1193 750 ta
1216 705 1363 757 Slllll,
1381 695 1683 764 iitgmentem
1700 701 2045 748 revocassent
2057 689 2192 760 (24):

611 803 678 843 ea
744 790 887 843 enim
943 789 1224 843 audientes
1291 789 1546 858 quidnam
1606 787 1787 842 doceri
1856 788 1924 841 ab
1981 800 2047 841 eo
2111 785 2196 839 di-

615 890 824 943 cerent,
861 895 969 948 quo
1002 878 1214 933 alﬂante
1243 879 1448 947 scripta
1478 878 1643 934 sunt?
1673 879 1873 932 Deimle
1897 891 2024 931 vero
2067 875 2196 930 illud

614 974 1075 1038 ronsiderassent,
1112 973 1254 1027 sicut
1290 988 1392 1026 una
1427 988 1547 1026 cum
1603 971 1738 1025 Filio
1795 971 1954 1040 190
1976 978 2198 1024 creante

614 1064 818 1116 creavit
841 1074 895 1115 ct
923 1062 1081 1115 Pater
1112 1061 1527 1129 complacentia,
1556 1061 1636 1116 sic
1667 1061 1832 1115 etiam
1868 1061 2029 1114 simul
2073 1073 2195 1113 cum

616 1171 684 1211 eo
704 1164 979 1209 creantem
1014 1156 1115 1208 dici
1145 1155 1343 1209 debere
1387 1155 1649 1224 Spiritum
1697 1153 1850 1224 ejus:
1905 1166 2080 1220 neque
2129 1165 2196 1204 ea

615 1263 739 1316 qua:
767 1247 833 1299 ad
866 1248 1101 1311 beatam,
1135 1247 1376 1316 nullique
1407 1247 1481 1300 rei
1511 1246 1822 1315 permistam
1853 1244 2195 1310 Trinitatem,

617 1354 646 1393 ιι
682 1355 783 1407 qua
813 1355 908 1393 nos
935 1355 1147 1408 quoque
1173 1351 1227 1394 et
1260 1339 1760 1400 ratiocinationum,
1786 1349 1841 1391 et
1875 1352 2056 1391 rerum
2085 1352 2198 1390 ma-

622 1431 886 1484 tetialittm
924 1442 1212 1486 structura:
1237 1431 1350 1503 (25)
1382 1431 1544 1486 veluti
1574 1431 1882 1485 conditores
1909 1428 2082 1484 eﬂ'ecti
2108 1445 2198 1484 sn-

619 1537 758 1584 mns,
792 1532 1217 1591 comparassent,
1253 1523 1522 1591 simulque
1557 1521 1940 1576 discussissent
1967 1536 2088 1575 cum
2111 1521 2194 1587 iis,

619 1633 740 1682 qua:
771 1617 1075 1683 dissimilia,
1110 1617 1404 1679 exsistunt,
1436 1632 1662 1685 quasque
1693 1625 1874 1669 tnutua
1901 1616 2200 1671 connexio-

621 1729 704 1771 ne,
739 1725 910 1778 caque
946 1713 1291 1779 temporaria,
1316 1711 1576 1780 indigent,
1608 1727 1672 1765 ac
1703 1726 1770 1764 ne
1817 1710 2194 1776 cogitationem

2297 506 2422 560 οὔτε
2452 509 2480 559 ὁ
2513 508 2704 578 Πατὴρ
2725 508 3076 580 δημιουργὸς,
3105 508 3382 580 ἦνεκροὺς
3415 508 3654 577 ἐγείρων.
3683 511 3845 565 Πάντα

2297 599 2405 672 γὰρ
2437 600 2526 653 διὰ
2559 600 2653 653 τοῦ
2686 601 2816 654 Υίοῦ
2857 601 3072 670 ἐγένετο
3103 601 3336 663 ἀπόνως.
3373 600 3538 664 Πόνος
3568 600 3672 672 γὰρ
3698 603 3846 667 πάθος

2296 693 2443 745 ἐστί·
2477 692 2647 755 πάθος
2683 692 2739 745 δὲ
2780 693 2898 756 ὁδὸς
2929 692 3021 746 ἐπὶ
3053 693 3278 763 φθοράν.
3306 693 3420 745 Οὐκ
3467 691 3768 763 ἀρνούμενοι
3799 695 3846 747 δὲ

2295 781 2388 834 τὸν
2416 782 2693 852 Δεσπότην
2733 781 3111 854 σεσαρκῶσθαι
3132 782 3254 853 δίχα
3277 781 3547 852 ἁμαρτίας
3571 783 3632 835 ὲκ
3654 783 3744 852 τῆς
3765 784 3848 852 φῦ-

2300 889 2438 936 σεως
2491 873 2586 927 τοῦ
2634 873 2824 944 Ἀδὰμ,
2877 875 2904 927 ὅ
2948 877 3095 927 ἐστιν
3134 876 3198 927 ὲκ
3232 873 3330 944 τῆς
3369 873 3661 943 Παρθένου,
3695 874 3726 943 ἢ
3762 874 3846 943 τῆς

2299 963 2604 1035 ὴμετέρας’
2636 963 2809 1017 ταῦτά
2851 980 3052 1035 φαμεν,
3097 964 3294 1034 μᾶλλον
3338 963 3395 1016 δὲ
3425 963 3519 1015 καὶ
3558 963 3846 1033 βεϐαιοῦμεν

2297 1054 2458 1107 τοῦτο
2497 1053 2585 1107 διὰ
2627 1053 2721 1107 τοῦ
2762 1055 2940 1123 λέγειν
2984 1057 3049 1107 ὲκ
3079 1053 3392 1125 Πνεῦματος
3430 1053 3585 1121 ἁγίου
3621 1053 3848 1124 γεγεννῆ-

2301 1147 2442 1199 σθαι.
2497 1147 2734 1217 Ἐπειδὴ,
2762 1146 2839 1210 ὡς
2862 1145 3096 1218 εἴρηται,
3131 1148 3224 1201 καὶ
3257 1145 3355 1217 τὴν
3389 1144 3566 1216 ἀρχὴν
3588 1145 3846 1216 συμπαρῆν

2299 1237 2361 1290 τὸ
2385 1237 2709 1308 πρωιὼνισν
2747 1239 2840 1293 καὶ
2874 1238 3208 1309 πηροκόσμιον
3250 1238 3472 1307 Πνεῦμα
3499 1236 3598 1289 τοῦ
3617 1235 3741 1288 Θεοῦ
3782 1235 3846 1304 τῷ

2301 1332 2502 1400 ποιητῇ
2540 1329 2640 1398 τῆς
2665 1329 2942 1401 ἡμετέρας
2969 1328 3204 1398 φύσεως,
3229 1329 3327 1399 οὐχ
3361 1328 3438 1392 ὡς
3470 1326 3714 1399 χρῄζοντι
3741 1327 3846 1397 βοη-

2301 1422 2473 1485 θείας,
2507 1422 2643 1474 ἀλλά
2685 1423 2781 1475 σὺν
2809 1421 3100 1488 ταυτότητι
3132 1422 3225 1474 καὶ
3260 1421 3466 1492 ἰσότητι
3507 1419 3742 1491 θεότητος
3769 1421 3847 1472 καὶ

2300 1513 2591 1585 θελήσεως,
2625 1514 2720 1567 καὶ
2745 1508 2856 1566 οἷον
2896 1513 2976 1586 μὴ
3006 1513 3452 1584 ἀποτετμημένον
3481 1510 3576 1566 τοῦ
3605 1512 3764 1582 φωτὸς
3797 1511 3846 1563 τὸ

2300 1603 2436 1672 φῶς.
2468 1603 2534 1656 Ἢ
2571 1603 2797 1674 σύστηθι
2828 1600 2943 1666 οῦν,
2967 1604 3283 1664 Μακεδόνιε,
3313 1606 3426 1666 τοῖς
3457 1604 3647 1673 ἁγίοις,
3673 1603 3846 1672 κτίσμα

2299 1695 2362 1747 τὸ
2407 1695 2548 1748 θεῖον
2590 1695 2815 1766 Πνεῦμα
2860 1696 2934 1767 μὴ
2968 1694 3343 1767 ὀνομάζουσιν,
3390 1697 3502 1750 ἀλλ’
3547 1694 3845 1766 ἐκπεπορεῦ-

619 1805 833 1870 quidem
864 1803 1412 1872 prompte,tnod0qne
1440 1803 1728 1872 cujuslibet
1767 1803 2198 1870 reprehensionis

2302 1786 2423 1840 σθαι
2456 1788 2520 1838 ἐκ
2551 1786 2645 1838 τοῦ
2678 1786 2836 1849 Θεοῦ,
2875 1787 2952 1851 ὡς
2980 1785 3204 1856 Πνεῦμα
3238 1786 3404 1840 αὐτοῦ
3431 1785 3571 1840 κατά
3602 1783 3771 1854 φύσινο
3800 1782 3846 1850 ἢ,

620 1905 860 1964 experte,
894 1895 1152 1962 implent;
1183 1911 1353 1964 neque
1383 1895 1479 1948 ista
1501 1911 1734 1964 unquam
1767 1895 2030 1948 dixissent
2057 1892 2195 1964 (26),

619 2003 740 2056 quae
766 1988 1100 2056 objecernnt.
1139 1987 1313 2053 Quare
1346 1989 1512 2051 enim,
1560 1997 1654 2040 aut
1699 2001 1801 2055 qua
1845 1986 2190 2049 auctoritate,

620 2082 701 2133 vel
743 2089 1006 2150 potestate
1068 2081 1327 2143 dicemus,
1384 2080 1490 2134 Deo
1535 2081 1692 2134 Patre
1743 2079 1906 2133 semel
1963 2077 2194 2143 volente,

621 2175 804 2225 omnia
837 2173 976 2227 sicut
1012 2189 1106 2241 per
1138 2172 1332 2226 Filium
1369 2171 1625 2239 Verbum,
1677 2171 1750 2224 ita
1786 2181 1840 2225 et
1880 2187 1974 2240 per
2027 2169 2200 2238 Spiri-

624 2274 734 2316 tum
763 2274 1010 2317 sanctum
1029 2263 1139 2334 (‘27)
1176 2264 1468 2317 constituta
1496 2278 1599 2314 non
1641 2261 1806 2316 esse?
1845 2263 1917 2315 Dc
1941 2276 2005 2314 eo
2044 2276 2196 2323 sane,

621 2355 712 2423 qui
741 2364 912 2409 estex
943 2355 1151 2408 semine
1186 2354 1371 2416 David,
1411 2363 1466 2407 et
1504 2353 1818 2416 Abraliami,
1853 2361 1907 2406 et
1927 2367 1990 2406 ex
2019 2351 2200 2406 radice

619 2447 774 2501 Jesse
799 2448 1095 2501 secundum
1131 2461 1372 2511 carnem,
1405 2447 1746 2515 praedicatum
1775 2445 1895 2510 l'uit,
1935 2453 1995 2498 ut
2021 2460 2196 2514 nuper

623 2538 894 2590 diximus:
935 2556 954 2588 ι
995 2538 1146 2603 Quod
1184 2535 1294 2607 (‘28)
1349 2539 1493 2591 enim
1543 2537 1594 2590 in
1633 2551 1694 2590 ea
1739 2546 1924 2588 natum
1979 2545 2084 2599 est,
2133 2548 2200 2588 cx
2247 2575 2254 2580 .

625 2629 831 2698 Spiritu
883 2643 1070 2682 sancto
1117 2640 1231 2682 est:
1271 2648 1289 2681 ι
1343 2639 1400 2682 ιιι
1437 2629 1519 2682 vel
1577 2643 1642 2683 ex
1692 2628 1774 2680 Itis
1823 2625 2003 2679 verbis
2050 2637 2200 2679 certo

625 2728 859 2782 constet,
903 2717 1144 2772 benelico
1184 2718 1431 2771 Creatori
1483 2718 1688 2771 socium
1722 2718 1772 2770 in
1809 2715 2105 2778 creatione,
2148 2727 2201 2771 et

625 2821 1036 2877 cooperatorem
1086 2811 1248 2864 tuisse
1283 2810 1712 2864 sanetiﬁcantem
1761 2811 2043 2879 Spiritum.
2082 2811 2201 2863 Ideo

622 2893 752 2948 alibi
782 2911 996 2964 quoque
1044 2899 1302 2967 scriptum
1361 2908 1478 2952 est:
1517 2917 1535 2949 ι
1573 2899 1874 2952 Ducebatur
1900 2899 2010 2969 (29)
2046 2898 2202 2953 Jesus

628 2985 680 3037 iu
714 2987 919 3053 Spiritu
955 2990 1004 3042 in
1033 3006 1307 3044 eremum:
1335 3010 1352 3044 ι
1393 2992 1518 3060 quia
1568 2991 1728 3045 simul
1781 3008 1904 3045 cum
1937 2993 2053 3060 ipso
2082 3000 2202 3044 erat

629 3075 738 3139 κιρ,
771 3077 860 3144 qtti
898 3079 1096 3133 dicitur
1130 3082 1368 3150 Spiritus
1392 3082 1728 3152 principalis,
1757 3098 1851 3136 seu
1883 3081 2100 3146 ductor,
2140 3091 2200 3136 ut

2303 1871 2379 1933 ὡς
2411 1871 2530 1934 ἔθος
2564 1889 2644 1924 σοι
2684 1873 2937 1941 φάσκειν,
2966 1875 3046 1927 ὅτι
3092 1873 3226 1929 Θεοῦ
3259 1876 3356 1943 μὲν
3395 1876 3573 1945 ἥττων
3601 1876 3663 1943 τῇ
3695 1871 3845 1941 φύσει,

2303 1960 2552 2028 ἀγγέλων
2592 1961 2649 2014 δὲ
2698 1963 2964 2036 κρείττων
3009 1965 3175 2027 ἐστὶν,
3229 1964 3401 2035 μέσην
3432 1964 3552 2017 τινὰ
3593 1963 3739 2034 φύσιν
3772 1961 3844 2014 καὶ

2305 2050 2457 2115 τάξιν
2493 2051 2706 2122 εἰληχὸς
2737 2054 3270 2125 κεχρησμῳδηκὸτας
3304 2057 3395 2126 (τὰ
3423 2055 3530 2129 γὰρ
3564 2055 3764 2108 ἐκείνων
3785 2053 3848 2105 διτ-

2305 2144 2494 2205 καίως·
2511 2145 2900 2216 προτετίμηται
2931 2146 3084 2217 παρά
3122 2145 3198 2217 τῷ
3225 2147 3342 2217 Θεῷ
3375 2148 3483 2200 τῶν
3510 2147 3614 2200 σῶν
3642 2146 3727 2199 καὶ
3759 2143 3853 2197 τῶν.

2318 2235 2526 2306 Ἀρείου
2535 2249 2584 2305 Γ
2622 2236 2717 2289 καὶ
2746 2238 2842 2307 οὐχ
2886 2238 2961 2301 ὡς
2999 2239 3213 2292 δίδωσιν
3253 2241 3282 2292 ὁ
3320 2241 3422 2310 τῆς
3447 2239 3634 2310 τέχνης
3663 2238 3745 2291 καὶ
3767 2236 3845 2304 τῆς

2308 2327 2618 2395 σοφιστείας
2650 2326 2833 2397 νόμος,
2869 2327 2988 2393 ἐξόν
3023 2345 3124 2391 σοι,
3159 2327 3518 2399 θαρῤήσαντι,
3544 2327 3743 2394 ἀφεῖναι
3766 2341 3846 2375 κα-

2306 2421 2375 2474 τὰ
2415 2419 2510 2473 τοῦ
2547 2421 2690 2474 θείου
2721 2420 3038 2492 Πνεύματος
3070 2421 3232 2484 ἰδίους
3270 2420 3490 2487 λόγουςο
3517 2411 3576 2472 οὗ
3608 2417 3698 2489 τὴν
3726 2415 3848 2468 θείαν

2307 2512 2469 2581 φύσιν
2506 2514 2612 2566 οὐδ’
2646 2513 2712 2566 ἂν
2745 2515 2794 2567 εί
2823 2515 2947 2577 τοὺς
2975 2514 3071 2584 τῆς
3115 2513 3348 2576 διανοίας
3383 2511 3472 2584 [87
3498 2509 3552 2584 α]
3580 2507 3855 2580 ὀφθαλμοὺς-

2306 2605 2590 2668 τοσούτους
2643 2605 2738 2658 καὶ
2784 2605 3058 2668 τοιούτους
3086 2603 3249 2675 εἶχες,
3287 2606 3448 2670 ὅσους
3485 2605 3577 2658 καὶ
3599 2603 3730 2664 οἴους
3751 2599 3859 2652 E60)-

2307 2715 2404 2750 κεν
2457 2699 2490 2768 ἡ
2545 2697 2733 2769 Γραφὴ
2792 2700 2905 2760 τοῖς
2957 2697 3264 2770 χερουϐίμο
3329 2697 3600 2768 ὴδυνήθης
3651 2693 3710 2748 ἂν
3765 2689 3854 2744 κᾶν·

2305 2787 2489 2851 ποσῶς
2541 2789 2670 2856 γοῦν
2727 2789 3020 2859 θεωρῆσαι.
3059 2788 3177 2859 (τίς
3222 2789 3330 2860 γὰρ
3377 2789 3736 2860 ἐπιδράττεται
3770 2781 3852 2848 τῆς

2308 2879 2547 2948 ἀφανοῦς
2599 2881 2691 2932 καὶ
2729 2880 3012 2951 ἀχωρήτου
3053 2880 3359 2950 θεότητοςς)
3399 2881 3432 2951 ἢ
3469 2876 3749 2946 καταγνοὺς
3771 2872 3848 2940 τῆς

2309 2970 2502 3024 ἑαυτοῦ
2553 2970 2828 3036 ἀσεϐείας,
2882 2971 2916 3042 ἢ
2981 2970 3124 3024 ἑκὼν
3165 2974 3297 3043 ἡμῖν
3331 2971 3441 3025 τῶν
3474 2969 3736 3041 πρωτείων
3764 2965 3857 3030 (ir

2313 3061 2519 3116 ίστασο.

632 3171 774 3221 Deus
835 3185 956 3224 cum
1000 3172 1128 3237 Deo,
1180 3184 1232 3226 et
1285 3185 1343 3227 ut
1410 3175 1589 3228 omnia
1638 3176 1941 3239 continens,
1987 3184 2040 3228 et
2078 3175 2277 3243 ubique
2317 3190 2550 3244 praesens
2590 3190 2694 3227 una
2737 3189 2858 3229 cum
2892 3189 2980 3239 eo,
3015 3175 3066 3229 in
3119 3191 3228 3242 quo
3263 3178 3445 3231 omnia
3491 3177 3688 3231 ﬁrmata
3723 3177 3841 3231 sunt,

623 3261 830 3329 quique
864 3265 912 3316 iu
942 3266 1194 3321 omnibus
1217 3276 1319 3328 est,
1353 3278 1408 3320 et
1438 3266 1617 3320 omnia
1666 3267 1874 3334 implet.
1917 3267 2192 3334 Alioquin,
2233 3267 2277 3319 si
2308 3282 2492 3320 eorum
2526 3266 2787 3320 rationem
2843 3277 2896 3321 et
2921 3268 3179 3336 arguendi
3237 3269 3456 3322 modum
3519 3268 3840 3322 attendamus,

630 3375 699 3414 ne
735 3358 890 3412 l'ater
919 3360 1132 3428 quidem
1158 3361 1263 3415 erit
1295 3360 1564 3424 conditor,
1606 3368 1699 3414 aut
1730 3370 2066 3414 mortuorum
2089 3361 2379 3414 suscitator
2407 3377 2419 3413 :
2449 3360 2630 3413 on'mia
2677 3361 2820 3412 enim
2891 3375 2986 3429 per
3049 3358 3242 3413 Filium
3305 3360 3448 3416 facta
3496 3368 3618 3416 sunt
3661 3357 3762 3413 sine
3782 3351 3850 3406 la-

629 3452 796 3516 bure;
832 3453 983 3506 labor
1013 3453 1157 3506 enim
1190 3463 1273 3508 est
1306 3453 1516 3522 passio;
1544 3453 1722 3520 passio
1749 3468 1875 3507 vero
1902 3461 1987 3506 est
2028 3453 2108 3506 via
2135 3455 2200 3506 ad
2241 3454 2665 3520 corruptionem.
2727 3449 2850 3506 llaec
2918 3461 3098 3504 autem
3127 3451 3252 3506 dum
3285 3451 3542 3518 dicimus,
3607 3447 3846 3504 Dominum

634 3545 971 3599 incarnatnm
1023 3561 1143 3599 esse
1187 3546 1303 3600 sine
1356 3552 1574 3614 peccato
1611 3560 1678 3599 ex
1717 3555 1907 3598 natura
1954 3545 2166 3609 Adami,
2208 3545 2259 3598 id
2290 3555 2374 3599 est
2403 3560 2465 3598 ex
2502 3542 2736 3612 Virginis
2761 3554 2974 3606 natura,
3009 3553 3100 3596 aut
3155 3558 3224 3597 ex
3284 3555 3494 3608 nostra,
3532 3558 3631 3597 non
3676 3539 3848 3595 inlicia-

635 3652 788 3690 nlur:
827 3635 920 3689 sed
969 3639 1148 3700 potius
1196 3639 1296 3694 hoc
1327 3639 1729 3704 confirmamus,
1770 3656 1891 3694 cum
1960 3639 2188 3695 dicimus
2247 3656 2313 3694 ex
2353 3641 2558 3708 Spiritu
2597 3649 2786 3694 sancto
2829 3650 3142 3708 generatum
3181 3654 3338 3694 esse:
3385 3640 3655 3710 quoniam,
3698 3643 3750 3688 ut
3784 3631 3850 3684 di-

634 3739 780 3782 ctum
805 3740 908 3794 est,
948 3729 1100 3782 initio
1127 3747 1339 3801 quoque
1368 3731 1436 3796 is,
1469 3734 1558 3802 qui
1598 3742 1722 3787 ante
1768 3734 1984 3795 saacula,
2049 3742 2101 3786 et
2140 3743 2267 3787 ante
2307 3734 2562 3785 mundum
2603 3731 2924 3794 exsistebat,
2958 3730 3194 3799 Spiritus
3223 3731 3337 3796 Dei,
3368 3733 3526 3786 simul
3551 3731 3725 3786 aderat
3748 3740 3846 3780 Cum

637 3823 916 3874 conditore
975 3831 1172 3876 nostrze
1221 3833 1464 3886 natura};
1518 3840 1692 3891 neque
1737 3839 1865 3876 vero
1905 3839 2026 3878 cum
2089 3823 2204 3893 ipso
2246 3825 2432 3878 aderat
2455 3832 2709 3892 tanquam
2740 3837 2860 3876 cum
2889 3837 2975 3885 eo,
3013 3823 3105 3893 qui
3173 3825 3378 3880 auxilio
3426 3826 3699 3894 indigeret,
3777 3819 3854 3870 Sed

635 3928 760 3966 cum
791 3915 1088 3980 identitate,
1127 3926 1180 3969 et
1213 3918 1521 3985 :cqualitate
1561 3916 1715 3986 191
1750 3916 1988 3980 deitatis,
2025 3927 2073 3970 et
2117 3916 2388 3971 volitionis
2449 3916 2681 3980 aderat,
2743 3931 2808 3969 ac
2873 3916 3040 3970 veluti
3089 3917 3177 3970 lux
3217 3934 3246 3971 a
3299 3918 3420 3974 luce
3456 3935 3560 3973 non
3627 3915 3852 3983 seiuncta.

637 4005 902 4076 Autergo
941 4009 1143 4063 sanctis
1183 4010 1556 4078 adjnngere,o
1599 4009 1897 4070 Macedoni,
1955 4009 2046 4078 qui
2075 4011 2315 4063 divinum
2352 4009 2613 4078 Spiritum
2641 4021 2946 4063 creaturam
3007 4026 3111 4065 non
3176 4022 3393 4077 vocant,
3441 4014 3532 4068 sed
3575 4025 3689 4066 eum
3761 4013 3854 4073 Ρτο·

634 4100 870 4154 cessisse
895 4101 1048 4155 aiunt
1072 4118 1137 4156 cx
1180 4103 1308 4169 Deo,
1343 4113 1400 4159 ut
1430 4105 1690 4175 Spiritum
1749 4103 1865 4172 ejus
1910 4106 2208 4160 secundum
2262 4115 2543 4160 naturam:
2581 4116 2694 4166 ant.
2723 4107 2975 4174 quoniam
3012 4107 3106 4160 tibi
3172 4107 3428 4162 dictitare
3464 4121 3578 4160 mos
3642 4110 3734 4161 est.
3775 4108 3848 4147 θθε

640 4189 694 4240 in
725 4190 922 4243 divinis
954 4191 1189 4245 oraculis
1221 4193 1489 4260 docuisse,
1524 4193 1788 4262 Spiritum
1813 4203 2065 4248 sanctum
2100 4194 2209 4248 Deo
2250 4195 2465 4263 quidem
2501 4205 2691 4248 natura
2723 4195 2985 4249 minorem
3013 4211 3154 4261 esse,
3223 4197 3429 4264 angelis
3486 4204 3657 4250 autem
3709 4183 3841 4250 malo-

640 4293 778 4342 rem,
813 4283 1354 4352 praestantioremque
1375 4285 1659 4349 exsistere,
1684 4300 1746 4340 ac
1775 4285 2005 4338 mediam
2040 4285 2328 4354 quamdam
2365 4298 2635 4351 naturam,
2701 4295 2757 4340 et
2819 4287 2994 4342 locum
3058 4287 3308 4340 sortitmn
3359 4302 3512 4352 esse;
3555 4298 3608 4340 tu
3655 4284 3754 4351 ipse
3783 4271 3852 4329 vel

641 4379 787 4423 tuam
807 4372 920 4442 (50)
957 4373 1125 4441 ipsius
1147 4374 1474 4443 impietatem
1499 4376 1928 4443 condemnanda,
1949 4377 2031 4432 vel
2054 4389 2264 4445 sponte,
2296 4378 2501 4445 primas
2537 4378 2690 4432 nobis
2715 4378 2882 4432 cede:
2910 4393 3030 4446 quin
3057 4378 3200 4434 enim
3263 4381 3442 4435 sancti
3514 4377 3586 4433 illi
3649 4371 3843 4438 Scripse-

642 4471 788 4524 runt,
822 4463 945 4532 jure
984 4480 1045 4520 ac
1074 4465 1269 4521 merito
1298 4470 1436 4536 apud
1472 4467 1639 4524 Deum
1671 4469 1796 4533 tuis,
1821 4479 1876 4524 et
1909 4470 2024 4524 Arii
2053 4471 2214 4524 dictis
2253 4469 2639 4538 praeferuntur,
2672 4486 2771 4526 nec
2803 4471 2926 4524 licet
2956 4472 3072 4534 tibi,
3108 4481 3166 4525 ut
3223 4473 3553 4535 artiﬁciosae,
3617 4477 3668 4523 et
3695 4458 3851 4532 sophi-

639 4555 788 4608 SliCtl!
816 4555 1116 4625 disciplinae
1181 4557 1263 4612 lex
1295 4557 1420 4622 fert,
1467 4561 1725 4614 audacter
1749 4571 1965 4630 \contra
2009 4562 2250 4616 divinum
2294 4561 2554 4631 Spiritum
2612 4563 2845 4634 propriis
2891 4564 3229 4620 sermonibus
3294 4565 3527 4628 effutire,
3570 4560 3709 4631 cujus
3739 4548 3852 4607 ἀίνί·

643 4665 767 4704 nam
841 4664 1089 4706 naturam
1165 4669 1229 4708 ne
1273 4656 1552 4709 mininmm
1591 4657 1810 4724 quidem
1855 4658 2124 4726 inspicere
2174 4673 2380 4727 posses,
2431 4659 2531 4715 etsi
2611 4661 2806 4715 mentis
2849 4659 3036 4714 oculos
3092 4668 3272 4713 tantos
3323 4674 3390 4713 ac
3463 4657 3594 4711 tales
3627 4649 3852 4708 haberes.

642 4757 870 4815 quantos
902 4755 956 4800 et
976 4747 1165 4816 quales
1214 4749 1401 4802 tribuit
1429 4748 1710 4819 Scriptura
1733 4752 2048 4806 cberubinis
2088 4769 2103 4806 :
2145 4753 2268 4821 quis
2309 4752 2455 4806 enim
2490 4759 2496 4772 '
2527 4751 2870 4819 invisibilem,
2912 4761 2967 4806 et
3011 4748 3604 4821 incompreltensibilem
3642 4741 3851 4798 dcitalem

2251 4937 2293 4994 C

2332 4972 2449 5043 φαί.
2474 4970 2570 5026 Vel
2593 4971 2768 5039 potius
2789 4972 2930 5043 (eum
2957 4971 3095 5043 apud
3118 4971 3411 5043 scriptores
3435 4965 3634 5043 Didymi
3656 4955 3852 5043 mq'ja'ff

720 4947 830 5039 ('95)
873 4970 1126 5026 Omen/rt.
1162 4973 1346 5047 codex
1387 4983 1817 5047 proparovytone
1849 4973 2058 5045 γράφια
2111 4983 2220 5026 ιιιιιι
2251 4947 2293 4994 υ
2332 4972 2449 5047 coal.
2474 4970 2570 5026 Vel
2593 4971 2768 5039 potius
2789 4972 2930 5047 (eum
2957 4971 3095 5047 apud
3118 4971 3411 5047 scriptores
3435 4965 3634 5047 Didymi
3656 4955 3815 5047 τρειιξιξιξ

2377 5046 2544 5112 ήποτε
2587 5036 2738 5112 smper
2772 5036 2943 5094 valeat
2989 5036 3006 5090 ἆ
3040 5036 3267 5112 fortasse
3289 5047 3335 5108 ι)
3383 5036 3545 5112 ἀπερί
3573 5036 3750 5107 μήποτ’
3773 5036 3854 5078 ουκ

649 5043 769 5106 hic,
825 5054 1160 5115 tunesegm.
1204 5043 1307 5098 101)
1345 5063 1395 5096 n.
1448 5044 1555 5115 Sed
1609 5043 1822 5115 γραφία
1885 5043 2220 5115 paroxytoue

647 5128 875 5182 segmm.
893 5111 1007 5182 κίοι
1033 5117 1082 5176 b,
1118 5115 1217 5168 l08
1243 5115 1292 5176 ὁ,
1317 5125 1370 5168 et
1402 5114 1550 5168 alibi.

726 5183 839 5254 (‘24)
883 5181 946 5234 In
979 5194 1196 5237 mentem
1231 5194 1570 5238 revocassent.
1616 5185 1789 5238 Verbo
1839 5182 2223 5254 παρενθυμοῦ-

654 5253 755 5330 μαι
791 5253 1113 5330 alitennsus
1145 5263 1232 5309 est
1260 5253 1507 5330 Clemens
1535 5253 1874 5330 librqprimo
1908 5253 2221 5323 Pwdagugi,

652 5323 772 5396 {-ap.
799 5323 1031 5396 limbi,
1061 5333 1118 5376 ut
1151 5340 1295 5396 reor,
1325 5325 1465 5378 valet
1501 5341 1520 5396 ι
1551 5323 1831 5396 ιιρςίίέξο.)

726 5391 839 5461 λετ)
880 5391 1193 5448 Structurar.
1247 5394 1426 5448 Codex
1459 5413 1472 5449 :
1507 5395 1599 5446 ἐπὶ
1647 5394 1870 5465 σκευῆς.
1908 5393 2052 5464 Lego
2103 5394 2227 5446 ἐπι-

731 5482 877 5527 ευης.

654 5483 1166 5616 σκῖξέῖῖρίπζὶεεεηι.
1195 5532 1373 5616 Codex
1407 5553 1418 5588 ;
1443 5533 1590 5616 ’ἅπερ
1623 5535 1821 5606 μήποτ’
1847 5533 2076 5616 {ﬂag-avi.
2099 5535 2229 5601 ρητρ

658 5604 820 5660 let-tio
871 5605 996 5658 ferri
1053 5613 1248 5670 potest.
1298 5604 1573 5674 SuSpicari
1627 5604 1808 5658 tamen
1861 5605 1986 5658 licet
2039 5608 2230 5659 deesse

664 5675 893 5739 aliquid,
936 5685 993 5726 ut
1028 5674 1308 5741 legendum
1344 5677 1443 5740 sit,
1491 5675 1638 5728 verbi
1691 5675 1885 5739 gratia,
1928 5674 2076 5744 άπερ
2125 5675 2230 5744 μή-

666 5744 786 5802 ποτ’
817 5745 882 5799 ἂν
911 5745 1139 5814 ἔφασαν.
1175 5744 1268 5801 Vel
1296 5764 1310 5801 :
1344 5745 1485 5818 άπερ
1525 5746 1724 5818 μήποτ’
1747 5743 1954 5814 ἔφασαν
1992 5743 2053 5798 ai
2091 5743 2233 5816 Γρα-

2334 5111 2405 5166 ἂν
2435 5113 2660 5178 ἔφασαν,
2694 5111 2744 5163 id
2776 5123 2859 5164 est
2893 5129 2911 5160 ι
2939 5128 3055 5174 qua,
3087 5111 3316 5164 fortasse
3347 5128 3452 5164 non
3487 5111 3784 5178 dix'tsseut._t
3825 5161 3832 5170 _

2406 5168 2518 5254 (ᾗ)
2560 5168 2656 5254 (ίά
2696 5193 2744 5254 ΕΙ
2796 5195 2886 5244 μεν
2939 5168 3195 5245 Spiritum
3228 5193 3522 5254 _sanctur_u.
3576 5168 3855 5254 Cllltl‘tlt’S-i‘i

2335 5246 2534 5320 aliquid
2572 5251 2622 5303 in
2686 5249 2898 5320 Graeco,
2945 5266 3047 5302 non
3093 5250 3240 5317 potiti
3272 5251 3418 5320 iqnin
3464 5249 3572 5302 hzcc
3631 5246 3852 5320 Υθιζιετεξξξ

2333 5337 2402 5376 ex
2428 5313 2674 5386 ingenio.
2705 5319 2840 5372 l‘uto
2875 5331 3052 5372 tamen
3089 5313 3175 5374 me
3209 5336 3239 5371 a
3266 5313 3475 5390 Didymi
3504 5313 3749 5370 sententia
3772 5313 3854 5356 non

2337 5406 2647 5446 reressisse.

2409 5461 2523 5531 (‘28)
2561 5459 2735 5531 Quod,
2765 5458 2954 5531 Mattlt.
2984 5474 3020 5520 I,
3049 5457 3137 5511 20.

2409 5515 2522 5597 3:29,)
2567 5515 2881 5584 Ducebatur.
2916 5515 3043 5581 Luc.
3076 5543 3150 5590 tv,
3185 5529 3237 5582 l.
3267 5529 3452 5584 Grmca
3480 5523 3666 5580 editio:
3690 5515 3855 5579 Ἠγετο

2339 5605 2396 5656 ἐν
2425 5601 2500 5674 τῷ
2535 5599 2812 5674 Πνεῦματι
2841 5597 3046 5674 εἰς-τὴν
3072 5598 3295 5674 ἕρημφθ·
3545 5663 3568 5674 -
3677 5669 3688 5674 -
3752 5651 3840 5674 1-“-

2411 5653 2524 5740 (δῦ)
2569 5653 2756 5724 'I'uaiu.
2791 5653 3116 5723 l’to'éatitoﬁl
3145 5653 3324 5726 tiialim
3350 5663 3602 5722 σεαυτοῦο
3643 5669 3694 5716 et
3723 5653 3853 5708 εἴκων

2338 5761 2436 5816 pro
2475 5739 2634 5795 ἑκών.
