4082 6406
344 292 449 347 577
1367 291 1453 346 DE
1490 292 1865 348 TRINITATE
1902 294 2103 349 LIBER
2140 292 2528 352 SECUNDUS.
3484 300 3589 356 578

341 403 501 457 veluti
532 380 943 473 appreltendere
970 413 1165 475 potest,
1196 402 1525 477 et‘capere?
1569 409 1675 463 Sed
1718 410 1999 465 redeamus
2048 426 2239 469 rursus
2283 414 2352 469 ad
2422 422 2824 483 argumentum,
2900 416 3043 485 quod
3120 417 3273 470 initio
3349 422 3600 489 suscepi-

340 511 481 547 "IIIS.

406 590 479 640 A'.
536 586 680 639 Ἀλλ’
730 587 1041 658 ἐπανίωμεν
1092 588 1257 641 πάλιν
1315 590 1406 643 ἐπὶ
1456 590 1553 660 τὴν
1617 589 1677 655 ἐξ
1743 592 1906 663 ἀρχῆς

2091 589 2182 645 ιν.
2235 592 2372 659 Quia
2427 591 2756 657 sanctiﬁcat,
2803 602 2857 645 et
2903 591 3189 662 justifieat,
3248 596 3392 650 sicut
3440 610 3602 656 antea

337 678 618 742 ὑπόθεσιν,
672 679 757 749 ὃτι
814 677 1030 747 ἁγιάζει
1088 681 1181 734 καὶ⁸
1220 680 1434 747 δικαιοῖ,
1472 682 1616 736 καθὰ
1663 684 1918 755 προείποι-

340 786 459 838 μεν.

408 860 484 914 F.'.
523 860 647 913 Ὀτι
674 860 946 930 σωτηρίαν
986 860 1078 914 καὶ
1106 864 1219 925 τοῖς
1241 862 1628 933 ἀποσφαλεῖσιν
1661 867 1912 935 χορηγεῖ·

338 951 369 1004 δ
398 951 562 1023 μόνης
594 952 744 1003 ἐστὶν
770 952 867 1022 τῆς
896 957 1339 1025 παγκρατορικῆς
1371 956 1578 1021 οὐσίας.
1607 959 1768 1011 Ἀνευ
1808 958 1916 1029 γὰρ

343 1042 477 1095 Θεοῦ
514 1042 717 1110 πρᾶξαί
744 1059 798 1095 τι
827 1045 1061 1109 κτιστδν,
1089 1046 1390 1115 ἀμήχανον,

348 1220 480 1273 Οὐδ’
504 1220 659 1274 ὅσον
706 1222 1042 1291 ἀμπετάσαι
1093 1224 1420 1294 ,βλεφάρων
1475 1228 1779 1368 περιφεῖἐαλ
1813 1229 1915 1283 κύρ

1705 1316 1738 1350 κ
1784 1316 1844 1353 α.

1705 1316 1844 1353 ama.

342 1382 569 1449 Ἔλεγεν
621 1383 730 1454 γὰρ
790 1385 819 1436 ὀ
868 1383 1190 1449 Ἀπόστολος
1249 1386 1631 1459 Φιλιππησίοις
1694 1391 1870 1444 τοιάδε
1898 1409 1910 1421 ·

337 1492 355 1522 ι
392 1469 525 1527 Οἶδα
553 1474 683 1544 γὰρ,
722 1477 803 1528 ὅτι
835 1475 991 1530 τοῦτό
1026 1495 1114 1548 μοι
1144 1478 1477 1550 ἀποϐήσεται
1512 1482 1590 1545 είς
1619 1482 1910 1553 σωτηρίαν,

326 1564 415 1618 διὰ
459 1565 565 1634 τῆς
602 1566 755 1636 ὑμῶν
796 1567 1052 1637 δεήσεως,
1092 1571 1185 1622 καὶ
1222 1572 1581 1642 ἐπιχορηγίας
1618 1574 1711 1627 τοῦ
1753 1575 1915 1628 Πνεῦ-

328 1673 504 1723 ματος
564 1657 736 1725 Ἰησοῦ
787 1658 1046 1728 Χριστοῦ.
1085 1678 1103 1709 ι
1156 1659 1312 1714 Καθὰ
1359 1660 1595 1732 ὕμνηται
1648 1665 1774 1735 περ)⁸
1813 1665 1912 1737 μὲν

320 1747 421 1799 τοῦ
465 1750 682 1820 Πατρδς
723 1751 781 1802 ἐν
816 1750 1002 1820 Ὠσηέ’
1047 1770 1063 1802 t
1098 1751 1242 1824 Πλὴν
1284 1753 1418 1824 ἐμοῦ
1462 1755 1521 1807 οὐ
1559 1754 1770 1829 γνώσῃ·
1819 1758 1913 1811 καὶ

325 1837 524 1902 σώζων
566 1841 665 1892 οῦκ
699 1840 843 1892 ἔστιν
897 1841 1071 1911 πάρεξ
1117 1842 1285 1911 ἐμοῦ·
1334 1862 1353 1896 ι
1398 1846 1526 1916 περὶ
1559 1846 1615 1898 δὲ
1653 1847 1747 1899 τοῦ
1777 1847 1908 1901 Υίοῦ

2019 682 2276 741 diximus.

2090 858 2152 912 V.
2189 858 2325 924 Quia
2350 859 2575 915 salutem
2607 863 2765 916 etiam
2796 862 2883 926 iis,
2908 862 2998 932 qui
3018 873 3292 927 errarunt,
3331 864 3594 937 largitur:

2018 949 2159 1014 quod
2187 950 2353 1003 solius
2387 958 2470 1005 est
2505 952 2894 1021 omnipotentis
2950 955 3233 1019 essentiaa;
3272 955 3386 1010 fieri
3443 960 3587 1012 enim

2019 1053 2121 1091 non
2154 1050 2351 1106 potest,
2392 1050 2449 1094 ut
2479 1042 2597 1097 sine
2631 1043 2722 1099 Dei
2754 1060 2857 1113 ope
2882 1057 3130 1101 creatura
3162 1048 3436 1117 quidpiam
3455 1066 3584 1119 ope-

2018 1140 2185 1194 retur,

2089 1219 2170 1274 Ne
2199 1231 2400 1276 tantum
2426 1224 2653 1292 quidem,
2684 1235 2936 1298 quantum
2961 1238 3036 1281 est
3072 1230 3328 1298 palpebris
3377 1232 3592 1286 clausos

2727 1294 3018 1367 [oculorum
3050 1294 3193 1352 orbés
3225 1302 3336 1371 (Si)
3367 1302 3591 1372 aperire.

2015 1381 2147 1436 Nam
2197 1384 2311 1438 haec
2383 1383 2819 1454 Pliilippensibus
2884 1388 2995 1459 (3'2)
3060 1391 3195 1444 dixit
3256 1394 3583 1459 Apostolus:

2020 1489 2040 1523 ι
2088 1473 2211 1527 Scio
2235 1473 2345 1543 (55)
2373 1476 2538 1539 enim,
2578 1478 2721 1545 quod
2764 1477 2863 1531 lioc
2886 1481 3014 1533 mihi
3043 1482 3318 1550 proveniet
3348 1484 3413 1539 ad
3450 1487 3592 1541 salu—

2014 1573 2119 1618 tem
2148 1580 2242 1634 per
2271 1576 2503 1620 vestram
2530 1568 2859 1632 orationem,
2920 1581 2973 1625 et
3025 1574 3584 1635 subministrationem

2015 1655 2246 1724 Spiritus
2277 1657 2401 1712 Jesn
2448 1658 2673 1713 Christi.
2714 1679 2732 1712 ι
2764 1661 2914 1715 Sicut
2952 1664 3017 1717 tle
3047 1664 3204 1719 Patre
3254 1668 3467 1735 quidem
3520 1674 3590 1725 ab

2014 1747 2151 1802 Osee
2176 1750 2389 1818 hymnis
2411 1765 2532 1803 eum
2566 1752 2873 1807 celebrante
2922 1754 3120 1808 tlictum
3155 1766 3270 1812 est:
3306 1775 3324 1808 ‹
3375 1759 3579 1815 Praeter

2014 1853 2099 1893 me
2127 1838 2237 1907 (δι)
2268 1854 2371 1891 non
2400 1854 2711 1909 cognosces,
2744 1852 2795 1894 et
2822 1842 2911 1910 qui
2935 1844 3104 1897 salvet
3134 1862 3236 1898 non
3266 1856 3370 1912 est,
3398 1860 3593 1915 praitcr

316 1929 383 1983 ἐν
413 1932 538 1990 ταῖς
567 1929 833 1999 Πράξεσιν
859 1948 873 1962 ·
912 1949 930 1982 t
969 1931 1071 1985 Καὶ
1100 1933 1199 1987 οῦκ
1228 1933 1373 1987 ἐστιν
1403 1936 1460 1988 ἐν
1498 1935 1641 2006 ἄλλῳ
1666 1938 1839 1992 οὐδενὶ
1877 1940 1906 2010 ἡ

2015 1941 2131 1994 me;
2170 1946 2189 1979 ι
2221 1927 2289 1981 de
2319 1927 2455 1982 Filio
2483 1944 2662 1984 autem
2689 1930 2740 1983 in
2769 1931 2950 1985 Actis:
2987 1951 3005 1983 t
3054 1933 3118 1987 Et
3145 1950 3250 1989 non
3277 1946 3357 1991 est
3393 1937 3506 2007 (55)
3533 1940 3589 1993 in

319 2019 597 2089 σωτηρία.
636 2021 768 2073 Οὐδὲ
808 2020 917 2092 γὰρ
957 2021 1085 2076 ἄλλο
1116 2022 1289 2093 ὄνομά
1337 2026 1484 2079 ἐστιν
1545 2026 1650 2078 ὑπὸ
1696 2028 1786 2080 τὸν
1817 2029 1911 2080 οὑ-

318 2109 493 2180 ρανδν
534 2109 594 2162 τὸ
638 2110 916 2182 δεδομένον
967 2114 1025 2165 ἐν
1069 2112 1395 2186 ἀνθρώποις,
1443 2117 1501 2170 ὲν
1535 2109 1580 2184 ᾧ
1624 2116 1707 2169 δεῖ
1737 2117 1911 2189 σωθῆ-

311 2220 437 2254 ναι.
462 2220 481 2251 Ι

400 2293 492 2357 ς’.
531 2290 653 2343 Ὀτι
685 2291 911 2344 θανάτου
938 2293 1231 2365 ἐλευθεροῖ,
1262 2294 1357 2347 καὶ
1385 2295 1659 2368 ἁμαρτίας
1696 2313 1909 2367 συγχω-

313 2386 434 2453 ρεῖ,
467 2383 563 2436 ᾰτε
594 2382 658 2453 δὴ
681 2384 745 2437 ἐκ
773 2384 869 2455 τῆς
892 2385 1163 2457 πατρικῆς
1194 2385 1350 2456 ῥίζης
1372 2387 1557 2450 οὐσίας
1579 2388 1789 2461 καρπὸν
1820 2389 1911 2457 φέ-

315 2490 423 2545 ρον
441 2473 503 2525 τὸ
529 2473 795 2527 ἀθάνατον
822 2476 913 2528 καὶ
946 2475 1090 2530 ἵλεω.
1122 2477 1392 2547 Κτίσματι
1426 2477 1483 2530 δὲ
1514 2480 1574 2531 οὐ
1599 2479 1840 2540 δυνατὸν,
1872 2479 1905 2550 ἢ

314 2567 712 2637 ἀναμάρτητον
738 2564 894 2631 εἶναι,
921 2566 953 2637 ἢ
989 2567 1046 2620 ἓν
1075 2568 1276 2622 τούτων
1295 2570 1504 2624 οἴκοθεν
1529 2572 1771 2643 ποιῆσαι.
1800 2572 1907 2625 Οὑο

310 2656 375 2709 δὲ
437 2657 548 2729 γὰρ
592 2659 743 2712 οὐδὲν
788 2660 895 2713 τῶν
942 2660 1285 2731 πνευμάτων,
1322 2662 1396 2725 ὡς
1430 2663 1768 2735 προεδείχθη,
1811 2665 1905 2718 άν-

312 2748 675 2820 αμάρτητον·
706 2750 826 2802 οὐδὲ
853 2750 1015 2820 τάχα,
1049 2750 1169 2803 καθ’
1203 2751 1506 2824 ὑπερϐολὴν
1540 2752 1720 2821 λόγου,
1754 2755 1787 2824 ἡ
1831 2753 1905 2825 μὴ

310 2835 456 2893 οὖσα
481 2840 697 2910 λογική.
740 2842 849 2894 Καὶ
891 2841 999 2913 γάρ
1041 2844 1070 2895 ὁ
1101 2843 1326 2913 οὐρανὸς
1364 2844 1523 2908 αὐτὸς
1553 2845 1645 2897 καὶ
1678 2846 1705 2897 ὁ
1751 2844 1902 2915 ἥλιος

310 2932 458 3005 cepa;
484 2931 585 3002 τὴν
614 2931 704 2985 τοῦ
736 2931 868 2985 Θεοῦ
898 2933 1244 3004 καθαρότητα
1270 2935 1369 2987 οὐκ
1389 2935 1686 3005 ἄμεμπτοι.
1716 2937 1777 2989 Εἰ
1798 2939 1905 3008 γὰρ

314 3026 413 3079 χερὶ
442 3024 727 3092 φαίνονται
756 3024 1042 3077 ἀπόστολοί
1074 3042 1201 3078 ποτε
1227 3026 1466 3079 τοιοῦτόν
1501 3045 1552 3080 τι
1579 3028 1902 3098 πράξαντες,

316 3119 417 3171 οὐκ
450 3116 559 3187 ἰδίᾳ.
586 3117 812 3186 δυνάμει
854 3116 942 3188 [87
971 3116 1023 3190 ὑ]
1070 3118 1466 3188 περιεγένοντο,
1518 3118 1654 3172 ἀλλά
1691 3122 1755 3191 τῇ
1810 3122 1903 3175 τοῦ

320 3209 602 3270 εἰπόντος’
652 3227 670 3259 ι
724 3208 811 3261 Ἐν
855 3206 932 3278 τῷ
971 3208 1087 3279 ἐμῷ
1141 3208 1361 3279 ὀνόματι
1426 3208 1647 3279 μείζονα
1698 3210 1904 3263 τούτων

326 3300 575 3369 ποιήσετε
601 3316 616 3331 ο
658 3317 677 3350 ›
709 3300 802 3352 καὶ
828 3301 893 3368 τῇ
930 3297 1023 3351 τοῦ
1060 3298 1377 3368 Πνεῦματος
1401 3299 1494 3352 τοῦ
1532 3300 1763 3372 Πατρὸς,
1805 3300 1899 3354 τοῦ

329 3388 653 3459 λαλήσαντος
674 3391 731 3441 ἐν
764 3390 966 3451 αὐτοῖς,
1000 3390 1143 3443 καθᾶ
1176 3390 1479 3459 Ῥωμαίους
1508 3390 1719 3455 Παῦλος
1756 3391 1909 3445 διδά-

335 3497 454 3533 σκει
474 3498 486 3510 ·
506 3499 523 3532 ι
542 3480 903 3553 ’0,γάρνόμος
926 3480 1019 3533 τοῦ
1048 3479 1187 3533 lived
1196 3498 1382 3551 ματος,
1409 3483 1466 3534 ἐν
1486 3482 1706 3556 Χριστῷ
1731 3484 1907 3554 Ἰησοῦ

330 3573 693 3643 ἠλευθέρωσέν
729 3590 795 3644 με
829 3574 935 3627 ἁπὸ
956 3572 1051 3626 τοῦ
1077 3573 1239 3643 νόμου
1264 3574 1364 3645 τῆς
1393 3573 1669 3646 ἁμαρτίας
1693 3574 1906 3629 καὶτοῦ

326 3666 575 3720 θανάτου.
596 3686 612 3717 ι
637 3666 748 3720 Καὶ
768 3668 795 3720 ὁ
818 3665 1092 3738 Δεσπότης
1111 3667 1168 3720 δὲ
1198 3668 1325 3740 παρ’
1360 3668 1603 3739 Ἰωάννῃ,
1627 3668 1909 3731 ἀποδιδοὺς

318 3756 452 3826 ἡμῖν
471 3757 530 3809 τὸ
557 3757 712 3824 ἆγιον
736 3756 980 3828 Πνεῦμα,
1000 3756 1029 3808 ὂ
1054 3758 1416 3821 ἀπολέσαντες
1434 3754 1573 3830 ἦμεν
1585 3758 1671 3812 διὰ
1690 3759 1786 3829 τῆς
1812 3760 1908 3830 ἁρ-

314 3849 479 3918 χαίας
496 3849 1142 3920 παρακοῆς,ἐνεφύσησεν
1154 3851 1234 3914 είς
1249 3850 1316 3903 τὰ
1338 3850 1604 3923 πρόσωπα
1613 3850 1721 3903 τῶν
1735 3852 1909 3923 μαθη-

311 3940 444 4003 τῶν,
463 3940 560 3993 καὶ
572 3936 741 3993 εἶπεν·
767 3941 1003 3994 «Λάϐετε
1025 3941 1249 4013 Πνεῦμα
1265 3941 1439 4009 άγιον.
1460 3942 1558 3993 "Av
1582 3958 1744 3994 τινων
1767 3942 1907 4012 ἀφῆ-

310 4050 367 4085 τε
396 4033 503 4095 τὰς
521 4033 816 4103 ἁμαρτίας,
835 4032 1114 4101 agimur
1155 4033 1220 4087 ἄν
1244 4049 1403 4084 τινων
1424 4031 1680 4102 κρατῆτε,
1704 4032 1906 4103 κεκρά-

308 4137 528 4192 τηνται.
542 4141 562 4173 ι
591 4120 852 4175 Ἐνταῦθα
870 4120 1120 4174 τοσοῦτον
1136 4122 1231 4175 τοῦ
1245 4122 1570 4191 ἀειμνήστου
1592 4120 1731 4174 Πνεύ
1739 4138 1905 4192 ματος

310 4214 371 4267 τὸ
397 4212 777 4278 αὐτεξούσιον,
799 4214 881 4266 ὅτι
902 4212 1064 4276 αὐτός
1087 4230 1146 4265 τε
1172 4212 1237 4265 δι’
1268 4210 1456 4265 ἐαυτοῦ
1479 4212 1751 4283 ἁμαρτίας
1770 4228 1902 4279 συγ-

310 4311 509 4380 χωρεῖ,
528 4306 623 4359 καὶ
653 4308 709 4359 ἐν
738 4306 816 4376 τῷ
833 4306 1053 4377 ὀνόματι
1066 4307 1160 4359 καὶ
1178 4309 1243 4377 τῇ
1261 4304 1487 4374 δυνάμει
1504 4302 1691 4367 αὐτοῦ,
1706 4305 1753 4355 οἱ
1770 4303 1903 4356 ἀπό·

312 4399 519 4459 στολοι,
550 4397 643 4449 καὶ
668 4396 867 4459 πάντες
890 4398 938 4449 οἱ
958 4396 1299 4459 πιστεύοντες
1331 4393 1702 4465 αὑτῷ.άφεσιν
1722 4394 1903 4464 ἁμαρ-

308 4492 451 4545 τιῶν
483 4491 833 4561 παρέχουσιν.
865 4492 988 4544 Ὅτι
1033 4490 1089 4543 δὲ
1127 4488 1263 4543 Θεοῦ
1298 4489 1459 4558 μόνου
1497 4488 1558 4540 τὸ
1593 4486 1900 4541 ἱλάσκεσθαι

307 4580 746 4653 ἁμαρτάνουσιν,
803 4580 1001 4645 ἔνδοξοι
1054 4578 1188 4633 Θεοῦ
1259 4580 1445 4649 ῥήσεις
1505 4578 1895 4649 σημαίνουσιν·
1933 4610 1977 4665 D

314 4691 332 4725 ι
367 4670 525 4740 Ἐγὼ
561 4690 581 4723 ι
608 4670 737 4743 γάρ,
773 4674 959 4743 φησὶν,
993 4690 1012 4724 t
1048 4670 1163 4741 εἰμὶ
1194 4671 1224 4723 ὁ
1246 4667 1544 4737 ἐξαλείφων
1588 4666 1686 4732 τὰς
1720 4668 1901 4739 ἀμαρ-

378 4852 508 4925 (3l)
551 4851 735 4925 orbes.
767 4850 905 4925 _Pro
978 4849 1155 4925 κύκλα
1213 4847 1498 4925 legendum
1562 4847 1888 4925 gonjicerem

312 4917 625 4997 xdi1,'n_isi
659 4921 833 4976 κύκλα
881 4937 984 4997 non
1024 4922 1179 4997 modo
1226 4917 1512 4997 Dionysius
1561 4917 1887 4997 Periegetes,

315 4997 409 5049 sed
448 5004 508 5048 et
559 4992 823 5046 Hmnerus
871 4992 1093 5045 dixisset
1127 4990 1178 5043 in
1232 4989 1668 5043 duodevicesimo
1694 4988 1893 5042 Iliadis

315 5064 453 5118 libro
483 5078 641 5116 versu
665 5062 791 5123 575,
814 5064 904 5129 qui
931 5070 1016 5115 est
1051 5059 1396 5129 huiusmodi:

312 5136 559 5201 Χρύσεα
614 5131 682 5185 δέ
738 5118 846 5199 σέρξ
894 5132 1013 5184 ὑπὸ
1073 5118 1271 5183 κῦκλα
1338 5118 1571 5194 suam.
1593 5125 1891 5268 [Ofitzrﬂért

1696 5213 1819 5249 κεν.

318 5270 796 5357 Sie_enimnpl_ures
823 5273 1005 5357 legunt
1018 5268 1463 5357 ‘prgﬁ‘ttéiu‘xlq.
1514 5339 1573 5357 γ’,
1593 5214 1690 5357 “in

384 5342 503 5415 (32)
546 5339 987 5415 Pliilippensitius.
1016 5339 1196 5415 Codex
1222 5357 1235 5393 :
1268 5339 1658 5401 Φιλιππισίοις.

548 5410 699 5491 :Scio.
725 5410 962 5491 Philipp.
994 5427 1032 5475 ι,
1062 5410 1149 5465 19.
1185 5481 1214 5491 u
1262 5480 1297 5491 η
1428 5479 1440 5491 _
1489 5489 1497 5491 ξ
1589 5480 1620 5491 υ
1652 5478 1666 5491 θ

393 5426 512 5483 (55)
552 5426 699 5468 δειο.
732 5426 962 5536 Ριιιιιιίρ.
994 5427 1032 5475 ι,
1062 5426 1149 5465 ιν.
1609 5480 1620 5491 ·
1652 5478 1666 5491 .

357 5485 524 5570 ιδι).
541 5483 745 5570 Praei".
769 5499 903 5570 πίεν.
931 5496 1025 5570 sse
1045 5478 1891 5570 {5'}:5:09???”‘a‘f9_'_“°ﬁ.”€'i‘f

318 5550 455 5625 πλὴν
483 5550 642 5623 ’ἐμοῦ
690 5554 754 5606 οὐ
804 5551 1009 5623 γνώσῃ.
1065 5551 1259 5605 Vocem
1323 5566 1447 5604 vero
1500 5550 1649 5613 Θεόν,
1704 5550 1756 5601 id
1808 5558 1893 5605 est

325 5640 342 5671 ε
373 5624 622 5687 Deum,»
672 5624 884 5678 videtur
933 5622 1021 5675 hic
1078 5622 1330 5675 omisisse
1375 5620 1627 5674 librarius
1677 5627 1885 5673 noster.

322 5691 490 5763 Egiitio
527 5692 1001 5748 Francufurtensis
1031 5691 1191 5763 paulo
1218 5692 1417 5760 .aliter,
1470 5703 1704 5761 nempe:
1755 5687 1887 5754 Θεὸς

324 5759 458 5832 πλὴν
487 5764 623 5834 ἐμοῦ
652 5763 753 5818 οὐκ
784 5764 921 5817 ἔστι.

2012 2016 2118 2072 υΙΙο
2141 2018 2247 2072 alio
2274 2019 2454 2073 salus:
2495 2035 2592 2073 nec
2614 2021 2755 2073 enim
2783 2021 2927 2075 aliud
2963 2038 3154 2078 nomen
3188 2037 3269 2079 est
3310 2026 3411 2080 sub
3449 2030 3591 2084 caelo

2012 2110 2193 2164 datum
2230 2109 2282 2163 in
2314 2109 2643 2176 hominibus,
2676 2111 2726 2165 in
2754 2127 2860 2180 quo
2908 2123 3155 2182 oporteat
3186 2116 3405 2172 salvari.
3454 2137 3473 2170 ι

2080 2282 2168 2337 Vl.
2200 2283 2335 2349 Quia
2363 2301 2391 2339 a
2432 2294 2606 2341 morte
2633 2287 2846 2352 liberat,
2885 2299 2939 2344 et
2979 2299 3199 2358 peccata
3235 2292 3476 2362 dimittit,
3503 2307 3591 2351 nt-

2008 2382 2132 2440 pote
2155 2372 2200 2427 is
2224 2388 2415 2443 nempe
2440 2375 2532 2444 qui
2560 2391 2623 2429 ex
2652 2388 2888 2445 paterna:
2920 2381 3170 2436 essentia:
3221 2384 3401 2438 radice
3443 2385 3584 2440 hunc

2010 2462 2174 2518 veluti
2206 2462 2440 2519 fructum
2492 2465 2676 2531 refert,
2739 2467 2897 2537 192
2930 2480 2987 2523 ut
3035 2470 3106 2524 sit
3140 2471 3491 2540 immortalis,
3529 2484 3588 2530 et

2009 2556 2275 2625 propitius
2306 2556 2441 2626 ('56).
2470 2555 2730 2611 Creatura
2757 2574 2882 2613 vero
2907 2576 3009 2615 non
3055 2571 3229 2632 potest
3254 2575 3347 2620 aut
3378 2568 3584 2638 impec-

2008 2646 2198 2702 cabilis
2224 2664 2365 2713 esse,
2400 2659 2493 2703 aut
2522 2650 2816 2719 quidquam
2848 2651 3067 2719 horum,
3093 2671 3215 2726 qua:
3244 2658 3456 2725 dixi,de
3482 2675 3586 2716 suo

2012 2739 2355 2793 faceremaut
2376 2755 2442 2795 ne
2464 2741 2750 2809 spirituum
2774 2743 2990 2812 quidem
3020 2745 3178 2811 ullus,
3204 2756 3260 2800 ut
3290 2758 3443 2804 antea
3468 2752 3585 2823 (57)

2006 2840 2275 2886 ostensum
2308 2831 2445 2899 fuit,
2497 2844 2581 2889 est
2632 2835 3026 2905 impeccabilis;
3066 2839 3216 2906 imo,
3266 2849 3324 2896 ut
3378 2844 3575 2914 hyper-

2006 2921 2127 2975 bole
2195 2923 2463 2978 sermonis
2542 2933 2697 2989 utar,
2755 2940 2822 2980 ne
2894 2927 3003 2982 ulla
3075 2932 3292 3000 quidem
3353 2932 3584 2990 fortasse

2006 3027 2255 3069 creatura
2287 3014 2400 3087 (38)
2454 3016 2827 3074 irrationalis:
2885 3036 3006 3074 nam
3052 3023 3249 3078 ctelum
3287 3025 3483 3094 ipsum,
3526 3037 3586 3082 et

2005 3106 2106 3171 sol,
2146 3108 2189 3161 si
2220 3123 2341 3161 cum
2386 3107 2477 3162 Dei
2513 3109 2747 3177 puritate
2782 3112 3156 3178 conferantur,
3194 3116 3584 3184 irrepreliensi-

2008 3198 2140 3252 biles
2170 3214 2275 3253 non
2308 3210 2458 3253 sunt.
2491 3199 2599 3254 Etsi
2646 3216 2809 3269 porro
2856 3204 3126 3273 apostolos
3168 3206 3437 3261 interdum
3480 3209 3585 3264 tale

2015 3290 2217 3360 aliquid
2256 3289 2449 3346 fecisse
2475 3301 2706 3355 constet,
2748 3309 2853 3347 non
2885 3296 3097 3363 prepria
3138 3305 3316 3351 tamen
3378 3298 3586 3355 virtute

2014 3382 2230 3437 fuerunt
2251 3384 2440 3438 mortis
2461 3383 2712 3448 victores,
2748 3396 2842 3441 aut
2876 3389 3101 3455 peccati,
3158 3391 3251 3444 sed
3289 3391 3491 3447 virtute
3515 3393 3583 3447 il-

2016 3475 2138 3540 lius,
2173 3474 2262 3543 qui
2294 3475 2449 3539 dixit,
2486 3492 2504 3525 t
2543 3473 2596 3527 ln
2630 3476 2848 3530 nomine
2874 3478 2987 3546 ('59)
3011 3494 3129 3533 meo
3152 3482 3354 3548 majora
3391 3483 3473 3537 liis
3504 3484 3585 3537 fa-

2013 3568 2231 3630 cietis,»
2268 3577 2322 3621 et
2347 3566 2543 3620 virtute
2574 3567 2807 3635 Spiritus
2839 3566 3037 3632 Patris,
3068 3572 3157 3641 qui
3192 3572 3243 3627 in
3269 3576 3349 3628 eis
3372 3573 3584 3631 locutus

2013 3667 2115 3722 est,
2147 3658 2289 3712 sicut
2324 3658 2600 3711 Romanos
2632 3658 2786 3712 docet
2805 3658 3038 3714 Paulus:
3075 3679 3093 3713 t
3134 3661 3243 3716 Lex
3276 3667 3417 3718 enim
3467 3666 3584 3738 (ω)

2014 3749 2248 3819 Spiritus
2281 3747 2467 3819 (41)in
2518 3748 2735 3803 Christo
2779 3747 2904 3804 Jesu
2954 3751 3201 3807 liberavit
3259 3770 3345 3809 me
3389 3771 3419 3810 a
3464 3757 3585 3827 lege

2010 3839 2221 3911 peccati
2272 3852 2326 3894 et
2380 3840 2591 3894 mortis.
2652 3858 2672 3892 ι
2726 3841 2804 3895 Ac
2852 3842 3111 3897 Dominus
3182 3860 3394 3915 quoque
3440 3853 3579 3917 apud

2010 3931 2271 3987 Joannem
2303 3931 2531 3985 reddens
2579 3930 2734 3986 nobis
2789 3930 3046 4001 Spiritum
3099 3946 3369 4002 sanctmn,
3417 3956 3580 4009 quem

2011 4024 2364 4077 amiseramus
2382 4034 2477 4090 per
2492 4031 2725 4076 veterem
2749 4021 3187 4090 inobedieutiam,
3212 4027 3490 4084 insutllaus
3524 4032 3580 4086 in

2012 4114 2175 4169 facies
2196 4112 2578 4181 discipulorum
2602 4114 2713 4166 ait:
2743 4131 2761 4164 ι
2786 4115 3026 4183 Accipite
3043 4115 3152 4186 (42)
3175 4116 3432 4187 Spiritum
3448 4137 3581 4175 san-

2010 4216 2183 4262 ctum:
2219 4218 2445 4273 quorum
2464 4203 2777 4258 dimiseritis
2799 4215 3042 4274 peccata,
3072 4207 3414 4263 dimittuntur
3437 4210 3575 4281 (45);

2009 4312 2235 4367 quorum
2310 4294 2658 4361 retinueritis,
2711 4305 2914 4351 retenta
2958 4304 3141 4353 sunt.»
3181 4296 3313 4353 Tam
3383 4315 3579 4369 magna

2011 4390 2173 4450 illius,
2207 4386 2297 4457 qui
2335 4402 2457 4440 cum
2492 4385 2652 4439 laude
2681 4401 2894 4456 semper
2915 4390 3422 4445 commemorandns
3461 4403 3571 4455 est,

2009 4480 2243 4549 Spiritus
2265 4479 2481 4547 propria
2509 4487 2745 4547 potestas
2773 4478 2874 4533 hoc
2905 4479 2956 4532 in
2990 4479 3110 4534 loco
3139 4480 3427 4545 indicatur,
3450 4485 3574 4551 quia

2006 4582 2059 4627 et
2086 4572 2199 4641 ipse
2230 4584 2324 4639 per
2352 4583 2411 4624 se
2446 4568 2621 4637 ipsum
2646 4580 2863 4636 peccata
2890 4570 3177 4636 condonat,
3223 4582 3278 4627 et
3326 4573 3377 4626 in
3435 4573 3576 4630 illius

2006 4661 2242 4725 nomine,
2290 4674 2355 4715 ac
2377 4660 2576 4714 virtute
2613 4670 2721 4714 tum
2754 4661 3004 4728 apostoli,
3066 4671 3175 4715 tutu
3217 4677 3429 4735 omnes,
3480 4667 3576 4735 qui

2071 4841 2186 4915 (55)
2232 4843 2300 4915 [Et
2334 4856 2435 4915 non
2470 4842 2717 4915 est._A_ct.
2746 4856 2820 4905 iv,
2848 4841 2935 4915 l2.

2092 4911 2182 4977 36)
2225 4911 2518 4977 Propitius.
2555 4912 2683 4965 Vide
2712 4921 2821 4965 not.
2856 4912 2947 4976 44,
2975 4926 3095 4983 pag.
3122 4911 3212 4967 8|.

2091 4987 2182 5047 57)
2222 4986 2410 5036 Antea.
2453 4983 2582 5045 Cap.
2611 4983 3088 5049 snperioregsegm.
3111 4983 3182 5035 70
3205 4983 3258 5036 b.

2067 5049 2176 5125 ('58)
2216 5054 2494 5109 Creatura.
2541 5049 2599 5106 lu
2646 5050 2833 5106 Grzreo
2879 5054 3111 5107 fortasse
3155 5052 3397 5107 addenda
3441 5065 3574 5118 vox,

1997 5126 2193 5265 “iis?
2221 5193 2289 5248 In
2348 5195 2575 5252 nomine.
2624 5188 2782 5248 Joan.
2823 5206 2939 5260 xw,
2983 5191 3074 5245 12.
3119 5188 3349 5245 Sensum
3395 5189 3567 5255 citat,

1997 5281 2101 5321 non
2139 5266 2326 5320 verba.

2068 5335 2181 5408 (40)
2222 5336 2330 5408 ges:
2357 5332 2708 5408 renimaRom.
2740 5332 2935 5408 vntt,_2.

2065 5400 2179 5473 (4|)
2220 5404 2473 5474 Spiritus.
2508 5404 2695 5474 Graeca
2746 5404 2949 5467 editio,
2995 5411 3050 5457 et
3084 5400 3242 5466 Vulg.
3280 5400 3573 5474 translatio

1999 5472 2224 5538 addunt,
2261 5472 2364 5544 τῆς
2394 5474 2563 5543 ζωῆς,
2599 5472 2767 5544 itlucst
2804 5491 2822 5523 ι
2858 5476 2995 5527 vitae.
3021 5492 3040 5524 ο
3082 5474 3197 5539 Quo
3240 5474 3397 5527 modo
3436 5472 3571 5541 legit

1998 5545 2114 5614 ipse
2151 5540 2404 5613 Didymus
2432 5540 2599 5614 segni.
2631 5540 2700 5594 ‘28
2724 5558 2776 5594 a.

2090 5614 2180 5679 42)
2222 5611 2471 5681 Accipite.
2499 5611 2652 5665 Joan.
2683 5626 2775 5676 xx,
2803 5611 2873 5666 2?.
2900 5621 2955 5666 et
2977 5611 3070 5681 25.

2090 5616 2180 5679 42)
2222 5616 2471 5681 Accipite.
2499 5616 2652 5665 Joan.
2683 5626 2775 5676 xx,
2803 5616 2873 5666 2'2
2900 5621 2955 5666 et
2977 5616 3070 5667 25.

2068 5616 2183 5755 i425)
2227 5682 2595 5755 Dimittuntur.
2626 5680 2801 5739 Graec.
2827 5683 2916 5740 ed.
2945 5692 3001 5739 et
3033 5680 3185 5753 Vulg.
3222 5681 3321 5738 int.
3363 5678 3565 5737 addunt

1996 5752 2201 5825 αὐτοῖς,
2236 5753 2288 5810 id
2317 5764 2402 5812 est
2436 5770 2457 5805 ι
2484 5752 2585 5809 eis.
2607 5769 2627 5804 ι
