4082 6406
588 306 690 362 579

1829 301 2064 356 DlDYMl
2105 299 2573 356 ALEXANDRINI

3720 303 3814 356 580

597 423 646 477 ei
670 418 894 474 credunt
914 419 1044 489 (44),
1066 417 1436 471 remissionem
1469 424 1813 486 peccatorum
1848 417 2151 471 conferunt.

2263 416 2385 478 τίας
2420 433 2512 468 σου
2534 432 2548 446 ο
2587 436 2606 468 ι
2643 417 2758 480 καὶ,
2792 434 2808 467 ι
2854 414 2979 468 Ἐὰν
3013 407 3145 467 ὦσιν
3183 413 3238 466 αἱ
3278 411 3540 482 ἁμαρτίαι
3574 411 3718 482 ὑμῶν
3753 415 3820 477 ὼς

585 514 738 578 Quod
772 519 948 564 autem
978 508 1145 563 solius
1183 509 1274 562 Dei
1305 509 1580 576 proprium
1614 506 1683 561 sit
1717 506 2006 575 propitium
2037 521 2158 561 esse

583 591 689 669 his,
719 601 808 669 qui
841 598 1203 667 peccaverint,
1243 600 1427 666 eisque
1469 603 1689 664 peccata
1734 594 2026 661 dimittere,
2071 593 2156 649 in-

585 692 724 763 clyta
752 691 840 745 Dci
860 689 1078 744 oracula
1102 687 1427 757 significant.
1466 706 1485 738 ι
1525 687 1634 754 Ego
1668 704 1686 737 ›
1715 686 1828 756 (45)
1861 686 2027 750 enim,
2075 686 2159 740 in-

582 786 719 852 quit,
747 801 765 832 ‹
799 796 916 837 sum
934 781 1024 849 qui
1048 780 1197 834 deleo
1223 789 1438 846 peccata
1461 787 1584 843 tua;
1616 796 1633 828 ι
1666 788 1755 832 et:
1781 795 1799 829 ι
1821 775 1876 831 Si
1903 779 2014 832 sint
2047 777 2156 848 (46)

584 885 809 942 peccata
842 883 1022 925 vestra
1071 880 1127 923 ut
1161 868 1472 938 pruniceum,
1507 876 1760 936 tanquam
1785 869 1976 934 (nivem
2016 867 2162 920 deal—

2266 507 2563 575 φοινικοῦν,
2595 507 2670 570 ὡς
2695 507 2848 578 χιόνα
2869 506 3114 560 λευκανῶ
3139 522 3152 535 ο
3193 503 3288 556 ὲὰν
3315 503 3369 554 δὲ
3391 497 3522 556 ὦσιν
3555 503 3627 566 ὡς
3654 504 3823 557 κόκκι-

2265 613 2376 659 νον,
2411 597 2542 649 ὠσεὶ
2564 597 2707 667 ἔριον
2735 596 2998 650 λευκανῶ.
3038 616 3057 648 ι
3097 594 3207 647 Καὶ
3229 594 3258 646 6
3285 593 3476 664 Σωτὴρ
3497 592 3571 657 δὲ,
3598 593 3670 655 ὠς
3701 594 3823 656 Παῖς

2265 685 2422 751 Θεοῦ,
2448 685 2526 756 τῷ
2552 685 2844 756 παραλύτῳ
2881 683 2982 754 ἕιεη
3010 701 3022 713 ο
3065 702 3081 733 ι
3115 681 3336 744 Τέκνον,
3353 679 3623 748 ἀφέωνταί
3663 695 3740 730 σοι
3773 681 3822 731 ai

2266 778 2530 848 ἁμαρτίαι
2553 793 2566 807 ⁶
2612 796 2630 828 ι
2660 776 2773 839 καὶ,
2811 797 2829 828 ι
2868 777 2971 829 Ἴδε
2997 777 3025 828 6
3065 772 3262 844 Ἀμνὸς
3296 770 3389 824 τοῦ
3425 769 3580 836 Θεοῦ,
3619 771 3646 823 6
3672 768 3824 840 αἴρων

2263 868 2362 932 τὰς
2387 868 2661 939 ἁμαρτίας
2687 867 2780 920 τοῦ
2804 868 3028 938 κόσμου.
3065 884 3084 918 ι

581 969 756 1024 babo;
813 964 856 1018 si
927 973 1101 1015 autem
1153 962 1264 1013 sint
1322 968 1379 1012 nt
1419 960 1717 1023 coccinum,
1774 958 1912 1011 sicut
1971 957 2144 1012 lanam
2185 959 2301 1011 alba
2334 963 2571 1014 reddam.
2606 960 2899 1014 iSalvator
2923 973 3069 1021 vero,
3108 967 3166 1010 ut
3226 953 3318 1009 Dei
3381 953 3575 1016 Filius,
3621 951 3819 1021 paraly-

585 1061 691 1114 tico
721 1057 832 1125 (57)
861 1057 1026 1109 dixit:
1065 1072 1082 1104 ι
1121 1051 1221 1105 Fili
1251 1051 1383 1118 (48),
1416 1051 1759 1104 dimittuntur
1783 1051 1877 1104 tibi
1909 1060 2158 1120 peccata;
2190 1071 2208 1103 ι
2237 1063 2318 1108 et:
2360 1072 2379 1104 ι
2411 1054 2546 1105 Ecce
2570 1051 2679 1122 (d9)
2717 1056 2902 1120 Agnus
2927 1050 3048 1116 Dei,
3073 1048 3162 1114 qui
3190 1046 3328 1100 tollit
3354 1054 3569 1112 peccata
3591 1040 3815 1095 mundi.»

658 1149 813 1218 193
851 1146 964 1200 V'll.
1001 1145 1137 1211 Quia
1169 1158 1270 1194 nua
1300 1157 1420 1194 cum
1479 1156 1581 1194 non
1639 1140 1841 1210 indigo,
1888 1152 1943 1194 et
1975 1157 2156 1196 rerum

587 1243 825 1294 omnium
860 1239 1043 1290 datore
1081 1235 1186 1288 Deo
1211 1233 1393 1295 Patre,
1421 1240 1473 1284 et
1498 1231 1634 1285 Filio
1671 1232 1790 1300 ejus
1822 1242 2080 1301 Operatur
2101 1242 2159 1287 ut

587 1330 826 1401 Spiritus
861 1327 1058 1390 Patris,
1084 1335 1137 1379 et
1171 1326 1327 1379 simul
1356 1339 1479 1377 cum
1535 1338 1600 1378 eo
1637 1322 1861 1392 largitur
1895 1324 2006 1396 (50)
2038 1340 2158 1380 om-

589 1424 676 1478 nia
710 1421 982 1483 omnibus,
1011 1434 1114 1471 non
1161 1417 1214 1468 itt
1265 1416 1559 1468 crastinam
1595 1416 1732 1467 diem
1768 1413 2040 1483 differens,
2076 1425 2160 1468 ut-

588 1527 715 1586 p0te
754 1514 844 1581 qui
885 1511 1124 1576 ejusdem
1156 1518 1260 1573 est,
1307 1518 1364 1561 et
1418 1507 1704 1561 concordis
1732 1506 2038 1571 sententia',
2078 1508 2161 1561 in-

587 1617 824 1660 creatam
881 1605 1084 1658 habens
1143 1599 1548 1662 exsistentiam,
1599 1607 1652 1651 et
1679 1613 1781 1650 una
1841 1613 1963 1651 cum
2002 1597 2166 1652 Patre

584 1712 838 1766 regnans,
874 1706 931 1748 ut
961 1695 1258 1756 iucreatus,
1289 1702 1342 1746 et
1372 1693 1610 1761 ejusdem
1656 1705 1777 1742 cum
1816 1689 1930 1752 illo,
1959 1704 2021 1742 ex
2049 1704 2155 1758 quo

585 1788 664 1842 sic
695 1786 894 1854 prodiit
925 1795 981 1838 ct
1017 1800 1119 1838 una
1151 1799 1274 1837 cum
1312 1783 1429 1851 ipso
1469 1782 1535 1834 ab
1574 1791 1776 1835 aeterno
1829 1780 2152 1844 substiterit,

586 1877 810 1932 deitatis
843 1876 1132 1930 exsistens.
1163 1873 1228 1926 Et
1262 1873 1386 1944 quia
1416 1871 1940 1926 Cbristnsinfinitam
1973 1884 2160 1925 aucto-

583 1972 820 2034 ritatem,
858 1985 921 2022 ac
951 1966 1244 2036 potentiam
1282 1963 1506 2029 habens,
1538 1979 1659 2016 cum
1689 1962 1888 2016 virtute
1919 1961 2155 2031 ejusdem

585 2059 953 2132 augustissimi
984 2057 1220 2126 Spiritus
1245 2056 1418 2122 signa,
1445 2063 1498 2107 et
1530 2052 1769 2122 prodigia
1805 2052 1952 2115 fecit,
1977 2061 2031 2106 et
2054 2052 2160 2106 dae-

586 2167 774 2207 mones
826 2151 1008 2220 ejecit,
1071 2160 1125 2200 ut
1187 2146 1557 2215 hierophantaa
1606 2145 1776 2198 nostri
1812 2153 2155 2197 enarrarunt.

583 2244 837 2298 Michaas
880 2242 1127 2310 quidem:
1149 2255 1168 2288 ι
1193 2237 1313 2291 llaec
1341 2236 1473 2306 (5|),
1500 2254 1517 2288 ι
1548 2235 1744 2303 inquit,
1775 2252 1794 2285 ι
1825 2235 1955 2288 dicit
1978 2232 2160 2287 Domi-

584 2351 700 2390 nus.
717 2349 880 2403 super
905 2332 1214 2402 prophetas,
1241 2329 1328 2397 qni
1353 2327 1618 2382 seducunt
1639 2325 1894 2395 populum
1920 2340 2152 2378 meum.)

583 2426 650 2481 Et
683 2433 801 2496 post
819 2440 987 2494 pauca
1015 2423 1197 2477 subdit
1225 2440 1241 2478 :
1270 2440 1288 2472 ι
1319 2421 1452 2486 Quia
1481 2419 1592 2490 (52)
1616 2433 1720 2472 non
1752 2419 1962 2484 eritqui
1990 2432 2157 2472 exau-

583 2518 693 2571 diat
723 2518 868 2585 ipsos
901 2531 915 2567 :
954 2515 1057 2568 nisi
1085 2528 1186 2583 ego
1214 2511 1450 2581 implebo
1498 2509 1865 2563 fortitudinem
1904 2512 1957 2561 in
1988 2507 2162 2575 Spiri-

585 2618 642 2663 tu
673 2607 908 2671 Domini,
947 2615 1000 2660 et
1022 2604 1232 2673 judicii,
1269 2613 1325 2658 et
1364 2601 1774 2657 dominationis.
1799 2620 1818 2653 ›
1852 2601 1939 2653 Ait
1973 2615 2157 2670 porro,

583 2699 867 2753 Dominum
904 2696 1274 2772 fortitudinem
1302 2695 1481 2748 facere
1513 2693 1568 2747 in
1591 2691 1795 2762 Spiritu
1817 2691 2051 2756 Domini,
2105 2701 2162 2746 nt

581 2790 744 2846 simul
773 2800 828 2842 et
857 2788 1176 2842 Trinitatem
1214 2787 1470 2848 declaret,
1511 2793 1568 2838 et
1600 2794 1805 2836 naturae
1832 2782 2005 2851 ipsius
2049 2783 2160 2837 vel-

583 2880 1096 2949 uticoiligationem.
1123 2877 1440 2931 Subindicat
1483 2886 1663 2929 autem
1704 2875 1967 2945 judicium
2008 2874 2158 2940 illud,

2330 1148 2403 1199 Z'.
2437 1145 2560 1196 Ὅτι
2593 1143 2670 1213 τῷ
2698 1143 3003 1214 ἁπροσδεεῖ,
3034 1140 3128 1193 καὶ
3161 1137 3460 1209 παντοδότῃ
3492 1133 3608 1204 Θεῷ
3644 1135 3818 1205 Πατρὶ,

2261 1239 2355 1291 καὶ
2399 1236 2475 1306 τῷ
2505 1238 2618 1307 Υίῷ
2658 1235 2820 1290 αὐτοῦ
2851 1235 3120 1304 συνεργεῖ,
3146 1233 3242 1284 καὶ
3281 1228 3621 1300 συμπαρέχει
3661 1227 3818 1279 πάντα

2263 1331 2449 1391 πᾶσιν,
2491 1328 2591 1380 οὐκ
2641 1329 2721 1391 είς
2765 1325 2952 1398 αῦριον
2985 1323 3437 1392 ἀναϐαλλόμενον,
3480 1321 3574 1374 ἁτε
3614 1319 3674 1390 δὴ
3710 1317 3820 1385 ξύγ-

2261 1434 2477 1488 γνωμον
2524 1417 2618 1470 καὶ
2656 1416 2974 1486 ὁμόγνωμον
3018 1412 3242 1482 Πνεῦμα
3285 1411 3380 1464 τοῦ
3419 1409 3647 1480 Πατρὸς,
3676 1409 3816 1462 ἀνεκ-

2263 1506 2484 1576 ποίητον
2523 1505 2643 1575 ἕχον
2679 1505 2738 1558 τὸ
2769 1499 2907 1557 εἶναι
2947 1503 3041 1556 καὶ
3087 1499 3506 1572 συμϐασιλεύειν
3543 1499 3704 1570 αὐτῷ,
3739 1499 3818 1551 καὶ

2261 1599 2361 1670 τὴν
2391 1597 2577 1662 αὑτοῦ,
2613 1597 2735 1651 ὅθεν
2759 1597 2856 1650 καὶ
2894 1594 3321 1665 συνυφεστώτως
3353 1589 3596 1662 ἐξῆλθεν,
3623 1590 3819 1661 διακλη-

2264 1694 2574 1763 ρωσάμενον
2604 1690 2852 1761 θεότητα.
2886 1689 2994 1742 Καὶ
3023 1689 3104 1741 ὅτι
3135 1688 3162 1739 ὁ
3188 1685 3572 1750 παντεξούσιος
3593 1685 3681 1737 καὶ
3703 1701 3817 1737 παν-

2256 1782 2492 1852 δύναμος
2519 1780 2776 1853 Χριστὸς,
2812 1781 2909 1834 σὺν
2946 1783 3012 1850 τῇ
3053 1777 3279 1849 δυνάμει
3313 1777 3407 1830 τοῦ
3447 1776 3611 1830 αὐτοῦ
3645 1793 3816 1844 σεμνοο

2258 1874 2418 1928 τὰτου
2449 1871 2782 1942 Πνεύματος,
2840 1870 2908 1924 τὰ
2960 1872 3158 1940 σημεῖα
3198 1870 3292 1922 καὶ
3326 1867 3397 1922 τὰ
3439 1867 3531 1940 [88
3559 1867 3611 1939 η]
3637 1868 3816 1937 τέρατα

2259 1966 2533 2035 ἐποίησεν,
2575 1963 2668 2016 καὶ
2710 1963 2967 2032 δαίμονας
3010 1961 3280 2027 ὲξὲὄαλεν,
3324 1960 3400 2022 ὡς
3434 1959 3752 2029 ἐξηγήσαντο
3773 1959 3816 2010 οἱ

2261 2058 2600 2128 ἱεροφάνται⁸
2643 2056 2882 2125 Μιχαίας
2922 2055 3052 2124 μέν’
3091 2073 3108 2105 ι
3146 2053 3303 2118 Τάδε,
3340 2071 3358 2105 ι
3405 2054 3588 2124 φησὶν,
3634 2069 3651 2102 ι
3687 2051 3815 2119 λέγει

2258 2149 2484 2218 Κύριος,
2539 2150 2664 2210 τοὺς
2719 2147 2998 2216 προφήτας
3057 2147 3182 2208 τοὺς
3223 2144 3540 2208 πλανῶντας
3583 2142 3669 2196 τὸν
3704 2142 3813 2195 λαόν

2261 2259 2384 2312 μου.
2431 2260 2448 2291 ι
2489 2239 2597 2292 Καὶ
2644 2241 2761 2309 μετ’
2791 2239 2970 2306 ὀλίγον
3009 2238 3299 2308 ἐπιφέρει·
3335 2255 3353 2288 ι
3383 2237 3528 2289 Διότι
3555 2237 3651 2289 οὐκ
3680 2235 3812 2286 ἔσται

2256 2333 2285 2384 6
2318 2331 2617 2386 είσακούων
2652 2329 2852 2395 αὐτῶν,
2899 2328 2993 2382 ὲὰν
3040 2329 3113 2400 μὴ
3159 2327 3269 2397 ἐγὼ
3307 2327 3571 2399 ἐμπλήσω
3605 2327 3742 2397 ἰσχὺν
3763 2327 3813 2377 ὲν

2258 2422 2533 2493 Πνεύματι
2566 2423 2790 2493 Κυρίου,
2820 2423 2910 2473 καὶ
2940 2421 3192 2492 κρίσεως,
3219 2421 3309 2472 καὶ
3328 2418 3657 2482 δυναστείας.
3693 2437 3710 2469 ι
3738 2413 3814 2469 Εἷ-

2258 2530 2326 2565 πε
2368 2513 2546 2565 τοίνυν
2588 2514 2758 2564 ποιεῖν
2802 2513 2952 2582 ἰσχὺν
2980 2511 3185 2582 Κύριον
3219 2513 3276 2563 ὲν
3301 2510 3580 2581 Πνεύματι
3608 2508 3810 2578 Κυρίου,

2257 2605 2342 2658 διὰ
2370 2605 2430 2657 τὸ
2451 2605 2543 2658 καὶ
2566 2604 2663 2674 τὴν
2689 2605 2912 2675 Τριάδα,
2944 2604 3037 2657 καὶ
3063 2603 3154 2655 τὸν
3179 2582 3476 2672 σύνδεσμον
3503 2603 3599 2672 τῆς
3623 2599 3812 2669 φύσεως

2257 2696 2426 2764 αὐτῆς
2457 2694 2715 2763 δηλῶσαι.
2753 2696 3058 2747 Αἰνίττεται
3107 2694 3162 2747 δὲ
3207 2693 3304 2764 τὴν
3333 2695 3536 2765 κρίσιν,
3568 2695 3623 2747 ἐν
3728 2691 3812 2743 οὐκ

2258 2786 2335 2839 ἔτι
2384 2787 2568 2839 λοιπὸν
2624 2786 2883 2856 μετάνοια
2935 2787 3028 2838 καὶ
3072 2787 3100 2838 6
3139 2783 3460 2837 είσακούωνο
3493 2802 3514 2836 ι
3551 2785 3637 2838 Ἐν
3670 2803 3687 2835 ι
3719 2780 3811 2852 γὰρ

2265 2897 2282 2928 ‹
2321 2877 2395 2946 τῷ
2430 2878 2550 2948 ᾄδῃ,
2588 2897 2604 2928 ι
2641 2879 2824 2948 φησὶν,
2867 2896 2884 2927 ι
2921 2877 3005 2940 τίς
3056 2874 3512 2946 ὲξομολογήσεταί
3547 2891 3657 2940 σοι;
3690 2893 3707 2926 ι
3750 2872 3811 2925 Τὸ

581 2974 637 3026 in
677 2986 782 3039 quo
818 2985 923 3024 non
955 2979 1038 3024 est
1062 2969 1295 3034 amplius
1325 2967 1662 3037 ptBttitetttia,
1695 2982 1792 3021 nec
1837 2965 1932 3036 qui
1988 2981 2151 3020 exau-

2260 2967 2336 3031 δὲ,
2367 2986 2384 3017 ι
2423 2968 2718 3038 Ἐμπλήσω
2746 2969 2918 3038 ἰσχὺν,
2962 2986 2980 3018 ι
3017 2968 3139 3021 ἀντὶ
3170 2966 3286 3029 τοῦ,
3315 2966 3570 3038 Μεγάλην
3602 2964 3810 3020 ἀνταπό-

581 3064 692 3117 diat
717 3060 849 3132 (55).
884 3080 902 3112 ‹
927 3060 981 3114 In
1013 3061 1248 3116 inferno)
1274 3059 1384 3129 (54)
1402 3059 1567 3121 enim,
1593 3059 1784 3126 inquit,
1805 3075 1824 3108 ι
1867 3057 1992 3127 quis
2016 3072 2148 3111 con-

582 3155 820 3208 fitebitur
847 3153 980 3207 tibi?
1015 3172 1034 3203 ι
1067 3153 1221 3218 Quod
1253 3162 1435 3205 autem
1497 3151 1571 3203 ait
1606 3189 1622 3215 ,
1671 3167 1690 3200 ι
1727 3147 1963 3217 implebo
1998 3147 2155 3202 forti-

582 3243 846 3306 tudinem,
881 3261 898 3295 ι
933 3243 1158 3310 perinde
1207 3247 1314 3306 est,
1345 3257 1408 3295 ac
1433 3240 1476 3294 si
1512 3239 1755 3296 diceret:
1793 3239 2037 3309 Magnam
2070 3255 2158 3293 re-

582 3332 933 3388 tributionem
965 3331 1160 3386 faciant
1191 3347 1316 3386 cum
1349 3330 1534 3386 divino
1559 3329 1782 3400 Spiritu.
1809 3330 2008 3384 Paulus
2027 3345 2155 3384 vero

581 3425 671 3478 ille
710 3424 880 3493 magis
903 3442 1064 3493 quam
1099 3439 1295 3479 omnes
1321 3422 1550 3494 apostoli
1588 3431 1826 3476 tentatus
1856 3437 1920 3476 ac
1953 3423 2155 3490 proba-

577 3524 686 3580 tus,
723 3513 788 3568 ad
846 3515 1108 3584 Ephesios
1154 3514 1345 3570 scribit
1377 3532 1392 3569 :
1447 3533 1465 3566 ι
1501 3511 1676 3582 Hujus
1728 3514 1804 3567 rei
1842 3512 1951 3583 (55)
1982 3514 2152 3582 gratia

577 3603 736 3658 flecto
769 3618 940 3674 genua
967 3621 1083 3658 mea
1111 3605 1175 3658 ad
1223 3606 1392 3660 Deum
1447 3605 1687 3669 Patrem,
1744 3621 1807 3659 ex
1843 3620 1951 3674 quo
1977 3605 2153 3659 omnis

578 3699 874 3764 paternitas
915 3697 968 3750 in
1001 3697 1152 3752 etelis
1191 3707 1241 3752 et
1271 3697 1323 3752 in
1390 3706 1538 3751 terra
1573 3697 1916 3752 nominatur:
1970 3707 2028 3750 ut
2065 3699 2154 3753 det

580 3785 735 3839 vobis
766 3785 1062 3838 secundum
1094 3784 1315 3838 divitias
1353 3783 1536 3854 gloriae
1574 3799 1705 3848 suaa,
1737 3784 1934 3836 virtute
1968 3798 2156 3836 corro-

581 3879 763 3932 borari
799 3893 895 3946 per
917 3878 1180 3946 Spiritum
1209 3877 1325 3943 ejus
1352 3877 1404 3930 in
1440 3877 1700 3932 interiore
1728 3876 1965 3938 homine,
1994 3875 2153 3929 habi-

578 3979 698 4024 tare
727 3969 1035 4035 Christum;
1070 3987 1088 4020 ι
1125 3969 1190 4022 ad
1223 3968 1500 4022 Romanos
1524 3977 1703 4022 autem
1740 3985 1754 4022 :
1790 3985 1808 4018 ι
1836 3967 2018 4023 Habeo
2042 3967 2154 4039 (56)

576 4061 741 4131 igitur
768 4059 1017 4115 fiduciam
1053 4058 1104 4113 in
1130 4059 1349 4114 Christo
1379 4058 1506 4113 Jesu
1536 4060 1602 4114 ad
1641 4060 1805 4112 Deum
1836 4075 1850 4111 :
1881 4076 1985 4113 non
2007 4061 2150 4114 enim

576 4153 752 4206 audeo
776 4150 977 4219 aliquid
998 4149 1145 4218 loqui
1168 4165 1378 4218 eorum,
1407 4164 1530 4219 qua:
1571 4165 1675 4203 non
1708 4149 1883 4204 effecit
1904 4150 2155 4205 Christus

583 4257 684 4312 per
705 4257 791 4296 me
816 4241 1002 4309 verbo,
1031 4247 1084 4296 et
1117 4255 1279 4310 opere
1303 4240 1356 4294 in
1396 4240 1756 4296 obedientiam
1793 4241 2054 4310 gentium,
2090 4240 2142 4294 in

2258 3059 2400 3111 δοσιν
2433 3060 2639 3130 ποιήσω
2667 3061 2803 3129 μετὰ
2824 3059 2916 3113 τοῦ
2945 3059 3085 3112 Θείου
3114 3059 3449 3132 Πνεύματος.
3485 3059 3686 3122 Παῦλος
3718 3057 3765 3110 δὲ
3785 3057 3810 3109 6

2257 3150 2621 3221 δοκιμώτατος
2648 3151 2956 3204 ἀποστόλων
3003 3151 3139 3222 πρὸς
3176 3152 3460 3220 Ἐφεσίους
3501 3152 3596 3223 μέν
3618 3167 3632 3182 ο
3665 3148 3809 3202 «T06-

2257 3260 2347 3295 του
2378 3244 2536 3314 χάριν
2564 3243 2800 3312 κάμπτω
2833 3242 2901 3294 τά
2929 3242 3132 3310 γόνατά
3166 3261 3265 3312 μου
3293 3243 3433 3313 πρὸς
3464 3244 3550 3296 τὸν
3571 3241 3694 3295 Θεὸν
3718 3241 3813 3293 [ho

2258 3331 2410 3404 τέρα,
2465 3333 2524 3396 ἐξ
2554 3326 2614 3384 οὗ
2652 3334 2797 3386 πᾶσα
2839 3341 3044 3404 πατριὰ
3082 3335 3138 3386 ὲν
3179 3333 3429 3405 οὐρανοῖς
3478 3335 3571 3388 καὶ
3610 3334 3697 3386 ἐπὶ
3724 3331 3811 3400 γῆς

2258 3423 2601 3494 ὀνομάζεται,
2633 3426 2721 3477 ἵνα
2755 3423 2828 3494 δῷ
2859 3426 3006 3496 ὑμῖν,
3037 3425 3176 3479 κατὰ
3213 3426 3303 3479 τὸν
3352 3426 3582 3480 πλοῦτον
3604 3426 3708 3498 ,τῆς
3741 3423 3812 3476 δό-

2255 3513 2351 3585 ξης
2380 3516 2564 3579 αὑτοῦ,
2587 3516 2811 3586 δυνάμει
2842 3517 3269 3587 κραταιωθῆναι,
3289 3515 3376 3570 διὰ
3395 3519 3494 3571 τοῦ
3522 3516 3812 3587 Πνεύματος

2253 3605 2442 3672 αὑτοῦ,
2471 3607 2552 3670 είς
2590 3608 2679 3660 τὸν
2721 3607 2828 3660 ἔσω
2870 3607 3152 3676 ἄνθρωπον
3201 3609 3529 3678 κατοικῆσαι
3562 3610 3649 3661 τὸν
3690 3608 3808 3678 Χρι·

2256 3694 2417 3748 στόν⁹
2461 3715 2480 3748 ι
2518 3696 2654 3767 πρὸς
2691 3696 2990 3766 Ῥωμαίους
3020 3697 3110 3749 δέ·
3152 3715 3171 3749 ι
3214 3699 3362 3768 Ἕχω
3387 3695 3484 3753 οὖν
3517 3698 3810 3768 πεποίθησιν

2253 3788 2310 3839 ὲν
2349 3787 2569 3858 Χριστῷ
2614 3787 2788 3858 Ἰησοῦ
2833 3787 2968 3858 πρὸς
2994 3789 3084 3841 τὸν
3114 3788 3263 3844 Θεόν.
3310 3790 3385 3842 Οὐ
3414 3791 3527 3861 γὰρ
3560 3788 3730 3860 τολμῶ
3765 3801 3808 3838 τι

2252 3877 2454 3940 λαλεῖν,
2483 3871 2556 3930 ὧν
2598 3879 2658 3931 οὺ
2710 3879 3106 3950 κατειργάσατο
3133 3880 3365 3951 Χριστὸς
3405 3881 3477 3934 δι’
3511 3879 3659 3952 ἐμοῦ,
3687 3877 3808 3945 λόγῳ

2254 3972 2347 4023 καὶ
2390 3971 2556 4042 ἔργῳ,
2582 3974 2660 4035 είς
2703 3971 2946 4042 ὑπακοὴν
2994 3972 3183 4034 ἐθνῶν,
3233 3973 3290 4024 ἐν
3321 3972 3551 4043 δυνάμει
3593 3969 3808 4040 σημείων

2254 4063 2348 4115 καὶ
2407 4065 2672 4134 τεράτων,
2734 4065 2792 4116 ὲν
2845 4062 3072 4134 δυνάμει
3121 4063 3437 4133 Πνεύματος
3487 4063 3655 4132 ἁγίου.
3696 4079 3713 4111 ι
3750 4057 3807 4110 Αἱ

2253 4154 2436 4223 ὅμοιαι
2486 4157 2551 4224 τῇ
2593 4153 2752 4223 φύσει
2807 4155 3131 4217 ὑποστάσεις
3191 4155 3380 4225 ὁμοίας
3438 4156 3603 4227 τιμῆς
3642 4151 3805 4217 άξιαι·

2257 4243 2379 4298 ὅθεν
2421 4245 2795 4317 παραπλήσιον
2827 4247 3008 4300 καὶτὸ
3031 4246 3208 4314 λόγιον
3256 4246 3374 4300 τόδε
3405 4247 3507 4318 τῷ,
3541 4265 3560 4300 ι
3599 4239 3807 4317 Χριστὸς

648 4414 1222 4497 (H_)_0mnes,-qui.ei
1253 4415 1502 4497 findunt.
1550 4416 1714 4496 Paulo
1750 4415 1942 4497 durior
1974 4417 2141 4471 videri

2255 4420 2471 4497 riaty,__id
2488 4429 2591 4497 _est
2629 4440 2652 4497 ι
2682 4430 2984 4497 peccatum,
3011 4437 3162 4497 [pro
3193 4423 3290 4488 τὰς
3317 4425 3613 4497 ἁμαρτίας.

577 4485 757 4554 pmest
785 4486 900 4540 haec
933 4485 1222 4540 sententia.
1253 4485 1344 4539 Sic
1384 4497 1562 4539 autem
1596 4486 1905 4553 accipienda
1937 4497 2041 4548 est,
2080 4498 2137 4540 ut

579 4558 646 4610 de
690 4556 1056 4609 sacerdotibus
1083 4555 1365 4610 catholicis
1394 4555 1665 4624 loquatur,
1707 4571 1770 4608 ac
1805 4557 1966 4610 simul
1997 4558 2140 4610 indi-

575 4640 705 4678 care
731 4625 896 4695 velit,
940 4626 1006 4679 ab
1051 4626 1336 4694 episcopis,
1370 4640 1435 4679 ac
1472 4626 1800 4695 presbyteris
1847 4627 2139 4690 haereticis,

579 4695 669 4761 qui
707 4694 929 4763 Spiritui
961 4706 1149 4749 sancto
1178 4709 1282 4763 non
1314 4695 1560 4760 credunt,
1590 4694 1690 4749 nec
1724 4696 2008 4750 catholica:
2039 4695 2143 4748 Ec-

574 4761 761 4817 clesiae
789 4765 1165 4818 communione
1195 4761 1468 4825 fruuntur,
1504 4779 1695 4831 nempe
1732 4781 1760 4818 a
1795 4764 2140 4819 Macedonia-

576 4834 848 4954 nis,rquos
882 4835 967 4887 hic
995 4833 1210 4896 refellit,
1245 4833 1617 4887 remissionem
1649 4845 1996 4902 peccaturum
2032 4848 2139 4887 non

577 4918 677 4954 C0"
705 4919 831 4954 t‘.l'l"|.

577 4918 831 4956 COIIIPJ'I'I.

648 4971 760 5040 (/55)
805 4971 933 5041 Ego.
972 4969 1071 5024 lsa.
1102 4987 1254 5034 thtt,
1275 4971 1366 5026 25.
1392 4971 1576 5025 Graeca
1605 4973 1768 5026 editio
1797 4989 1811 5025 :
1850 4970 1991 5040 Ἐγώ
2027 4973 2140 5041 εἰμι

573 5041 735 5112 αὐτὸς
759 5043 785 5093 6
812 5040 1175 5112 ἐξαλείφωνη.
1197 5042 1296 5102 τὰς
1327 5042 1600 5112 ἁμαρτίας
1631 5058 1747 5112 σου.

648 5111 758 5179 (=56)
802 5111 859 5164 Si
906 5114 1027 5163 sint.
1060 5112 1160 5164 lsa.
1192 5128 1228 5175 ι,
1262 5113 1347 5165 18.
1369 5109 1552 5166 Ιίνιιις.
1579 5111 1664 5163 ed.
1693 5111 1767 5173 ὡς
1798 5109 1961 5180 ἔριον.

647 5180 758 5252 (Η)
801 5181 1123 5252 lfaralytico.
1172 5183 1227 5234 ln
1288 5182 1518 5235 Grtetro:
1557 5180 1854 5252 παραλύτῳ
1897 5196 2138 5252 ριόᾼπατ⁸

571 5249 871 5321 ραλυτικῷ.
924 5249 1126 5303 Eodem
1189 5251 1345 5303 modo
1410 5251 1497 5303 alii
1561 5249 1858 5318 scriptores
1918 5250 2133 5320 Didymi

570 5321 826 5387 aequales,
849 5335 912 5373 ac
940 5335 1197 5388 suppares
1223 5321 1381 5374 locuti
1414 5329 1537 5374 sunt
1564 5341 1576 5375 :
1606 5321 1966 5388 Apollinarius
1991 5323 2135 5373 enim

568 5389 622 5441 in
649 5396 834 5443 catena
865 5390 920 5442 in
945 5387 1200 5443 Joannem
1223 5390 1573 5452 Corderiana,
1603 5387 1721 5458 pag.
1749 5389 1870 5453 145,
1895 5391 2000 5443 ait.
2031 5388 2136 5441 Τοῦ

565 5458 965 5531 ἐκεῖ-κειμένου
991 5460 1328 5531 παραλύτου,
1365 5462 1414 5512 id
1443 5471 1524 5513 est.
1557 5480 1574 5512 ι
1608 5459 1886 5531 paralytici
1927 5460 1997 5531 ibi
2020 5461 2131 5531 ile-

567 5528 934 5600 cttni_lietttis.r
987 5527 1053 5582 Et
1082 5527 1335 5600 'Cyrilhts
1381 5530 1576 5583 ibidem
1609 5527 1633 5582 ἐ
1669 5527 1774 5582 Τοῦ
1818 5529 2133 5599 παραλύτου

565 5595 840 5668 ἀσθένειιῷ
874 5599 924 5652 id
954 5607 1038 5668 est
1070 5618 1087 5651 ι
1118 5595 1391 5668 paralytici
1427 5601 1732 5654 infirmitas.
1760 5618 1778 5650 ι

634 5664 747 5737 (ιδ)
787 5663 922 5737 Eili.
963 5663 1150 5737 Matth.
1184 5663 1322 5728 “[2
1346 5679 1399 5722 et
1432 5669 1485 5723 5.
1521 5669 1775 5725 Videnot.
1807 5667 1895 5732 56,
1932 5683 2049 5737 pag.
2077 5668 2132 5721 5.

638 5735 750 5808 (49)
777 5735 948 5810 Ecce.
983 5735 1137 5795 Joan.
1167 5757 1206 5806 ι,
1235 5739 1322 5793 229.
1364 5737 1551 5795 Graeca
1588 5739 1794 5797 editio;
1828 5735 2138 5808 ehv‘dtpapu

2321 4491 2435 4564 (750)
2477 4492 2720 4564 Simul...
2752 4493 3015 4564 largitur.
3043 4491 3115 4546 De
3145 4493 3246 4548 hac
3279 4509 3335 4548 re
3360 4491 3614 4564 ‘co'piose'
3637 4497 3804 4564 egerat

2250 4559 2515 4630 Didymus
2552 4564 2604 4614 in
2643 4561 2740 4614 lib.
2764 4559 2849 4614 De'
2873 4561 3074 4629 Spiritu
3121 4573 3321 4627 sancto,
3356 4559 3506 4618 num.
3546 4565 3610 4618 16
3644 4559 3691 4616 εἷ
3724 4561 3798 4613 17.

2315 4629 2430 4702 (51)
2470 4629 2616 4684 IIwc.
2662 4630 2821 4702 Mich.
2855 4646 2935 4692 ιιι,
2962 4631 3020 4702 5.
3053 4631 3494 4687 Passioneianum
3544 4631 3799 4699 exemplar

2246 4712 2394 4753 caret
2413 4700 2556 4754 'voce
2581 4700 2694 4763 ὲπί,
2728 4715 2847 4769 quae
2881 4701 3098 4755 omnino
3128 4702 3368 4755 addenda
3398 4713 3485 4756 est
3531 4719 3597 4759 ex
3626 4703 3797 4756 Graeca

2243 4769 2500 4834 editione,
2531 4785 2595 4824 ac
2631 4770 2913 4844 legendum
2951 4771 3046 4821 ὲπὶ
3079 4771 3206 4834 τοὺς
3242 4774 3555 4844 προφήτας,
3595 4775 3689 4826 hoc
3731 4774 3802 4822 est

2247 4855 2268 4891 ι
2300 4853 2463 4905 super
2507 4841 2818 4907 prophetas.
2846 4857 2865 4889 ι
3291 4841 3298 4843 ⁷
3416 4841 3428 4844 ’
3713 4905 3718 4908 .

2315 4909 2426 4976 (52)
2470 4907 2629 4972 Quia.
2668 4908 2832 4962 Mich.
2862 4924 2946 4972 ιιι,
2976 4908 3008 4962 7
3038 4918 3091 4963 et
3123 4909 3177 4964 8.
3224 4909 3406 4964 Graeca
3455 4911 3638 4975 editio,
3677 4907 3794 4961 διότι

2239 4977 2355 5063 οὐκ.
2389 4979 2534 5032 ἔστιν
2572 4979 2600 5031 6
2645 4976 2966 5033 ἐπακούων.
2992 5016 3009 5032 .
3034 5019 3050 5033 .
3077 5016 3093 5033 .
3141 4979 3236 5032 καὶ
3288 4983 3465 5052 κρῖμα
3509 4982 3600 5034 καὶ
3656 4979 3800 5032 δυνα-

2243 5063 2442 5100 στειαν.

2313 5117 2424 5185 (55)
2468 5117 2763 5189 Exaudiut.
2796 5117 2878 5172 An
2915 5119 2983 5183 is,
3019 5117 3111 5187 qui
3147 5117 3484 5189 (Origeniano
3528 5121 3594 5173 de
3629 5129 3791 5183 repro-

2239 5184 2432 5240 bornm
2489 5188 2967 5251 vicissitudinibus,
3014 5184 3079 5242 ac
3125 5188 3190 5242 de
3245 5184 3575 5258 teinporaria
3627 5198 3797 5241 eorum

2239 5258 2705 5326 ptenasystema-ti
2740 5259 3060 5322 adhaereret,
3093 5258 3206 5313 haec
3239 5259 3534 5312 dictasset?

2459 5323 2529 5399 'l_gt
2563 5327 2965 5399 iit/ernoal’sal.
2994 5342 3069 5390 γι,
3099 5328 3306 5399 vers.§
3338 5329 3453 5399 (seu
3489 5328 3561 5399 6).

2311 5389 2421 5462 (55)
2464 5389 2642 5463 Hujus
2671 5397 2766 5449 rei.
2801 5395 2998 5465 Ephes.
3030 5389 3111 5462 ιιι,
3135 5389 3489 5454 14-17.’νὶάθ
3521 5389 3681 5453 'nOtas
3698 5389 3790 5445 45·

2236 5464 2332 5519 45.
2372 5480 2491 5519 natz.
2516 5466 2605 5519 49.

2281 5479 2332 5530 ι),
2372 5480 2491 5530 pag.
2516 5479 2605 5520 ea.

2309 5480 2672 5607 iriniéo.
2709 5534 2872 5607 Rom.
2895 5534 3203 5607 nun-19.
3229 5536 3412 5591 Graeca
3435 5535 3600 5607 editio
3625 5553 3638 5588 ε
3663 5530 3794 5607 ἐχω

2235 5600 2326 5657 οῦν
2357 5600 2620 5676 καύχησιν
2667 5606 2817 5676 axx.
2862 5605 2920 5659 ‘l.
2953 5605 3022 5658 τὰ
3047 5606 3182 5676 πρὸς
3217 5606 3366 5662 Θεὸν.
3417 5607 3489 5662 Οὑ
3541 5606 3645 5675 γὰρ
3686 5600 3793 5652 coit-

2239 5676 2398 5748 μήσω
2431 5667 2609 5730 λαλεῖν
2635 5692 2686 5729 τι
2716 5667 2814 5742 ὧν,
2844 5686 2897 5732 et
2928 5667 3156 5746 reliqda.
