4082 6406
298 344 399 400 585

1319 342 1404 396 DE
1443 342 1816 399 TRINITATE
1855 345 2058 402 LIBER
2099 348 2488 406 SECUNDUS.

3423 359 3526 415 586

290 458 567 530 οὐδαμῶς,
597 458 791 527 μᾶλλον
820 458 877 511 δὲ
912 457 1004 510 καὶ
1035 457 1311 510 ἐπαινετὸν
1345 458 1564 525 ἔδειξεν,
1597 461 1662 512 τὰ
1685 460 1736 513 δὲ
1775 460 1861 532 ἔρ-

1977 461 2113 515 dixit
2140 463 2186 514 ei
2218 463 2449 530 Spiritus
2508 473 2725 518 sanctus
2770 465 2913 536 ('72):
2938 465 3076 521 Ecce
3108 467 3206 522 viri
3241 477 3346 523 tres
3379 485 3528 540 quae-

292 569 364 619 γα
399 549 567 604 αὑτοῦ
605 551 846 620 συνήθως
879 549 1214 620 ἐφαίδρυνεν.
1251 551 1438 617 Ἡμεῖς
1459 551 1536 614 δὲ,
1571 554 1617 604 εί
1651 553 1743 604 καὶ
1775 571 1863 605 σε-

292 642 538 714 μνότητά
573 660 693 695 τινα
717 642 865 694 θείαν
897 644 960 711 τῇ
1003 641 1147 712 πάσῃ
1181 640 1431 693 ὑποθέσει
1459 643 1611 712 φέρει
1639 644 1700 696 τὸ
1730 662 1863 715 χρη-

292 728 543 798 ματίζειν
578 728 638 780 τὸ
664 729 815 796 ᾰγιον
845 728 1085 798 Πνεῦμα,
1119 730 1210 781 καὶ
1241 731 1400 799 ἀρκεῖ
1424 730 1543 784 καθ’
1582 733 1736 785 ἑαυτὸ
1764 752 1868 786 πα-

289 821 776 893 ραλαμϐανόμενον
811 823 890 883 είς
925 820 1226 890 μαρτυρίαν
1248 838 1261 850 ·
1302 821 1447 891 ὅμως
1479 823 1537 875 οὐ
1578 824 1733 892 μόνον
1772 825 1866 876 αὺ-

284 916 370 975 ea,
406 915 548 968 ἀλλά
581 915 689 984 γὰρ
721 914 813 965 καὶ
852 913 1050 983 πλῆθος
1080 913 1208 966 ἄλλο
1240 913 1456 984 ὑψηλῶν
1500 916 1592 968 καὶ
1627 917 1858 986 ἀναμφι-

291 1009 578 1078 σϐητήτων
608 1007 930 1072 ἀποδείξεων
960 1005 1370 1077 παρηγάγομενο
1398 999 1478 1069 οἷς
1500 1010 1546 1058 εἰ
1576 1008 1866 1078 προσέχετε

293 1101 646 1163 ἀντιπαθείας
678 1100 826 1161 ἄνευ,
858 1099 1181 1170 ἀφωνότεροι
1209 1099 1299 1171 [90
1335 1098 1390 1168 τι]
1436 1099 1649 1163 πάντως
1679 1099 1863 1154 ἔσεσθε

294 1193 404 1246 τῶν
454 1193 670 1261 ἰχθύων.
729 1191 999 1259 Διελέγχει
1050 1196 1225 1242 τοίνυν
1291 1191 1387 1258 τὴν
1434 1180 1864 1264 ’πειθανουργίαν

299 1284 446 1352 ὑμῶν
480 1282 791 1350 σαφέστατα
841 1283 932 1333 καὶ
987 1283 1013 1333 ὁ
1055 1279 1281 1343 Παῦλος,
1319 1281 1580 1348 Ἐφεσίοις
1613 1282 1860 1354 γράψαςο

301 1397 318 1428 ι
366 1376 518 1445 Ἐμοὶ
545 1372 624 1444 τῷ
653 1372 1041 1443 ἐλαχιστοτέρῳ
1073 1372 1286 1424 πάντων
1313 1373 1481 1438 ἁγίων
1515 1373 1670 1443 ἐδόθη
1700 1377 1730 1443 ἡ
1771 1373 1865 1444 χά-

296 1483 377 1537 ρις
418 1464 582 1534 αὕτη,
614 1465 672 1516 ὲν
715 1466 827 1526 τοῖς
869 1461 1072 1514 ἔθνεσιν
1101 1461 1550 1529 εὐαγγελίσασθαι
1587 1464 1675 1516 τὸν
1709 1465 1860 1529 ἀνεξ-

293 1557 563 1628 ιχνίαστον
591 1554 818 1608 πλοῦτον
847 1553 938 1606 τοῦ
976 1553 1230 1624 Χριστοῦ,
1261 1554 1606 1622 καὶφωτίσαι
1635 1558 1862 1622 πάντας,

288 1650 372 1711 τίς
398 1651 433 1718 ἡ
459 1647 736 1714 οἰκονομία
759 1645 851 1698 τοῦ
886 1644 1200 1716 μυστηρίου,
1238 1643 1332 1697 τοῦ
1375 1647 1863 1718 ἀποκεκρυμμένου

288 1739 400 1792 ἀπὸ
441 1737 551 1790 τῶν
582 1738 790 1790 αἰώνων
816 1738 873 1788 ἐν
900 1735 974 1806 τῷ
1008 1735 1145 1806 Θεῷ,
1175 1737 1250 1806 τῷ
1278 1736 1345 1789 τὰ
1374 1738 1551 1792 πάντα
1580 1740 1824 1794 κτίσαντι
1847 1758 1860 1771 ο

291 1835 382 1885 ἴνα
437 1829 715 1901 γνωρισθῇ
770 1829 862 1882 νῦν
929 1832 1046 1892 ταῖς
1115 1831 1330 1901 ἀρχαῖς,
1385 1831 1476 1883 καὶ
1539 1834 1659 1896 ταῖς
1707 1833 1862 1896 ἐξου-

289 1922 458 1984 σίαις,
495 1921 551 1971 ὲν
580 1920 690 1979 τοῖς
711 1915 1070 1988 ἐπουρανίοις,
1102 1916 1189 1968 διὰ
1208 1919 1306 1986 τῆς
1331 1915 1672 1986 Ἐκκλησίας,
1696 1918 1727 1987 ἡ
1763 1935 1860 1971 πο..

288 2007 606 2069 λυποίκιλος
633 2006 792 2075 σοφία
828 2004 920 2058 τοῦ
954 2003 1108 2057 Θεοῦ.
1145 2023 1162 2055 ι
1206 2005 1525 2073 Κατανοεῖτε
1555 2000 1666 2065 οὖν,
1703 2005 1864 2058 πόσον

291 2101 557 2174 ὲξῃρηται
588 2100 620 2167 ἡ
647 2096 890 2165 ἀγγέλων
928 2095 1086 2163 φύσις
1111 2094 1203 2147 τοῦ
1229 2095 1319 2164 ἀφ’
1346 2095 1542 2164 ἑαυτῆς
1587 2095 1778 2148 εἰδέναι
1813 2113 1862 2148 τι

287 2191 399 2245 τῶν
429 2189 723 2260 ἐσομένων,
758 2187 851 2240 καὶ
878 2187 966 2240 τοῦ
998 2184 1353 2257 χρηματίζειν
1374 2203 1385 2215 ’
1418 2187 1496 2238 ὅτι
1528 2186 1618 2238 καὶ
1646 2185 1733 2238 διὰ
1766 2186 1866 2253 τῆς

288 2287 350 2339 ὲν
395 2282 532 2354 τῷδε
578 2281 654 2351 τῷ
683 2281 870 2350 κόσμῳ
906 2277 1227 2348 Ἐκκλησίας
1245 2275 1514 2346 τοῦΘεοῦ,
1548 2277 1668 2346 ἥτις
1701 2278 1863 2345 ἐσμὲν

289 2379 475 2448 ἡμεῖς,
512 2375 580 2428 τὰ
607 2373 861 2444 μεγαλεῖα
886 2369 1162 2442 μανθάνει.
1198 2369 1338 2440 Πρὸς
1373 2368 1542 2420 πειθὼ
1569 2369 1624 2423 δὲ
1649 2368 1744 2439 τὴν
1766 2385 1863 2420 πε-

288 2472 349 2543 ρὶ
368 2466 550 2533 τοῦτο,
585 2466 806 2520 δύναταί
857 2482 908 2517 τι
953 2461 1342 2533 συλλαμϐάνειν
1375 2462 1465 2514 καὶ
1495 2462 1635 2532 ἅπερ
1665 2460 1865 2513 Κολοσ-

290 2561 519 2616 σαεῦσιν
549 2559 784 2629 ἔγραψεν
810 2556 1028 2610 τοιῶσδε
1049 2572 1060 2582 ·
1124 2574 1142 2605 ‹
1168 2555 1242 2607 Τὸ
1278 2555 1570 2624 μυστήριον
1602 2556 1759 2622 τοῦτο
1804 2554 1864 2605 τὸ

288 2650 785 2724 ἀποκεκρυμμένον
835 2648 938 2719 πρὸ
969 2647 1074 2700 τῶν
1113 2646 1322 2700 αἰώνων
1360 2645 1450 2699 καὶ
1491 2644 1595 2697 ἀπὸ
1633 2645 1739 2697 τῶν
1771 2661 1861 2712 γε·

289 2744 450 2808 νεῶν,
483 2743 512 2795 ὃ
530 2742 625 2795 νῦν
648 2737 965 2811 ἐφανερώθη
981 2742 1091 2801 τοῖς
1112 2738 1284 2806 ἁγίοις
1310 2736 1492 2790 αὑτοῦ.
1509 2758 1524 2784 ι
1550 2735 1661 2805 Πρὸ
1675 2735 1863 2788 τούτου

289 2837 419 2906 γὰρ,
455 2837 611 2904 φησὶ.
638 2833 718 2903 τῷ
741 2830 860 2900 Θεῷ
887 2829 1119 2898 ἔγνωστο
1148 2829 1310 2898 μόνῳ.
1335 2828 1477 2899 Πρὸς
1527 2828 1752 2891 τούτοις,
1771 2828 1865 2881 καὶ

289 2930 437 2999 ἆπερ
475 2926 606 2995 περὶ
633 2925 739 2977 τῶν
779 2923 1103 2990 ἐνεγκόντων
1142 2923 1304 2973 πᾶσιν
1334 2918 1635 2990 ἀνθρώποις
1655 2919 1862 2987 ὄφελος,

287 3021 397 3073 τῶν
434 3019 565 3090 περὶ
607 3017 704 3088 τὴν
735 3016 958 3069 ἄλεκτον
985 3013 1290 3084 οἰκονομίαν
1319 3013 1481 3082 φημὶ,
1510 3012 1680 3063 τοῖσδε
1716 3012 1867 3080 παρὰ

1976 561 2098 604 runt
2122 563 2193 608 te.
2221 553 2324 608 Sed
2357 570 2537 623 surge,
2567 566 2619 608 et
2648 559 2780 608 vade
2812 573 2934 610 cum
2959 559 3060 620 eis.
3090 560 3222 613 nihil
3258 561 3529 627 dubitans,

1967 646 2091 713 quia
2125 661 2227 714 ego
2278 648 2396 700 misi
2449 648 2588 702 illos.
2647 647 2991 703 Descendens
3035 658 3212 704 autem
3244 650 3431 707 Petrus
3461 655 3527 707 ad

1971 734 2113 790 viros
2139 736 2276 806 (75),
2303 737 2440 790 dixit
2470 754 2483 790 :
2507 738 2642 790 Ecve
2666 752 2764 805 ego
2795 755 2910 791 sutn
2933 752 3091 806 quem
3119 742 3530 811 qtneritiszqua:

1969 840 2132 878 causa
2161 837 2244 880 est
2271 838 2488 894 pmptet'
2522 844 2681 897 quam
2747 830 3008 883 venistis?
3059 830 3132 883 illi
3171 840 3347 885 autem
3371 833 3524 888 dixe-

1970 926 2126 965 runt:
2181 915 2464 970 Cornelius
2509 920 2778 983 centurio,
2829 919 2913 972 vir
2948 920 3148 984 justus,
3176 931 3266 974 iet
3299 923 3521 992 reliqua,

1969 1014 2026 1055 ιιι
2050 1015 2206 1058 antea
2238 1008 2409 1072 posita
2443 1018 2589 1060 sunt.
2648 1008 2833 1076 Itaque
2877 1011 3014 1076 apud
3065 1013 3260 1078 probos
3290 1015 3524 1081 ,quidem

1961 1091 2171 1158 judices
2197 1090 2429 1160 constat,
2468 1098 2714 1166 angelum
2753 1099 2840 1151 hic
2866 1113 3078 1167 quoque
3121 1115 3148 1153 ιι
3177 1101 3379 1171 Spiritu
3401 1118 3528 1157 san-

1968 1193 2056 1236 cto
2079 1199 2138 1237 ea
2171 1185 2442 1249 didicisse.
2484 1203 2603 1256 quae
2649 1189 3082 1253 cltretnatizavit,
3113 1192 3163 1245 id
3194 1203 3298 1256 est,
3329 1195 3527 1248 revela-

1967 1276 2058 1328 vit.
2099 1273 2341 1329 Eximius
2370 1278 2514 1330 enim
2548 1279 2844 1333 divinitatis
2873 1282 3154 1335 character
3177 1297 3240 1336 ac
3282 1294 3403 1338 nota
3422 1296 3525 1350 est,

1968 1366 2260 1432 praedicere
2289 1367 2660 1434 infallibiliter,
2695 1370 2853 1437 idque
2889 1371 2960 1424 ita
3017 1371 3213 1433 facere,
3268 1383 3324 1428 ut
3363 1377 3413 1428 in
3435 1392 3526 1431 eo—

1967 1472 2113 1518 rum,
2137 1459 2492 1526 quiaudiunt,
2525 1463 2862 1514 commodum
2917 1473 3078 1533 atque
3129 1465 3415 1522 utilitatem
3441 1483 3529 1523 ce-

1967 1549 2096 1611 dat;
2123 1559 2179 1602 nt
2218 1565 2406 1617 nempe
2441 1551 2543 1605 sibi
2583 1562 2829 1617 caveant,
2861 1555 3062 1608 etsalvi
3089 1556 3236 1610 tiant.
3269 1558 3402 1612 Dum
3427 1560 3530 1615 ita-

1966 1653 2070 1707 que
2100 1640 2402 1710 hujustuodi
2438 1642 2932 1710 interpretationes,
2975 1656 3028 1699 et
3069 1661 3368 1702 commenta
3405 1666 3528 1720 pro-

1968 1727 2139 1793 fertis,
2169 1730 2406 1799 nunquid
2435 1731 2562 1784 illud
2583 1747 2684 1786 non
2717 1737 2996 1803 reputatis,
3023 1740 3162 1804 quod
3191 1748 3246 1794 et
3267 1752 3526 1796 creatura:

1967 1821 2063 1887 ipsi
2094 1823 2488 1891 quodammodo
2518 1823 2680 1878 invidi
2706 1826 2857 1890 estis,
2893 1838 2948 1881 et
2974 1842 3120 1891 eum,
3168 1832 3256 1899 qui
3286 1832 3523 1887 liberali-

1968 1913 2090 1965 tatis
2114 1927 2178 1966 ac
2196 1912 2575 1968 munificentia
2608 1929 2768 1969 causa
2793 1931 2919 1971 suas
2963 1919 3128 1988 ipsius
3157 1933 3435 1976 creaturas
3461 1925 3526 1976 iis

1966 1999 2098 2070 ipsis
2126 2001 2422 2066 vocabulis,
2456 2017 2576 2072 qua:
2617 2004 2684 2060 de
2734 2005 2824 2061 illo
2862 2008 3000 2063 dicta
3045 2021 3190 2076 sunt,
3227 2013 3529 2068 honestavit

1964 2092 2303 2162 ornavitque,
2339 2095 2499 2150 veluti
2524 2095 2635 2167 (74)
2662 2098 3057 2154 critninamini?
3075 2117 3196 2156 cum
3226 2105 3525 2174 hujusmodi

1967 2197 2100 2246 rem,
2133 2183 2572 2242 chrematismum
2595 2189 2811 2243 scilicet
2854 2189 3088 2259 Spiritus
3139 2197 3334 2262 sancti,
3365 2202 3530 2257 uele-

1973 2282 2177 2327 stemve
2211 2274 2328 2344 ejus
2374 2278 2828 2342 admonitionem,
2873 2283 3044 2350 gratia
3100 2298 3314 2354 quoque
3359 2288 3527 2357 ipsius

1964 2365 2253 2419 comitetur
2281 2367 2414 2437 (75).
2451 2367 2526 2422 Ex
2553 2369 2654 2424 hoc
2684 2371 2826 2428 enim
2859 2373 2972 2440 ipso
3000 2373 3386 2434 chrematismo
3417 2395 3523 2437 non

1965 2457 2125 2511 modo
2162 2457 2208 2510 is
2239 2459 2440 2514 nullum
2469 2461 2627 2530 plane
2660 2463 2875 2517 sibimet
2905 2465 3004 2532 ipsi
3046 2466 3278 2522 dedecus
3310 2485 3526 2542 compa-

1965 2556 2072 2612 rat,
2105 2549 2196 2602 sed
2223 2550 2386 2604 etiam
2416 2551 2572 2606 laude
2589 2553 2804 2619 dignum
2828 2569 2886 2608 se
2906 2557 3156 2622 ostendit,
3183 2569 3344 2629 atque
3361 2577 3521 2632 opera

1963 2651 2082 2702 sua,
2120 2648 2180 2692 ut
2207 2640 2364 2706 solet,
2389 2641 2677 2699 exhilarat.
2709 2644 2867 2714 197
2889 2644 2996 2701 Nos
3016 2662 3142 2701 vero
3161 2651 3258 2703 etsi
3287 2651 3521 2707 divinam

1967 2731 2200 2802 Spiritus
2233 2736 2406 2792 sancti
2427 2738 2832 2808 amplitudinem
2865 2757 2928 2796 ac
2961 2743 3298 2813 majestatem
3331 2747 3380 2801 in
3413 2757 3522 2803 tota

1965 2825 2068 2878 hac
2096 2826 2457 2894 disputatione
2486 2844 2549 2884 ex
2604 2845 2669 2885 eo
2712 2841 2932 2884 tantum
2967 2835 3290 2893 confirmare
3315 2841 3520 2906 potuis-

1964 2931 2170 2982 semus,
2200 2919 2342 2987 quod
2363 2920 2477 2988 ipse
2502 2922 2854 2986 chrematizet,
2875 2924 2925 2978 id
2949 2935 3052 2991 est,
3072 2930 3287 2980 oracula
3316 2929 3522 2998 fundat,

1966 3017 2058 3060 aut
2084 3022 2336 3076 responsa
2369 3009 2483 3075 det,
2507 3021 2598 3065 aut
2625 3012 2837 3068 crelitus
2862 3016 3080 3079 revelet,
3122 3027 3283 3087 atque
3317 3019 3417 3074 hoc
3445 3023 3524 3074 vel

287 3112 502 3182 Πέτρου
549 3109 830 3179 ἀνείρηται
876 3109 983 3166 τοῖς
1018 3107 1218 3174 ῥητοῖς,
1255 3104 1330 3167 ὡς
1358 3102 1654 3174 προελέχθη
1681 3120 1692 3130 ·
1723 3122 1740 3151 ι
1775 3104 1863 3165 Εἰς

1967 3095 2159 3161 solum,
2196 3113 2258 3152 ac
2277 3113 2520 3155 seorsum
2543 3113 2835 3172 sumptum,
2870 3119 2988 3158 eam
3036 3108 3168 3161 satis
3198 3109 3528 3165 demonstret

288 3204 345 3264 ἃ,
403 3203 598 3273 φησὶν.
661 3197 1016 3268 ἐπιθυμοῦσιν
1079 3195 1297 3264 ἄγγελοι
1361 3193 1696 3266 παρακύψαι.
1751 3215 1766 3244 ι
1803 3195 1863 3246 Εἰ

291 3296 346 3349 δέ
369 3313 495 3349 τινα
533 3293 773 3363 ἔμφυτον
803 3289 1001 3359 γνῶσιν
1029 3283 1191 3358 εἶχον,
1229 3289 1329 3340 οὐκ
1367 3287 1431 3341 ἂν
1472 3287 1740 3357 ἱμείροντο
1770 3286 1861 3340 τοῦ

298 3389 400 3440 κᾶν
425 3384 686 3454 διακύψαι
730 3385 806 3445 είς
835 3381 991 3434 αὐτά.
1024 3379 1158 3432 Ἀλλ’
1189 3378 1375 3448 ἐπειδὴ
1420 3378 1492 3448 μὴ
1527 3377 1760 3447 ἔχουσιν,
1788 3377 1865 3437 εἰς

301 3478 725 3548 ὑπερϐάλλοντα,
777 3475 852 3536 ὡς
905 3475 954 3525 οἱ
1001 3471 1294 3543 ἄνθρωποι,
1348 3470 1544 3540 τρόπον
1601 3469 1720 3520 τινὰ
1776 3469 1864 3520 ἐκ·

301 3572 589 3624 πίπτουσιν
632 3568 813 3638 ἔρωτα
867 3564 1106 3627 ἐκείνων,
1145 3559 1218 3617 ὧν
1260 3563 1360 3632 τῆς
1389 3561 1638 3631 γνώσεως
1687 3562 1864 3630 τυχεῖν

300 3663 491 3722 αὐτοῖς
548 3657 619 3729 μὴ
667 3658 912 3710 ὕπεστιν.
974 3655 1188 3718 Πέφυκε
1272 3652 1518 3722 γὰρκαὶ
1570 3651 1862 3721 τηνὰλλως,

300 3751 667 3824 ίπερορᾶσθαι
693 3749 792 3820 μὲν
815 3748 882 3800 τὰ
903 3745 1187 3817 εὑρεθῆναι
1218 3744 1394 3814 ῥᾴδια,
1422 3741 1688 3796 ποιεῖσθαι
1711 3742 1766 3794 δὲ
1800 3741 1866 3794 τὰ

294 3842 663 3912 σπανιώτερα.
707 3839 817 3892 Καὶ
853 3836 1032 3908 μέντοι
1061 3836 1153 3888 καὶ
1182 3834 1338 3887 τοῦτο
1370 3834 1430 3885 οὑ
1470 3831 1610 3886 κατὰ
1642 3831 1864 3902 γνώμην

286 3935 518 3996 οἰκείαν,
544 3931 625 4001 τῷ
651 3929 812 3999 κοινῴ
833 3929 888 3982 δὲ
910 3927 1006 3997 τῆς
1028 3926 1238 3994 φύσεως
1264 3924 1437 3977 αὐτῶν
1464 3923 1605 3993 λόγῳ
1627 3924 1708 3994 (οὐ
1735 3925 1867 3975 παν-

289 4045 390 4090 τας
433 4024 604 4094 φημὶ)
641 4020 896 4091 ὑπόχρεοι
929 4017 1079 4079 ὄντες
1142 4015 1304 4078 τινές.
1348 4033 1365 4064 ι
1400 4016 1461 4068 Ei
1497 4013 1587 4085 [90
1627 4013 1678 4084 ὁ]
1735 4013 1862 4083 γὰρ,

291 4118 483 4190 φησιν,
538 4113 784 4182 ἀγγέλων
830 4109 1260 4182 ἁμαρτησάντων
1292 4110 1319 4158 ὁ
1349 4107 1478 4169 Θεὸς
1517 4107 1616 4159 οὐκ
1651 4106 1865 4174 ἐφείσα-

287 4229 370 4272 το,
412 4229 431 4261 ι
469 4209 632 4260 ποίαν
670 4205 906 4276 ἔμφυτον
945 4201 1143 4271 γνῶσιν
1180 4199 1286 4252 τῶν
1326 4199 1641 4269 μελλόντων,
1673 4198 1704 4267 ἢ
1737 4197 1865 4250 αὐθ-

292 4305 505 4358 εντείαν
534 4298 629 4352 τοῦ
655 4297 1030 4369 χρηματίζειν,
1071 4294 1145 4356 ὡς
1175 4295 1203 4345 ὁ
1229 4291 1378 4356 Θεὸς,
1416 4291 1557 4360 ἔχειν
1578 4289 1862 4371 δύνανται;

295 4397 359 4450 Εἰ
390 4396 449 4449 δὲ
483 4394 584 4446 οὐκ
621 4392 766 4443 ῖσασι
796 4388 892 4458 μὲν
916 4379 1060 4440 οὗτοι
1081 4386 1171 4452 ἀφ’
1206 4382 1434 4446 ἑαυτῶν,
1467 4383 1589 4436 οὐδὲ
1629 4384 1746 4436 κατ’
1775 4382 1863 4445 ἐξ·

1966 3202 2029 3244 ac
2057 3197 2281 3244 testetur
2305 3208 2318 3243 :
2343 3200 2519 3248 tamen
2551 3209 2655 3248 non
2681 3195 2846 3250 hocce
2870 3196 3132 3250 duntaxat
3153 3205 3524 3268 argumentum

1967 3278 2263 3345 attulimus,
2296 3282 2388 3336 sed
2415 3282 2564 3352 plura
2585 3285 2748 3340 etiam
2773 3286 2900 3350 alia,
2939 3303 3108 3357 eaque
3158 3291 3435 3358 splendida
3464 3310 3526 3348 ac

1967 3369 2242 3434 sublimia,
2267 3383 2322 3427 et
2358 3373 2593 3441 cujusvis
2617 3375 2966 3433 dubitationis
2987 3381 3250 3449 espertia,
3284 3380 3528 3452 Scriptu-

1965 3477 2147 3516 rarum
2172 3463 2321 3519 loca:
2365 3466 2431 3520 ad
2476 3482 2595 3536 qua:
2634 3468 2679 3522 si
2723 3470 2927 3538 absque
2979 3473 3315 3528 aversatione
3347 3489 3410 3528 ac
3447 3474 3528 3528 fa-
3618 3504 3630 3517 -

1967 3554 2126 3609 stidio
2148 3557 2510 3618 attenderitis,
2533 3560 2699 3628 magis
2725 3574 2884 3627 quam
2913 3562 3087 3629 pisces
3111 3561 3242 3634 (76),
3270 3573 3328 3617 ut
3353 3565 3522 3627 aiunt,

1967 3647 2121 3712 muti,
2155 3649 2378 3702 omnino
2411 3651 2672 3706 evadctis.
2728 3650 2844 3705 Jam
2883 3667 3013 3705 vero
3043 3655 3334 3720 captiosam
3369 3670 3528 3725 argu-

1969 3739 2351 3793 mentationem
2412 3751 2645 3794 vestram
2689 3743 3129 3798 manifestissime
3180 3745 3530 3802 diluitact'e-

1966 3827 2181 3897 darguit
2212 3831 2372 3884 etiam
2396 3829 2594 3885 Paulus
2613 3831 2860 3900 Ephesiis
2889 3835 3134 3889 scribens
3163 3854 3177 3889 :
3212 3853 3230 3886 ι
3265 3837 3390 3892 Μηιί
3410 3836 3526 3909 (77)

1973 3927 2219 3980 omnium
2249 3937 2556 3982 sanctorum
2605 3929 2826 3984 minimo
2872 3931 2995 3984 data
3039 3939 3119 3985 cst
3164 3934 3334 4000 gratia
3393 3933 3522 3993 haec,

1974 4017 2026 4069 in
2084 4017 2336 4084 gentibus
2388 4016 2763 4084 evangelizare
2805 4009 3262 4089 ininvestigaliiles
3313 4021 3527 4074 divitias

1969 4107 2191 4168 Christi,
2250 4116 2304 4160 et
2359 4107 2664 4162 illuminare
2707 4124 2916 4176 omnes,
2960 4126 3079 4180 qua:
3126 4112 3197 4165 sit
3253 4114 3529 4180 dispensa-

1969 4197 2042 4249 tio
2065 4197 2178 4268 (78)
2216 4199 2455 4268 mysterii
2508 4197 2806 4254 absconditi
2840 4217 2870 4255 a
2915 4203 3126 4257 saeculis
3171 4205 3223 4256 in
3260 4204 3391 4266 Deo,
3437 4205 3526 4273 qui

1967 4291 2145 4344 omnia
2171 4289 2387 4344 'creavit
2411 4289 2562 4359 (79):
2595 4299 2651 4343 ιιι
2686 4291 2992 4346 innotescat
3027 4309 3170 4348 nunc
3211 4296 3528 4364 principati-

1968 4381 2068 4436 bus
2094 4389 2148 4434 et
2181 4382 2534 4450 potestatibus
2593 4383 2644 4435 in
2693 4383 3022 4448 omlestibus,
3087 4402 3182 4453 per
3214 4387 3526 4452 Ecclesiam,

295 4490 486 4543 ουσίαν
516 4485 651 4539 ἰδίαν
670 4480 1109 4553 χρηματίζουσιν,
1149 4479 1222 4540 ὡς
1258 4476 1368 4528 ἔστι
1406 4475 1498 4527 καὶ
1523 4475 1640 4544 δίχα
1676 4473 1863 4526 συστά-

1970 4472 2316 4528 multiformis
2361 4475 2620 4541 sapientia
2684 4474 2839 4528 Dei.»
2903 4478 3327 4534 Animadvertite
3376 4494 3526 4548 ergo,

297 4578 435 4641 σεὼς
469 4590 615 4637 τινος
662 4573 724 4626 τὸ
747 4573 975 4643 πρᾶγμα
999 4567 1434 4626 αὐταπὸδεικτον,
1465 4565 1640 4632 διαδὲ
1673 4566 1732 4617 τὸ
1767 4565 1863 4635 τὴν

291 4669 440 4734 λέξιν
507 4667 677 4737 μόνην
727 4663 866 4717 κατὰ
927 4658 1104 4714 κοινοῦ
1157 4656 1593 4728 κατηγορεῖσθαι,
1640 4657 1732 4709 ἐπὶ
1771 4655 1868 4726 τὴν

297 4760 515 4831 μέμψιν
547 4757 643 4809 καὶ
683 4755 781 4823 τὴν
827 4749 1158 4821 κατηγορίαν
1194 4745 1596 4818 παρηγγείλατε
1617 4761 1630 4774 ’
1668 4763 1872 4816 προπε-

293 4849 406 4913 τῶς
449 4847 550 4902 καί
593 4843 966 4905 ἀδιασκέπτως
1002 4838 1294 4911 ἐπράξατε,
1329 4837 1424 4890 καὶ
1449 4836 1597 4890 οὐδὲν
1645 4836 1778 4907 πρὸς
1811 4838 1872 4890 τὸ

371 5027 486 5101 (Ῐᾷ)
529 5025 779 5101 sanctus.
817 5023 936 5101 νυέ
990 5021 1142 5088 ἅγιον
1172 5017 1423 5101 deest_in
1809 5085 1822 5101 ε

373 5086 486 5166 (73')
551 5096 633 5166 Ad
686 5096 861 5166 ιςῑτιρε.Δ
898 5086 1082 5166 ρῃεέα
1137 5089 1299 5166 editio
1339 5087 1432 5166 hic_
1478 5086 1624 5166 addit
1669 5086 1870 5166 :“eob;

298 5153 744 5236 ἀπεσταλμένους
769 5159 990 5236 ἀπο,τοῦ
1007 5156 1474 5236 .Κορνηλίου.πρζ›ς
1495 5153 1676 5221 αὐτόν,
1710 5154 1760 5207 id
1791 5164 1872 5236 est

312 5259 329 5287 ι
372 5225 566 5289 missos
616 5249 644 5285 a
676 5230 932 5305 Cornelio
953 5231 1019 5282 ad
1052 5225 1198 5305 eum;
1252 5245 1271 5277 ι
1308 5225 1662 5305 ΑιἸιαιοσι-ιοιι
1712 5225 1870 5277 modo

305 5308 598 5373 Didymus.
619 5304 710 5356 sed
749 5312 802 5354 et
819 5299 1091 5373 _Vulgatus
1118 5299 1395 5373 interpres
1431 5299 1655 5373 omittit.
1760 5360 1786 5373 _

370 5323 402 5356 η
427 5323 588 5361 'IIIIIS.
619 5323 710 5356 580
749 5323 802 5354 Cl
847 5323 1091 5366 vntgalus
1132 5323 1395 5361 tnturpl'ca
1431 5323 1655 5348 υιΙΙιιιιι.

370 5323 486 5446 fit)
559 5371 753 5426 Veluti.
808 5369 1031 5425 Codex:
1089 5360 1199 5419 οἷον
1235 5363 1316 5440 τό.
1343 5363 1506 5434 Lego,
1554 5356 1665 5415 οἷον
1717 5360 1860 5433 τῷ...

297 5445 696 5520 magiam“.
763 5519 766 5520 ,
924 5507 1028 5520 η.
1110 5508 1125 5520 .

372 5501 489 5582 (75')
548 5511 859 5582 Comitelur.
920 5507 1076 5582 Cod._
1107 5504 1397 5582 ἑπομένου..
1449 5501 1680 5582 Legend.
1735 5501 1858 5555 fort.

297 5571 597 5655 ἑτὼμένης.
649 5579 813 5655 [Delie
870 5593 932 5655 se
991 5577 1179 5655 habet,
1214 5571 1565 5655 ’ἑπομένουξη
1595 5571 1858 5655 χάριτοςε

296 5658 376 5709 sic
402 5642 577 5707 'enit'n
636 5642 928 5717 aliquando
970 5646 1202 5717 occurrit
1236 5642 1857 5717 -apudUAlexaudrinos.

299 5725 388 5779 Sic
420 5723 588 5777 etiam
640 5709 797 5790 infra,
843 5715 1082 5790 ῥᾳθυμία
1100 5717 1164 5786 τῇ
1195 5713 1293 5765 οὐκ
1325 5709 1554 5762 ὲνδέοντι
1580 5753 1593 5774 ,
1652 5726 1749 5779 pro
1777 5711 1860 5762 ὲν-

299 5794 514 5865 δεούσῃ.
545 5787 733 5857 Eum]
844 5787 852 5790 ν
888 5787 899 5789 ⁷
1382 5826 1385 5827 ν

632 5882 905 5942 Parnm.
952 5875 1069 5936 Gn.
1115 5869 1408 5938 XXXIX.

1971 4581 2130 4634 qttam
2167 4563 2398 4618 alienum
2430 4565 2498 4619 ab
2530 4564 2841 4634 angelorum
2884 4579 3072 4620 natura
3108 4568 3200 4632 sit,
3230 4579 3286 4622 ut
3319 4583 3528 4636 eorum,

1969 4671 2088 4725 qua:
2115 4655 2292 4709 futura
2327 4664 2472 4717 sunt,
2507 4654 2708 4724 aliquid
2743 4671 2838 4725 per
2868 4657 3075 4724 seipsos
3090 4657 3284 4721 sciant,
3307 4668 3362 4712 et
3383 4661 3531 4715 citre-

1972 4745 2250 4808 matizent,
2292 4744 2343 4795 id
2402 4754 2504 4803 est.
2560 4745 2818 4810 revelant;
2867 4761 2989 4800 eum
3025 4749 3186 4801 etiam
3222 4763 3317 4816 per
3345 4749 3529 4804 Eccle-

1974 4821 2110 4890 siant
2146 4835 2262 4899 Dei,
2293 4850 2411 4902 qua;
2447 4835 2498 4890 in
2530 4835 2630 4888 hoc
2662 4838 2858 4890 mundo
2902 4849 2984 4893 est
3017 4840 3153 4909 (haec
3179 4856 3306 4896 vero
3337 4841 3526 4898 Ecclc-

2041 5018 2189 5090 (76)A
2216 5019 2389 5090 ﬂagiti
2426 5038 2585 5090 quam
2627 5021 2836 5090 pisces._
2870 5019 3231 5076 Proverbialis
3289 5025 3483 5079 locutio
3510 5065 3524 5088 ,

1967 5101 2137 5158 quam
2163 5088 2345 5158 Pollux
2375 5088 2590 5157 quoque
2632 5090 2790 5144 habet
2826 5088 2918 5142 lib.
2961 5107 3034 5151 νι,
3067 5107 3188 5158 cap.
3223 5093 3313 5146 54.

1967 5157 2554 5296 pa('77‘g8MiIti.Ephes.
2595 5175 2674 5221 ιιι,
2715 5161 2769 5227 8,
2795 5158 2827 5211 9
2854 5171 2908 5213 et
2950 5160 3035 5215 10.
3069 5160 3198 5215 Vide
3223 5175 3331 5216 not.
3371 5163 3437 5217 10
3463 5166 3529 5216 ad

2040 5245 2087 5289 κ.
2194 5270 2206 5282 .
2620 5295 2629 5296 7

2047 5295 2160 5367 (78)
2199 5297 2548 5368 Diquensatio.
2594 5295 2846 5366 Vulgatus
2880 5296 3150 5366 interpres
3192 5299 3317 5368 legit
3348 5314 3403 5354 ut
3437 5308 3528 5353 UI-

1971 5366 2180 5435 dytnus.
2213 5370 2281 5418 Αι
2301 5366 2484 5421 Graeca
2510 5369 2673 5421 editio
2699 5368 2855 5422 habet
2898 5386 2910 5420 :
2946 5366 3286 5437 ﬁzowwvia',
3316 5371 3368 5423 id
3407 5380 3490 5424 est
3511 5412 3527 5435 ,

1975 5451 1994 5485 ϐ
2032 5451 2354 5489 COIIIIIIIIIIIO.
2398 5457 2416 5488 δ

2040 5504 2150 5574 (79)
2172 5503 2410 5580 _Cre_avit.
2451 5506 2633 5580 Grtnga
2663 5506 2827 5580 editio
2877 5508 2964 5562 hic
2991 5508 3160 5580 addit,
3203 5508 3300 5580 διὰ
3356 5507 3530 5580 Ἰησοῦ

1967 5573 2224 5645 Χριστοῦ,
2248 5576 2298 5626 id
2319 5587 2420 5639 est,
2433 5593 2450 5624 ι
2463 5592 2558 5644 per
2572 5574 2693 5630 Jesu
2703 5593 2750 5629 ιιι
2773 5576 3064 5632 Christum.
3081 5578 3214 5633 »δοό
3237 5579 3349 5633 haec
3366 5573 3533 5634 verba

1965 5646 2186 5718 omittit,
2235 5654 2430 5718 prazter
2477 5646 2796 5715 Didymum,
2847 5648 3001 5716 Vulg.
3031 5647 3208 5712 etiam.
3246 5650 3532 5718 interpres.

1969 5713 2102 5768 Vide
2131 5713 2309 5783 Segni.
2352 5715 2416 5769 Μ
2445 5733 2494 5768 α.

3146 5869 3220 5927 19
