4082 6406
618 391 722 448 587

1851 381 2081 435 DIDYMI
2122 380 2591 438 ALEXANDRINI

3746 378 3844 433 588

611 510 690 565 sia
717 514 926 562 nosmet
978 503 1080 573 ipsi
1124 503 1330 572 smnus)
1379 501 1473 555 Dei
1522 500 1791 571 magnalia
1841 502 2170 568 perdiscant.

2289 500 2523 570 πρᾶγμα.
2559 500 2692 553 Ούδὲ
2731 500 2838 571 γάρ
2871 501 2918 552 εί
2952 499 3041 552 τὸν
3079 499 3212 554 Θεὸν
3245 499 3462 569 Πατέρα
3495 499 3651 567 φαῖεν
3691 501 3844 570 τυχὸν

611 602 785 665 Atque
810 605 867 649 ut
911 595 962 650 id
1026 594 1199 664 ipsum
1255 591 1584 646 adversariis
1633 592 2056 660 persuadeatur,
2087 588 2176 644 illa

608 689 771 743 etiam
805 684 1017 740 edicere
1062 693 1310 751 possunt,
1341 680 1766 750 nonnullamque
1802 679 1868 733 ad
1929 680 2033 734 hoc
2067 680 2174 732 vim

608 777 830 836 habere,
883 789 1002 844 qua}
1053 771 1464 828 Colossensibus
1524 771 1742 840 scripsit
1797 772 1848 824 in
1882 770 2028 824 hunc
2058 785 2176 824 mo-

610 868 736 919 dum
766 864 916 934 (80):
947 883 966 915 ι
991 863 1304 933 Mysterium
1352 860 1465 931 (8i)
1514 861 1615 914 hoc
1655 860 2024 916 absconditum
2053 867 2178 913 ante

609 957 825 1020 szecula,
858 965 914 1010 et
948 970 977 1008 a
1017 953 1476 1024 generationibus,
1501 952 1646 1022 quod
1682 967 1827 1006 nunc
1858 950 2177 1005 manifesta-

613 1057 723 1101 tum
754 1057 838 1102 est
867 1045 1070 1101 sanctis
1103 1043 1243 1114 ejus.
1298 1061 1316 1094 ι
1367 1040 1538 1096 Antea
1584 1040 1751 1103 enim,
1787 1040 1979 1108 inquit,
2004 1054 2033 1091 a
2069 1035 2179 1093 Deo

612 1147 820 1193 tantum
877 1136 1328 1207 cognoscebatur.
1378 1133 1642 1187 Praeterea
1699 1131 1802 1185 huc
1851 1131 2015 1186 etiam
2046 1130 2177 1184 illud

614 1229 769 1293 facit,
795 1229 939 1298 quod
975 1228 1043 1281 de
1071 1227 1160 1290 iis,
1198 1240 1317 1295 qua:
1345 1225 1597 1280 omnibus
1642 1223 1949 1277 hominibus
1978 1222 2180 1275 utilita-

615 1330 719 1373 tem
748 1317 1068 1382 attulerunt,
1123 1317 1190 1370 de
1219 1316 1288 1371 iis
1326 1315 1558 1378 scilicet,
1588 1329 1707 1382 qua;
1736 1313 1803 1367 ad
1851 1312 2176 1368 ineﬂ‘abilem

612 1409 1043 1464 lncarnationem
1079 1416 1350 1477 spectant,
1398 1406 1546 1461 hisce
1574 1406 1688 1476 (82)
1721 1421 1749 1457 a
1786 1405 1948 1460 Petro
1976 1404 2178 1468 verbis,

614 1509 674 1553 ut
705 1509 860 1553 antea
889 1498 1144 1564 diximus,
1175 1496 1524 1565 pra'dicatmn
1573 1495 1671 1548 fuit
1706 1494 1839 1565 (8'5):
1877 1511 1897 1545 ι
1950 1493 2003 1547 In
2039 1508 2178 1562 quae,

615 1588 805 1656 inquit,
831 1587 1136 1641 desiderant
1162 1585 1336 1655 angeli
1363 1585 1696 1654 prospicere.
1743 1604 1762 1635 ι
1790 1584 2029 1654 Siquam
2052 1598 2182 1637 vero

613 1679 855 1733 innatam
883 1677 1244 1748 cognitionem
1274 1677 1537 1731 haberent
1585 1676 1732 1747 (84),
1764 1676 1853 1730 illa
1888 1691 1982 1744 per
2016 1677 2180 1730 rimas

2279 587 2428 640 ἄλλοι
2453 589 2618 654 τινὲς,
2657 591 2738 643 ὅτι
2785 590 3108 661 χρηματίζει
3143 590 3234 644 καὶ
3266 589 3466 657 ἀγαθός
3498 591 3663 654 ἐστιν,
3707 592 3844 662 ἡμᾶς

2279 679 2340 732 τὸ
2373 680 2608 734 ἐναντίον
2635 682 2816 750 λέγειν
2843 683 3074 753 πρέπον.
3105 683 3257 735 Εῐπω
3287 699 3340 734 τι
3360 682 3488 751 ὑμῖν
3510 681 3605 734 καὶ
3629 682 3844 754 ἓτερονς

2280 771 2514 824 Βλέπετε
2551 773 2626 844 μὴ
2670 773 2760 826 τὸν
2798 774 3210 844 χρηματίσαντα
3251 772 3330 842 τῷ
3361 773 3732 844 ἑκατοντάρχῃ
3759 775 3847 842 ἂγε

2275 862 2454 938 γγελον,
2489 863 2580 916 τὸν
2607 863 2762 933 ἆγιον
2797 865 2904 918 τῶν
2941 865 3110 934 ἁγίων
3142 865 3371 934 Σωτῆρα
3404 861 3574 916 εἶπεν.
3623 863 3714 934 Τῷ
3747 863 3847 934 γὰρ

2278 953 2500 1025 ὀνόματι
2534 955 2706 1026 τούτῳ
2739 958 3202 1030 προσχρησαμένῃ
3236 954 3728 1026 ἐπικεκρυμμένως
3761 956 3845 1008 σὺν

2280 1049 2517 1118 ὲμφάσει
2571 1049 2740 1120 πολλῇ
2801 1051 2896 1104 καὶ
2944 1049 3064 1123 θείᾳ
3113 1049 3240 1122 περὶ
3297 1049 3462 1104 αὑτοῦ
3523 1049 3772 1118 φαίνεται
3822 1050 3853 1117 η

2280 1139 2492 1211 Γραφὴ,
2539 1139 2627 1192 διὰ
2675 1139 2738 1193 τὸ
2785 1141 3034 1211 ἀγγεῖλαι
3092 1142 3150 1194 ἐν
3195 1143 3260 1212 τῇ
3298 1141 3578 1211 οἰκονομίᾳ
3617 1139 3694 1202 ὡς
3730 1138 3852 1192 Υίὸν

2280 1229 2452 1295 Λόγον
2504 1229 2564 1280 τὸ
2614 1230 2876 1300 πατρικὸν
2927 1229 3193 1300 βούλημα.
3243 1230 3315 1282 Ού
3371 1230 3478 1300 γάρ
3534 1225 3686 1282 εἶπεν
3743 1229 3853 1280 ὀνοο

2284 1319 2466 1390 μαστὶ,
2503 1318 2578 1385 ὡς
2607 1319 2763 1372 εἴωθε
2798 1319 2975 1388 λέγειν
2999 1336 3012 1349 ⁸
3046 1318 3284 1390 Μιχαὴλ,
3320 1318 3577 1390 Γαϐριὴλ,
3604 1319 3662 1388 ἢ,
3694 1319 3724 1372 ὁ
3753 1318 3852 1370 δείο

2281 1426 2366 1462 να.
2416 1409 2481 1460 Τί
2529 1408 2708 1462 τοίνυν
2767 1410 2827 1476 ἐξ
2881 1411 3135 1464 ἁπάντων
3191 1411 3298 1463 τῶν
3354 1409 3637 1481 ἡμετέρων
3685 1408 3852 1476 λόγων

2281 1501 2574 1554 αἰτιάσαιτ’
2611 1500 2675 1553 ἄν
2714 1519 2798 1565 τις
2835 1502 3101 1572 εὑλὸγως;
3150 1502 3204 1555 τί
3250 1502 3305 1555 δὲ
3351 1501 3626 1572 μέμψαιτο
3666 1503 3732 1570 τῇ
3765 1499 3852 1551 οὑ-

2281 1590 2514 1662 δαμόθεν
2569 1591 2768 1664 ἐχούσῃ
2811 1593 2872 1644 τὸ
2927 1591 3242 1646 εὐθύνεσθαι
3293 1590 3586 1663 ὀρθοδόξων
3634 1591 3854 1654 πίστεις

2283 1681 2402 1745 πῶς
2436 1681 2491 1734 δὲ
2518 1681 2578 1734 οὑ
2607 1682 2882 1735 πιστεύειν
2907 1682 3076 1751 ἄξιον,
3113 1684 3188 1748 ῶς
3232 1683 3294 1736 τὸ
3323 1683 3476 1752 ἆγιον
3505 1681 3732 1751 Πνεῦμα
3761 1681 3852 1751 βαι

613 1770 804 1825 saltem
859 1772 1166 1840 perspicere
1225 1784 1333 1823 non
1383 1777 1662 1838 optarent;
1704 1767 1866 1839 198
1895 1771 1991 1823 sed
2055 1768 2179 1837 quia

2289 1773 2526 1837 σιλικῶς,
2577 1774 2694 1844 ἢτοι
2745 1774 2959 1838 θεῖκῶς,
3021 1774 3382 1848 χρηματίζειο
3440 1776 3488 1827 oi
3548 1773 3592 1826 δ’
3640 1773 3854 1841 ἄγγελοι

613 1873 734 1914 eam
793 1873 897 1914 non
953 1858 1174 1922 habent,
1230 1859 1284 1912 in
1337 1857 1872 1912 vehementissimuni
1924 1859 2182 1928 quodam-

2289 1863 2690 1935 λειτουργικῶς,
2736 1866 2899 1936 ἠτουν
2935 1866 3290 1932 διακονικῶς;
3334 1866 3410 1930 ὼς
3457 1865 3692 1936 χαλεπὸν
3742 1860 3854 1927 οὖν,

615 1951 798 2013 modo,
827 1960 886 2005 ut
919 1950 1186 2014 homines,
1235 1963 1474 2003 amorem
1516 1948 1754 2003 incidunt
1805 1963 1991 2003 eorum
2045 1963 2181 2019 quo-

618 2060 735 2098 rum
754 2043 1110 2114 cognitionem
1131 2041 1346 2110 assequi
1372 2050 1667 2110 nequeunt.
1697 2041 1881 2096 Solent
1901 2044 2045 2094 enim
2064 2058 2183 2110 qua:

619 2137 834 2191 inventu
874 2134 1088 2204 quidem
1147 2133 1323 2188 facilia
1366 2142 1516 2196 sunt,
1567 2133 1743 2188 obiter
1783 2132 1896 2203 (85)
1923 2133 2069 2187 cerni
2129 2143 2184 2187 et

618 2226 854 2298 despici;
882 2240 1002 2295 quae
1033 2234 1212 2280 autem
1263 2233 1391 2280 sunt
1428 2225 1663 2288 rariora,
1695 2223 1971 2280 restimari.
2001 2223 2184 2293 Neque

619 2334 747 2374 vero
773 2319 824 2374 id
849 2332 916 2373 ex
968 2317 1187 2387 propria
1219 2317 1576 2388 quorumdam
1625 2317 1900 2371 voluntate
1939 2325 2178 2384 repeten-

619 2413 744 2465 dum
767 2419 874 2473 est,
901 2409 1004 2464 sed
1058 2423 1123 2462 ex
1176 2407 1448 2462 conuuuni
1481 2407 1593 2479 (86)
1642 2422 1827 2462 eorum
1862 2418 2067 2462 natura:
2099 2422 2185 2460 ra-

623 2501 790 2556 tione.
831 2498 1001 2554 Porro
1033 2495 1100 2552 de
1151 2498 1402 2553 omnibus
1435 2497 1640 2566 angelis
1673 2498 1723 2552 id
1769 2513 1876 2552 non
1913 2498 2057 2563 dico,
2091 2498 2185 2552 sed

620 2593 686 2647 de
710 2591 1030 2662 quibusdam
1061 2630 1078 2656 ,
1134 2591 1224 2660 qui
1280 2592 1442 2646 veluti
1482 2591 1758 2646 debitores
1787 2599 1932 2654 sunt,
1963 2604 2027 2645 ac
2059 2604 2188 2658 snp-

622 2685 782 2753 plicio
835 2681 1054 2737 obnoxii
1106 2681 1241 2752 (87).
1289 2679 1422 2734 ham
1471 2679 1748 2750 Scriptura
1807 2681 1978 2749 inquit
2023 2696 2036 2710 ο
2081 2678 2183 2732 «εἰ

620 2777 764 2829 enim
793 2774 905 2845 (88)
949 2773 1154 2842 angelis
1187 2772 1535 2843 peccantibus
1561 2773 1702 2828 Deus
1750 2789 1854 2827 non
1885 2774 2180 2842 pepercita

623 2866 902 2933 Qiomodo
975 2879 1103 2933 ergo
1165 2864 1404 2916 innatam
1471 2863 1771 2918 futurorum
1825 2863 2186 2932 cognitionem

626 2957 847 3019 habere,
876 2965 968 3007 aut
991 2955 1207 3024 propria
1259 2955 1582 3008 auctoritate
1624 2956 2023 3009 chrematizare
2063 2954 2188 3024 (hoc

623 3047 955 3111 esl,~c¢litus
987 3046 1291 3114 admonere)
1343 3053 1566 3114 possunt
1623 3055 1680 3098 ut
1737 3045 1912 3099 Deus?
1960 3045 2112 3110 Quod
2143 3044 2188 3098 si

626 3139 724 3206 ipsi
757 3154 856 3194 nec
877 3138 1154 3192 scientiam
1183 3134 1293 3206 (89)
1350 3150 1415 3190 ex
1471 3137 1668 3205 seipsis
1712 3136 1934 3202 habent,
1989 3151 2090 3191 nec
2120 3149 2184 3189 ex

623 3228 838 3299 propria
889 3236 1154 3297 potestate
1189 3227 1603 3292 chrematizant,
1631 3235 1687 3279 ut
1726 3235 1809 3280 est
1864 3227 2029 3280 etiam
2070 3227 2189 3281 sine

626 3319 729 3372 ulla
761 3318 1078 3388 probatione
1107 3330 1202 3382 per
1230 3327 1289 3370 se
1337 3316 1715 3380 manifestum;
1769 3331 1861 3370 vos
1885 3329 2035 3380 vero,
2065 3315 2189 3384 quia

624 3426 790 3464 unum
827 3409 1076 3478 idemque
1106 3407 1525 3462 chreinatizandi
1580 3409 1804 3462 verbum
1831 3409 2193 3463 communiter

527 3547 534 3554 .
627 3509 693 3557 de
717 3502 920 3571 Spiritu
949 3509 1140 3555 sancto
1180 3510 1235 3553 et
1286 3500 1353 3554 de
1411 3499 1617 3568 angelis
1650 3499 1989 3569 praedicatur,
2016 3501 2082 3554 ad
2110 3515 2195 3555 re-

603 3593 1038 3664 prehensionem
1075 3590 1586 3661 accusationemque
1631 3591 1877 3646 conversi
1901 3590 2034 3645 estis
2056 3589 2190 3661 (90):

629 3694 830 3735 temere
858 3693 912 3735 et
943 3683 1245 3736 inconsulte
1284 3679 1493 3749 egistis,
1539 3694 1604 3735 ac
1635 3679 1766 3733 nihil
1789 3682 1858 3733 ad
1887 3695 2017 3734 rem.
2056 3679 2192 3734 Nam

629 3786 695 3826 ne
719 3771 956 3826 siDemn
986 3771 1202 3839 quidem
1229 3770 1448 3824 Patrem
1501 3769 1900 3826 chretnatizare
1953 3771 2029 3840 (id
2084 3780 2192 3836 est,

627 3866 842 3917 oracula
874 3863 1112 3930 fundere,
1170 3873 1262 3916 aut
1300 3863 1582 3930 revelare),
1637 3871 1692 3916 et
1722 3865 1917 3916 bonum
1939 3878 2061 3917 esse
2096 3862 2196 3915 ali-

628 3955 718 4021 qui
751 3953 838 4005 alii
870 3953 1008 4005 lorte
1041 3953 1299 4012 dixerint,
1351 3953 1505 4006 decet
1548 3967 1646 4006 nos
1693 3952 2020 4006 contrarium
2053 3951 2196 4006 auir-

632 4060 800 4098 mare.
826 4047 904 4098 An
935 4044 1189 4112 quiddam
1224 4043 1368 4098 aliud
1396 4045 1548 4098 vobis
1576 4044 1789 4098 dicam?
1815 4041 2023 4109 Videte,
2051 4061 2197 4114 quze~

632 4152 718 4199 so,
746 4151 872 4189 num
906 4149 1003 4206 per
1024 4135 1296 4204 angelum,
1326 4135 1416 4203 qui
1437 4133 1744 4190 centurioni
1763 4135 2191 4202 chrematizavit,

635 4243 728 4284 seu
753 4227 1280 4294 calwecresponeum
1323 4226 1744 4290 deuit,S.iiictus
1783 4239 2116 4292 sanctorum,
2143 4229 2198 4283 id

635 4331 720 4376 est
757 4320 1049 4385 .Salvator,
1086 4321 1441 4391 signiﬁcetur.
1491 4320 1623 4374 Nam
1661 4320 1760 4376 hoc
1786 4323 1948 4376 etiam
1981 4321 2199 4377 nomine

635 4427 1022 4469 arcano-sensu
1071 4413 1236 4468 multa
1273 4429 1394 4468 cum
1425 4413 1668 4482 emphasi
1708 4429 1772 4467 ac
1818 4413 1996 4468 divina
2049 4411 2199 4468 Scri-

2283 1955 2430 2010 καθά
2462 1973 2646 2028 φησιν,
2681 1957 2882 2010 οἰάκων
2913 1956 3154 2028 ἔχεσθαι,
3195 1959 3303 2028 ὅτῳ
3335 1956 3736 2027 κυϐερνητικῆς
3763 1957 3854 2026 οὑχ

2285 2047 2510 2102 ὕπεστιν
2535 2063 2546 2076 ·
2579 2046 2720 2100 οὓτω
2753 2047 2989 2117 χαλεπὸν
3025 2048 3118 2102 καὶ
3157 2047 3449 2108 διδάσκειν,
3487 2047 3595 2116 ὅτῳ
3626 2047 3659 2116 ἡ
3696 2046 3857 2116 χάρις

2277 2139 2378 2194 τοῦ
2407 2138 2551 2192 θείου
2591 2137 2929 2208 Πνεύματος,
2963 2140 2997 2208 ἠ
3030 2137 3140 2191 τῶν
3171 2135 3470 2208 ἀνθρώπων
3509 2136 3608 2188 σὺν
3631 2135 3712 2206 τῷ
3752 2135 3846 2187 ﬂa-

2283 2230 2372 2303 τρὶ
2407 2231 2500 2283 καὶ
2536 2227 2614 2299 τῷ
2640 2227 2753 2298 Υίῷ
2782 2226 3120 2298 ἐργαζομένη
3154 2227 3251 2297 τὴν
3294 2225 3585 2296 σωτηρίαν,
3619 2225 3682 2277 οὑ
3716 2224 3856 2294 πάρα

2285 2340 2452 2384 εστιν,
2499 2319 2622 2374 οὔτε
2671 2319 2819 2374 ἐστὶν
2858 2319 2918 2373 τὸ
2957 2320 3154 2399 είὺέναι
3204 2319 3304 2390 τὴν
3343 2319 3437 2372 καὶ
3481 2319 3538 2372 ὲν
3569 2319 3682 2380 τοῖς
3722 2318 3855 2370 αἰνί-

2285 2431 2487 2486 γμασιν
2521 2413 2629 2467 τῶν
2664 2413 2862 2481 λογίων
2909 2411 3305 2482 εὑρισκομένην
3329 2410 3413 2482 [91
3452 2408 3510 2482 a]
3538 2408 3854 2478 ἀσφάλειαν.

2286 2504 2380 2558 καὶ
2407 2504 2506 2574 τὴν
2536 2503 2642 2556 ἀπὸ
2678 2503 2778 2572 τῆς
2807 2503 3115 2572 ἐπιστήμης
3149 2499 3256 2553 τῶν
3290 2499 3496 2552 πιστῶν
3527 2497 3741 2568 ἀνδρῶν
3775 2497 3856 2550 διο

2284 2597 2513 2668 δομένην
2545 2595 2840 2666 ἀπόκρισιν
2867 2611 2880 2624 ·
2916 2594 3012 2648 καὶ
3043 2594 3149 2662 ὅτῳ
3180 2592 3480 2664 ἐριστικῆς,
3525 2590 3619 2644 καὶ
3653 2589 3858 2644 ἀντιλο-

2287 2688 2469 2758 γικῆς,
2525 2687 2618 2741 καὶ
2668 2685 2918 2755 ποικίλης
2983 2683 3366 2754 προαιρέσεως
3422 2683 3547 2735 ἄνευ
3596 2682 3700 2734 οὑκ
3747 2682 3859 2734 ἔστι

2286 2781 2444 2848 λόγου
2477 2775 2746 2849 προφορά.
2777 2771 2909 2829 Οἶδα
2943 2774 3000 2828 δὲ
3039 2773 3243 2842 σαφῶς,
3277 2766 3322 2826 ὦ
3347 2772 3650 2842 εὐδόκιμοι,
3683 2772 3861 2824 καὶτὸ

2287 2870 2534 2941 οὐράνιον
2561 2868 2676 2936 φῶς
2707 2865 3082 2927 κατοικοῦντες
3113 2864 3332 2932 ἄγγελοι
3359 2862 3450 2916 τοῦ
3482 2861 3642 2928 Θεοῦ,
3672 2863 3861 2931 ὅτιπερ

2288 2962 2474 3031 ὑμεῖς,
2498 2959 2572 3023 ὡς
2609 2958 2888 3028 ἄμεμπτοι
2923 2955 3018 3010 καὶ
3055 2955 3278 3010 τέλειοι.
3311 2954 3408 3007 οὑκ
3437 2952 3737 3024 ἠχθέσθη-σε
3772 2953 3861 3004 ἐπὶ

2287 3053 2400 3114 τοῖς
2427 3049 2665 3119 λεχθεῖσι
2690 3049 2817 3118 παρ’
2841 3045 2994 3118 ἐμοῦ,
3051 3047 3213 3099 ἕνεκα
3239 3045 3345 3098 τῶν
3375 3045 3517 3097 κατὰ
3545 3043 3644 3114 τὴν
3679 3043 3859 3113 φύσιν,

2289 3145 2350 3198 οὐ
2381 3142 2522 3196 κατά
2561 3141 2620 3194 τὸ
2649 3139 2932 3194 ἐπαινετὸν
2959 3141 3056 3210 τῆς
3083 3137 3327 3209 γνώμης,
3359 3136 3559 3208 ὁμοίων
3592 3137 3724 3206 ὑμῖν
3767 3136 3862 3202 ἁγ-

2291 3235 2500 3304 γέλωνο
2541 3227 2620 3295 οἷς
2653 3231 2711 3298 ἐξ
2757 3231 2932 3302 ἀρχῆς
2988 3229 3193 3301 μέμψις
3237 3227 3741 3299 παρηκολούθησεν,
3789 3227 3863 3290 ὡς

2293 3328 2387 3380 καὶ
2417 3326 2728 3396 αίρετικοῖς,
2751 3326 2862 3386 τοῖς
2885 3324 2966 3386 είς
2995 3321 3157 3392 μέσον
3183 3322 3425 3390 ἄγουσιν,
3449 3321 3525 3382 ὠς
3547 3319 3647 3372 οὑκ
3677 3319 3861 3389 ἐχρῆν,

2291 3416 2360 3470 τά
2392 3417 2518 3486 ἄρτι
2554 3412 2994 3484 μνημονευθέντα
3013 3427 3028 3440 ο
3052 3411 3245 3474 οἵτινες
3277 3411 3403 3480 ὑμῖν
3430 3407 3670 3480 μάλιστα
3701 3409 3863 3460 άπεί·

2295 3507 2445 3561 θανοί
2486 3523 2630 3570 τινες
2659 3505 2794 3576 πρὸς
2819 3504 2912 3557 τὸν
2941 3502 3085 3556 κατὰ
3115 3504 3214 3573 τῆς
3243 3501 3498 3572 ἀληθείας
3521 3499 3714 3568 ἀγῶνα
3744 3500 3864 3568 φαί-

2294 3615 2494 3652 νονται.
2555 3597 2614 3650 ’0
2661 3595 2770 3666 γὰρ
2819 3595 2974 3663 λόγος
3019 3593 3109 3664 μοί
3141 3595 3291 3646 ἐστιν
3341 3591 3482 3662 ὑπὲρ
3535 3591 3631 3644 τοῦ
3681 3591 3864 3644 θεῖκοῦ

2295 3689 2633 3761 Πνεύματος,
2673 3688 2766 3742 τοῦ
2806 3686 3126 3757 φωτίζοντος
3154 3685 3390 3746 ἅπαντα,
3424 3685 3518 3738 καὶ
3550 3683 3863 3754 φιλοτιμου-

2299 3782 2462 3853 μένου
2497 3781 2566 3834 τά
2599 3779 2755 3834 θεῖκά
2799 3781 2910 3842 τοῖς
2944 3777 3204 3848 κτίσμασι
3225 3791 3240 3806 ·
3275 3775 3368 3830 τοῦ
3400 3775 3612 3846 Πατρὸς
3647 3774 3742 3828 καὶ
3773 3773 3864 3828 τοῦ

2296 3871 2631 3941 Μονογενοῦς
2672 3870 2835 3924 αὑτοῦ
2887 3869 3193 3940 ἐφάμιλλα,
3251 3867 3343 3920 τοῦ
3396 3867 3726 3936 άγιάσαντος
3777 3866 3865 3920 καὶ

2297 3965 2462 4036 ὑμᾶς,
2493 3966 2586 4017 καὶ
2622 3962 3073 4032 συνδοξαζομένου
3109 3963 3238 4033 παρ’
3278 3959 3453 4031 ὑμῶν,
3490 3960 3604 4030 ἅμα
3642 3959 3724 4030 τῷ
3755 3961 3866 4014 Πα-

2295 4057 2423 4130 τρὶ,
2449 4057 2542 4110 κα)⁸
2574 4055 2652 4127 τῷ
2690 4053 2824 4126 Υίῷ,
2872 4054 2961 4108 διὰ
2995 4045 3090 4106 τοῦ
3129 4051 3414 4124 τρισαγίου
3449 4051 3622 4107 αἴνου.
3655 4052 3865 4107 Mallos

2296 4148 2353 4203 δὲ
2389 4149 2480 4203 καὶ
2512 4147 2974 4210 συνεπενεύσατε,
3024 4145 3248 4216 Πνεῦμα
3289 4143 3446 4197 τοῦτο
3491 4145 3591 4214 τῆς
3637 4144 3868 4198 ὑποστάς

2300 4258 2438 4304 σεως
2475 4238 2570 4293 τοῦ
2598 4236 2734 4292 Θεοῦ
2775 4237 2854 4301 ἓν,
2883 4239 2977 4291 καὶ
3010 4237 3188 4307 μόνον,
3240 4237 3337 4289 καὶ
3386 4235 3514 4288 Θεὸν
3547 4236 3869 4307 άνευφημή-

2300 4331 2452 4387 σαντί
2494 4348 2614 4402 μοι·
2653 4331 2747 4384 καὶ
2783 4329 3071 4382 ἐϐούλεσθε
3107 4328 3172 4381 ἂν
3212 4328 3352 4398 τάχα
3381 4327 3783 4399 (πανηγυρίζει
3819 4327 3870 4381 δέ

2303 4435 2393 4489 μοι
2439 4418 2498 4469 ἐν
2540 4414 2621 4486 τῷ
2663 4415 2817 4486 μέρει
2847 4413 3022 4484 τούτῳ
3060 4413 3122 4465 τὸ
3163 4411 3413 4483 βιϐλίον),
3454 4411 3520 4464 δι’
3567 4410 3872 4482 ὑπερϐολὴν

635 4504 1082 4572 μιυωμ-υὺὶοιιθ
1110 4519 1176 4558 eo
1203 4503 1461 4573 loquitur,
1492 4519 1643 4559 usam
1663 4518 1784 4559 esse
1803 4514 2040 4569 constat,
2070 4519 2187 4574 pro-

2298 4508 2509 4572 εὑνοίας
2557 4505 2730 4577 ὑμῶν,
2764 4505 2863 4575 τῆς
2906 4503 3034 4574 περὶ
3066 4502 3164 4574 τὴν
3209 4502 3414 4573 σεπτὴν
3455 4501 3548 4554 καὶ
3587 4501 3873 4571 ὁμοούσιοι

635 4608 818 4665 pterea
877 4597 1005 4668 quia
1047 4597 1103 4651 is
1162 4597 1217 4650 in
1262 4595 1660 4660 lnearnatione,
1723 4608 1990 4666 quatenus
2027 4594 2198 4651 Filius

636 4687 892 4758 Verbum,
936 4699 1227 4760 paternam
1283 4689 1614 4744 voluntatem
1664 4688 1910 4760 ἤγγειλε,
1953 4689 2053 4744 hoc
2089 4698 2195 4753 est,

636 4782 980 4836 annuntiaait.
1021 4779 1131 4836 Nec
1179 4782 1324 4835 enim
1367 4782 1501 4835 dixit
1559 4782 1907 4844 nominatim,
1962 4790 2022 4834 ut
2056 4780 2200 4835 solet

637 4877 850 4938 dicere.
887 4875 1134 4940 Michael,
1172 4876 1410 4937 Gabriel,
1445 4889 1542 4930 nec
1563 4885 1781 4930 "certum
1822 4875 1966 4929 aliud
2003 4873 2197 4942 bujus-

637 4966 782 5023 modi
821 4982 1015 5022 nomen
1075 4967 1338 5022 adhibuit.
1377 4966 1643 5034 Quidnam
1683 4981 1817 5035 ergo
1873 4967 1927 5020 in
1951 4967 2200 5021 omnibus

639 5058 902 5114 doctrinis
988 5058 1188 5112 nostris
1273 5059 1464 5115 merito
1542 5057 1823 5112 criminari
1911 5057 2033 5126 quis
2105 5071 2197 5125 po-

710 5213 820 5282 (80)
861 5210 925 5265 In
961 5214 1098 5265 hunc
1141 5211 1376 5266 modum.
1415 5211 1593 5282 Codex
1655 5209 1897 5282 τοιῶσδε,
1933 5225 2199 5282 nonvern

639 5280 886 5351 τοιώσδενῖ
918 5282 994 5335 lla
1029 5281 1155 5336 alibi
1202 5283 1362 5335 habet
1386 5281 1584 5351 τοιῇδε,
1614 5280 1974 5351 “conﬂarem.
2022 5281 2194 5334 Simili

643 5355 801 5408 modo
824 5349 1115 5421 Esvhylus
1149 5351 1301 5421 initio
1331 5349 1624 5405 Promethei
1652 5349 1806 5421 uincti
1842 5350 2000 5405 habet
2025 5351 2197 5414 τοιᾶς,

640 5435 692 5478 et
720 5437 861 5477 vers.
893 5419 1020 5486 257,
1049 5419 1294 5479 τοιῶσδε,
1323 5433 1375 5475 et
1407 5421 1602 5474 similia
1631 5419 1779 5474 abbi.

710 5493 822 5562 (8i)
864 5489 1193 5559 Mysterium.
1224 5489 1433 5544 Coloss.
1462 5490 1620 5562 1,726.
1651 5489 1836 5545 Graeca
1859 5489 2022 5562 editio
2046 5489 2206 5559 paulo

639 5559 830 5625 aiiter',
859 5563 1046 5613 eodem
1091 5570 1264 5613 tamen
1291 5575 1470 5612 sensu.
1513 5560 1640 5613 Vide
1671 5575 1838 5626 segni.
1879 5559 1979 5612 160
2009 5578 2062 5613 a.

714 5632 825 5698 (δῖ)
866 5629 1039 5682 Hisce.
1071 5631 1252 5698 Codex
1283 5632 1394 5692 τοῖς
1419 5629 1472 5680 δέ
1493 5668 1506 5690 ,
1544 5646 1638 5697 pro
1673 5629 1864 5682 τοῖσδε.

714 5702 824 5770 (83.)
868 5699 930 5752 In
969 5715 1106 5769 qua’.
1153 5697 1208 5752 In
1246 5700 1416 5770 prima
1453 5700 1592 5770 l’etr.
1635 5716 1669 5764 I,
1705 5700 1791 5754 ιε.
1842 5698 1971 5754 Viue
2000 5708 2110 5753 not.
2135 5699 2200 5762 5,

640 5787 764 5841 pag.
810 5769 941 5841 ltili,
978 5780 1032 5824 et
1066 5783 1184 5841 qua;
1232 5769 1487 5841 Didymus
1549 5769 1711 5841 habet
1754 5772 2097 5825 enarratione
2147 5771 2201 5824 in

645 5837 865 5908 primam
897 5837 1044 5896 Petri
1073 5837 1140 5894 ad
1175 5839 1315 5896 hunc
1349 5838 1690 5896 versiculum.

2301 4599 2536 4674 Τριάδα,
2576 4597 2817 4669 ὑμέτερά
2864 4613 2924 4650 τε
2983 4593 3122 4649 εἶναι
3170 4597 3392 4667 ῥήματα
3428 4594 3494 4646 τά
3535 4596 3600 4647 ἐκ
3639 4593 3745 4662 τῆς
3771 4592 3876 4646 τῶν

2303 4688 2535 4762 Γραφῶν
2587 4687 2824 4750 διανοίας
2873 4685 3129 4757 λεχθέντα
3180 4684 3332 4756 παρὰ
3354 4684 3580 4749 πολλῶν,
3635 4685 3735 4738 καὶ
3787 4684 3882 4736 νῦν

2305 4782 2434 4852 παρ’
2459 4777 2614 4850 ἐμοῦ,
2655 4778 2750 4831 καὶ
2797 4777 3067 4849 μηδέποτε
3103 4777 3311 4848 σιωπὴν
3335 4776 3540 4839 τούτοις
3579 4776 3884 4848 ἐπιϐληθῆ-

2304 4890 2425 4937 ναι,
2457 4871 2550 4924 καὶ
2595 4869 2804 4934 πάντας
2847 4869 2904 4922 δέ
2955 4869 3078 4932 τοὺς
3126 4869 3446 4939 ἀνθρώπους
3472 4870 3569 4938 τὴν
3612 4869 3726 4922 ἀπὸ
3774 4868 3884 4921 τῶν

2306 4963 2647 5035 πραγμάτων
2681 4961 2876 5033 σχολὴν
2923 4961 3162 5032 δαπανᾷν
3188 4961 3268 5024 είς
3300 4958 3558 5014 ὑπόθεσιν
3594 4959 3880 5029 τοιαύτην.

2306 5054 2607 5126 Τοιγαροῦν
2638 5053 2728 5108 διὰ
2755 5053 2933 5118 τοῦτο,
2977 5052 3156 5123 κρίσει
3190 5053 3258 5124 τῇ
3300 5051 3614 5123 ὑπερτάτη,
3651 5052 3720 5105 σὺ
3765 5051 3885 5122 μὲν,

2405 5345 2494 5416 86)
2521 5346 2604 5401 Ea.
2619 5347 2903 5401 communi.
2924 5345 3164 5416 Leg.'lib.
3186 5345 3262 5400 De
3279 5347 3370 5409 Sp.
3387 5363 3434 5401 ε.
3456 5345 3611 5401 num.
3637 5345 3708 5400 12
3728 5361 3787 5402 et
3803 5347 3888 5400 l5.

2409 5416 2790 5487 87))0bnoxii.
2847 5416 3016 5487 Totus
3055 5419 3142 5472 hic
3181 5418 3332 5472 locus
3379 5418 3536 5486 paulo
3576 5418 3892 5487 perplexim-

2310 5484 2712 5546 est'in'Grazco.
2743 5487 2900 5541 Deest
2930 5484 3160 5542 fortasse
3193 5484 3592 5555 aliqua‘dictio.

2387 5558 2498 5628 (88)
2538 5555 2782 5628 Sienim.
2823 5556 3163 5628 lnﬂsecunda
3187 5555 3428 5628 Petr._n,
3456 5555 3511 5609 4.

2386 5625 2498 5697 (89)
2537 5625 2843 5697 Sciendum.
2872 5625 3050 5697 Codex
3073 5666 3088 5689 ,
3114 5626 3312 5680 εἴσασι.
3343 5625 3508 5696 Lego.
3535 5627 3708 5680 ἴσασι.

2383 5695 2494 5766 (90)
2533 5695 2780 5750 Conversi
2806 5698 2950 5751 estis.
2993 5695 3200 5750 Ludere
3236 5695 3446 5766 videtur
3488 5699 3540 5750 in
3575 5697 3786 5765 duplici
3815 5697 3889 5751 si-

2309 5764 2652 5841 gniﬁcatione
2683 5780 2868 5823 vocum
2900 5764 3317 5838 κατηγορεῖσθαι
3355 5775 3410 5823 et
3450 5764 3792 5838 κατηγορία.

2404 5209 2494 5278 84)
2540 5207 2826 5278 Haberent.
2867 5205 3073 5278 Codex,
3103 5206 3247 5278 ἕχον.
3279 5205 3419 5278 Lego
3457 5201 3625 5278 εἶχον.

2404 5209 2494 5278 84)
2540 5209 2826 5262 Haberent.
2867 5209 3073 5269 Codex,
3103 5209 3129 5259 ἕ
3168 5225 3247 5262 ον.
3279 5209 3419 5278 Lego
3457 5209 3625 5278 εἶχον.

2405 5280 2473 5334 85
2537 5276 2736 5350 Obiter.
2767 5278 2970 5340 Codex,
3009 5277 3106 5348 την
3133 5225 3331 5340 άλλως.
3377 5279 3550 5348 Lego,
3579 5276 3888 5347 τηνάλλως.

2405 5350 2472 5403 86
2521 5346 2604 5401 Ea.
2619 5347 2903 5401 communi.
2924 5346 3052 5416 Leg.
3073 5349 3164 5402 lib.
3186 5345 3262 5400 De
3279 5347 3434 5409 Sp.e.
3463 5362 3611 5401 num.
3637 5348 3708 5400 12
3728 5347 3888 5402 etl5.

2409 5419 2474 5473 87
2516 5417 2790 5490 _0bnoa:ii.
2847 5416 3016 5490 Totus
3055 5419 3142 5472 hic
3181 5418 3332 5490 locus
3379 5418 3536 5486 paulo
3576 5418 3888 5487 perplexius
