  <div class='ocr_page' id='page_1' title='image "/cluster/home/n/w/nwhite01/storage/ocr_20150623/39/hvd.32044037979440/306.png"; bbox 0 0 4082 6406; ppageno 0'>
   <div class='ocr_carea' id='block_1_1' title="bbox 269 387 362 442">
    <p class='ocr_par' dir='ltr' id='par_1_1' title="bbox 269 387 362 442">
     <span class='ocr_line' id='line_1_1' title="bbox 269 387 362 442; baseline 0 0"><span class='ocrx_word' id='word_1_1' title='bbox 269 387 362 442; x_wconf 80' lang='grc'><strong>589</strong></span> 
     </span>
    </p>
   </div>
   <div class='ocr_carea' id='block_1_2' title="bbox 1279 381 2439 439">
    <p class='ocr_par' dir='ltr' id='par_1_2' title="bbox 1279 381 2439 439">
     <span class='ocr_line' id='line_1_2' title="bbox 1279 381 2439 439; baseline -0.001 -1"><span class='ocrx_word' id='word_1_2' title='bbox 1279 384 1367 438; x_wconf 80' lang='lat' dir='ltr'><strong>DE</strong></span> <span class='ocrx_word' id='word_1_3' title='bbox 1406 383 1776 439; x_wconf 72' lang='lat' dir='ltr'><strong>TRINITA&#39;I&#39;E</strong></span> <span class='ocrx_word' id='word_1_4' title='bbox 1818 381 2017 435; x_wconf 71' lang='lat' dir='ltr'><strong>LIBER</strong></span> <span class='ocrx_word' id='word_1_5' title='bbox 2060 382 2439 439; x_wconf 72' lang='lat' dir='ltr'><strong>SECUNDUS.</strong></span> 
     </span>
    </p>
   </div>
   <div class='ocr_carea' id='block_1_3' title="bbox 3387 404 3494 461">
    <p class='ocr_par' dir='ltr' id='par_1_3' title="bbox 3387 404 3494 461">
     <span class='ocr_line' id='line_1_3' title="bbox 3387 404 3494 461; baseline 0.037 -4"><span class='ocrx_word' id='word_1_6' title='bbox 3387 404 3494 461; x_wconf 79' lang='lat'><strong>590</strong></span> 
     </span>
    </p>
   </div>
   <div class='ocr_carea' id='block_1_4' title="bbox 265 495 1850 583">
    <p class='ocr_par' dir='ltr' id='par_1_4' title="bbox 265 495 1831 573">
     <span class='ocr_line' id='line_1_4' title="bbox 265 495 1831 573; baseline -0.001 -18"><span class='ocrx_word' id='word_1_7' title='bbox 265 495 308 555; x_wconf 85' lang='grc' dir='ltr'><strong>ῶ</strong></span> <span class='ocrx_word' id='word_1_8' title='bbox 347 502 468 570; x_wconf 69' lang='grc' dir='ltr'>ἅγιε</span> <span class='ocrx_word' id='word_1_9' title='bbox 521 500 762 573; x_wconf 80' lang='grc' dir='ltr'>Μιχαὴλ,</span> <span class='ocrx_word' id='word_1_10' title='bbox 814 501 1000 573; x_wconf 78' lang='grc' dir='ltr'>ἄρχειν</span> <span class='ocrx_word' id='word_1_11' title='bbox 1041 501 1150 554; x_wconf 82' lang='grc' dir='ltr'><strong>τῶν</strong></span> <span class='ocrx_word' id='word_1_12' title='bbox 1205 502 1513 571; x_wconf 81' lang='grc' dir='ltr'><strong>ἀσωμάτων</strong></span> <span class='ocrx_word' id='word_1_13' title='bbox 1563 501 1831 573; x_wconf 83' lang='grc' dir='ltr'><strong>στρατιῶν</strong></span> 
     </span>
    </p>
   </div>
   <div class='ocr_carea' id='block_1_5' title="bbox 1951 495 3498 583">
    <p class='ocr_par' dir='ltr' id='par_1_5' title="bbox 1951 502 3498 583">
     <span class='ocr_line' id='line_1_5' title="bbox 1951 502 3498 583; baseline 0.019 -29"><span class='ocrx_word' id='word_1_14' title='bbox 1951 502 2092 556; x_wconf 85' lang='lat' dir='ltr'><strong>est?</strong></span> <span class='ocrx_word' id='word_1_15' title='bbox 2160 514 2250 558; x_wconf 88' lang='lat' dir='ltr'><strong>attt</strong></span> <span class='ocrx_word' id='word_1_16' title='bbox 2312 508 2439 575; x_wconf 87' lang='lat' dir='ltr'><strong>quid</strong></span> <span class='ocrx_word' id='word_1_17' title='bbox 2506 517 2608 572; x_wconf 88' lang='lat' dir='ltr'><strong>est,</strong></span> <span class='ocrx_word' id='word_1_18' title='bbox 2666 512 2718 565; x_wconf 94' lang='lat' dir='ltr'><strong>in</strong></span> <span class='ocrx_word' id='word_1_19' title='bbox 2781 527 2887 583; x_wconf 89' lang='lat' dir='ltr'><strong>quo</strong></span> <span class='ocrx_word' id='word_1_20' title='bbox 2949 516 3365 578; x_wconf 77' lang='lat' dir='ltr'><strong>orthodoxorum</strong></span> <span class='ocrx_word' id='word_1_21' title='bbox 3432 526 3498 582; x_wconf 77' lang='lat' dir='ltr'><strong>ﬁ-</strong></span> 
     </span>
    </p>
   </div>
   <div class='ocr_carea' id='block_1_6' title="bbox 265 589 1833 667">
    <p class='ocr_par' dir='ltr' id='par_1_6' title="bbox 265 589 1833 667">
     <span class='ocr_line' id='line_1_6' title="bbox 265 589 1833 667; baseline -0.001 -20"><span class='ocrx_word' id='word_1_22' title='bbox 265 594 702 666; x_wconf 83' lang='grc' dir='ltr'>προεχειρίσθης,</span> <span class='ocrx_word' id='word_1_23' title='bbox 753 595 847 648; x_wconf 76' lang='grc' dir='ltr'>καὶ</span> <span class='ocrx_word' id='word_1_24' title='bbox 890 593 1034 667; x_wconf 77' lang='grc' dir='ltr'><strong>ζώνῃ</strong></span> <span class='ocrx_word' id='word_1_25' title='bbox 1067 589 1178 647; x_wconf 76' lang='grc' dir='ltr'>οἷον</span> <span class='ocrx_word' id='word_1_26' title='bbox 1208 596 1491 666; x_wconf 80' lang='grc' dir='ltr'>νοερᾷ[91</span> <span class='ocrx_word' id='word_1_27' title='bbox 1544 594 1598 666; x_wconf 83' lang='lat' dir='ltr'><strong>b]</strong></span> <span class='ocrx_word' id='word_1_28' title='bbox 1642 596 1833 666; x_wconf 83' lang='grc' dir='ltr'>ὲτιμή-</span> 
     </span>
    </p>
   </div>
   <div class='ocr_carea' id='block_1_7' title="bbox 266 686 1834 759">
    <p class='ocr_par' dir='ltr' id='par_1_7' title="bbox 266 686 1834 759">
     <span class='ocr_line' id='line_1_7' title="bbox 266 686 1834 759; baseline -0.001 -18"><span class='ocrx_word' id='word_1_29' title='bbox 266 687 382 759; x_wconf 86' lang='grc' dir='ltr'>θης,</span> <span class='ocrx_word' id='word_1_30' title='bbox 418 686 511 740; x_wconf 73' lang='grc' dir='ltr'><strong>καὶ</strong></span> <span class='ocrx_word' id='word_1_31' title='bbox 535 686 732 739; x_wconf 77' lang='grc' dir='ltr'><strong>εὐωδία</strong></span> <span class='ocrx_word' id='word_1_32' title='bbox 767 704 849 749; x_wconf 88' lang='grc' dir='ltr'><strong>τις</strong></span> <span class='ocrx_word' id='word_1_33' title='bbox 882 687 981 758; x_wconf 83' lang='grc' dir='ltr'>τῆς</span> <span class='ocrx_word' id='word_1_34' title='bbox 1008 686 1225 741; x_wconf 86' lang='grc' dir='ltr'>πάντων</span> <span class='ocrx_word' id='word_1_35' title='bbox 1260 688 1628 759; x_wconf 73' lang='grc' dir='ltr'>δεσποζΟὐσης</span> <span class='ocrx_word' id='word_1_36' title='bbox 1661 705 1834 740; x_wconf 87' lang='grc' dir='ltr'>πανα-</span> 
     </span>
    </p>
   </div>
   <div class='ocr_carea' id='block_1_8' title="bbox 264 766 1834 851">
    <p class='ocr_par' dir='ltr' id='par_1_8' title="bbox 264 766 1834 851">
     <span class='ocr_line' id='line_1_8' title="bbox 264 766 1834 851; baseline 0 -19"><span class='ocrx_word' id='word_1_37' title='bbox 264 766 391 847; x_wconf 69' lang='grc' dir='ltr'>γοῦς</span> <span class='ocrx_word' id='word_1_38' title='bbox 445 779 541 832; x_wconf 73' lang='grc' dir='ltr'><strong>καὶ</strong></span> <span class='ocrx_word' id='word_1_39' title='bbox 588 779 932 850; x_wconf 84' lang='grc' dir='ltr'>οίκτίρμονος</span> <span class='ocrx_word' id='word_1_40' title='bbox 961 779 1189 850; x_wconf 86' lang='grc' dir='ltr'>Τριὰδος</span> <span class='ocrx_word' id='word_1_41' title='bbox 1242 779 1527 851; x_wconf 75' lang='grc' dir='ltr'><strong>ὑπάρχεις⁵</strong></span> <span class='ocrx_word' id='word_1_42' title='bbox 1566 781 1629 832; x_wconf 79' lang='grc' dir='ltr'><strong>σὺ</strong></span> <span class='ocrx_word' id='word_1_43' title='bbox 1661 779 1749 842; x_wconf 83' lang='grc' dir='ltr'>δὲ,</span> <span class='ocrx_word' id='word_1_44' title='bbox 1788 772 1834 832; x_wconf 85' lang='grc' dir='ltr'><strong>ῶ</strong></span> 
     </span>
    </p>
   </div>
   <div class='ocr_carea' id='block_1_9' title="bbox 266 870 1835 944">
    <p class='ocr_par' dir='ltr' id='par_1_9' title="bbox 266 870 1835 944">
     <span class='ocr_line' id='line_1_9' title="bbox 266 870 1835 944; baseline -0.002 -18"><span class='ocrx_word' id='word_1_45' title='bbox 266 871 386 939; x_wconf 82' lang='grc' dir='ltr'>ἅγιε</span> <span class='ocrx_word' id='word_1_46' title='bbox 445 870 721 942; x_wconf 80' lang='grc' dir='ltr'>Γαϐριὴλ,</span> <span class='ocrx_word' id='word_1_47' title='bbox 784 870 1202 941; x_wconf 77' lang='grc' dir='ltr'><strong>διακονήσασθαι</strong></span> <span class='ocrx_word' id='word_1_48' title='bbox 1259 871 1338 941; x_wconf 81' lang='grc' dir='ltr'>τῷ</span> <span class='ocrx_word' id='word_1_49' title='bbox 1387 871 1670 944; x_wconf 81' lang='grc' dir='ltr'><strong>μυστηρίῳ</strong></span> <span class='ocrx_word' id='word_1_50' title='bbox 1736 872 1835 942; x_wconf 82' lang='grc' dir='ltr'>τῆς</span> 
     </span>
    </p>
   </div>
   <div class='ocr_carea' id='block_1_10' title="bbox 266 961 1833 1033">
    <p class='ocr_par' dir='ltr' id='par_1_10' title="bbox 266 961 1833 1033">
     <span class='ocr_line' id='line_1_10' title="bbox 266 961 1833 1033; baseline -0.001 -18"><span class='ocrx_word' id='word_1_51' title='bbox 266 961 543 1033; x_wconf 59' lang='grc' dir='ltr'>ἀφράστου</span> <span class='ocrx_word' id='word_1_52' title='bbox 572 961 900 1031; x_wconf 78' lang='grc' dir='ltr'><strong>οἰκονομίας,</strong></span> <span class='ocrx_word' id='word_1_53' title='bbox 932 962 1007 1025; x_wconf 83' lang='grc' dir='ltr'>ὡς</span> <span class='ocrx_word' id='word_1_54' title='bbox 1034 962 1302 1032; x_wconf 79' lang='grc' dir='ltr'>ἐχέμυθος</span> <span class='ocrx_word' id='word_1_55' title='bbox 1343 964 1436 1016; x_wconf 80' lang='grc' dir='ltr'>καὶ</span> <span class='ocrx_word' id='word_1_56' title='bbox 1480 962 1688 1026; x_wconf 86' lang='grc' dir='ltr'>πιστὸς,</span> <span class='ocrx_word' id='word_1_57' title='bbox 1716 962 1833 1029; x_wconf 75' lang='grc' dir='ltr'><strong>ἐξε-</strong></span> 
     </span>
    </p>
   </div>
   <div class='ocr_carea' id='block_1_11' title="bbox 266 1052 1837 1125">
    <p class='ocr_par' dir='ltr' id='par_1_11' title="bbox 266 1052 1837 1125">
     <span class='ocr_line' id='line_1_11' title="bbox 266 1052 1837 1125; baseline 0 -19"><span class='ocrx_word' id='word_1_58' title='bbox 266 1054 450 1125; x_wconf 74' lang='grc' dir='ltr'>λέγηςο</span> <span class='ocrx_word' id='word_1_59' title='bbox 479 1054 636 1118; x_wconf 80' lang='grc' dir='ltr'>ἀλλος</span> <span class='ocrx_word' id='word_1_60' title='bbox 665 1054 721 1107; x_wconf 79' lang='grc' dir='ltr'>δὲ</span> <span class='ocrx_word' id='word_1_61' title='bbox 748 1052 909 1125; x_wconf 83' lang='grc' dir='ltr'>άλλῳ,</span> <span class='ocrx_word' id='word_1_62' title='bbox 938 1053 1059 1106; x_wconf 81' lang='grc' dir='ltr'>οὐδὲ</span> <span class='ocrx_word' id='word_1_63' title='bbox 1098 1055 1352 1124; x_wconf 77' lang='grc' dir='ltr'>αἰτήσας,</span> <span class='ocrx_word' id='word_1_64' title='bbox 1392 1053 1654 1124; x_wconf 85' lang='grc' dir='ltr'>θεοσδὸτῳ</span> <span class='ocrx_word' id='word_1_65' title='bbox 1680 1052 1837 1124; x_wconf 89' lang='grc' dir='ltr'>χαρί-</span> 
     </span>
    </p>
   </div>
   <div class='ocr_carea' id='block_1_12' title="bbox 272 1145 1837 1218">
    <p class='ocr_par' dir='ltr' id='par_1_12' title="bbox 272 1145 1837 1218">
     <span class='ocr_line' id='line_1_12' title="bbox 272 1145 1837 1218; baseline 0.001 -20"><span class='ocrx_word' id='word_1_66' title='bbox 272 1163 434 1215; x_wconf 82' lang='grc' dir='ltr'>σματι</span> <span class='ocrx_word' id='word_1_67' title='bbox 452 1147 780 1217; x_wconf 86' lang='grc' dir='ltr'>τετίμηται,</span> <span class='ocrx_word' id='word_1_68' title='bbox 807 1146 903 1216; x_wconf 82' lang='grc' dir='ltr'><strong>οἴῳ</strong></span> <span class='ocrx_word' id='word_1_69' title='bbox 932 1146 1005 1217; x_wconf 84' lang='grc' dir='ltr'>μὴ</span> <span class='ocrx_word' id='word_1_70' title='bbox 1036 1147 1131 1200; x_wconf 70' lang='grc' dir='ltr'>καὶ</span> <span class='ocrx_word' id='word_1_71' title='bbox 1156 1147 1355 1218; x_wconf 72' lang='grc' dir='ltr'>ἕτεροι,</span> <span class='ocrx_word' id='word_1_72' title='bbox 1380 1147 1474 1200; x_wconf 75' lang='grc' dir='ltr'><strong>καὶ</strong></span> <span class='ocrx_word' id='word_1_73' title='bbox 1506 1149 1603 1217; x_wconf 82' lang='grc' dir='ltr'>οἴῳ</span> <span class='ocrx_word' id='word_1_74' title='bbox 1635 1146 1710 1217; x_wconf 80' lang='grc' dir='ltr'>μὴ</span> <span class='ocrx_word' id='word_1_75' title='bbox 1743 1145 1837 1200; x_wconf 74' lang='grc' dir='ltr'><strong>καὶ</strong></span> 
     </span>
    </p>
   </div>
   <div class='ocr_carea' id='block_1_13' title="bbox 274 1235 1838 1310">
    <p class='ocr_par' dir='ltr' id='par_1_13' title="bbox 274 1235 1838 1310">
     <span class='ocr_line' id='line_1_13' title="bbox 274 1235 1838 1310; baseline 0 -19"><span class='ocrx_word' id='word_1_76' title='bbox 274 1239 462 1307; x_wconf 73' lang='grc' dir='ltr'>ἡμεῖς’</span> <span class='ocrx_word' id='word_1_77' title='bbox 488 1235 627 1291; x_wconf 82' lang='grc' dir='ltr'>ἀλλὰ</span> <span class='ocrx_word' id='word_1_78' title='bbox 654 1238 748 1290; x_wconf 69' lang='grc' dir='ltr'><strong>καὶ</strong></span> <span class='ocrx_word' id='word_1_79' title='bbox 779 1239 939 1307; x_wconf 88' lang='grc' dir='ltr'>ήμεῖς</span> <span class='ocrx_word' id='word_1_80' title='bbox 961 1277 977 1299; x_wconf 92' lang='grc'><strong>,</strong></span> <span class='ocrx_word' id='word_1_81' title='bbox 1013 1238 1111 1307; x_wconf 80' lang='grc' dir='ltr'>οἵῳ</span> <span class='ocrx_word' id='word_1_82' title='bbox 1153 1237 1226 1309; x_wconf 82' lang='grc' dir='ltr'><strong>μή</strong></span> <span class='ocrx_word' id='word_1_83' title='bbox 1265 1238 1359 1291; x_wconf 76' lang='grc' dir='ltr'><strong>καὶ</strong></span> <span class='ocrx_word' id='word_1_84' title='bbox 1396 1239 1571 1309; x_wconf 85' lang='grc' dir='ltr'><strong>ὑμεῖς.</strong></span> <span class='ocrx_word' id='word_1_85' title='bbox 1630 1240 1689 1293; x_wconf 86' lang='grc' dir='ltr'>Ὀ</span> <span class='ocrx_word' id='word_1_86' title='bbox 1728 1238 1838 1310; x_wconf 84' lang='grc' dir='ltr'>γὰρ</span> 
     </span>
    </p>
   </div>
   <div class='ocr_carea' id='block_1_14' title="bbox 278 1326 1839 1400">
    <p class='ocr_par' dir='ltr' id='par_1_14' title="bbox 278 1326 1839 1400">
     <span class='ocr_line' id='line_1_14' title="bbox 278 1326 1839 1400; baseline 0.002 -22"><span class='ocrx_word' id='word_1_87' title='bbox 278 1326 400 1389; x_wconf 81' lang='grc' dir='ltr'><strong>Θεὸς</strong></span> <span class='ocrx_word' id='word_1_88' title='bbox 437 1326 645 1395; x_wconf 86' lang='grc' dir='ltr'>Λόγος,</span> <span class='ocrx_word' id='word_1_89' title='bbox 692 1327 753 1380; x_wconf 84' lang='grc' dir='ltr'><strong>οὐ</strong></span> <span class='ocrx_word' id='word_1_90' title='bbox 807 1326 896 1379; x_wconf 78' lang='grc' dir='ltr'><strong>διὰ</strong></span> <span class='ocrx_word' id='word_1_91' title='bbox 936 1328 1061 1391; x_wconf 78' lang='grc' dir='ltr'><strong>τούς</strong></span> <span class='ocrx_word' id='word_1_92' title='bbox 1104 1330 1526 1400; x_wconf 84' lang='grc' dir='ltr'>ἁμαρτήσαντας</span> <span class='ocrx_word' id='word_1_93' title='bbox 1573 1328 1839 1397; x_wconf 79' lang='grc' dir='ltr'><strong>ἀγγέλους</strong></span> 
     </span>
    </p>
   </div>
   <div class='ocr_carea' id='block_1_15' title="bbox 274 1416 1840 1492">
    <p class='ocr_par' dir='ltr' id='par_1_15' title="bbox 274 1416 1840 1492">
     <span class='ocr_line' id='line_1_15' title="bbox 274 1416 1840 1492; baseline 0.002 -20"><span class='ocrx_word' id='word_1_94' title='bbox 274 1417 522 1487; x_wconf 81' lang='grc' dir='ltr'>ἄγγελος,</span> <span class='ocrx_word' id='word_1_95' title='bbox 564 1416 700 1471; x_wconf 88' lang='grc' dir='ltr'><strong>ἁλλά</strong></span> <span class='ocrx_word' id='word_1_96' title='bbox 733 1418 819 1471; x_wconf 83' lang='grc' dir='ltr'>διά</span> <span class='ocrx_word' id='word_1_97' title='bbox 856 1418 980 1482; x_wconf 74' lang='grc' dir='ltr'>τοὺς</span> <span class='ocrx_word' id='word_1_98' title='bbox 1019 1420 1076 1471; x_wconf 81' lang='grc' dir='ltr'><strong>ἐν</strong></span> <span class='ocrx_word' id='word_1_99' title='bbox 1114 1420 1360 1492; x_wconf 80' lang='grc' dir='ltr'>ἁμαρτίᾳ</span> <span class='ocrx_word' id='word_1_100' title='bbox 1388 1420 1704 1492; x_wconf 82' lang='grc' dir='ltr'>ἀνθρώπους</span> <span class='ocrx_word' id='word_1_101' title='bbox 1746 1419 1840 1475; x_wconf 85' lang='grc' dir='ltr'>άν-</span> 
     </span>
    </p>
   </div>
   <div class='ocr_carea' id='block_1_16' title="bbox 275 1508 1841 1587">
    <p class='ocr_par' dir='ltr' id='par_1_16' title="bbox 275 1508 1841 1587">
     <span class='ocr_line' id='line_1_16' title="bbox 275 1508 1841 1587; baseline 0.006 -27"><span class='ocrx_word' id='word_1_102' title='bbox 275 1508 510 1577; x_wconf 83' lang='grc' dir='ltr'>θρωπος,</span> <span class='ocrx_word' id='word_1_103' title='bbox 534 1508 825 1579; x_wconf 82' lang='grc' dir='ltr'>ἄτρεπτος,</span> <span class='ocrx_word' id='word_1_104' title='bbox 853 1509 1171 1581; x_wconf 82' lang='grc' dir='ltr'>ἀσυγχύτως</span> <span class='ocrx_word' id='word_1_105' title='bbox 1191 1551 1204 1574; x_wconf 93' lang='grc'><strong>,</strong></span> <span class='ocrx_word' id='word_1_106' title='bbox 1229 1512 1647 1584; x_wconf 87' lang='grc' dir='ltr'>ἀναμαρτήτως,</span> <span class='ocrx_word' id='word_1_107' title='bbox 1670 1515 1841 1587; x_wconf 83' lang='grc' dir='ltr'>ἀφρά-</span> 
     </span>
    </p>
   </div>
   <div class='ocr_carea' id='block_1_17' title="bbox 276 1594 1841 1675">
    <p class='ocr_par' dir='ltr' id='par_1_17' title="bbox 276 1594 1841 1675">
     <span class='ocr_line' id='line_1_17' title="bbox 276 1594 1841 1675; baseline 0.005 -24"><span class='ocrx_word' id='word_1_108' title='bbox 276 1614 432 1662; x_wconf 85' lang='grc' dir='ltr'>στως,</span> <span class='ocrx_word' id='word_1_109' title='bbox 455 1598 532 1662; x_wconf 81' lang='grc' dir='ltr'>ὡς</span> <span class='ocrx_word' id='word_1_110' title='bbox 567 1594 677 1651; x_wconf 77' lang='grc' dir='ltr'>οἶδε</span> <span class='ocrx_word' id='word_1_111' title='bbox 702 1600 796 1652; x_wconf 69' lang='grc' dir='ltr'><strong>καὶ</strong></span> <span class='ocrx_word' id='word_1_112' title='bbox 824 1600 1123 1675; x_wconf 74' lang='grc' dir='ltr'>ήϐουλήθη,</span> <span class='ocrx_word' id='word_1_113' title='bbox 1160 1603 1227 1654; x_wconf 84' lang='grc' dir='ltr'>ὲκ</span> <span class='ocrx_word' id='word_1_114' title='bbox 1266 1602 1365 1673; x_wconf 82' lang='grc' dir='ltr'>τῆς</span> <span class='ocrx_word' id='word_1_115' title='bbox 1394 1604 1669 1675; x_wconf 81' lang='grc' dir='ltr'>Παρθένου</span> <span class='ocrx_word' id='word_1_116' title='bbox 1693 1647 1708 1670; x_wconf 95' lang='grc'><strong>,</strong></span> <span class='ocrx_word' id='word_1_117' title='bbox 1747 1606 1841 1659; x_wconf 77' lang='grc' dir='ltr'><strong>καὶ</strong></span> 
     </span>
    </p>
   </div>
   <div class='ocr_carea' id='block_1_18' title="bbox 272 1672 1839 1766">
    <p class='ocr_par' dir='ltr' id='par_1_18' title="bbox 272 1672 1839 1766">
     <span class='ocr_line' id='line_1_18' title="bbox 272 1672 1839 1766; baseline 0.004 -22"><span class='ocrx_word' id='word_1_118' title='bbox 272 1689 409 1745; x_wconf 85' lang='grc' dir='ltr'><strong>κατά</strong></span> <span class='ocrx_word' id='word_1_119' title='bbox 440 1690 539 1763; x_wconf 81' lang='grc' dir='ltr'><strong>τήν</strong></span> <span class='ocrx_word' id='word_1_120' title='bbox 583 1690 760 1762; x_wconf 83' lang='grc' dir='ltr'>σάρκα</span> <span class='ocrx_word' id='word_1_121' title='bbox 804 1672 971 1762; x_wconf 83' lang='grc' dir='ltr'>αὐτῆς</span> <span class='ocrx_word' id='word_1_122' title='bbox 1015 1672 1109 1747; x_wconf 75' lang='grc' dir='ltr'>καὶ</span> <span class='ocrx_word' id='word_1_123' title='bbox 1150 1694 1366 1748; x_wconf 84' lang='grc' dir='ltr'>πάντων</span> <span class='ocrx_word' id='word_1_124' title='bbox 1395 1672 1551 1766; x_wconf 87' lang='grc' dir='ltr'>ήμῶν</span> <span class='ocrx_word' id='word_1_125' title='bbox 1603 1698 1839 1765; x_wconf 79' lang='grc' dir='ltr'>ἐγένετο,</span> 
     </span>
    </p>
   </div>
   <div class='ocr_carea' id='block_1_19' title="bbox 275 1778 1839 1853">
    <p class='ocr_par' dir='ltr' id='par_1_19' title="bbox 275 1778 1839 1853">
     <span class='ocr_line' id='line_1_19' title="bbox 275 1778 1839 1853; baseline 0.006 -20"><span class='ocrx_word' id='word_1_126' title='bbox 275 1783 464 1853; x_wconf 88' lang='grc' dir='ltr'>μείνας</span> <span class='ocrx_word' id='word_1_127' title='bbox 522 1780 552 1833; x_wconf 85' lang='grc' dir='ltr'><strong>ὂ</strong></span> <span class='ocrx_word' id='word_1_128' title='bbox 595 1778 683 1853; x_wconf 80' lang='grc' dir='ltr'>ἦν,</span> <span class='ocrx_word' id='word_1_129' title='bbox 730 1783 823 1835; x_wconf 79' lang='grc' dir='ltr'><strong>καὶ</strong></span> <span class='ocrx_word' id='word_1_130' title='bbox 859 1783 995 1845; x_wconf 81' lang='grc' dir='ltr'>ἔστι,</span> <span class='ocrx_word' id='word_1_131' title='bbox 1037 1784 1129 1839; x_wconf 79' lang='grc' dir='ltr'><strong>καὶ</strong></span> <span class='ocrx_word' id='word_1_132' title='bbox 1187 1785 1358 1851; x_wconf 80' lang='grc' dir='ltr'>ἔσται,</span> <span class='ocrx_word' id='word_1_133' title='bbox 1400 1782 1480 1850; x_wconf 76' lang='grc' dir='ltr'><strong>εἷς</strong></span> <span class='ocrx_word' id='word_1_134' title='bbox 1528 1788 1621 1842; x_wconf 75' lang='grc' dir='ltr'>καὶ</span> <span class='ocrx_word' id='word_1_135' title='bbox 1667 1789 1695 1840; x_wconf 87' lang='grc' dir='ltr'>ὁ</span> <span class='ocrx_word' id='word_1_136' title='bbox 1745 1790 1839 1842; x_wconf 85' lang='grc' dir='ltr'>αὐ-</span> 
     </span>
    </p>
   </div>
   <div class='ocr_carea' id='block_1_20' title="bbox 270 1842 1916 1950">
    <p class='ocr_par' dir='ltr' id='par_1_20' title="bbox 270 1842 1916 1950">
     <span class='ocr_line' id='line_1_20' title="bbox 270 1842 1916 1950; baseline 0.006 -25"><span class='ocrx_word' id='word_1_137' title='bbox 270 1842 379 1933; x_wconf 67' lang='grc' dir='ltr'>τός.</span> <span class='ocrx_word' id='word_1_138' title='bbox 427 1842 578 1936; x_wconf 28' lang='grc' dir='ltr'>«νΕίς</span> <span class='ocrx_word' id='word_1_139' title='bbox 616 1842 742 1944; x_wconf 77' lang='grc' dir='ltr'>γάρ,</span> <span class='ocrx_word' id='word_1_140' title='bbox 809 1842 994 1945; x_wconf 76' lang='grc' dir='ltr'>φησὶν,</span> <span class='ocrx_word' id='word_1_141' title='bbox 1054 1874 1226 1943; x_wconf 76' lang='grc' dir='ltr'>ἅγιος,</span> <span class='ocrx_word' id='word_1_142' title='bbox 1271 1842 1357 1941; x_wconf 66' lang='grc' dir='ltr'>εἷς</span> <span class='ocrx_word' id='word_1_143' title='bbox 1388 1842 1591 1949; x_wconf 68' lang='grc' dir='ltr'>Κόριος</span> <span class='ocrx_word' id='word_1_144' title='bbox 1641 1880 1844 1950; x_wconf 80' lang='grc' dir='ltr'>Ἰησοῦς</span> <span class='ocrx_word' id='word_1_145' title='bbox 1877 1842 1916 1896; x_wconf 75' lang='grc' dir='ltr'><strong>Β</strong></span> 
     </span>
    </p>
   </div>
   <div class='ocr_carea' id='block_1_21' title="bbox 270 1964 1843 2039">
    <p class='ocr_par' dir='ltr' id='par_1_21' title="bbox 270 1964 1843 2039">
     <span class='ocr_line' id='line_1_21' title="bbox 270 1964 1843 2039; baseline 0.005 -21"><span class='ocrx_word' id='word_1_146' title='bbox 270 1964 547 2039; x_wconf 81' lang='grc' dir='ltr'>Χριστὸς,</span> <span class='ocrx_word' id='word_1_147' title='bbox 598 1966 678 2028; x_wconf 84' lang='grc' dir='ltr'><strong>είς</strong></span> <span class='ocrx_word' id='word_1_148' title='bbox 734 1964 891 2031; x_wconf 82' lang='grc' dir='ltr'>δόξαν</span> <span class='ocrx_word' id='word_1_149' title='bbox 947 1966 1078 2020; x_wconf 82' lang='grc' dir='ltr'><strong>Θεοῦ</strong></span> <span class='ocrx_word' id='word_1_150' title='bbox 1141 1968 1369 2039; x_wconf 84' lang='grc' dir='ltr'>Πατρός.</span> <span class='ocrx_word' id='word_1_151' title='bbox 1411 1989 1429 2023; x_wconf 75' lang='grc' dir='ltr'><strong>ι</strong></span> <span class='ocrx_word' id='word_1_152' title='bbox 1476 1971 1587 2024; x_wconf 78' lang='grc' dir='ltr'><strong>Καὶ</strong></span> <span class='ocrx_word' id='word_1_153' title='bbox 1634 1972 1843 2038; x_wconf 76' lang='grc' dir='ltr'>οὕτως,</span> 
     </span>
    </p>
   </div>
   <div class='ocr_carea' id='block_1_22' title="bbox 270 2056 1847 2134">
    <p class='ocr_par' dir='ltr' id='par_1_22' title="bbox 270 2056 1847 2134">
     <span class='ocr_line' id='line_1_22' title="bbox 270 2056 1847 2134; baseline 0.005 -24"><span class='ocrx_word' id='word_1_154' title='bbox 270 2056 343 2120; x_wconf 84' lang='grc' dir='ltr'>ὡς</span> <span class='ocrx_word' id='word_1_155' title='bbox 366 2056 481 2111; x_wconf 75' lang='grc' dir='ltr'><strong>ἀπὸ</strong></span> <span class='ocrx_word' id='word_1_156' title='bbox 501 2056 606 2127; x_wconf 83' lang='grc' dir='ltr'>γῆς</span> <span class='ocrx_word' id='word_1_157' title='bbox 627 2057 707 2119; x_wconf 89' lang='grc' dir='ltr'><strong>εἰς</strong></span> <span class='ocrx_word' id='word_1_158' title='bbox 728 2056 988 2129; x_wconf 77' lang='grc' dir='ltr'>οὐρανοὺς</span> <span class='ocrx_word' id='word_1_159' title='bbox 1009 2058 1197 2131; x_wconf 84' lang='grc' dir='ltr'>ἀνέϐη,</span> <span class='ocrx_word' id='word_1_160' title='bbox 1225 2061 1346 2130; x_wconf 68' lang='grc' dir='ltr'>ἥξει</span> <span class='ocrx_word' id='word_1_161' title='bbox 1367 2062 1426 2115; x_wconf 82' lang='grc' dir='ltr'><strong>τὸ</strong></span> <span class='ocrx_word' id='word_1_162' title='bbox 1448 2062 1717 2134; x_wconf 83' lang='grc' dir='ltr'>δεύτερον,</span> <span class='ocrx_word' id='word_1_163' title='bbox 1741 2064 1847 2118; x_wconf 82' lang='grc' dir='ltr'>δια-</span> 
     </span>
    </p>
   </div>
   <div class='ocr_carea' id='block_1_23' title="bbox 271 2148 1847 2225">
    <p class='ocr_par' dir='ltr' id='par_1_23' title="bbox 271 2148 1847 2225">
     <span class='ocr_line' id='line_1_23' title="bbox 271 2148 1847 2225; baseline 0.005 -22"><span class='ocrx_word' id='word_1_164' title='bbox 271 2149 617 2219; x_wconf 87' lang='grc' dir='ltr'>κονουμένων</span> <span class='ocrx_word' id='word_1_165' title='bbox 664 2148 814 2219; x_wconf 86' lang='grc' dir='ltr'>αὐτῷ</span> <span class='ocrx_word' id='word_1_166' title='bbox 860 2149 1163 2219; x_wconf 83' lang='grc' dir='ltr'>ἀγγελικῶν</span> <span class='ocrx_word' id='word_1_167' title='bbox 1206 2153 1509 2224; x_wconf 78' lang='grc' dir='ltr'>εὐδοκίμων</span> <span class='ocrx_word' id='word_1_168' title='bbox 1554 2156 1847 2225; x_wconf 82' lang='grc' dir='ltr'>φαλάγγων</span> 
     </span>
    </p>
   </div>
   <div class='ocr_carea' id='block_1_24' title="bbox 275 2241 1848 2320">
    <p class='ocr_par' dir='ltr' id='par_1_24' title="bbox 275 2241 1848 2320">
     <span class='ocr_line' id='line_1_24' title="bbox 275 2241 1848 2320; baseline 0.004 -24"><span class='ocrx_word' id='word_1_169' title='bbox 275 2242 488 2315; x_wconf 84' lang='grc' dir='ltr'>μυρίων</span> <span class='ocrx_word' id='word_1_170' title='bbox 514 2241 810 2314; x_wconf 80' lang='grc' dir='ltr'>μυριάδων,</span> <span class='ocrx_word' id='word_1_171' title='bbox 834 2244 929 2296; x_wconf 76' lang='grc' dir='ltr'><strong>καὶ</strong></span> <span class='ocrx_word' id='word_1_172' title='bbox 943 2243 1025 2297; x_wconf 74' lang='grc' dir='ltr'>ἔτι</span> <span class='ocrx_word' id='word_1_173' title='bbox 1047 2244 1140 2299; x_wconf 72' lang='grc' dir='ltr'><strong>καὶ</strong></span> <span class='ocrx_word' id='word_1_174' title='bbox 1165 2248 1341 2315; x_wconf 90' lang='grc' dir='ltr'>κρινεί</span> <span class='ocrx_word' id='word_1_175' title='bbox 1363 2248 1455 2301; x_wconf 69' lang='grc' dir='ltr'>καὶ</span> <span class='ocrx_word' id='word_1_176' title='bbox 1478 2249 1689 2320; x_wconf 81' lang='grc' dir='ltr'>ποιήσει</span> <span class='ocrx_word' id='word_1_177' title='bbox 1707 2250 1848 2303; x_wconf 80' lang='grc' dir='ltr'>κατὰ</span> 
     </span>
    </p>
   </div>
   <div class='ocr_carea' id='block_1_25' title="bbox 270 2332 1844 2411">
    <p class='ocr_par' dir='ltr' id='par_1_25' title="bbox 270 2332 1844 2411">
     <span class='ocr_line' id='line_1_25' title="bbox 270 2332 1844 2411; baseline 0.011 -28"><span class='ocrx_word' id='word_1_178' title='bbox 270 2334 367 2405; x_wconf 78' lang='grc' dir='ltr'>τὴν</span> <span class='ocrx_word' id='word_1_179' title='bbox 396 2332 810 2404; x_wconf 78' lang='grc' dir='ltr'>φιλανθρωπίαν</span> <span class='ocrx_word' id='word_1_180' title='bbox 842 2334 1028 2390; x_wconf 82' lang='grc' dir='ltr'>αὐτοῦ.</span> <span class='ocrx_word' id='word_1_181' title='bbox 1057 2336 1149 2390; x_wconf 83' lang='grc' dir='ltr'><strong>Διὸ</strong></span> <span class='ocrx_word' id='word_1_182' title='bbox 1174 2338 1312 2407; x_wconf 88' lang='grc' dir='ltr'><strong>μετὰ</strong></span> <span class='ocrx_word' id='word_1_183' title='bbox 1350 2337 1449 2402; x_wconf 85' lang='grc' dir='ltr'>τὰς</span> <span class='ocrx_word' id='word_1_184' title='bbox 1501 2339 1844 2411; x_wconf 75' lang='grc' dir='ltr'>Ἐκκλησίας,</span> 
     </span>
    </p>
   </div>
   <div class='ocr_carea' id='block_1_26' title="bbox 270 2422 1847 2501">
    <p class='ocr_par' dir='ltr' id='par_1_26' title="bbox 270 2422 1847 2501">
     <span class='ocr_line' id='line_1_26' title="bbox 270 2422 1847 2501; baseline 0.002 -20"><span class='ocrx_word' id='word_1_185' title='bbox 270 2426 366 2481; x_wconf 75' lang='grc' dir='ltr'><strong>καὶ</strong></span> <span class='ocrx_word' id='word_1_186' title='bbox 384 2422 528 2480; x_wconf 74' lang='grc' dir='ltr'>οἴκοι</span> <span class='ocrx_word' id='word_1_187' title='bbox 550 2424 830 2496; x_wconf 86' lang='grc' dir='ltr'>εὐκτήριοι</span> <span class='ocrx_word' id='word_1_188' title='bbox 853 2425 931 2497; x_wconf 80' lang='grc' dir='ltr'><strong>τῷ</strong></span> <span class='ocrx_word' id='word_1_189' title='bbox 969 2425 1109 2498; x_wconf 84' lang='grc' dir='ltr'><strong>Θεῷ,</strong></span> <span class='ocrx_word' id='word_1_190' title='bbox 1153 2427 1253 2499; x_wconf 84' lang='grc' dir='ltr'>τῆς</span> <span class='ocrx_word' id='word_1_191' title='bbox 1291 2430 1665 2501; x_wconf 84' lang='grc' dir='ltr'>προσηγορίας</span> <span class='ocrx_word' id='word_1_192' title='bbox 1694 2430 1847 2501; x_wconf 84' lang='grc' dir='ltr'>ὑμῶν</span> 
     </span>
    </p>
   </div>
   <div class='ocr_carea' id='block_1_27' title="bbox 270 2512 1849 2591">
    <p class='ocr_par' dir='ltr' id='par_1_27' title="bbox 270 2512 1849 2591">
     <span class='ocr_line' id='line_1_27' title="bbox 270 2512 1849 2591; baseline -0.001 -16"><span class='ocrx_word' id='word_1_193' title='bbox 270 2520 578 2591; x_wconf 74' lang='grc' dir='ltr'>ἐπώνυμοι,</span> <span class='ocrx_word' id='word_1_194' title='bbox 605 2512 651 2572; x_wconf 81' lang='grc' dir='ltr'><strong>ὦ</strong></span> <span class='ocrx_word' id='word_1_195' title='bbox 678 2519 969 2589; x_wconf 82' lang='grc' dir='ltr'>εὐάρεστος</span> <span class='ocrx_word' id='word_1_196' title='bbox 994 2517 1227 2590; x_wconf 74' lang='grc' dir='ltr'>ξυνωρὶς</span> <span class='ocrx_word' id='word_1_197' title='bbox 1253 2520 1631 2591; x_wconf 86' lang='grc' dir='ltr'>ἁρχαγγέλων,</span> <span class='ocrx_word' id='word_1_198' title='bbox 1662 2520 1760 2574; x_wconf 86' lang='grc' dir='ltr'><strong>οὐκ</strong></span> <span class='ocrx_word' id='word_1_199' title='bbox 1790 2522 1849 2574; x_wconf 82' lang='grc' dir='ltr'><strong>έν</strong></span> 
     </span>
    </p>
   </div>
   <div class='ocr_carea' id='block_1_28' title="bbox 276 2609 1850 2684">
    <p class='ocr_par' dir='ltr' id='par_1_28' title="bbox 276 2609 1850 2684">
     <span class='ocr_line' id='line_1_28' title="bbox 276 2609 1850 2684; baseline 0.001 -19"><span class='ocrx_word' id='word_1_200' title='bbox 276 2613 467 2683; x_wconf 79' lang='grc' dir='ltr'>μόναις</span> <span class='ocrx_word' id='word_1_201' title='bbox 509 2612 633 2674; x_wconf 89' lang='grc' dir='ltr'>ταῖς</span> <span class='ocrx_word' id='word_1_202' title='bbox 668 2610 908 2674; x_wconf 84' lang='grc' dir='ltr'>πόλεσιν,</span> <span class='ocrx_word' id='word_1_203' title='bbox 952 2609 1089 2664; x_wconf 85' lang='grc' dir='ltr'><strong>ἀλλὰ</strong></span> <span class='ocrx_word' id='word_1_204' title='bbox 1127 2611 1222 2665; x_wconf 81' lang='grc' dir='ltr'><strong>καὶ</strong></span> <span class='ocrx_word' id='word_1_205' title='bbox 1258 2614 1550 2675; x_wconf 85' lang='grc' dir='ltr'>στενωποῖς</span> <span class='ocrx_word' id='word_1_206' title='bbox 1583 2611 1690 2684; x_wconf 77' lang='grc' dir='ltr'><strong>ἰδίᾳ</strong></span> <span class='ocrx_word' id='word_1_207' title='bbox 1712 2654 1727 2675; x_wconf 82' lang='grc'><strong>,</strong></span> <span class='ocrx_word' id='word_1_208' title='bbox 1756 2614 1850 2666; x_wconf 82' lang='grc' dir='ltr'><strong>καὶ</strong></span> 
     </span>
    </p>
   </div>
   <div class='ocr_carea' id='block_1_29' title="bbox 268 2702 1847 2777">
    <p class='ocr_par' dir='ltr' id='par_1_29' title="bbox 268 2702 1847 2777">
     <span class='ocr_line' id='line_1_29' title="bbox 268 2702 1847 2777; baseline 0 -19"><span class='ocrx_word' id='word_1_209' title='bbox 268 2705 494 2768; x_wconf 78' lang='grc' dir='ltr'>οἰκίαις.</span> <span class='ocrx_word' id='word_1_210' title='bbox 525 2705 621 2756; x_wconf 75' lang='grc' dir='ltr'><strong>καὶ</strong></span> <span class='ocrx_word' id='word_1_211' title='bbox 645 2705 836 2774; x_wconf 86' lang='grc' dir='ltr'>ἀγροῖς</span> <span class='ocrx_word' id='word_1_212' title='bbox 870 2702 1218 2774; x_wconf 76' lang='grc' dir='ltr'>ἱδρὺσθησαν,</span> <span class='ocrx_word' id='word_1_213' title='bbox 1244 2705 1451 2774; x_wconf 82' lang='grc' dir='ltr'>χρυσῷ,</span> <span class='ocrx_word' id='word_1_214' title='bbox 1477 2705 1571 2758; x_wconf 69' lang='grc' dir='ltr'><strong>καὶ</strong></span> <span class='ocrx_word' id='word_1_215' title='bbox 1596 2705 1847 2777; x_wconf 82' lang='grc' dir='ltr'>ἀργύρῳ,</span> 
     </span>
    </p>
   </div>
   <div class='ocr_carea' id='block_1_30' title="bbox 280 2791 1850 2867">
    <p class='ocr_par' dir='ltr' id='par_1_30' title="bbox 280 2791 1850 2867">
     <span class='ocr_line' id='line_1_30' title="bbox 280 2791 1850 2867; baseline 0.005 -25"><span class='ocrx_word' id='word_1_216' title='bbox 280 2792 316 2861; x_wconf 76' lang='grc' dir='ltr'><strong>ἢ</strong></span> <span class='ocrx_word' id='word_1_217' title='bbox 348 2793 443 2844; x_wconf 76' lang='grc' dir='ltr'><strong>καὶ</strong></span> <span class='ocrx_word' id='word_1_218' title='bbox 474 2792 729 2858; x_wconf 65' lang='grc' dir='ltr'>ἐλέφαντι</span> <span class='ocrx_word' id='word_1_219' title='bbox 774 2791 1138 2861; x_wconf 84' lang='grc' dir='ltr'>κοσμηθέντες</span> <span class='ocrx_word' id='word_1_220' title='bbox 1162 2809 1177 2823; x_wconf 87' lang='grc'><strong>·</strong></span> <span class='ocrx_word' id='word_1_221' title='bbox 1212 2791 1354 2847; x_wconf 72' lang='grc' dir='ltr'>ἴασίν</span> <span class='ocrx_word' id='word_1_222' title='bbox 1394 2811 1454 2847; x_wconf 88' lang='grc' dir='ltr'>τε</span> <span class='ocrx_word' id='word_1_223' title='bbox 1493 2796 1541 2847; x_wconf 82' lang='grc' dir='ltr'><strong>οἱ</strong></span> <span class='ocrx_word' id='word_1_224' title='bbox 1574 2794 1850 2867; x_wconf 75' lang='grc' dir='ltr'>ἀνθρωττοι</span> 
     </span>
    </p>
   </div>
   <div class='ocr_carea' id='block_1_31' title="bbox 281 2883 1851 2959">
    <p class='ocr_par' dir='ltr' id='par_1_31' title="bbox 281 2883 1851 2959">
     <span class='ocr_line' id='line_1_31' title="bbox 281 2883 1851 2959; baseline 0.001 -20"><span class='ocrx_word' id='word_1_225' title='bbox 281 2885 375 2939; x_wconf 70' lang='grc' dir='ltr'>καὶ</span> <span class='ocrx_word' id='word_1_226' title='bbox 413 2886 493 2949; x_wconf 82' lang='grc' dir='ltr'><strong>είς</strong></span> <span class='ocrx_word' id='word_1_227' title='bbox 534 2883 609 2938; x_wconf 83' lang='grc' dir='ltr'>τὰ</span> <span class='ocrx_word' id='word_1_228' title='bbox 646 2883 916 2955; x_wconf 84' lang='grc' dir='ltr'>ἀπωτέρω</span> <span class='ocrx_word' id='word_1_229' title='bbox 955 2884 1055 2955; x_wconf 83' lang='grc' dir='ltr'><strong>τῆς</strong></span> <span class='ocrx_word' id='word_1_230' title='bbox 1094 2885 1463 2957; x_wconf 79' lang='grc' dir='ltr'>ἐνεγκαμένης</span> <span class='ocrx_word' id='word_1_231' title='bbox 1504 2888 1701 2952; x_wconf 79' lang='grc' dir='ltr'>αὐτοὺς</span> <span class='ocrx_word' id='word_1_232' title='bbox 1742 2907 1851 2959; x_wconf 85' lang='grc' dir='ltr'>χω-</span> 
     </span>
    </p>
   </div>
   <div class='ocr_carea' id='block_1_32' title="bbox 278 2970 1853 3049">
    <p class='ocr_par' dir='ltr' id='par_1_32' title="bbox 278 2970 1853 3049">
     <span class='ocr_line' id='line_1_32' title="bbox 278 2970 1853 3049; baseline 0.003 -19"><span class='ocrx_word' id='word_1_233' title='bbox 278 2977 372 3049; x_wconf 79' lang='grc' dir='ltr'><strong>ρία</strong></span> <span class='ocrx_word' id='word_1_234' title='bbox 403 2976 475 3031; x_wconf 77' lang='grc' dir='ltr'>τὰ</span> <span class='ocrx_word' id='word_1_235' title='bbox 507 2976 698 3047; x_wconf 75' lang='grc' dir='ltr'>ἔχοντα</span> <span class='ocrx_word' id='word_1_236' title='bbox 727 2970 837 3031; x_wconf 74' lang='grc' dir='ltr'>οἷον</span> <span class='ocrx_word' id='word_1_237' title='bbox 890 2976 964 3039; x_wconf 84' lang='grc' dir='ltr'>ὡς</span> <span class='ocrx_word' id='word_1_238' title='bbox 1010 2978 1274 3049; x_wconf 84' lang='grc' dir='ltr'>πρυτάνια</span> <span class='ocrx_word' id='word_1_239' title='bbox 1324 2980 1735 3049; x_wconf 77' lang='grc' dir='ltr'>ἐπιτευγμάτων</span> <span class='ocrx_word' id='word_1_240' title='bbox 1785 2980 1853 3034; x_wconf 87' lang='grc' dir='ltr'>τὰ</span> 
     </span>
    </p>
   </div>
   <div class='ocr_carea' id='block_1_33' title="bbox 274 3066 1851 3141">
    <p class='ocr_par' dir='ltr' id='par_1_33' title="bbox 274 3066 1851 3141">
     <span class='ocr_line' id='line_1_33' title="bbox 274 3066 1851 3141; baseline 0.001 -19"><span class='ocrx_word' id='word_1_241' title='bbox 274 3070 544 3140; x_wconf 81' lang='grc' dir='ltr'>εὐκτήρια</span> <span class='ocrx_word' id='word_1_242' title='bbox 578 3066 1015 3139; x_wconf 84' lang='grc' dir='ltr'>προϐεϐλημένα,</span> <span class='ocrx_word' id='word_1_243' title='bbox 1044 3067 1144 3121; x_wconf 87' lang='grc' dir='ltr'><strong>οὐκ</strong></span> <span class='ocrx_word' id='word_1_244' title='bbox 1165 3067 1447 3131; x_wconf 79' lang='grc' dir='ltr'>ὀκνοῦντες</span> <span class='ocrx_word' id='word_1_245' title='bbox 1484 3070 1578 3123; x_wconf 80' lang='grc' dir='ltr'><strong>καὶ</strong></span> <span class='ocrx_word' id='word_1_246' title='bbox 1618 3070 1851 3141; x_wconf 87' lang='grc' dir='ltr'>πέλαγος</span> 
     </span>
    </p>
   </div>
   <div class='ocr_carea' id='block_1_34' title="bbox 1934 592 3499 685">
    <p class='ocr_par' dir='ltr' id='par_1_34' title="bbox 1934 592 3499 685">
     <span class='ocr_line' id='line_1_34' title="bbox 1934 592 3499 685; baseline 0.014 -39"><span class='ocrx_word' id='word_1_247' title='bbox 1934 592 2098 656; x_wconf 87' lang='lat' dir='ltr'><strong>dem,</strong></span> <span class='ocrx_word' id='word_1_248' title='bbox 2164 594 2307 649; x_wconf 91' lang='lat' dir='ltr'><strong>nulla</strong></span> <span class='ocrx_word' id='word_1_249' title='bbox 2367 612 2431 649; x_wconf 71' lang='grc' dir='ltr'><strong>ιιι</strong></span> <span class='ocrx_word' id='word_1_250' title='bbox 2503 610 2655 667; x_wconf 87' lang='lat' dir='ltr'><strong>parte</strong></span> <span class='ocrx_word' id='word_1_251' title='bbox 2691 603 3087 659; x_wconf 76' lang='lat' dir='ltr'><strong>emendationis</strong></span> <span class='ocrx_word' id='word_1_252' title='bbox 3136 608 3499 685; x_wconf 79' lang='lat' dir='ltr'><strong>indigentem,</strong></span> 
     </span>
    </p>
   </div>
   <div class='ocr_carea' id='block_1_35' title="bbox 1934 688 3495 761">
    <p class='ocr_par' dir='ltr' id='par_1_35' title="bbox 1934 688 3495 761">
     <span class='ocr_line' id='line_1_35' title="bbox 1934 688 3495 761; baseline 0.016 -25"><span class='ocrx_word' id='word_1_253' title='bbox 1934 698 2192 740; x_wconf 90' lang='lat' dir='ltr'><strong>accusare</strong></span> <span class='ocrx_word' id='word_1_254' title='bbox 2239 688 2359 756; x_wconf 84' lang='lat' dir='ltr'><strong>quis</strong></span> <span class='ocrx_word' id='word_1_255' title='bbox 2396 692 2602 756; x_wconf 78' lang='lat' dir='ltr'><strong>possit?</strong></span> <span class='ocrx_word' id='word_1_256' title='bbox 2640 693 2918 759; x_wconf 83' lang='lat' dir='ltr'><strong>Quomodo</strong></span> <span class='ocrx_word' id='word_1_257' title='bbox 2953 707 3133 754; x_wconf 88' lang='lat' dir='ltr'><strong>autem</strong></span> <span class='ocrx_word' id='word_1_258' title='bbox 3173 704 3495 761; x_wconf 88' lang='lat' dir='ltr'><strong>credendum</strong></span> 
     </span>
    </p>
   </div>
   <div class='ocr_carea' id='block_1_36' title="bbox 1936 777 3495 865">
    <p class='ocr_par' dir='ltr' id='par_1_36' title="bbox 1936 777 3495 865">
     <span class='ocr_line' id='line_1_36' title="bbox 1936 777 3495 865; baseline 0.012 -36"><span class='ocrx_word' id='word_1_259' title='bbox 1936 791 2040 831; x_wconf 92' lang='lat' dir='ltr'><strong>non</strong></span> <span class='ocrx_word' id='word_1_260' title='bbox 2076 777 2203 845; x_wconf 90' lang='lat' dir='ltr'><strong>erit,</strong></span> <span class='ocrx_word' id='word_1_261' title='bbox 2275 778 2541 849; x_wconf 88' lang='lat' dir='ltr'><strong>Spiritum</strong></span> <span class='ocrx_word' id='word_1_262' title='bbox 2605 785 2824 854; x_wconf 82' lang='lat' dir='ltr'><strong>quidem</strong></span> <span class='ocrx_word' id='word_1_263' title='bbox 2881 800 3130 845; x_wconf 81' lang='lat' dir='ltr'><strong>sanctum</strong></span> <span class='ocrx_word' id='word_1_264' title='bbox 3191 806 3247 848; x_wconf 86' lang='grc' dir='ltr'><strong>ιιι</strong></span> <span class='ocrx_word' id='word_1_265' title='bbox 3296 794 3495 865; x_wconf 78' lang='lat' dir='ltr'><strong>Regem</strong></span> 
     </span>
    </p>
   </div>
   <div class='ocr_carea' id='block_1_37' title="bbox 1936 866 3499 946">
    <p class='ocr_par' dir='ltr' id='par_1_37' title="bbox 1936 866 3499 946">
     <span class='ocr_line' id='line_1_37' title="bbox 1936 866 3499 946; baseline 0.013 -26"><span class='ocrx_word' id='word_1_266' title='bbox 1936 866 2051 922; x_wconf 83' lang='lat' dir='ltr'><strong>sive</strong></span> <span class='ocrx_word' id='word_1_267' title='bbox 2073 878 2131 922; x_wconf 93' lang='lat' dir='ltr'><strong>ut</strong></span> <span class='ocrx_word' id='word_1_268' title='bbox 2154 869 2343 933; x_wconf 87' lang='lat' dir='ltr'><strong>Deum,</strong></span> <span class='ocrx_word' id='word_1_269' title='bbox 2383 874 2603 942; x_wconf 78' lang='lat' dir='ltr'><strong>angelos</strong></span> <span class='ocrx_word' id='word_1_270' title='bbox 2635 890 2763 929; x_wconf 86' lang='lat' dir='ltr'><strong>vero</strong></span> <span class='ocrx_word' id='word_1_271' title='bbox 2806 889 2864 931; x_wconf 92' lang='lat' dir='ltr'><strong>ut</strong></span> <span class='ocrx_word' id='word_1_272' title='bbox 2899 879 3263 946; x_wconf 89' lang='lat' dir='ltr'><strong>administros.</strong></span> <span class='ocrx_word' id='word_1_273' title='bbox 3301 886 3414 940; x_wconf 84' lang='lat' dir='ltr'><strong>sive</strong></span> <span class='ocrx_word' id='word_1_274' title='bbox 3443 896 3499 940; x_wconf 92' lang='lat' dir='ltr'><strong>ut</strong></span> 
     </span>
    </p>
   </div>
   <div class='ocr_carea' id='block_1_38' title="bbox 1935 955 3499 1041">
    <p class='ocr_par' dir='ltr' id='par_1_38' title="bbox 1935 955 3499 1041">
     <span class='ocr_line' id='line_1_38' title="bbox 1935 955 3499 1041; baseline 0.016 -32"><span class='ocrx_word' id='word_1_275' title='bbox 1935 955 2189 1022; x_wconf 76' lang='lat' dir='ltr'><strong>famulos,</strong></span> <span class='ocrx_word' id='word_1_276' title='bbox 2226 961 2665 1019; x_wconf 87' lang='lat' dir='ltr'><strong>chrematizare?</strong></span> <span class='ocrx_word' id='word_1_277' title='bbox 2695 965 2848 1021; x_wconf 90' lang='lat' dir='ltr'><strong>Sicut</strong></span> <span class='ocrx_word' id='word_1_278' title='bbox 2883 984 3010 1039; x_wconf 88' lang='lat' dir='ltr'><strong>ergo</strong></span> <span class='ocrx_word' id='word_1_279' title='bbox 3042 971 3252 1029; x_wconf 78' lang='lat' dir='ltr'><strong>diliicile</strong></span> <span class='ocrx_word' id='word_1_280' title='bbox 3304 988 3407 1041; x_wconf 89' lang='lat' dir='ltr'><strong>est,</strong></span> <span class='ocrx_word' id='word_1_281' title='bbox 3439 992 3499 1034; x_wconf 93' lang='lat' dir='ltr'><strong>ut</strong></span> 
     </span>
    </p>
   </div>
   <div class='ocr_carea' id='block_1_39' title="bbox 1941 1049 3501 1136">
    <p class='ocr_par' dir='ltr' id='par_1_39' title="bbox 1941 1049 3501 1136">
     <span class='ocr_line' id='line_1_39' title="bbox 1941 1049 3501 1136; baseline 0.015 -34"><span class='ocrx_word' id='word_1_282' title='bbox 1941 1049 2101 1121; x_wconf 77' lang='lat'><strong>199</strong></span> <span class='ocrx_word' id='word_1_283' title='bbox 2128 1052 2310 1117; x_wconf 88' lang='lat' dir='ltr'><strong>aiunt,</strong></span> <span class='ocrx_word' id='word_1_284' title='bbox 2356 1064 2413 1107; x_wconf 86' lang='grc' dir='ltr'><strong>ιιι</strong></span> <span class='ocrx_word' id='word_1_285' title='bbox 2458 1055 2815 1124; x_wconf 85' lang='lat' dir='ltr'><strong>gubernacula</strong></span> <span class='ocrx_word' id='word_1_286' title='bbox 2861 1070 3036 1117; x_wconf 91' lang='lat' dir='ltr'><strong>teneat</strong></span> <span class='ocrx_word' id='word_1_287' title='bbox 3083 1066 3129 1119; x_wconf 87' lang='lat' dir='ltr'><strong>is</strong></span> <span class='ocrx_word' id='word_1_288' title='bbox 3176 1068 3264 1135; x_wconf 91' lang='lat' dir='ltr'><strong>qui</strong></span> <span class='ocrx_word' id='word_1_289' title='bbox 3307 1071 3501 1136; x_wconf 87' lang='lat' dir='ltr'><strong>guber-</strong></span> 
     </span>
    </p>
   </div>
   <div class='ocr_carea' id='block_1_40' title="bbox 1938 1138 3499 1219">
    <p class='ocr_par' dir='ltr' id='par_1_40' title="bbox 1938 1138 3499 1219">
     <span class='ocr_line' id='line_1_40' title="bbox 1938 1138 3499 1219; baseline 0.015 -25"><span class='ocrx_word' id='word_1_290' title='bbox 1938 1138 2099 1197; x_wconf 84' lang='lat' dir='ltr'><strong>nandi</strong></span> <span class='ocrx_word' id='word_1_291' title='bbox 2132 1154 2247 1198; x_wconf 88' lang='lat' dir='ltr'><strong>arte</strong></span> <span class='ocrx_word' id='word_1_292' title='bbox 2291 1155 2477 1202; x_wconf 82' lang='lat' dir='ltr'><strong>caret:</strong></span> <span class='ocrx_word' id='word_1_293' title='bbox 2511 1148 2584 1203; x_wconf 89' lang='lat' dir='ltr'><strong>ita</strong></span> <span class='ocrx_word' id='word_1_294' title='bbox 2625 1149 2835 1206; x_wconf 83' lang='lat' dir='ltr'><strong>dillicile</strong></span> <span class='ocrx_word' id='word_1_295' title='bbox 2880 1161 2963 1207; x_wconf 90' lang='lat' dir='ltr'><strong>est</strong></span> <span class='ocrx_word' id='word_1_296' title='bbox 3005 1164 3063 1210; x_wconf 91' lang='lat' dir='ltr'><strong>ut</strong></span> <span class='ocrx_word' id='word_1_297' title='bbox 3109 1157 3155 1212; x_wconf 89' lang='lat' dir='ltr'><strong>is</strong></span> <span class='ocrx_word' id='word_1_298' title='bbox 3186 1160 3373 1215; x_wconf 85' lang='lat' dir='ltr'><strong>doceat</strong></span> <span class='ocrx_word' id='word_1_299' title='bbox 3414 1166 3499 1219; x_wconf 86' lang='lat' dir='ltr'><strong>cui</strong></span> 
     </span>
    </p>
   </div>
   <div class='ocr_carea' id='block_1_41' title="bbox 1938 1233 3500 1311">
    <p class='ocr_par' dir='ltr' id='par_1_41' title="bbox 1938 1233 3500 1311">
     <span class='ocr_line' id='line_1_41' title="bbox 1938 1233 3500 1311; baseline 0.017 -26"><span class='ocrx_word' id='word_1_300' title='bbox 1938 1233 2101 1288; x_wconf 83' lang='lat' dir='ltr'><strong>divini</strong></span> <span class='ocrx_word' id='word_1_301' title='bbox 2151 1234 2384 1304; x_wconf 86' lang='lat' dir='ltr'><strong>Spiritus</strong></span> <span class='ocrx_word' id='word_1_302' title='bbox 2416 1240 2607 1307; x_wconf 80' lang='lat' dir='ltr'><strong>gratia,</strong></span> <span class='ocrx_word' id='word_1_303' title='bbox 2649 1257 2768 1310; x_wconf 80' lang='lat' dir='ltr'><strong>quae</strong></span> <span class='ocrx_word' id='word_1_304' title='bbox 2806 1245 3081 1302; x_wconf 87' lang='lat' dir='ltr'><strong>hominum</strong></span> <span class='ocrx_word' id='word_1_305' title='bbox 3125 1250 3353 1308; x_wconf 89' lang='lat' dir='ltr'><strong>salutem</strong></span> <span class='ocrx_word' id='word_1_306' title='bbox 3394 1271 3500 1311; x_wconf 90' lang='lat' dir='ltr'><strong>una</strong></span> 
     </span>
    </p>
   </div>
   <div class='ocr_carea' id='block_1_42' title="bbox 1939 1322 3503 1415">
    <p class='ocr_par' dir='ltr' id='par_1_42' title="bbox 1939 1322 3503 1415">
     <span class='ocr_line' id='line_1_42' title="bbox 1939 1322 3503 1415; baseline 0.015 -38"><span class='ocrx_word' id='word_1_307' title='bbox 1939 1336 2058 1377; x_wconf 87' lang='lat' dir='ltr'><strong>cum</strong></span> <span class='ocrx_word' id='word_1_308' title='bbox 2090 1322 2255 1379; x_wconf 88' lang='lat' dir='ltr'><strong>Patre</strong></span> <span class='ocrx_word' id='word_1_309' title='bbox 2283 1337 2338 1380; x_wconf 91' lang='lat' dir='ltr'><strong>et</strong></span> <span class='ocrx_word' id='word_1_310' title='bbox 2369 1325 2503 1382; x_wconf 85' lang='lat' dir='ltr'><strong>Filio</strong></span> <span class='ocrx_word' id='word_1_311' title='bbox 2527 1340 2799 1398; x_wconf 83' lang='lat' dir='ltr'><strong>operatur,</strong></span> <span class='ocrx_word' id='word_1_312' title='bbox 2828 1349 2934 1388; x_wconf 84' lang='lat' dir='ltr'><strong>non</strong></span> <span class='ocrx_word' id='word_1_313' title='bbox 2965 1339 3151 1406; x_wconf 88' lang='lat' dir='ltr'><strong>adest;</strong></span> <span class='ocrx_word' id='word_1_314' title='bbox 3176 1349 3231 1395; x_wconf 90' lang='lat' dir='ltr'><strong>et</strong></span> <span class='ocrx_word' id='word_1_315' title='bbox 3261 1344 3342 1396; x_wconf 90' lang='lat' dir='ltr'><strong>cui</strong></span> <span class='ocrx_word' id='word_1_316' title='bbox 3370 1361 3503 1415; x_wconf 74' lang='lat' dir='ltr'><strong>prte-</strong></span> 
     </span>
    </p>
   </div>
   <div class='ocr_carea' id='block_1_43' title="bbox 1943 1421 3504 1504">
    <p class='ocr_par' dir='ltr' id='par_1_43' title="bbox 1943 1421 3504 1504">
     <span class='ocr_line' id='line_1_43' title="bbox 1943 1421 3504 1504; baseline 0.015 -37"><span class='ocrx_word' id='word_1_317' title='bbox 1943 1423 2090 1469; x_wconf 89' lang='lat' dir='ltr'><strong>terea</strong></span> <span class='ocrx_word' id='word_1_318' title='bbox 2122 1430 2447 1486; x_wconf 87' lang='lat' dir='ltr'><strong>cognoscere</strong></span> <span class='ocrx_word' id='word_1_319' title='bbox 2486 1435 2589 1473; x_wconf 91' lang='lat' dir='ltr'><strong>non</strong></span> <span class='ocrx_word' id='word_1_320' title='bbox 2620 1421 2778 1477; x_wconf 88' lang='lat' dir='ltr'><strong>datur</strong></span> <span class='ocrx_word' id='word_1_321' title='bbox 2807 1424 2973 1489; x_wconf 87' lang='lat' dir='ltr'><strong>illam,</strong></span> <span class='ocrx_word' id='word_1_322' title='bbox 3014 1443 3132 1496; x_wconf 55' lang='lat' dir='ltr'><strong>qum</strong></span> <span class='ocrx_word' id='word_1_323' title='bbox 3162 1430 3244 1485; x_wconf 86' lang='lat' dir='ltr'><strong>vel</strong></span> <span class='ocrx_word' id='word_1_324' title='bbox 3285 1432 3335 1487; x_wconf 91' lang='lat' dir='ltr'><strong>in</strong></span> <span class='ocrx_word' id='word_1_325' title='bbox 3378 1435 3504 1504; x_wconf 91' lang='lat' dir='ltr'><strong>ipsis</strong></span> 
     </span>
    </p>
   </div>
   <div class='ocr_carea' id='block_1_44' title="bbox 1941 1506 3505 1588">
    <p class='ocr_par' dir='ltr' id='par_1_44' title="bbox 1941 1506 3505 1588">
     <span class='ocr_line' id='line_1_44' title="bbox 1941 1506 3505 1588; baseline 0.013 -29"><span class='ocrx_word' id='word_1_326' title='bbox 1941 1506 2242 1560; x_wconf 88' lang='lat' dir='ltr'><strong>divinorum</strong></span> <span class='ocrx_word' id='word_1_327' title='bbox 2283 1509 2622 1565; x_wconf 84' lang='lat' dir='ltr'><strong>oraculorum</strong></span> <span class='ocrx_word' id='word_1_328' title='bbox 2651 1513 3023 1583; x_wconf 69' lang='lat' dir='ltr'><strong>aanigmatibus</strong></span> <span class='ocrx_word' id='word_1_329' title='bbox 3058 1520 3347 1588; x_wconf 82' lang='lat' dir='ltr'><strong>invenitur,</strong></span> <span class='ocrx_word' id='word_1_330' title='bbox 3385 1541 3505 1579; x_wconf 89' lang='lat' dir='ltr'><strong>cer-</strong></span> 
     </span>
    </p>
   </div>
   <div class='ocr_carea' id='block_1_45' title="bbox 1941 1600 3506 1683">
    <p class='ocr_par' dir='ltr' id='par_1_45' title="bbox 1941 1600 3506 1683">
     <span class='ocr_line' id='line_1_45' title="bbox 1941 1600 3506 1683; baseline 0.012 -33"><span class='ocrx_word' id='word_1_331' title='bbox 1941 1604 2048 1650; x_wconf 91' lang='lat' dir='ltr'><strong>tam</strong></span> <span class='ocrx_word' id='word_1_332' title='bbox 2075 1600 2396 1653; x_wconf 90' lang='lat' dir='ltr'><strong>sententiam</strong></span> <span class='ocrx_word' id='word_1_333' title='bbox 2425 1611 2585 1670; x_wconf 88' lang='lat' dir='ltr'><strong>atque</strong></span> <span class='ocrx_word' id='word_1_334' title='bbox 2615 1603 3130 1674; x_wconf 86' lang='lat' dir='ltr'><strong>interpretationem,</strong></span> <span class='ocrx_word' id='word_1_335' title='bbox 3154 1623 3206 1665; x_wconf 88' lang='lat' dir='ltr'><strong>et</strong></span> <span class='ocrx_word' id='word_1_336' title='bbox 3227 1629 3365 1678; x_wconf 89' lang='lat' dir='ltr'><strong>eam,</strong></span> <span class='ocrx_word' id='word_1_337' title='bbox 3388 1632 3506 1683; x_wconf 68' lang='lat' dir='ltr'><strong>quae</strong></span> 
     </span>
    </p>
   </div>
   <div class='ocr_carea' id='block_1_46' title="bbox 1941 1692 3503 1775">
    <p class='ocr_par' dir='ltr' id='par_1_46' title="bbox 1941 1692 3503 1775">
     <span class='ocr_line' id='line_1_46' title="bbox 1941 1692 3503 1775; baseline 0.008 -30"><span class='ocrx_word' id='word_1_338' title='bbox 1941 1706 2006 1745; x_wconf 78' lang='lat' dir='ltr'><strong>ex</strong></span> <span class='ocrx_word' id='word_1_339' title='bbox 2051 1692 2280 1746; x_wconf 85' lang='lat' dir='ltr'><strong>scientia</strong></span> <span class='ocrx_word' id='word_1_340' title='bbox 2326 1693 2560 1748; x_wconf 85' lang='lat' dir='ltr'><strong>ﬁdelium</strong></span> <span class='ocrx_word' id='word_1_341' title='bbox 2600 1696 2835 1752; x_wconf 90' lang='lat' dir='ltr'><strong>virorum</strong></span> <span class='ocrx_word' id='word_1_342' title='bbox 2876 1701 3163 1769; x_wconf 86' lang='lat' dir='ltr'><strong>profertur,</strong></span> <span class='ocrx_word' id='word_1_343' title='bbox 3198 1709 3503 1775; x_wconf 84' lang='lat' dir='ltr'><strong>responsio-</strong></span> 
     </span>
    </p>
   </div>
   <div class='ocr_carea' id='block_1_47' title="bbox 1945 1783 3507 1852">
    <p class='ocr_par' dir='ltr' id='par_1_47' title="bbox 1945 1783 3507 1852">
     <span class='ocr_line' id='line_1_47' title="bbox 1945 1783 3507 1852; baseline 0.01 -18"><span class='ocrx_word' id='word_1_344' title='bbox 1945 1796 2101 1847; x_wconf 87' lang='lat' dir='ltr'><strong>nem;</strong></span> <span class='ocrx_word' id='word_1_345' title='bbox 2148 1783 2237 1852; x_wconf 88' lang='lat' dir='ltr'><strong>qui</strong></span> <span class='ocrx_word' id='word_1_346' title='bbox 2301 1784 2512 1837; x_wconf 87' lang='lat' dir='ltr'><strong>detnum</strong></span> <span class='ocrx_word' id='word_1_347' title='bbox 2568 1784 2686 1840; x_wconf 84' lang='lat' dir='ltr'><strong>siue</strong></span> <span class='ocrx_word' id='word_1_348' title='bbox 2732 1791 3084 1846; x_wconf 85' lang='lat' dir='ltr'><strong>contendendi</strong></span> <span class='ocrx_word' id='word_1_349' title='bbox 3133 1802 3187 1847; x_wconf 80' lang='lat' dir='ltr'><strong>et</strong></span> <span class='ocrx_word' id='word_1_350' title='bbox 3234 1799 3507 1851; x_wconf 84' lang='lat' dir='ltr'><strong>contradi-</strong></span> 
     </span>
    </p>
   </div>
   <div class='ocr_carea' id='block_1_48' title="bbox 1944 1871 3583 1949">
    <p class='ocr_par' dir='ltr' id='par_1_48' title="bbox 1944 1871 3583 1949">
     <span class='ocr_line' id='line_1_48' title="bbox 1944 1871 3583 1949; baseline 0.011 -23"><span class='ocrx_word' id='word_1_351' title='bbox 1944 1871 2094 1926; x_wconf 90' lang='lat' dir='ltr'><strong>cendi</strong></span> <span class='ocrx_word' id='word_1_352' title='bbox 2132 1871 2374 1938; x_wconf 89' lang='lat' dir='ltr'><strong>libidine,</strong></span> <span class='ocrx_word' id='word_1_353' title='bbox 2414 1888 2478 1927; x_wconf 89' lang='lat' dir='ltr'><strong>ac</strong></span> <span class='ocrx_word' id='word_1_354' title='bbox 2518 1874 2634 1929; x_wconf 89' lang='lat' dir='ltr'><strong>sine</strong></span> <span class='ocrx_word' id='word_1_355' title='bbox 2671 1878 2906 1932; x_wconf 80' lang='lat' dir='ltr'><strong>versutia</strong></span> <span class='ocrx_word' id='word_1_356' title='bbox 2953 1879 3095 1949; x_wconf 90' lang='lat' dir='ltr'><strong>loqui</strong></span> <span class='ocrx_word' id='word_1_357' title='bbox 3136 1886 3326 1939; x_wconf 91' lang='lat' dir='ltr'><strong>nescit.</strong></span> <span class='ocrx_word' id='word_1_358' title='bbox 3373 1886 3507 1943; x_wconf 84' lang='lat' dir='ltr'><strong>Novi</strong></span> <span class='ocrx_word' id='word_1_359' title='bbox 3566 1884 3583 1897; x_wconf 77' lang='grc'><em>“</em></span> 
     </span>
    </p>
   </div>
   <div class='ocr_carea' id='block_1_49' title="bbox 1944 1964 3506 2039">
    <p class='ocr_par' dir='ltr' id='par_1_49' title="bbox 1944 1964 3506 2039">
     <span class='ocr_line' id='line_1_49' title="bbox 1944 1964 3506 2039; baseline 0.011 -22"><span class='ocrx_word' id='word_1_360' title='bbox 1944 1974 2121 2018; x_wconf 89' lang='lat' dir='ltr'><strong>autem</strong></span> <span class='ocrx_word' id='word_1_361' title='bbox 2168 1964 2389 2033; x_wconf 86' lang='lat' dir='ltr'><strong>optime,</strong></span> <span class='ocrx_word' id='word_1_362' title='bbox 2419 1979 2452 2019; x_wconf 91' lang='grc' dir='ltr'><strong>ο</strong></span> <span class='ocrx_word' id='word_1_363' title='bbox 2497 1966 2702 2039; x_wconf 87' lang='lat' dir='ltr'><strong>inclyti,</strong></span> <span class='ocrx_word' id='word_1_364' title='bbox 2733 1984 2797 2024; x_wconf 90' lang='lat' dir='ltr'><strong>ac</strong></span> <span class='ocrx_word' id='word_1_365' title='bbox 2840 1970 3113 2027; x_wconf 83' lang='lat' dir='ltr'><strong>caelestem</strong></span> <span class='ocrx_word' id='word_1_366' title='bbox 3146 1974 3315 2030; x_wconf 86' lang='lat' dir='ltr'><strong>lucem</strong></span> <span class='ocrx_word' id='word_1_367' title='bbox 3354 1979 3506 2034; x_wconf 83' lang='lat' dir='ltr'><strong>habi-</strong></span> 
     </span>
    </p>
   </div>
   <div class='ocr_carea' id='block_1_50' title="bbox 1946 2052 3511 2137">
    <p class='ocr_par' dir='ltr' id='par_1_50' title="bbox 1946 2052 3511 2137">
     <span class='ocr_line' id='line_1_50' title="bbox 1946 2052 3511 2137; baseline 0.012 -32"><span class='ocrx_word' id='word_1_368' title='bbox 1946 2062 2124 2107; x_wconf 88' lang='lat' dir='ltr'><strong>tantes</strong></span> <span class='ocrx_word' id='word_1_369' title='bbox 2152 2052 2325 2124; x_wconf 89' lang='lat' dir='ltr'><strong>angeli</strong></span> <span class='ocrx_word' id='word_1_370' title='bbox 2354 2052 2472 2118; x_wconf 89' lang='lat' dir='ltr'><strong>Dei,</strong></span> <span class='ocrx_word' id='word_1_371' title='bbox 2517 2054 2683 2111; x_wconf 91' lang='lat' dir='ltr'><strong>iratos</strong></span> <span class='ocrx_word' id='word_1_372' title='bbox 2714 2058 2842 2113; x_wconf 91' lang='lat' dir='ltr'><strong>mihi</strong></span> <span class='ocrx_word' id='word_1_373' title='bbox 2872 2074 2966 2115; x_wconf 92' lang='lat' dir='ltr'><strong>vos</strong></span> <span class='ocrx_word' id='word_1_374' title='bbox 3002 2076 3108 2117; x_wconf 90' lang='lat' dir='ltr'><strong>non</strong></span> <span class='ocrx_word' id='word_1_375' title='bbox 3155 2080 3294 2132; x_wconf 89' lang='lat' dir='ltr'><strong>esse,</strong></span> <span class='ocrx_word' id='word_1_376' title='bbox 3327 2076 3511 2137; x_wconf 83' lang='lat' dir='ltr'><strong>utpote</strong></span> 
     </span>
    </p>
   </div>
   <div class='ocr_carea' id='block_1_51' title="bbox 1947 2143 3510 2225">
    <p class='ocr_par' dir='ltr' id='par_1_51' title="bbox 1947 2143 3510 2225">
     <span class='ocr_line' id='line_1_51' title="bbox 1947 2143 3510 2225; baseline 0.012 -29"><span class='ocrx_word' id='word_1_377' title='bbox 1947 2143 2445 2213; x_wconf 82' lang='lat' dir='ltr'><strong>irreprehensibiles</strong></span> <span class='ocrx_word' id='word_1_378' title='bbox 2470 2162 2534 2202; x_wconf 92' lang='lat' dir='ltr'><strong>ac</strong></span> <span class='ocrx_word' id='word_1_379' title='bbox 2564 2149 2850 2217; x_wconf 81' lang='lat' dir='ltr'><strong>perfectos,</strong></span> <span class='ocrx_word' id='word_1_380' title='bbox 2883 2152 2952 2207; x_wconf 92' lang='lat' dir='ltr'><strong>ob</strong></span> <span class='ocrx_word' id='word_1_381' title='bbox 3003 2167 3066 2208; x_wconf 89' lang='lat' dir='ltr'><strong>ea</strong></span> <span class='ocrx_word' id='word_1_382' title='bbox 3101 2170 3218 2225; x_wconf 77' lang='lat' dir='ltr'><strong>quae</strong></span> <span class='ocrx_word' id='word_1_383' title='bbox 3252 2171 3284 2211; x_wconf 90' lang='lat' dir='ltr'><strong>a</strong></span> <span class='ocrx_word' id='word_1_384' title='bbox 3315 2172 3400 2214; x_wconf 92' lang='lat' dir='ltr'><strong>me</strong></span> <span class='ocrx_word' id='word_1_385' title='bbox 3427 2160 3510 2214; x_wconf 90' lang='lat' dir='ltr'><strong>di-</strong></span> 
     </span>
    </p>
   </div>
   <div class='ocr_carea' id='block_1_52' title="bbox 1946 2237 3513 2321">
    <p class='ocr_par' dir='ltr' id='par_1_52' title="bbox 1946 2237 3513 2321">
     <span class='ocr_line' id='line_1_52' title="bbox 1946 2237 3513 2321; baseline 0.011 -32"><span class='ocrx_word' id='word_1_386' title='bbox 1946 2247 2031 2290; x_wconf 89' lang='lat' dir='ltr'><strong>cta</strong></span> <span class='ocrx_word' id='word_1_387' title='bbox 2066 2247 2191 2291; x_wconf 89' lang='lat' dir='ltr'><strong>sunt</strong></span> <span class='ocrx_word' id='word_1_388' title='bbox 2216 2237 2426 2293; x_wconf 91' lang='lat' dir='ltr'><strong>illorum</strong></span> <span class='ocrx_word' id='word_1_389' title='bbox 2456 2240 2767 2309; x_wconf 85' lang='lat' dir='ltr'><strong>angelorum</strong></span> <span class='ocrx_word' id='word_1_390' title='bbox 2803 2258 2987 2310; x_wconf 88' lang='lat' dir='ltr'><strong>causa,</strong></span> <span class='ocrx_word' id='word_1_391' title='bbox 3019 2248 3112 2316; x_wconf 88' lang='lat' dir='ltr'><strong>qui</strong></span> <span class='ocrx_word' id='word_1_392' title='bbox 3162 2258 3352 2305; x_wconf 87' lang='lat' dir='ltr'><strong>natura</strong></span> <span class='ocrx_word' id='word_1_393' title='bbox 3391 2255 3513 2321; x_wconf 81' lang='lat' dir='ltr'><strong>qui-</strong></span> 
     </span>
    </p>
   </div>
   <div class='ocr_carea' id='block_1_53' title="bbox 1947 2330 3513 2400">
    <p class='ocr_par' dir='ltr' id='par_1_53' title="bbox 1947 2330 3513 2400">
     <span class='ocr_line' id='line_1_53' title="bbox 1947 2330 3513 2400; baseline 0.011 -17"><span class='ocrx_word' id='word_1_394' title='bbox 1947 2330 2068 2384; x_wconf 90' lang='lat' dir='ltr'><strong>dem</strong></span> <span class='ocrx_word' id='word_1_395' title='bbox 2100 2331 2252 2385; x_wconf 80' lang='lat' dir='ltr'><strong>vobis</strong></span> <span class='ocrx_word' id='word_1_396' title='bbox 2296 2331 2501 2387; x_wconf 88' lang='lat' dir='ltr'><strong>similes</strong></span> <span class='ocrx_word' id='word_1_397' title='bbox 2531 2343 2677 2399; x_wconf 90' lang='lat' dir='ltr'><strong>sunt,</strong></span> <span class='ocrx_word' id='word_1_398' title='bbox 2728 2334 2976 2392; x_wconf 90' lang='lat' dir='ltr'><strong>laudabili</strong></span> <span class='ocrx_word' id='word_1_399' title='bbox 3022 2354 3150 2395; x_wconf 89' lang='lat' dir='ltr'><strong>vero</strong></span> <span class='ocrx_word' id='word_1_400' title='bbox 3186 2352 3365 2398; x_wconf 86' lang='lat' dir='ltr'><strong>mente</strong></span> <span class='ocrx_word' id='word_1_401' title='bbox 3404 2359 3513 2400; x_wconf 91' lang='lat' dir='ltr'><strong>non</strong></span> 
     </span>
    </p>
   </div>
   <div class='ocr_carea' id='block_1_54' title="bbox 1949 2420 3510 2503">
    <p class='ocr_par' dir='ltr' id='par_1_54' title="bbox 1949 2420 3510 2503">
     <span class='ocr_line' id='line_1_54' title="bbox 1949 2420 3510 2503; baseline 0.01 -29"><span class='ocrx_word' id='word_1_402' title='bbox 1949 2420 2108 2488; x_wconf 89' lang='lat' dir='ltr'><strong>item;</strong></span> <span class='ocrx_word' id='word_1_403' title='bbox 2151 2422 2349 2492; x_wconf 83' lang='lat' dir='ltr'><strong>quique</strong></span> <span class='ocrx_word' id='word_1_404' title='bbox 2382 2423 2450 2478; x_wconf 88' lang='lat' dir='ltr'><strong>ab</strong></span> <span class='ocrx_word' id='word_1_405' title='bbox 2482 2423 2637 2480; x_wconf 92' lang='lat' dir='ltr'><strong>initio</strong></span> <span class='ocrx_word' id='word_1_406' title='bbox 2666 2427 3137 2495; x_wconf 84' lang='lat' dir='ltr'><strong>reprehensionem</strong></span> <span class='ocrx_word' id='word_1_407' title='bbox 3177 2445 3510 2503; x_wconf 88' lang='lat' dir='ltr'><strong>meruerunt,</strong></span> 
     </span>
    </p>
   </div>
   <div class='ocr_carea' id='block_1_55' title="bbox 1946 2512 3515 2585">
    <p class='ocr_par' dir='ltr' id='par_1_55' title="bbox 1946 2512 3515 2585">
     <span class='ocr_line' id='line_1_55' title="bbox 1946 2512 3515 2585; baseline 0.011 -18"><span class='ocrx_word' id='word_1_408' title='bbox 1946 2512 2086 2567; x_wconf 88' lang='lat' dir='ltr'><strong>sicut</strong></span> <span class='ocrx_word' id='word_1_409' title='bbox 2110 2513 2345 2569; x_wconf 63' lang='lat' dir='ltr'><strong>haeretici</strong></span> <span class='ocrx_word' id='word_1_410' title='bbox 2378 2515 2564 2580; x_wconf 89' lang='lat' dir='ltr'><strong>etiam,</strong></span> <span class='ocrx_word' id='word_1_411' title='bbox 2606 2517 2696 2585; x_wconf 91' lang='lat' dir='ltr'><strong>qui</strong></span> <span class='ocrx_word' id='word_1_412' title='bbox 2729 2532 2799 2580; x_wconf 85' lang='lat' dir='ltr'><strong>ea</strong></span> <span class='ocrx_word' id='word_1_413' title='bbox 2839 2520 2893 2573; x_wconf 92' lang='lat' dir='ltr'><strong>in</strong></span> <span class='ocrx_word' id='word_1_414' title='bbox 2941 2521 3174 2575; x_wconf 89' lang='lat' dir='ltr'><strong>medium</strong></span> <span class='ocrx_word' id='word_1_415' title='bbox 3211 2524 3515 2584; x_wconf 89' lang='lat' dir='ltr'><strong>inconsulte</strong></span> 
     </span>
    </p>
   </div>
   <div class='ocr_carea' id='block_1_56' title="bbox 1948 2603 3514 2689">
    <p class='ocr_par' dir='ltr' id='par_1_56' title="bbox 1948 2603 3514 2689">
     <span class='ocr_line' id='line_1_56' title="bbox 1948 2603 3514 2689; baseline 0.01 -31"><span class='ocrx_word' id='word_1_416' title='bbox 1948 2603 2201 2674; x_wconf 82' lang='lat' dir='ltr'><strong>aﬂ&#39;erunt,</strong></span> <span class='ocrx_word' id='word_1_417' title='bbox 2242 2621 2361 2675; x_wconf 78' lang='lat' dir='ltr'><strong>quae</strong></span> <span class='ocrx_word' id='word_1_418' title='bbox 2406 2623 2578 2677; x_wconf 86' lang='lat' dir='ltr'><strong>nuper</strong></span> <span class='ocrx_word' id='word_1_419' title='bbox 2610 2623 3026 2669; x_wconf 86' lang='lat' dir='ltr'><strong>commemorata</strong></span> <span class='ocrx_word' id='word_1_420' title='bbox 3083 2625 3229 2681; x_wconf 89' lang='lat' dir='ltr'><strong>sunt,</strong></span> <span class='ocrx_word' id='word_1_421' title='bbox 3274 2632 3514 2689; x_wconf 88' lang='lat' dir='ltr'><strong>quosque</strong></span> 
     </span>
    </p>
   </div>
   <div class='ocr_carea' id='block_1_57' title="bbox 1950 2698 3513 2769">
    <p class='ocr_par' dir='ltr' id='par_1_57' title="bbox 1950 2698 3513 2769">
     <span class='ocr_line' id='line_1_57' title="bbox 1950 2698 3513 2769; baseline 0.008 -17"><span class='ocrx_word' id='word_1_422' title='bbox 1950 2698 2181 2752; x_wconf 81' lang='lat' dir='ltr'><strong>maxime</strong></span> <span class='ocrx_word' id='word_1_423' title='bbox 2233 2698 2475 2769; x_wconf 88' lang='lat' dir='ltr'><strong>ineptos,</strong></span> <span class='ocrx_word' id='word_1_424' title='bbox 2541 2699 2609 2755; x_wconf 88' lang='lat' dir='ltr'><strong>ad</strong></span> <span class='ocrx_word' id='word_1_425' title='bbox 2661 2712 2932 2759; x_wconf 90' lang='lat' dir='ltr'><strong>certamen</strong></span> <span class='ocrx_word' id='word_1_426' title='bbox 2988 2714 3172 2761; x_wconf 89' lang='lat' dir='ltr'><strong>contra</strong></span> <span class='ocrx_word' id='word_1_427' title='bbox 3233 2710 3513 2766; x_wconf 78' lang='lat' dir='ltr'><strong>veritatem</strong></span> 
     </span>
    </p>
   </div>
   <div class='ocr_carea' id='block_1_58' title="bbox 1951 2791 3517 2864">
    <p class='ocr_par' dir='ltr' id='par_1_58' title="bbox 1951 2791 3517 2864">
     <span class='ocr_line' id='line_1_58' title="bbox 1951 2791 3517 2864; baseline 0.006 -18"><span class='ocrx_word' id='word_1_428' title='bbox 1951 2791 2266 2858; x_wconf 91' lang='lat' dir='ltr'><strong>ineundum,</strong></span> <span class='ocrx_word' id='word_1_429' title='bbox 2321 2808 2439 2848; x_wconf 88' lang='lat' dir='ltr'><strong>esse</strong></span> <span class='ocrx_word' id='word_1_430' title='bbox 2487 2794 2828 2864; x_wconf 83' lang='lat' dir='ltr'><strong>cognoscitis.</strong></span> <span class='ocrx_word' id='word_1_431' title='bbox 2866 2794 2993 2850; x_wconf 79' lang='lat' dir='ltr'><strong>Mihi</strong></span> <span class='ocrx_word' id='word_1_432' title='bbox 3024 2797 3165 2851; x_wconf 91' lang='lat' dir='ltr'><strong>enim</strong></span> <span class='ocrx_word' id='word_1_433' title='bbox 3215 2813 3392 2856; x_wconf 89' lang='lat' dir='ltr'><strong>sermo</strong></span> <span class='ocrx_word' id='word_1_434' title='bbox 3430 2810 3517 2858; x_wconf 88' lang='lat' dir='ltr'><strong>est</strong></span> 
     </span>
    </p>
   </div>
   <div class='ocr_carea' id='block_1_59' title="bbox 1951 2884 3514 2959">
    <p class='ocr_par' dir='ltr' id='par_1_59' title="bbox 1951 2884 3514 2959">
     <span class='ocr_line' id='line_1_59' title="bbox 1951 2884 3514 2959; baseline 0.007 -22"><span class='ocrx_word' id='word_1_435' title='bbox 1951 2898 2048 2954; x_wconf 92' lang='lat' dir='ltr'><strong>pro</strong></span> <span class='ocrx_word' id='word_1_436' title='bbox 2079 2884 2260 2939; x_wconf 87' lang='lat' dir='ltr'><strong>divino</strong></span> <span class='ocrx_word' id='word_1_437' title='bbox 2294 2884 2520 2955; x_wconf 86' lang='lat' dir='ltr'><strong>Spiritu,</strong></span> <span class='ocrx_word' id='word_1_438' title='bbox 2552 2885 2641 2955; x_wconf 90' lang='lat' dir='ltr'><strong>qui</strong></span> <span class='ocrx_word' id='word_1_439' title='bbox 2684 2887 2865 2940; x_wconf 88' lang='lat' dir='ltr'><strong>omnia</strong></span> <span class='ocrx_word' id='word_1_440' title='bbox 2900 2886 3192 2955; x_wconf 86' lang='lat' dir='ltr'><strong>illuminat;</strong></span> <span class='ocrx_word' id='word_1_441' title='bbox 3222 2892 3312 2959; x_wconf 91' lang='lat' dir='ltr'><strong>qui</strong></span> <span class='ocrx_word' id='word_1_442' title='bbox 3357 2905 3514 2948; x_wconf 84' lang='lat' dir='ltr'><strong>crea-</strong></span> 
     </span>
    </p>
   </div>
   <div class='ocr_carea' id='block_1_60' title="bbox 1955 2975 3514 3052">
    <p class='ocr_par' dir='ltr' id='par_1_60' title="bbox 1955 2975 3514 3052">
     <span class='ocr_line' id='line_1_60' title="bbox 1955 2975 3514 3052; baseline 0.006 -23"><span class='ocrx_word' id='word_1_443' title='bbox 1955 2975 2091 3030; x_wconf 90' lang='lat' dir='ltr'><strong>turis</strong></span> <span class='ocrx_word' id='word_1_444' title='bbox 2121 2975 2324 3041; x_wconf 88' lang='lat' dir='ltr'><strong>divina,</strong></span> <span class='ocrx_word' id='word_1_445' title='bbox 2354 2990 2457 3031; x_wconf 91' lang='lat' dir='ltr'><strong>non</strong></span> <span class='ocrx_word' id='word_1_446' title='bbox 2483 2992 2639 3032; x_wconf 87' lang='lat' dir='ltr'><strong>secus</strong></span> <span class='ocrx_word' id='word_1_447' title='bbox 2673 2992 2736 3033; x_wconf 86' lang='lat' dir='ltr'><strong>ac</strong></span> <span class='ocrx_word' id='word_1_448' title='bbox 2761 2979 2926 3031; x_wconf 86' lang='lat' dir='ltr'><strong>Pater</strong></span> <span class='ocrx_word' id='word_1_449' title='bbox 2950 2988 3002 3032; x_wconf 92' lang='lat' dir='ltr'><strong>et</strong></span> <span class='ocrx_word' id='word_1_450' title='bbox 3031 2977 3348 3049; x_wconf 82' lang='lat' dir='ltr'><strong>Unigenitus</strong></span> <span class='ocrx_word' id='word_1_451' title='bbox 3376 2984 3514 3052; x_wconf 87' lang='lat' dir='ltr'><strong>ejus.</strong></span> 
     </span>
    </p>
   </div>
   <div class='ocr_carea' id='block_1_61' title="bbox 1954 3070 3517 3143">
    <p class='ocr_par' dir='ltr' id='par_1_61' title="bbox 1954 3070 3517 3143">
     <span class='ocr_line' id='line_1_61' title="bbox 1954 3070 3517 3143; baseline 0.006 -21"><span class='ocrx_word' id='word_1_452' title='bbox 1954 3070 2210 3138; x_wconf 89' lang='lat' dir='ltr'><strong>largitur;</strong></span> <span class='ocrx_word' id='word_1_453' title='bbox 2239 3070 2327 3139; x_wconf 92' lang='lat' dir='ltr'><strong>qui</strong></span> <span class='ocrx_word' id='word_1_454' title='bbox 2353 3086 2446 3125; x_wconf 88' lang='lat' dir='ltr'><strong>vos</strong></span> <span class='ocrx_word' id='word_1_455' title='bbox 2474 3071 2636 3125; x_wconf 87' lang='lat' dir='ltr'><strong>etiam</strong></span> <span class='ocrx_word' id='word_1_456' title='bbox 2668 3071 3051 3138; x_wconf 66' lang='lat' dir='ltr'><strong>sanetilicaxit;</strong></span> <span class='ocrx_word' id='word_1_457' title='bbox 3081 3074 3276 3143; x_wconf 90' lang='lat' dir='ltr'><strong>quique</strong></span> <span class='ocrx_word' id='word_1_458' title='bbox 3307 3091 3335 3127; x_wconf 89' lang='lat' dir='ltr'><strong>a</strong></span> <span class='ocrx_word' id='word_1_459' title='bbox 3365 3077 3517 3131; x_wconf 85' lang='lat' dir='ltr'><strong>vobis</strong></span> 
     </span>
    </p>
   </div>
   <div class='ocr_carea' id='block_1_62' title="bbox 272 3157 1850 3240">
    <p class='ocr_par' dir='ltr' id='par_1_62' title="bbox 272 3157 1847 3233">
     <span class='ocr_line' id='line_1_62' title="bbox 272 3157 1847 3233; baseline 0.002 -21"><span class='ocrx_word' id='word_1_460' title='bbox 272 3160 573 3223; x_wconf 83' lang='grc' dir='ltr'>διαλαϐεῖν,</span> <span class='ocrx_word' id='word_1_461' title='bbox 611 3158 678 3231; x_wconf 80' lang='grc' dir='ltr'>ἢν</span> <span class='ocrx_word' id='word_1_462' title='bbox 703 3158 832 3221; x_wconf 88' lang='grc' dir='ltr'>δέοι,</span> <span class='ocrx_word' id='word_1_463' title='bbox 859 3159 1086 3230; x_wconf 73' lang='grc' dir='ltr'>μακρὸν,</span> <span class='ocrx_word' id='word_1_464' title='bbox 1123 3157 1215 3212; x_wconf 61' lang='grc' dir='ltr'><strong>καλ¹</strong></span> <span class='ocrx_word' id='word_1_465' title='bbox 1253 3158 1461 3214; x_wconf 85' lang='grc' dir='ltr'>πολλῶν</span> <span class='ocrx_word' id='word_1_466' title='bbox 1488 3160 1683 3232; x_wconf 76' lang='grc' dir='ltr'>ἐφεξῆς</span> <span class='ocrx_word' id='word_1_467' title='bbox 1709 3162 1847 3233; x_wconf 84' lang='grc' dir='ltr'>ήμε-</span> 
     </span>
    </p>
   </div>
   <div class='ocr_carea' id='block_1_63' title="bbox 1951 3157 3515 3240">
    <p class='ocr_par' dir='ltr' id='par_1_63' title="bbox 1952 3162 3515 3240">
     <span class='ocr_line' id='line_1_63' title="bbox 1952 3162 3515 3240; baseline 0.007 -26"><span class='ocrx_word' id='word_1_468' title='bbox 1952 3176 2046 3231; x_wconf 91' lang='lat' dir='ltr'><strong>per</strong></span> <span class='ocrx_word' id='word_1_469' title='bbox 2079 3162 2360 3231; x_wconf 83' lang='lat' dir='ltr'><strong>trisagium</strong></span> <span class='ocrx_word' id='word_1_470' title='bbox 2391 3163 2647 3234; x_wconf 87' lang='lat' dir='ltr'><strong>hymnum</strong></span> <span class='ocrx_word' id='word_1_471' title='bbox 2678 3180 2782 3219; x_wconf 89' lang='lat' dir='ltr'><strong>una</strong></span> <span class='ocrx_word' id='word_1_472' title='bbox 2816 3180 2937 3220; x_wconf 91' lang='lat' dir='ltr'><strong>cum</strong></span> <span class='ocrx_word' id='word_1_473' title='bbox 2976 3165 3139 3221; x_wconf 82' lang='lat' dir='ltr'><strong>Patre</strong></span> <span class='ocrx_word' id='word_1_474' title='bbox 3168 3178 3223 3223; x_wconf 91' lang='lat' dir='ltr'><strong>et</strong></span> <span class='ocrx_word' id='word_1_475' title='bbox 3249 3167 3388 3224; x_wconf 90' lang='lat' dir='ltr'><strong>Filio</strong></span> <span class='ocrx_word' id='word_1_476' title='bbox 3411 3170 3515 3240; x_wconf 84' lang='lat' dir='ltr'><strong>glo-</strong></span> 
     </span>
    </p>
   </div>
   <div class='ocr_carea' id='block_1_64' title="bbox 274 3249 1850 3322">
    <p class='ocr_par' dir='ltr' id='par_1_64' title="bbox 274 3249 1850 3322">
     <span class='ocr_line' id='line_1_64' title="bbox 274 3249 1850 3322; baseline 0.002 -19"><span class='ocrx_word' id='word_1_477' title='bbox 274 3250 387 3321; x_wconf 79' lang='grc' dir='ltr'><strong>ρῶν</strong></span> <span class='ocrx_word' id='word_1_478' title='bbox 418 3251 541 3305; x_wconf 77' lang='grc' dir='ltr'>ὁδὸν</span> <span class='ocrx_word' id='word_1_479' title='bbox 571 3249 681 3303; x_wconf 78' lang='grc' dir='ltr'>ἔσθ’</span> <span class='ocrx_word' id='word_1_480' title='bbox 714 3251 804 3304; x_wconf 85' lang='grc' dir='ltr'><strong>ὅτε</strong></span> <span class='ocrx_word' id='word_1_481' title='bbox 832 3252 925 3305; x_wconf 62' lang='grc' dir='ltr'><strong>καὶ¹</strong></span> <span class='ocrx_word' id='word_1_482' title='bbox 968 3251 1241 3322; x_wconf 76' lang='grc' dir='ltr'>ἀργαλέαν</span> <span class='ocrx_word' id='word_1_483' title='bbox 1284 3252 1561 3318; x_wconf 73' lang='grc' dir='ltr'>ἐξανύσαι,</span> <span class='ocrx_word' id='word_1_484' title='bbox 1609 3252 1685 3317; x_wconf 83' lang='grc' dir='ltr'>ὡς</span> <span class='ocrx_word' id='word_1_485' title='bbox 1733 3272 1850 3307; x_wconf 88' lang='grc' dir='ltr'>πει-</span> 
     </span>
    </p>
   </div>
   <div class='ocr_carea' id='block_1_65' title="bbox 272 3340 1851 3417">
    <p class='ocr_par' dir='ltr' id='par_1_65' title="bbox 272 3340 1851 3417">
     <span class='ocr_line' id='line_1_65' title="bbox 272 3340 1851 3417; baseline 0.004 -24"><span class='ocrx_word' id='word_1_486' title='bbox 272 3340 643 3414; x_wconf 83' lang='grc' dir='ltr'>ραθησόμενοι</span> <span class='ocrx_word' id='word_1_487' title='bbox 671 3340 913 3405; x_wconf 87' lang='grc' dir='ltr'>πλείονος</span> <span class='ocrx_word' id='word_1_488' title='bbox 943 3342 1153 3406; x_wconf 79' lang='grc' dir='ltr'>εὐνοίας</span> <span class='ocrx_word' id='word_1_489' title='bbox 1172 3343 1269 3412; x_wconf 87' lang='grc' dir='ltr'>μὲν</span> <span class='ocrx_word' id='word_1_490' title='bbox 1292 3344 1391 3415; x_wconf 83' lang='grc' dir='ltr'>τῆς</span> <span class='ocrx_word' id='word_1_491' title='bbox 1409 3345 1538 3415; x_wconf 80' lang='grc' dir='ltr'>περὶ</span> <span class='ocrx_word' id='word_1_492' title='bbox 1560 3344 1658 3416; x_wconf 83' lang='grc' dir='ltr'>τὴν</span> <span class='ocrx_word' id='word_1_493' title='bbox 1683 3363 1851 3417; x_wconf 90' lang='grc' dir='ltr'>πρεσ-</span> 
     </span>
    </p>
   </div>
   <div class='ocr_carea' id='block_1_66' title="bbox 274 3433 1853 3508">
    <p class='ocr_par' dir='ltr' id='par_1_66' title="bbox 274 3433 1853 3508">
     <span class='ocr_line' id='line_1_66' title="bbox 274 3433 1853 3508; baseline 0.003 -21"><span class='ocrx_word' id='word_1_494' title='bbox 274 3434 429 3487; x_wconf 82' lang='grc' dir='ltr'>ϐείαν</span> <span class='ocrx_word' id='word_1_495' title='bbox 452 3433 562 3487; x_wconf 78' lang='grc' dir='ltr'><strong>άπὸ</strong></span> <span class='ocrx_word' id='word_1_496' title='bbox 588 3433 761 3504; x_wconf 85' lang='grc' dir='ltr'>ὑμῶν,</span> <span class='ocrx_word' id='word_1_497' title='bbox 800 3434 1090 3504; x_wconf 83' lang='grc' dir='ltr'>μετουσίας</span> <span class='ocrx_word' id='word_1_498' title='bbox 1128 3434 1182 3487; x_wconf 82' lang='grc' dir='ltr'>δὲ</span> <span class='ocrx_word' id='word_1_499' title='bbox 1210 3436 1308 3506; x_wconf 85' lang='grc' dir='ltr'>τῆς</span> <span class='ocrx_word' id='word_1_500' title='bbox 1336 3436 1445 3489; x_wconf 85' lang='grc' dir='ltr'><strong>τῶν</strong></span> <span class='ocrx_word' id='word_1_501' title='bbox 1475 3437 1853 3508; x_wconf 83' lang='grc' dir='ltr'>φιλοτιμουμέ-</span> 
     </span>
    </p>
   </div>
   <div class='ocr_carea' id='block_1_67' title="bbox 274 3522 1849 3601">
    <p class='ocr_par' dir='ltr' id='par_1_67' title="bbox 274 3522 1849 3601">
     <span class='ocr_line' id='line_1_67' title="bbox 274 3522 1849 3601; baseline 0.001 -20"><span class='ocrx_word' id='word_1_502' title='bbox 274 3546 383 3581; x_wconf 88' lang='grc' dir='ltr'><strong>νων</strong></span> <span class='ocrx_word' id='word_1_503' title='bbox 416 3526 560 3598; x_wconf 83' lang='grc' dir='ltr'>ὐπὲρ</span> <span class='ocrx_word' id='word_1_504' title='bbox 598 3527 690 3580; x_wconf 79' lang='grc' dir='ltr'><strong>τοῦ</strong></span> <span class='ocrx_word' id='word_1_505' title='bbox 744 3522 803 3579; x_wconf 79' lang='grc' dir='ltr'><strong>εὖ</strong></span> <span class='ocrx_word' id='word_1_506' title='bbox 836 3525 930 3598; x_wconf 74' lang='grc'><strong>[92</strong></span> <span class='ocrx_word' id='word_1_507' title='bbox 956 3526 1011 3599; x_wconf 88' lang='lat' dir='ltr'><strong>a]</strong></span> <span class='ocrx_word' id='word_1_508' title='bbox 1074 3527 1291 3595; x_wconf 81' lang='grc' dir='ltr'>ἀγαθῶν</span> <span class='ocrx_word' id='word_1_509' title='bbox 1338 3529 1489 3601; x_wconf 87' lang='grc' dir='ltr'><strong>παρά</strong></span> <span class='ocrx_word' id='word_1_510' title='bbox 1546 3528 1640 3583; x_wconf 86' lang='grc' dir='ltr'><strong>τοῦ</strong></span> <span class='ocrx_word' id='word_1_511' title='bbox 1694 3528 1849 3582; x_wconf 88' lang='grc' dir='ltr'>Θεοῦ.</span> 
     </span>
    </p>
   </div>
   <div class='ocr_carea' id='block_1_68' title="bbox 288 3617 1854 3691">
    <p class='ocr_par' dir='ltr' id='par_1_68' title="bbox 288 3617 1854 3691">
     <span class='ocr_line' id='line_1_68' title="bbox 288 3617 1854 3691; baseline 0.001 -20"><span class='ocrx_word' id='word_1_512' title='bbox 288 3619 379 3671; x_wconf 84' lang='grc' dir='ltr'>Ἐν</span> <span class='ocrx_word' id='word_1_513' title='bbox 428 3618 536 3689; x_wconf 76' lang='grc' dir='ltr'><strong>γὰρ</strong></span> <span class='ocrx_word' id='word_1_514' title='bbox 588 3620 708 3682; x_wconf 85' lang='grc' dir='ltr'>ταῖς</span> <span class='ocrx_word' id='word_1_515' title='bbox 757 3617 942 3686; x_wconf 84' lang='grc' dir='ltr'>ἁγίαις</span> <span class='ocrx_word' id='word_1_516' title='bbox 996 3617 1161 3672; x_wconf 84' lang='grc' dir='ltr'>αὐτοῦ</span> <span class='ocrx_word' id='word_1_517' title='bbox 1212 3619 1555 3691; x_wconf 76' lang='grc' dir='ltr'>ἐκκλησίαις,</span> <span class='ocrx_word' id='word_1_518' title='bbox 1606 3620 1700 3673; x_wconf 70' lang='grc' dir='ltr'><strong>καὶ</strong></span> <span class='ocrx_word' id='word_1_519' title='bbox 1742 3620 1854 3683; x_wconf 90' lang='grc' dir='ltr'>τοῖς</span> 
     </span>
    </p>
   </div>
   <div class='ocr_carea' id='block_1_69' title="bbox 275 3710 1852 3784">
    <p class='ocr_par' dir='ltr' id='par_1_69' title="bbox 275 3710 1852 3784">
     <span class='ocr_line' id='line_1_69' title="bbox 275 3710 1852 3784; baseline 0.001 -21"><span class='ocrx_word' id='word_1_520' title='bbox 275 3710 613 3781; x_wconf 80' lang='grc' dir='ltr'>εὐκτηρίοις,</span> <span class='ocrx_word' id='word_1_521' title='bbox 652 3710 746 3763; x_wconf 79' lang='grc' dir='ltr'><strong>καὶ</strong></span> <span class='ocrx_word' id='word_1_522' title='bbox 779 3710 1117 3782; x_wconf 87' lang='grc' dir='ltr'>μαρτυρίοις,</span> <span class='ocrx_word' id='word_1_523' title='bbox 1150 3712 1226 3774; x_wconf 82' lang='grc' dir='ltr'>ὡς</span> <span class='ocrx_word' id='word_1_524' title='bbox 1270 3711 1329 3765; x_wconf 83' lang='grc' dir='ltr'>ἐν</span> <span class='ocrx_word' id='word_1_525' title='bbox 1360 3712 1540 3777; x_wconf 82' lang='grc' dir='ltr'>ἄλλοις</span> <span class='ocrx_word' id='word_1_526' title='bbox 1585 3713 1852 3784; x_wconf 82' lang='grc' dir='ltr'>οὐρανοῖς,</span> 
     </span>
    </p>
   </div>
   <div class='ocr_carea' id='block_1_70' title="bbox 275 3798 1855 3875">
    <p class='ocr_par' dir='ltr' id='par_1_70' title="bbox 275 3798 1855 3875">
     <span class='ocr_line' id='line_1_70' title="bbox 275 3798 1855 3875; baseline -0.001 -17"><span class='ocrx_word' id='word_1_527' title='bbox 275 3805 349 3858; x_wconf 76' lang='grc' dir='ltr'>τὰ</span> <span class='ocrx_word' id='word_1_528' title='bbox 377 3804 707 3857; x_wconf 83' lang='grc' dir='ltr'>ἀνέκλειπτα</span> <span class='ocrx_word' id='word_1_529' title='bbox 753 3802 917 3856; x_wconf 83' lang='grc' dir='ltr'>αὐτοῦ</span> <span class='ocrx_word' id='word_1_530' title='bbox 956 3802 1262 3875; x_wconf 73' lang='grc' dir='ltr'>προῦθηκεν</span> <span class='ocrx_word' id='word_1_531' title='bbox 1293 3804 1499 3874; x_wconf 86' lang='grc' dir='ltr'>ἀγαθά·</span> <span class='ocrx_word' id='word_1_532' title='bbox 1542 3805 1633 3858; x_wconf 78' lang='grc' dir='ltr'>καὶ</span> <span class='ocrx_word' id='word_1_533' title='bbox 1659 3806 1750 3873; x_wconf 74' lang='grc' dir='ltr'><strong>ἀφ’</strong></span> <span class='ocrx_word' id='word_1_534' title='bbox 1779 3798 1855 3858; x_wconf 83' lang='grc' dir='ltr'>ὧν</span> 
     </span>
    </p>
   </div>
   <div class='ocr_carea' id='block_1_71' title="bbox 281 3892 1853 3965">
    <p class='ocr_par' dir='ltr' id='par_1_71' title="bbox 281 3892 1853 3965">
     <span class='ocr_line' id='line_1_71' title="bbox 281 3892 1853 3965; baseline -0.001 -13"><span class='ocrx_word' id='word_1_535' title='bbox 281 3892 433 3959; x_wconf 61' lang='grc' dir='ltr'>οὗτος</span> <span class='ocrx_word' id='word_1_536' title='bbox 471 3896 633 3961; x_wconf 80' lang='grc' dir='ltr'>αὐτὸς</span> <span class='ocrx_word' id='word_1_537' title='bbox 674 3897 704 3949; x_wconf 86' lang='grc' dir='ltr'>ὁ</span> <span class='ocrx_word' id='word_1_538' title='bbox 748 3895 1010 3958; x_wconf 82' lang='grc' dir='ltr'>Βασιλεὺς</span> <span class='ocrx_word' id='word_1_539' title='bbox 1036 3896 1144 3948; x_wconf 89' lang='grc' dir='ltr'><strong>τῶν</strong></span> <span class='ocrx_word' id='word_1_540' title='bbox 1178 3896 1586 3965; x_wconf 83' lang='grc' dir='ltr'>βασιλευόντων,</span> <span class='ocrx_word' id='word_1_541' title='bbox 1619 3898 1711 3950; x_wconf 76' lang='grc' dir='ltr'><strong>καὶ</strong></span> <span class='ocrx_word' id='word_1_542' title='bbox 1742 3898 1853 3950; x_wconf 83' lang='grc' dir='ltr'><strong>Κύ-</strong></span> 
     </span>
    </p>
   </div>
   <div class='ocr_carea' id='block_1_72' title="bbox 284 3985 1857 4059">
    <p class='ocr_par' dir='ltr' id='par_1_72' title="bbox 284 3985 1857 4059">
     <span class='ocr_line' id='line_1_72' title="bbox 284 3985 1857 4059; baseline 0.001 -20"><span class='ocrx_word' id='word_1_543' title='bbox 284 4004 397 4059; x_wconf 82' lang='grc' dir='ltr'>ριος</span> <span class='ocrx_word' id='word_1_544' title='bbox 426 3986 539 4039; x_wconf 87' lang='grc' dir='ltr'><strong>τῶν</strong></span> <span class='ocrx_word' id='word_1_545' title='bbox 566 3985 947 4056; x_wconf 83' lang='grc' dir='ltr'>κυριευόντων,</span> <span class='ocrx_word' id='word_1_546' title='bbox 1006 3985 1208 4039; x_wconf 82' lang='grc' dir='ltr'>δέδωκέ</span> <span class='ocrx_word' id='word_1_547' title='bbox 1245 4003 1305 4039; x_wconf 92' lang='grc' dir='ltr'><strong>τε</strong></span> <span class='ocrx_word' id='word_1_548' title='bbox 1345 3988 1437 4040; x_wconf 81' lang='grc' dir='ltr'><strong>καὶ</strong></span> <span class='ocrx_word' id='word_1_549' title='bbox 1480 3987 1749 4059; x_wconf 83' lang='grc' dir='ltr'>ὁσημέραι</span> <span class='ocrx_word' id='word_1_550' title='bbox 1777 3988 1857 4042; x_wconf 85' lang='grc' dir='ltr'><strong>δί-</strong></span> 
     </span>
    </p>
   </div>
   <div class='ocr_carea' id='block_1_73' title="bbox 278 4078 1855 4145">
    <p class='ocr_par' dir='ltr' id='par_1_73' title="bbox 278 4078 1855 4145">
     <span class='ocr_line' id='line_1_73' title="bbox 278 4078 1855 4145; baseline 0.001 -12"><span class='ocrx_word' id='word_1_551' title='bbox 278 4081 445 4133; x_wconf 78' lang='grc' dir='ltr'>δωσιν</span> <span class='ocrx_word' id='word_1_552' title='bbox 500 4079 772 4145; x_wconf 78' lang='grc' dir='ltr'>ἑκάστοις,</span> <span class='ocrx_word' id='word_1_553' title='bbox 831 4078 940 4133; x_wconf 82' lang='grc' dir='ltr'>ἀπὸ</span> <span class='ocrx_word' id='word_1_554' title='bbox 979 4078 1202 4142; x_wconf 85' lang='grc' dir='ltr'>τούτων,</span> <span class='ocrx_word' id='word_1_555' title='bbox 1254 4080 1492 4144; x_wconf 84' lang='grc' dir='ltr'>εὐσεϐῶς</span> <span class='ocrx_word' id='word_1_556' title='bbox 1545 4081 1639 4135; x_wconf 80' lang='grc' dir='ltr'><strong>καὶ</strong></span> <span class='ocrx_word' id='word_1_557' title='bbox 1693 4082 1855 4145; x_wconf 82' lang='grc' dir='ltr'>ὁσίως</span> 
     </span>
    </p>
   </div>
   <div class='ocr_carea' id='block_1_74' title="bbox 280 4168 1857 4242">
    <p class='ocr_par' dir='ltr' id='par_1_74' title="bbox 280 4168 1857 4242">
     <span class='ocr_line' id='line_1_74' title="bbox 280 4168 1857 4242; baseline 0.003 -19"><span class='ocrx_word' id='word_1_558' title='bbox 280 4168 766 4242; x_wconf 75' lang='grc' dir='ltr'>προσφερομένην,</span> <span class='ocrx_word' id='word_1_559' title='bbox 824 4171 1035 4241; x_wconf 84' lang='grc' dir='ltr'>δέχεται</span> <span class='ocrx_word' id='word_1_560' title='bbox 1091 4172 1421 4242; x_wconf 81' lang='grc' dir='ltr'>ἀναίμακτον</span> <span class='ocrx_word' id='word_1_561' title='bbox 1488 4172 1708 4237; x_wconf 90' lang='grc' dir='ltr'>θυσίαν,</span> <span class='ocrx_word' id='word_1_562' title='bbox 1766 4176 1857 4227; x_wconf 66' lang='grc' dir='ltr'><strong>κα)⁸</strong></span> 
     </span>
    </p>
   </div>
   <div class='ocr_carea' id='block_1_75' title="bbox 280 4263 1857 4337">
    <p class='ocr_par' dir='ltr' id='par_1_75' title="bbox 280 4263 1857 4337">
     <span class='ocr_line' id='line_1_75' title="bbox 280 4263 1857 4337; baseline 0.002 -20"><span class='ocrx_word' id='word_1_563' title='bbox 280 4266 463 4318; x_wconf 82' lang='grc' dir='ltr'>πάντα</span> <span class='ocrx_word' id='word_1_564' title='bbox 509 4263 623 4334; x_wconf 76' lang='grc' dir='ltr'><strong>ἔχει</strong></span> <span class='ocrx_word' id='word_1_565' title='bbox 662 4264 732 4318; x_wconf 80' lang='grc' dir='ltr'><strong>τά</strong></span> <span class='ocrx_word' id='word_1_566' title='bbox 759 4264 911 4335; x_wconf 76' lang='grc' dir='ltr'>παρὰ</span> <span class='ocrx_word' id='word_1_567' title='bbox 933 4264 1234 4336; x_wconf 85' lang='grc' dir='ltr'>ἀνθρώπων</span> <span class='ocrx_word' id='word_1_568' title='bbox 1264 4265 1421 4337; x_wconf 87' lang='grc' dir='ltr'>γέρα.</span> <span class='ocrx_word' id='word_1_569' title='bbox 1454 4266 1678 4336; x_wconf 80' lang='grc' dir='ltr'>Νομίζω</span> <span class='ocrx_word' id='word_1_570' title='bbox 1698 4267 1754 4320; x_wconf 79' lang='grc' dir='ltr'><strong>δὲ</strong></span> <span class='ocrx_word' id='word_1_571' title='bbox 1777 4269 1857 4332; x_wconf 83' lang='grc' dir='ltr'>εἰς</span> 
     </span>
    </p>
   </div>
   <div class='ocr_carea' id='block_1_76' title="bbox 280 4356 1857 4428">
    <p class='ocr_par' dir='ltr' id='par_1_76' title="bbox 280 4356 1857 4428">
     <span class='ocr_line' id='line_1_76' title="bbox 280 4356 1857 4428; baseline 0.001 -17"><span class='ocrx_word' id='word_1_572' title='bbox 280 4359 348 4411; x_wconf 74' lang='grc' dir='ltr'><strong>τά</strong></span> <span class='ocrx_word' id='word_1_573' title='bbox 383 4356 527 4409; x_wconf 77' lang='grc' dir='ltr'>κατὰ</span> <span class='ocrx_word' id='word_1_574' title='bbox 562 4356 869 4425; x_wconf 87' lang='grc' dir='ltr'>αἱρετικῶν,</span> <span class='ocrx_word' id='word_1_575' title='bbox 900 4357 992 4409; x_wconf 68' lang='grc' dir='ltr'><strong>καὶ</strong></span> <span class='ocrx_word' id='word_1_576' title='bbox 1025 4359 1101 4420; x_wconf 89' lang='grc' dir='ltr'><strong>είς</strong></span> <span class='ocrx_word' id='word_1_577' title='bbox 1137 4356 1204 4409; x_wconf 81' lang='grc' dir='ltr'>τὰ</span> <span class='ocrx_word' id='word_1_578' title='bbox 1252 4358 1379 4428; x_wconf 74' lang='grc' dir='ltr'>περὶ</span> <span class='ocrx_word' id='word_1_579' title='bbox 1428 4357 1720 4427; x_wconf 87' lang='grc' dir='ltr'>θεολογίας,</span> <span class='ocrx_word' id='word_1_580' title='bbox 1762 4360 1857 4413; x_wconf 74' lang='grc' dir='ltr'>καὶ</span> 
     </span>
    </p>
   </div>
   <div class='ocr_carea' id='block_1_77' title="bbox 277 4447 1855 4522">
    <p class='ocr_par' dir='ltr' id='par_1_77' title="bbox 277 4447 1855 4522">
     <span class='ocr_line' id='line_1_77' title="bbox 277 4447 1855 4522; baseline -0.001 -17"><span class='ocrx_word' id='word_1_581' title='bbox 277 4452 347 4505; x_wconf 76' lang='grc' dir='ltr'><strong>τά</strong></span> <span class='ocrx_word' id='word_1_582' title='bbox 377 4451 556 4517; x_wconf 76' lang='grc' dir='ltr'>ἄλογα</span> <span class='ocrx_word' id='word_1_583' title='bbox 585 4448 719 4522; x_wconf 81' lang='grc' dir='ltr'>ζῶα,</span> <span class='ocrx_word' id='word_1_584' title='bbox 752 4447 1009 4518; x_wconf 81' lang='grc' dir='ltr'>μενοῦνγε</span> <span class='ocrx_word' id='word_1_585' title='bbox 1031 4450 1155 4512; x_wconf 78' lang='grc' dir='ltr'>τοὺς</span> <span class='ocrx_word' id='word_1_586' title='bbox 1185 4449 1363 4511; x_wconf 87' lang='grc' dir='ltr'>λίθους</span> <span class='ocrx_word' id='word_1_587' title='bbox 1388 4450 1603 4513; x_wconf 77' lang='grc' dir='ltr'>αὐτοὺς,</span> <span class='ocrx_word' id='word_1_588' title='bbox 1628 4453 1691 4521; x_wconf 84' lang='grc' dir='ltr'><strong>τῇ</strong></span> <span class='ocrx_word' id='word_1_589' title='bbox 1720 4468 1855 4522; x_wconf 88' lang='grc' dir='ltr'>προ-</span> 
     </span>
    </p>
   </div>
   <div class='ocr_carea' id='block_1_78' title="bbox 1955 3253 3516 3333">
    <p class='ocr_par' dir='ltr' id='par_1_78' title="bbox 1955 3253 3516 3333">
     <span class='ocr_line' id='line_1_78' title="bbox 1955 3253 3516 3333; baseline 0.008 -27"><span class='ocrx_word' id='word_1_590' title='bbox 1955 3253 2214 3310; x_wconf 90' lang='lat' dir='ltr'><strong>rilicatur.</strong></span> <span class='ocrx_word' id='word_1_591' title='bbox 2264 3255 2368 3310; x_wconf 89' lang='lat' dir='ltr'><strong>Sed</strong></span> <span class='ocrx_word' id='word_1_592' title='bbox 2413 3257 2544 3311; x_wconf 91' lang='lat' dir='ltr'><strong>mihi</strong></span> <span class='ocrx_word' id='word_1_593' title='bbox 2586 3258 2765 3325; x_wconf 86' lang='lat' dir='ltr'><strong>p0tius</strong></span> <span class='ocrx_word' id='word_1_594' title='bbox 2798 3257 3058 3326; x_wconf 89' lang='lat' dir='ltr'><strong>Spiritum</strong></span> <span class='ocrx_word' id='word_1_595' title='bbox 3092 3260 3231 3316; x_wconf 90' lang='lat' dir='ltr'><strong>hunc</strong></span> <span class='ocrx_word' id='word_1_596' title='bbox 3267 3264 3516 3333; x_wconf 86' lang='lat' dir='ltr'><strong>hyposta-</strong></span> 
     </span>
    </p>
   </div>
   <div class='ocr_carea' id='block_1_79' title="bbox 1952 3345 3517 3419">
    <p class='ocr_par' dir='ltr' id='par_1_79' title="bbox 1952 3345 3517 3419">
     <span class='ocr_line' id='line_1_79' title="bbox 1952 3345 3517 3419; baseline 0.006 -19"><span class='ocrx_word' id='word_1_597' title='bbox 1952 3346 2026 3400; x_wconf 89' lang='lat' dir='ltr'><strong>sis</strong></span> <span class='ocrx_word' id='word_1_598' title='bbox 2054 3345 2148 3400; x_wconf 89' lang='lat' dir='ltr'><strong>Dei</strong></span> <span class='ocrx_word' id='word_1_599' title='bbox 2182 3362 2348 3401; x_wconf 92' lang='lat' dir='ltr'><strong>unum</strong></span> <span class='ocrx_word' id='word_1_600' title='bbox 2397 3356 2453 3401; x_wconf 91' lang='lat' dir='ltr'><strong>et</strong></span> <span class='ocrx_word' id='word_1_601' title='bbox 2496 3347 2692 3409; x_wconf 89' lang='lat' dir='ltr'><strong>solum,</strong></span> <span class='ocrx_word' id='word_1_602' title='bbox 2733 3358 2788 3402; x_wconf 92' lang='lat' dir='ltr'><strong>et</strong></span> <span class='ocrx_word' id='word_1_603' title='bbox 2824 3349 2988 3403; x_wconf 88' lang='lat' dir='ltr'><strong>Deum</strong></span> <span class='ocrx_word' id='word_1_604' title='bbox 3031 3351 3351 3419; x_wconf 63' lang='lat' dir='ltr'><strong>praedicandi</strong></span> <span class='ocrx_word' id='word_1_605' title='bbox 3390 3368 3517 3409; x_wconf 85' lang='lat' dir='ltr'><strong>con-</strong></span> 
     </span>
    </p>
   </div>
   <div class='ocr_carea' id='block_1_80' title="bbox 1952 3438 3516 3517">
    <p class='ocr_par' dir='ltr' id='par_1_80' title="bbox 1952 3438 3516 3517">
     <span class='ocr_line' id='line_1_80' title="bbox 1952 3438 3516 3517; baseline 0.008 -27"><span class='ocrx_word' id='word_1_606' title='bbox 1952 3438 2196 3493; x_wconf 89' lang='lat' dir='ltr'><strong>sensistis</strong></span> <span class='ocrx_word' id='word_1_607' title='bbox 2228 3452 2243 3494; x_wconf 84' lang='lat'>:</span> <span class='ocrx_word' id='word_1_608' title='bbox 2272 3454 2335 3492; x_wconf 89' lang='lat' dir='ltr'><strong>ac</strong></span> <span class='ocrx_word' id='word_1_609' title='bbox 2366 3438 2593 3493; x_wconf 74' lang='lat' dir='ltr'><strong>fortasse</strong></span> <span class='ocrx_word' id='word_1_610' title='bbox 2626 3438 2695 3493; x_wconf 81' lang='lat' dir='ltr'><strong>ob</strong></span> <span class='ocrx_word' id='word_1_611' title='bbox 2732 3439 3073 3495; x_wconf 90' lang='lat' dir='ltr'><strong>immodicum</strong></span> <span class='ocrx_word' id='word_1_612' title='bbox 3115 3453 3357 3499; x_wconf 87' lang='lat' dir='ltr'><strong>vestrum</strong></span> <span class='ocrx_word' id='word_1_613' title='bbox 3391 3462 3516 3517; x_wconf 87' lang='lat' dir='ltr'><strong>erga</strong></span> 
     </span>
    </p>
   </div>
   <div class='ocr_carea' id='block_1_81' title="bbox 1953 3526 3515 3594">
    <p class='ocr_par' dir='ltr' id='par_1_81' title="bbox 1953 3526 3515 3594">
     <span class='ocr_line' id='line_1_81' title="bbox 1953 3526 3515 3594; baseline 0.008 -17"><span class='ocrx_word' id='word_1_614' title='bbox 1953 3534 2237 3594; x_wconf 86' lang='lat' dir='ltr'><strong>augustam</strong></span> <span class='ocrx_word' id='word_1_615' title='bbox 2293 3534 2346 3579; x_wconf 88' lang='lat' dir='ltr'><strong>et</strong></span> <span class='ocrx_word' id='word_1_616' title='bbox 2387 3526 2895 3581; x_wconf 83' lang='lat' dir='ltr'><strong>consubstantialem</strong></span> <span class='ocrx_word' id='word_1_617' title='bbox 2927 3527 3247 3585; x_wconf 85' lang='lat' dir='ltr'><strong>Trinitatem</strong></span> <span class='ocrx_word' id='word_1_618' title='bbox 3278 3548 3515 3590; x_wconf 71' lang='lat' dir='ltr'><strong>amorem</strong></span> 
     </span>
    </p>
   </div>
   <div class='ocr_carea' id='block_1_82' title="bbox 1956 3613 3517 3695">
    <p class='ocr_par' dir='ltr' id='par_1_82' title="bbox 1956 3613 3517 3695">
     <span class='ocr_line' id='line_1_82' title="bbox 1956 3613 3517 3695; baseline 0.009 -28"><span class='ocrx_word' id='word_1_619' title='bbox 1956 3613 2108 3686; x_wconf 91' lang='lat' dir='ltr'><strong>[mihi</strong></span> <span class='ocrx_word' id='word_1_620' title='bbox 2160 3623 2338 3668; x_wconf 88' lang='lat' dir='ltr'><strong>autem</strong></span> <span class='ocrx_word' id='word_1_621' title='bbox 2383 3631 2534 3669; x_wconf 90' lang='lat' dir='ltr'><strong>meus</strong></span> <span class='ocrx_word' id='word_1_622' title='bbox 2577 3614 2681 3671; x_wconf 83' lang='lat' dir='ltr'><strong>hac</strong></span> <span class='ocrx_word' id='word_1_623' title='bbox 2723 3617 2772 3670; x_wconf 94' lang='lat' dir='ltr'><strong>in</strong></span> <span class='ocrx_word' id='word_1_624' title='bbox 2813 3628 2964 3686; x_wconf 91' lang='lat' dir='ltr'><strong>parte</strong></span> <span class='ocrx_word' id='word_1_625' title='bbox 2996 3619 3127 3674; x_wconf 91' lang='lat' dir='ltr'><strong>liber</strong></span> <span class='ocrx_word' id='word_1_626' title='bbox 3166 3625 3517 3695; x_wconf 85' lang='lat' dir='ltr'><strong>panegyricus</strong></span> 
     </span>
    </p>
   </div>
   <div class='ocr_carea' id='block_1_83' title="bbox 1953 3703 3518 3784">
    <p class='ocr_par' dir='ltr' id='par_1_83' title="bbox 1953 3703 3518 3784">
     <span class='ocr_line' id='line_1_83' title="bbox 1953 3703 3518 3784; baseline 0.008 -25"><span class='ocrx_word' id='word_1_627' title='bbox 1953 3703 2156 3777; x_wconf 88' lang='lat' dir='ltr'><strong>evadit]</strong></span> <span class='ocrx_word' id='word_1_628' title='bbox 2187 3715 2360 3759; x_wconf 88' lang='lat' dir='ltr'><strong>vestra</strong></span> <span class='ocrx_word' id='word_1_629' title='bbox 2393 3721 2512 3761; x_wconf 91' lang='lat' dir='ltr'><strong>esse</strong></span> <span class='ocrx_word' id='word_1_630' title='bbox 2553 3707 2758 3762; x_wconf 84' lang='lat' dir='ltr'><strong>velletis</strong></span> <span class='ocrx_word' id='word_1_631' title='bbox 2799 3711 2984 3773; x_wconf 85' lang='lat' dir='ltr'><strong>verba,</strong></span> <span class='ocrx_word' id='word_1_632' title='bbox 3028 3726 3145 3779; x_wconf 69' lang='lat' dir='ltr'><strong>qua:</strong></span> <span class='ocrx_word' id='word_1_633' title='bbox 3178 3728 3243 3767; x_wconf 75' lang='lat' dir='ltr'><strong>ex</strong></span> <span class='ocrx_word' id='word_1_634' title='bbox 3279 3712 3518 3784; x_wconf 88' lang='lat' dir='ltr'><strong>Scriptu-</strong></span> 
     </span>
    </p>
   </div>
   <div class='ocr_carea' id='block_1_84' title="bbox 1957 3799 3520 3872">
    <p class='ocr_par' dir='ltr' id='par_1_84' title="bbox 1957 3799 3520 3872">
     <span class='ocr_line' id='line_1_84' title="bbox 1957 3799 3520 3872; baseline 0.006 -20"><span class='ocrx_word' id='word_1_635' title='bbox 1957 3814 2136 3852; x_wconf 87' lang='lat' dir='ltr'><strong>rarum</strong></span> <span class='ocrx_word' id='word_1_636' title='bbox 2186 3799 2453 3854; x_wconf 86' lang='lat' dir='ltr'><strong>sententia</strong></span> <span class='ocrx_word' id='word_1_637' title='bbox 2492 3816 2521 3853; x_wconf 88' lang='lat' dir='ltr'><strong>a</strong></span> <span class='ocrx_word' id='word_1_638' title='bbox 2576 3800 2775 3867; x_wconf 91' lang='lat' dir='ltr'><strong>multis,</strong></span> <span class='ocrx_word' id='word_1_639' title='bbox 2820 3810 2983 3870; x_wconf 91' lang='lat' dir='ltr'><strong>atque</strong></span> <span class='ocrx_word' id='word_1_640' title='bbox 3017 3802 3068 3857; x_wconf 94' lang='lat' dir='ltr'><strong>in</strong></span> <span class='ocrx_word' id='word_1_641' title='bbox 3101 3818 3338 3872; x_wconf 75' lang='lat' dir='ltr'><strong>prtesens</strong></span> <span class='ocrx_word' id='word_1_642' title='bbox 3368 3822 3398 3860; x_wconf 91' lang='lat' dir='ltr'><strong>a</strong></span> <span class='ocrx_word' id='word_1_643' title='bbox 3436 3824 3520 3862; x_wconf 90' lang='lat' dir='ltr'><strong>me</strong></span> 
     </span>
    </p>
   </div>
   <div class='ocr_carea' id='block_1_85' title="bbox 1955 3887 3519 3963">
    <p class='ocr_par' dir='ltr' id='par_1_85' title="bbox 1955 3887 3519 3963">
     <span class='ocr_line' id='line_1_85' title="bbox 1955 3887 3519 3963; baseline 0.006 -20"><span class='ocrx_word' id='word_1_644' title='bbox 1955 3887 2095 3943; x_wconf 87' lang='lat' dir='ltr'><strong>dicta</strong></span> <span class='ocrx_word' id='word_1_645' title='bbox 2136 3898 2278 3952; x_wconf 89' lang='lat' dir='ltr'><strong>sunt,</strong></span> <span class='ocrx_word' id='word_1_646' title='bbox 2328 3898 2383 3943; x_wconf 89' lang='lat' dir='ltr'><strong>et</strong></span> <span class='ocrx_word' id='word_1_647' title='bbox 2442 3905 2712 3958; x_wconf 91' lang='lat' dir='ltr'><strong>nunquam</strong></span> <span class='ocrx_word' id='word_1_648' title='bbox 2761 3891 2874 3945; x_wconf 66' lang='lat' dir='ltr'><strong>haec</strong></span> <span class='ocrx_word' id='word_1_649' title='bbox 2932 3893 3146 3947; x_wconf 90' lang='lat' dir='ltr'><strong>silentio</strong></span> <span class='ocrx_word' id='word_1_650' title='bbox 3195 3895 3368 3963; x_wconf 81' lang='lat' dir='ltr'><strong>obrui.</strong></span> <span class='ocrx_word' id='word_1_651' title='bbox 3427 3901 3519 3953; x_wconf 90' lang='lat' dir='ltr'><strong>sed</strong></span> 
     </span>
    </p>
   </div>
   <div class='ocr_carea' id='block_1_86' title="bbox 1955 3981 3521 4053">
    <p class='ocr_par' dir='ltr' id='par_1_86' title="bbox 1955 3981 3521 4053">
     <span class='ocr_line' id='line_1_86' title="bbox 1955 3981 3521 4053; baseline 0.007 -19"><span class='ocrx_word' id='word_1_652' title='bbox 1955 3996 2143 4035; x_wconf 85' lang='lat' dir='ltr'><strong>omnes</strong></span> <span class='ocrx_word' id='word_1_653' title='bbox 2182 3981 2447 4048; x_wconf 87' lang='lat' dir='ltr'><strong>homines,</strong></span> <span class='ocrx_word' id='word_1_654' title='bbox 2490 3998 2609 4036; x_wconf 89' lang='lat' dir='ltr'><strong>cum</strong></span> <span class='ocrx_word' id='word_1_655' title='bbox 2658 3998 2687 4035; x_wconf 92' lang='lat' dir='ltr'><strong>a</strong></span> <span class='ocrx_word' id='word_1_656' title='bbox 2730 3985 2957 4053; x_wconf 89' lang='lat' dir='ltr'><strong>negotiis</strong></span> <span class='ocrx_word' id='word_1_657' title='bbox 3002 3996 3216 4053; x_wconf 83' lang='lat' dir='ltr'><strong>vacant,</strong></span> <span class='ocrx_word' id='word_1_658' title='bbox 3256 3989 3306 4042; x_wconf 93' lang='lat' dir='ltr'><strong>in</strong></span> <span class='ocrx_word' id='word_1_659' title='bbox 3355 3989 3521 4045; x_wconf 87' lang='lat' dir='ltr'><strong>hocce</strong></span> 
     </span>
    </p>
   </div>
   <div class='ocr_carea' id='block_1_87' title="bbox 1958 4076 3522 4150">
    <p class='ocr_par' dir='ltr' id='par_1_87' title="bbox 1958 4076 3522 4150">
     <span class='ocr_line' id='line_1_87' title="bbox 1958 4076 3522 4150; baseline 0.006 -23"><span class='ocrx_word' id='word_1_660' title='bbox 1958 4084 2277 4145; x_wconf 88' lang='lat' dir='ltr'><strong>argumento</strong></span> <span class='ocrx_word' id='word_1_661' title='bbox 2315 4084 2523 4144; x_wconf 86' lang='lat' dir='ltr'><strong>tempus</strong></span> <span class='ocrx_word' id='word_1_662' title='bbox 2554 4076 2865 4145; x_wconf 88' lang='lat' dir='ltr'><strong>impendere</strong></span> <span class='ocrx_word' id='word_1_663' title='bbox 2900 4080 3184 4149; x_wconf 85' lang='lat' dir='ltr'><strong>ex0ptatis.</strong></span> <span class='ocrx_word' id='word_1_664' title='bbox 3235 4079 3385 4136; x_wconf 78' lang='lat' dir='ltr'><strong>Hanc</strong></span> <span class='ocrx_word' id='word_1_665' title='bbox 3425 4083 3522 4150; x_wconf 83' lang='lat' dir='ltr'><strong>igi-</strong></span> 
     </span>
    </p>
   </div>
   <div class='ocr_carea' id='block_1_88' title="bbox 1959 4168 3522 4238">
    <p class='ocr_par' dir='ltr' id='par_1_88' title="bbox 1959 4168 3522 4238">
     <span class='ocr_line' id='line_1_88' title="bbox 1959 4168 3522 4238; baseline 0.004 -17"><span class='ocrx_word' id='word_1_666' title='bbox 1959 4176 2046 4221; x_wconf 86' lang='lat' dir='ltr'><strong>tur</strong></span> <span class='ocrx_word' id='word_1_667' title='bbox 2083 4170 2152 4221; x_wconf 87' lang='lat' dir='ltr'><strong>ob</strong></span> <span class='ocrx_word' id='word_1_668' title='bbox 2194 4180 2411 4221; x_wconf 87' lang='lat' dir='ltr'><strong>causam</strong></span> <span class='ocrx_word' id='word_1_669' title='bbox 2445 4176 2497 4220; x_wconf 88' lang='lat' dir='ltr'><strong>tu</strong></span> <span class='ocrx_word' id='word_1_670' title='bbox 2547 4168 2784 4235; x_wconf 86' lang='lat' dir='ltr'><strong>quidem,</strong></span> <span class='ocrx_word' id='word_1_671' title='bbox 2829 4183 2863 4224; x_wconf 91' lang='grc' dir='ltr'><strong>ο</strong></span> <span class='ocrx_word' id='word_1_672' title='bbox 2902 4183 3087 4226; x_wconf 80' lang='lat' dir='ltr'><strong>sancte</strong></span> <span class='ocrx_word' id='word_1_673' title='bbox 3134 4171 3382 4238; x_wconf 79' lang='lat' dir='ltr'><strong>Michael,</strong></span> <span class='ocrx_word' id='word_1_674' title='bbox 3431 4190 3522 4229; x_wconf 89' lang='lat' dir='ltr'><strong>su-</strong></span> 
     </span>
    </p>
   </div>
   <div class='ocr_carea' id='block_1_89' title="bbox 1955 4258 3502 4331">
    <p class='ocr_par' dir='ltr' id='par_1_89' title="bbox 1955 4258 3502 4331">
     <span class='ocr_line' id='line_1_89' title="bbox 1955 4258 3502 4331; baseline 0.005 -19"><span class='ocrx_word' id='word_1_675' title='bbox 1955 4273 2143 4328; x_wconf 88' lang='lat' dir='ltr'><strong>premo</strong></span> <span class='ocrx_word' id='word_1_676' title='bbox 2162 4258 2370 4329; x_wconf 89' lang='lat' dir='ltr'><strong>judicio</strong></span> <span class='ocrx_word' id='word_1_677' title='bbox 2399 4259 2464 4314; x_wconf 88' lang='lat' dir='ltr'><strong>ad</strong></span> <span class='ocrx_word' id='word_1_678' title='bbox 2494 4260 2865 4329; x_wconf 87' lang='lat' dir='ltr'><strong>imperandum</strong></span> <span class='ocrx_word' id='word_1_679' title='bbox 2906 4262 3238 4331; x_wconf 89' lang='lat' dir='ltr'><strong>incorporeis</strong></span> <span class='ocrx_word' id='word_1_680' title='bbox 3278 4267 3502 4320; x_wconf 77' lang='lat' dir='ltr'><strong>exerciti</strong></span> 
     </span>
    </p>
   </div>
   <div class='ocr_carea' id='block_1_90' title="bbox 1956 4350 3524 4422">
    <p class='ocr_par' dir='ltr' id='par_1_90' title="bbox 1956 4350 3524 4422">
     <span class='ocr_line' id='line_1_90' title="bbox 1956 4350 3524 4422; baseline 0.004 -17"><span class='ocrx_word' id='word_1_681' title='bbox 1956 4350 2058 4406; x_wconf 89' lang='lat' dir='ltr'><strong>bus</strong></span> <span class='ocrx_word' id='word_1_682' title='bbox 2110 4352 2332 4415; x_wconf 90' lang='lat' dir='ltr'><strong>electus,</strong></span> <span class='ocrx_word' id='word_1_683' title='bbox 2380 4365 2447 4407; x_wconf 86' lang='lat' dir='ltr'><strong>ac</strong></span> <span class='ocrx_word' id='word_1_684' title='bbox 2478 4350 2641 4405; x_wconf 87' lang='lat' dir='ltr'><strong>veluti</strong></span> <span class='ocrx_word' id='word_1_685' title='bbox 2687 4352 2910 4420; x_wconf 88' lang='lat' dir='ltr'><strong>spiritali</strong></span> <span class='ocrx_word' id='word_1_686' title='bbox 2953 4353 3165 4422; x_wconf 90' lang='lat' dir='ltr'><strong>cingulo</strong></span> <span class='ocrx_word' id='word_1_687' title='bbox 3212 4355 3524 4412; x_wconf 88' lang='lat' dir='ltr'><strong>honestatus</strong></span> 
     </span>
    </p>
   </div>
   <div class='ocr_carea' id='block_1_91' title="bbox 1959 4443 3523 4512">
    <p class='ocr_par' dir='ltr' id='par_1_91' title="bbox 1959 4443 3523 4512">
     <span class='ocr_line' id='line_1_91' title="bbox 1959 4443 3523 4512; baseline 0.004 -17"><span class='ocrx_word' id='word_1_688' title='bbox 1959 4458 2040 4506; x_wconf 88' lang='lat' dir='ltr'><strong>es,</strong></span> <span class='ocrx_word' id='word_1_689' title='bbox 2064 4453 2121 4498; x_wconf 91' lang='lat' dir='ltr'><strong>et</strong></span> <span class='ocrx_word' id='word_1_690' title='bbox 2150 4444 2332 4498; x_wconf 84' lang='lat' dir='ltr'><strong>suavis</strong></span> <span class='ocrx_word' id='word_1_691' title='bbox 2374 4443 2593 4512; x_wconf 89' lang='lat' dir='ltr'><strong>quidam</strong></span> <span class='ocrx_word' id='word_1_692' title='bbox 2637 4444 2769 4497; x_wconf 86' lang='lat' dir='ltr'><strong>odor</strong></span> <span class='ocrx_word' id='word_1_693' title='bbox 2798 4444 3011 4498; x_wconf 81' lang='lat' dir='ltr'><strong>exsistis</strong></span> <span class='ocrx_word' id='word_1_694' title='bbox 3055 4445 3406 4502; x_wconf 78' lang='lat' dir='ltr'><strong>sanctissimae</strong></span> <span class='ocrx_word' id='word_1_695' title='bbox 3440 4463 3523 4501; x_wconf 90' lang='lat' dir='ltr'><strong>re-</strong></span> 
     </span>
    </p>
   </div>
   <div class='ocr_carea' id='block_1_92' title="bbox 274 4520 1850 4614">
    <p class='ocr_par' dir='ltr' id='par_1_92' title="bbox 274 4520 1850 4614">
     <span class='ocr_line' id='line_1_92' title="bbox 274 4520 1850 4614; baseline 0.001 -20"><span class='ocrx_word' id='word_1_696' title='bbox 274 4542 451 4612; x_wconf 77' lang='grc' dir='ltr'>θυμίᾳ</span> <span class='ocrx_word' id='word_1_697' title='bbox 490 4520 933 4609; x_wconf 50' lang='grc' dir='ltr'>συμφθέγγεσθαι</span> <span class='ocrx_word' id='word_1_698' title='bbox 977 4541 1126 4610; x_wconf 79' lang='grc' dir='ltr'>ἡμῖν.</span> <span class='ocrx_word' id='word_1_699' title='bbox 1164 4540 1228 4592; x_wconf 86' lang='grc' dir='ltr'>Τί</span> <span class='ocrx_word' id='word_1_700' title='bbox 1262 4541 1369 4612; x_wconf 78' lang='grc' dir='ltr'>γὰρ</span> <span class='ocrx_word' id='word_1_701' title='bbox 1411 4542 1470 4593; x_wconf 85' lang='grc' dir='ltr'><strong>οὐ</strong></span> <span class='ocrx_word' id='word_1_702' title='bbox 1512 4520 1698 4595; x_wconf 81' lang='grc' dir='ltr'>ποιεῖό</span> <span class='ocrx_word' id='word_1_703' title='bbox 1728 4520 1850 4614; x_wconf 72' lang='grc' dir='ltr'>περὶ</span> 
     </span>
    </p>
   </div>
   <div class='ocr_carea' id='block_1_93' title="bbox 1951 4520 3521 4614">
    <p class='ocr_par' dir='ltr' id='par_1_93' title="bbox 1963 4534 3521 4598">
     <span class='ocr_line' id='line_1_93' title="bbox 1963 4534 3521 4598; baseline 0.002 -10"><span class='ocrx_word' id='word_1_704' title='bbox 1963 4551 2078 4590; x_wconf 92' lang='lat' dir='ltr'><strong>rum</strong></span> <span class='ocrx_word' id='word_1_705' title='bbox 2121 4535 2360 4589; x_wconf 90' lang='lat' dir='ltr'><strong>omnium</strong></span> <span class='ocrx_word' id='word_1_706' title='bbox 2407 4534 2669 4598; x_wconf 69' lang='lat' dir='ltr'><strong>dominae,</strong></span> <span class='ocrx_word' id='word_1_707' title='bbox 2721 4544 2775 4588; x_wconf 91' lang='lat' dir='ltr'><strong>et</strong></span> <span class='ocrx_word' id='word_1_708' title='bbox 2824 4534 3185 4590; x_wconf 87' lang='lat' dir='ltr'><strong>misericordis</strong></span> <span class='ocrx_word' id='word_1_709' title='bbox 3224 4535 3521 4593; x_wconf 88' lang='lat' dir='ltr'><strong>Trinitatis.</strong></span> 
     </span>
    </p>
   </div>
   <div class='ocr_carea' id='block_1_94' title="bbox 276 4630 1855 4705">
    <p class='ocr_par' dir='ltr' id='par_1_94' title="bbox 276 4630 1855 4705">
     <span class='ocr_line' id='line_1_94' title="bbox 276 4630 1855 4705; baseline 0.001 -20"><span class='ocrx_word' id='word_1_710' title='bbox 276 4634 410 4686; x_wconf 75' lang='grc' dir='ltr'>Θεὸν</span> <span class='ocrx_word' id='word_1_711' title='bbox 442 4631 616 4703; x_wconf 73' lang='grc' dir='ltr'>ἔρως;</span> <span class='ocrx_word' id='word_1_712' title='bbox 657 4630 690 4701; x_wconf 86' lang='grc' dir='ltr'><strong>ἧ</strong></span> <span class='ocrx_word' id='word_1_713' title='bbox 722 4632 828 4684; x_wconf 87' lang='grc' dir='ltr'>τίνι</span> <span class='ocrx_word' id='word_1_714' title='bbox 867 4634 1185 4703; x_wconf 87' lang='grc' dir='ltr'>παραχωρεῖ</span> <span class='ocrx_word' id='word_1_715' title='bbox 1225 4632 1443 4704; x_wconf 78' lang='grc' dir='ltr'>φίλτρον</span> <span class='ocrx_word' id='word_1_716' title='bbox 1495 4633 1692 4703; x_wconf 84' lang='grc' dir='ltr'>ἀληθὲς</span> <span class='ocrx_word' id='word_1_717' title='bbox 1723 4650 1855 4705; x_wconf 84' lang='grc' dir='ltr'>καρ-</span> 
     </span>
    </p>
   </div>
   <div class='ocr_carea' id='block_1_95' title="bbox 270 4720 1857 4793">
    <p class='ocr_par' dir='ltr' id='par_1_95' title="bbox 270 4720 1857 4793">
     <span class='ocr_line' id='line_1_95' title="bbox 270 4720 1857 4793; baseline -0.001 -17"><span class='ocrx_word' id='word_1_718' title='bbox 270 4724 424 4787; x_wconf 74' lang='grc' dir='ltr'>δίαςς</span> <span class='ocrx_word' id='word_1_719' title='bbox 460 4723 610 4775; x_wconf 87' lang='grc' dir='ltr'>Ἴστε</span> <span class='ocrx_word' id='word_1_720' title='bbox 642 4720 749 4791; x_wconf 79' lang='grc' dir='ltr'><strong>γὰρ</strong></span> <span class='ocrx_word' id='word_1_721' title='bbox 790 4721 910 4787; x_wconf 81' lang='grc' dir='ltr'>(σῦν</span> <span class='ocrx_word' id='word_1_722' title='bbox 963 4721 1080 4791; x_wconf 86' lang='grc' dir='ltr'><strong>Θεῴ</strong></span> <span class='ocrx_word' id='word_1_723' title='bbox 1112 4721 1168 4774; x_wconf 84' lang='grc' dir='ltr'><strong>δὲ</strong></span> <span class='ocrx_word' id='word_1_724' title='bbox 1200 4722 1375 4776; x_wconf 88' lang='grc' dir='ltr'>πάντα</span> <span class='ocrx_word' id='word_1_725' title='bbox 1407 4723 1685 4793; x_wconf 80' lang='grc' dir='ltr'>εἰρήσθω),</span> <span class='ocrx_word' id='word_1_726' title='bbox 1715 4722 1857 4775; x_wconf 76' lang='grc' dir='ltr'>οὕτω</span> 
     </span>
    </p>
   </div>
   <div class='ocr_carea' id='block_1_96' title="bbox 279 4813 1857 4885">
    <p class='ocr_par' dir='ltr' id='par_1_96' title="bbox 279 4813 1857 4885">
     <span class='ocr_line' id='line_1_96' title="bbox 279 4813 1857 4885; baseline -0.002 -17"><span class='ocrx_word' id='word_1_727' title='bbox 279 4817 398 4885; x_wconf 82' lang='grc' dir='ltr'>μεθ’</span> <span class='ocrx_word' id='word_1_728' title='bbox 433 4814 599 4884; x_wconf 80' lang='grc' dir='ltr'>ὑμῶν</span> <span class='ocrx_word' id='word_1_729' title='bbox 631 4830 689 4865; x_wconf 88' lang='grc' dir='ltr'>τε</span> <span class='ocrx_word' id='word_1_730' title='bbox 725 4813 818 4866; x_wconf 74' lang='grc' dir='ltr'><strong>καὶ</strong></span> <span class='ocrx_word' id='word_1_731' title='bbox 854 4813 964 4867; x_wconf 90' lang='grc' dir='ltr'><strong>τῶν</strong></span> <span class='ocrx_word' id='word_1_732' title='bbox 996 4814 1061 4865; x_wconf 85' lang='grc' dir='ltr'>ὲκ</span> <span class='ocrx_word' id='word_1_733' title='bbox 1092 4814 1190 4884; x_wconf 85' lang='grc' dir='ltr'>τῆς</span> <span class='ocrx_word' id='word_1_734' title='bbox 1223 4813 1494 4884; x_wconf 75' lang='grc' dir='ltr'>ἡμετέρας</span> <span class='ocrx_word' id='word_1_735' title='bbox 1522 4813 1734 4882; x_wconf 84' lang='grc' dir='ltr'>φύσεως</span> <span class='ocrx_word' id='word_1_736' title='bbox 1764 4830 1857 4882; x_wconf 79' lang='grc' dir='ltr'><strong>γε·</strong></span> 
     </span>
    </p>
   </div>
   <div class='ocr_carea' id='block_1_97' title="bbox 272 4901 1855 4975">
    <p class='ocr_par' dir='ltr' id='par_1_97' title="bbox 272 4901 1855 4975">
     <span class='ocr_line' id='line_1_97' title="bbox 272 4901 1855 4975; baseline 0 -19"><span class='ocrx_word' id='word_1_737' title='bbox 272 4905 519 4973; x_wconf 70' lang='grc' dir='ltr'>γονάτων</span> <span class='ocrx_word' id='word_1_738' title='bbox 544 4902 716 4968; x_wconf 85' lang='grc' dir='ltr'>ἁγίων</span> <span class='ocrx_word' id='word_1_739' title='bbox 746 4901 1156 4972; x_wconf 88' lang='grc' dir='ltr'>πρεσϐευόντων</span> <span class='ocrx_word' id='word_1_740' title='bbox 1188 4904 1551 4973; x_wconf 84' lang='grc' dir='ltr'>πεπραχέναι,</span> <span class='ocrx_word' id='word_1_741' title='bbox 1583 4903 1659 4967; x_wconf 83' lang='grc' dir='ltr'>ὡς</span> <span class='ocrx_word' id='word_1_742' title='bbox 1689 4904 1855 4975; x_wconf 81' lang='grc' dir='ltr'>μηδέ-</span> 
     </span>
    </p>
   </div>
   <div class='ocr_carea' id='block_1_98' title="bbox 276 4990 1856 5065">
    <p class='ocr_par' dir='ltr' id='par_1_98' title="bbox 276 4990 1856 5065">
     <span class='ocr_line' id='line_1_98' title="bbox 276 4990 1856 5065; baseline 0.001 -19"><span class='ocrx_word' id='word_1_743' title='bbox 276 5014 345 5049; x_wconf 88' lang='grc' dir='ltr'><strong>να</strong></span> <span class='ocrx_word' id='word_1_744' title='bbox 375 5015 490 5055; x_wconf 78' lang='grc' dir='ltr'><strong>πω,</strong></span> <span class='ocrx_word' id='word_1_745' title='bbox 523 4994 688 5064; x_wconf 82' lang='grc' dir='ltr'>μέχρι</span> <span class='ocrx_word' id='word_1_746' title='bbox 718 4995 811 5047; x_wconf 71' lang='grc' dir='ltr'><strong>καὶ</strong></span> <span class='ocrx_word' id='word_1_747' title='bbox 847 4996 1105 5065; x_wconf 83' lang='grc' dir='ltr'>τήμερον,</span> <span class='ocrx_word' id='word_1_748' title='bbox 1130 4990 1240 5047; x_wconf 82' lang='grc' dir='ltr'>οἷον</span> <span class='ocrx_word' id='word_1_749' title='bbox 1286 4994 1441 5064; x_wconf 83' lang='grc' dir='ltr'>δίκην</span> <span class='ocrx_word' id='word_1_750' title='bbox 1472 4994 1596 5048; x_wconf 85' lang='grc' dir='ltr'>τινά</span> <span class='ocrx_word' id='word_1_751' title='bbox 1641 5012 1732 5065; x_wconf 90' lang='grc' dir='ltr'><strong>μοι</strong></span> <span class='ocrx_word' id='word_1_752' title='bbox 1762 4997 1856 5048; x_wconf 76' lang='grc' dir='ltr'>καὶ</span> 
     </span>
    </p>
   </div>
   <div class='ocr_carea' id='block_1_99' title="bbox 280 5085 1858 5157">
    <p class='ocr_par' dir='ltr' id='par_1_99' title="bbox 280 5085 1858 5157">
     <span class='ocr_line' id='line_1_99' title="bbox 280 5085 1858 5157; baseline 0 -17"><span class='ocrx_word' id='word_1_753' title='bbox 280 5087 627 5157; x_wconf 80' lang='grc' dir='ltr'>κακηγορίας</span> <span class='ocrx_word' id='word_1_754' title='bbox 654 5085 867 5139; x_wconf 81' lang='grc' dir='ltr'>ἑλέσθαι</span> <span class='ocrx_word' id='word_1_755' title='bbox 894 5085 1079 5156; x_wconf 82' lang='grc' dir='ltr'>λαχεῖν</span> <span class='ocrx_word' id='word_1_756' title='bbox 1125 5087 1265 5157; x_wconf 80' lang='grc' dir='ltr'>ὑπὲρ</span> <span class='ocrx_word' id='word_1_757' title='bbox 1318 5086 1471 5157; x_wconf 84' lang='grc' dir='ltr'>ὑμῶν</span> <span class='ocrx_word' id='word_1_758' title='bbox 1512 5086 1621 5139; x_wconf 87' lang='grc' dir='ltr'><strong>τῶν</strong></span> <span class='ocrx_word' id='word_1_759' title='bbox 1657 5088 1858 5157; x_wconf 80' lang='grc' dir='ltr'>ἡμετέ-</span> 
     </span>
    </p>
   </div>
   <div class='ocr_carea' id='block_1_100' title="bbox 280 5175 1859 5249">
    <p class='ocr_par' dir='ltr' id='par_1_100' title="bbox 280 5175 1859 5249">
     <span class='ocr_line' id='line_1_100' title="bbox 280 5175 1859 5249; baseline 0.001 -19"><span class='ocrx_word' id='word_1_760' title='bbox 280 5197 390 5249; x_wconf 80' lang='grc' dir='ltr'><strong>ρων</strong></span> <span class='ocrx_word' id='word_1_761' title='bbox 416 5176 730 5247; x_wconf 79' lang='grc' dir='ltr'>πρέσϐεων,</span> <span class='ocrx_word' id='word_1_762' title='bbox 764 5175 872 5229; x_wconf 89' lang='grc' dir='ltr'><strong>τῶν</strong></span> <span class='ocrx_word' id='word_1_763' title='bbox 906 5178 1069 5247; x_wconf 79' lang='grc' dir='ltr'>τιμὰς</span> <span class='ocrx_word' id='word_1_764' title='bbox 1096 5177 1191 5240; x_wconf 76' lang='grc' dir='ltr'>τὰς</span> <span class='ocrx_word' id='word_1_765' title='bbox 1234 5178 1368 5248; x_wconf 76' lang='grc' dir='ltr'>πρὸς</span> <span class='ocrx_word' id='word_1_766' title='bbox 1384 5177 1451 5230; x_wconf 82' lang='grc' dir='ltr'><strong>τὸ</strong></span> <span class='ocrx_word' id='word_1_767' title='bbox 1475 5178 1670 5249; x_wconf 88' lang='grc' dir='ltr'>μέτρον</span> <span class='ocrx_word' id='word_1_768' title='bbox 1704 5178 1859 5249; x_wconf 90' lang='grc' dir='ltr'>ὐμῶν</span> 
     </span>
    </p>
   </div>
   <div class='ocr_carea' id='block_1_101' title="bbox 280 5268 1856 5341">
    <p class='ocr_par' dir='ltr' id='par_1_101' title="bbox 280 5268 1856 5341">
     <span class='ocr_line' id='line_1_101' title="bbox 280 5268 1856 5341; baseline 0 -17"><span class='ocrx_word' id='word_1_769' title='bbox 280 5272 436 5341; x_wconf 78' lang='grc' dir='ltr'><strong>παρά</strong></span> <span class='ocrx_word' id='word_1_770' title='bbox 467 5270 637 5322; x_wconf 81' lang='grc' dir='ltr'>πᾶσιν</span> <span class='ocrx_word' id='word_1_771' title='bbox 682 5268 947 5338; x_wconf 73' lang='grc' dir='ltr'>ἑχόντων*</span> <span class='ocrx_word' id='word_1_772' title='bbox 981 5270 1115 5341; x_wconf 82' lang='grc' dir='ltr'>μηδὲ</span> <span class='ocrx_word' id='word_1_773' title='bbox 1157 5270 1378 5340; x_wconf 86' lang='grc' dir='ltr'>ὀνόματι</span> <span class='ocrx_word' id='word_1_774' title='bbox 1422 5269 1648 5323; x_wconf 90' lang='grc' dir='ltr'>καλέσαι</span> <span class='ocrx_word' id='word_1_775' title='bbox 1680 5287 1747 5341; x_wconf 89' lang='grc' dir='ltr'><strong>με</strong></span> <span class='ocrx_word' id='word_1_776' title='bbox 1777 5271 1856 5334; x_wconf 84' lang='grc' dir='ltr'><strong>είς</strong></span> 
     </span>
    </p>
   </div>
   <div class='ocr_carea' id='block_1_102' title="bbox 279 5360 1861 5433">
    <p class='ocr_par' dir='ltr' id='par_1_102' title="bbox 279 5360 1861 5433">
     <span class='ocr_line' id='line_1_102' title="bbox 279 5360 1861 5433; baseline 0.001 -19"><span class='ocrx_word' id='word_1_777' title='bbox 279 5362 472 5430; x_wconf 81' lang='grc' dir='ltr'>ἀγῶνα</span> <span class='ocrx_word' id='word_1_778' title='bbox 497 5362 593 5415; x_wconf 85' lang='grc' dir='ltr'><strong>τὸν</strong></span> <span class='ocrx_word' id='word_1_779' title='bbox 615 5360 743 5430; x_wconf 78' lang='grc' dir='ltr'>περὶ</span> <span class='ocrx_word' id='word_1_780' title='bbox 768 5361 983 5426; x_wconf 87' lang='grc' dir='ltr'>τούτου,</span> <span class='ocrx_word' id='word_1_781' title='bbox 1008 5362 1103 5416; x_wconf 71' lang='grc' dir='ltr'>καὶ</span> <span class='ocrx_word' id='word_1_782' title='bbox 1122 5363 1321 5433; x_wconf 88' lang='grc' dir='ltr'>κρίσιν,</span> <span class='ocrx_word' id='word_1_783' title='bbox 1348 5362 1521 5415; x_wconf 89' lang='grc' dir='ltr'>καίτοι</span> <span class='ocrx_word' id='word_1_784' title='bbox 1538 5363 1861 5433; x_wconf 83' lang='grc' dir='ltr'>εὑρισκομέ-</span> 
     </span>
    </p>
   </div>
   <div class='ocr_carea' id='block_1_103' title="bbox 280 5452 1861 5527">
    <p class='ocr_par' dir='ltr' id='par_1_103' title="bbox 280 5452 1861 5527">
     <span class='ocr_line' id='line_1_103' title="bbox 280 5452 1861 5527; baseline -0.001 -20"><span class='ocrx_word' id='word_1_785' title='bbox 280 5474 386 5507; x_wconf 79' lang='grc' dir='ltr'><strong>νων</strong></span> <span class='ocrx_word' id='word_1_786' title='bbox 408 5454 521 5507; x_wconf 83' lang='grc' dir='ltr'><strong>τῶν</strong></span> <span class='ocrx_word' id='word_1_787' title='bbox 544 5453 617 5506; x_wconf 84' lang='grc' dir='ltr'><strong>τά</strong></span> <span class='ocrx_word' id='word_1_788' title='bbox 652 5452 727 5524; x_wconf 81' lang='grc' dir='ltr'>μὴ</span> <span class='ocrx_word' id='word_1_789' title='bbox 757 5455 886 5507; x_wconf 76' lang='grc' dir='ltr'>ὄντα</span> <span class='ocrx_word' id='word_1_790' title='bbox 906 5454 1352 5527; x_wconf 86' lang='grc' dir='ltr'>κατηγορούντων</span> <span class='ocrx_word' id='word_1_791' title='bbox 1371 5470 1384 5486; x_wconf 86' lang='grc'><strong>·</strong></span> <span class='ocrx_word' id='word_1_792' title='bbox 1414 5454 1551 5508; x_wconf 87' lang='grc' dir='ltr'><strong>ἀλλά</strong></span> <span class='ocrx_word' id='word_1_793' title='bbox 1581 5455 1713 5526; x_wconf 85' lang='grc' dir='ltr'>μηδέ</span> <span class='ocrx_word' id='word_1_794' title='bbox 1744 5472 1861 5507; x_wconf 91' lang='grc' dir='ltr'>τινα</span> 
     </span>
    </p>
   </div>
   <div class='ocr_carea' id='block_1_104' title="bbox 280 5544 1863 5617">
    <p class='ocr_par' dir='ltr' id='par_1_104' title="bbox 280 5544 1863 5617">
     <span class='ocr_line' id='line_1_104' title="bbox 280 5544 1863 5617; baseline -0.001 -19"><span class='ocrx_word' id='word_1_795' title='bbox 280 5548 615 5617; x_wconf 76' lang='grc' dir='ltr'>πειραθῆναι</span> <span class='ocrx_word' id='word_1_796' title='bbox 665 5545 934 5614; x_wconf 81' lang='grc' dir='ltr'>διελέγξαι</span> <span class='ocrx_word' id='word_1_797' title='bbox 972 5563 1063 5616; x_wconf 88' lang='grc' dir='ltr'><strong>με,</strong></span> <span class='ocrx_word' id='word_1_798' title='bbox 1090 5545 1167 5608; x_wconf 86' lang='grc' dir='ltr'>ὼς</span> <span class='ocrx_word' id='word_1_799' title='bbox 1217 5546 1337 5616; x_wconf 86' lang='grc' dir='ltr'>εῖην</span> <span class='ocrx_word' id='word_1_800' title='bbox 1383 5545 1573 5613; x_wconf 85' lang='grc' dir='ltr'>λόγους</span> <span class='ocrx_word' id='word_1_801' title='bbox 1624 5544 1863 5608; x_wconf 82' lang='grc' dir='ltr'>ἀκούσας</span> 
     </span>
    </p>
   </div>
   <div class='ocr_carea' id='block_1_105' title="bbox 356 5700 1856 5780">
    <p class='ocr_par' dir='ltr' id='par_1_105' title="bbox 356 5700 1856 5780">
     <span class='ocr_line' id='line_1_105' title="bbox 356 5700 1856 5780; baseline -0.006 -20"><span class='ocrx_word' id='word_1_802' title='bbox 356 5704 761 5780; x_wconf 53' lang='grc' dir='ltr'>(ωλιεριιιω.</span> <span class='ocrx_word' id='word_1_803' title='bbox 814 5701 1082 5767; x_wconf 72' lang='lat' dir='ltr'><strong>Lucianus</strong></span> <span class='ocrx_word' id='word_1_804' title='bbox 1128 5716 1341 5780; x_wconf 70' lang='lat' dir='ltr'><strong>quoque</strong></span> <span class='ocrx_word' id='word_1_805' title='bbox 1381 5700 1856 5780; x_wconf 60' lang='lat' dir='ltr'><strong>verbq_6tattovs?-</strong></span> 
     </span>
    </p>
   </div>
   <div class='ocr_carea' id='block_1_106' title="bbox 284 5769 1860 5839">
    <p class='ocr_par' dir='ltr' id='par_1_106' title="bbox 284 5769 1860 5839">
     <span class='ocr_line' id='line_1_106' title="bbox 284 5769 1860 5839; baseline -0.004 -12"><span class='ocrx_word' id='word_1_806' title='bbox 284 5769 411 5828; x_wconf 74' lang='grc' dir='ltr'>σθαι</span> <span class='ocrx_word' id='word_1_807' title='bbox 451 5769 615 5829; x_wconf 77' lang='lat' dir='ltr'><strong>simili</strong></span> <span class='ocrx_word' id='word_1_808' title='bbox 661 5776 775 5827; x_wconf 86' lang='lat' dir='ltr'><strong>lere</strong></span> <span class='ocrx_word' id='word_1_809' title='bbox 806 5788 964 5827; x_wconf 85' lang='lat' dir='ltr'><strong>sensu</strong></span> <span class='ocrx_word' id='word_1_810' title='bbox 1001 5786 1129 5826; x_wconf 91' lang='lat' dir='ltr'><strong>usus</strong></span> <span class='ocrx_word' id='word_1_811' title='bbox 1149 5769 1366 5825; x_wconf 34' lang='lat' dir='ltr'><strong>’videtur</strong></span> <span class='ocrx_word' id='word_1_812' title='bbox 1413 5772 1464 5824; x_wconf 93' lang='lat' dir='ltr'><strong>in</strong></span> <span class='ocrx_word' id='word_1_813' title='bbox 1506 5769 1742 5839; x_wconf 70' lang='lat' dir='ltr'><strong>Dialogis</strong></span> <span class='ocrx_word' id='word_1_814' title='bbox 1777 5770 1860 5835; x_wconf 75' lang='lat' dir='ltr'><strong>fa-</strong></span> 
     </span>
    </p>
   </div>
   <div class='ocr_carea' id='block_1_107' title="bbox 287 5838 1840 5912">
    <p class='ocr_par' dir='ltr' id='par_1_107' title="bbox 287 5838 1840 5912">
     <span class='ocr_line' id='line_1_107' title="bbox 287 5838 1840 5912; baseline -0.006 -14"><span class='ocrx_word' id='word_1_815' title='bbox 287 5848 484 5900; x_wconf 69' lang='grc' dir='ltr'>ὸιιιυδὶι</span> <span class='ocrx_word' id='word_1_816' title='bbox 507 5846 735 5910; x_wconf 74' lang='lat' dir='ltr'><strong>selectis,</strong></span> <span class='ocrx_word' id='word_1_817' title='bbox 758 5843 981 5912; x_wconf 87' lang='lat' dir='ltr'><strong>Dialogo</strong></span> <span class='ocrx_word' id='word_1_818' title='bbox 1012 5857 1071 5904; x_wconf 85' lang='lat' dir='ltr'><strong>ll,</strong></span> <span class='ocrx_word' id='word_1_819' title='bbox 1100 5857 1220 5912; x_wconf 82' lang='lat' dir='ltr'><strong>pag.</strong></span> <span class='ocrx_word' id='word_1_820' title='bbox 1248 5840 1356 5909; x_wconf 86' lang='lat'><strong>66;</strong></span> <span class='ocrx_word' id='word_1_821' title='bbox 1385 5855 1506 5895; x_wconf 87' lang='lat' dir='ltr'><strong>nam</strong></span> <span class='ocrx_word' id='word_1_822' title='bbox 1535 5838 1840 5895; x_wconf 73' lang='lat' dir='ltr'><strong>Mercurio&quot;</strong></span> 
     </span>
    </p>
   </div>
   <div class='ocr_carea' id='block_1_108' title="bbox 1959 4625 3523 4696">
    <p class='ocr_par' dir='ltr' id='par_1_108' title="bbox 1959 4625 3523 4696">
     <span class='ocr_line' id='line_1_108' title="bbox 1959 4625 3523 4696; baseline 0.003 -16"><span class='ocrx_word' id='word_1_823' title='bbox 1959 4627 2039 4680; x_wconf 84' lang='lat' dir='ltr'><strong>Tu</strong></span> <span class='ocrx_word' id='word_1_824' title='bbox 2082 4643 2227 4689; x_wconf 84' lang='lat' dir='ltr'><strong>vero,</strong></span> <span class='ocrx_word' id='word_1_825' title='bbox 2278 4643 2313 4681; x_wconf 90' lang='grc' dir='ltr'><strong>ο</strong></span> <span class='ocrx_word' id='word_1_826' title='bbox 2345 4638 2529 4681; x_wconf 83' lang='lat' dir='ltr'><strong>sancte</strong></span> <span class='ocrx_word' id='word_1_827' title='bbox 2573 4625 2810 4693; x_wconf 81' lang='lat' dir='ltr'><strong>Gabriel,</strong></span> <span class='ocrx_word' id='word_1_828' title='bbox 2844 4636 3025 4696; x_wconf 89' lang='lat' dir='ltr'><strong>utpote</strong></span> <span class='ocrx_word' id='word_1_829' title='bbox 3069 4628 3250 4681; x_wconf 87' lang='lat' dir='ltr'><strong>arcani</strong></span> <span class='ocrx_word' id='word_1_830' title='bbox 3301 4629 3523 4684; x_wconf 85' lang='lat' dir='ltr'><strong>tacitur-</strong></span> 
     </span>
    </p>
   </div>
   <div class='ocr_carea' id='block_1_109' title="bbox 1962 4716 3521 4787">
    <p class='ocr_par' dir='ltr' id='par_1_109' title="bbox 1962 4716 3521 4787">
     <span class='ocr_line' id='line_1_109' title="bbox 1962 4716 3521 4787; baseline 0.001 -16"><span class='ocrx_word' id='word_1_831' title='bbox 1962 4734 2064 4773; x_wconf 86' lang='lat' dir='ltr'><strong>nus</strong></span> <span class='ocrx_word' id='word_1_832' title='bbox 2116 4734 2179 4772; x_wconf 90' lang='lat' dir='ltr'><strong>ac</strong></span> <span class='ocrx_word' id='word_1_833' title='bbox 2210 4718 2382 4772; x_wconf 88' lang='lat' dir='ltr'><strong>lidelis</strong></span> <span class='ocrx_word' id='word_1_834' title='bbox 2420 4726 2622 4780; x_wconf 80' lang='lat' dir='ltr'><strong>custos,</strong></span> <span class='ocrx_word' id='word_1_835' title='bbox 2674 4718 2878 4785; x_wconf 79' lang='lat' dir='ltr'><strong>legatus</strong></span> <span class='ocrx_word' id='word_1_836' title='bbox 2915 4716 3023 4787; x_wconf 79' lang='grc'>(91)</span> <span class='ocrx_word' id='word_1_837' title='bbox 3068 4718 3133 4770; x_wconf 89' lang='lat' dir='ltr'><strong>ad</strong></span> <span class='ocrx_word' id='word_1_838' title='bbox 3167 4720 3521 4786; x_wconf 70' lang='lat' dir='ltr'><strong>praestandum</strong></span> 
     </span>
    </p>
   </div>
   <div class='ocr_carea' id='block_1_110' title="bbox 1962 4810 3525 4879">
    <p class='ocr_par' dir='ltr' id='par_1_110' title="bbox 1962 4810 3525 4879">
     <span class='ocr_line' id='line_1_110' title="bbox 1962 4810 3525 4879; baseline -0.001 -13"><span class='ocrx_word' id='word_1_839' title='bbox 1962 4810 2249 4866; x_wconf 81' lang='lat' dir='ltr'><strong>ineﬂ&#39;abilis</strong></span> <span class='ocrx_word' id='word_1_840' title='bbox 2289 4810 2677 4864; x_wconf 86' lang='lat' dir='ltr'><strong>lncarnationis</strong></span> <span class='ocrx_word' id='word_1_841' title='bbox 2711 4811 2966 4879; x_wconf 81' lang='lat' dir='ltr'><strong>mysterio</strong></span> <span class='ocrx_word' id='word_1_842' title='bbox 3001 4810 3375 4863; x_wconf 84' lang='lat' dir='ltr'><strong>ministerium</strong></span> <span class='ocrx_word' id='word_1_843' title='bbox 3403 4811 3525 4864; x_wconf 88' lang='lat' dir='ltr'><strong>cle-</strong></span> 
     </span>
    </p>
   </div>
   <div class='ocr_carea' id='block_1_111' title="bbox 1961 4897 3524 4977">
    <p class='ocr_par' dir='ltr' id='par_1_111' title="bbox 1961 4897 3524 4977">
     <span class='ocr_line' id='line_1_111' title="bbox 1961 4897 3524 4977; baseline -0.002 -20"><span class='ocrx_word' id='word_1_844' title='bbox 1961 4913 2083 4957; x_wconf 90' lang='lat' dir='ltr'><strong>ctus</strong></span> <span class='ocrx_word' id='word_1_845' title='bbox 2124 4915 2203 4955; x_wconf 91' lang='lat' dir='ltr'><strong>es.</strong></span> <span class='ocrx_word' id='word_1_846' title='bbox 2242 4901 2345 4954; x_wconf 80' lang='lat' dir='ltr'><strong>Alii</strong></span> <span class='ocrx_word' id='word_1_847' title='bbox 2398 4909 2575 4953; x_wconf 87' lang='lat' dir='ltr'><strong>autem</strong></span> <span class='ocrx_word' id='word_1_848' title='bbox 2604 4898 2765 4967; x_wconf 78' lang='lat'><strong>200</strong></span> <span class='ocrx_word' id='word_1_849' title='bbox 2790 4899 2910 4953; x_wconf 89' lang='lat' dir='ltr'><strong>aliis</strong></span> <span class='ocrx_word' id='word_1_850' title='bbox 2957 4897 3133 4964; x_wconf 90' lang='lat' dir='ltr'><strong>donis,</strong></span> <span class='ocrx_word' id='word_1_851' title='bbox 3160 4900 3314 4977; x_wconf 86' lang='lat' dir='ltr'><strong>vobis</strong></span> <span class='ocrx_word' id='word_1_852' title='bbox 3354 4914 3382 4950; x_wconf 91' lang='lat' dir='ltr'><strong>a</strong></span> <span class='ocrx_word' id='word_1_853' title='bbox 3415 4898 3524 4954; x_wconf 92' lang='lat' dir='ltr'><strong>Deo</strong></span> 
     </span>
    </p>
   </div>
   <div class='ocr_carea' id='block_1_112' title="bbox 1964 4989 3525 5060">
    <p class='ocr_par' dir='ltr' id='par_1_112' title="bbox 1964 4989 3525 5060">
     <span class='ocr_line' id='line_1_112' title="bbox 1964 4989 3525 5060; baseline -0.001 -14"><span class='ocrx_word' id='word_1_854' title='bbox 1964 4992 2125 5055; x_wconf 86' lang='lat' dir='ltr'><strong>datis,</strong></span> <span class='ocrx_word' id='word_1_855' title='bbox 2150 5007 2218 5046; x_wconf 93' lang='lat' dir='ltr'><strong>ne</strong></span> <span class='ocrx_word' id='word_1_856' title='bbox 2241 5002 2484 5060; x_wconf 85' lang='lat' dir='ltr'><strong>petentes</strong></span> <span class='ocrx_word' id='word_1_857' title='bbox 2509 4990 2747 5059; x_wconf 89' lang='lat' dir='ltr'><strong>quidem,</strong></span> <span class='ocrx_word' id='word_1_858' title='bbox 2772 4989 2946 5044; x_wconf 90' lang='lat' dir='ltr'><strong>ornati</strong></span> <span class='ocrx_word' id='word_1_859' title='bbox 2976 4989 3142 5053; x_wconf 85' lang='lat' dir='ltr'><strong>estis;</strong></span> <span class='ocrx_word' id='word_1_860' title='bbox 3174 5004 3399 5057; x_wconf 91' lang='lat' dir='ltr'><strong>quorum</strong></span> <span class='ocrx_word' id='word_1_861' title='bbox 3429 4991 3525 5046; x_wconf 88' lang='lat' dir='ltr'><strong>do-</strong></span> 
     </span>
    </p>
   </div>
   <div class='ocr_carea' id='block_1_113' title="bbox 1966 5080 3524 5148">
    <p class='ocr_par' dir='ltr' id='par_1_113' title="bbox 1966 5080 3524 5148">
     <span class='ocr_line' id='line_1_113' title="bbox 1966 5080 3524 5148; baseline -0.001 -11"><span class='ocrx_word' id='word_1_862' title='bbox 1966 5100 2154 5139; x_wconf 87' lang='lat' dir='ltr'><strong>norum</strong></span> <span class='ocrx_word' id='word_1_863' title='bbox 2196 5082 2466 5136; x_wconf 89' lang='lat' dir='ltr'><strong>nonnullis</strong></span> <span class='ocrx_word' id='word_1_864' title='bbox 2515 5082 2729 5148; x_wconf 87' lang='lat' dir='ltr'><strong>quidem</strong></span> <span class='ocrx_word' id='word_1_865' title='bbox 2779 5080 2868 5134; x_wconf 90' lang='lat' dir='ltr'><strong>alii</strong></span> <span class='ocrx_word' id='word_1_866' title='bbox 2917 5081 3183 5135; x_wconf 85' lang='lat' dir='ltr'><strong>honestati</strong></span> <span class='ocrx_word' id='word_1_867' title='bbox 3234 5095 3337 5135; x_wconf 93' lang='lat' dir='ltr'><strong>non</strong></span> <span class='ocrx_word' id='word_1_868' title='bbox 3378 5092 3524 5147; x_wconf 88' lang='lat' dir='ltr'><strong>sunt,</strong></span> 
     </span>
    </p>
   </div>
   <div class='ocr_carea' id='block_1_114' title="bbox 1965 5172 3527 5231">
    <p class='ocr_par' dir='ltr' id='par_1_114' title="bbox 1965 5172 3527 5231">
     <span class='ocr_line' id='line_1_114' title="bbox 1965 5172 3527 5231; baseline -0.001 0"><span class='ocrx_word' id='word_1_869' title='bbox 1965 5174 2236 5231; x_wconf 91' lang='lat' dir='ltr'><strong>nonnullis</strong></span> <span class='ocrx_word' id='word_1_870' title='bbox 2259 5186 2437 5228; x_wconf 84' lang='lat' dir='ltr'><strong>autem</strong></span> <span class='ocrx_word' id='word_1_871' title='bbox 2467 5174 2730 5228; x_wconf 86' lang='lat' dir='ltr'><strong>honestati</strong></span> <span class='ocrx_word' id='word_1_872' title='bbox 2769 5188 2875 5226; x_wconf 90' lang='lat' dir='ltr'><strong>non</strong></span> <span class='ocrx_word' id='word_1_873' title='bbox 2906 5172 3102 5227; x_wconf 85' lang='lat' dir='ltr'><strong>fuimus</strong></span> <span class='ocrx_word' id='word_1_874' title='bbox 3128 5188 3225 5227; x_wconf 92' lang='lat' dir='ltr'><strong>nos</strong></span> <span class='ocrx_word' id='word_1_875' title='bbox 3259 5192 3271 5227; x_wconf 90' lang='lat'><strong>:</strong></span> <span class='ocrx_word' id='word_1_876' title='bbox 3305 5174 3397 5227; x_wconf 85' lang='lat' dir='ltr'><strong>sed</strong></span> <span class='ocrx_word' id='word_1_877' title='bbox 3429 5188 3527 5230; x_wconf 91' lang='lat' dir='ltr'><strong>nos</strong></span> 
     </span>
    </p>
   </div>
   <div class='ocr_carea' id='block_1_115' title="bbox 1965 5264 3527 5337">
    <p class='ocr_par' dir='ltr' id='par_1_115' title="bbox 1965 5264 3527 5337">
     <span class='ocr_line' id='line_1_115' title="bbox 1965 5264 3527 5337; baseline -0.002 -15"><span class='ocrx_word' id='word_1_878' title='bbox 1965 5282 2181 5337; x_wconf 88' lang='lat' dir='ltr'><strong>quoque</strong></span> <span class='ocrx_word' id='word_1_879' title='bbox 2211 5266 2480 5320; x_wconf 91' lang='lat' dir='ltr'><strong>nonnullis</strong></span> <span class='ocrx_word' id='word_1_880' title='bbox 2509 5264 2745 5319; x_wconf 86' lang='lat' dir='ltr'><strong>decorati</strong></span> <span class='ocrx_word' id='word_1_881' title='bbox 2778 5278 2985 5331; x_wconf 91' lang='lat' dir='ltr'><strong>sumus,</strong></span> <span class='ocrx_word' id='word_1_882' title='bbox 3010 5264 3204 5326; x_wconf 87' lang='lat' dir='ltr'><strong>quibus</strong></span> <span class='ocrx_word' id='word_1_883' title='bbox 3239 5279 3333 5319; x_wconf 89' lang='lat' dir='ltr'><strong>vos</strong></span> <span class='ocrx_word' id='word_1_884' title='bbox 3359 5264 3527 5319; x_wconf 89' lang='lat' dir='ltr'><strong>hone—</strong></span> 
     </span>
    </p>
   </div>
   <div class='ocr_carea' id='block_1_116' title="bbox 1963 5356 3528 5425">
    <p class='ocr_par' dir='ltr' id='par_1_116' title="bbox 1963 5356 3528 5425">
     <span class='ocr_line' id='line_1_116' title="bbox 1963 5356 3528 5425; baseline -0.004 -8"><span class='ocrx_word' id='word_1_885' title='bbox 1963 5362 2087 5417; x_wconf 86' lang='lat' dir='ltr'><strong>stati</strong></span> <span class='ocrx_word' id='word_1_886' title='bbox 2134 5375 2239 5415; x_wconf 91' lang='lat' dir='ltr'><strong>non</strong></span> <span class='ocrx_word' id='word_1_887' title='bbox 2270 5358 2470 5415; x_wconf 74' lang='lat' dir='ltr'><strong>fuistis.</strong></span> <span class='ocrx_word' id='word_1_888' title='bbox 2519 5358 2648 5410; x_wconf 83' lang='lat' dir='ltr'><strong>Nam</strong></span> <span class='ocrx_word' id='word_1_889' title='bbox 2687 5356 2826 5410; x_wconf 90' lang='lat' dir='ltr'><strong>Dens</strong></span> <span class='ocrx_word' id='word_1_890' title='bbox 2871 5356 3105 5410; x_wconf 82' lang='lat' dir='ltr'><strong>Verbum</strong></span> <span class='ocrx_word' id='word_1_891' title='bbox 3157 5371 3260 5409; x_wconf 87' lang='lat' dir='ltr'><strong>non</strong></span> <span class='ocrx_word' id='word_1_892' title='bbox 3310 5365 3528 5425; x_wconf 88' lang='lat' dir='ltr'><strong>propter</strong></span> 
     </span>
    </p>
   </div>
   <div class='ocr_carea' id='block_1_117' title="bbox 1963 5447 3529 5523">
    <p class='ocr_par' dir='ltr' id='par_1_117' title="bbox 1963 5447 3529 5523">
     <span class='ocr_line' id='line_1_117' title="bbox 1963 5447 3529 5523; baseline -0.003 -16"><span class='ocrx_word' id='word_1_893' title='bbox 1963 5458 2251 5523; x_wconf 87' lang='lat' dir='ltr'><strong>peccantes</strong></span> <span class='ocrx_word' id='word_1_894' title='bbox 2282 5448 2499 5519; x_wconf 89' lang='lat' dir='ltr'><strong>angelos</strong></span> <span class='ocrx_word' id='word_1_895' title='bbox 2544 5447 2786 5517; x_wconf 87' lang='lat' dir='ltr'><strong>angelus,</strong></span> <span class='ocrx_word' id='word_1_896' title='bbox 2824 5448 2915 5502; x_wconf 83' lang='lat' dir='ltr'><strong>sed</strong></span> <span class='ocrx_word' id='word_1_897' title='bbox 2956 5457 3171 5517; x_wconf 86' lang='lat' dir='ltr'><strong>propter</strong></span> <span class='ocrx_word' id='word_1_898' title='bbox 3216 5456 3529 5515; x_wconf 86' lang='lat' dir='ltr'><strong>peccatores</strong></span> 
     </span>
    </p>
   </div>
   <div class='ocr_carea' id='block_1_118' title="bbox 1965 5536 3525 5606">
    <p class='ocr_par' dir='ltr' id='par_1_118' title="bbox 1965 5536 3525 5606">
     <span class='ocr_line' id='line_1_118' title="bbox 1965 5536 3525 5606; baseline -0.004 -9"><span class='ocrx_word' id='word_1_899' title='bbox 1965 5542 2213 5598; x_wconf 85' lang='lat' dir='ltr'><strong>homines</strong></span> <span class='ocrx_word' id='word_1_900' title='bbox 2260 5542 2441 5606; x_wconf 82' lang='lat' dir='ltr'><strong>homo,</strong></span> <span class='ocrx_word' id='word_1_901' title='bbox 2488 5540 2622 5592; x_wconf 87' lang='lat' dir='ltr'><strong>citra</strong></span> <span class='ocrx_word' id='word_1_902' title='bbox 2670 5538 3039 5605; x_wconf 90' lang='lat' dir='ltr'><strong>nmtationem,</strong></span> <span class='ocrx_word' id='word_1_903' title='bbox 3076 5539 3210 5592; x_wconf 87' lang='lat' dir='ltr'><strong>citra</strong></span> <span class='ocrx_word' id='word_1_904' title='bbox 3253 5536 3525 5591; x_wconf 75' lang='lat' dir='ltr'><strong>conlusio-</strong></span> 
     </span>
    </p>
   </div>
   <div class='ocr_carea' id='block_1_119' title="bbox 1964 5689 3530 5762">
    <p class='ocr_par' dir='ltr' id='par_1_119' title="bbox 1964 5689 3530 5762">
     <span class='ocr_line' id='line_1_119' title="bbox 1964 5689 3530 5762; baseline -0.004 -11"><span class='ocrx_word' id='word_1_905' title='bbox 1964 5698 2041 5751; x_wconf 82' lang='lat' dir='ltr'><strong>ait</strong></span> <span class='ocrx_word' id='word_1_906' title='bbox 2078 5696 2181 5750; x_wconf 88' lang='lat' dir='ltr'><strong>diis</strong></span> <span class='ocrx_word' id='word_1_907' title='bbox 2211 5691 2595 5757; x_wconf 83' lang='grc' dir='ltr'>διακονεῖσθαι,</span> <span class='ocrx_word' id='word_1_908' title='bbox 2624 5691 2675 5746; x_wconf 88' lang='lat' dir='ltr'><strong>id</strong></span> <span class='ocrx_word' id='word_1_909' title='bbox 2698 5703 2800 5758; x_wconf 79' lang='lat' dir='ltr'><strong>est,</strong></span> <span class='ocrx_word' id='word_1_910' title='bbox 2819 5702 2878 5747; x_wconf 89' lang='lat' dir='ltr'><strong>ut</strong></span> <span class='ocrx_word' id='word_1_911' title='bbox 2900 5705 2998 5762; x_wconf 81' lang='lat' dir='ltr'><strong>ego</strong></span> <span class='ocrx_word' id='word_1_912' title='bbox 3029 5691 3375 5760; x_wconf 82' lang='lat' dir='ltr'><strong>interpretor,</strong></span> <span class='ocrx_word' id='word_1_913' title='bbox 3402 5689 3530 5745; x_wconf 85' lang='lat' dir='ltr'><strong>deo-</strong></span> 
     </span>
    </p>
   </div>
   <div class='ocr_carea' id='block_1_120' title="bbox 1969 5766 2629 5834">
    <p class='ocr_par' dir='ltr' id='par_1_120' title="bbox 1969 5766 2629 5834">
     <span class='ocr_line' id='line_1_120' title="bbox 1969 5766 2629 5834; baseline -0.014 -12"><span class='ocrx_word' id='word_1_914' title='bbox 1969 5783 2085 5822; x_wconf 90' lang='lat' dir='ltr'><strong>rum</strong></span> <span class='ocrx_word' id='word_1_915' title='bbox 2121 5784 2139 5818; x_wconf 83' lang='grc' dir='ltr'><strong>ι</strong></span> <span class='ocrx_word' id='word_1_916' title='bbox 2171 5766 2403 5834; x_wconf 82' lang='lat' dir='ltr'><strong>legatum</strong></span> <span class='ocrx_word' id='word_1_917' title='bbox 2435 5779 2573 5818; x_wconf 64' lang='lat' dir='ltr'><strong>esse.</strong></span> <span class='ocrx_word' id='word_1_918' title='bbox 2611 5782 2629 5813; x_wconf 79' lang='grc' dir='ltr'><strong>ι</strong></span> 
     </span>
    </p>
   </div>
  </div>
