4082 6406
565 382 672 439 595
1794 379 2025 434 DlDYMl
2068 378 2535 434 ALEXANDRINI
3700 372 3802 429 596
3846 372 3853 381 ⁸

568 502 697 557 nino
725 514 957 571 unquam
1003 498 1326 571 neglexerim
1392 500 1470 555 eis
1541 515 1639 569 pro
1700 501 1839 556 virili
1886 512 2037 571 pirte
2112 502 2396 567 obsistere,
2437 512 2510 565 et,
2557 509 2745 556 contra
2795 513 2955 569 quam
3009 496 3318 567 deeeat(5),
3361 512 3549 553 socors
3590 495 3803 552 fuerim.

491 605 496 610 ‘
566 597 819 665 Quinimo
876 610 907 651 e
946 595 1220 650 contrario
1246 593 1486 664 plerique
1515 598 1665 650 aiunt
1713 611 1798 652 me
1834 580 1930 665 pl‘o
1989 594 2292 665 hujusmodi
2365 597 2523 651 rebus
2560 594 2613 649 in
2664 592 2896 649 medium
2965 606 3177 662 semper
3216 591 3481 661 prodiisse
3532 607 3727 661 magna
3754 592 3805 645 vi

565 704 622 750 et
650 707 801 757 voce.
832 708 893 746 ac
923 691 1043 747 sine
1067 690 1468 761 perturbatione
1495 690 1594 762 (6),
1635 692 1699 746 ad
1733 690 1877 746 litem
1923 700 2014 747 aut
2076 691 2443 747 intentandam
2497 698 2593 744 aut
2650 686 3019 745 sustinendam
3081 686 3181 758 (7).
3218 685 3349 741 Nam
3390 686 3595 742 lucrum
3644 688 3810 741 maxi-

572 802 715 841 mum
747 794 801 840 et
848 795 1105 841 aaternum
1142 794 1267 855 puto
1293 786 1395 840 mei
1428 777 1698 855 ipsins,et
1758 802 1940 841 eorum
1972 787 2063 857 qui
2097 803 2163 841 ex
2204 802 2289 842 me
2335 797 2459 840 sunt
2519 785 2618 857 (8),
2671 796 2989 853 eorumque,
3041 783 3130 853 qui
3183 782 3460 837 nobiscum
3517 785 3806 845 exsistunt,

569 897 784 936 omnem
821 882 1058 936 laborem
1090 891 1326 948 strenue,
1358 896 1441 947 ac,
1475 882 1517 936 si
1547 897 1683 951 cpus
1742 882 1922 948 fuerit,
1982 883 2274 954 periculum
2356 882 2537 938 subire
2587 896 2684 951 pro
2722 880 2904 945 Patre,
2970 888 3024 935 et
3072 878 3228 944 Filio,
3262 887 3316 933 et
3356 878 3557 949 Spiritu
3598 894 3811 945 saneto,

570 974 659 1039 qni
706 988 802 1028 nos
832 972 978 1035 fecit.
1010 983 1063 1026 et
1096 973 1286 1037 salvat,
1336 981 1390 1025 et
1427 972 1766 1040 judicaturus
1807 982 1912 1039 est,
1951 988 2017 1030 ac
2078 975 2159 1028 sui
2201 980 2369 1043 ipsius
2399 974 2474 1045 (9)
2504 988 2663 1033 causa
2730 970 3062 1042 benignitate
3088 979 3495 1039 prosecuturus.
3519 968 3653 1024 Cum
3685 984 3812 1038 ergo

575 1069 857 1131 noveritis,
917 1077 1101 1135 utpote
1169 1067 1323 1122 electi
1388 1068 1703 1124 adoratores
1745 1069 2096 1125 sanctissimae
2126 1068 2424 1133 Trinitatis,
2474 1076 2529 1122 et
2576 1066 2797 1122 humani
2874 1064 3083 1134 generis
3123 1062 3281 1133 legati
3329 1072 3492 1133 atque
3540 1075 3815 1124 oratores.

578 1156 716 1211 nulla
753 1173 838 1213 me
880 1158 931 1211 in
987 1173 1044 1213 re
1089 1159 1345 1227 obsequio
1390 1158 1463 1211 illi
1500 1158 1753 1226 defuisse,
1801 1160 1942 1229 quod
1989 1160 2139 1215 vobis
2177 1170 2299 1230 post
2346 1160 2483 1215 hanc
2512 1158 2627 1231 (10)
2689 1157 3013 1213 Trinitatem
3048 1171 3225 1211 rerum
3290 1157 3530 1209 omnium
3569 1171 3817 1211 causam.

580 1265 741 1322 atque
774 1253 950 1307 omnia
985 1252 1343 1307 vivificantem
1375 1253 1534 1323 203
1562 1256 1802 1321 debetur,
1833 1264 2017 1324 utpote
2040 1256 2129 1325 qui
2173 1254 2305 1309 mihi
2331 1254 2470 1323 apud
2529 1253 2772 1308 eamdem
2799 1250 3121 1306 Trinitatem
3186 1249 3618 1317 patrocinamini.
3648 1264 3676 1301 a
3707 1262 3814 1317 qua

578 1345 935 1414 cogitationes
989 1344 1389 1414 locutionesque
1461 1345 1754 1415 sapientes,
1798 1355 1851 1401 et
1889 1345 1939 1402 ei
1974 1356 2139 1416 grata:
2209 1356 2372 1417 atque
2450 1354 2703 1415 acceptae,
2758 1344 3021 1415 nobisque
3070 1344 3251 1407 utiles,
3310 1357 3375 1397 ac
3431 1342 3621 1397 deinde
3668 1341 3820 1396 vobis

580 1455 792 1511 quoque
820 1440 1089 1510 placentes
1122 1440 1600 1495 subministrantur
1648 1458 1661 1494 :
1708 1449 1963 1510 tantoque
2001 1440 2254 1496 libentius
2323 1440 2444 1496 dico
2488 1458 2507 1491 ι
2569 1440 2783 1507 deinde,
2816 1456 2835 1490 ι
2905 1447 3105 1509 quanto
3148 1438 3556 1493 convenientius
3594 1445 3678 1491 est
3723 1453 3820 1491 na-

581 1541 756 1586 turam
782 1540 1016 1587 creatam
1046 1540 1165 1601 post
1186 1531 1477 1586 increatam
1509 1532 1781 1597 collocari,
1810 1543 1970 1603 atque
2002 1533 2073 1587 ita
2104 1548 2133 1587 a
2169 1533 2325 1589 nobis
2354 1534 2603 1588 decenter
2654 1531 3063 1587 commemorari
3095 1550 3108 1582 ι
3141 1530 3438 1600 supplicate
3467 1528 3817 1597 peculiariter

580 1637 680 1692 pro
706 1637 811 1690 me,
873 1632 925 1678 et
960 1637 1055 1692 pro
1082 1622 1147 1677 iis
1194 1621 1284 1691 qui
1320 1621 1426 1676 orti
1470 1633 1594 1677 sunt
1654 1639 1719 1677 ex
1786 1639 1890 1689 me,
1928 1638 1991 1678 ac
2029 1638 2127 1692 pro
2186 1624 2252 1680 iis
2312 1626 2401 1693 qui
2445 1638 2658 1678 mecum
2720 1631 2865 1687 sunt,
2916 1631 2970 1676 et
3025 1636 3123 1691 pro
3183 1621 3434 1675 omnibus
3486 1620 3607 1691 (nec
3677 1621 3821 1675 enim

580 1714 734 1771 vobis
754 1729 1067 1771 concessum
1094 1724 1197 1781 est,
1222 1724 1279 1770 ut
1302 1715 1589 1785 quidquam
1650 1717 1897 1786 amplius,
1951 1732 2109 1786 quam
2168 1717 2291 1784 hoc,
2348 1716 2499 1771 nobis
2530 1715 2855 1785 prebeatis),
2898 1724 2957 1769 ut
2995 1723 3049 1770 et
3092 1716 3144 1769 in
3177 1727 3296 1769 mea
3349 1713 3417 1770 de
3451 1713 3552 1769 hac
3596 1728 3654 1769 re
3702 1728 3826 1769 sen-

585 1808 749 1866 tentia
820 1806 1109 1862 immobilis
1157 1821 1520 1875 permaneam,
1585 1816 1640 1861 et
1698 1822 1883 1862 omnes
1940 1823 2071 1862 meae
2111 1822 2319 1879 preces,
2375 1823 2507 1877 quas
2548 1806 2693 1860 novit
2734 1805 2844 1870 illa,
2892 1820 3012 1874 qua:
3065 1805 3179 1860 sola
3239 1804 3390 1858 novit
3419 1805 3622 1869 omnia.
3652 1815 3710 1860 et
3739 1805 3823 1859 cui

585 1899 767 1954 omnia
824 1910 1079 1967 prospere
1124 1896 1176 1950 in
1226 1906 1484 1950 aeternum
1531 1896 1729 1952 cedunt
1788 1897 1923 1967 (11),
1954 1898 2177 1966 optima,
2226 1908 2281 1953 et
2320 1912 2415 1967 per
2460 1912 2519 1951 se
2562 1896 2793 1967 perfecta
2842 1906 2897 1952 et
2956 1897 3231 1952 individua
3264 1894 3523 1959 Trinitas,
3592 1907 3826 1965 accepta

588 1995 720 2060 sint,
776 2001 831 2047 et
892 1990 1119 2061 benigne
1166 1991 1489 2057 audiantur;
1534 2006 1737 2061 nosque
1776 2007 1897 2046 cum
1950 1994 2200 2049 omnibus
2235 1992 2359 2048 ﬁliis
2408 1991 2542 2064 (l2),
2604 2007 2723 2047 cum
2764 1998 2873 2047 tota
2921 1993 3102 2055 domo,
3155 2006 3280 2046 eum
3329 1998 3438 2045 tota
3496 1988 3724 2055 familia,
3773 1999 3827 2043 et

589 2103 711 2142 cum
748 2085 993 2141 omnibus
1032 2085 1218 2139 amicis
1253 2082 1434 2156 [amici
1468 2100 1595 2139 vero
1630 2087 1781 2141 nobis
1846 2096 1970 2143 sunt
2034 2086 2343 2160 orthodoxi]
2374 2087 2649 2143 vobiscum
2683 2102 2809 2153 una,
2857 2096 2911 2141 et
2971 2100 3091 2140 cum
3158 2084 3409 2139 omnibus
3452 2084 3655 2139 sanctis
3706 2099 3824 2139 eam

591 2179 829 2243 laudare,
906 2177 1179 2248 trisagium
1249 2176 1505 2245 hymnum
1573 2178 1834 2245 canendo,
1910 2179 1964 2233 in
2038 2178 2190 2235 ctelis
2259 2194 2356 2248 per
2424 2178 2631 2233 infinita
2681 2177 2874 2234 smeula
2942 2177 3299 2242 saeculorum,
3361 2187 3417 2233 et
3473 2177 3825 2246 promissum,

593 2282 753 2338 atque
820 2284 849 2322 a
894 2268 1050 2323 nobis
1109 2265 1370 2323 creditum
1418 2267 1844 2336 interminabile,
1903 2280 1959 2327 et
2030 2272 2362 2328 individuum
2405 2270 2523 2341 ejus
2596 2286 2816 2343 regnum
2888 2286 2984 2342 per
3043 2272 3269 2339 gratiam
3351 2271 3518 2341 ipsius
3573 2268 3828 2342 consequi

594 2379 915 2419 mereamur.
980 2364 1171 2418 Amen.
1245 2363 1436 2419 Amen.
1490 2364 1681 2419 Amen.

669 2457 760 2511 IX.
796 2456 901 2512 Sed
920 2456 1033 2528 jam
1062 2465 1367 2527 tempusest
1389 2458 1454 2513 ad
1477 2458 1746 2529 inceptum
1784 2468 2156 2529 argumentum

2327 2459 2406 2513 ϐ’.
2454 2458 2593 2511 Ἀλλ’
2625 2458 2744 2531 ὥρα
2788 2457 2897 2530 γάρ
2946 2458 3027 2523 είς
3076 2460 3177 2531 τὴν
3233 2460 3526 2533 ἀρχθεῖσαν
3581 2462 3832 2517 ὑπόθεσιν

595 2548 817 2604 reverti.
855 2546 990 2613 Quia
1020 2562 1121 2602 una
1156 2563 1277 2603 eum
1303 2547 1536 2613 Christo,
1566 2558 1748 2618 utpote
1777 2547 1919 2604 Deus
1942 2558 1997 2604 et
2018 2548 2161 2603 Con-

2282 2543 2420 2613 ιῦθις
2460 2544 2553 2603 οὖν
2595 2548 2865 2601 τείνεσθαι
2895 2546 2987 2620 [95
3042 2549 3119 2621 a].
3160 2550 3281 2603 Ὅτι
3329 2551 3428 2606 σὺν
3474 2552 3554 2624 τῷ
3594 2553 3827 2624 Χριστῷ.

596 2638 758 2703 ditor,
783 2637 1121 2706 iudicaturus
1161 2648 1245 2693 est
1300 2639 1483 2693 omnia
1516 2638 1748 2708 Spiritus
1786 2648 2023 2694 sanctus.
2052 2637 2158 2694 Cu-

2282 2638 2359 2691 ἱτε
2392 2638 2525 2702 Θεὸς
2561 2638 2654 2692 καὶ
2693 2640 3050 2711 Δημιουργὸς,
3078 2641 3140 2693 τὸ
3186 2640 3341 2708 ἅγιον
3380 2641 3605 2714 Πνεῦμα
3634 2644 3835 2715 κρίνειν

592 2730 683 2796 jus
709 2738 791 2785 est
816 2729 957 2784 enim
988 2729 1169 2784 omnia
1202 2727 1470 2796 judicare,
1504 2730 1607 2784 nisi
1638 2729 1753 2799 ejus
1783 2730 1874 2799 qui
1939 2729 2164 2787 Deitatis

2282 2731 2449 2785 ιέλλει
2485 2730 2554 2784 τά
2592 2732 2786 2785 πάντα.
2812 2733 2968 2796 Τίνος
3012 2733 3122 2804 γὰρ
3156 2734 3251 2787 καὶ
3276 2733 3421 2788 ἐστιν
3448 2737 3649 2806 κρῖναι,
3682 2735 3716 2807 ἢ
3745 2736 3833 2789 τοῦ

596 2832 653 2877 et
692 2822 851 2892 regia:
881 2820 1263 2877 dominationis
1295 2822 1723 2877 communionem
1766 2836 1890 2877 cum
1936 2822 2025 2878 illo
2070 2824 2165 2878 ha-

2282 2824 2547 2878 ιοινωνίαν
2570 2821 2783 2894 ἔχοντος
2814 2824 2952 2895 πρὸς
2974 2824 3066 2878 τὸν
3086 2826 3389 2895 ποιήσαντα
3423 2826 3561 2879 αῦτά
3591 2826 3837 2897 θεότητος

607 2913 719 2980 bet,
747 2916 836 2983 qui
865 2915 975 2983 ipsa
1007 2914 1173 2969 fecit?
1209 2914 1283 2968 ita
1316 2916 1601 2985 prophetat
1628 2916 1795 2970 Isaias
1822 2933 1836 2969 :
1865 2935 1883 2968 ι
1912 2915 2165 2986 Egredie-

606 3017 693 3059 tur
721 3006 833 3076 (15)
866 3007 1011 3076 virga
1035 3024 1098 3062 ex
1129 3007 1307 3062 radice
1335 3006 1509 3074 Iesse,
1540 3018 1595 3062 et
1628 3006 1724 3062 ﬂos
1748 3024 1813 3062 ex
1850 3009 2029 3063 radice
2052 3009 2165 3078 (M)

605 3099 878 3151 ascendet.
905 3096 971 3151 Et
1001 3098 1303 3165 requiescet
1328 3113 1489 3167 super
1513 3112 1635 3153 eum
1662 3097 1896 3169 Spiritus
1920 3099 2009 3154 Dei
2031 3099 2163 3170 (l5),

604 3187 833 3255 Spiritus
866 3187 1143 3255 sapientia:
1166 3197 1219 3241 et
1248 3187 1576 3256 intellectus,
1608 3189 1842 3260 Spiritus
1870 3192 2083 3247 consilii
2113 3204 2168 3247 et

606 3277 958 3341 fortitudinis,
992 3276 1226 3346 Spiritus
1270 3277 1510 3332 scientiae
1543 3289 1597 3333 et
1628 3281 1875 3349 pietatis;
1904 3290 1957 3336 et
1996 3282 2168 3351 reple-

608 3369 684 3420 bit
712 3383 835 3423 eum
869 3367 1102 3437 Spiritus
1134 3369 1344 3424 timoris
1370 3368 1488 3427 Dei.
1515 3370 1629 3425 Non
1652 3372 1945 3427 secundum
1968 3373 2171 3442 opinio-

608 3475 729 3513 nem
769 3461 1051 3526 judicabit,
1109 3476 1283 3530 neque
1327 3462 1619 3516 secundum
1661 3463 1924 3533 loquelam
1961 3474 2165 3536 arguet.

608 3550 713 3606 Sed
743 3551 1005 3621 judicahit
1041 3552 1226 3606 humili
1260 3551 1425 3625 204
1453 3552 1735 3623 judicium,
1775 3564 1829 3609 et
1862 3565 2049 3624 arguet
2076 3572 2172 3611 su~

608 3643 800 3712 perbos
824 3642 961 3714 (l6),
992 3653 1045 3698 et
1076 3643 1326 3701 liberabit
1360 3644 1586 3699 humiles
1614 3653 1793 3709 terra,
1823 3657 1877 3701 et
1907 3649 2173 3716 percutiet

2266 2915 2361 2969 καὶ
2406 2914 2711 2985 βασιλείας;
2738 2916 2813 2978 ὡς
2842 2915 3175 2986 προφητεύε.
3213 2916 3439 2981 Ἡσαΐας
3495 2918 3595 2988 μέν
3618 2935 3632 2947 ·
3668 2936 3687 2969 ι
3725 2916 3836 2982 Ἐξ-

2266 3004 2540 3058 ελεύσεται
2567 3005 2759 3077 ῥάϐδος
2791 3006 2855 3058 ὲκ
2894 3006 2991 3076 τῆς
3028 3003 3185 3077 ῥίζης
3226 3006 3442 3067 Ἰεσσαὶ.
3471 3008 3566 3061 καὶ
3592 3008 3751 3071 ἄνθος
3776 3008 3839 3061 ὲκ

2266 3095 2364 3165 τῆς
2410 3094 2564 3167 ῥίζης
2606 3095 2966 3167 ἀναϐήσεται,
3010 3096 3106 3149 κα)⁸
3143 3096 3515 3151 ἀναπαύσεται
3564 3098 3651 3151 ἐπ’
3682 3098 3844 3153 αὐτὸν

2267 3179 2491 3255 Πνεῦμα
2527 3184 2621 3237 τοῦ
2664 3184 2820 3250 Θεοῦ,
2854 3183 3079 3256 Πνεῦμα
3146 3186 3336 3255 σοφίας
3385 3186 3480 3241 καὶ
3552 3187 3839 3251 συνέσεως,

2269 3273 2494 3344 Πνεῦμα
2545 3273 2737 3345 βουλῆς
2779 3274 2871 3327 xui.
2922 3274 3124 3344 ἰσχύος,
3159 3275 3383 3347 Πνεῦμα
3452 3275 3707 3346 γνώσεως
3751 3276 3842 3329 καὶ

2270 3365 2581 3428 εὐσεϐείας·
2610 3367 2706 3419 καὶ
2726 3366 2992 3437 ἐμπλήσει
3026 3366 3189 3420 αὐτὸν
3238 3367 3462 3438 Πνεῦμα
3499 3368 3665 3438 φόϐου
3686 3368 3841 3422 Θεοῦ.

2271 3458 2346 3510 Οὐ
2375 3456 2513 3511 κατά
2540 3458 2637 3529 τὴν
2659 3458 2816 3523 δόξαν
2836 3460 3031 3529 κρινεῖ,
3050 3459 3170 3511 οὐδὲ
3189 3458 3329 3511 κατά
3354 3459 3451 3529 τὴν
3482 3459 3673 3513 λαλιὰν
3692 3459 3845 3528 ἐλέγ-

2274 3548 2383 3615 ξει·
2435 3550 2568 3603 ἀλλά
2615 3553 2792 3623 κρινεῖ
2840 3550 3083 3621 ταπεινῷ
3110 3551 3313 3621 κρίσιν,
3346 3553 3441 3605 καὶ
3484 3552 3693 3620 ἐλέγξει
3722 3553 3845 3616 τοὺς

2274 3644 2677 3714 ὑπερηφάνους,
2703 3644 2796 3697 καὶ
2826 3643 3086 3710 ὲξελεῑται
3117 3644 3244 3708 τοὺς
3277 3646 3567 3708 ταπεινοὺς
3600 3646 3701 3715 τῆς
3721 3644 3845 3714 γῆς,

611 3748 809 3791 terram
842 3735 1010 3791 verbo
1039 3735 1151 3790 oris
1172 3735 1277 3800 sui,
1301 3745 1357 3790 et
1386 3736 1437 3789 in
1476 3734 1677 3805 Spiritu
1718 3752 1813 3806 per
1835 3736 1973 3791 labia
2001 3738 2171 3793 inter-

2282 3734 2369 3788 καὶ
2405 3734 2634 3801 πατάξει
2680 3735 2775 3805 τὴν
2807 3735 2913 3804 γῆν
2937 3734 3014 3805 τῷ
3058 3734 3201 3806 λόγῳ
3240 3735 3336 3789 τοῦ
3365 3736 3631 3807 στόματος
3660 3734 3844 3799 αὐτοῦ,

608 3827 752 3883 ficiet
810 3827 1001 3895 impios
1030 3825 1213 3897 (17).»
1267 3823 1484 3895 Virgam
1539 3838 1592 3881 et
1636 3813 1821 3883 liorem
1877 3842 1944 3882 ex
1996 3828 2174 3884 radice

2282 3828 2372 3879 κα).
2394 3828 2450 3879 ὲν
2479 3826 2756 3897 Πνεύματι
2788 3826 2875 3879 διὰ
2896 3826 3116 3897 χειλέων
3164 3827 3345 3881 ἀνελεῖ
3392 3828 3629 3892 ἀσεϐεῖς.
3660 3847 3679 3880 ι
3723 3828 3845 3881 Ῥά-

607 3917 758 3974 Jesse
794 3918 938 3972 illum
970 3916 1122 3982 dicit,
1158 3917 1249 3987 qui
1285 3932 1349 3972 ex
1381 3918 1492 3987 ipsa
1538 3919 1690 3989 quasi
1729 3933 1946 3987 germen
1979 3921 2176 3989 prodiit

610 4010 662 4063 in
687 4008 1087 4073 Incarnatione,
1115 4022 1179 4062 ac
1208 4007 1291 4062 sui
1326 4009 1509 4063 odoris
1541 4010 1805 4064 suavitate
1828 4018 2027 4065 terram
2054 4026 2176 4066 cor-

613 4098 1105 4167 roboravitzsuper
1144 4112 1304 4167 quem
1350 4098 1515 4153 etiam
1540 4099 1907 4167 quiescentem
1939 4100 2173 4155 vidimus

610 4193 663 4245 in
715 4189 1018 4259 Evangeliis
1069 4188 1328 4259 Spiritum
1378 4197 1623 4245 sanctum
1684 4204 1895 4259 :qnem
1961 4191 2173 4247 demum

682 4370 761 4444 (5)
794 4366 1003 4423 Deceat.
1036 4367 1317 4444 Didymus,
1342 4370 1443 4444 οῦκ
1471 4369 1724 4444 ἐνδέοντι.
1757 4367 1897 4444 Qua“
1921 4383 2052 4444 voce
2083 4387 2180 4444 eo-

613 4437 732 4496 dem
766 4455 926 4493 sensu
975 4437 1150 4492 utitur
1189 4438 1286 4494 Dio
1342 4442 1584 4506 Cassius,
1620 4454 1743 4509 pag.
1794 4437 1899 4509 855
1929 4441 2181 4495 editionis

616 4512 875 4565 Reimari.
906 4510 1040 4563 Aliis
1066 4523 1215 4571 vero,
1244 4521 1302 4565 ut
1335 4512 1597 4566 Clementi
1622 4508 1692 4565 ’in
1722 4523 1797 4562 vn
1827 4508 2177 4576 Stromarum,

612 4582 676 4634 τὸ
705 4580 883 4649 ἐνδέον
914 4580 1111 4633 dicitur
1144 4596 1163 4629 ι
1188 4580 1239 4634 id
1266 4582 1407 4649 quod
1448 4585 1619 4636 deest.
1650 4600 1669 4633 ι

687 4650 765 4720 (6)
798 4648 1223 4705 Perturbatione.
1268 4648 1449 4707 Codex
1475 4691 1491 4716 ,
1532 4652 1761 4723 ἥρεμος,
1813 4667 1935 4709 cum
1987 4665 2184 4721 aspero

617 4724 828 4789 Spiritu.

686 4791 765 4860 (7)
792 4790 1192 4845 Sustinendam.
1225 4790 1374 4864 verti
1424 4792 1585 4848 etiam
1639 4804 1850 4864 potest:
1889 4791 1997 4845 «ad
2039 4791 2185 4860 judi-

616 4864 758 4917 cium
786 4864 1042 4930 (laridum,
1068 4870 1161 4914 aut
1186 4862 1575 4930 accipiendum.
1606 4884 1624 4916 ι

688 4931 766 4998 (8)
804 4928 887 4982 Ea:
913 4946 989 4981 me
1019 4940 1160 4984 sunt.
1198 4928 1328 4986 Vide
1352 4946 1521 4998 segni.
1556 4935 1657 4989 148
1693 4936 1741 4987 b.

682 5000 766 5082 (9)
795 4999 889 5053 Sui
916 5002 1099 5067 ipsius.
1134 5002 1342 5067 Codex,
1380 5003 1565 5057 αὑτοῦ.
1611 5006 1811 5074 Legere
1847 5010 2029 5065 malim
2088 5010 2188 5063 αὑ-

617 5090 733 5127 του.

690 5140 803 5221 (⁸1.0)
834 5139 960 5221 Post
1000 5140 1153 5221 (tunc.
1180 5143 1382 5206 Codex,
1441 5143 1607 5215 μηδέν
1657 5163 1724 5217 με
1770 5149 1996 5221 ταύτην.
2047 5149 2191 5218 Lego

622 5210 791 5285 μηδὲν
824 5210 942 5285 μετξ
964 5211 1154 5285 αὑτήν.

689 5281 817 5361 (11)Δ
839 5281 1060 5361 (ξεάιιηςξ
1090 5281 1145 5336 in
1180 5284 1386 5361 Graeco,
1418 5289 1497 5352 εἰς
1528 5290 1699 5343 αῐσιον
1733 5292 1827 5345 κα),
1851 5292 1935 5344 ἐπ’
1965 5290 2187 5361 ἄπειρον

621 5350 981 5430 ματορθοῦσα.
1017 5350 1147 5430 Quae
1175 5358 1336 5430 verba
1374 5350 1488 5410 noni
1534 5361 1666 5413 satis
1716 5364 1997 5430 perspicua
2041 5350 2185 5413 sunt.

622 5426 678 5480 In
708 5422 944 5493 Epistola
972 5422 1039 5472 ad
1073 5424 1375 5479 Archintnm
1402 5430 1675 5494 prwsulem
1706 5422 1975 5491 transtuli,
2011 5448 2029 5481 ι
2056 5432 2182 5483 inll-

620 5496 916 5568 nitegbeata
945 5506 961 5546 :
995 5507 1014 5540 ι
1045 5510 1164 5545 nam
1195 5510 1295 5548 vox
1328 5498 1552 5568 ἄπειρον
1581 5500 1696 5554 sine
1738 5502 1900 5555 dubio
1930 5499 2067 5553 valet
2100 5501 2186 5554 hic

628 5566 965 5641 (infinitum,
996 5578 1014 5611 ι
1051 5575 1142 5617 aut
1178 5566 1508 5641 (mternutti:
1543 5590 1560 5622 ι
1607 5585 1670 5622 ac
1705 5569 1919 5641 frigide,
1950 5584 2067 5623 meo
2093 5568 2183 5635 ju-

621 5638 1216 5708 dici0,j}lllS__Vefl¢fel,
1250 5654 1268 5687 ι
1304 5637 1598 5706 inexperto,
1629 5659 1646 5688 ι
1689 5637 1831 5692 θυιῆ
1863 5644 2042 5708 ignoto
2074 5653 2186 5691 mo-

624 5708 711 5762 do.
741 5725 758 5755 ι
793 5704 962 5759 Simili
999 5706 1206 5759 ratione
1235 5709 1283 5759 in
1320 5704 1723 5763 commentariis
1752 5711 1807 5763 in
1838 5704 2093 5763 Psalmos.
2114 5709 2179 5762 ad

621 5779 1083 5848 postrenia__verba
1117 5777 1304 5844 psalmi
1332 5794 1419 5842 cx,
1444 5780 1582 5848 quod
1606 5778 1812 5835 Psaltes
1846 5783 1941 5842 ait,
1988 5782 2066 5841 εἰς
2088 5778 2178 5831 τὸν

621 5846 793 5903 αίῶνα
825 5846 918 5899 τοῦ
950 5847 1165 5913 αἰῶνος,
1201 5846 1475 5920 Didymus
1506 5850 1662 5905 aliter
1719 5850 1866 5916 dicit,
1903 5851 1988 5904 ἐπ’
2020 5850 2173 5903 ἄπει-

2283 3922 2404 3975 6δον
2436 3921 2529 3975 καὶ
2555 3920 2714 3983 ἄνθος
2740 3921 2805 3973 ὲκ
2826 3920 2925 3991 τῆς
2962 3918 3114 3991 ῥίζης
3139 3919 3333 3973 Ἰεσσαὶ
3360 3920 3529 3989 λέγει,
3552 3920 3644 3973 τὸν
3668 3921 3726 3987 ἐξ
3756 3920 3848 3974 αῦ-

2278 4012 2379 4082 τῆς
2411 4013 2469 4065 ἐν
2494 4013 2560 4082 τῇ
2603 4012 3011 4083 ὲνανθρωπήσει
3059 4010 3455 4083 βλαστήσαντα,
3491 4012 3586 4065 καὶ
3620 4014 3686 4083 τῇ
3726 4013 3850 4064 ἑαυ-

2277 4103 2371 4156 τοῦ
2398 4104 2593 4175 εὐωδίᾳ
2613 4104 2711 4176 τὴν
2726 4103 2948 4176 ὑφήλιον
2979 4102 3249 4174 ρώσαντα,
3268 4105 3353 4173 ἐφ’
3380 4103 3438 4156 ὃν
3454 4103 3637 4175 ῐδομεν
3666 4106 3722 4157 ἑν
3750 4104 3851 4155 Εὐ-

2278 4194 2553 4263 αγγελίοις
2595 4195 3047 4264 ἀναπαυσάμενον
3079 4195 3138 4248 τὸ
3167 4195 3320 4264 ἅγιον
3364 4194 3589 4263 Πνεῦμα
3612 4212 3627 4224 ο
3661 4193 3851 4266 κριτὴν

2286 4390 2405 4445 ρον,
2433 4374 2483 4427 id
2510 4384 2641 4445 _est,
2689 4394 2707 4425 ι
2730 4376 2780 4428 in
2817 4385 3095 4430 aeternum.
3125 4394 3141 4426 ι
3186 4376 3251 4428 Ἥ
3304 4375 3509 4439 αῐνεσις
3546 4373 3711 4427 αὐτοῦ
3742 4374 3855 4445 (in-

2284 4443 2420 4514 duit)
2455 4443 2605 4514 μένει
2654 4446 2740 4498 ἐπ’
2764 4446 3009 4515 ἄπειρον,
3037 4448 3088 4500 id
3128 4456 3228 4511 est,
3267 4445 3693 4515 claudatiqejus
3743 4443 3856 4499 ina-

2287 4527 2378 4567 net
2426 4513 2478 4567 in
2534 4524 2864 4571 mternum.»
2901 4513 3021 4571 Vsive
3088 4517 3467 4571 «infinitum.»
3525 4513 3660 4567 Cum
3719 4529 3853 4569 vero

2288 4586 2529 4649 verbum,
2566 4585 2884 4654 κατορθοῦν,
2922 4587 3191 4654 duplicem
3244 4586 3440 4640 habeat
3493 4584 3853 4653 significatio-

2289 4668 2432 4716 nem,
2469 4657 2604 4709 verti
2637 4655 2864 4709 fortasse
2908 4661 3070 4709 etiam
3104 4667 3321 4725 posset:
3350 4673 3367 4706 ι
3396 4669 3516 4721 quae
3548 4654 3732 4709 omnia
3780 4655 3852 4709 ad

2291 4738 2601 4794 prospermn
2642 4726 2842 4778 exitum
2877 4727 2928 4779 in
2956 4736 3213 4780 internum
3248 4726 3453 4794 dirigit.
3475 4743 3494 4776 ›

2364 4792 2477 4863 (12)
2513 4792 2690 4847 Filiis.
2720 4796 2924 4859 Codex,
2954 4798 3261 4857 παντεκνεῖ,
3292 4792 3609 4864 efreliqua.
3657 4793 3855 4850 Utrum

2295 4874 2471 4936 autem
2533 4864 2991 4936 scribentlttinsit
3045 4864 3337 4936 πανδημεί,
3385 4864 3617 4932 exempli
3664 4879 3858 4936 causa,

2296 4933 2607 5003 παμψηφεί,
2648 4934 2928 4995 πανσυδεί,
2962 4946 3016 4989 et
3055 4933 3271 4996 caetera.
3305 4951 3371 4989 an
3422 4948 3551 4987 vero
3590 4934 3859 5003 πανδημὶ,

2296 5003 2579 5074 παμψηφὶ,
2604 5004 2855 5063 πανσυδί.
2877 5009 3149 5073 disputant
3176 5003 3531 5075 grammatici.
3563 5003 3675 5072 Ego
3707 5008 3863 5075 codi-

2297 5076 2375 5128 cis
2401 5078 2724 5144 scripturam
2770 5078 2986 5138 retinui,
3023 5077 3073 5127 in
3124 5074 3232 5144 quo
3272 5075 3527 5129 similium
3553 5074 3857 5131 vocabulo-

2298 5159 2415 5198 rum
2444 5156 2711 5213 postrema
2740 5146 2941 5213 syllaba
2968 5144 3428 5201 circumflectitur.

2366 5214 2473 5285 (15)
2501 5214 2834 5285 Egredietur.
2866 5216 2969 5285 lsa.
3000 5231 3074 5278 at,
3116 5216 3229 5285 1-4.

2361 5284 2473 5347 (14)
2506 5284 2587 5338 ex
2621 5286 2817 5337 radice.
2875 5284 3060 5341 Crteca
3116 5284 3282 5339 Biblia
3338 5285 3579 5341 habent:
3611 5299 3718 5339 «ex
3770 5299 3867 5338 ra-

2290 5354 2407 5427 dice
2432 5358 2567 5422 ejus.
2596 5374 2614 5407 ι
2656 5355 2911 5424 Didymus
2957 5370 3125 5427 segni.
3159 5354 3261 5409 125
3295 5354 3346 5420 b,
3379 5358 3539 5411 liabet
3560 5356 3621 5420 ὲξ
3656 5354 3865 5424 αὐτῆς,

2290 5424 2341 5477 id
2369 5436 2470 5487 est,
2503 5443 2520 5475 ι
2548 5441 2611 5478 ex
2650 5426 2785 5493 ipsa.
2813 5444 2831 5476 ι

2361 5494 2471 5565 (to)
2504 5496 2613 5550 Dei.
2640 5495 2853 5565 (ἓυηινῙἶ
2884 5495 3068 5557 editio,
3102 5495 3330 5565 Κυρίου,
3361 5495 3418 5547 id
3447 5505 3528 5549 est
3552 5494 3864 5565 rDominiJ

2361 5498 2450 5559 (15
2504 5498 2613 5550 Dei.
2640 5498 2848 5563 Cumpl.
2884 5498 3068 5557 editio,
3102 5498 3330 5565 Κυρίου,
3361 5498 3418 5547 id
3447 5505 3528 5549 est
3552 5498 3864 5549 «Dominis

2361 5498 2471 5637 (lii;
2504 5565 2781 5634 Superbos.
2811 5564 2985 5619 Verba
3016 5566 3139 5637 ista.
3165 5566 3292 5629 τοὺς
3320 5564 3701 5636 ὑπερηφάνους
3720 5581 3735 5595 ⁶
3764 5566 3873 5619 καὶ

2295 5635 2579 5702 ἐξελεῖται,
2634 5638 2683 5689 id
2728 5645 2837 5700 est,
2900 5635 3237 5705 «superbos;
3280 5645 3335 5688 et
3380 5637 3693 5700 liberabit,»
3746 5637 3872 5691 sive

2294 5726 2315 5756 ο
2342 5719 2518 5772 eruet,
2553 5725 2570 5758 ι
2604 5707 2797 5759 desunt
2827 5708 2878 5759 in
2911 5704 3161 5760 omnibus
3188 5706 3537 5760 editionibus.

2320 5848 2331 5859 .
2359 5777 2472 5849 (17)
2506 5776 2723 5847 Impias.
2771 5774 2940 5831 Biblia
2990 5777 3174 5833 erca
3203 5798 3218 5829 ι
3256 5775 3452 5845 ἀσεϐῆ,
3487 5777 3539 5831 id
3569 5786 3676 5843 est,
3718 5793 3739 5828 ι
3763 5774 3877 5830 im-

2282 5864 2446 5919 ptum.
2471 5867 2491 5901 ι
