4082 6406
319 281 423 338 597

1350 292 1440 351 DE
1479 294 1856 354 TRINITATE
1894 298 2096 355 LIBER
2136 298 2521 355 SECUNDUS.

3466 301 3570 357 598

319 400 373 451 δὲ
406 400 570 454 αὑτὸν
607 402 707 457 σὺν
743 404 826 475 τῷ
870 405 1009 476 ἁγίῳ
1043 407 1321 480 Πνεύματι
1357 413 1415 465 ὲν
1448 416 1514 485 τῇ
1552 415 1777 488 δευτέρᾳ
1806 418 1894 473 αὐ-

2007 436 2110 475 una
2154 435 2275 475 cum
2318 429 2507 475 sancto
2552 418 2756 488 Spiritu
2806 417 3039 486 iudicem
3083 420 3135 472 in
3182 421 3417 474 secundo
3451 423 3570 488 ejus

320 488 413 541 τοῦ
444 492 722 565 παρουσίᾳ
767 494 898 547 ἰδεῖν
951 499 1335 570 περιμένομεν.
1366 503 1534 557 Τοῦτο
1567 505 1675 577 γὰρ
1698 508 1897 577 σημαί-

321 598 399 632 νει
456 583 517 634 τό
550 600 637 646 τε,
680 603 699 636 ι
736 586 827 638 Ἐν
861 587 1137 659 Πνεύματι
1178 591 1267 645 διὰ
1305 592 1527 663 χειλέων
1568 597 1746 649 ἀνελεῖ
1775 600 1899 652 ἀσε-

321 673 453 739 ϐεῖς,
480 692 500 726 ι
527 676 625 729 καὶ
661 676 722 729 τὸ
753 678 992 749 ἀλλαχοῦ
1021 682 1307 753 εἰρημένον
1336 684 1413 755 τῷ
1447 686 1597 758 αὑτῷ
1624 690 1895 762 προφήτῃσ

325 783 343 816 ι
380 765 470 819 Ἑν
498 768 784 839 Πνεύματι
814 772 1067 843 κρίσεως,
1090 776 1183 829 καὶ
1205 778 1263 829 ὲν
1284 777 1562 849 Πνεῦματι
1594 781 1900 847 καύσεως.ι

319 854 484 908 Δαυῖδ
510 857 570 909 δὲ
612 859 675 912 ὲν
709 860 825 932 ρλη¹
861 861 1061 933 ψαλμῷ
1088 881 1281 935 φησιν·
1322 886 1341 919 ι
1363 866 1473 921 Ποῦ
1509 870 1760 939 πορευθῶ
1791 872 1900 925 ἀπὸ

320 944 417 997 τοῦ
451 946 775 1019 Πνεύματός
831 969 964 1017 σου;
1021 956 1117 1008 καὶ
1173 956 1281 1010 ἀπὸ
1324 958 1419 1010 τοῦ
1475 959 1767 1030 προσώπου
1802 980 1897 1016 σου

324 1037 431 1089 ποῦ
465 1039 655 1107 φύγως
688 1060 705 1092 ι
728 1043 826 1105 Τὸ,
851 1062 869 1095 ι
904 1044 1013 1098 Ποῦ
1036 1048 1303 1119 πορευθῶ,
1329 1070 1345 1102 ι
1365 1052 1478 1117 καὶ,
1499 1072 1517 1102 ι
1548 1052 1656 1105 Ποῦ
1683 1053 1892 1122 φύγω,ι

325 1126 582 1181 πλατεῖαν
647 1129 762 1201 ἔχει
815 1132 1082 1204 ἔμφασιν·
1141 1138 1396 1209 σημαίνει
1458 1141 1567 1212 γὰρ
1620 1144 1896 1214 πανταχοῦ

330 1222 580 1289 παρεῖναι
637 1224 734 1275 καὶ
790 1227 985 1298 κριτὴν
1027 1228 1293 1301 ὑπάρχειν
1346 1231 1407 1284 τὸ
1447 1233 1602 1302 ἆγιον
1651 1235 1894 1306 Πνεῦμα.

334 1330 351 1359 ι
376 1311 607 1382 Φοὸερὸν
634 1332 653 1365 ι
692 1315 801 1385 γὰρ
827 1316 902 1381 ὠς
950 1319 1184 1391 ἀληθῶς,
1226 1323 1366 1377 κατά
1407 1323 1497 1377 τὸν
1558 1326 1896 1393 Ἀπόστολον,

331 1420 348 1451 ι
376 1402 643 1472 ἐμπεσεῖν
666 1408 742 1470 είς
764 1411 953 1479 χεῖρας
989 1410 1122 1464 Θεοῦ
1145 1410 1365 1478 ζῶντος,
1392 1434 1411 1468 ι
1442 1415 1535 1469 τοῦ
1564 1417 1813 1487 λέγοντος
1840 1421 1898 1473 ὲν

319 1494 407 1563 μθ¹
424 1494 649 1567 ψαλμῷ·
674 1516 692 1548 ι
726 1499 957 1569 Ἐλέγξω
977 1503 1069 1555 καὶ
1092 1507 1430 1578 παραστήσω
1448 1508 1588 1561 κατά
1610 1510 1898 1581 πρόσωπόν

314 1599 410 1636 σου
465 1582 570 1647 τὰς
617 1586 892 1658 ἁμαρτίας
949 1608 1107 1645 σου.»
1170 1595 1279 1647 Καὶ
1333 1595 1427 1649 τοῦ
1480 1599 1714 1668 Μιχαίου
1777 1601 1896 1673 δὲή

315 1676 505 1747 μικρῷ
544 1678 780 1750 πρόσθεν
817 1680 912 1753 [95
959 1683 1012 1757 ι]
1046 1686 1303 1757 λεχθεῖσα
1331 1692 1661 1762 προφητεία,
1692 1694 1785 1747 καὶ
1818 1696 1898 1759 είς

2002 513 2234 567 adventu
2268 512 2453 566 videre
2496 525 2808 581 speramus;
2847 511 2895 564 id
2938 511 3081 564 enim
3116 511 3423 580 signiﬁcant
3458 522 3568 564 tum

2001 601 2167 654 verba
2215 599 2326 664 illa,
2382 599 2487 653 r-ln
2536 598 2741 665 Spiritu
2795 613 2891 667 per
2941 598 3082 653 labia
3130 599 3419 654 interﬁcict
3471 601 3574 654 im-

2001 693 2140 762 pios,
2173 713 2192 746 ι
2230 703 2339 747 tum
2382 694 2457 759 id,
2498 693 2643 763 quod
2678 692 2801 747 alibi
2852 692 2921 747 ab
2956 695 3144 747 eodem
3187 692 3444 761 propheta
3489 691 3572 745 di-

2000 793 2144 838 ctum
2168 794 2282 839 est:
2308 802 2327 836 ι
2353 783 2411 839 In
2439 782 2645 852 Spiritu
2663 784 2996 855 (18)judicii,
3026 794 3082 839 et
3109 784 3163 838 in
3189 784 3392 853 Spiritu
3419 784 3573 837 ardo-

2005 877 2097 933 ris.
2125 895 2143 929 ›
2165 876 2332 932 David
2346 877 2541 933 veroin
2564 891 2802 932 cxxxvnt
2827 876 3032 946 psalmo
3053 874 3155 931 ait:
3178 894 3195 926 ι
3217 874 3333 940 Quo
3352 876 3439 929 ibo
3457 875 3568 944 (l9)

2001 986 2029 1023 a
2070 968 2275 1039 Spiritu
2310 978 2423 1033 tuo,
2464 976 2520 1024 et
2556 983 2585 1020 a
2626 967 2763 1023 facie
2810 978 2899 1022 tua
2938 980 3044 1036 quo
3082 965 3363 1035 fugiam?)
3411 962 3568 1025 Illud,

2005 1079 2025 1112 ι
2057 1060 2174 1128 Quo
2214 1060 2322 1125 ibo,
2351 1078 2370 1112 ι
2416 1068 2492 1125 et,
2529 1078 2547 1112 ι
2578 1060 2694 1126 Quo
2729 1059 2949 1130 fugiam,
2983 1077 3001 1109 ι
3052 1057 3213 1111 latam
3263 1055 3425 1110 habet
3458 1070 3570 1109 etn-

2001 1155 2210 1225 phasim
2256 1172 2272 1208 :
2310 1152 2572 1224 Spiritum
2617 1152 2758 1208 enim
2797 1162 3043 1207 sanctum
3092 1151 3289 1220 ultique
3336 1163 3570 1219 praesen-

2002 1256 2107 1301 tem
2154 1261 2295 1305 esse,
2344 1261 2406 1297 ac
2434 1245 2665 1313 judieem
2715 1244 2977 1298 exsistere
3026 1242 3312 1312 signiﬁcat.
3361 1241 3566 1293 Revera

2000 1334 2142 1387 enim
2182 1350 2199 1383 ι
2236 1329 2474 1386 terribile
2501 1330 2611 1401 (9.0)
2652 1343 2753 1396 est,
2792 1350 2809 1382 ι
2854 1340 2909 1383 ιιι
2960 1329 3246 1399 Apostolus
3280 1330 3374 1389 ait,
3433 1345 3452 1377 ι
3488 1327 3568 1379 in-

2000 1423 2185 1478 cidere
2233 1424 2283 1477 in
2334 1439 2523 1477 manus
2553 1422 2646 1476 Dei
2677 1423 2945 1477 viventis:
2981 1442 2998 1472 I
3034 1422 3179 1477 illius
3221 1436 3432 1489 nempe,
3475 1418 3565 1485 qui

2000 1513 2051 1566 in
2087 1528 2209 1566 xux
2247 1513 2455 1584 psalmo
2498 1514 2715 1582 inquit:
2749 1530 2767 1564 ι
2796 1512 3031 1584 Arguam
3064 1512 3198 1582 (2!),
3239 1520 3295 1565 et
3335 1518 3565 1563 statuam

2000 1613 2187 1657 contra
2235 1603 2425 1659 faciem
2471 1614 2613 1657 tuam
2672 1612 2889 1674 peccata
2943 1612 3051 1657 tua.
3084 1622 3103 1654 ι
3138 1602 3277 1668 Quin
3332 1600 3568 1653 Michaeze

2000 1706 2213 1760 quoque
2259 1693 2559 1761 prophetia,
2601 1709 2720 1762 qua:
2769 1692 2928 1763 paulo
2956 1701 3082 1746 ante
3113 1691 3223 1762 (22)
3263 1690 3423 1743 allata
3459 1699 3563 1752 est,

308 1768 429 1821 τόδε
467 1771 813 1826 συντελεῖ.τὸ
856 1776 1167 1845 κεφάλαιον.
1212 1780 1379 1834 Ποίαν
1423 1783 1479 1836 δὲ
1515 1784 1789 1850 ἀπόδειξιν
1830 1784 1894 1839 ἂν

2002 1784 2102 1838 hoc
2132 1784 2303 1853 ipsum
2340 1784 2630 1852 capitulum
2697 1794 3141 1853 argumentumve
3187 1784 3563 1837 conlirmatur.

305 1862 457 1915 εἴποι
498 1880 586 1926 τις
622 1866 977 1938 ἰσχυροτέραν
998 1870 1076 1935 είς
1097 1871 1275 1940 τοῦτο,
1310 1873 1404 1927 τοῦ
1432 1876 1526 1929 καὶ
1548 1876 1637 1929 τὸν
1666 1877 1895 1949 Σωτῆρα

306 1955 443 2026 παρ’
510 1954 734 2029 Ἰωάννῃ
789 1958 967 2028 λέγειν
1010 1964 1138 2035 περὶ
1195 1964 1290 2019 τοῦ
1343 1967 1498 2036 ἁγίου
1542 1968 1890 2039 ΙΙνεύματος·

311 2066 328 2097 ι
367 2047 576 2102 Ἐλθὼν
605 2051 811 2116 ἐκεῖνος
834 2052 1041 2121 ἐλέγξει
1068 2056 1158 2110 τὸν
1191 2060 1396 2130 κόσμον
1437 2063 1565 2134 περὶ
1599 2064 1891 2136 ἁμαρτίας,

304 2140 405 2192 καὶ
437 2144 569 2214 περὶ
592 2144 960 2219 δικαιοσύνης,
986 2150 1080 2202 καὶ
1105 2152 1233 2221 περὶ
1258 2152 1489 2224 κρίσεως
1517 2173 1531 2221 ;
1561 2176 1578 2207 ι

379 2325 440 2377 ι’.
476 2324 600 2376 Ὀτι
636 2326 697 2379 ἐν
741 2329 806 2399 τῇ
867 2329 1279 2407 ὑπερϐαλλούσῃ
1326 2334 1554 2407 δυνάμει
1594 2339 1687 2392 τοῦ
1737 2340 1894 2410 ἀγίου

301 2414 652 2485 Πνεύματος,
688 2420 718 2471 ὁ
760 2420 971 2486 Παῦλος
1009 2425 1067 2476 ὲν
1119 2425 1333 2499 Κύπρῳ
1376 2429 1614 2501 Ἐλύμαν
1659 2432 1748 2485 τὸν
1793 2434 1897 2503 μά-

300 2524 424 2573 γον,
453 2511 921 2582 ἐπιστρατεύοντα
971 2519 1083 2580 τοῖς
1127 2519 1326 2587 ἁγίοις,
1367 2524 1463 2576 καὶ
1504 2524 1897 2596 λυμαινόμενον

401 2601 658 2673 ἀληθείᾳ,
689 2603 1025 2675 ὲξετύφλωσε
1093 2610 1254 2681 λόγῳ.
1291 2613 1397 2667 Τοῦ
1430 2616 1748 2687 Πνεύματος
1788 2620 1896 2691 γάρ

303 2689 445 2748 εἶναι
492 2695 593 2766 τὴν
644 2697 873 2767 δύναμιν
914 2702 1166 2757 δεικνῦσα
1214 2708 1247 2777 ή
1284 2707 1497 2780 Γραφὴ,
1531 2708 1680 2779 λέγει
1714 2689 1897 2776 αὐτοῖς

304 2785 570 2854 ὀνόμασιν
598 2786 773 2853 οὕτως
791 2807 804 2821 ο
847 2810 867 2842 ι
892 2792 1026 2846 Τότε
1056 2796 1084 2847 ὁ
1111 2797 1323 2862 Παῦλος
1347 2799 1604 2871 πλησθεὶς
1641 2803 1897 2875 Πνεῦμα-

306 2894 394 2941 τος
419 2879 584 2947 ἁγίου
603 2922 617 2942 ,
647 2876 768 2934 εἶπε
814 2884 953 2955 πρὸς
1002 2887 1165 2941 αὐτόν
1184 2906 1199 2921 ⁸
1244 2892 1375 2945 Ἰδοὺ
1419 2894 1541 2965 χεὶρ
1570 2896 1775 2967 Κυρίου
1802 2897 1897 2950 ἐπὶ

309 2969 386 3033 σὲ,
425 2970 525 3022 καὶ
555 2969 656 3042 ἔσῃ
681 2973 884 3041 τυφλὸς
920 2975 995 3047 μὴ
1037 2976 1249 3046 βλέπων
1272 2982 1365 3035 τὸν
1392 2982 1564 3053 ἥλιον.
1590 3007 1608 3034 ι
1658 2985 1897 3057 Ἀληθῶς

307 3060 414 3132 γὰρ
439 3061 545 3116 οὐκ
572 3058 644 3134 ἦν
676 3064 863 3130 αὑτὸν,
909 3067 984 3139 μὴ
1038 3070 1232 3140 ἔχοντα
1284 3073 1380 3127 τοῦ
1432 3076 1750 3147 Πνεύματος
1797 3079 1896 3150 τὴν

2001 1874 2253 1941 Quaenam
2284 1891 2411 1930 vero
2456 1876 2689 1929 validior
2732 1876 2796 1929 ad
2830 1877 2930 1931 hoc
2974 1876 3304 1944 probandqu
3345 1875 3568 1926 demon-

1998 1969 2189 2022 stratio
2234 1966 2413 2021 aﬂ‘erri
2464 1978 2663 2037 potest,
2714 1982 2875 2036 quam
2930 1983 3049 2034 qua:
3096 1966 3311 2020 ducitur
3363 1979 3425 2019 ex
3478 1977 3562 2023 eo,

1998 2058 2139 2127 quod
2174 2052 2423 2112 Salvator
2454 2059 2591 2126 apud
2624 2055 2886 2112 Joannem
2925 2059 2990 2111 de
3022 2055 3223 2125 Spiritu
3265 2063 3454 2109 sancto
3488 2053 3567 2107 sic

1998 2152 2286 2219 loquatur:
2320 2169 2339 2202 ι
2386 2148 2480 2204 Ille
2527 2149 2639 2219 (23)
2687 2150 2904 2205 veniens
2948 2158 3137 2217 arguet
3197 2149 3450 2201 mundum
3501 2145 3567 2198 de

1998 2256 2239 2315 peccato,
2269 2257 2323 2301 et
2354 2247 2674 2318 dejustitia,
2698 2257 2750 2301 et
2785 2248 2849 2301 de
2870 2244 3112 2314 judicio?
3142 2262 3161 2296 ι
3330 2300 3335 2303 _

2069 2340 2135 2395 X.
2177 2338 2309 2405 Quia
2357 2339 2409 2392 in
2452 2354 2705 2407 suprema
2736 2339 2968 2408 Spiritus
2995 2335 3167 2392 sancti
3218 2336 3416 2388 virtute
3447 2332 3570 2403 Ely-

1999 2445 2113 2485 mas
2144 2430 2233 2483 ille
2279 2444 2465 2499 magus
2503 2440 2813 2484 sanctorum
2844 2429 3035 2491 lmstis,
3070 2442 3133 2480 ac
3161 2426 3406 2481 veritatis
3445 2439 3568 2479 cor-

1998 2531 2206 2590 ruptor,
2255 2523 2421 2576 verbo
2466 2536 2495 2575 a
2547 2520 2710 2574 Paulo
2771 2519 2823 2573 in
2872 2516 3050 2589 Cypro
3103 2524 3408 2570 excaecatus
3461 2518 3565 2565 est.

2000 2612 2281 2683 Scriptura
2307 2614 2451 2668 enim
2484 2623 2542 2667 ut
2571 2613 2712 2665 illam
2746 2612 3000 2665 virtutem
3027 2610 3273 2663 ostendat
3299 2622 3417 2661 esse
3446 2605 3568 2674 Spi-

1999 2706 2132 2760 ritus
2159 2707 2353 2767 sancti,
2384 2705 2534 2760 ltisce
2553 2705 2735 2758 verbis
2761 2703 2997 2772 loquitur
3025 2722 3036 2755 :
3071 2719 3089 2751 ι
3119 2699 3268 2753 Tunc
3295 2699 3405 2768 (24)
3430 2698 3567 2750 Pau-

1997 2800 2080 2854 lus
2141 2799 2376 2867 repletus
2428 2798 2632 2867 Spiritu
2685 2806 2875 2851 SztnCIO
2917 2795 3053 2849 dixit
3099 2795 3163 2847 ad
3218 2808 3339 2846 eum
3382 2792 3567 2845 :Ecce

1997 2908 2192 2948 manus
2216 2891 2328 2963 (25)
2356 2889 2568 2945 Domini
2613 2903 2776 2958 super
2811 2898 2881 2951 te,
2911 2897 2965 2941 et
2998 2884 3107 2941 eris
3141 2898 3314 2937 C(l'ClIS
3345 2899 3450 2936 non
3491 2882 3566 2933 vi-

1996 2986 2131 3040 dens
2185 2982 2373 3040 solem.
2410 3001 2427 3033 t
2466 2981 2671 3036 Revera
2722 2980 2865 3035 enim
2910 2978 3025 3032 ﬁeri
3077 2991 3184 3031 non
3235 2983 3467 3046 poterat,
3510 2983 3567 3025 ut

1999 3075 2218 3138 Paulus,
2267 3072 2368 3127 nisi
2405 3072 2659 3127 virtutem
2703 3070 2937 3138 Spiritus
2964 3066 3262 3129 habuisset,
3300 3081 3421 3135 qum
3451 3080 3569 3119 0m-

311 3154 486 3207 πάντα
530 3156 863 3228 ἐνεργοῦσαν
908 3160 1158 3233 δύναμιν,
1212 3166 1501 3237 ἀνθρώπου
1538 3171 1894 3238 μαγγανείαις

2001 3169 2085 3221 nia
2130 3177 2419 3236 operatur,
2463 3165 2630 3229 verbo
2682 3163 2854 3216 visum
2910 3159 3141 3214 hominis
3179 3158 3566 3225 exstingueret,

318 3246 585 3312 συζῶντος
615 3250 711 3304 καὶ
750 3251 968 3324 δαίμοσι
1004 3257 1322 3323 πεποιθότος
1351 3259 1414 3312 τὸ
1442 3259 1662 3329 βλέπειν
1690 3263 1895 3332 ῥήματι

324 3337 633 3392 ἀποσεέσαι.

392 3430 494 3483 IA’.
527 3432 646 3486 Ὅτι
676 3435 744 3505 τῇ
790 3434 1018 3507 δυνάμει
1047 3437 1142 3491 καὶ
1170 3438 1352 3510 χάριτι
1393 3439 1488 3493 τοῦ
1536 3441 1693 3510 ἁγίου
1734 3442 1898 3496 Ilvati-

334 3537 499 3590 ματος
544 3525 978 3597 ἀναπτυχθέντες
1029 3530 1080 3583 οί
1134 3532 1375 3603 οὐρανοὶ,
1422 3532 1685 3604 ὤφθησαν
1716 3533 1794 3604 τῷ
1824 3535 1896 3588 δι-

332 3615 492 3680 πλοῦς
520 3619 809 3689 στεφάνους
837 3621 1075 3692 ἀναδησα
1084 3623 1228 3695 μένῳ
1248 3624 1551 3696 ἀποστολῆς
1574 3626 1667 3679 καὶ
1689 3644 1896 3698 μαρτυ-

328 3708 462 3776 ρὲου.
498 3710 633 3779 Φησὶ
690 3712 833 3783 γάρ’
890 3713 1204 3783 «Στέφανος
1259 3715 1520 3787 πλησθεὶς
1575 3715 1895 3787 ῐΙνεύματος

316 3797 468 3865 ἁγίου
517 3798 594 3852 ῐδε
637 3800 766 3864 τοὺς
792 3801 1053 3873 οὐρανοὺς
1088 3805 1487 3876 ἀνεῳγμένους.
1511 3824 1528 3857 ›
1558 3806 1722 3859 Ὥστε
1754 3803 1893 3862 εἶναι

308 3890 368 3941 τὸ
395 3890 503 3943 ὑπὸ
541 3892 771 3963 ἀρχαίου
804 3894 1113 3965 εἰρημένον·

408 4007 751 4073 Οὐρανόθεν
773 4005 827 4059 δ’
866 4006 955 4075 ἄρ’
984 4009 1284 4078 ὑπερῤάγη
1318 4008 1579 4076 ἄσπετος
1608 4011 1801 4081 αἰθήρ.

375 4098 480 4152 IB'.
518 4098 644 4151 Ὅτι
693 4102 1080 4172 προγινώσκει,
1142 4101 1220 4165 ὡς
1257 4103 1286 4154 ὁ
1321 4103 1507 4175 Πατὴρ
1540 4104 1631 4156 καὶ
1667 4107 1695 4157 ὁ
1732 4104 1887 4169 rus;-

302 4188 481 4257 μόνης
503 4188 561 4240 δὲ
589 4188 779 4258 θεῖκῆς
812 4188 1027 4259 φύσεώς
1049 4191 1217 4255 ἐστιν,
1257 4192 1504 4264 ἀκριϐῶς
1568 4194 1765 4248 εἰδέναι
1823 4196 1893 4249 τά

300 4278 599 4347 μέλλοντα.
638 4280 703 4332 Ἠ
734 4280 844 4351 γὰρ
873 4282 1071 4346 κτίσις,
1132 4283 1310 4338 πάντα
1346 4285 1444 4355 μὲν
1481 4286 1548 4340 τὰ
1572 4288 1663 4357 ἀφ’
1694 4289 1891 4360 ἑαυτῆς

299 4371 641 4441 στοχαστικά
687 4373 970 4443 προφέρει,
1022 4375 1198 4428 ἐκεῖνο
1234 4375 1291 4428 δὲ
1324 4377 1483 4447 μόνον
1515 4378 1768 4441 ἀπλανῶς
1802 4381 1893 4433 καὶ

294 4462 679 4532 ἀπαραὸἀτως
742 4464 1059 4534 προὸλέπει,
1105 4466 1135 4517 ὃ
1182 4465 1354 4539 αὐτὴν
1396 4468 1582 4539 διδάξῃ
1628 4469 1689 4522 τὸ
1738 4470 1890 4539 ἆγιον

295 4552 555 4624 Πνεῦμα.
580 4555 711 4618 Ταῖς
743 4556 851 4627 γὰρ
871 4556 1037 4621 θείαις
1058 4559 1271 4611 ἀκτῖσιν
1301 4558 1465 4613 αὑτοῦ
1494 4562 1772 4632 μονονουχὶ
1791 4562 1889 4627 τὰς

294 4648 355 4698 ἐν
386 4645 609 4715 οὐρανῷ
638 4646 986 4717 καταλάμπον
1014 4649 1293 4719 δυνάμεις,
1326 4648 1462 4703 ἀλλά
1486 4652 1581 4704 καὶ
1608 4652 1717 4706 τῶν
1747 4654 1889 4723 ἠμε-

291 4735 483 4806 τέρων
500 4734 688 4805 ψυχῶν
715 4736 1141 4810 ἀπολαμπρύνον
1164 4738 1232 4792 τὰ
1281 4738 1522 4809 ὄμματα,
1547 4741 1888 4796 ὑποδείκνυσι

368 4890 490 4959 (I8)
533 4891 599 4945 In
638 4893 861 4960 Spiritu.
891 4893 993 4947 lsa.
1027 4909 1099 4959 tv,
1128 4895 1183 4948 4.

402 4963 492 5035 I9)
528 4964 642 5035 Quo
672 4968 777 5017 ibo.
805 4963 946 5035 Psal.
974 4979 1213 5030 cxxavtt,
1243 4980 1385 5019 vers.
1416 4964 1448 5019 6
1483 4966 1602 5027 (seu
1634 4966 1713 5035 7).

396 5033 493 5103 ΞΟ)
532 5032 801 5087 Terribile.
836 5034 995 5088 Hebr.
1029 5052 1084 5097 ι,
1108 5035 1197 5089 51.

369 5104 490 5174 (21)
528 5105 779 5171 Arguam.
812 5104 954 5158 l'sal.
1002 5121 1151 5170 λιιι,
1199 5119 1341 5161 vers.
1381 5105 1453 5158 22
1499 5104 1617 5176 (seu
1648 5108 1764 5177 21).
1797 5108 1885 5163 Bi-

296 5176 410 5228 διεδ
437 5190 447 5221 :
477 5173 683 5228 ἐλέγξω
712 5190 791 5227 σε.

354 5191 410 5229 :a
437 5190 447 5221 :
477 5190 683 5239 ελεγςω
712 5190 791 5227 σε.

376 5192 410 5227 a
437 5192 447 5221 :
477 5192 683 5241 ελεγςω
712 5192 791 5227 σε.

370 5244 488 5317 (22)
517 5250 666 5317 ante.
689 5246 881 5317 _St-gtn.
916 5243 985 5298 88
1009 5261 1063 5299 α.

371 5313 489 5383 (25)
525 5314 641 5367 Ille.
681 5313 837 5369 Jotttt.
872 5330 984 5375 XVI,
1019 5318 1071 5369 8.

370 5388 489 5463 (24)
527 5384 689 5438 Tunc.
725 5387 845 5463 Aet.
872 5386 1062 5463 xtn,_9_
1084 5394 1135 5438 et
1162 5384 1249 5437 ll.
1276 5383 1429 5440 Sacri
1456 5389 1737 5457 scriptoris
1764 5403 1883 5442 vero

296 5457 362 5508 Ita
403 5458 452 5505 in
492 5457 868 5523 compendium
901 5458 1107 5525 redigit.

374 5526 489 5600 (‘25)
534 5525 745 5600 dianus.
782 5525 984 5600 Codex,
1024 5524 1080 5577 ut
1112 5524 1269 5600 solet,
1300 5530 1440 5599 χεῖρ,
1482 5544 1578 5596 pro
1601 5530 1740 5600 χείρ.

370 5599 484 5660 (26)
528 5596 844 5661 Stephanus.
874 5598 993 5648 Act.
1028 5612 1125 5667 ut,
1147 5596 1214 5648 55
1231 5609 1285 5648 et
1310 5596 1398 5650 56.
1434 5596 1661 5652 Sensum
1692 5596 1884 5667 'potius

297 5668 453 5719 alTvrt
487 5686 649 5733 quam
703 5673 885 5727 \‘rrbzt,
928 5666 1186 5720 mt'ittens
1218 5682 1277 5718 ea
1323 5684 1442 5734 qua:
1484 5671 1546 5721 ad
1606 5666 1716 5723 rent
1776 5686 1879 5722 non

300 5741 515 5791 Iactttltl.

1998 3258 2412 3313 incantamentis
2439 3256 2629 3319 dediti,
2663 3265 2716 3308 et
2746 3252 3081 3307 daemonibus
3106 3248 3446 3304 conﬁdentis.

2070 3436 2160 3493 XI.
2203 3436 2338 3503 Quia
2377 3436 2575 3490 virtute
2622 3445 2676 3488 et
2706 3433 2877 3504 gratia
2908 3431 3138 3501 Spiritus
3167 3429 3337 3483 sancti
3368 3428 3569 3482 factum

1994 3539 2099 3593 est,
2155 3538 2213 3583 ut
2261 3536 2529 3582 reseratas
2568 3528 2733 3581 caelos
2778 3527 3118 3593 conspiceret
3150 3520 3311 3592 205
3349 3522 3424 3590 is,
3477 3519 3570 3589 qui

1996 3619 2193 3689 duplici
2219 3634 2418 3675 corona
2457 3618 2738 3673 redimitus
2779 3625 2882 3679 est,
2917 3616 3251 3685 apostolatus
3276 3625 3332 3668 et
3362 3625 3569 3684 marty-

1999 3711 2084 3765 rii.
2128 3711 2218 3764 Ait
2263 3710 2406 3764 enim
2467 3709 2785 3777 Scriptura:
2823 3725 2841 3758 ι
2879 3705 3186 3776 Stephanus
3231 3703 3344 3773 (26)
3378 3704 3569 3774 plerms

1996 3802 2200 3871 Spiritu
2252 3811 2443 3857 sancto
2489 3800 2619 3854 vidit
2668 3798 2837 3854 caelos
2874 3807 3108 3867 apertos.
3141 3816 3160 3848 ι
3202 3797 3350 3849 Adeo
3392 3808 3448 3848 ut
3496 3795 3569 3855 de

1995 3894 2110 3965 ipso
2140 3909 2325 3949 verum
2355 3893 2513 3948 fuerit
2548 3893 2691 3961 quod
2730 3906 2760 3945 a
2791 3899 3003 3946 vetusto
3024 3899 3177 3960 poeta
3216 3887 3417 3943 dictum
3447 3899 3563 3944 est:

2029 4010 2079 4064 E
2103 4011 2229 4065 caelo
2260 4010 2373 4082 (27)
2401 4022 2574 4064 autem
2607 4010 2861 4063 discissus
2906 4020 2981 4062 eu
3016 4009 3300 4063 immensus
3341 4009 3525 4063 wtlter.

2066 4101 2178 4159 XII.
2213 4102 2348 4170 Quia
2410 4102 2625 4173 przescit
2663 4111 2723 4155 ut
2765 4100 2926 4156 Pater
2972 4108 3027 4154 et
3080 4099 3249 4155 Filius
3303 4117 3317 4154 :
3382 4101 3560 4153 futura

1992 4204 2170 4247 autem
2233 4192 2399 4263 probe
2457 4207 2637 4259 nosse,
2692 4192 2887 4247 divina:
2929 4192 3302 4247 tantummodo
3358 4201 3565 4245 natura}

1992 4296 2093 4341 est.
2131 4286 2399 4356 Quidquid
2451 4287 2595 4341 enim
2640 4301 2735 4356 per
2793 4285 3028 4354 seipsam
3088 4285 3373 4353 praenoscit
3411 4298 3566 4338 crea-

1993 4385 2137 4441 tura,
2194 4376 2248 4431 id
2295 4375 2620 4444 conjecturis
2663 4375 2821 4430 ducta
2879 4375 3203 4444 assequitur,
3233 4388 3297 4428 ac
3338 4373 3567 4443 profert,

1993 4478 2050 4523 et
2080 4469 2206 4524 illud
2261 4478 2463 4522 tantum
2494 4468 2871 4533 infallibiliter,
2912 4483 2973 4523 ac
2998 4468 3115 4522 sine
3144 4466 3252 4520 ullo
3291 4459 3568 4534 deceptio-

1996 4564 2078 4618 nis
2108 4562 2345 4632 periculo
2377 4562 2654 4631 praevidet,
2685 4560 2829 4630 quod
2875 4560 3044 4627 ipsam
3092 4558 3337 4612 docuerit
3389 4556 3565 4625 Spiri-

1996 4664 2081 4708 tus
2140 4667 2382 4709 sanctns.
2426 4652 2562 4706 Nam
2616 4651 2813 4707 divinis
2861 4650 2973 4705 suis
3028 4649 3194 4704 radiis
3236 4665 3342 4703 non
3390 4649 3568 4705 solum

1994 4742 2244 4799 cteIeStes
2274 4743 2586 4797 illuminans
2617 4742 2863 4807 virtutes,
2900 4740 2995 4795 sed
3034 4740 3200 4794 etiam
3255 4750 3565 4795 nostrarum

2054 4898 2166 4969 (‘27)
2206 4897 2252 4951 E
2291 4898 2438 4952 caelo.
2488 4894 2898 4969 [lentistichium
2932 4904 3028 4969 est_
3047 4891 3266 4947 Homeri
3298 4908 3364 4949 ex
3395 4891 3564 4969 Iliad.

1986 4962 2287 5033 cantﬁvnt,
2324 4983 2466 5022 vers.
2502 4965 2749 5022 554.Alii
2794 4964 2956 5018 etiam
2995 4963 3207 5030 Patres,
3239 4977 3360 5017 cum
3389 4962 3568 5032 profa-

1989 5056 2117 5094 num
2141 5040 2372 5108 aliquem
2400 5037 2827 5108 poetamcitant,
2870 5048 3013 5104 smpe
3030 5048 3261 5108 __nonte_n
3286 5034 3562 5108 omittunt.

1988 5109 2065 5163 Ita
2095 5103 2345 5165 Clemens
2391 5103 2807 5167 Alexandrinus,
2833 5103 3067 5173 exempli
3096 5104 3288 5173 gratia,
3336 5104 3470 5158 duos
3511 5104 3565 5159 in

1988 5178 2314 5245 Protreptico
2356 5193 2420 5231 ex
2458 5176 2714 5245 Euripide
2762 5190 2948 5229 versus
2995 5172 3267 5245 ederetis,
3306 5172 3564 5245 λέλεκται

1991 5243 2225 5321 (inquit)
2270 5247 2396 5321 τινί,
2427 5249 2478 5301 id
2511 5243 2613 5321 est,
2654 5260 2717 5297 ta
2746 5245 2976 5321 quodam
2999 5243 3209 5321 ⁸ιὶίιξέιιιιι
3244 5243 3362 5297 fuit.
3390 5262 3432 5321 ρ-
3458 5244 3565 5321 βχ-

1991 5312 2141 5373 rillus
2166 5312 2290 5372 vero
2317 5318 2712 5371 Alexandrinus
2739 5314 2952 5383 dialogo
2994 5313 3017 5368 1
3070 5314 3146 5368 De
3170 5322 3352 5367 sancta
3389 5312 3566 5366 Trini-

1989 5399 2094 5443 tatc
2135 5388 2411 5457 proferens
2462 5386 2893 5457 exAlliatl.c‘ant.
2940 5400 3095 5449 xvm,
3150 5400 3288 5457 vers.
3352 5383 3452 5438 I04
3489 5397 3563 5457 ea

1988 5453 2170 5521 verba,
2197 5457 2419 5510 ἐτώσιον
2457 5454 2620 5525 ἄχθος
2655 5454 2915 5527 ἀρούρης,
2959 5470 3079 5527 qua:
3118 5457 3185 5508 ab
3226 5453 3562 5527 lloratto’ita

1986 5544 2245 5583 Conversa
2306 5540 2465 5588 sunt,
2497 5524 2553 5569 ίίσ
2602 5524 2808 5581 telluris
2850 5524 3040 5580 inutile
3090 5528 3298 5594 pondus
3322 5564 3336 5587 ,
3365 5541 3385 5575 ι
3409 5593 3412 5594 ν
3439 5524 3565 5594 hac

1987 5601 2153 5650 tttitur
2182 5598 2481 5651 locutione:
2507 5596 2774 5666 Καθάπερ
2794 5612 2876 5659 τις
2905 5595 3009 5665 ἔφη
3039 5595 3146 5666 τῶν
3174 5594 3302 5663 παρ’
3337 5593 3565 5662 Ἕλλησι

1986 5668 2243 5738 ποιητῶν,
2285 5669 2334 5721 id
2377 5678 2459 5720 est
2493 5686 2509 5716 ι
2545 5669 2693 5738 διε-ιιι
2724 5664 2942 5738 quidam
2983 5664 3058 5719 ait
3089 5664 3397 5719 Graecorum
3436 5678 3563 5732 poe-

1926 5787 1943 5804 ,
1985 5736 2179 5793 turum.
2210 5760 2227 5789 ι
2268 5738 2393 5793 νιιιυ
2419 5750 2531 5791 not.
2564 5737 2652 5798 50,
2685 5754 2803 5805 pug.
2832 5736 2919 5790 (39.
