4082 6406
565 321 669 375 599

1805 319 2039 375 DiDYMl
2079 322 2545 379 ALEXANDRINI
2569 341 2572 344 ί

3682 321 3772 378 (5οθ

565 435 862 488 animarum
923 433 1108 485 oculos
1162 421 1460 496 illustrans,
1494 433 1722 488 diversis
1769 449 1910 504 saepe
1959 437 2130 490 modis

2248 456 2293 491 ιε
2329 439 2584 503 πολλάκις
2616 439 2886 510 διαφόρως
2939 437 3008 490 τὰ
3037 437 3130 508 [94
3156 436 3212 507 α]
3240 435 3516 507 μέλλοντα,
3547 439 3634 491 καί
3661 456 3775 507 συγ-

561 529 798 599 suggerit
828 526 940 597 (28)
992 527 1192 589 futura,
1224 526 1370 580 etob
1407 528 1675 596 propriam
1728 527 2017 583 bonitatem
2077 540 2132 584 et

562 619 951 688 benignitatem
1002 617 1271 681 concedit,
1330 628 1390 671 ut
1435 629 1680 672 creatura
1732 620 2020 690 aliquando
2067 636 2130 675 ea

561 726 679 778 qum
731 713 979 764 humana}
1009 721 1217 765 natura:
1247 710 1602 764 conducibilia
1647 720 1770 766 sunt
1827 724 1989 781 atque
2026 716 2132 768 uti-

564 804 654 863 lia.
681 802 961 870 eloquatur
992 819 1006 855 :
1055 817 1173 870 qua:
1219 803 1432 870 quidem
1463 801 1732 856 interdum
1781 819 1884 859 non
1939 805 2010 868 ei,
2039 806 2129 872 qui

563 908 659 960 per
697 902 1003 948 creaturam
1065 893 1352 957 concessit,
1413 897 1506 948 sed
1557 894 1657 962 ipsi
1704 893 1815 964 (‘29)
1871 907 2133 952 creatura}

563 995 782 1053 accepta
816 984 978 1038 refert
1008 983 1119 1055 (30)
1151 985 1442 1039 materialis
1485 997 1669 1040 nostra
1704 998 1924 1045 natura.
1957 989 2133 1044 Testi-

564 1077 741 1129 mooia
775 1090 903 1129 vero
938 1075 1003 1128 de
1064 1075 1396 1143 praescientia
1440 1076 1673 1145 Spiritus
1709 1093 1778 1133 ex
1827 1080 2134 1148 apostolicis

564 1167 716 1220 Actis
753 1171 1056 1233 desumpta,
1102 1167 1216 1220 haec
1269 1176 1414 1242 sunt.
1465 1167 1541 1220 Ex
1595 1183 1821 1236 persona
1868 1169 2011 1225 Petri
2069 1173 2134 1226 ad

565 1256 779 1312 Iudaeos
809 1277 822 1311 :
864 1277 882 1309 ι
924 1258 1031 1312 Viri
1066 1257 1175 1329 (51)
1210 1257 1428 1325 fratres,
1454 1260 1736 1330 oportebat
1763 1263 1968 1330 impleri
1991 1262 2134 1318 Scri-

566 1361 777 1418 pturam
835 1350 972 1425 (32),
1022 1366 1180 1421 quant
1227 1351 1473 1420 prmdixit
1508 1351 1746 1422 Spiritus
1779 1363 1994 1408 sanctus
2044 1369 2138 1422 per

567 1458 628 1496 os
665 1441 831 1494 David
865 1443 931 1494 de
981 1441 1141 1502 Juda,
1194 1444 1282 1508 qui
1316 1442 1491 1497 factus
1544 1452 1626 1496 est
1653 1443 1758 1496 dux
1792 1458 1976 1497 eorum
2002 1445 2133 1514 (55),

567 1532 657 1599 qui
692 1534 1220 1601 comprehenderunt
1253 1532 1458 1589 Jesum.
1499 1554 1516 1587 ι
1559 1533 1726 1589 Recte
1775 1544 1952 1589 autem
1977 1535 2136 1599 dixit,

573 1641 591 1672 ι
629 1624 958 1693 oportebat;
1027 1643 1046 1676 ι
1101 1639 1224 1677 nam
1287 1625 1454 1678 solius
1503 1625 1594 1678 Dei
1653 1639 1832 1680 sermo
1892 1625 2014 1680 talis
2056 1635 2138 1681 est

567 1713 765 1774 Otllltis,
807 1722 1009 1766 utnon
1043 1713 1300 1782 compleri
1352 1730 1457 1768 non
1510 1715 1699 1784 po:sit.
1756 1714 1821 1768 Et
1868 1716 2028 1787 206
2071 1733 2136 1771 ex

568 1817 797 1871 persona
835 1802 984 1856 Pauli
1022 1821 1037 1859 :
1077 1821 1095 1854 ι
1139 1805 1370 1874 Spiritus
1394 1805 1506 1875 ('54)
1534 1817 1750 1861 sanctus
1784 1823 1879 1877 per
1903 1808 2140 1878 singulas

570 1895 813 1950 civitates
877 1896 1004 1950 mihi
1047 1905 1375 1965 protestatur
1437 1897 1666 1961 dicens,
1731 1897 1872 1967 quod
1927 1898 2138 1953 vincula

567 1995 623 2039 et
649 1985 1020 2040 tribulationes
1055 2000 1138 2040 me
1170 1997 1406 2041 manent.
1446 2005 1464 2038 ι
1534 1985 1634 2040 Per
1665 1989 1981 2056 prophetam
2012 2002 2139 2043 vero

570 2077 813 2144 Agabum
865 2074 1121 2131 frumenti
1159 2086 1456 2147 egestatem
1493 2077 1606 2147 (55)
1635 2078 1686 2131 in
1725 2087 1864 2132 terra
1911 2079 1983 2133 ob
2038 2080 2138 2134 ho-

573 2166 773 2220 minum
824 2167 1013 2221 delicta
1077 2166 1310 2222 futuram
1364 2169 1745 2239 prtenuntiavit
1788 2167 1901 2241 (56)
1956 2179 2142 2239 utpote

571 2258 763 2323 bonus,
807 2259 949 2314 sicut
1007 2259 1210 2314 fecerat
1257 2261 1416 2315 etiam
1467 2261 1518 2314 in
1577 2260 1787 2326 Ninive,
1840 2270 1900 2316 ut
1939 2262 2145 2317 scilicet

576 2351 762 2413 timore
781 2349 1030 2418 perculsi,
1059 2365 1153 2418 per
1191 2351 1562 2419 ptenitentiam
1592 2351 1789 2405 malum
1827 2351 2142 2423 effugerent.

577 2436 807 2506 Contigit
847 2453 973 2493 vero
1013 2453 1074 2492 ea
1143 2439 1313 2496 fames
1358 2438 1527 2494 multo
1575 2451 1693 2510 post
1747 2449 1989 2510 tempore
2046 2442 2145 2496 sub

2171 1775 2282 1874 Βψ

2235 532 2418 600 χωρεῖ,
2438 529 2503 584 δι’
2529 531 2734 584 οἰκείαν
2778 529 3092 599 ἁγαθότητα
3145 529 3240 580 καὶ
3279 526 3688 600 φιλανθρωπίαν,
3717 531 3775 582 τὰ

2234 623 2370 692 πρὸς
2397 624 2456 677 τὸ
2502 624 2771 694 χρήσιμον
2818 618 3168 674 συντελοῦντα
3217 621 3283 690 τῇ
3314 617 3615 690 ἀνθρωπεία
3637 619 3776 688 φύσει

2234 713 2476 782 ἐκλέγειν
2521 713 2653 765 ποτὲ
2697 711 2794 783 τὴν
2831 710 3006 764 κτίσιν
3031 724 3044 738 °
3091 708 3232 780 ἅπερ
3289 707 3400 761 ἔσθ’
3429 709 3572 778 ὅτεή
3619 707 3778 771 ἐνυλος

2233 800 2389 870 ἡμῶν
2411 800 2592 868 φύσις,
2632 799 2693 852 οὐ
2725 798 2802 869 τῷ
2835 798 3202 869 χορηγήσαντι
3251 796 3340 850 διὰ
3364 797 3528 868 μέσης
3563 799 3652 867 τῆς
3681 797 3779 851 κτί-

2237 907 2393 956 σεως,
2424 891 2538 943 ἀλλ’
2583 891 2717 962 αὐτῇ
2750 890 3062 959 ἐπιγράφει.
3092 873 3159 942 At
3183 888 3239 942 δὲ
3277 891 3404 960 περὶ
3435 889 3530 959 τῆς
3552 886 3777 958 προγνώ-

2237 997 2372 1043 σεως
2397 978 2490 1032 τοῦ
2517 978 2827 1050 Πνεύματος
2876 978 2984 1031 ἀπὸ
3010 978 3116 1030 τῶν
3148 976 3514 1031 ἀποσωλικῶν
3549 977 3779 1048 Πράξεων

2239 1071 2531 1141 μαρτυρίαι
2561 1072 2696 1123 εἰσιν
2741 1072 2797 1122 ὲν
2827 1071 3058 1133 τούτοις.
3104 1067 3236 1121 Ἀπὸ
3290 1068 3382 1122 τοῦ
3435 1060 3632 1140 Πέτρου
3661 1069 3780 1138 πρὸς

2235 1163 2362 1225 τοὺς
2395 1163 2684 1224 Ἰουδαίους
2706 1149 2737 1191 ἠ
2759 1180 2776 1213 ι
2806 1161 3030 1232 ’Ἄνδρες
3059 1159 3295 1228 ἀδελφοὶ,
3328 1159 3432 1213 ἔδει
3456 1159 3780 1231 πληρωθῆναι

2236 1253 2332 1324 τὴν
2363 1254 2602 1325 Γραφὴν,
2669 1255 2736 1323 ἣν
2786 1257 3008 1326 προεῖπε
3079 1253 3139 1307 τὸ
3179 1251 3401 1322 Πνεῦμα
3444 1251 3504 1304 τὸ
3536 1251 3678 1319 ἅγιον
3707 1251 3782 1304 διὰ

2240 1348 2506 1414 στόματος
2559 1345 2721 1398 Δαυῒδ
2755 1346 2881 1416 περὶ
2919 1345 3105 1410 Ἰούδα,
3155 1345 3246 1398 τοῦ
3299 1343 3582 1415 γενομένου
3609 1341 3780 1415 ὁδηγοῦ

2237 1436 2346 1489 τῶν
2410 1435 2778 1490 συλλαϐόντων
2839 1437 3060 1506 Ἰησοῦν.
3125 1457 3143 1487 ι
3203 1432 3277 1490 Εὖ
3336 1435 3511 1489 τοίνυν
3554 1431 3667 1488 εἷπε
3710 1436 3780 1499 τὸ,

2245 1545 2261 1575 ι
2284 1526 2390 1579 ἔδει
2409 1544 2423 1558 θ
2451 1546 2468 1577 ι
2501 1526 2637 1580 Θεοῦ
2673 1528 2780 1598 γὰρ
2806 1527 2966 1597 μόνου
2996 1530 3102 1591 πᾶς
3122 1526 3410 1596 λόγοςμούκ
3437 1528 3780 1598 ἀτελεύτητος.

2239 1618 2347 1671 Καὶ
2385 1619 2492 1671 ἀπὸ
2524 1618 2616 1672 τοῦ
2649 1619 2865 1672 Παύλου
2891 1636 2902 1647 ⁸
2945 1639 2962 1670 ι
2993 1621 3065 1672 Τὸ
3125 1619 3346 1691 Πνεῦμα
3389 1620 3450 1673 τὸ
3480 1620 3626 1689 ἅγιον
3662 1619 3785 1673 κατὰ

2243 1712 2396 1764 πόλιν
2429 1712 2860 1784 διαμαρτύρεταί
2919 1731 2985 1783 με
3036 1713 3210 1782 λέγον,
3261 1713 3340 1765 ὅτι
3379 1711 3551 1784 δεσμὰ
3580 1713 3667 1766 καὶ
3695 1712 3788 1766 θλίο

2286 1822 2364 1866 εις
2397 1821 2463 1875 με
2488 1805 2754 1874 μένουσιν.
2789 1824 2806 1857 ι
2841 1806 2950 1858 Καὶ
2998 1805 3084 1859 διὰ
3113 1804 3206 1858 τοῦ
3240 1807 3515 1876 προφήτου
3553 1805 3608 1858 δὲ
3644 1805 3786 1872 Ἀγά-

2245 1896 2362 1960 6ου,
2393 1896 2652 1950 σιτοδείαν
2682 1896 2944 1967 ἐσομένην
2963 1899 3035 1966 ’τῇ
3065 1898 3154 1949 ὑπ’
3181 1897 3428 1968 οὐρανὸν,
3478 1896 3564 1950 διὰ
3589 1895 3677 1958 τὰς
3704 1895 3786 1948 ἀν-

2246 1988 2477 2061 θρώπων
2500 1987 2893 2057 πλημμελείας,
2929 1990 3327 2059 προεμήνυσεν,
3359 1989 3434 2052 ὡς
3456 1986 3667 2056 ἀγαθὸς,
3699 2003 3786 2038 κα-

2243 2079 2312 2132 θὰ
2338 2081 2432 2133 καὶ
2474 2079 2564 2130 ἐπὶ
2593 2079 2690 2148 τῆς
2716 2079 2764 2130 Ν
2772 2080 2917 2149 ινευῆ
2938 2095 2953 2109 ⁸
2983 2078 3059 2142 ὡς
3110 2078 3174 2132 ἂν
3205 2078 3608 2149 εὐλαὸηθέντες,
3646 2091 3789 2147 μετα-

2242 2171 2359 2240 νοίᾳ
2395 2169 2614 2238 φύγοιεν
2661 2170 2721 2222 τὸ
2781 2171 2969 2223 κακόν.
3006 2171 3163 2232 "li-ct;
3211 2171 3305 2225 καὶ
3355 2170 3551 2240 συνέϐη
3603 2167 3790 2229 πολλοῖς

2247 2261 2468 2332 ὕστερον
2495 2260 2705 2331 χρόνοις
2727 2262 2817 2312 ἐπὶ
2864 2260 3149 2313 Κλαυδίου.
3187 2261 3296 2313 Καὶ
3327 2262 3387 2314 ὲν
3417 2258 3716 2328 Εὐαγγελίῳ
3741 2256 3790 2309 δὲ

2245 2351 2274 2403 ὁ
2306 2351 2536 2421 Χριστὸς
2565 2351 2692 2421 περ).
2725 2348 2818 2402 τοῦ
2867 2350 3178 2421 Πνεύματός
3217 2367 3379 2421 φησιν
3399 2367 3414 2380 °
3468 2371 3485 2401 ι
3509 2349 3614 2402 Καὶ
3631 2347 3693 2401 τὰ
3716 2349 3792 2416 ἐρ-

2248 2443 2450 2513 χόμενα
2473 2442 2762 2510 ἀναγγελεῖ
2798 2443 2925 2512 ὑμῖν
2945 2459 2958 2472 '
2988 2461 3007 2495 ι
3054 2443 3197 2496 τοῦτ’
3255 2442 3388 2507 ἐστι,
3437 2441 3505 2496 τὰ
3538 2441 3790 2510 μέλλοντα.

575 2528 811 2584 Claudio.
841 2531 978 2598 Quin
1011 2534 1242 2588 etiamin
1268 2534 1556 2606 Evangelia
1585 2536 1830 2592 Christus
1864 2538 1931 2592 de
1960 2536 2164 2608 Spiritu
2211 2541 2280 2592 ait
2308 2554 2321 2591 :
2369 2558 2387 2589 ι
2431 2539 2495 2593 Ει
2527 2554 2646 2607 qua:
2674 2539 2787 2610 (57)
2820 2540 3063 2602 veniunt,
3093 2539 3439 2594 annuntiabit
3477 2537 3661 2600 vobis;
3702 2553 3718 2589 ι
3747 2533 3791 2587 id

576 2629 679 2684 est,
713 2636 833 2690 quae
863 2622 1039 2678 futura
1075 2634 1218 2678 sunt.

1204 2712 1354 2768 CAP.
1399 2713 1530 2769 Vlll.

580 2803 650 2857 De
687 2807 1033 2872 prwscientia,
1086 2815 1134 2875 et
1185 2815 1470 2870 potestate,
1524 2822 1680 2874 quam
1738 2823 1828 2875 per
1886 2823 1940 2862 se
1993 2809 2144 2863 habet

1102 2874 1333 2944 Spiritus
1383 2887 1614 2929 sanctus.

645 2964 776 3021 Post
805 2967 1040 3020 divinam
1074 2981 1235 3035 porro
1267 2965 1507 3034 Spiritus
1550 2966 1644 3020 Dei
1681 2976 1950 3034 naturam,
1981 2978 2145 3038 atque

578 3057 873 3126 energiam,
908 3059 1021 3112 sive
1043 3059 1432 3125 operationem,
1459 3057 1900 3116 manifestissime
1927 3062 2144 3115 omnino

2891 2716 3047 2772 ΚΕΦ.
3082 2717 3162 2768 H'.

2247 2808 2386 2876 Περὶ
2423 2805 2530 2872 τῆς
2558 2807 2946 2874 προγνώσεως
2997 2806 3094 2859 καὶ
3140 2806 3672 2872 αὐτεξουσιότητος
3703 2798 3794 2854 τοῦ

2748 2877 2920 2946 ἁγίου
2951 2878 3310 2946 ΙΙνεύματος.
3364 2889 3373 2892 “

2317 2968 2470 3021 Μετὰ
2491 2967 2554 3037 δὴ
2586 2967 2682 3038 τὴν
2721 2967 2871 3019 Θείαν
2905 2967 3065 3036 φύσιν
3093 2967 3186 3018 καὶ
3215 2965 3499 3034 ἐνέργειαν
3531 2961 3619 3015 τοῦ
3650 2958 3796 3014 Πνεῦ-

2250 3076 2416 3130 ματος
2447 3058 2538 3111 τοῦ
2560 3058 2714 3124 Θεοῦ,
2737 3058 3073 3129 τρανέστατα
3127 3056 3316 3127 κομιδῆ
3357 3055 3488 3125 περὶ
3510 3055 3604 3123 τῆς
3631 3049 3796 3113 αὐτεξ-

579 3151 970 3212 auctoritatem,
1007 3164 1166 3214 quam
1193 3164 1289 3218 per
1327 3164 1389 3205 se
1435 3150 1550 3218 ipse
1585 3151 1765 3214 habet,
1801 3161 1855 3206 et
1900 3153 2142 3207 volunta-

2248 3152 2551 3222 ουσιότητος
2579 3152 2740 3204 αὑτοῦ
2792 3151 2884 3202 καὶ
2915 3149 3215 3202 ὲΟελουσίου
3271 3149 3530 3218 διανομῆς
3559 3147 3622 3200 τὰ
3660 3145 3795 3212 λόγια

583 3240 715 3294 riam
772 3241 888 3309 ejus
955 3240 1390 3295 distributionem
1455 3240 1863 3310 Scripturarum
1927 3244 2147 3300 oracula

582 3343 880 3402 exponunt.

648 3421 690 3475 Ι.
727 3422 861 3488 Quia
900 3438 1007 3477 non
1047 3431 1104 3476 ut
1133 3423 1400 3487 minister,
1440 3424 1532 3478 sed
1562 3424 1777 3493 propria
1823 3424 2145 3479 auctoritate

581 3513 758 3566 tritinia
816 3513 965 3578 facit,
1004 3520 1078 3575 et,
1130 3523 1288 3582 prout
1339 3513 1477 3576 vult,
1527 3513 1898 3568 subministrat
1962 3514 2145 3568 chari-

484 3617 492 3622 '
582 3621 775 3667 sumta,
809 3615 1155 3676 quotcunque
1194 3605 1504 3669 inetl‘abilis,
1542 3615 1597 3659 et
1655 3606 2147 3675 supersubstantia-

584 3696 665 3761 lis,
702 3706 754 3750 et
787 3699 941 3751 unica
987 3697 1207 3766 largitur
1261 3708 1454 3752 natura
1489 3716 1503 3752 :
1538 3709 1592 3753 et
1620 3715 1954 3768 quaecunque
2011 3701 2148 3766 vult,

654 3853 767 3923 (‘28)
818 3852 1080 3922 Suggerit.
1165 3851 1220 3906 ln
1280 3852 1504 3914 Grzeco.
1574 3852 1940 3907 ὑποδείκνυσι.
2021 3853 2186 3906 Solit-

585 3935 761 3976 autent
821 3939 909 3990 qut
954 3935 1229 3984 censeant,
1270 3925 1665 3991 prmpOsitionis
1713 3923 1817 3974 ὑπό
1879 3938 1998 3977 eam
2039 3937 2159 3976 esse

587 3993 638 4044 in
708 3995 1096 4058 compositione
1143 3995 1290 4055 vim,
1340 4004 1398 4045 ut.
1443 4009 1595 4058 aeque
1647 3993 1819 4046 valeat
1865 3993 2155 4054 interdum,

585 4073 749 4146 atque
780 4062 984 4146 πρόηξιί
1013 4071 1094 4141 est
1114 4079 1143 4146 ‘C
1163 4073 1306 4146 ante.
1335 4081 1353 4113 ι
1376 4063 1458 4140 ~Ita
1486 4062 1900 4146 Phaiorinus‘in
1930 4062 2153 4146 Lexilco:

595 4129 879 4184 ’Υπειπεῖν
919 4131 1143 4201 (inquit)
1162 4130 1284 4201 ἀντὶ
1310 4131 1404 4184 τοῦ
1432 4133 1730 4201 προειπεῖν,
1751 4131 1843 4183 καὶ
1869 4129 2156 4184 ὑπολαϐών

585 4203 705 4255 ἀντὶ
760 4201 855 4253 τοῦ
904 4199 1208 4271 προλαϐών.
1261 4200 1339 4255 Ac
1395 4199 1523 4253 sane
1570 4201 1904 4252 commodius
1958 4202 2008 4253 in
2055 4203 2155 4254 hoc

591 4273 798 4342 Didymi
835 4273 951 4325 loco
980 4281 1298 4342 verteretur,
1352 4288 1370 4321 ι
1392 4279 1793 4342 praemonstrat,
1819 4284 1971 4342 rqno
1994 4273 2150 4323 modo

586 4339 802 4396 vertunt
843 4342 1052 4411 vulgata
1099 4339 1329 4411 Leyden,
1369 4356 1542 4411 quam
1591 4357 1610 4389 ι
1645 4341 1988 4411 subimlicat;
2017 4359 2034 4391 ι
2097 4351 2154 4411 ut

588 4408 959 4479 perspicuunf
991 4417 1089 4464 est.
1151 4409 1346 4479 Verum
1387 4408 1546 4462 haud
1607 4408 1752 4479 scio,
1795 4423 1862 4462 an
1919 4409 1972 4479 id
2010 4410 2150 4476 quod

2252 3243 2604 3310 διαλέγονται.

2321 3421 2399 3473 Α’.
2433 3421 2553 3474 Ὅτι
2601 3420 2661 3472 ού
2711 3419 3050 3482 διακονικῶς,
3096 3419 3208 3472 ἀλλ’
3241 3418 3593 3481 αύΘεντικῶς,
3645 3414 3799 3468 πάντα

2253 3513 2393 3564 ποιεῖ
2446 3512 2538 3564 καὶ
2563 3510 2812 3581 παρέχει,
2839 3510 3020 3573 καθὼς
3052 3511 3316 3580 βούλεται,
3367 3510 3440 3563 τὰ
3489 3507 3798 3580 χαρίσματα,

2254 3605 2458 3672 ὅσαπερ
2501 3604 2567 3658 ἂν
2605 3604 2961 3674 ήᾶφραστος,
3025 3603 3116 3656 καὶ⁹
3166 3602 3508 3674 ύπερούσιος,
3562 3599 3650 3674 καὶ
3684 3595 3798 3667 μόνη

2256 3699 2540 3769 χαρίσαιτο
2572 3697 2765 3765 φύσις·
2821 3697 2914 3750 καὶ
2963 3697 3172 3765 ἐνεργεῖ
3215 3695 3315 3748 ὅσα
3360 3694 3557 3759 ὲοέλει,
3590 3689 3678 3745 καὶ
3697 3685 3802 3738 πνεῖ

2258 3863 2367 3903 Ilol.
2413 3852 2460 3913 Ι,
2493 3866 2612 3919 pag.
2651 3850 2739 3903 ‘25.
2796 3848 3058 3903 Praeterea
3107 3864 3200 3918 pro
3236 3850 3517 3915 «impleri,
3569 3868 3586 3900 ι
3637 3844 3795 3919 habet,

2263 3939 2281 3971 ι
2307 3914 2574 3988 compleri
2612 3939 2629 3972 ι
2662 3937 2673 3972 :
2712 3930 2765 3972 et
2811 3935 2908 3987 pro
2968 3920 2986 3968 ι
3025 3914 3262 3980 locutus,
3290 3937 3308 3969 ι
3361 3914 3534 3972 liabet
3593 3936 3611 3967 ι
3636 3914 3802 3988 pra-lo-

2255 3985 2443 4045 cutus.
2462 4009 2480 4041 ι
2509 3988 2615 4042 Vox
2637 4005 2760 4042 vero
2785 3985 2891 4048 illa,
2919 4007 2937 4035 ι
2969 3989 3017 4042 id
3046 3999 3150 4049 est.
3179 4009 3197 4040 υ
3231 3989 3665 4042 ibidesideratur.
3690 3985 3800 4048 Qua:

2257 4061 2457 4113 codicis
2490 4061 2654 4111 nostri
2689 4057 2943 4113 lectiones
2973 4059 3098 4112 mihi
3123 4060 3335 4128 quidem
3367 4059 3540 4126 magis
3562 4057 3797 4128 arrident,

2257 4143 2416 4198 quam
2458 4129 2701 4194 vulgate.
2753 4129 2988 4182 Numero
3017 4123 3194 4182 auteiu
3223 4129 3292 4183 29
3321 4123 3559 4198 ejusdem
3594 4127 3705 4180 libri
3733 4123 3801 4198 sic

2261 4190 2442 4252 rursus
2512 4190 2737 4251 ali'ertnr
2814 4201 2915 4251 iste
2984 4199 3277 4255 versiculus
3317 4190 3453 4252 {Et
3511 4197 3696 4250 Petrus
3745 4190 3802 4244 ad

2259 4278 2537 4337 consortes
2566 4269 2684 4322 tidei
2725 4269 2962 4337 loquitur
2995 4284 3009 4319 :
3047 4287 3066 4337 ι
3095 4270 3390 4336 Oportebat
3425 4268 3628 4336 impleri
3657 4263 3796 4335 [cod.

2259 4350 2432 4390 noster
2465 4354 2481 4390 :
2509 4335 2729 4406 Oportet
2767 4335 3058 4408 compleri]
3099 4335 3456 4408 scripturam,
3491 4335 3648 4406 quam
3682 4346 3802 4402 pra:-

2258 4409 2412 4471 dixit,
2441 4427 2458 4458 ι
2499 4420 2551 4459 et
2578 4408 2801 4474 reliqua.
2906 4406 2915 4414 ’

586 4467 920 4535 Phavorinus
984 4481 1094 4544 ait,
1161 4478 1271 4533 ullo
1324 4489 1472 4533 certo
1537 4467 1782 4548 exetnplo
1845 4467 2156 4532 confirmari
2189 4487 2234 4542 1)
2332 4467 2440 4547 (59.)
2482 4467 2830 4548 Sc'rt'ptui'um.
2872 4477 3056 4534 Graeca
3098 4478 3263 4532 editio
3315 4477 3468 4548 addit
3507 4473 3723 4543 ταύτην,
3757 4467 3804 4522 id

587 4560 769 4602 oueat.

603 4565 769 4688 '"feasii
822 4619 953 4684 Ipsi.
1004 4618 1203 4678 Codex.
1257 4619 1418 4688 αὐτή.
1469 4618 1635 4688 Lego,
1673 4619 1832 4688 αὐτῇ.
1871 4617 1982 4671 Nisi
2037 4618 2160 4686 quis

589 4689 759 4758 tttalit,
791 4690 952 4758 αὐτῇ,
981 4690 1031 4741 id
1059 4698 1150 4758 est
1176 4706 1194 4738 ι
1216 4689 1312 4742 sibi
1341 4688 1463 4758 ipsi.
1499 4706 1518 4738 ι

662 4757 770 4877 (502
816 4757 1037 4824 Accepta
1068 4757 1243 4826 refert.
1291 4759 1347 4812 In
1393 4757 1599 4823 Graeco,
1641 4757 1954 4830 ἐπιγράφει.
1996 4757 2132 4810 Nimi

662 4844 708 4877 Ill
775 4830 1067 4877 πιγοαωεῖε
1107 4827 1446 4877 dicebantur.
1487 4827 1575 4877 aui
1619 4829 1687 4877 τὰ
1726 4827 2048 4877 ὀφειλόμενα
2075 4830 2132 4877 ὲα

590 4844 708 4898 rum
744 4827 1067 4898 ὲπιγρᾳφεῖς
1107 4827 1452 4898 dicebantur.
1484 4827 1575 4898 qui
1619 4829 1687 4881 τὰ
1726 4827 2048 4898 ὀφειλόμενα
2075 4830 2159 4896 ἐφ’

591 4897 818 4968 ἑκάστου
845 4897 1059 4967 ἑκάστῳ
1087 4897 1420 4968 ἐπέγραφον,
1446 4897 1500 4953 id
1528 4909 1629 4962 est,
1667 4915 1684 4948 ι
1709 4899 1800 4965 qui
1830 4897 2158 4963 singulormu

589 4967 772 5021 debita
807 4969 1152 5021 adnotabant.
1190 4986 1206 5017 ›

659 5037 772 5109 (51)
825 5036 1226 5109 Yiri.__Act.__t,
1262 5037 1366 5109 A16.
1410 5037 1662 5109 Primam
1699 5035 2160 5109 hujusgversiculi

588 5105 796 5174 partem
824 5107 902 5161 sic
933 5105 1086 5178 aﬂ'ert
1110 5105 1414 5178 Tkheologus
1444 5117 1624 5178 noster
1649 5107 1701 5158 in
1733 5105 1829 5161 lib.
1859 5107 1935 5160 De
1955 5107 2160 5173 Spiritu

587 5185 794 5239 sancto,
821 5192 948 5230 num
1000 5177 1034 5230 '5
1070 5194 1087 5237 ;
1141 5175 1341 5231 Petrus
1356 5191 1568 5246 quoque
1597 5177 1650 5242 in
1675 5190 1739 5229 eo
1760 5189 2030 5239 sermone,
2055 5193 2161 5245 quo

588 5247 943 5310 praesentibus
1007 5247 1364 5316 persuadebat
1410 5271 1421 5303 :
1480 5266 1499 5298 ι
1535 5246 1896 5314 Oportuerat,
1935 5248 2159 5316 inquit,

590 5316 800 5386 impleri
869 5314 1227 5386 scripturam,
1295 5331 1456 5384 quam
1526 5316 1736 5386 locutus
1787 5325 1881 5369 est
1926 5314 2160 5386 Spiritus

586 5395 856 5457 sanctus”
892 5385 956 5457 id_
971 5397 1072 5452 est,
1095 5386 1162 5457 τὸί
1184 5387 1408 5457 Πνεῦμα
1441 5386 1503 5439 τὸ
1529 5385 1705 5454 ἆγιον,
1732 5407 1757 5436 ι
1779 5401 1872 5457 per
1904 5400 1968 5457 os
1995 5385 2161 5439 David

587 5457 653 5508 de
686 5455 842 5510 Juda.
877 5475 894 5506 ι
941 5454 1014 5509 Ita
1039 5456 1169 5510 editi
1199 5454 1364 5510 libri':
1399 5458 1568 5511 nostri
1594 5469 1720 5509 vero
1745 5455 1944 5508 codicis
1973 5469 2162 5509 exara-

589 5534 672 5577 tor
715 5542 836 5578 cum
885 5527 1189 5595 scripsisset
1244 5541 1467 5590 vocem,
1529 5525 1970 5595 «prgsentibus,
2027 5543 2046 5576 ι
2106 5525 2163 5577 in

588 5597 831 5664 margine
862 5594 1190 5659 emendavit,
1251 5613 1270 5645 ι
1298 5597 1558 5664 patribus.
1581 5615 1600 5647 ι
1635 5594 1770 5648 Tum
1803 5609 1921 5663 pro,
1956 5613 1974 5645 ι
2003 5609 2162 5663 opor-

591 5676 785 5726 tuerat,
820 5685 838 5715 ι
888 5665 1066 5727 habet,
1112 5685 1129 5716 ι
1154 5677 1368 5734 oportet
1388 5685 1405 5716 ι
1433 5682 1447 5718 :
1474 5666 1546 5717 ita
1577 5667 1717 5719 enim
1742 5666 1968 5734 verbum
2030 5664 2156 5725 ἔδει,

591 5748 679 5789 aut
731 5735 1025 5806 προσῆκεν,
1060 5733 1345 5805 aliquando
1391 5736 1672 5804 accipitur.
1713 5733 1844 5790 Vide
1888 5750 2007 5803 qum
2046 5735 2157 5789 dixi

2259 4545 2350 4603 est
2379 4566 2397 4597 ι
2425 4545 2588 4601 hanc.
2625 4565 2644 4598 ι
2668 4546 2792 4616 Sed
2820 4563 2936 4601 eam
2967 4563 3150 4604 vocem
3181 4562 3354 4616 neque
3380 4545 3534 4616 Vulg.
3565 4550 3806 4616 interprgs

2263 4616 2408 4688 legit,
2454 4633 2623 4684 neque
2665 4615 2920 4687 Didymus
2949 4621 3062 4688 ipse
3093 4619 3144 4672 in
3175 4608 3350 4671 allatis
3392 4608 3575 4672 verbis
3620 4615 3706 4666 lib.
3740 4608 3805 4662 De

2263 4685 2468 4753 Spiritu
2495 4698 2697 4743 sancto.
2769 4685 2780 4687 ἡ
2970 4685 2982 4688 “
3027 4692 3047 4709 ·’

2331 4757 2441 4826 (55)
2476 4754 2692 4820 Eorum,
2729 4767 2833 4810 etc.
2870 4757 3052 4812 Gt'aaca
3100 4757 3284 4818 editio,
3327 4759 3442 4819 τοῖς
3482 4750 3804 4808 συλλαϐοὗσι.

2264 4824 2648 4897 vulgatusint.
2685 4827 2893 4880 videtur
2925 4829 3120 4897 legisse
3147 4839 3204 4879 ut
3237 4827 3517 4897 Didymus.

2333 4895 2445 4964 (54)
2496 4893 2741 4961 Spiritus.
2789 4899 2907 4950 Act.
2955 4893 3048 4957 x’x.
3095 4897 3185 4950 25.
3236 4893 3424 4951 Graeca
3476 4896 3660 4960 editio,
3701 4895 3805 4964 post

2261 4961 2708 5036 διαμαρτύρεται,
2763 4968 2964 5020 omittit
3036 4967 3272 5020 voculam
3342 4983 3431 5036 με.
3500 4967 3606 5021 Sed
3671 4961 3802 5027 “113°

2261 5033 2675 5106 interpreslegit
2705 5046 2762 5089 ut
2792 5036 3064 5106 Didymus.

2333 5103 2444 5172 (55)
2487 5103 2801 5174 Egestatem.
2857 5103 3057 5171 Codex,
3141 5105 3396 5158 σιτοδίαν.
3464 5103 3606 5172 Lego
3678 5115 3804 5152 σιτοο

2261 5173 2438 5226 δείαν·
2472 5173 2563 5228 sed
2601 5192 2702 5228 non
2745 5180 3003 5229 continuo
3045 5176 3321 5231 librarium
3368 5186 3612 5228 nostrum
3647 5182 3806 5237 repre-

2262 5245 2467 5308 hendo;
2522 5259 2646 5298 nam
2689 5245 2779 5297 alii
2823 5260 3035 5313 quoque
3073 5246 3205 5301 satis
3257 5245 3453 5300 vetusti
3511 5240 3707 5313 librarii
3743 5237 3803 5290 ita

2262 5315 2630 5436 sfripserunt,
2705 5319 2762 5368 iit
2815 5308 3000 5369 videre
3055 5315 3194 5384 licet
3229 5317 3390 5370 etiam
3459 5315 3597 5383 apud
3655 5308 3807 5376 llesy-

2263 5400 2464 5436 Clllllll.

2263 5400 2464 5440 Cllllllll.

2335 5453 2453 5524 (36)
2483 5452 2886 5508 Prwnuntiavit.
2917 5455 3035 5506 Act.
3069 5468 3146 5517 xi,
3187 5454 3277 5510 28.
3326 5451 3476 5508 Jonae
3511 5465 3670 5524 porro
3698 5460 3806 5516 pro—

2263 5522 2462 5590 phetia,
2500 5540 2601 5590 qua
2631 5541 2732 5577 non
2780 5528 2994 5588 famem,
3028 5525 3121 5578 sed
3169 5525 3386 5594 Ninives
3420 5522 3803 5579 subversionent

2265 5596 2664 5661 pramuntiavit,
2697 5597 2963 5647 neruinem
2990 5596 3138 5646 latet.

2267 5699 2270 5702 -
2334 5663 2443 5731 (57)
2486 5663 2550 5716 Et
2585 5680 2718 5729 qua).
2747 5663 2901 5718 Joau.
2933 5679 3043 5730 xu,
3081 5663 3192 5716 13..
