4082 6406
579 327 685 383 605

1817 338 2055 394 DlDYMl
2097 335 2565 392 ALEXANDRINI

3722 333 3822 388 6οι
3853 358 3858 366 ·

578 441 922 508 operationes
969 444 1248 511 virtutum,
1275 448 1364 503 alii
1392 459 1572 506 autem
1610 454 1911 524 prephetia,
1933 457 2022 510 alii
2057 474 2139 511 au-

2251 457 2650 528 παραδραμεῖν,
2706 455 2764 508 ἓν
2792 455 2912 526 μὲν,
2936 454 3020 508 ὅτι
3072 453 3161 507 διά
3187 453 3288 525 τὴν
3320 453 3456 526 πρὸς
3487 452 3578 507 τὸν
3608 453 3821 523 Πατέρα

583 539 691 582 tem
723 532 979 588 discretio
1012 535 1126 606 (45)
1177 537 1494 606 spirituum,
1523 541 1676 596 alteri
1726 554 1904 600 autem
1952 561 2147 615 genera

583 620 912 690 linguarum,
936 627 1027 680 alii
1061 638 1240 683 autem
1274 631 1990 705 interpretatiolinguarum.
2026 638 2150 695 Haec

578 723 758 766 autem
788 717 968 769 omnia
1020 730 1277 786 operatur
1324 737 1464 778 unus
1491 731 1654 791 atque
1695 724 1833 780 idem
1887 727 2145 796 Spiritus,

579 802 823 859 dividens
880 823 1122 862 seorsum
1179 812 1476 880 unicuique
1517 825 1675 883 prout
1727 818 1857 875 vult.
1892 837 1911 870 ι
1967 819 2150 890 Neque

581 910 713 949 vero
745 897 860 952 haec
889 900 1064 956 obiter
1095 907 1465 972 praetereunda
1495 919 1638 962 sunt.
1667 907 1799 962 Nam
1829 913 2001 979 primo
2024 914 2148 981 qui-

578 986 696 1039 dem
724 989 1261 1048 animadvertendum
1316 1008 1419 1062 est,
1475 1002 1615 1066 quod
1657 1000 1821 1071 208
1860 1001 1931 1056 ob
1973 1003 2152 1058 omni-

579 1078 791 1131 tnodam
843 1080 1074 1150 Spiritus
1133 1087 1305 1140 sancti
1363 1103 1485 1141 cum
1552 1089 1714 1145 Patre
1763 1093 2147 1162 mqualitatem,

578 1172 729 1238 prius
764 1175 1008 1228 meminit
1045 1178 1211 1243 ipsius
1267 1176 1520 1246 Spiritus.
1555 1193 1663 1234 tum
1697 1181 1840 1247 Filii,
1887 1199 1952 1239 ac
1997 1187 2151 1240 dein-

578 1277 704 1328 ceps
733 1263 822 1318 Dei
855 1276 906 1319 ct
940 1267 1117 1323 Patris
1150 1270 1239 1338 qui
1280 1281 1535 1337 operatur
1577 1278 1754 1326 onmia
1789 1275 1838 1328 in
1872 1277 2144 1331 onmibus.

579 1354 830 1410 Secundo
863 1358 985 1413 illud
1038 1362 1434 1417 observandum
1466 1376 1569 1428 est,
1607 1369 1746 1434 quod
1771 1407 1786 1431 ,
1842 1384 1962 1422 cunt
2000 1385 2149 1438 supc-

578 1461 692 1501 ιοιιιε
745 1450 985 1516 dixisset,
1051 1456 1214 1509 Deum
1262 1459 1470 1526 operari
1529 1461 1708 1513 munia
1764 1461 1817 1514 in
1873 1463 2144 1530 omnibus,

581 1552 741 1590 ttttam
778 1544 1115 1607 postmodum
1171 1548 1334 1602 totius
1377 1552 1663 1603 testimonii
1706 1555 2146 1620 consequentiam

577 1638 741 1693 atque
770 1627 1103 1686 harmoniam
1141 1635 1400 1702 indicans,
1449 1649 1502 1691 et
1529 1637 1596 1692 de
1623 1639 1781 1695 Patre
1808 1656 1962 1710 atque
1993 1657 2056 1697 ac
2082 1645 2148 1697 de

579 1719 784 1786 Spiritu
829 1721 944 1790 ejus
1011 1726 1412 1797 intelligendum
1454 1733 1763 1797 ostendens,
1811 1734 2086 1804 sulgjungit
2129 1753 2144 1790 :

583 1829 600 1860 ι
647 1810 768 1866 llaec
793 1825 974 1868 autem
1021 1820 1200 1872 otnnia
1237 1834 1495 1890 Operatur
1531 1839 1668 1877 unus
1705 1835 1759 1878 et
1795 1825 1933 1879 idem
1973 1826 2144 1897 Spiri-

581 1909 670 1955 tus
716 1903 962 1960 dividens
1016 1923 1259 1963 seorsum
1317 1913 1606 1983 unicuique
1655 1925 1810 1982 prout
1837 1917 1991 1974 vult:
2027 1937 2046 1970 ι
2089 1926 2146 1972 ut

576 1989 700 2046 inde
729 1992 986 2062 Spiritum
1016 2010 1262 2054 sanctum
1297 2004 1534 2057 declaret
1560 2020 1682 2061 esse
1719 2007 1882 2061 Deutn
1929 2011 2142 2078 propria

574 2094 640 2132 ex
673 2081 848 2149 seipse
874 2089 1194 2145 auctoritate
1213 2093 1490 2159 prwditum
1519 2113 1531 2147 :
1563 2112 1738 2164 neque
1757 2112 1904 2165 vero,
1929 2102 2054 2154 dum
2073 2101 2142 2154 ita

573 2184 634 2225 se
667 2176 822 2242 gerit,
853 2178 1147 2248 quidquam
1197 2187 1504 2252 aggreditur
1552 2187 1687 2257 (44),
1721 2190 1862 2259 quod
1892 2193 2145 2248 inconve-

575 2263 731 2320 niens
764 2267 856 2332 sit,
884 2286 982 2326 nec
1033 2275 1276 2328 ordinem
1325 2293 1520 2331 novum
1555 2280 1778 2344 invehit,
1810 2297 1907 2338 nec
1959 2287 2028 2338 ab
2077 2300 2143 2341 eo

578 2354 720 2421 quod
765 2369 909 2415 recte
949 2375 1008 2416 se
1045 2363 1226 2428 habet,
1283 2368 1520 2434 aberrat,
1555 2371 1647 2424 sed
1698 2371 1918 2427 illzcsam
1963 2388 2141 2431 servat

574 2445 697 2501 ﬁdei
757 2452 1137 2519 cognitionem,
1176 2466 1233 2511 et
1281 2459 1562 2529 theologici
1623 2464 1887 2520 sermonis
1940 2467 2144 2534 purita-

574 2546 681 2590 tem
716 2553 732 2593 :
769 2556 944 2612 neque
975 2545 1262 2602 individua:
1284 2562 1492 2604 natura:
1521 2567 1583 2604 ac
1605 2553 1852 2624 dignitati
1889 2557 2139 2628 injuriam

573 2628 756 2695 inl‘crt,
792 2634 932 2688 sicut
963 2635 998 2689 ii
1032 2637 1258 2703 faciunt,
1287 2644 1376 2711 qui
1407 2642 1598 2698 Filium
1643 2657 1697 2700 et
1733 2648 1992 2712 Spiritum
2021 2667 2141 2706 san-

571 2735 720 2779 ctum
747 2743 851 2783 non
893 2745 1017 2785 cum
1063 2732 1220 2789 Patre
1270 2750 1685 2806 connumerant,
1720 2744 1812 2798 sed
1846 2745 1946 2799 sub
1981 2744 2142 2802 Patre

574 2827 885 2873 numerant.
951 2818 1192 2890 Namque
1250 2839 1348 2879 nec
1389 2825 1631 2891 fortuito,
1678 2845 1742 2885 ac
1788 2832 1908 2888 sine
1955 2849 2138 2904 causa,

575 2920 752 2976 neque
776 2911 991 2979 propria
1029 2916 1351 2970 auctoritate
1378 2921 1651 2973 nominum
1686 2924 1928 2978 ordinem
1965 2925 2140 2982 inver-

573 2995 637 3048 tit
665 3014 678 3049 :
717 2999 808 3052 sed
837 3001 904 3063 is,
937 3003 1026 3070 qui
1066 3003 1380 3074 loquiturin
1407 3024 1492 3073 eo,
1535 3009 1806 3081 Christus,
1836 3024 1894 3069 ut
1923 3032 2137 3074 omnem

570 3103 692 3139 cum
739 3090 1094 3161 malignorum
1150 3098 1413 3164 cordium,
1450 3110 1559 3154 tum
1589 3116 1797 3171 eorum,
1827 3121 1947 3175 quae
2003 3124 2140 3164 non-

575 3176 702 3230 dum
730 3193 986 3247 perversa
1017 3183 1154 3239 facta
1189 3197 1335 3253 sunt,
1363 3192 1724 3260 suspicionem
1754 3196 1924 3264 tollat,
1951 3197 2134 3256 diver-

569 3267 647 3320 sis
676 3269 846 3326 modis
885 3287 1043 3328 unam
1093 3280 1442 3352 eamdemque
1472 3286 1751 3341 veritatem
1798 3290 1972 3358 docet,
2012 3307 2139 3362 per-

573 3358 766 3415 fectam
811 3365 1017 3422 scilicet
1045 3384 1166 3425 esse
1189 3375 1242 3426 in
1272 3374 1535 3432 Trinitate
1564 3390 1618 3433 et
1647 3383 1922 3450 potentiae,
1953 3358 2136 3443 et—ho-

570 3456 738 3522 noris,
771 3466 825 3511 et
853 3460 1000 3525 usiaz,
1057 3463 1170 3518 sive
1201 3467 1513 3524 substantiae
1557 3472 1916 3540 aequalitatem
1948 3495 1964 3533 :
2012 3494 2135 3535 cum

570 3543 696 3600 alihi
731 3549 946 3618 quidem
971 3556 1110 3623 apud
1132 3559 1381 3614 eumdem
1411 3560 1634 3618 Paulum
1667 3567 1863 3623 dixerit
1893 3587 1908 3624 :
1942 3589 1961 3623 ι
1994 3571 2136 3629 Idem

569 3645 750 3692 autem
787 3639 927 3696 Deus
962 3653 1063 3710 est,
1092 3648 1181 3714 qui
1217 3663 1474 3718 Operatur
1499 3655 1680 3709 omnia
1705 3659 1760 3712 in
1793 3663 2073 3732 erunibus;
2111 3684 2131 3718 ι

726 3745 853 3822 vero
877 3737 1016 3804 apud
1068 3739 1468 3810 Evangelistatn
1505 3745 1653 3800 dicat
1681 3765 1696 3803 :
1744 3769 1763 3801 ι
1795 3729 2138 3822 Baptizantes

569 3815 682 3888 (ἱὸ)
712 3835 807 3875 eos
837 3821 889 3875 in
923 3827 1140 3880 nomine
1173 3827 1371 3898 Patris,
1395 3843 1449 3886 et
1481 3833 1624 3902 Filii,
1658 3847 1714 3892 et
1741 3815 2136 3909 Spiritus'san—

569 3910 641 3962 cti
675 3928 690 3964 :
728 3929 748 3962 ι
795 3927 938 3968 nunc
972 3927 1153 3971 autem
1200 3923 1343 3988 apud
1376 3923 1620 3994 Paulum,
1663 3937 1721 3982 ut
1744 3940 1903 3986 antea
1932 3934 2134 3992 dictum

569 4012 671 4066 est,
714 4004 792 4057 sic
854 4005 1106 4077 loquatur
1142 4029 1156 4064 :
1199 4029 1219 4063 ι
1253 4013 1376 4068 Haec
1411 4027 1589 4072 autem
1647 4024 1827 4078 omnia
1885 4036 2139 4095 operatur

568 4107 705 4149 unus
747 4105 803 4151 et
840 4099 980 4152 idem
1023 4101 1275 4170 Spiritus,
1314 4109 1559 4165 dividens
1623 4128 1865 4171 seorsum
1911 4120 2137 4190 singulis

569 4186 859 4242 sicntvult.
890 4208 908 4240 ι
941 4189 1078 4256 Quin
1106 4195 1266 4248 etiam
1305 4197 1354 4250 in
1381 4199 1614 4268 Epistula
1641 4205 1706 4257 ad
1752 4186 2136 4267 Hebraeos'hoc

567 4278 739 4341 ipsum
769 4279 1063 4348 capitulum
1091 4299 1573 4359 argumentumque
1595 4296 1880 4351 confirmat
1909 4301 1989 4355 his
2014 4316 2138 4356 ver-

568 4364 648 4417 bis
674 4383 687 4418 :
725 4385 744 4417 ι
770 4367 1116 4426 Conteslanle
1138 4374 1248 4444 (46)
1275 4374 1384 4431 Deo
1409 4389 1462 4430 et
1484 4381 1672 4450 signis,
1696 4394 1752 4439 et
1775 4389 2056 4457 portentis,
2081 4400 2136 4448 et

2249 547 2380 620 περὶ
2408 548 2584 602 πάντα
2613 547 2834 619 ἰσότητα
2882 545 2977 600 τοῦ
3025 545 3181 614 ἁγίου
3210 545 3549 616 Πνεύματος,
3600 545 3816 616 πρώτου

2253 637 2523 709 μέμνηται
2552 634 2737 700 αὑτοῦ,
2788 631 2906 688 εἶτα
2935 633 3030 688 τοῦ
3077 634 3227 700 Υίοῦ,
3257 634 3352 688 καὶ
3399 635 3691 704 μετέπειτα
3727 633 3816 686 τοῦ

2247 729 2380 782 Θεοῦ
2409 729 2504 783 καὶ
2553 728 2765 800 Πατρὺς
2816 726 3163 799 ἐνεργοῦντος
3215 726 3283 780 τὰ
3310 727 3486 781 πάντα
3516 729 3575 780 ἐν
3623 727 3787 778 πᾶσιν
3803 741 3818 757 ·

2247 819 2496 889 δεύτερον
2516 818 2593 884 δὲ,
2619 819 2704 872 ὃτι
2725 819 2980 890 ἀνωτέρω
3001 816 3169 871 είπὼν
3205 817 3298 871 τὸν
3326 816 3458 870 Θεὸν
3484 818 3726 888 ἐνεργεῖν
3757 818 3821 870 τά

2250 912 2427 965 πάντα
2481 911 2541 964 ἐν
2573 912 2759 974 πᾶσιν,
2807 911 3002 978 ἐπάγει
3044 909 3174 980 μίαν
3209 909 3476 980 ἁρμονίαν
3518 909 3820 980 μαρτυρίας

2248 1001 2593 1074 ἐκτιθέμενος
2625 1000 2753 1073 περὶ
2774 1000 2868 1054 τοῦ
2894 1000 3107 1072 [ἰατρὸς
3137 999 3346 1053 καὶτοῦ
3376 998 3691 1069 Πνεῦματος
3725 1001 3823 1052 αὑ-

2247 1093 2342 1148 τοῦ
2363 1109 2378 1122 ⁸
2449 1114 2467 1145 ι
2492 1092 2679 1146 Ταῦτα
2706 1092 2763 1145 δέ
2821 1092 2998 1147 πάντα
3035 1093 3250 1163 ἐνεργεῖ
3285 1089 3345 1144 τὸ
3381 1090 3440 1144 ἐν
3481 1091 3576 1144 καὶ
3604 1091 3668 1144 τὸ
3690 1090 3822 1143 αὑτὸ

2250 1186 2497 1257 Πνεῦμα,
2537 1185 2779 1257 διαιροῦν
2841 1185 2946 1256 ίδίᾳ
2995 1185 3209 1255 ἑκάστῳ
3251 1181 3433 1247 καθὼς
3485 1181 3768 1252 βούλεται·
3798 1203 3816 1233 ι

2251 1280 2316 1334 ἵν’
2347 1283 2412 1332 ἐκ
2472 1278 2664 1331 τούτου
2713 1277 2844 1331 Θεὸν
2893 1274 3236 1340 αὐτεξούσιον
3284 1273 3497 1346 δηλώσῃ
3550 1273 3611 1326 τὸ
3669 1273 3824 1341 ἀγιον

2249 1371 2473 1440 Πνεῦμα
2497 1387 2508 1400 ο
2537 1370 2637 1423 οὑκ
2668 1369 2968 1440 ἀπροσήκῳ
2995 1366 3278 1438 πράγματι
3325 1365 3673 1435 ἐγχειρήσας,
3705 1364 3824 1416 οὐδὲ

2246 1463 2346 1536 τὴν
2370 1462 2523 1530 τάξιν
2549 1462 2969 1532 καινοτομήσας,
3003 1458 3123 1512 οὑδὲ
3155 1457 3466 1530 διαμαρτὼν
3509 1455 3604 1508 τοῦ
3647 1454 3824 1518 καλῶς

2248 1556 2488 1626 ἔχοντος·
2521 1555 2632 1609 ἀλλ’
2660 1555 2900 1626 ἄτρωτον
2941 1552 3222 1622 φυλάττων
3247 1549 3346 1621 τὴν
3382 1549 3581 1618 γνῶσιν
3606 1548 3705 1618 τῆς
3736 1547 3826 1600 πίη-

2249 1665 2438 1712 στεως,
2483 1648 2576 1700 καὶ
2602 1647 2702 1718 τῆς
2725 1646 2998 1716 θεολογίας
3052 1644 3149 1716 τὴν
3183 1644 3526 1716 καθαρότητα
3549 1661 3565 1676 ·
3599 1644 3696 1696 καὶ
3725 1643 3824 1713 οὑχ

2249 1738 2482 1810 ὑϐρίζων
2508 1739 2606 1808 τὴν
2663 1739 2957 1811 ἀμέριστον
2993 1736 3154 1807 φύσιν
3200 1741 3293 1790 καὶ
3321 1736 3497 1803 ἀξίαν,
3527 1737 3603 1799 ὼς
3663 1737 3712 1789 oi
3749 1735 3821 1804 μὴ

2250 1831 2726 1903 συναριθμοῦντες,
2771 1831 2886 1885 ἀλλ’
2919 1829 3352 1904 ὑπαριθμοῦντες
3389 1827 3468 1898 τῷ
3517 1827 3695 1896 Πατρὶ
3733 1826 3824 1879 τὸν

2247 1923 2375 1977 Υίὸν
2399 1923 2494 1976 καὶ
2511 1923 2573 1976 τὸ
2599 1923 2753 1991 ἆγιον
2797 1921 3043 1993 Πνεῦμα.
3091 1920 3225 1974 Οὑδέ
3250 1921 3362 1991 γὰρ
3386 1918 3571 1983 ἁπλῶς
3599 1919 3696 1971 καὶ
3729 1919 3820 1988 ἀφ’

2245 2011 2439 2066 ἑαυτοῦ
2486 2012 2786 2082 ἀνέστρεφε
2841 2010 2951 2064 τῶν
2992 2009 3268 2081 ὀνομάτων
3315 2009 3414 2080 τὴν
3463 2006 3819 2062 ἀκολουθίανυ

2242 2105 2357 2158 ἀλλ’
2386 2107 2414 2157 ὁ
2470 2103 2645 2157 λαλῶν
2679 2105 2737 2156 ἐν
2793 2102 2941 2173 αὑτῷ
2968 2101 3222 2174 Χριστὸς,
3276 2100 3386 2154 τῶν
3419 2100 3706 2171 κακοήθων
3729 2097 3822 2153 καὶ

2243 2196 2615 2267 ἀδιαστρόφων
2644 2194 2881 2266 καρδιῶν
2939 2194 3214 2263 ἀφανίζων
3260 2192 3361 2265 τὴν
3387 2193 3676 2265 ὑπόληψιν,
3701 2193 3818 2248 διαο

2244 2289 2423 2360 φόρως
2447 2288 2543 2359 τὴν
2581 2287 2837 2358 ἀλήθειαν
2891 2285 2990 2357 τῆς
3020 2285 3358 2356 ίσοδυνάμου,
3414 2286 3508 2338 καὶ
3533 2284 3820 2355 ὀμοτίμου,

2243 2380 2337 2432 καὶ
2365 2378 2646 2448 ὁμοουσίου
2677 2377 2916 2431 διδάσκει
2945 2376 3192 2449 Τριάδος,
3215 2376 3401 2431 ἄλλοτε
3437 2376 3535 2448 μὲν
3568 2375 3720 2448 παρὰ
3743 2375 3818 2446 τῷ

2242 2466 2390 2537 αὑτῷ
2435 2466 2632 2538 Παύλῳ
2669 2465 2941 2539 εἰρηκώς·
3008 2467 3106 2519 «Ὀ
3141 2465 3197 2518 δὲ
3241 2465 3403 2529 αὑτὸς
3453 2465 3586 2529 Θεός
3641 2464 3734 2537 [95
3763 2464 3816 2537 b]

2243 2560 2388 2612 ἐστιν
2409 2561 2437 2612 ὁ
2459 2559 2696 2630 ἐνεργῶν
2721 2560 2788 2612 τὰ
2813 2558 2990 2612 πάντα
3019 2559 3078 2611 ἐν
3101 2559 3266 2612 πᾶσιν
3291 2575 3305 2588 ·
3331 2577 3350 2609 ι
3375 2557 3562 2612 ἄλλοτε
3583 2557 3642 2610 δὲ
3670 2557 3818 2628 παρὰ

2244 2650 2323 2720 τῷ
2355 2651 2725 2721 Εὑαγγελιστῇ
2766 2649 2938 2718 λέγων
2965 2667 2981 2682 ο
3022 2669 3040 2701 ι
3071 2649 3432 2713 Βαπτίζοντες
3492 2650 3692 2713 αὑτοὺς
3737 2650 3816 2714 είς

2240 2743 2302 2795 τὸ
2355 2743 2526 2814 ὄνομα
2552 2741 2647 2795 τοῦ
2707 2741 2940 2812 Πατρὺς,
2971 2741 3065 2796 καὶ
3091 2740 3184 2794 τοῦ
3216 2742 3367 2808 Υίοῦ,
3400 2741 3495 2795 καὶ
3527 2741 3622 2795 τοῦ
3660 2741 3816 2809 ἁγίου

2242 2833 2588 2903 Πνεύματοςο
2609 2852 2629 2886 ι
2691 2833 2786 2887 νῦν
2814 2834 2870 2887 δὲ
2903 2832 3054 2905 παρὰ
3080 2832 3299 2903 Παύλῳ,
3353 2832 3430 2895 ὼς
3461 2830 3811 2903 προείρηταυ

2249 2945 2268 2979 ι
2293 2925 2478 2981 Ταῦτα
2503 2927 2561 2980 δὲ
2589 2925 2765 2979 πάντα
2796 2928 3007 2996 ἐνεργεῖ
3027 2925 3088 2979 τὸ
3109 2926 3166 2979 ἒν
3195 2927 3288 2980 καὶ
3317 2925 3379 2980 τὸ
3411 2925 3542 2979 αὐτὸ
3573 2925 3811 2995 Πνεῦμα,

2241 3018 2483 3091 διαιροῦν
2515 3019 2620 3089 ἰδίᾳ
2648 3019 2863 3090 ἑκάστῳ
2891 3018 3072 3081 καθὼς
3101 3019 3368 3090 βούλεται.
3392 3037 3412 3070 ι
3449 3020 3743 3088 Συνηγορεῖ
3759 3016 3814 3070 δὲ

2243 3111 2337 3164 καὶ
2385 3111 2444 3164 ἐν
2488 3113 2555 3181 τῇ
2611 3112 2748 3180 πρὸς
2781 3111 3063 3182 Ἐϐραίους
3099 3109 3381 3181 Ἐπιστολῇ
3434 3108 3512 3180 τῷ
3540 3108 3814 3178 κεφαλαίῳ

2243 3201 2436 3272 τούτῳ,
2477 3201 2677 3274 ἐχούσῃ
2706 3195 2808 3255 ὦδε
2832 3218 2846 3232 ο
2879 3221 2896 3252 ι
2920 3201 3523 3273 Συνεπιμαρτυροῦντος
3550 3200 3645 3254 τοῦ
3681 3199 3812 3254 Θεοῦ

2245 3295 2493 3366 σημείοις
2517 3311 2576 3348 τε
2599 3295 2694 3347 καὶ
2720 3294 2939 3366 τέρασι,
2984 3295 3081 3350 καὶ
3114 3295 3384 3358 ποικίλαις
3415 3294 3695 3363 δυνάμεσι,
3725 3293 3814 3346 καὶ

2243 3386 2554 3458 Πνεύματος
2608 3386 2762 3454 ἁγίου
2824 3389 3128 3458 μερισμοῖς,
3181 3387 3320 3440 κατὰ
3373 3387 3472 3457 τὴν
3510 3386 3678 3440 αὑτοῦ
3725 3384 3813 3440 θέ-

2242 3476 2417 3548 λησιν.
2447 3496 2466 3528 ι
2529 3476 2636 3531 Καὶ
2679 3476 2992 3529 δεσποτικαὶ
3047 3475 3105 3529 δὲ
3159 3477 3349 3545 φάσεις
3407 3479 3536 3548 παρ’
3597 3477 3812 3548 Ἰωάννῃ

2242 3569 2493 3639 ἔχουσινο
2565 3568 2679 3621 «Τὸ
2753 3568 2975 3638 Πνεῦμα
3032 3568 3165 3622 ὅπου
3230 3569 3373 3622 θέλει
3435 3572 3590 3623 mei”
3625 3589 3644 3621 ι
3701 3570 3812 3634 καὶ,

2249 3660 2367 3714 «Τὸ
2414 3659 2640 3731 Πνεῦμά
2683 3663 2832 3713 ἐστιν
2884 3661 2919 3730 ή
2971 3661 3266 3732 ἀλήθεια.»
3323 3662 3434 3716 Καὶ
3511 3662 3816 3734 ἐμπρεπὲς,

2244 3754 2416 3824 φησὶ,
2460 3753 2750 3823 πρωτείοις
2793 3752 3063 3823 θεότητος,
3101 3753 3238 3806 ἀλλὰ
3274 3754 3346 3824 μὴ
3372 3754 3463 3808 ἐπὶ
3493 3753 3818 3826 δευτερείοις

2245 3847 2437 3916 ὑμνεῖν
2463 3846 2594 3899 αὑτό
2616 3863 2630 3877 ⁸
2665 3845 2730 3899 ἵν’
2763 3846 2856 3899 ἐπὶ
2893 3848 2958 3916 τῇ
3005 3844 3115 3916 ζωῇ
3145 3845 3244 3916 τὴν
3287 3845 3586 3915 ἀσφάλειαν
3633 3845 3818 3916 ἔχητε.

2243 3938 2316 3991 Τὸ
2339 3937 2448 4009 γὰρ
2470 3935 2812 4007 εὐεργετοῦν,
2839 3936 3278 4008 εὑχαριστεῖσθαι
3301 3937 3396 3990 καὶ
3419 3936 3820 4009 θεραπεύεσθαι

2244 4027 2414 4098 φιλεῖ⁸
2458 4028 2595 4098 ὅπερ
2631 4020 2789 4098 εὖρον
2835 4028 3011 4081 εἰπεῖν
3045 4026 3248 4091 ἀδόλως
3283 4028 3378 4081 καὶ
3401 4029 3451 4081 oi
3483 4026 3618 4093 ἐξωο
3658 4048 3677 4081 ι
3712 4029 3820 4082 Τὸν

2242 4115 2535 4189 εὐεργέταν
2565 4117 2793 4184 ἀγαναῖς
2825 4117 3080 4188 ἀμοιϐαῖς
3110 4118 3487 4174 ἁποτίννυσθε.
3525 4137 3544 4171 ι
3581 4119 3647 4172 Εἰ
3681 4119 3817 4190 γὰρ,

2243 4211 2425 4280 φησιν,
2461 4209 2698 4280 ἀμείνων
2728 4211 2757 4262 ὁ
2785 4208 3128 4275 αὑτεξούσιος
3158 4209 3500 4277 ὑπεξουσίου,
3527 4210 3630 4282 ἤδη
3662 4212 3762 4264 καὶ
3790 4212 3821 4264 ὁ

2241 4303 2524 4374 ἄνθρωπος
2547 4300 2892 4366 αὑτεξούσιος
2921 4300 3017 4367 ὣν,
3045 4302 3308 4372 κρείττων
3351 4304 3480 4372 παρ’
3511 4302 3640 4373 ὑμῖν
3679 4301 3822 4355 ἀπο-

2243 4392 2469 4464 φανθείη
2528 4391 2619 4445 τοῦ
2656 4391 2812 4461 ἁγίου
2859 4390 3192 4462 Πνεύματος.
3221 4391 3325 4444 Φεῦ
3349 4390 3458 4444 τῶν
3479 4390 3666 4445 δεινῶν
3694 4393 3709 4444 ι
3735 4391 3823 4446 Τὰ

564 4455 730 4510 variis
760 4459 1067 4530 virtutibus,
1092 4475 1145 4518 et
1175 4463 1408 4534 Spiritus
1431 4473 1605 4524 sancti
1640 4455 2131 4548 distributionibus,

2243 4455 2338 4558 τῆς
2387 4455 2573 4556 θεῖκῆς
2617 4455 2899 4553 δυνάμεως
2953 4455 3046 4537 καὶ
3094 4483 3308 4552 φύσεως
3355 4483 3697 4555 σύμϐολαώς
3726 4485 3823 4536 ἐπὶ

558 4545 710 4644 ,(ιιλιυ
740 4549 905 4618 ipsius
930 4554 1280 4616 voluntatem.
1309 4582 1326 4612 ι
1358 4561 1422 4616 Ει
1452 4561 1662 4620 Domini
1689 4573 1973 4628 sententia:
1993 4545 2133 4644 apud

561 4637 819 4697 Joannem
851 4647 931 4700 sic
963 4648 1204 4704 habent:
1249 4670 1268 4702 ι
1305 4653 1538 4722 Spiritus
1567 4657 1679 4730 (47)
1739 4660 1826 4713 ubi
1859 4662 1970 4716 vult
2023 4637 2136 4734 spi-

563 4743 674 4800 rat;
706 4754 725 4787 ι
761 4747 813 4790 et
844 4755 857 4791 :
893 4738 1161 4810 (Spiritus
1184 4753 1265 4798 est
1285 4745 1395 4816 (48)
1423 4750 1670 4803 veritas.»
1702 4749 1757 4804 ld
1788 4754 2007 4822 perinde
2031 4765 2133 4824 est,

561 4850 626 4888 ac
655 4836 700 4889 si
739 4837 987 4894 diceret:
1037 4839 1200 4894 Decet
1230 4857 1323 4898 vos
1363 4845 1534 4914 ipsum
1588 4856 1646 4901 ut
1708 4849 1872 4902 Detnn
1921 4850 2136 4922 hymnis

559 4928 854 4994 celebrare,
904 4947 1009 4985 non
1058 4933 1110 4987 in
1167 4937 1402 4990 secundo
1433 4939 1728 4995 divinitatis
1783 4941 1973 5011 gradu.
2003 4959 2126 4998 etnn

559 5023 724 5093 209
761 5027 1096 5090 collocando,
1130 5031 1222 5084 sed
1268 5029 1320 5083 itt
1355 5032 1565 5099 primo:
1602 5042 1659 5084 ut
1690 5035 2038 5090 securitatem
2072 5037 2126 5089 in

559 5114 668 5169 vita
703 5114 813 5186 (49)
848 5117 1114 5173 habeatis.
1175 5119 1309 5175 Nant
1336 5122 1427 5192 qui
1465 5124 1724 5178 beneﬁcia
1757 5125 1988 5191 confert,
2023 5127 2124 5183 sibi

629 5367 740 5445 (45)
772 5368 1278 5445 Discretio.nGra:c_a
1319 5373 1486 5445 editio
1515 5389 1530 5429 :
1556 5373 1880 5445 διακρίσεις,
1925 5375 1978 5430 id
2025 5384 2129 5443 est,

564 5457 583 5490 ι
609 5440 975 5514 discretiones.
999 5460 1024 5514 »Δ
1053 5439 1334 5514 ang._int.
1371 5443 1497 5514 legit
1524 5454 1580 5497 ut
1617 5439 1890 5513 Didymus.

628 5509 741 5586 (44)
801 5511 1134 5586 Aggreditur.
1157 5509 1177 5513 ⁷
1203 5511 1400 5586 Eodem
1424 5509 1618 5568 'modo
1642 5585 1657 5586 γ
1677 5509 1897 5569 verbum
1948 5516 2129 5586 ἐγχει-

562 5581 674 5655 ρεῖν
710 5582 970 5655 construit
997 5582 1313 5655 gletttensin
1353 5587 1579 5651 septimo
1627 5581 2130 5655 Strantatum,’p'ag.

561 5650 831 5727 890LCIIIII
854 5651 928 5727 ait
962 5672 973 5706 :
1006 5652 1130 5714 Τοῖς
1165 5650 1438 5727 μεγίστοις
1463 5655 1844 5725 ἐγχειροῦντας
1875 5650 2133 5727 πράγμᾶ-

563 5736 634 5772 σι.
674 5717 912 5796 Notanda
953 5717 1320 5796 quinque'_\r_u.\'.
1367 5717 1684 5796 ἀπροᾱῆκὶρ,
1725 5717 1837 5795 ιιιιίι
1871 5717 2131 5783 υὲυέἶιει

560 5801 749 5847 auctor
782 5792 940 5846 etiam
973 5807 1138 5860 segni.
1177 5793 1240 5847 77
1267 5801 1313 5848 θ.

2233 4578 2457 4649 κτιστῆς
2516 4575 2855 4646 ἐκδεχόμενοι
2906 4575 3316 4638 Μακεδονιανοὶ,
3365 4576 3824 4647 περινενοήκασιν

2233 4672 2482 4733 ἀπάτας,
2521 4669 2616 4722 καὶ
2650 4669 2894 4739 ἔγραψαν
2937 4668 3248 4735 είσάγοντες
3277 4668 3544 4739 πρόσωπα
3595 4667 3824 4738 δρθοδό-

2236 4764 2324 4829 ξου
2365 4763 2459 4816 καὶ
2497 4760 2935 4815 Μακεδονιανοῦ·
2994 4760 3090 4813 καὶ
3134 4760 3229 4814 τοῦ
3264 4761 3364 4831 μὲν
3400 4760 3680 4832 ὀρθοδόξου
3724 4761 3823 4816 νῦν

2235 4854 2658 4926 περικόπτοντες
2683 4852 2790 4911 τῶν
2824 4849 3150 4917 ἀποδείξεων
3170 4894 3184 4918 ,
3226 4852 3322 4906 νῦν
3359 4853 3479 4906 οὑδέ
3512 4854 3824 4926 προφέρον-

2233 4963 2325 5008 τες
2371 4946 2502 5008 ὅσας
2545 4945 2711 5014 ἐχρῆν
2730 4958 2742 4971 °
2774 4943 2960 4997 ἄλλοτε
2992 4943 3302 5014 ἀποροῦντα
3334 4943 3616 5008 ποιοῦντες
3657 4944 3823 4998 αὑτὸν

2234 5038 2362 5109 περὶ
2389 5039 2488 5108 τὴν
2534 5036 2880 5107 ἁντιλογικὴν
2913 5038 3008 5089 καὶ
3054 5036 3440 5108 ἀποδεικτικὴν
3487 5037 3824 5108 ἀπόκρισιν·

2234 5129 2389 5201 ﬁmi.
2423 5128 2729 5200 διαχέοντες
2766 5129 2861 5182 καὶ
2903 5127 3149 5194 ἀνιέντες
3193 5129 3352 5200 δῆθεν
3395 5129 3672 5194 πειθανοίς
3717 5130 3823 5200 ῥή-

2315 5375 2428 5446 (45)
2457 5375 2813 5444 Baptizanm.
2852 5375 3041 5431 Matth.
3074 5393 3265 5441 xxvtn,
3301 5377 3390 5434 19.

2309 5447 2423 5516 (46)
2479 5447 2829 5516 Cantutante.
2893 5447 3053 5501 ilebr.
3114 5464 3184 5513 tt,
3241 5448 3296 5505 4.

2309 5515 2423 5584 (47)
2466 5515 2716 5579 Spiritus.
2748 5515 2904 5570 Joan.
2944 5533 3027 5583 ιιι,
3060 5517 3114 5572 8.

2309 5585 2421 5659 (48)
2461 5585 2693 5659 Spiritus
2721 5597 2818 5642 est.
2854 5586 3025 5657 Epist.
3073 5589 3095 5643 ι
3142 5589 3298 5645 Joan.
3341 5605 3396 5657 v,
3436 5589 3490 5646 6.
3537 5590 3675 5649 Vide
3705 5606 3823 5652 not.

2239 5657 2302 5710 ad
2321 5657 2496 5722 ‘segnt.
2532 5659 2600 5710 60
2633 5657 2680 5710 b.

2311 5727 2424 5797 (ω)
2461 5725 2526 5780 1η
2549 5728 2674 5782 vita.
2707 5725 2927 5798 Nempe,
2959 5739 3016 5784 ut
3053 5743 3156 5802 ego
3183 5730 3531 5803 interpretor,
3565 5753 3584 5787 ι
3625 5735 3676 5789 in
3715 5748 3822 5792 vita

2240 5807 2460 5854 aeterna.
2499 5815 2517 5850 ι
