4082 6406
298 327 403 383 693

1318 331 1404 384 DE
1441 330 1816 387 TRINITA’I‘E
1856 330 2054 387 LIBER
2099 332 2481 389 SECUNDUS.

3424 333 3529 388 606

293 457 426 505 μασι
493 441 593 513 τὴν
626 442 882 514 ἀλήθειαν
920 444 1011 497 καὶ
1051 444 1108 497 τὸ
1154 445 1416 514 ἐμμελέςο
1460 447 1554 500 καὶ
1586 446 1772 511 ἁπλῶς
1807 448 1865 501 ὲν

1974 450 2169 517 gratias
2197 452 2305 520 agi,
2335 466 2397 505 ac
2427 465 2485 504 se
2514 448 2618 503 coli
2663 457 2846 504 amat:
2895 450 3061 519 quod,
3097 457 3156 502 ut
3192 449 3415 504 candide
3452 451 3531 502 lo-

286 533 464 586 οὑδενὶ
514 535 585 587 τὰ
625 535 813 603 λόγια,
849 536 885 589 ἃ
928 539 1042 607 μετ’
1078 536 1384 606 ἀξιώματος
1414 539 1508 592 τοῦ
1564 541 1864 611 πρέποντος

289 626 553 696 ἐχρήσθη,
591 627 885 697 τιθέμενοι·
913 629 992 692 είς
1011 629 1039 682 6
1058 629 1114 682 δὲ
1135 631 1317 693 αὐτοῖς
1337 630 1483 683 δοκεῖ
1511 632 1864 702 περιάγοντες

294 714 382 785 [96
416 716 471 788 α]
501 719 595 769 τὸν
634 717 819 787 λόγον,
863 719 956 772 καὶ
998 720 1221 784 ἑαυτοὺς
1273 721 1567 786 ἀνθοῦντας
1603 722 1731 794 περὶ
1772 721 1864 776 τὸν

293 809 490 859 οἰκεῖον
522 809 742 873 σκοπὸν,
771 810 865 864 καὶ
899 811 1158 864 ἀπνευστὶ
1183 812 1272 864 τὸν
1301 810 1454 881 λόγον
1478 812 1737 884 εῖροντας,
1768 812 1863 865 καὶ

292 899 519 967 νικητὰς
549 899 766 952 πάντων
802 902 936 971 μετὰ
957 903 1353 973 εὐλαϐοφανοῦς
1380 903 1657 975 εἰρωνείας
1678 903 1862 972 εἰσφέ·

302 1006 500 1059 ροντες’
527 990 898 1061 διασύρουσιν,
951 993 1025 1057 ὥς
1075 1012 1136 1063 γε
1182 996 1479 1066 νομίξουσι,
1522 995 1620 1066 τὴν
1652 995 1863 1065 ὀρθοδο-

302 1082 439 1145 ξίαν.
476 1084 625 1153 Ἔχει
656 1085 765 1153 δὲὴ
800 1085 894 1137 τοῦ
926 1087 1323 1140 Μακεδονιανοῦ
1357 1087 1505 1158 φωνὴ
1527 1086 1686 1158 δῆθεν
1712 1104 1864 1156 γενο-

305 1171 438 1242 μένη
487 1175 620 1243 πρὸς
661 1174 970 1245 όρθόδοξον,
1016 1178 1164 1230 τόνδε
1210 1178 1300 1232 τὸν
1347 1179 1572 1249 τρόπον·
1610 1178 1861 1248 Ἐλεγεςο

304 1264 543 1335 Ἐνεργεῖ
563 1265 715 1329 Θεός·
750 1269 961 1337 ἐνεργεῖ
991 1269 1083 1323 καὶ
1114 1270 1271 1338 ἆγιον
1300 1270 1544 1341 Πνεῦμω
1570 1272 1662 1324 καὶ
1684 1274 1748 1324 ὲκ
1766 1270 1860 1324 τοῦ

301 1355 537 1423 ἐνεργεῖν
564 1358 657 1408 καὶ
678 1358 936 1428 ἐνεργεῖν,
968 1359 1186 1412 ἐϐούλου
1209 1360 1268 1412 τὸ
1294 1361 1529 1431 ίσότιμόν
1548 1379 1603 1415 τε
1634 1362 1725 1414 καὶ
1751 1363 1862 1414 ico-

296 1444 531 1515 δύναμον
553 1449 694 1519 ἁγίῳ
724 1450 995 1521 Πνεύματι
1020 1453 1113 1504 καὶ
1142 1449 1259 1522 Θεῷ
1297 1452 1559 1524 ὑπάρχειν
1579 1494 1590 1505 .
1622 1452 1763 1520 Ἐγὼ
1806 1452 1861 1505 δὲ

292 1538 375 1590 δτι
399 1539 494 1590 ἐπὶ
532 1542 843 1611 ἑτεροειδῶν
874 1560 933 1595 τε
967 1545 1061 1597 καὶ
1091 1544 1450 1616 διαφερόντων
1492 1548 1556 1617 τῇ
1587 1545 1744 1614 φύσει
1770 1546 1862 1598 καὶ

289 1629 405 1686 τοῖς
439 1628 711 1697 ὁρισμοῖς,
752 1630 814 1682 τὸ
854 1631 1096 1703 ἐνεργεῖν
1128 1634 1299 1703 ἰατροί
1326 1651 1383 1685 τε
1413 1635 1505 1687 καὶ
1550 1634 1745 1695 πάντες
1774 1634 1865 1687 ἄν·

290 1716 506 1787 θρωποι
534 1719 919 1789 λαμϐάνουσιν,
952 1724 1059 1777 εἴτε
1092 1726 1184 1777 ἐπὶ
1220 1724 1425 1778 ὑδάτων
1462 1726 1677 1796 θερμῶν
1700 1769 1713 1789 ,
1754 1726 1863 1779 εἴτε

288 1809 386 1860 ἐπὶ
417 1810 528 1862 τῶν
560 1811 905 1882 ἐσθιομένων,
936 1817 1043 1869 εἴτε
1082 1816 1173 1869 ἐπὶ
1204 1815 1461 1886 βοτανῶν,
1494 1817 1588 1868 ὲῶο
1626 1816 1781 1869 τοῦτο
1806 1816 1863 1870 δὲ
1895 1794 1936 1848 Β

290 1900 459 1968 μόνον
486 1901 753 1973 δείκνυμι,
780 1906 859 1956 ὄτι
896 1907 991 1959 καὶ
1020 1908 1111 1960 ἐπὶ
1136 1909 1232 1978 τῆς
1259 1910 1499 1972 ἐναντίας
1522 1909 1804 1980 δυνάμεως
1834 1914 1863 1964 6

289 1993 435 2057 θεῖος
477 1995 665 2065 εἴληφε
712 1998 887 2065 λόγος,
922 2001 1202 2071 εἰρηκότος
1244 2001 1338 2055 τοῦ
1372 2003 1692 2056 ’Λποστόλου
1738 2005 1864 2077 περὶ

287 2084 387 2137 τοῦ
418 2086 817 2157 Ἀντιχρίστου·
861 2110 878 2142 ι
914 2085 988 2145 Ub
1017 2094 1164 2146 ἐστιν
1194 2094 1226 2164 ἡ
1258 2095 1526 2167 παρουσία
1570 2095 1690 2148 κατ’
1720 2097 1864 2168 ἐνέρ-

287 2192 449 2242 γειαν
480 2178 575 2229 τοῦ
610 2179 821 2233 Σατανᾶ
848 2183 904 2234 ὲν
932 2184 1062 2235 πᾶσι
1112 2184 1355 2254 σημείοις
1384 2187 1478 2237 καὶ
1517 2186 1702 2257 τέρασι
1740 2186 1865 2256 ψεύ-

285 2267 434 2330 δους.
467 2286 487 2317 ι
516 2272 655 2341 Ὀρα
692 2268 804 2333 οὖν,
836 2274 989 2343 φησὶ,
1016 2274 1109 2327 τοῦ
1150 2277 1388 2346 ἐνεργεῖν
1430 2277 1690 2347 ὀνόματος
1720 2281 1865 2349 ὁμω-

286 2357 480 2427 νυμως
518 2358 550 2430 ἢ
584 2361 912 2433 συνωνύμως
942 2362 1349 2435 λαμϐανομένου
1384 2366 1476 2419 ἐπὶ
1506 2366 1735 2430 πολλῶν,
1783 2368 1866 2431 εἰς

286 2448 343 2499 τί
366 2451 683 2518 κατήγαγες
704 2452 763 2504 τὸ
794 2454 946 2521 ἆγιον
983 2454 1227 2526 Πνεῦμα·
1256 2457 1349 2509 καὶ
1369 2458 1467 2510 οὐκ
1491 2458 1747 2526 ἐλογίζου,
1782 2460 1864 2511 ὄτι

286 2539 425 2602 θεος
451 2542 552 2609 μὲν
573 2542 775 2613 κόσμον
812 2543 870 2609 ἐξ
903 2546 1000 2598 οὐκ
1028 2546 1194 2599 ὄντων
1235 2550 1314 2610 εἰς
1344 2548 1403 2600 τὸ
1432 2545 1568 2601 εἶναι
1604 2550 1864 2621 πεποίηκέ

291 2648 353 2683 τε
383 2633 481 2685 καὶ
514 2635 837 2706 ἐνήργηκενο
878 2638 1030 2705 ἅγιον
1062 2640 1117 2693 δὲ
1149 2640 1391 2711 Πνεῦμα,
1424 2641 1683 2713 διαίρεσιν
1712 2660 1867 2713 χαρι-

294 2722 524 2789 σμάτων
552 2724 611 2777 ὲν
630 2728 742 2788 τοῖς
772 2727 876 2779 ὑπὸ
894 2728 1025 2782 Θεοῦ
1049 2730 1362 2784 κτισθεῖσιν.
1398 2732 1704 2804 Γέγραπται
1735 2734 1862 2805 γάρ’

298 2831 317 2862 ι
352 2815 610 2883 Δωιροῡν
671 2817 774 2887 ἰδίᾳ
826 2820 1040 2889 ἑκάστῳ
1088 2822 1269 2887 καθὼς
1324 2822 1601 2893 βούλεται·
1651 2827 1710 2879 οὐ
1769 2826 1867 2897 μὲν

292 2901 658 2973 δωρούμενον.
697 2926 715 2959 ι
748 2908 855 2960 Καὶ
886 2910 1022 2974 πῶς,
1060 2904 1104 2963 ὦ
1130 2912 1515 2975 Μακεδονιανὲ,
1546 2914 1666 2983 οι)χὶ
1694 2914 1867 2968 ταῦτα

294 2996 450 3067 παρᾶ
483 2997 585 3060 τὰς
605 2999 811 3063 ἑννοίας
837 3001 952 3055 ἐστὶ
976 3001 1076 3066 τὰς
1100 3002 1441 3073 θεολογικάςς
1470 3005 1583 3068 πῶς
1615 3006 1671 3057 δὲ
1712 3004 1869 3057 αὑτό·

1964 558 2121 613 quar,
2161 542 2241 595 vel
2272 541 2501 596 ethnicis
2550 549 2892 609 compertum
2926 541 3071 595 fuit:
3111 558 3130 591 ι
3183 539 3321 593 Bene
3368 540 3530 592 nteri—

1968 643 2075 687 tum
2121 632 2235 703 (50)
2286 634 2496 689 blandis
2548 632 2995 687 retributiouibus
3037 629 3475 685 remuneramini.
3506 647 3525 680 ι

1966 722 2023 779 Si
2081 725 2246 787 enim,
2289 724 2481 793 inquit,
2521 724 2865 793 prarstantior
2901 723 2990 777 ille
3043 731 3125 775 est
3177 721 3266 790 qui
3316 722 3531 790 propria

1966 817 2082 887 ipse
2116 818 2441 873 auctoritate
2498 834 2561 872 ac
2605 826 2875 884 potestate
2915 816 3173 882 praeditus
3223 824 3326 874 est,
3368 828 3527 880 quain

1964 907 2051 961 ille
2094 907 2183 975 qui
2224 908 2448 963 alterius
2507 907 2757 977 potestati
2800 906 3107 974 subjicitur,
3143 905 3245 965 iam
3283 902 3410 955 illud
3446 917 3530 954 se-

1962 997 2164 1065 quitur,
2215 1007 2273 1051 ut
2321 1000 2483 1052 homo
2530 998 2715 1056 etiam.
2770 1011 2888 1050 cum
2937 998 3002 1048 sit
3058 1011 3167 1049 suae
3214 995 3525 1062 potestatis,

1963 1088 2300 1155 praestantior
2337 1102 2366 1140 a
2398 1088 2566 1151 vobis,
2595 1102 2627 1140 ο
2656 1086 2917 1149 Ιιωιειίοἰ,
2944 1085 3153 1138 dicatur
3183 1100 3325 1149 esse,
3366 1100 3527 1154 quam

1965 1179 2196 1249 Spiritus
2226 1189 2467 1234 sanctus.
2497 1181 2679 1250 Apage
2722 1180 3055 1233 intoleranda
3087 1180 3391 1248 huiusmodi
3436 1180 3531 1232 de-

1962 1268 2266 1324 liramenta.
2314 1268 2681 1323 Macedoniam
2714 1284 2877 1337 porro
2907 1283 2992 1334 ea,
3033 1284 3151 1337 quae
3195 1270 3388 1322 divina:
3435 1285 3530 1335 po-

1967 1363 2142 1416 lentiae
2177 1377 2237 1414 ac
2270 1372 2474 1415 natura:
2519 1360 2763 1431 symbola
2802 1370 2944 1422 sunt,
2986 1361 3208 1429 perinde
3250 1361 3529 1428 accipien-

1966 1465 2044 1509 tes
2083 1455 2233 1523 quasi
2266 1465 2502 1508 creatam
2555 1454 2872 1522 potentiam,
2920 1463 3279 1520 naturamque
3321 1452 3529 1522 signiti-

1964 1558 2110 1611 cent,
2157 1548 2371 1599 fraudes
2425 1545 2821 1613 excogitarunt,
2860 1559 2923 1597 ac
2963 1543 3154 1597 litteris
3186 1545 3526 1606 mandarunt,

1964 1649 2126 1705 atque
2169 1638 2553 1700 orthodoxum,
2585 1646 2637 1690 et
2681 1634 3143 1697 Macedoniauum,
3178 1634 3331 1703 quasi
3373 1634 3529 1687 binas

1967 1730 2162 1798 dialogi
2214 1744 2491 1795 personas.
2540 1727 2819 1796 loquentes
2854 1725 3204 1789 induxerunt,
3253 1734 3305 1779 et
3340 1726 3530 1777 ortho-

1965 1822 2085 1875 doxi
2137 1821 2536 1875 iuterlocutoris
2574 1818 2882 1872 teSIimonia
2912 1816 3021 1887 (51)
3058 1817 3214 1870 modo
3244 1817 3532 1869 detrunca-

1971 1926 2120 1976 runt,
2155 1914 2317 1965 modo
2359 1928 2424 1965 ne
2453 1921 2531 1964 tot
2564 1910 2780 1980 quidem
2817 1908 3175 1979 protulerunt,
3213 1915 3344 1976 quot
3371 1920 3526 1974 0pm"

1967 2003 2141 2067 lebat;
2174 2002 2307 2055 alias
2350 2015 2479 2054 vero
2522 2015 2644 2053 eum
2672 2000 2960 2067 ancipitem
2992 1995 3374 2058 exhibuernnt,
3404 1993 3532 2063 quid

1964 2102 2150 2145 contra
2179 2093 2404 2157 diceret,
2430 2103 2605 2159 quove
2634 2096 2955 2159 argumento
2979 2085 3207 2155 objectis
3238 2084 3532 2153 responde-

1965 2191 2077 2247 ret;
2104 2195 2167 2233 ac
2198 2180 2276 2231 vel
2311 2180 2479 2248 ipsam
2514 2179 2823 2240 veritatem,
2876 2188 2930 2230 et
2974 2192 3148 2229 rerum
3204 2173 3534 2228 convenien-

1967 2274 2095 2326 tiam
2160 2273 2355 2342 incplis
2412 2287 2563 2335 sane,
2622 2272 2969 2339 confusisque
3033 2266 3536 2321 ratiocinationibus

1966 2366 2326 2420 obscurarunt
2348 2381 2366 2417 :
2387 2374 2442 2418 et
2469 2364 2692 2417 omnino
2718 2364 3119 2431 Scripturarum
3149 2358 3388 2424 oracula,
3413 2371 3535 2427 qua!

1967 2474 2086 2512 cum
2140 2455 2475 2511 convenienti
2555 2455 2817 2524 dignitate
2884 2452 2992 2506 Deo
3056 2450 3271 2504 amante
3326 2447 3534 2517 prolata

1965 2558 2109 2611 sunt,
2142 2548 2292 2601 nihili
2328 2546 2529 2601 faciunt
2566 2563 2580 2599 :
2625 2546 2716 2598 sed
2756 2556 3075 2613 quocunque
3119 2540 3248 2608 ipsis
3299 2538 3535 2602 videtur,

1968 2639 2268 2692 orationem
2317 2637 2563 2699 trahunt,
2615 2650 2679 2689 ac
2709 2635 3025 2702 semetipsos
3074 2630 3406 2684 transferunt
3447 2628 3535 2697 ja-

1967 2736 2243 2794 ctantque,
2286 2725 2407 2779 dum
2444 2725 2496 2777 in
2528 2739 2612 2787 eo,
2656 2723 2798 2793 quod
2835 2721 2935 2777 sibi
2983 2721 3079 2789 ipsi
3114 2724 3536 2789 proposuerunt,

1966 2818 2261 2880 exsultant,
2298 2826 2353 2871 et
2399 2832 2704 2872 sermonem
2750 2829 2858 2868 uno
2898 2813 3087 2882 spiritu
3138 2812 3538 2881 protrahentes,

1968 2922 2020 2963 et
2048 2910 2371 2978 semctipsos
2404 2909 2557 2978 quasi
2599 2908 2839 2961 omnium
2874 2907 3109 2960 victores
3143 2919 3266 2956 cmn
3305 2902 3536 2972 quadam

1972 3002 2141 3056 ironia
2201 3010 2256 3055 et
2324 2999 2754 3055 dissimulatione
2798 3007 3073 3069 gerentes,
3131 2993 3537 3057 orthodoxiam,

295 3105 477 3186 φωρος
505 3090 609 3142 οὐκ
639 3090 784 3144 ἔστιν
823 3093 1047 3146 αὐτόθεν
1083 3097 1115 3165 ἠ
1165 3096 1481 3165 ὑπόκρισις;
1514 3099 1737 3169 Πρῶτον
1769 3100 1867 3170 μὲν

1974 3104 2028 3147 ut
2055 3093 2154 3161 ipsi
2204 3092 2417 3160 quidem
2446 3093 2798 3153 arbitrantur,
2835 3086 3146 3158 suggillant,
3191 3096 3242 3139 et
3275 3092 3534 3152 carpunt;

298 3180 405 3250 γὰρ
430 3176 628 3251 ἐπειδὴ
660 3184 819 3235 πᾶσιν
846 3184 1122 3254 ὁμόλογον,
1148 3187 1228 3240 ὅτι
1253 3187 1312 3240 τὸ
1337 3188 1562 3257 ἐνεργεῖ
1592 3190 1739 3261 ῥῆμα
1777 3190 1870 3243 ἐπὶ

1974 3190 2050 3242 sic
2085 3196 2265 3239 autem
2320 3186 2371 3238 in
2411 3199 2477 3238 eo
2524 3182 2739 3250 dialogo
2785 3179 3203 3235 Macedoniauus
3238 3176 3541 3245 disputans,

301 3272 577 3343 διαφόρων
610 3276 808 3329 οὐσιῶν
850 3294 909 3329 τε
950 3279 1044 3330 καὶ
1087 3281 1424 3350 πραγμάτων
1462 3283 1867 3351 κατηγορεῖται,

306 3361 445 3424 τίνος
483 3363 667 3416 εἵνεκα
694 3364 784 3416 τοῦ
814 3365 1130 3435 κινουμένου
1154 3368 1281 3438 περὶ
1307 3366 1454 3429 θείας
1482 3368 1575 3419 καὶ⁸
1595 3364 1873 3436 ἐμφανοῦς

311 3456 584 3524 ἐνεργείας
610 3457 705 3508 τοῦ
732 3457 888 3525 ἁγίου
919 3457 1233 3529 Πνεῦμα-ξος
1279 3460 1450 3521 ὄντος,
1495 3459 1558 3511 σὺ
1593 3461 1671 3521 εἰς
1708 3459 1873 3529 μέσον

312 3548 628 3615 παρήγαγες
684 3547 719 3600 ἃ
774 3550 1111 3619 παρήγαγες,
1163 3550 1257 3602 καὶ
1305 3553 1369 3603 ὲκ
1411 3550 1599 3603 τούτου
1647 3550 1874 3620 ὕϐρισας

314 3636 513 3707 μᾶλλον
560 3639 590 3709 ἢ
639 3640 905 3709 ἐπῄνεσας
938 3640 1029 3712 [96
1071 3642 1121 3713 b]
1170 3642 1230 3695 τὸ
1280 3641 1502 3712 Πνεῦμα
1552 3641 1646 3695 τοῦ
1702 3640 1872 3709 Θεοῦ;

312 3730 544 3785 Ἔπειτα
577 3734 635 3785 οὐ
670 3735 745 3803 τῷ
782 3733 1119 3803 ὁμωνύμως,
1158 3735 1191 3806 ἢ
1246 3734 1610 3805 συνωνύμως,
1678 3735 1771 3787 ἐπί
1815 3753 1876 3789 τε

301 3823 399 3877 τοῦ
439 3824 618 3887 Θείου,
655 3826 744 3877 ἐπί
780 3843 839 3877 τε
872 3825 1129 3895 βοτανῶν,
1164 3827 1257 3880 καὶ
1293 3827 1384 3880 τοῦ
1414 3828 1625 3881 Σατανᾶ
1667 3828 1879 3899 λαμϐά-

301 3917 494 3970 νεσθαι
536 3918 634 3988 τὴν
670 3917 812 3982 λέξιν
843 3918 939 3988 τὴν
971 3918 1231 3988 ἐνεργεῖ·
1266 3919 1397 3972 ἀλλὰ
1432 3923 1545 3984 τοῖς
1570 3922 1880 3992 προσώποις

301 4012 401 4064 καὶ
440 4014 508 4082 τῇ
547 4012 646 4083 τῆς
682 4012 961 4079 ἐνεργείας
1006 4012 1235 4083 διαφορᾷ
1275 4014 1560 4084 προσέχειν
1598 4016 1736 4085 χρὴ·
1785 4014 1880 4068 καὶ

301 4104 404 4174 τὴν
439 4104 624 4171 κρίσιν
652 4103 757 4156 τῶν
780 4105 910 4175 περὶ
941 4103 1033 4156 τοῦ
1066 4103 1247 4157 θεῖκοῦ
1276 4104 1590 4174 Πνεύματος
1620 4105 1792 4173 λόγων
1820 4123 1880 4159 τε

303 4196 403 4247 καὶ
456 4194 798 4263 πραγμάτων
848 4193 983 4265 πρὸς
1031 4194 1122 4247 τὸν
1167 4194 1332 4255 Θεὸν,
1370 4195 1460 4246 τὸν
1500 4197 1564 4265 τῇ
1603 4193 1745 4259 λέξει
1786 4192 1879 4247 τοῦ

304 4289 557 4357 ἐνεργεῖν
581 4286 906 4355 ὑμνηθέντα,
933 4286 1007 4349 ὡς
1038 4286 1340 4357 πρόκειται,
1374 4285 1507 4339 ἀλλὰ
1549 4286 1621 4357 μὴ
1648 4286 1785 4357 πρὸς
1814 4285 1884 4339 τὰ

304 4379 474 4447 ’γήϊνα
502 4376 599 4427 καὶ
628 4376 760 4445 πρὸς
776 4376 865 4427 τὸν
892 4375 1115 4445 ῥιφέντα
1139 4375 1367 4444 δαίμονα
1389 4374 1678 4429 ποιεῖσθαι.
1700 4376 1883 4428 Ἐπει-

1973 3296 2035 3334 ac
2049 3278 2405 3332 orthodoxum
2432 3273 2991 3343 alloquensiuducitur
3012 3290 3024 3325 :
3046 3269 3232 3325 Dixisti
3253 3268 3387 3339 (52),
3403 3264 3546 3337 Ope-

1974 3382 2126 3424 ratur
2161 3370 2330 3434 Deus;
2361 3375 2616 3437 operatur
2646 3366 2805 3419 etiam
2839 3364 3073 3433 Spiritus
3105 3370 3360 3415 sanctus:
3399 3367 3454 3412 et
3474 3373 3543 3413 ex

1974 3476 2038 3517 eo
2062 3461 2203 3529 quod
2235 3460 2378 3512 Deus
2409 3467 2687 3525 operetur,
2726 3465 2781 3509 et
2828 3454 3063 3524 Spiritus
3098 3460 3318 3506 sanctus
3349 3463 3543 3519 Opere-

1977 3562 2084 3617 tur,
2115 3550 2301 3605 inferri
2348 3548 2582 3613 volebas,
2626 3546 2885 3614 Spiritqu
2926 3553 3173 3597 sanctum
3204 3555 3324 3595 esse
3353 3539 3544 3609 aequali

1976 3644 2181 3699 honore
2209 3642 2454 3710 dignum,
2509 3650 2564 3694 et
2613 3637 2805 3707 mquali
2842 3635 3080 3705 potentia
3128 3633 3433 3702 praeditum,
3479 3642 3547 3685 ac

1979 3736 2144 3790 Deum
2182 3753 2196 3789 :
2240 3749 2339 3802 ego
2372 3745 2497 3785 vero
2530 3731 2655 3784 illud
2681 3729 2893 3797 quidem
2921 3727 3133 3791 omitto,
3164 3724 3304 3793 quod
3334 3723 3401 3777 de
3455 3736 3545 3775 re-

1980 3830 2078 3883 bus
2111 3828 2337 3882 diversaz
2364 3824 2526 3893 210
2561 3823 2781 3890 speciei,
2809 3830 2865 3874 et
2892 3826 3108 3880 natura,
3138 3832 3200 3870 ac
3225 3813 3544 3867 definitione

1980 3922 2121 3976 inter
2146 3933 2205 3973 se
2232 3919 2460 3972 diversis
2498 3914 2742 3982 mergite,
2780 3912 2829 3965 id
2872 3919 2955 3964 est
3018 3907 3334 3977 operationis
3391 3918 3550 3957 voca-

1982 4011 2165 4067 bulum
2201 4023 2321 4063 cum
2356 4004 2573 4066 medici,
2624 4013 2734 4054 tutu
2764 4015 2953 4055 omnes
2978 3999 3226 4052 homines
3254 3994 3547 4062 accipiunt,

1984 4104 2101 4158 sive
2130 4102 2196 4155 de
2219 4098 2375 4167 aquis
2402 4096 2593 4151 calidis
2616 4106 2922 4147 sermonem
2958 4089 3212 4155 habeant,
3243 4088 3357 4140 sive
3384 4086 3448 4138 de
3472 4084 3551 4137 ci-

1984 4194 2104 4255 bis,
2158 4192 2271 4244 sive
2317 4191 2382 4244 de
2434 4184 2636 4239 herbis.
2694 4181 2806 4236 Hoc
2854 4191 3033 4233 autem
3086 4179 3257 4232 solum
3300 4175 3549 4235 ostendo,

1985 4283 2126 4353 quod
2157 4282 2321 4334 etiam
2364 4278 2428 4329 de
2454 4273 2768 4328 adversaria
2797 4272 2998 4324 virtute
3029 4268 3241 4321 divinus
3275 4279 3452 4320 scrtno
3488 4262 3551 4315 il-

1988 4375 2073 4429 lttd
2104 4373 2329 4441 accepit,
2361 4386 2483 4423 cum
2517 4369 2583 4421 de
2630 4364 2961 4418 Antichristo
2989 4359 3187 4412 dixerit
3224 4354 3549 4424 Apostolus:

307 4446 375 4538 δή
412 4467 475 4520 τὸ
506 4468 606 4539 μὲν
644 4468 865 4538 Πνεῦμα
890 4468 949 4520 τὸ
976 4469 1129 4536 ἆγιον
1163 4470 1298 4538 μετὰ
1330 4467 1422 4520 τοῦ
1446 4468 1563 4537 Θεῷ
1586 4468 1874 4538 πρέποντος

1995 4488 2013 4520 ι
2046 4466 2211 4535 Cujus
2253 4463 2363 4533 (53)
2396 4471 2478 4515 est
2530 4459 2792 4512 adventus
2841 4455 3131 4508 secundum
3184 4446 3554 4516 operationem

310 4560 658 4629 σεϐάσματος
688 4559 1081 4631 μνημονεύεται
1116 4561 1174 4612 ἐν
1205 4560 1301 4633 ὃλῃ
1333 4562 1397 4631 τῇ
1436 4560 1562 4630 περὶ
1609 4558 1772 4613 αὑτοῦ
1804 4562 1890 4613 εὑ-

314 4654 616 4723 ρισκομένῃ
652 4655 708 4705 ὲν
742 4653 955 4723 ἑκάστῳ
988 4653 1172 4723 χωρίῳ
1207 4653 1511 4725 συμφράσει
1532 4668 1544 4680 ⁸
1578 4654 1646 4706 τὰ
1678 4652 1734 4705 δὲ
1770 4653 1889 4706 κτί-

314 4762 502 4815 σματα
548 4745 643 4797 καὶ
676 4747 705 4797 6
742 4745 968 4813 δαίμων,
1010 4744 1218 4797 ἑαυτῶν
1248 4745 1431 4809 ἀξίως.
1466 4744 1642 4816 Ὅπερ
1686 4745 1760 4816 μὴ
1787 4762 1889 4813 φυ-

313 4838 528 4891 λάττων
566 4838 627 4889 σὺ
661 4841 689 4890 6
716 4838 1148 4901 Μακεδονιανὸς,
1182 4837 1315 4908 μηδὲ
1349 4835 1748 4901 διαγινώσκων,
1798 4836 1891 4890 τοῦ

315 4931 420 5000 μὲν
450 4929 702 4998 δαίμονος
741 4929 802 4981 τὸ
836 4928 1128 4998 δυσμενὲς,
1171 4927 1263 4981 τοῦ
1301 4928 1357 4980 δὲ
1397 4927 1552 4996 ἁγίου
1581 4927 1895 4998 Πνεύματος

386 5136 504 5207 (50)
550 5134 685 5189 Bene
724 5138 988 5189 meritum.
1033 5132 1474 5207 Desumptauhzec
1512 5138 1638 5184 sunt
1682 5144 1749 5207 ex
1790 5128 1896 5182 Do-

311 5202 433 5262 rico
483 5202 663 5274 aliquo
697 5208 992 5276 scriptore,
1054 5206 1286 5276 Pindaro
1330 5204 1601 5276 fortasse;
1627 5215 1657 5254 e
1698 5202 1892 5276 deper-

312 5282 447 5331 ttitis
512 5264 718 5329 scilicet
795 5264 915 5345 ejus
982 5264 1345 5345 carminibus.
1407 5271 1508 5345 Pro
1573 5272 1730 5345 avsa
1769 5264 1890 5345 αἷς,

312 5350 438 5418 lego
474 5337 957 5418 ἀγαναίςηδιῖιιιιθ
1004 5349 1131 5400 illud
1184 5342 1658 5418 Thebani__poette
1708 5340 1772 5418 _in

314 5408 480 5489 Pyth.
515 5408 614 5469 iam
651 5408 921 5489 εήἙκόντι
949 5418 1135 5489 τοίνυν.
1160 5413 1358 5489 πρέπει
1388 5411 1512 5489 Νρῳ
1545 5409 1636 5463 τὸν
1669 5408 1888 5489 ερεργέιι

309 5477 417 5541 τοῖν
461 5489 843 5541 Ὑπαντιάσαι.
887 5486 941 5539 Et
978 5489 1029 5540 in
1077 5484 1141 5539 Ill
1192 5477 1381 5537 [st/tm.
1418 5477 1527 5535 Oda
1587 5500 1599 5533 :
1674 5477 1793 5550 Χρὴ
1832 5477 1889 5531 δὲ

314 5559 645 5627 κωμάζοντα
672 5560 898 5626 ἀγαναῖς
922 5558 1214 5627 Χαρίτεσσι
1241 5550 1613 5627 βαστάσαιίβι
1635 5550 1889 5627 Callian»:

316 5618 564 5749 ἓιιῖἰὲἐιι]
606 5618 795 5700 llyuin.
834 5618 891 5680 in
932 5618 1155 5679 Dianam
1183 5644 1199 5680 :
1228 5618 1460 5692 Χάριτος
1495 5620 1551 5673 δέ
1594 5636 1675 5671 τοι
1716 5618 1905 5669 ἔσσετ’,

360 5715 448 5749 μοι
530 5737 544 5749 .

316 5701 520 5751 ἀμοιϐή
530 5737 544 5751 .

360 5699 544 5768 μοιϐή.
657 5699 662 5700 ⁷

398 5770 511 5839 (51)
552 5766 889 5821 Testimonia.
920 5764 971 5817 ltt
993 5763 1196 5827 Grmco,
1225 5761 1561 5827 ἀποδείξεων.
1596 5758 1748 5812 Dccst
1778 5756 1887 5810 for-

1990 4562 2232 4619 Satanaz,
2268 4556 2319 4608 in
2356 4552 2607 4607 omnibus
2641 4546 2809 4617 signis
2839 4555 2892 4599 et
2935 4541 3194 4612 prodigiis
3221 4536 3506 4592 mendacii.
3529 4552 3549 4586 ι

1986 4652 2119 4707 Cum
2152 4664 2301 4716 ergo,
2354 4644 2624 4715 inquiunt,
2654 4639 2877 4693 verbum
2926 4637 3048 4698 hoc,
3100 4630 3326 4698 operari,
3371 4629 3559 4681 homo-

1991 4755 2151 4810 nyme
2220 4748 2311 4790 aut
2354 4746 2652 4804 synonyma
2697 4728 2763 4781 de
2809 4725 2994 4781 multis
3047 4723 3208 4776 rebus
3245 4730 3556 4787 usurpetur,

1991 4808 2113 4886 vide
2144 4845 2251 4900 quo
2293 4826 2552 4895 deieceris
2617 4836 2682 4875 ac
2722 4816 3054 4888 depresseris
3088 4821 3332 4867 Sanctum
3381 4808 3557 4878 Spiri-

1998 4934 2106 4977 tum
2224 4932 2397 4987 neque
2442 4915 2574 4969 illttd
2631 4908 2914 4980 reputasti,
2969 4904 3111 4974 quod
3159 4902 3300 4955 Deus
3344 4899 3562 4969 quidem

1999 5135 2139 5180 tasse
2171 5122 2347 5189 aliqua
2374 5113 2677 5189 νοις-,νενιιί
2704 5110 2893 5189 gratia,
2919 5104 3111 5189 τινάξῃ

2067 5164 2731 5265 Garat-Eia;"nisi":
2762 5164 2891 5233 ha‘c'
2911 5164 3261 5265 ιιυιιςιιιτιχεξιι
3294 5164 3563 5265 efﬂigi

1997 5238 2724 5321 Mtt‘ealot-tiaﬁui'scriptoris,
2766 5264 2925 5321 quem
2975 5238 3254 5321 cottljttiat;
3306 5238 3561 5321 ιιῑιιιὶτιιιιι

1996 5306 2481 5389 ς’·ιῑξςίίιιξίίίίετε-
2502 5306 2750 5391 lme-
2786 5306 3041 5387 ’Ἑνεργεῖ
3077 5311 3242 5374 θεάςο
3276 5322 3441 5391 "su?
3473 5306 3559 5391 *9"

1994 5374 2576 5475 ξι
2611 5374 2868 5446 Suspicor
2909 5374 3088 5439 autem
3123 5401 3183 5437 ea
3228 5374 3561 5433 esse’Mara-
3628 5426 3629 5429 η

1998 5476 2188 5528 timuii.

2068 5519 2188 5612 (is;
2218 5539 2403 5607 Cujus.
2441 5536 2480 5589 ιι
2516 5535 2590 5612 ait
2608 5534 2891 5612 Thessali,
2922 5519 3429 5612 9,.ξτρέγηῖτεειὶ
3464 5528 3562 5612 in:

1999 5584 2192 5684 psioig,
2220 5584 2735 5684 νὸἶῷἕείὲςιίιιὸιηει
2764 5584 3046 5684 χὲνλπάσῃ
3076 5590 3301 5684 δυνᾴμει
3342 5584 3436 5640 καὶ
3464 5597 3560 5651 (ηδ’

2000 5670 2191 5755 peiore,
2220 5682 2268 5733 id
2312 5690 2412 5741 cst,
2445 5696 2462 5728 ι
2500 5678 2551 5729 in
2576 5673 2721 5729 omni
2754 5670 2951 5724 virtute
2974 5677 3028 5718 et
3054 5670 3241 5734 signis.
3278 5676 3298 5711 ι
