4082 6406
565 315 666 369 007

1793 311 2024 370 DIDYMI
2065 311 2534 370 ALEXANDBINI

3679 310 3770 366 608

565 426 822 481 mundum
851 441 920 482 ex
955 426 1124 482 nihilo
1149 427 1624 482 ad'exsistentiam
1655 429 1863 493 eduxit,
1895 445 2126 500 eumque

2242 429 2286 482 re
2313 428 2507 498 φίλιον,
2537 429 2616 490 είς
2644 426 2786 498 ἆπερ
2817 428 2881 479 ἐκ
2914 425 3005 480 τοῦ
3046 423 3477 496 περισσεύματὸς
3505 441 3592 476 σου
3614 441 3770 491 Αεγεις

564 530 619 572 ει
645 517 771 572 fecit
815 527 871 573 et
892 528 1144 586 operatus
1173 528 1288 585 est;
1327 518 1560 588 Spiritus
1579 529 1758 573 autem
1791 531 2014 575 sanctus
2044 523 2124 574 di-

569 609 827 663 visionem
882 609 1272 664 charismatum
1323 611 1374 664 in
1431 611 1516 674 iis,
1576 610 1666 679 qui
1717 625 1747 664 a
1801 611 1910 665 Deo
1959 613 2126 666 creati

566 708 712 760 sunt,
745 707 997 765 operatus
1025 711 1130 753 est.
1170 699 1446 768 Scriptum
1482 709 1564 755 est
1596 701 1738 755 enim
1770 719 1784 755 :
1819 719 1837 752 ι
1881 703 2129 757 Dividens

566 803 806 842 seorsum
839 790 1067 859 singulis
1097 793 1449 860 proutvultp
1487 808 1592 845 non
1615 808 1763 854 vero,
1803 792 2122 861 «largiens.»

567 879 636 930 At
664 880 928 946 quomodo
961 896 1066 934 non
1093 883 1261 947 vides,
1296 897 1328 935 ο
1363 882 1763 946 Maccdoniane,
1815 884 2129 952 theologicis

569 969 852 1022 sententiis
909 979 1070 1038 atque
1115 971 1650 1038 interpretationibus
1700 970 1886 1026 istluec
1932 986 2130 1038 nequa-

570 1075 728 1128 quam
774 1072 1134 1115 consentanea
1186 1077 1324 1124 esse,
1363 1073 1517 1129 teque
1561 1078 1628 1115 ex
1675 1063 1761 1116 his
1818 1064 1972 1131 ipsis,
2011 1079 2131 1132 qua:

570 1153 725 1218 dicis,
773 1153 1118 1222 hypocriseos
1166 1155 1453 1208 manifesto
1500 1156 1798 1209 convinci?
1845 1156 1975 1209 Nam
2020 1157 2132 1224 pri-

573 1258 716 1295 ιιιιιιιι
737 1243 951 1297 verbum
989 1246 1107 1303 hoc,
1143 1246 1373 1315 ἐνεργεῖ,
1392 1246 1440 1298 ιιι
1460 1256 1561 1310 est,
1583 1267 1599 1296 ι
1625 1259 1898 1315 operatur,
1921 1267 1938 1295 ι
1963 1248 2026 1300 de
2054 1247 2106 1299 di

572 1336 743 1389 versis
775 1335 1047 1400 essentiis,
1079 1353 1142 1389 ac
1195 1340 1352 1391 rebus
1384 1354 1491 1404 prae
1515 1341 1692 1403 licari,
1741 1355 1927 1392 omnes
1968 1340 2132 1392 I‘aleu-

579 1435 704 1477 tur:
747 1441 976 1493 quanam
1020 1443 1147 1492 ergo
1196 1429 1262 1480 de
1311 1443 1492 1489 causa,
1547 1445 1667 1482 cum
1719 1431 1772 1482 in
1819 1445 1903 1494 eo,
1936 1430 2000 1482 de
2029 1443 2144 1498 quo

576 1517 770 1586 agitur,
821 1525 966 1570 textu
1005 1518 1070 1570 de
1105 1518 1284 1572 divina
1341 1529 1394 1571 et
1425 1519 1709 1574 manifesta
1753 1519 1986 1588 Spiritus
2015 1537 2137 1573 san-

575 1606 645 1660 cti
674 1606 983 1675 operatione
1013 1622 1190 1661 sermo
1217 1607 1304 1669 sit,
1338 1623 1399 1661 ea
1448 1620 1501 1661 ιιι
1536 1610 1586 1662 in
1636 1609 1868 1662 medium
1906 1610 2134 1664 adduxi-
2174 1646 2176 1648 τ

577 1697 666 1757 sti,
707 1707 868 1767 atque
914 1696 1016 1752 hac
1061 1699 1270 1752 ratione
1315 1699 1641 1753 contumelia
1692 1702 1865 1770 potius
1913 1702 2134 1757 all’ecisti

2231 519 2580 588 καταφέρεις,
2601 518 2738 585 τόγε
2767 518 2858 570 ἐπὶ
2891 517 2995 581 σοὶ,
3028 517 3125 588 τὴν
3160 515 3484 586 ἀσύγκριτον
3506 513 3652 578 δόξαν
3686 514 3770 569 τοῦ

2231 609 2363 661 Θεοῦ
2399 609 2628 679 Πατρὸς,
2652 608 2746 660 τοῦ
2775 608 3131 678 ὁμοιολεξίαις
3158 608 3249 659 ἐπὶ
3278 606 3435 659 θείων
3460 606 3772 675 πραγμάτων

2230 697 2722 768 ἁνευφημηθέντος,
2752 698 2846 751 καὶ
2869 697 2962 750 τοῦ
2989 697 3304 767 Πνεύματος
3328 695 3488 748 αὐτοῦ
3510 711 3523 724 ·
3547 694 3634 748 καὶ
3663 694 3772 746 ἐλα-

2233 787 2322 850 θες
2365 787 2587 851 εἰκότως
2631 787 2799 851 τάξας
2842 788 3033 841 ἑαυτὸν
3079 787 3136 840 ὲν
3176 788 3287 848 τοῖς
3322 784 3488 853 ὑγιῶς
3519 783 3770 854 φρονοῦσι.

2231 880 2474 950 Πρόσεχε
2518 879 2576 932 δὲ
2623 878 2839 950 μᾶλλον,
2879 879 2961 931 ὅτι
3010 879 3067 930 ὲν
3111 880 3222 940 τοῖς
3266 875 3652 947 προκειμένοις,
3681 875 3774 943 πρὸ

2232 970 2323 1022 τοῦ
2345 968 2478 1021 Θεοῦ
2504 969 2710 1038 Πατρὸς
2741 969 2830 1020 καὶ
2855 967 2949 1021 τοῦ
2978 966 3133 1029 Υἱοῦ,
3151 967 3211 1018 τὸ
3240 968 3390 1032 ἆγιον
3421 963 3635 1033 Πνεῦμα
3649 964 3775 1034 πρῶ-

2231 1078 2322 1114 τον
2361 1059 2677 1129 θεοπρεπῶς
2706 1057 3106 1129 ἐμνημονεύθη·
3138 1058 3230 1110 καὶ
3257 1055 3470 1123 λογίζου
3494 1057 3556 1107 ὲκ
3582 1055 3774 1116 τούτου,

2233 1152 2314 1204 ὅτι
2338 1151 2596 1221 διαφορὰν
2626 1152 2657 1220 ή
2701 1151 2757 1202 ἐν
2793 1150 2978 1218 μονάδι
3007 1150 3178 1218 σεπτὴ
3211 1148 3377 1218 Τριὰς
3409 1147 3506 1198 οὐκ
3543 1145 3668 1215 ἔχει,
3697 1145 3778 1197 καὶ

2235 1245 2314 1298 ὅτι
2343 1245 2596 1314 ἀρρήτως
2632 1246 2882 1312 συνεργεῖ
2909 1245 3094 1312 ἑαυτῇ.
3131 1237 3261 1294 Εἶτα
3291 1242 3354 1294 σὺ
3399 1241 3681 1310 σκόπησον,
3708 1240 3777 1290 ὅτι

2235 1335 2450 1403 ἑκάστῳ
2477 1334 2564 1386 διὰ
2596 1333 2688 1386 τοῦ
2721 1334 2876 1400 ἁγίου
2904 1333 3039 1385 Πνεύ
3049 1350 3215 1402 ματος
3240 1333 3334 1384 καὶ
3367 1330 3517 1401 παρὰ
3531 1330 3619 1383 τοῦ
3641 1331 3778 1398 ἁγίου

2236 1414 2549 1495 Πνεῦματος
2576 1425 2773 1478 δίδοται
2801 1424 2866 1477 τὰ
2890 1423 3331 1494 μνημονευθέντα
3358 1421 3512 1474 θεῖκὰ
3543 1423 3781 1493 χαρίσμα-

2235 1534 2322 1570 τα·
2352 1509 2425 1568 ὧν
2456 1516 2681 1585 οὐδεμία
2702 1515 2897 1580 ἔξωθεν
2935 1513 3284 1566 ὑπολείπεται
3311 1513 3456 1576 δόσις
3491 1512 3668 1581 θεῖκῆς
3700 1514 3780 1564 δω-

2242 1609 2367 1678 ρεᾶς
2402 1607 2526 1668 ἰδία,
2562 1609 2654 1658 καὶ
2683 1600 2755 1658 ὧν
2777 1609 2805 1659 ὁ
2835 1605 2909 1676 μὴ
2934 1605 3237 1674 τυγχάνων,
3262 1604 3338 1666 ὡς
3365 1603 3516 1674 παρὰ
3549 1602 3632 1656 τοῦ
3660 1601 3779 1655 Θεοῦ

2237 1699 2544 1768 διδομένων,
2578 1697 2776 1749 ἀθλίων
2802 1698 2948 1749 ἐστὶν
2976 1695 3330 1764 ἀθλιώτερος·
3376 1695 3469 1748 καὶ
3496 1696 3524 1746 ὁ
3553 1694 3622 1763 μὴ
3660 1693 3783 1745 οὕτω

576 1788 998 1855 Spiritum'Dei,
1033 1803 1197 1860 quam
1233 1789 1504 1845 laudasti?
1544 1791 1747 1847 Deinde
1784 1810 1886 1847 non
1923 1796 2023 1849 hoc
2054 1805 2136 1848 at-

2242 1791 2465 1861 γράφων
2509 1806 2565 1841 τε
2624 1790 2717 1841 καὶ
2767 1788 2958 1853 λέγων,
3009 1787 3222 1849 ἀνίατος
3268 1786 3440 1856 μένει,
3485 1788 3604 1856 μήτ’
3643 1786 3780 1846 αὐτὸς

577 1880 898 1934 tendendum
926 1891 1028 1948 est,
1058 1884 1200 1950 quod
1223 1881 1327 1948 ais,
1354 1882 1680 1952 homonyme
1722 1893 1812 1937 aut
1848 1899 2138 1956 synonyme

573 1985 698 2023 cum
727 1971 791 2024 de
817 1970 950 2037 Deo,
985 1980 1094 2025 tum
1121 1974 1188 2027 de
1221 1975 1422 2042 herbis,
1455 1975 1599 2028 etde
1621 1972 1820 2028 Satana
1857 1977 2026 2044 accipi
2055 1992 2138 2030 vo-

574 2075 692 2115 cem
717 2061 947 2131 ἐνεργεῖ,
979 2061 1030 2114 id
1047 2070 1150 2127 est,
1183 2083 1201 2114 ι
1228 2075 1514 2133 Operalur;
1542 2081 1562 2114 ι
1584 2063 1677 2119 sed
1699 2078 1939 2132 persona:
1960 2072 2138 2119 atten-

577 2152 764 2205 denda:
794 2161 942 2216 sunt,
973 2161 1132 2221 atque
1158 2157 1530 2224 Operationum
1570 2157 1882 2214 discrimina
1914 2176 1926 2212 :
1964 2174 2027 2214 ac
2069 2161 2136 2211 de

577 2242 663 2306 iis,
698 2257 817 2311 quae
850 2243 914 2296 ad
938 2244 1178 2300 divinum
1208 2246 1466 2317 Spiritum
1512 2249 1764 2313 attinent,
1799 2249 1914 2304 sive
1941 2251 2141 2304 doctri-

579 2332 694 2398 nis,
733 2333 846 2388 sive
879 2338 1062 2400 rebus,
1091 2336 1351 2406 judicium
1399 2340 1576 2395 lacere
1612 2351 1846 2410 oportet,
1893 2356 1995 2395 non
2047 2341 2139 2395 ha-

578 2423 687 2478 bita
723 2425 788 2478 ad
815 2441 902 2480 res
933 2437 1173 2484 terrenas
1205 2439 1260 2483 et
1312 2433 1378 2484 ad
1425 2432 1654 2501 ejectum
1687 2447 1716 2486 e
1757 2433 1894 2486 cmlo
1941 2434 2136 2486 clamne-

577 2528 698 2568 nem
727 2517 952 2584 ratione,
985 2521 1076 2572 sed
1105 2520 1288 2574 habita
1320 2522 1526 2576 ratione
1552 2524 1617 2576 ad
1644 2523 1830 2584 Deum,
1863 2523 1954 2590 qui
1979 2527 2141 2576 verbo

582 2603 688 2669 illo,
713 2607 940 2676 ἐνεργεῖ,
974 2608 1077 2662 hoc
1101 2620 1204 2672 est,
1223 2629 1241 2660 ι
1271 2620 1543 2678 operatur,
1579 2629 1599 2661 ι
1625 2611 1927 2666 celebratus
1954 2622 2057 2675 est,
2085 2623 2140 2663 ut

586 2697 834 2760 superius
862 2697 1060 2750 dictum
1095 2699 1215 2753 fuit.
1241 2698 1461 2771 Singula
1491 2701 1659 2763 enim,
1700 2717 1819 2770 qua:
1847 2703 1910 2753 de
1937 2701 2140 2770 Spiritu

582 2796 772 2841 sancto
800 2789 1030 2842 inveniri
1062 2800 1291 2858 possunt
1345 2791 1638 2860 Scripturae
1675 2793 1813 2858 loca,
1842 2796 1965 2847 talia
1995 2807 2138 2859 sunt,

583 2885 640 2928 ut
670 2892 735 2930 ex
779 2887 886 2931 tota
932 2881 1199 2934 sermonis
1228 2881 1374 2935 serie
1414 2893 1467 2936 et
1509 2885 1894 2952 consequentia
1940 2895 2138 2953 pateat,

582 2965 840 3034 Spiritum
877 2967 1046 3036 ipsum
1079 2984 1198 3022 cum
1242 2984 1328 3035 ea,
1377 2984 1498 3039 qua:
1528 2971 1637 3027 Deo
1665 2975 1936 3040 convenit,
1986 2991 2143 3030 vene-

581 3057 787 3110 ratione
843 3059 1280 3122 commemorari,
1356 3069 1620 3116 creaturae
1677 3078 1846 3127 vero,
1919 3075 1974 3119 et
2033 3068 2141 3121 dae-

584 3159 704 3196 mon
753 3159 816 3197 eo
867 3145 1024 3198 modo
1072 3157 1595 3216 commemorantur,
1648 3165 1756 3218 quo
1808 3163 2081 3206 merentur
2130 3179 2141 3212 ;

583 3238 741 3306 211
782 3237 833 3291 id
864 3241 1007 3305 quod
1038 3252 1144 3292 non
1175 3240 1467 3294 observans
1497 3249 1573 3306 tu,
1613 3241 1702 3310 qui
1735 3240 2147 3298 Macedonianus

583 3344 665 3392 es,
701 3341 799 3380 nec
824 3342 909 3394 ea,
960 3343 1078 3397 quae
1118 3338 1377 3399 operatur
1417 3331 1627 3385 darmon
1671 3347 1736 3386 ex
1787 3333 1932 3398 odio,
1983 3334 2050 3386 ab
2084 3337 2148 3389 iis

583 3416 917 3479 discernens,
956 3431 1076 3486 qua:
1123 3417 1357 3486 Spiritus
1392 3428 1610 3475 sanctus
1642 3422 1712 3476 ob
1755 3437 1911 3475 suum
1957 3423 2008 3476 in
2047 3427 2146 3478 bo-

585 3506 757 3560 mines
784 3521 1020 3560 amorem
1058 3518 1334 3575 operatur,
1365 3511 1640 3580 deprimis,
1676 3526 1939 3581 quantum
1995 3515 2045 3568 in
2096 3527 2148 3571 te

582 3606 686 3660 est,
713 3611 778 3651 ac
812 3596 1102 3652 labefactas
1145 3614 1242 3668 per
1278 3615 1362 3666 ea,
1389 3617 1508 3669 qua:
1543 3617 1608 3656 ex
1649 3606 1825 3657 cordis
1858 3607 1932 3658 tui
1973 3607 2145 3660 abun-

583 3686 767 3739 (lautia
801 3687 955 3753 dicis,
987 3690 1463 3759 incomparabilem
1511 3693 1742 3764 gloriam
1792 3696 1882 3749 Dei
1933 3695 2143 3762 Patris,

584 3778 672 3843 qui
707 3778 973 3834 similibus
1019 3791 1072 3834 et
1114 3783 1228 3850 ipse
1280 3783 1647 3840 locutionibus
1699 3789 1770 3842 ob
1821 3789 2001 3844 divina
2050 3806 2144 3844 sua

581 3883 742 3937 opera
773 3869 1075 3926 celebratus
1113 3883 1220 3937 est,
1260 3884 1314 3928 et
1346 3877 1517 3930 sancti
1563 3877 1799 3948 Spiritus
1846 3881 2014 3949 ipsius
2044 3881 2145 3935 Pa-

584 3961 714 4014 tris:
745 3976 918 4030 neque
951 3963 1078 4016 illud
1101 3965 1554 4032 animadvertisti,
1577 3970 1721 4038 quod
1746 3972 2016 4028 immerito
2035 3974 2147 4045 (54)

587 4052 926 4120 temetipsum
973 4053 1117 4106 inter
1165 4069 1258 4108 eos
1313 4060 1630 4126 numerasti,
1682 4061 1775 4130 qui
1828 4073 1974 4117 recte
2026 4081 2150 4118 sen-

585 4145 744 4196 tiunt.
780 4144 884 4197 Sed
917 4144 1018 4197 hoc
1047 4146 1226 4214 potius
1255 4149 1489 4214 attende,
1523 4151 1664 4217 quod
1691 4152 1742 4205 in
1777 4153 1957 4207 allatis
1993 4153 2148 4210 Pauli

581 4237 764 4290 verbis
796 4248 921 4290 ante
961 4239 1125 4293 Deum
1156 4237 1392 4304 Patrem,
1425 4251 1480 4296 et
1517 4242 1709 4298 Filium
1746 4246 1980 4314 Spiritus
2014 4264 2141 4302 san-

585 4336 704 4381 ctus
738 4328 915 4396 primo
964 4327 1080 4382 loco
1129 4339 1462 4385 memoratus
1517 4342 1644 4387 est:
1694 4335 1745 4388 id
1795 4351 1918 4390 vero
1958 4338 2005 4392 ei
2051 4339 2147 4392 soli

2237 1879 2633 1950 ὠφελούμενος,
2673 1879 2798 1949 μήτ’
2821 1877 3012 1941 ἄλλους
3043 1877 3297 1946 ὠφελῶν,
3336 1876 3472 1930 ἀλλὰ
3507 1875 3593 1946 [97
3621 1875 3672 1946 ιι]
3705 1875 3784 1927 καὶ

2243 1970 2510 2040 βλάπτων·
2543 1973 2634 2023 καὶ
2663 1972 2743 2023 ὅτι
2776 1969 2950 2022 ταῦτα
2985 1971 3160 2022 πάντα
3207 1969 3419 2038 ἐνεργεῖ
3449 1967 3507 2019 τὸ
3541 1966 3596 2018 ἓν
3624 1966 3710 2018 καὶ
3733 1965 3784 2018 τὸ

2239 2061 2369 2112 αὐτὸ
2396 2061 2634 2130 Πνεῦμα,
2664 2060 2808 2113 τοῦτ’
2842 2059 2988 2112 ἔστιν
3019 2061 3162 2110 ποιεῖ
3181 2074 3239 2110 τε
3276 2058 3372 2110 καὶ
3410 2058 3664 2127 παρέχει·
3695 2055 3784 2109 at:

2229 2154 2317 2213 εἰς
2351 2149 2520 2202 ταῦτα
2567 2149 2827 2219 ἐνεργῶν,
2874 2149 2968 2201 καὶ
3024 2150 3104 2211 είς
3151 2147 3328 2201 πάντα
3379 2147 3676 2216 ἐνεργήσει,
3706 2143 3782 2198 καὶ

2240 2241 2486 2313 ἁνενδεής
2513 2244 2679 2293 ἐστιν·
2709 2242 2736 2293 ὁ
2775 2241 2831 2292 δὲ
2860 2238 3132 2314 ᾁνενδεὴς,
3161 2239 3408 2309 ἀπαθής·
3433 2240 3461 2290 ὁ
3491 2238 3546 2290 δὲ
3575 2235 3785 2306 ἀπαθὴς,

2197 2369 2209 2380 .
2239 2334 2386 2398 Θεὸς.
2413 2330 2489 2385 τΗ
2519 2330 2624 2403 ἆρα
2657 2331 2750 2385 ἐὰν
2781 2331 3005 2402 λέγηται
3050 2332 3177 2402 περὶ
3226 2330 3319 2383 τοῦ
3368 2329 3506 2383 Θεοῦ
3564 2329 3784 2400 Πατρός”

2245 2446 2262 2476 ι
2306 2425 2507 2498 Κύριος
2534 2425 2754 2488 δυνατὸς
2778 2426 2833 2476 ὲν
2856 2424 3092 2503 πολέμῳ·
3121 2443 3136 2474 ι
3169 2423 3282 2482 καὶ,
3312 2441 3330 2473 ι
3370 2423 3609 2485 Γνωστὸς
3638 2424 3689 2475 ὲν
3724 2423 3781 2490 τῇ

2239 2517 2468 2588 Ἰουδαίᾳ
2498 2519 2526 2568 ὁ
2558 2516 2708 2579 Θεὸς,
2749 2536 2769 2569 ι
2809 2517 2902 2569 καὶ
2932 2517 3031 2568 ὃσα
3058 2515 3298 2568 τοιαῦτα·
3328 2517 3386 2567 ὲν
3413 2515 3588 2578 ἄλλοις
3609 2514 3664 2565 οὺ
3688 2529 3770 2582 νοη

2241 2607 2464 2674 θήσεται
2495 2606 2753 2673 δυνατὸς,
2803 2609 2896 2660 ναὶ
2943 2607 3326 2678 ἐνεργητικὸς,
3371 2609 3466 2661 καὶ
3513 2605 3785 2674 ἐπιφανής;

2242 2700 2446 2770 meum
2483 2699 2538 2752 δὲ
2594 2699 2826 2766 ὁμοίως,
2877 2701 2959 2752 ὅτι
3013 2700 3193 2752 πᾶσαν
3244 2699 3342 2763 μὲν
3379 2697 3786 2769 ἁπαμφιέννυσιν

2242 2791 2521 2862 αἱρετικὴν
2571 2790 3002 2858 πειθανολογίαν,
3052 2790 3413 2858 διεγγυῶνται
3451 2791 3507 2843 δὲ
3549 2790 3786 2859 διαφόρως

2241 2884 2337 2952 τὴν
2369 2882 2558 2952 θεῖκὴν
2579 2881 2741 2933 αὑτοῦ
2774 2881 3226 2950 αὐτεξουσιότητα
3246 2923 3260 2944 ,
3288 2882 3386 2951 τὴν
3417 2880 3680 2952 ὁμόφρονα
3709 2877 3786 2931 τοῦ

2243 2976 2484 3046 Πατρὸς,
2519 2974 2612 3026 καὶ
2640 2973 2732 3026 τοῦ
2763 2971 2891 3024 Υίοῦ
2912 3011 2926 3035 ,
2955 2974 3011 3026 al.
3043 2972 3183 3025 οὕτω
3233 2971 3578 3025 διαλαλοῦσαι
3617 2967 3787 3034 λέξεις·

2250 3085 2267 3117 ι
2306 3064 2460 3119 Κατὰ
2488 3065 2585 3135 τὴν
2618 3064 2780 3117 αὑτοῦ
2805 3063 3040 3134 θέλησιν·
3078 3083 3096 3115 ι
3135 3064 3250 3127 καὶ,
3282 3083 3301 3115 ι
3331 3066 3540 3136 Διαιρεῖ
3571 3064 3669 3134 ἰδίᾳ
3689 3060 3784 3113 ἑκά

2249 3175 2357 3227 στῳ
2387 3156 2566 3218 καθὼς
2607 3156 2872 3225 βούλεται’
2903 3175 2921 3207 ι
2961 3157 3054 3210 καὶ
3087 3155 3167 3208 ὅτι
3202 3160 3660 3228 συνεπιμαρτυρεῖ
3685 3155 3791 3208 τού-

2245 3266 2377 3312 τοις,
2415 3249 2442 3301 ὃ
2473 3265 2527 3300 τε
2562 3248 2693 3312 Θεὸς
2746 3248 2932 3318 Πατὴρ
2976 3248 3219 3317 σημείοις
3268 3248 3362 3301 καὶ
3408 3249 3643 3319 τέρασιν,
3691 3248 3790 3299 ὅτε

2247 3337 2432 3407 Σωτὴρ
2470 3336 2668 3405 λέγων·
2713 3357 2730 3388 ι
2780 3337 2851 3390 Τὸ
2898 3337 3124 3408 Πνεῦμα
3154 3339 3254 3410 τῆς
3282 3339 3562 3409 ἀληθείας,
3597 3339 3623 3392 ὃ
3666 3337 3791 3407 παρὰ

2245 3429 2338 3483 τοῦ
2369 3430 2580 3501 Πατρὸς
2612 3429 2986 3502 ἐκπορεύεται·
3023 3449 3042 3481 ι
3083 3430 3207 3492 καὶ,
3238 3449 3255 3480 ι
3297 3431 3369 3482 Τὸ
3396 3430 3618 3501 Πνεῦμά
3665 3431 3791 3482 ἐστιν

2247 3521 2282 3589 ή
2319 3519 2576 3589 ἀλήθεια·
2619 3538 2636 3568 ι
2674 3519 2702 3570 ὃ
2735 3535 2790 3569 τε
2825 3517 3058 3588 Πέτρος,
3102 3515 3233 3570 Θεὸν
3283 3516 3344 3568 τὸ
3391 3517 3544 3585 ἆγιον
3595 3513 3792 3584 Πνεῦμα

2246 3610 2534 3681 διαρρήδην
2580 3609 2658 3679 τῷ
2696 3609 2916 3679 Ἀνανίᾳ
2967 3608 3347 3676 καταγγέλλων
3401 3608 3648 3662 τοιῶσδε·
3683 3625 3699 3656 ι
3738 3601 3792 3656 Τί

2247 3702 2330 3754 ὃτι
2355 3701 2704 3771 συνεφωνήθη
2733 3701 2860 3770 ὑμῖν
2887 3698 3186 3768 ψεύσασθαι
3211 3700 3270 3752 τὸ
3299 3699 3526 3769 Πνεῦμα
3545 3696 3603 3749 τὸ
3625 3696 3791 3762 ἆγιονς

2249 3795 2363 3845 Οὐκ
2409 3791 2620 3861 ἐψεύσω
2654 3791 2924 3861 ἀνθρώπῳ
2945 3830 2960 3854 ,
2995 3790 3129 3844 ἀλλὰ
3157 3789 3233 3860 τῷ
3275 3788 3418 3858 Θεῷ.
3448 3809 3466 3840 ι
3503 3787 3720 3842 Κάκεῐνο
3745 3783 3793 3836 δὲ

2249 3883 2401 3944 εἰδὼς
2427 3881 2536 3945 ἔσο,
2566 3881 2648 3956 ὅτι
2673 3882 2772 3932 οὐκ
2804 3879 2990 3944 ἔλαθες
3021 3879 3340 3950 πανούργως
3386 3875 3713 3949 παραλείψας
3745 3875 3792 3925 ὲν

2247 3975 2324 4045 τῷ
2359 3974 2570 4043 ματαίῳ
2605 3973 2698 4026 καὶ
2735 3971 3062 4025 καταϐλαὸεἰ
3099 3969 3422 4041 πονηματίῳ
3457 3987 3548 4022 σου
3569 4009 3583 4032 ,
3621 3963 3793 4037 μᾶλλον

2248 4066 2303 4120 δὲ
2336 4064 2804 4136 βλασφημητηρίῳ
2847 4081 2962 4130 σου,
2999 4063 3058 4116 τὸ
3108 4061 3516 4134 προηγούμενον
3555 4060 3644 4114 τοῦ
3669 4057 3792 4112 Θείου

2248 4156 2502 4227 γραφίου.
2551 4154 2796 4224 Περιέχει
2837 4154 2944 4224 γὰρ
2982 4148 3113 4207 ὧδε·
3154 4171 3171 4203 ι
3226 4153 3298 4206 Τὸ
3341 4154 3403 4205 ἓν
3446 4153 3540 4206 καὶ
3579 4150 3636 4204 τὸ
3680 4145 3794 4203 αὐτὸ

2249 4247 2492 4318 Πνεῦμα·
2535 4266 2552 4297 ι
2585 4247 2678 4298 καὶ
2715 4245 2886 4309 οὕτως
2929 4245 3176 4314 ἐπιφέρει
3203 4284 3217 4306 ,
3260 4244 3288 4297 ὃ
3327 4245 3487 4314 μόνον
3531 4245 3592 4297 σὺ
3645 4240 3794 4294 ἐνδια-

2251 4340 2495 4410 στρόφως
2537 4339 2846 4408 ἐπήγαγες·
2884 4355 2902 4386 ι
2940 4335 3188 4406 Διαιροῦν
3237 4335 3340 4406 ίδίᾳ
3383 4335 3595 4405 ἑκάστῳ
3635 4329 3794 4390 καθὼς

583 4419 854 4486 convenit,
905 4420 998 4488 qui
1030 4420 1168 4474 Deus
1213 4421 1301 4476 sit.
1332 4422 1408 4475 Ex
1437 4424 1537 4477 hoc
1573 4433 1753 4478 autem
1786 4427 1945 4495 infer,
1983 4444 2140 4483 vene-

2252 4430 2522 4500 βούλεται·
2560 4447 2578 4479 ι
2616 4429 2737 4482 ἀντὶ
2765 4428 2878 4490 τοῦ,
2903 4427 3262 4498 δωρούμενον,
3293 4428 3385 4480 καὶ
3429 4428 3687 4498 διανέμον,
3714 4423 3794 4476 καὶ

583 4513 766 4564 randae
810 4510 882 4564 illi
931 4511 984 4565 in
1026 4513 1235 4567 unitate
1288 4514 1570 4569 exsistenti
1632 4516 1884 4571 Trinitati
1947 4520 2145 4574 nullam

585 4602 741 4670 plane
789 4604 968 4657 inesse
1014 4604 1472 4674 discrepantiam,
1527 4621 1754 4677 eamque
1807 4609 2149 4666 inell‘abiliter

582 4693 776 4746 suimet
831 4694 998 4760 ipsius
1049 4697 1471 4761 cooperatricem
1522 4711 1662 4751 esse.
1719 4697 1850 4752 Illud
1919 4702 2140 4771 insuper

584 4785 889 4850 considera,
944 4785 1084 4853 quod
1147 4797 1565 4841 commemorata
1605 4787 1786 4843 divina
1837 4792 1976 4845 dona
2031 4793 2147 4846 uni-

583 4875 775 4942 cuique
820 4890 912 4942 per
951 4876 1212 4945 Spiritum
1257 4889 1527 4944 sanctum,
1555 4891 1609 4932 ct
1639 4896 1668 4933 a
1711 4880 1920 4949 Spiritu
1955 4894 2145 4937 sancto

583 4965 936 5018 conferuntur
968 4984 981 5021 :
1010 4978 1202 5033 prmter
1232 4985 1352 5037 qum
1379 4971 1521 5024 nulla
1554 4971 1656 5024 alia
1691 4973 1896 5040 reliqua
1931 4984 2013 5027 est
2044 4975 2146 5027 lar-

583 5060 714 5127 gitio
743 5074 807 5114 ac
855 5060 1071 5115 donatio
1109 5062 1303 5117 divina:
1331 5067 1517 5136 gratiae
1565 5067 1776 5135 propria
1809 5083 1823 5131 ;
1887 5068 1980 5136 qui
2011 5083 2141 5123 vero

583 5164 644 5202 ea
689 5167 792 5204 non
824 5153 1147 5220 assequitur,
1201 5163 1384 5221 utpote
1427 5171 1455 5208 a
1492 5156 1599 5211 Deo
1627 5160 1771 5222 data,
1828 5159 2146 5214 miserorum

586 5245 918 5298 miserrimus
947 5256 1032 5300 est
1063 5262 1076 5310 ;
1111 5261 1173 5301 ac
1201 5249 1245 5301 si
1274 5250 1398 5314 quis
1424 5265 1531 5304 non
1581 5251 1652 5303 ita
1695 5250 1746 5303 in
1782 5251 1998 5319 scriptis
2038 5251 2151 5305 suis

583 5337 764 5400 sentit,
799 5353 862 5390 ac
905 5341 1264 5406 sermonibus,
1316 5342 1405 5394 ille
1449 5343 1767 5398 insanabilis
1815 5353 2013 5408 manet,
2061 5359 2152 5397 ne-

586 5446 689 5498 que
717 5431 1093 5501 adiumentum
1138 5433 1252 5501 ipse
1298 5435 1459 5489 ullum
1497 5437 1822 5505 percipiens,
1876 5453 1975 5491 nec
2013 5438 2149 5491 alios

2249 4520 2588 4574 ὲκκαλύπτον
2611 4518 2941 4581 αὑθεντικῶς
2978 4518 3046 4571 τὰ
3077 4518 3301 4588 οὐράνια
3339 4520 3538 4586 ἀγαθά.
3585 4518 3690 4570 Οὐκ
3713 4517 3796 4582 ὀρ-

2250 4611 2346 4681 θῆς
2367 4611 2422 4663 δὲ
2450 4610 2672 4680 γνώμης
2699 4611 2791 4662 καί⁸
2818 4609 3070 4672 πίστεως,
3101 4610 3236 4679 μετὰ
3269 4610 3360 4661 τοῦ
3386 4605 3794 4684 παρερμηνεύειν

2248 4701 2328 4753 ἔτι
2369 4703 2462 4753 καὶ
2489 4700 2923 4771 ἀκρωτηριάζειν
2948 4701 3016 4754 τὰ
3037 4701 3210 4769 λόγια.
3250 4701 3338 4772 [97
3376 4703 3428 4774 b]
3476 4703 3546 4754 Τὸ
3584 4699 3683 4768 γὰρ
3711 4711 3794 4746 πε·

2251 4791 2484 4861 ριέχειν,
2526 4810 2544 4841 ι
2583 4791 2676 4842 Ἕν
2709 4792 2800 4844 καὶ
2838 4791 2897 4844 τὸ
2920 4793 3049 4845 αὑτὸ
3081 4791 3337 4863 Πνεῦμα,
3369 4813 3388 4844 ι
3427 4790 3691 4847 ἀποκλείει
3723 4800 3793 4836 σοι

2250 4882 2344 4935 τοῦ
2373 4900 2431 4935 τε
2463 4881 2716 4952 χωρίζειν
2754 4882 2884 4935 αὐτὸ
2911 4883 3011 4954 τῆς
3040 4884 3176 4953 πρὸς
3210 4885 3302 4936 τὸν
3325 4885 3420 4938 ἕνα
3439 4925 3453 4948 ,
3485 4885 3577 4938 καὶ
3605 4875 3792 4936 ἀνώτα-

2251 4993 2361 5037 τον,
2396 4976 2487 5027 mi
2519 4975 2689 5027 πάντα
2717 4973 3176 5044 πηδαλιουχοῦντα
3204 4976 3526 5048 ταυτότητος
3554 4971 3791 5041 (διαφέρει

2253 5067 2360 5138 γὰρ
2391 5062 2544 5131 οὗτος
2573 5071 2600 5120 ὀ
2628 5067 3069 5138 ἁθεωρητότατος
3096 5069 3190 5120 καὶ
3218 5068 3704 5140 ἀπεριληπτύτατος
3730 5063 3786 5130 τῇ

2255 5161 2463 5231 θεότητι
2496 5159 2611 5212 ούτι
2646 5176 2707 5227 γε
2743 5159 3002 5230 σμικρὸν,
3043 5159 3182 5230 πλὴν
3223 5162 3368 5232 μόνῳ
3389 5162 3465 5230 τῷ
3492 5161 3586 5229 τῆς
3613 5153 3791 5220 πατρό-

2249 5268 2410 5322 τητος
2448 5251 2620 5322 λόγῳ·
2653 5252 2734 5304 ὃτι
2771 5249 3096 5320 ἐξεπορεύθη
3122 5251 3280 5320 φύσει
3317 5252 3374 5315 ἐξ
3408 5250 3588 5313 αὐτοῦ,
3624 5246 3710 5301 καὶ
3737 5241 3786 5295 οὐ

2251 5343 2609 5415 δημιουργικῇ
2635 5342 3031 5412 ἐνεργείᾳ),τοῦ
3043 5359 3100 5394 τε
3123 5343 3318 5410 λέγειν’
3342 5345 3402 5396 Ei
3426 5332 3785 5411 ΠνεῦμαΘεοῦ,

2255 5438 2346 5490 καὶ
2397 5435 2623 5507 Πνεῦμα
2672 5436 2909 5508 Χριστοῦ
2965 5437 3294 5508 γέγραπται,
3351 5439 3458 5495 δύο,
3496 5435 3787 5509 νοηθήσεται

659 5650 768 5728 ἐξά)
817 5649 1102 5706 Inmerito.
1136 5651 1187 5707 In
1225 5652 1430 5721 Graeco,
1464 5656 1704 5719 εἰκότως.
1745 5657 1931 5711 Viderit
1988 5660 2140 5710 ιρι-ιυι

2244 5674 2258 5709 ι
2311 5661 2588 5728 legendum
2633 5661 2692 5714 sit
2749 5662 2844 5713 οὐκ
2918 5662 3172 5724 εἰκότως,
3233 5672 3318 5714 aut
3364 5659 3672 5730 pauluposl.
3703 5646 3785 5714 οὐχ

589 5719 616 5770 ὑ
628 5722 767 5785 γιώς.
