4082 6406
312 328 415 388 609

1345 322 1432 377 DE
1466 321 1844 378 TRINITATE
1881 319 2081 377 LIBER
2126 319 2507 377 SECUNDUS.

3451 325 3556 382 (illi

311 444 629 515 Πνεῦματα.
671 443 997 514 Προείρηται
1029 443 1084 496 δὲ
1111 443 1170 496 οὐ
1199 441 1376 511 πολλῴ
1401 441 1657 512 ἀνωτέρω
1679 482 1692 501 ,
1725 441 1792 492 δι’
1827 440 1891 510 ἢν

2003 438 2200 502 iuvans,
2257 438 2352 493 sed
2404 438 2484 492 eis
2535 439 2718 507 potius
2767 456 2988 496 nocens.
3047 441 3230 512 Neque
3281 459 3408 497 vero
3460 447 3560 500 hoc

310 537 491 590 αἰτίαν
529 537 678 588 οὕτω
718 534 1191 606 κεχρησμῴδηται.
1235 534 1326 606 Μὴ
1365 533 1548 601 ἀγνόει
1591 532 1646 585 δὲ
1686 533 1780 587 καὶ
1827 533 1888 585 τὸ

311 630 389 681 ὅτι
422 628 490 680 τὰ
515 628 811 697 ἐκκείμενα
830 627 1006 693 λόγια,
1037 627 1134 678 οὐκ
1162 626 1288 680 ἄλλο
1315 625 1567 696 σημαῖνει
1599 625 1888 694 πρόσωπον

311 715 450 772 εἶναι
465 720 526 771 τὸ
550 716 932 789 χαριζόμενον,
953 718 1045 772 καὶ
1063 718 1190 773 ἄλλο
1205 718 1264 770 τὸ
1287 718 1431 770 διανέ
1440 735 1556 788 μον.
1579 716 1654 778 ὡς
1675 715 1888 768 ἐπὶτῶν

311 806 405 859 ὅλα
426 807 566 877 μήτε
583 807 779 860 εἰδέναι
799 807 1132 877 δυναμένων,
1153 808 1287 878 μήτε
1306 807 1519 870 ἀπόνως
1542 806 1890 876 πραττόντων

313 896 408 950 ἀνθ
416 896 640 968 ρώπων,
669 899 761 950 καὶ
786 899 872 950 διὰ
891 898 1047 952 τοῦτο
1061 899 1305 953 διδόντων
1325 899 1420 968 μὲν
1435 898 1746 968 ἀποκρίτως
1765 897 1889 949 τού-

313 1007 441 1054 των,
467 991 674 1061 ἐτέρων
702 991 760 1043 δὲ
785 992 925 1044 κατὰ
947 993 1270 1062 δοκιμασίαν
1285 992 1484 1064 ἀκριϐῆ
1505 993 1888 1064 διανεμόντων,

322 1082 536 1148 μήπως.
567 1081 601 1149 ἣ
650 1081 698 1132 οἱ
746 1081 1106 1151 χορηγοῦντες
1163 1082 1261 1134 οὐκ
1318 1082 1716 1152 ὲπαρκέσωσιν,
1761 1082 1793 1152 ἣ
1845 1083 1893 1134 οἱ

320 1169 722 1241 διακονούμενοι
756 1173 907 1224 αὐτοὶ
931 1173 990 1224 οὐ
1019 1172 1367 1243 κερδάνωσιν.
1408 1173 1464 1225 Ὀ
1493 1173 1600 1244 γὰρ
1632 1173 1890 1235 ἀναίτιος,

323 1263 413 1314 καὶ
434 1261 671 1331 ἀπαθὴς,
705 1265 796 1315 καὶ
827 1263 1150 1334 ἀεικίνητος,
1186 1265 1501 1335 πανταρκής
1521 1281 1579 1317 τε
1603 1264 1695 1318 κα)⁴
1724 1263 1892 1332 ἄφθο-

320 1369 406 1415 νος
429 1352 583 1417 Θεὸς,
614 1356 643 1407 ὁ
680 1355 753 1425 μὴ
793 1355 931 1423 πρὸς
966 1355 994 1407 ὃ
1029 1355 1167 1418 ἄξιοι
1213 1353 1396 1408 λαϐεῖν
1424 1356 1585 1426 ἡμεῖς
1617 1355 1757 1422 (οὐδὲ
1787 1355 1894 1425 γὰρ

315 1443 436 1494 οὐδὲ
483 1444 622 1508 ἄξιοι
670 1445 729 1509 ὲξ
765 1445 940 1517 ἔργων
986 1446 1189 1514 ἀγαθοῦ
1240 1445 1494 1513 οὐδενὸς),
1525 1445 1659 1500 ἀλλὰ
1705 1445 1842 1516 πρὸς
1867 1445 1896 1498 ὃ

1993 530 2158 584 etiam
2203 532 2533 598 perpendere
2563 532 2802 595 omittas,
2849 534 2990 600 quod
3026 552 3044 584 ι
3082 533 3195 587 haec
3221 536 3399 588 omnia
3435 551 3563 605 ope-

1995 632 2142 674 ratur
2166 636 2304 674 unus
2331 630 2383 675 et
2423 622 2560 678 idem
2590 622 2843 690 Spiritus,
2880 642 2900 675 ι
2936 625 2986 677 id
3035 634 3138 689 est,
3180 639 3244 679 ea
3275 635 3328 679 et
3361 624 3488 679 facit
3510 636 3564 680 et

1995 713 2242 783 prarbet;
2280 714 2371 780 qui
2407 723 2585 767 autem
2639 716 2690 768 in
2750 717 2944 770 horum
2991 716 3276 784 largitione
3309 729 3566 785 operator

1995 813 2098 869 est,
2133 804 2184 857 in
2217 805 2468 860 omnibus
2500 822 2718 876 quoque
2746 809 3083 876 Operabitur,
3107 818 3161 862 et
3211 809 3353 861 nulla
3405 824 3462 862 re
3489 810 3564 860 iu-

1995 895 2162 963 diget;
2191 896 2280 964 qui
2310 911 2436 950 vero
2482 897 2623 952 nulla
2666 915 2722 951 re
2771 899 2991 967 indiget,
3039 899 3310 966 passionis
3337 898 3563 964 incapax

1993 995 2074 1039 est
2101 1005 2112 1051 ;
2141 987 2229 1054 qui
2259 1003 2386 1041 vero
2420 990 2685 1056 passionis
2715 1000 2797 1043 est
2832 991 3082 1058 lncapax,
3105 989 3242 1044 Dcus
3280 999 3380 1043 est.
3410 989 3560 1056 Quod

1993 1078 2036 1130 si
2094 1079 2158 1132 de
2204 1077 2311 1133 Deo
2339 1077 2500 1134 Patre
2568 1081 2801 1135 dicitttr:
2841 1098 2858 1130 ι
2922 1080 3178 1135 Dominus
3215 1080 3328 1151 (55)
3374 1092 3564 1148 potens

1991 1170 2046 1222 in
2083 1169 2219 1222 bello
2255 1188 2268 1223 :
2304 1189 2321 1221 ι
2353 1181 2416 1240 et
2451 1189 2463 1226 :
2504 1190 2522 1223 ι
2576 1171 2742 1226 Νοιιιε
2785 1173 2896 1241 (56)
2927 1173 2982 1227 in
3027 1171 3209 1226 Judma
3255 1173 3410 1238 Deus,
3445 1191 3463 1224 ι
3513 1181 3564 1227 ει

1996 1263 2098 1316 alia
2160 1264 2494 1334 hnjnsmodi,
2545 1267 2782 1335 nunquid
2819 1267 2931 1321 btec
2984 1268 3056 1320 ita
3109 1267 3454 1336 accipiemus,
3509 1276 3567 1319 ut

2001 1371 2122 1410 eum
2151 1357 2203 1409 in
2235 1358 2358 1411 aliis
2388 1358 2545 1412 rebus
2574 1368 2866 1427 potentem,
2906 1369 2959 1414 et
2987 1368 3349 1426 operatorem,
3405 1366 3459 1412 et
3495 1357 3562 1411 il-

2004 1445 2227 1501 lustrem
2253 1448 2620 1518 iuclytnmque
2649 1464 2752 1503 non
2786 1464 2905 1503 esse
2929 1448 3293 1504 arbitremur?
3317 1447 3444 1501 lllud
3477 1463 3569 1502 ve-

314 1535 468 1605 αὐτῷ
486 1535 668 1591 δοῦναι
699 1539 908 1609 πρέπον
940 1539 1055 1590 ἐστὶ
1084 1538 1336 1610 παρέχων
1357 1555 1368 1564 ·
1396 1540 1571 1592 πάντα
1594 1536 1768 1600 εἰδὼς,
1802 1537 1894 1592 καὶ

2003 1553 2063 1592 ro
2087 1538 2290 1606 pariter
2310 1550 2518 1606 reputa,
2574 1539 2981 1610 Scripturarum
3034 1540 3215 1595 verbis
3266 1555 3388 1594 mox
3437 1539 3566 1593 alie-

316 1628 499 1680 πάντα
529 1628 847 1699 δυνάμενος,
879 1630 955 1693 ὡς
990 1631 1086 1682 καὶ
1128 1632 1256 1701 παρ’
1284 1629 1538 1701 Ἕλλησιν
1569 1631 1782 1700 εἴρηται
1807 1646 1821 1660 ο

2003 1629 2186 1683 rendis
2209 1630 2494 1684 artilicium
2522 1647 2703 1698 omne,
2734 1647 2842 1702 quo
2887 1633 3075 1686 haresi
3107 1641 3297 1686 vestra-
3327 1632 3562 1701 aliquam

314 1721 430 1774 γει-ἰ
462 1721 696 1788 Speciem
722 1725 1063 1791 comparatis,
1126 1714 1338 1776 irritum
1396 1722 1616 1775 omnino
1639 1721 1785 1774 reddi
1813 1719 1950 1790 (5'7),
1999 1734 2202 1788 nosque
2235 1722 2299 1774 de
2347 1722 2555 1788 divina,
2593 1737 2753 1791 quam
2783 1738 2844 1778 ex
2879 1725 3167 1794 semetipso
3207 1724 3369 1778 habet
3401 1723 3563 1792 212

316 1813 579 1880 Spiritus,
632 1814 949 1868 auctoritate
1011 1830 1075 1868 ac
1126 1825 1389 1883 potestate
1448 1813 1626 1868 Patris
1656 1812 1887 1881 Filiique
1960 1810 2213 1879 potestati
2271 1814 2642 1869 consentiente
2716 1824 2875 1884 atque
2944 1816 3242 1882 concordi,
3307 1816 3565 1868 certiores

313 1905 460 1960 ﬁeri.
545 1905 622 1958 Ita
679 1904 822 1958 enim
885 1904 1216 1974 loquuntur:
1259 1924 1278 1957 ι
1349 1905 1507 1960 Juxta
1546 1905 1714 1974 ipsius
1781 1905 2149 1968 voluntatem;
2189 1923 2207 1956 ι
2237 1912 2335 1958 et:
2382 1922 2402 1955 ι
2435 1905 2631 1959 Dividit
2673 1905 2787 1976 (58)
2819 1921 3058 1960 seorsum
3089 1906 3378 1975 unicuique
3408 1914 3569 1974 prout

313 1999 436 2051 vult
471 2015 485 2051 :
524 2016 544 2048 ν
586 1997 670 2051 his
701 2009 876 2052 autem
915 2001 1278 2052 testimonium
1324 1999 1484 2054 simul
1521 1999 1744 2052 reddere
1770 2012 1892 2052 cum
1934 1997 2098 2051 Deum
2164 1996 2380 2052 Patrem
2416 1997 2584 2068 signis
2641 2009 2697 2052 et
2727 1999 2982 2068 prodigiis
3029 1997 3180 2067 (59),
3225 2008 3337 2051 ttnn
3377 1997 3568 2050 Salva-

312 2097 498 2144 tnrem
547 2089 925 2159 inquientem:
968 2109 986 2141 ι
1031 2092 1264 2160 Spiritus
1293 2090 1572 2155 Veritatis,
1619 2089 1708 2158 qui
1777 2104 1806 2142 a
1872 2087 2032 2143 Patre
2101 2089 2380 2156 procedit;
2427 2107 2444 2140 ι
2484 2098 2582 2144 et:
2618 2107 2636 2140 ι
2691 2087 2925 2159 Spiritus
2958 2089 3071 2160 (60)
3119 2099 3201 2144 εει
3241 2089 3488 2153 veritas;
3537 2107 3556 2140 ι

315 2192 437 2236 tum
489 2183 654 2235 etiam
701 2183 941 2247 Petrum,
973 2185 1062 2251 qui
1097 2185 1264 2237 Deum
1308 2197 1560 2252 expresse
1629 2182 1763 2236 dixit
1830 2181 2090 2250 Spiritum
2155 2190 2426 2246 sanctum,
2467 2183 2626 2249 idque
2668 2182 2887 2237 Ananiae
2951 2183 3289 2236 annuntiavit
3329 2180 3568 2250 in\hnnc

316 2279 589 2328 modum:
622 2293 640 2325 ι
684 2275 862 2339 Quare
910 2278 1023 2347 (6t)
1057 2277 1215 2332 simul
1257 2277 1610 2345 conspirastis
1652 2283 1710 2328 ut
1741 2273 2104 2330 mentiremini
2147 2273 2372 2341 Spiritui
2438 2276 2665 2328 sancto?
2731 2273 2848 2329 Non
2913 2289 2972 2329 es
3017 2275 3274 2328 mentitus
3339 2270 3566 2334 homini,

316 2366 417 2418 sed
462 2365 590 2418 Deo.
639 2384 659 2418 ι
691 2367 864 2433 Atque
888 2368 1013 2420 illud
1041 2369 1205 2422 etiam
1235 2369 1392 2433 scito,
1425 2368 1708 2439 quodnon
1739 2368 1890 2432 latet,
1932 2365 2300 2419 fraudulenter
2330 2381 2358 2417 a
2394 2376 2445 2418 te
2471 2367 2729 2420 omissum
2767 2381 2886 2421 esse
2925 2367 2975 2419 in
3030 2366 3208 2432 inepto
3275 2373 3330 2419 et
3390 2363 3568 2432 perni-

317 2459 475 2512 cioso
498 2468 589 2511 tuo
621 2461 877 2526 opusculo
925 2462 1060 2532 (62),
1107 2461 1188 2515 vel
1220 2463 1397 2529 potius
1439 2463 1490 2515 in
1525 2471 1617 2515 tuo
1639 2458 2118 2529 blasphematori‘o,
2146 2456 2197 2510 id
2227 2459 2366 2525 quod
2404 2458 2670 2512 antecedit
2731 2459 2783 2511 in
2845 2459 3027 2511 divino
3091 2467 3262 2512 textn.
3305 2457 3398 2510 Sic
3424 2459 3566 2510 enim

316 2549 526 2603 habet:
560 2569 578 2600 ι
615 2549 762 2605 Unus
817 2563 870 2606 et
923 2553 1062 2608 idern
1110 2553 1379 2623 Spiritus:
1419 2573 1436 2604 I
1496 2569 1558 2609 ac
1611 2552 1803 2608 deinde
1878 2551 1930 2603 id
1968 2549 2170 2612 suhdit,
2236 2548 2376 2618 quod
2411 2557 2486 2612 tu,
2519 2548 2670 2603 hisce
2703 2549 2918 2602 omissis
2948 2549 3148 2615 verbis,
3189 2563 3441 2617 perverse
3473 2551 3566 2601 ad-

324 2640 574 2694 duxisti:
606 2659 624 2692 ι
661 2641 915 2697 Dividens
941 2658 1182 2698 seorsum
1207 2644 1498 2712 unicuique
1565 2652 1723 2712 prout
1782 2641 1930 2695 vult:
1967 2659 1986 2692 ι
2034 2653 2255 2707 nempe,
2306 2639 2560 2710 largiens,
2592 2649 2644 2693 et
2696 2640 3042 2705 distribuens,
3095 2649 3145 2693 et
3191 2639 3436 2694 revelatis
3477 2655 3568 2706 per

318 2733 695 2801 semetipsum,
749 2748 813 2786 ac
858 2735 1073 2801 propria
1121 2743 1387 2804 potestate
1441 2733 1681 2790 coelestia
1736 2734 1898 2788 bona.
1933 2729 2049 2785 Non
2108 2741 2192 2786 est
2251 2742 2430 2785 autem
2456 2730 2572 2801 ejus
2609 2731 2696 2798 qui
2739 2741 2885 2783 recte
2913 2731 3132 2793 sentiat,
3165 2739 3218 2783 et
3250 2733 3456 2796 credat,
3487 2732 3567 2783 di-

320 2824 445 2876 vina
482 2823 703 2878 oracula
747 2840 853 2878 non
895 2826 1053 2880 modo
1118 2841 1400 2896 perperam
1468 2824 1837 2894 interpretari,
1877 2823 1968 2878 sed
2009 2824 2225 2892 insuper
2247 2824 2409 2878 etiam
2449 2823 2716 2877 inutilare.
2758 2822 2908 2888 Quod
2933 2823 3075 2877 enim
3107 2823 3354 2888 habeant,
3381 2840 3400 2874 ι
3431 2839 3568 2877 unus

317 2927 372 2973 et
403 2918 547 2971 idem
577 2916 832 2986 Spiritus,
868 2935 887 2968 ι
932 2917 981 2970 id
1014 2919 1188 2986 primo
1221 2928 1270 2972 te
1310 2928 1456 2974 vetat
1495 2916 1606 2988 (65)
1636 2931 1890 2986 separare
1929 2915 2072 2968 illum
2121 2915 2188 2968 ab
2217 2929 2278 2967 ea
2310 2916 2611 2980 identitate,
2679 2930 2782 2983 qua
2855 2915 2994 2967 idem
3046 2929 3169 2968 cum
3211 2925 3428 2978 eoest,
3471 2917 3564 2984 qui

323 3023 466 3061 unus
509 3019 569 3061 et
636 3023 920 3078 supremus
969 3010 1212 3074 exsistit,
1267 3027 1329 3064 ac
1380 2997 1559 3063 Omnia
1617 3011 1929 3078 gubernat:
1973 3022 2094 3062 nam
2155 3010 2242 3063 hic
2288 3024 2497 3063 summe
2528 3008 2850 3069 invisibilis,
2920 3015 2974 3060 et
3021 3022 3228 3061 summe
3267 3007 3562 3077 incompre-

321 3098 606 3154 hensibilis
635 3097 777 3152 Dens
807 3113 874 3152 ne
901 3099 1178 3154 minimum
1219 3100 1433 3167 quidem
1473 3100 1672 3153 deitate
1710 3099 1890 3152 dill'ert
1928 3113 1957 3153 a
1999 3099 2226 3168 Spiritu,
2298 3103 2390 3155 sed
2457 3100 2570 3153 sola
2620 3098 2965 3153 Paternitatis
3014 3099 3260 3160 ratione:
3304 3101 3426 3169 quia
3479 3101 3567 3157 hic

319 3189 590 3263 processit
645 3200 833 3244 natura
887 3190 999 3262 (64)
1054 3206 1120 3244 ex
1191 3191 1302 3254 illo,
1358 3205 1461 3244 non
1525 3205 1656 3244 vero
1704 3205 1798 3258 per
1857 3189 2173 3246 Conditoris
2237 3193 2626 3260 operationem.
2671 3189 2828 3246 Vetat
2869 3192 3106 3244 secundo
3149 3201 3198 3246 te
3241 3192 3462 3247 dicere:
3511 3195 3567 3251 Si

325 3303 350 3338 σ
377 3284 620 3353 Spiritus
656 3283 770 3351 Dei,
810 3304 828 3337 ι
871 3294 944 3346 ει,
977 3302 997 3336 ι
1037 3284 1278 3352 Spiritus
1313 3284 1511 3340 Christi
1547 3303 1566 3334 ι
1593 3286 1904 3340 nominatus
1940 3297 2022 3340 est
2047 3288 2098 3341 in
2135 3287 2449 3356 Scripturis,
2475 3289 2580 3339 duo
2613 3286 2976 3356 intelligcutur
3043 3286 3296 3356 Spiritus.
3360 3287 3568 3342 Dictum

327 3388 410 3432 est
439 3387 622 3430 autem
676 3392 778 3429 nou
830 3379 996 3431 multo
1045 3387 1193 3440 ante,
1241 3392 1401 3446 quam
1438 3377 1508 3429 ob
1555 3392 1773 3431 causam
1819 3379 1898 3431 sic
1935 3379 2195 3448 scriptum
2224 3381 2314 3432 sit.
2366 3376 2472 3432 Sed
2507 3395 2570 3432 ne
2601 3377 2726 3431 illud
2751 3378 2964 3445 quidem
3009 3379 3239 3445 ignores,
3304 3379 3446 3447 quod
3495 3379 3544 3433 al

335 3469 442 3522 lata
467 3471 761 3539 Scriptura:
779 3473 998 3526 oracula
1021 3471 1304 3524 uonaliatn
1321 3485 1444 3524 esse
1465 3471 2100 3540 siguilieantpersonam,
2131 3487 2251 3541 quae
2309 3472 2492 3536 donat,
2527 3471 2689 3523 aliam
2751 3486 2879 3530 vero
2916 3486 3035 3537 qua:
3098 3470 3396 3535 distribuit,
3435 3471 3567 3525 sicut

296 3562 591 3630 ‘contingit
663 3563 717 3614 in
775 3563 1126 3627 hominibus,
1195 3563 1283 3632 qui
1337 3565 1516 3616 omnia
1588 3579 1686 3618 nec
1748 3565 1891 3619 scire
1930 3565 2092 3634 213
2124 3575 2385 3634 possunt,
2424 3580 2522 3619 nec
2588 3566 2707 3618 sine
2778 3565 2960 3618 labore.
2991 3564 3229 3628 faciunt,
3264 3576 3426 3635 atque
3459 3565 3564 3619 hac

338 3656 410 3708 de
442 3671 596 3708 causa
627 3656 720 3710 alii
756 3656 970 3723 quidem
1013 3673 1114 3708 non
1147 3657 1264 3710 sine
1314 3657 1522 3710 delectu
1573 3656 1898 3724 largiuntur,
1941 3657 2028 3709 alli
2064 3670 2191 3710 vero
2235 3673 2342 3711 non
2372 3658 2488 3710 sine
2516 3664 2771 3709 accurato
2801 3657 3050 3710 exatnine
3121 3673 3184 3710 ac
3248 3657 3568 3724 probatione

334 3748 701 3804 distribuunt:
755 3764 822 3803 ne
875 3748 1015 3802 forte
1043 3761 1136 3804 aut
1181 3751 1272 3819 qui
1331 3750 1652 3818 largiuntur,
1706 3747 1876 3817 reipsa
1917 3763 2074 3804 ooetn
2107 3765 2209 3803 non
2237 3749 2582 3819 l‘erant(65),
2611 3758 2703 3802 aut
2763 3749 2992 3802 ministri
3031 3749 3129 3815 ipsi
3199 3749 3408 3802 lucrum
3466 3765 3568 3804 non

401 3943 523 4014 (55)
569 3945 839 3999 Dominus.
866 3945 1005 3999 Psal.
1039 3963 1198 4009 xxttt.
1237 3963 1376 4003 vers.
1409 3949 1461 4003 8.

401 4017 521 4088 (56)
560 4014 750 4088 [_Votm.
784 4017 868 4069 Ps.
901 4033 1061 4080 Lxxv,
1090 4019 1282 4088 “"311
1324 4022 1440 4088 (seu
1471 4018 1548 4088 2).

401 4083 518 4157 (57)
540 4083 780 4168 _Irritnm
810 4127 824 4139 .
862 4126 879 4142 .
925 4089 1095 4168 reddi.
1126 4085 1179 4168 lu
1208 4083 1412 4168 Grte'eo,
1440 4083 1901 4168 ἀπαμφιέννιέσιν.

1939 3965 1982 4020 Β
2009 3951 2120 4004 [nec
2147 3949 2210 4004 de
2243 3949 2418 4002 divina
2449 3947 2796 4018 generatione
2826 3948 3015 4020 scribit
3048 3965 3103 4020 ει
3146 3947 3455 4002 Generatio.
3501 3988 3515 4002 .
3555 3990 3569 4003 .

2011 4037 2114 4074 non
2147 4021 2212 4072 ad
2250 4017 2632 4073 sublimitatem
2667 4017 2941 4084 potentiae,
2971 4019 3063 4071 sed
3100 4021 3166 4070 ad
3193 4020 3573 4085 proprietatem

2011 4092 2240 4144 refertur
2287 4100 2511 4143 naturz-e.
2561 4106 2580 4138 ι
2618 4086 2936 4156 Quanquam
3002 4104 3193 4141 nomen
3231 4088 3390 4155 φύσις
3435 4089 3581 4156 apud

326 4157 646 4226 Legendum
685 4167 860 4228 tatttcn
914 4159 1236 4210 crediderim
1287 4157 1744 4228 ἁπαμφιεννῧσιν.
1774 4159 1906 4213 Ver-

329 4229 462 4283 bum
493 4227 793 4298 porro_hoc
826 4244 845 4277 ι
879 4228 1132 4298 nndandi.
1179 4247 1196 4279 ι
1235 4241 1325 4282 aut
1357 4246 1374 4278 ι
1413 4227 1640 4282 exuendi
1683 4251 1698 4279 ι
1745 4232 1905 4298 signi.

331 4300 648 4368 licationetn
675 4295 836 4350 habet
857 4299 907 4351 in
923 4297 1158 4352 Lexicis.
1182 4299 1234 4352 In
1253 4299 1545 4368 Cyrilliann
1564 4298 1759 4352 Lexico
1775 4295 1908 4354 alias

331 4388 361 4422 a
407 4382 514 4440 tne_
546 4367 710 4418 citato
749 4368 849 4440 sic
879 4370 1164 4440 exponitur
1206 4387 1220 4420 :
1268 4367 1752 4440 ἀπαμφιάσαντες,
1776 4370 1908 4423 ἀπο-

328 4434 751 4508 γυμνώσαντεςο
810 4434 1076 4508 similique
1127 4440 1330 4493 ratione
1375 4434 1679 4493 i'n’Patricii
1712 4434 1907 4493 Lexico

328 4506 531 4564 Latine
564 4506 809 4579 vertitur.
853 4507 1036 4577 Itaque
1085 4510 1222 4563 sicut
1278 4509 1571 4579 Sophocles
1627 4511 1781 4572 dixit,
1815 4511 1911 4564 ἐπ-

326 4577 729 4661 ημφιεσμένος,
762 4578 831 4632 ita
861 4595 891 4661 ε
917 4581 1196 4661 contrario
1227 4577 1478 4661 Didymus
1507 4595 1608 4633 non
1636 4579 1908 4661 inelegan-

332 4647 420 4705 δει-
453 4647 1089 4720 ιιὶιιίι,ᾐάπαμφιέννυσιν,
1117 4650 1198 4704 vel
1224 4647 1423 4718 potius,
1445 4647 1906 4720 ἀπαμφιεννῧσιν,

337 4734 507 4775 sensu
539 4718 744 4772 scilicet
773 4720 1050 4771 translato.
1351 4761 1354 4764 .

407 4788 522 4859 (58)
567 4787 780 4842 Dividit.
818 4791 926 4842 Cur
965 4789 1051 4842 hic
1087 4804 1190 4842 non
1240 4789 1413 4856 legit:
1470 4808 1487 4840 ι
1546 4789 1832 4846 Dividens?
1884 4811 1902 4842 ι

332 4861 418 4912 An
444 4861 596 4927 deest
619 4859 820 4927 aliquid
844 4867 962 4926 post
985 4873 1168 4911 vocmn
1195 4859 1411 4923 λέξειςῖ

405 4925 525 4998 (59)
571 4923 962 4998 ProdigiisLEx
989 4943 1076 4997 ep.
1101 4931 1165 4983 ad
1192 4931 1354 4984 Hebr.
1385 4946 1444 4994 ιι,
1472 4931 1526 4984 4.

403 4997 521 5069 (60)
564 4996 978 5069 Spiritus._vide
1013 4996 1128 5052 not.
1166 5003 1231 5054 ad
1259 5016 1427 5067 segni.
1472 5002 1541 5053 60
1566 5003 1613 5056 b.

328 5097 338 5105 -
405 5067 525 5192 (ξι)
569 5067 764 5131 Quare.
803 5067 946 5122 Citat
982 5082 1196 5124 sensum
1238 5088 1250 5122 :
1303 5086 1493 5141 nempe
1525 5087 1590 5124 ex
1630 5071 1908 5126 versiculis

329 5140 389 5194 9.
482 5149 538 5191 et
567 5139 615 5194 4.
654 5140 848 5194 canitis
874 5154 901 5188 v
931 5139 1210 5194 Actorum.

329 5140 389 5202 9,
422 5140 459 5192 3
482 5149 538 5191 et
567 5140 615 5198 4,
654 5140 848 5208 capitis
874 5154 901 5188 v
931 5140 1210 5194 Actorum.
1435 5140 1439 5141 ί

354 5280 363 5282 _
407 5207 526 5277 (6%)
570 5208 850 5282 Opuscttlo,
883 5205 1103 5274 Graece,
1136 5210 1490 5282 πονηματίῳγο
1526 5226 1647 5280 quac
1682 5227 1780 5265 vox
1815 5227 1908 5264 eo-

331 5280 461 5334 dem
491 5295 691 5401 ‘3erisu
749 5279 944 5350 legitur
1008 5281 1146 5346 apud
1216 5279 1590 5344 Athanasium,
1643 5293 1774 5335 tom.
1842 5283 1906 5345 ll,

333 5365 462 5402 nae.
567 5371 618 5402 ο.
1217 5390 1241 5402 -

332 5365 462 5420 pag.
491 5365 618 5402 wn.
1217 5390 1242 5426 ,

371 5418 522 5502 Αᾷὗ)
566 5417 636 5472 Te
681 5427 841 5473 vetat.
869 5418 1004 5474 Cod.
1047 5419 1323 5474 ἀποκλείει
1351 5437 1451 5474 σοι.
1497 5420 1674 5475 Malim

334 5491 827 5632 “Processit
860 5569 1071 5613 natura.
1104 5561 1157 5615 Id
1198 5563 1465 5632 quomodo
1497 5560 1903 5631 intelligendum

332 5630 431 5691 sit,
466 5631 644 5682 nullus
683 5631 895 5697 ignorat
933 5630 1232 5698 theologus.
1283 5631 1453 5683 Simili
1491 5633 1648 5684 modo
1680 5630 1907 5686 Ambro-

335 5704 454 5756 sius
482 5703 572 5754 lib.
609 5715 662 5753 tv
700 5703 773 5750 Ue
810 5699 936 5766 ﬁde,
965 5715 1084 5766 cap.
1119 5703 1172 5763 8,
1211 5702 1445 5754 divinam
1479 5711 1726 5753 naturam
1763 5703 1912 5754 rela--

335 5771 446 5826 tive
478 5784 770 5842 spectans,
808 5781 1075 5837 quatenus
1117 5772 1326 5826 scilicet
1357 5774 1408 5824 in
1459 5769 1614 5824 Patre
1664 5771 1897 5839 exsistit,

1719 5440 1733 5476 :
1778 5423 1914 5476 ἁπο-

2008 4160 2225 4214 Grzecos
2261 4159 2448 4213 Patres
2478 4177 2578 4210 non
2619 4178 2637 4208 ι
2677 4169 2922 4210 naturam
2959 4175 2977 4208 ι
3014 4158 3304 4223 aliquando
3334 4160 3572 4222 denotat,

2007 4231 2099 4283 sed
2162 4248 2181 4280 ι
2237 4246 2520 4297 personam
2580 4247 2594 4282 :
2656 4247 2673 4280 ι
2719 4239 2941 4297 utrum
2989 4227 3046 4282 S.
3085 4229 3479 4281 Alexandrinus
3525 4231 3576 4282 in

2011 4296 2251 4370 lt'pistold
2279 4302 2346 4352 ad
2381 4301 2741 4370 Alexandrum
2776 4296 3447 4370 Constantinopolitano»:7,
3479 4298 3580 4350 Pa-
3622 4297 3626 4301 ’

2011 4367 2145 4423 tretn
2179 4386 2239 4424 ac
2270 4371 2459 4424 Filium
2486 4378 2657 4434 vocat,
2691 4367 2788 4432 τὰς
2819 4369 2894 4437 τῇ,
2922 4370 3214 4422 ὑποστάσει
3244 4367 3336 4421 δύο
3366 4369 3577 4434 φύσεις,

2018 4439 2360 4508 Unigenitunt
2392 4455 2517 4490 vero
2553 4440 2784 4507 appellat
2831 4436 2991 4508 φύσιν
3032 4439 3311 4508 μονογενῆ.
3350 4437 3574 4492 Demum

2010 4507 2150 4578 apud
2176 4509 2365 4564 Patres
2395 4510 2684 4578 aliquando
2701 4524 2812 4578 (vox
2839 4507 3019 4577 φύσει,
3050 4511 3102 4562 id
3135 4519 3216 4563 est
3249 4525 3267 4558 ι
3301 4519 3514 4570 natura,
3552 4527 3572 4558 ι

2012 4577 2150 4634 idem
2180 4581 2323 4634 valet
2354 4590 2515 4648 atque
2546 4577 2762 4649 ἀληθῶς
2784 4617 2825 4649 ,_
2858 4581 2907 4633 id
2941 4588 3024 4631 est
3077 4596 3096 4628 ι
3131 4592 3286 4649 _v_ere,
3317 4597 3357 4649 γρ
3399 4589 3456 4629 ιιι
3489 4579 3578 4631 Di-

2011 4651 2204 4722 dymtts
2241 4646 2685 4722 noster—capticat
2716 4650 2766 4701 in
2815 4647 2951 4722 libro
2973 4653 3092 4700 adv.
3122 4646 3470 4722 Manu/trees.

2083 4720 2194 4791 (65)
2240 4722 2359 4774 Non
2400 4717 2592 4787 (erant.
2636 4717 2836 4771 Locum
2873 4719 3020 4791 _huuc
3050 4732 3167 4791 non
3211 4718 3342 4791 satis
3370 4718 3581 4791 clarum.

2013 4785 2096 4844 ila
2126 4785 2336 4844 tandem
2369 4785 2684 4843 vertendum
2722 4788 2923 4854 statui;
2967 4790 3058 4842 sed
3092 4787 3197 4841 erit
3219 4785 3449 4839 fortasse
3485 4790 3582 4856 qui

2011 4862 2290 4928 ambiguas
2361 4874 2520 4914 voces
2585 4857 3026 4928 διακονούμενοι,
3073 4868 3127 4910 ει
3177 4857 3581 4927 ὲπαρκέσωσιν,

2012 4927 2179 4983 aliter
2205 4930 2547 4998 accipiendas
2593 4939 2764 4998 putet.
2822 4927 2935 4983 Hoc
2981 4943 3144 4996 porro
3202 4928 3305 4998 sibi
3343 4928 3471 4990 vult,
3525 4931 3578 4980 ni

2012 5000 2189 5063 fallor,
2225 4997 2481 5068 Didymus
2513 5020 2523 5052 :
2551 5000 2602 5052 in
2637 4997 2748 5051 Deo
2791 5000 3006 5068 quidem
3055 5012 3185 5068 eum,
3218 4997 3309 5066 qui
3350 4999 3580 5068 largitur

2012 5072 2175 5122 alium
2208 5066 2467 5124 non—esse
2494 5069 2562 5122 ab
2591 5083 2655 5121 eo
2692 5068 2781 5136 qui
2814 5067 3126 5130 distribuit,
3177 5067 3230 5120 ιιι
3268 5066 3580 5120 hominibus

2015 5155 2142 5193 vero
2199 5154 2292 5193 eos
2347 5138 2437 5206 qui
2516 5137 2839 5204 largiuntur,
2897 5136 3032 5190 alios
3079 5151 3202 5191 esse
3245 5139 3314 5191 ab
3369 5137 3435 5190 iis
3488 5137 3579 5204 qui

2014 5211 2364 5272 distribuunt,
2419 5222 2661 5276 quosque
2712 5223 2832 5260 mox
2885 5218 3042 5260 vocat
3086 5206 3576 5277 διακονουμένους”

2017 5295 2078 5332 ac
2108 5280 2142 5332 ii
2168 5278 2385 5347 quidem
2412 5281 2505 5347 qui
2539 5279 2890 5341 distribuunt,
2917 5278 2966 5330 id
2995 5279 3332 5345 potissinmm
3361 5287 3574 5347 curant,

1938 5323 1980 5381 Ο
2105 5323 2308 5401 luc'rnm
2333 5359 2388 5401 et
2415 5323 2516 5415 ipsi
2561 5348 2773 5415 aliquod
2813 5323 3139 5417 percipiant;
3184 5347 3278 5414 qui
3313 5361 3440 5400 vero
3465 5323 3573 5417 lar:

2019 5421 2254 5490 giuntur,
2309 5418 2440 5490 illud
2482 5425 2761 5490 spectant,
2813 5416 2869 5469 ut
2911 5417 3332 5490 iisilargiantur,
3382 5416 3581 5483 quibus

2021 5485 2195 5556 reipsa
2225 5503 2379 5556 opem
2429 5487 2715 5554 largitione
2752 5487 2909 5539 laturi
2951 5489 3078 5540 sint.
3123 5485 3232 5538 lloc
3279 5500 3480 5556 sensu,
3506 5495 3583 5556 _nt

2013 5553 2277 5626 equidem'
2300 5566 2448 5625 puto,
2492 5553 2710 5624 scripsit
2759 5556 2942 5609 Pollux
2974 5557 3065 5610 lib.
3109 5571 3190 5626 ιιι,
3221 5569 3392 5623 segtn.
3429 5553 3531 5626 M8
3563 5573 3578 5610 :

2013 5625 2350 5699 πολύδωρος,
2421 5628 2534 5690 τοῖς
2589 5627 2862 5697 δεομένοις
2921 5625 3215 5698 ἐπαρκῶν·
3277 5627 3378 5679 etsi
3435 5625 3580 5678 enim

2014 5700 2280 5766 interpres
2303 5708 2494 5760 vertat,
2537 5715 2554 5747 t
2581 5699 2745 5749 multa
2784 5699 2991 5751 donans
3034 5711 3253 5748 munera
3277 5734 3292 5757 ,
3333 5709 3582 5748 necessa-

2013 5769 2126 5838 riis,
2161 5777 2472 5833 contentus,
2516 5788 2534 5819 ι
2587 5777 2794 5831 tamen,
2866 5784 2962 5837 pro
3031 5767 3395 5821 «necessariis
3448 5780 3584 5820 coni
