4082 6406
328 336 434 392 613

1353 338 1441 394 DE
1477 337 1851 396 TRINITATE
1892 342 2093 399 LIBER
2136 346 2522 405 SECUNDUS.

3479 356 3583 410 (3M

324 451 475 521 αὐτῷ
512 452 885 523 προσήκουσιν
935 454 984 523 (ὃ
1037 456 1160 525 μηδ’
1212 457 1386 510 εἰπεῖν
1454 458 1668 528 εὐαγὲς,
1725 462 1773 514 sl
1836 461 1912 534 μὴ

2018 442 2306 537 egestatem
2329 508 2345 532 ,
2376 468 2462 524 vel
2490 466 2616 538 quia
2646 467 2859 521 abunde
2909 484 3013 523 non
3055 480 3141 523 net
3163 509 3179 535 ,
3223 471 3417 525 bellum
3475 473 3527 543 ip
3559 481 3574 528 l

325 544 640 596 ὑποθέσεων
670 547 765 598 καὶ
792 545 1141 601 ὑποστάσεων
1179 548 1519 620 μοχθηρῶν)’
1556 551 1675 604 οὐδὲ
1707 554 1910 624 ἀνῆκεν

324 627 371 701 ᾧ
398 635 788 705 ὀργισθήσεται
815 653 829 665 θ
871 654 889 687 ι
919 638 1077 709 Φείδῃ
1107 658 1124 689 ι
1158 639 1286 711 γὰρ,
1315 641 1468 709 φησὶ,
1510 661 1528 693 ι
1565 643 1799 707 πάντων,
1832 645 1913 699 ὅτι

325 723 509 777 πάντα
534 726 602 777 σά
643 729 779 791 ἐστι,
812 730 1056 783 Δέσποτα
1105 731 1394 801 φιλόψυχεο
1434 735 1527 786 καὶ
1554 734 1613 787 τὸ
1638 735 1913 807 ἄφθαρτόν

327 832 424 866 σου
459 816 685 887 Πνεῦμα
723 820 869 872 ἐστὶν
912 822 969 873 ἐν
1013 823 1198 874 πᾶσιν.
1235 842 1253 875 ι
1294 822 1508 876 Τούτων
1531 825 1588 877 δὲ
1621 824 1694 896 μὴ
1725 826 1911 893 ὄντων,

325 908 379 959 τί
411 925 495 961 σοι
543 910 892 964 ὑπολείπεται
926 912 1274 981 σοφίζεσθαις
1312 915 1398 979 Ὠς
1446 916 1606 970 πάλιν
1654 918 1781 972 ὅταν
1827 920 1913 973 λέ-

327 1016 495 1070 γηται
527 1002 558 1052 ό
610 1002 752 1064 Υἱὸς,
790 1004 822 1073 ἢ
868 1004 929 1056 τὸ
962 1006 1114 1073 ἆγιον
1164 1007 1406 1078 Πνεῦμα,
1450 1010 1709 1081 παρέχειν
1755 1010 1911 1065 θεῖκὰ

332 1092 649 1162 δωρήματα,
680 1093 923 1166 εὔδηλον,
954 1098 1028 1157 ὡς
1074 1099 1292 1151 εὐδοκία
1340 1104 1579 1173 πατρική
1607 1120 1620 1132 °
1658 1103 1774 1166 πῶς
1802 1103 1912 1176 γὰρ

336 1186 432 1253 ούχ
462 1186 666 1250 οὖτως;
712 1189 1010 1258 Τοιγαροῦν
1051 1192 1319 1261 άκρόασαι
1365 1193 1579 1247 Παύλου
1610 1196 1913 1266 Ῥωμαίους

337 1277 642 1341 διδάξαντος
664 1296 675 1309 ·
725 1299 742 1329 t
773 1281 892 1333 Ὅτι
927 1283 957 1349 ἡ
993 1282 1182 1351 ἀγάπη
1224 1282 1314 1335 τοῦ
1359 1285 1492 1338 Θεοῦ
1527 1288 1821 1358 ἐκκέχυται
1854 1292 1913 1343 ἐν

334 1373 449 1431 ταῖς
486 1371 734 1440 καρδίαις
768 1372 921 1440 ἡμῶν
952 1372 1037 1424 διὰ
1082 1372 1393 1442 Πνεύματος
1422 1376 1576 1443 ἁγίου
1616 1378 1707 1431 τοῦ
1732 1380 1912 1433 δοθέν-

334 1475 424 1521 τος
473 1460 631 1528 ἡμῖν·
660 1479 678 1508 ι
726 1462 841 1523 καὶ,
884 1481 901 1512 ι
938 1464 1089 1515 Ὅσοι
1150 1463 1423 1534 Πνεύματι
1476 1466 1609 1519 Θεοῦ
1668 1470 1910 1537 ἄγονται,

331 1545 481 1603 οὗτοι
509 1553 616 1603 υἱοὶ
640 1551 773 1604 Θεοῦ
806 1554 972 1604 εἰσιν
1005 1573 1023 1603 ι
1075 1554 1169 1607 καὶ
1207 1556 1366 1610 πάλιν
1391 1575 1403 1586 ο
1452 1578 1469 1608 ι
1520 1559 1576 1611 '0
1606 1556 1697 1613 οῦν
1725 1562 1912 1632 ἐπιχο-

332 1643 524 1714 ρηγῶν
577 1645 700 1713 ὑμῖν
736 1645 796 1697 τδ
848 1645 1095 1715 Πνεῦμα,
1138 1648 1231 1701 καὶ
1281 1650 1515 1720 ἐνεργῶν
1559 1653 1813 1724 δυνάμεις
1855 1656 1914 1709 ἐν

2018 557 2267 612 illaturus
2296 560 2367 613 sit
2392 573 2408 613 :
2445 572 2622 627 neque
2652 558 2793 611 alius
2823 558 2935 628 (70)
2978 560 3263 629 quisquam
3289 603 3305 628 ,
3336 564 3426 631 qui
3459 580 3579 617 cum

2015 664 2082 704 eo
2116 651 2183 705 de
2214 649 2444 719 imperio
2487 653 2814 715 contendat,
2858 651 3149 719 invenitur,
3181 662 3239 705 ut
3286 654 3411 708 huic
3442 655 3581 708 invi-

2017 744 2175 807 deat,
2205 758 2267 797 ac
2290 753 2567 807 vereatur,
2599 756 2665 795 ne
2695 741 2800 796 sibi
2828 753 3141 811 exmquetut
3171 757 3232 797 ea
3260 748 3578 814 occupando

2014 848 2135 902 qnze
2183 834 2249 888 ad
2293 848 2352 889 se
2397 834 2714 902 pertinent:
2760 834 2813 888 id
2846 835 2990 904 quod
3019 849 3087 890 ne
3135 836 3317 890 dicere
3363 837 3578 907 quidem

2016 926 2098 981 fas
2149 936 2265 990 est,
2318 926 2418 981 nisi
2470 926 2559 980 ubi
2607 926 2673 979 de
2728 925 2975 996 malignis
3033 925 3350 981 substantiis
3405 942 3585 983 sermo

2016 1018 2087 1070 sit
2136 1015 2272 1087 (7i).
2322 1016 2505 1085 Neque
2558 1016 2627 1071 ob
2667 1014 2756 1080 id,
2798 1016 2939 1086 quod
2967 1016 3134 1071 semel
3174 1018 3417 1083 remisit,
3460 1034 3585 1071 rur-

2014 1123 2107 1161 sus
2139 1109 2409 1162 irascitur.
2440 1126 2459 1159 ι
2484 1107 2795 1179 Parcis(72)
2821 1127 2839 1157 ι
2866 1107 3009 1162 enim
3035 1126 3053 1158 ι
3080 1108 3350 1174 omnibus,
3377 1126 3394 1158 ι
3416 1110 3586 1178 inquit

2016 1197 2315 1266 Scriptura,
2348 1216 2365 1249 ι
2402 1198 2723 1267 quiaomnia
2773 1210 2861 1251 tua
2905 1209 3064 1265 sunt,
3114 1200 3335 1252 Domine
3379 1212 3585 1253 amator

2016 1288 2327 1342 animarum
2359 1306 2374 1341 :
2410 1296 2462 1342 et
2492 1289 2917 1357 incorruptibilis
2948 1300 3069 1342 tuus
3105 1289 3338 1359 Spiritus
3392 1301 3474 1345 est
3526 1290 3578 1343 in

2014 1379 2287 1434 omnibus.
2322 1399 2340 1432 ι
2372 1380 2505 1434 Cum
2560 1394 2685 1434 vero
2739 1380 2851 1434 haec
2905 1380 3084 1434 dicere
3130 1396 3397 1447 nequeas,
3450 1382 3579 1450 quid

2016 1468 2108 1523 tibi
2138 1470 2459 1539 relinquitur
2480 1470 2546 1523 ad
2575 1470 2813 1539 captiose
2838 1470 3241 1524 cavillandum?
3272 1468 3396 1524 Vice
3423 1488 3581 1526 versa

2014 1572 2136 1612 cum
2188 1556 2355 1612 Filius
2407 1566 2500 1613 aut
2545 1559 2782 1629 Spiritus
2845 1568 3064 1614 sanctus
3108 1561 3347 1629 praebere
3387 1562 3583 1617 dicitur

2015 1648 2195 1702 divina
2228 1649 2365 1703 dona
2388 1690 2403 1714 ,
2434 1648 2663 1703 Paterna
2695 1650 3087 1719 complacentia
3144 1654 3191 1706 id
3244 1653 3356 1706 lieri
3406 1656 3578 1708 mani-

332 1737 502 1803 ὑμῖν·
544 1756 561 1785 ι
598 1738 688 1789 καὶ
711 1738 1015 1808 Κορινθίοις
1041 1739 1099 1792 τὸ
1136 1741 1348 1811 πρῶτον
1370 1759 1383 1769 ·
1417 1765 1433 1793 ι
1459 1744 1518 1796 Εἰ
1552 1745 1607 1797 δέ
1637 1746 1912 1817 Πνεύματι

2018 1741 2212 1800 festum
2259 1751 2385 1796 est:
2441 1743 2532 1812 qui
2589 1743 2730 1797 enim
2786 1743 2943 1797 aliter
2998 1744 3112 1798 lieri
3150 1747 3363 1813 potest?
3398 1745 3581 1815 Itaqtte

329 1826 558 1893 ἄγεσθε,
583 1829 680 1879 οὐκ
700 1830 778 1880 ἔτι
805 1831 924 1881 ἐστὲ
956 1832 1058 1883 ὑπὸ
1079 1833 1239 1901 νόμον
1261 1852 1273 1863 ο
1303 1853 1319 1883 ι
1353 1836 1444 1888 καὶ
1476 1836 1739 1901 Γαλάταις
1758 1857 1769 1869 ’
1800 1860 1817 1889 ι
1855 1841 1910 1893 ὐ

2018 1830 2239 1884 Paulum
2292 1832 2413 1886 audi
2474 1832 2746 1888 Romanos
2804 1835 2918 1888 haec
2972 1836 3298 1890 docentem:
3333 1855 3349 1886 ι
3387 1838 3583 1890 Chari-

327 1920 444 1989 γὰρ
475 1921 685 1990 καρπὸς
732 1921 824 1974 τοῦ
865 1922 1177 1993 Πνεύματός
1209 1926 1355 1978 ἐστιν
1402 1927 1611 1998 ἀγάπη,
1652 1930 1811 2000 χαρὰ,
1838 1935 1910 1985 εἰ·

370 2017 496 2083 ήνη,
536 2013 899 2085 μακροθυμία,
941 2016 1262 2086 χρηστότης,
1317 2018 1662 2091 ἀγαθωσύνη,
1708 2022 1907 2086 πίστις,

330 2102 601 2171 πραότης,
647 2103 958 2173 ἐγκράτεια.
1012 2104 1165 2159 Κατὰ
1207 2106 1316 2157 τῶν
1364 2108 1617 2163 τοιούτων
1650 2112 1749 2165 οὐκ
1797 2113 1912 2166 ἔστι

324 2192 517 2261 νόμος.
566 2211 583 2240 t
644 2194 733 2245 Διὸ
803 2194 1076 2247 κάνταῦθα
1133 2200 1393 2267 προεῖπε·
1437 2219 1454 2249 ι
1509 2202 1809 2273 Διαιρέσεις
1855 2204 1911 2257 δὲ

329 2285 693 2355 χαρισμάτων
750 2286 875 2346 εἰσὶ,
906 2286 966 2338 τὸ
1001 2288 1057 2340 δὲ
1091 2287 1221 2340 αὐτὸ
1275 2287 1523 2359 Πνεῦμα’
1564 2309 1581 2341 ι
1626 2293 1767 2346 τοῦτ’
1798 2294 1911 2348 ἔστι

332 2376 499 2441 (κατὰ
528 2376 761 2444 ἔλλειψιν
789 2377 943 2445 λόγου
991 2380 1084 2430 καὶ
1127 2380 1448 2451 συγκοπὴν),
1477 2381 1537 2434 τὸ
1562 2383 1912 2454 χαριζόμενον

331 2465 596 2536 Πνεῦμαο
635 2469 727 2520 καὶ
759 2466 931 2531 οὕτως
972 2471 1279 2539 ἐπήγαγεν·
1327 2492 1344 2523 ι
1378 2470 1450 2524 Τὸ
1487 2472 1545 2526 ἒν
1572 2474 1746 2527 καὶτὸ
1784 2476 1912 2529 αὐτὸ

333 2558 593 2628 Πνεῦμα,
636 2559 874 2631 διαιροῦν
926 2560 1030 2631 ἰδία
1080 2562 1293 2633 ἑκάστῳ
1339 2562 1521 2627 καθὼς
1574 2565 1852 2635 βούλεται·
1888 2586 1906 2618 ι

332 2650 476 2703 ὥστε
510 2650 810 2717 ἀποδεῖξαι,
845 2654 925 2704 ὅτι
950 2652 1100 2716 αὐτὸ,
1140 2656 1234 2707 καὶ
1266 2657 1571 2726 χαρίζεται,
1609 2659 1701 2710 καὶ¹
1747 2658 1835 2729 [98
1861 2658 1911 2731 b]

332 2742 553 2813 διαιρεῖ,
601 2742 918 2814 ὁμοφρὸνως
963 2743 1120 2813 δῆλον
1169 2746 1251 2798 ὅτι
1301 2745 1378 2816 τῷ
1431 2747 1539 2811 ἐνὶ,
1592 2742 1651 2800 οῦ
1690 2748 1912 2818 Πνεῦμα

334 2836 484 2894 ἐστι.
538 2834 634 2885 καὶ
693 2836 772 2895 είς
821 2832 878 2883 ὃν
932 2834 1109 2888 πάντα
1163 2836 1456 2903 ἀνάγεται,
1519 2836 1594 2901 ὡς
1626 2839 1914 2908 Ῥωμαίοις

333 2925 555 2995 ἐγράφη
580 2940 595 2953 ·
635 2944 654 2975 ι
681 2925 799 2977 Ὀτι
835 2924 894 2989 ἐξ
924 2926 1108 2989 αὑτοῦ,
1145 2927 1239 2981 xai
1272 2928 1339 2980 δι’
1367 2927 1550 2991 αὑτοῦ,
1585 2930 1679 2981 καὶ
1704 2933 1783 2993 εἰς
1816 2931 1912 2982 αὐ-

329 3018 425 3070 τὸν
457 3016 528 3069 τὰ
568 3016 762 3069 πάντα.
796 3036 813 3064 ι
856 3017 1095 3088 Πρόσεχε
1132 3019 1187 3071 δὲ
1229 3021 1319 3072 καὶ
1366 3024 1477 3083 τοῖς
1517 3021 1694 3083 ἄλλοις
1728 3024 1911 3085 πᾶσιν,

328 3110 367 3164 ἃ.
396 3108 728 3180 προσείρηκε
760 3109 828 3161 τὰ
851 3109 1005 3177 λόγια
1030 3112 1157 3180 περὶ
1189 3110 1349 3163 αὐτοῦ
1404 3114 1463 3164 Ei
1486 3112 1531 3165 δ’
1557 3112 1622 3165 ἂν
1651 3113 1757 3183 γὰρ
1782 3116 1912 3167 πᾶσι

2019 1932 2100 1977 tas
2139 1923 2250 1993 (75)
2302 1923 2394 1978 Dei
2450 1924 2639 1979 dill‘usa
2693 1936 2776 1979 est
2826 1926 2879 1979 in
2928 1927 3184 1981 cordibus
3234 1929 3434 1981 nostris
3484 1942 3580 1997 per

2019 2012 2279 2083 Spiritum
2309 2025 2553 2069 sanctum
2576 2056 2591 2080 ,
2618 2018 2708 2085 qui
2734 2018 2890 2071 datus
2912 2029 2995 2073 est
3025 2020 3216 2083 nobis;
3252 2040 3271 2072 ι
3292 2031 3347 2074 et
3373 2039 3386 2075 :
3408 2040 3427 2073 ι
3450 2020 3581 2088 Qui-

2019 2119 2229 2172 cunque
2258 2105 2368 2175 (74)
2399 2105 2601 2173 Spiritu
2638 2106 2728 2159 Dei
2758 2120 3011 2173 aguntur,
3041 2109 3092 2161 bi
3122 2109 3214 2163 lilii
3250 2110 3339 2163 Dei
3370 2124 3514 2165 sunt.
3552 2132 3571 2163 ι

2021 2196 2081 2249 Et
2114 2202 2341 2250 r'ursns:
2374 2215 2393 2247 ι
2425 2198 2527 2264 Qui
2560 2213 2691 2264 ergo
2722 2199 2833 2269 (75)
2868 2200 3054 2255 tribuit
3084 2200 3236 2255 vobis
3278 2200 3538 2270 Spiritum
3559 2244 3576 2267 ,

2018 2297 2072 2342 ct
2104 2298 2364 2357 operatur
2401 2290 2630 2344 virtutes
2661 2289 2713 2343 in
2743 2290 2935 2358 vobis;
2968 2309 2986 2342 ι
3018 2300 3073 2346 et
3100 2292 3153 2346 in
3181 2292 3348 2361 prima
3386 2295 3449 2346 ad
3479 2292 3583 2348 Ca-

2021 2378 2292 2433 rintltios:
2324 2396 2343 2430 ι
2376 2378 2431 2433 Si
2465 2392 2643 2435 autem
2671 2379 2781 2452 (76)
2808 2382 3011 2449 Spiritu
3041 2384 3261 2453 agimini
3284 2424 3299 2448 ,
3338 2400 3441 2437 non
3464 2400 3579 2437 atu-

2020 2468 2159 2538 plius
2188 2471 2322 2523 estis
2348 2471 2449 2525 sub
2472 2469 2608 2541 lege.
2644 2489 2663 2522 ι
2688 2470 2750 2525 Ει
2777 2474 2842 2526 ad
2864 2471 3083 2527 Galatas
3107 2491 3119 2526 :
3152 2491 3169 2524 ι
3200 2472 3429 2528 Fructus
3461 2474 3577 2545 (77)

2019 2558 2162 2612 enim
2201 2557 2444 2628 Spiritus
2478 2572 2562 2615 est
2592 2562 2870 2628 charitas,
2904 2566 3155 2633 gaudium
3178 2604 3193 2627 ,
3228 2581 3358 2632 pax,
3392 2565 3578 2635 longa-

2020 2648 2276 2715 nimitas,
2340 2651 2615 2721 probitas,
2670 2651 2920 2718 bonitas,
2971 2654 3137 2718 fides,
3188 2656 3578 2720 mansuetudo.

2019 2742 2369 2797 continentia.
2398 2743 2558 2814 215
2589 2744 2790 2800 Contra
2824 2745 2955 2800 tales
3000 2762 3102 2800 non
3134 2756 3217 2801 est
3249 2748 3353 2802 lex.
3391 2767 3409 2800 ι
3437 2748 3581 2815 Qua-

2019 2840 2238 2899 propter
2280 2832 2366 2887 bic
2406 2847 2619 2902 quoque
2659 2833 2806 2902 prius
2851 2834 3027 2889 dixit:
3056 2853 3075 2886 ι
3108 2835 3411 2893 Divisioncs
3449 2853 3578 2893 vero

2021 2919 2317 2987 gratiarum
2369 2931 2535 2984 sunt;
2590 2921 2732 2976 idem
2783 2933 2963 2978 autem
3020 2924 3299 2994 Spiritus:
3340 2945 3359 2979 ι
3400 2926 3451 2980 id
3496 2940 3580 2981 est

2021 3008 2164 3078 (per
2207 3009 2437 3079 ellipsim
2490 3012 2791 3075 sermonis.
2845 3023 2899 3067 et
2936 3016 3247 3087 syucOpen)
3283 3036 3301 3068 ι
3338 3016 3577 3085 Spiritus

2021 3098 2109 3166 qui
2140 3099 2304 3153 donat
2336 3117 2350 3155 :
2386 3120 2405 3154 ι
2439 3109 2493 3155 et
2522 3112 2703 3171 postea
2730 3103 3045 3173 subjunxit:
3082 3124 3102 3158 ι
3140 3106 3285 3162 Unus
3332 3119 3385 3161 et
3436 3111 3586 3170 idem,

332 3206 647 3273 προσεῖχες.
683 3201 775 3254 καὶ
798 3204 845 3254 εί
868 3203 1146 3263 ἐπίστευες
1174 3202 1323 3272 αὐτῷ
1348 3203 1425 3273 τῷ
1458 3202 1578 3273 Θεῷ
1599 3204 1795 3277 Πατρὶ.
1820 3206 1912 3258 καὶ

2018 3189 2248 3261 Spiritus
2270 3232 2285 3257 ,
2314 3192 2559 3249 dividens
2584 3172 2835 3249 seorsum
2853 3196 3143 3267 unicuique
3170 3210 3331 3266 prout
3360 3200 3506 3267 vult;
3546 3220 3567 3254 ι

333 3294 412 3362 τῷ
454 3294 737 3362 μονογενεί
762 3292 927 3344 αὑτοῦ
970 3291 1103 3362 Υἱῷ.
1150 3293 1229 3344 ἑτι
1279 3293 1335 3346 δὲ
1381 3295 1475 3346 καὶ
1503 3296 1615 3358 τοῖς
1643 3295 1915 3359 τοσούτοις

341 3382 533 3448 ἁγίοις,
575 3375 651 3434 ῶν
679 3382 727 3433 οἱ
768 3380 1033 3451 ὀφθαλμοὶ
1076 3382 1173 3451 τῆς
1218 3382 1452 3446 διανοίας
1484 3382 1655 3447 οὕτως
1684 3384 1915 3456 ἐγρηγό-

349 3490 493 3543 ρουν,
514 3474 586 3535 ὡς
609 3474 661 3524 οἱ
690 3471 1030 3542 Χερουόικοὶ,
1068 3471 1161 3535 οὓς
1189 3474 1367 3542 ἡμεῖς.
1397 3476 1505 3543 ὅσῳ
1540 3473 1699 3527 πλέον
1729 3478 1917 3545 αἰσχυ-

346 3560 550 3630 νόμεθα
573 3562 666 3614 καὶ
694 3561 964 3631 τιμῶμεν,
1005 3562 1243 3633 τοσούτῳ
1285 3563 1483 3633 μᾶλλον
1520 3565 1619 3636 τὴν
1646 3564 1792 3636 ἔργῳ
1826 3583 1918 3634 γε-

346 3652 573 3723 νομένην
610 3671 669 3706 τε
713 3655 844 3723 παρ’
897 3654 1073 3707 αὐτῶν
1124 3655 1393 3727 συμϐολὴν
1443 3657 1537 3709 καὶ
1571 3656 1788 3727 διδαχὴν
1824 3659 1917 3712 καὶ

341 3748 442 3814 τήν
492 3744 863 3815 ἐπιδεχθεῖσαν
896 3745 1077 3798 πίστιν
1125 3744 1297 3815 ὀρθῶς
1343 3746 1609 3817 δεχόμεθα
1636 3763 1649 3777 ⁸
1684 3749 1731 3800 εἰ
1761 3748 1805 3800 δ’
1851 3747 1917 3801 ἂν

330 3835 393 3888 δὲ
412 3838 507 3889 καὶ
530 3835 604 3906 μὴ
624 3836 721 3907 τὴν
742 3836 915 3906 ἀρχὴν
931 3834 1295 3904 ἠκολούθησας
1318 3837 1375 3887 ἐν
1396 3836 1548 3907 μέρει
1574 3838 1685 3899 τοῖς
1712 3836 1915 3907 Ἀρείου

332 3929 728 3990 ὑπασπισταῖς,
763 3926 855 3990 οὓς
888 3927 1022 3998 μηδὲ
1064 3926 1245 3994 λέγειν
1281 3928 1427 3997 ἡμᾶς
1459 3927 1566 3997 εἴη,
1618 3928 1749 3998 μηδὲ
1786 3946 1918 3999 μαν-

336 4018 547 4079 θάνειν,
579 4016 842 4087 ἐρυθριῶν
879 4015 1093 4078 αὐτοὺς,
1126 4015 1202 4077 ὼς
1231 4015 1667 4085 περιτεθεικότας
1698 4034 1777 4070 σοι
1803 4018 1919 4070 ὅνο-

338 4129 419 4183 μα
450 4110 774 4171 ἐπισκόπου,
832 4108 1059 4178 διακόνῳ
1108 4108 1215 4179 πρὸ
1262 4108 1449 4161 τούτου
1494 4110 1594 4180 τῆς
1637 4109 1916 4180 ὀρθοδόξου

334 4202 437 4254 καὶ
486 4198 849 4268 ἁποστολικῆς
918 4198 1243 4268 Ἐκκλησίας
1292 4198 1647 4267 τυγχάνοντιο
1702 4199 1797 4251 οὐκ
1852 4198 1917 4252 ἂν

341 4294 444 4362 μὲν
470 4292 571 4360 τὴν
609 4289 965 4360 παρεξέτασιν
996 4289 1105 4341 τῶν
1134 4289 1261 4357 περὶ
1290 4288 1384 4341 τοῦ
1414 4290 1569 4357 ἁγίου
1597 4289 1917 4359 Πνεύματος

336 4383 651 4454 εἰρημένων
681 4382 816 4453 πρὸς
857 4382 926 4434 τὰ
976 4381 1104 4452 περὶ
1152 4381 1261 4433 τῶν
1308 4383 1617 4450 κτισμάτων
1663 4382 1918 4451 λεχθέντα

339 4474 628 4542 ἐποιήσω,
681 4473 775 4525 xui
822 4471 919 4542 τὴν
972 4472 1223 4524 ὑπόνοιαν
1271 4475 1382 4534 τοῖς
1434 4471 1787 4525 συνασεϐοῦσί
1836 4489 1916 4524 σοι

340 4564 567 4615 πλείονα
604 4562 827 4625 ἔδωκας,
875 4562 994 4614 οὐδὲ
1044 4563 1260 4632 ἐχρήσω
1306 4560 1372 4613 ἂν
1421 4561 1673 4631 λοιδορία,
1719 4561 1805 4614 ἵνα
1839 4560 1912 4631 μὴ

334 4654 484 4706 εἶξαι)
538 4652 872 4723 βλασφημίᾳ,
931 4652 1135 4724 νικώσῃ
1194 4651 1256 4704 τὸ
1311 4652 1565 4721 μέτριον·
1618 4652 1813 4703 εἰδέναι
1856 4652 1912 4704 δὲ

339 4740 491 4814 εἶχες
523 4744 611 4809 ἂν,
639 4746 721 4797 ὅτι
756 4744 1045 4816 συμπαρῆν
1074 4746 1166 4797 καὶ
1200 4745 1454 4813 συνήργει
1498 4746 1748 4815 ἀρρήτως
1774 4744 1910 4798 πάνυ

415 4924 531 4995 (70)
584 4924 748 4977 Alim.
788 4923 988 4995 codex,
1039 4922 1340 4995 illunc.
1397 4920 1538 4995 Lego
1596 4921 1752 4985 ἄλλος
1804 4939 1907 4995 τις.

338 4992 526 5052 “alim
566 4997 725 5049 etiam
772 4993 1090 5064 πολεμήσοι,
1128 4994 1209 5046 vel
1257 4992 1563 5063 πολεμήσῃ,
1614 5008 1711 5062 pro
1754 4992 1910 5045 πολε·

337 5068 531 5145 ΜΞεὲ
679 5133 693 5145 .
779 5132 825 5145 ..

342 5132 357 5138 ’
406 5132 530 5201 ΠΙ)
573 5132 693 5186 Nisi
736 5132 862 5186 ubi.
895 5170 949 5185 ..
998 5148 1167 5185 sermo
1218 5132 1305 5185 sit.
1357 5132 1413 5184 In
1467 5132 1677 5196 Grzeco,
1730 5133 1781 5185 εί
1834 5132 1905 5203 μὴ

342 5204 669 5258 ὑποθέσεων.
715 5203 933 5255 Videtur
970 5206 1224 5254 omissum
1254 5201 1451 5268 aliquid
1494 5220 1521 5253 :t
1568 5202 1811 5263 librario,
1844 5213 1905 5255 ut

338 5273 627 5341 legemlum
656 5275 744 5336 sit,
773 5272 997 5340 etempli
1024 5282 1217 5340 gratia,
1251 5273 1298 5323 εἰ
1336 5270 1413 5342 μὴ
1441 5271 1529 5324 ἐπὶ
1578 5271 1904 5328 ὁποθέσεων.

410 5342 525 5410 (Η)
570 5342 773 5395 Partis.
817 5343 944 5403 Sap.
976 5357 1048 5403 ιιι,
1087 5342 1154 5394 27
1182 5350 1235 5394 et
1263 5356 1379 5410 seq.

411 5414 525 5482 (73)
560 5410 832 5468 Charitas.
870 5411 1019 5482 Ilo_ut.
1056 5426 1108 5476 ν,
1142 5409 1195 5464 5.

408 5479 523 5551 (7t)
568 5482 907 5551 Quicumque1
937 5479 1094 5533 Bom.
1131 5494 1246 5551 vni,
1280 5480 1365 5535 14.

567 5552 670 5634 ριιί
697 5567 839 5618 ergo.
870 5548 1048 5634 (ialm.
1075 5566 1152 5634 tu,

404 5618 520 5693 (76)
563 5622 625 5672 Si
653 5632 850 5672 autem.
891 5618 1001 5672 Non
1033 5621 1082 5673 in
1112 5621 1125 5673 Ι
1154 5622 1217 5673 ad
1247 5620 1370 5674 Cor.
1400 5620 1512 5672 haec
1537 5628 1776 5686 exstant,
1812 5620 1905 5675 sed

331 5696 386 5749 in
416 5696 514 5761 Ep.
538 5695 604 5744 ad
624 5688 801 5743 Galat.
825 5704 873 5761 v,
906 5689 987 5741 l8.
1013 5689 1193 5744 Cra-ca
1212 5689 1374 5745 editio
1398 5707 1501 5743 nou
1529 5689 1689 5744 habet
1719 5706 1908 5746 vocent

330 5769 432 5833 ἔτι,
464 5759 515 5820 id
545 5771 630 5817 est
671 5778 687 5810 ι
719 5759 967 5829 amplius.
997 5779 1015 5810 ι

998 5148 1167 5185 sermo
1218 5132 1319 5203 sit.
1357 5129 1413 5184 In
1467 5130 1677 5203 Graeco,
1730 5133 1781 5185 εί
1834 5130 1910 5203 μὴ

1948 4507 1993 4561 D
2018 4473 2247 4543 cipimus
2287 4491 2300 4525 :

2016 3292 2073 3335 ut
2103 3282 2351 3337 eumdem
2390 3285 2560 3354 ipsum
2591 3295 2646 3341 et
2679 3287 2916 3354 donare,
2952 3298 3009 3342 et
3041 3289 3280 3343 dividere
3312 3291 3567 3346 ostende-

2018 3384 2137 3437 ret,
2176 3374 2247 3427 ita
2284 3375 2528 3440 scilicet,
2561 3385 2619 3431 ut
2658 3378 2798 3432 idem
2838 3379 3058 3433 omnino
3096 3382 3255 3445 velit,
3292 3391 3454 3451 atque
3492 3384 3581 3437 ille

2016 3480 2176 3530 unus,
2200 3466 2353 3536 cujus
2374 3479 2459 3520 est
2484 3467 2743 3543 Spiritus,
2770 3479 2823 3523 et
2842 3469 2908 3523 ad
2935 3484 3093 3537 quem
3121 3472 3299 3525 omnia
3332 3473 3581 3529 referun-

2018 3567 2106 3611 tur
2127 3600 2142 3625 ,
2176 3560 2319 3613 sicut
2359 3557 2620 3615 Romanis
2663 3561 2922 3629 scriptum
2967 3571 3051 3615 est
3080 3580 3092 3614 :
3123 3581 3141 3612 ι
3170 3562 3433 3629 Quoniam
3466 3565 3579 3635 (78)

2018 3665 2079 3703 ex
2118 3649 2264 3717 ipso,
2292 3660 2344 3705 et
2371 3666 2467 3718 per
2493 3652 2666 3720 ipsum
2687 3691 2701 3714 ,
2728 3659 2781 3705 et
2814 3652 2865 3704 in
2902 3652 3074 3721 ipsum
3102 3654 3307 3706 omnia.
3334 3672 3352 3705 ι
3381 3654 3575 3709 Verum

2018 3743 2084 3793 ad
2114 3741 2216 3795 alia
2251 3752 2441 3795 cuncta
2477 3743 2638 3795 etiam
2683 3743 2901 3796 oracula
2935 3747 3154 3798 attende
3175 3783 3191 3808 ,
3224 3760 3342 3813 quae
3372 3747 3436 3800 de
3467 3748 3582 3816 ipso

2020 3829 2314 3899 Scriptura:
2354 3830 2553 3884 habent
2581 3844 2596 3884 :
2632 3828 2690 3883 Si
2723 3829 2869 3884 enim
2902 3830 2967 3883 ad
3001 3830 3182 3885 omnia
3224 3834 3577 3901 attendisses,

2019 3939 2083 3977 ac
2111 3924 2157 3976 si
2193 3922 2292 3991 ipsi
2327 3921 2436 3975 Deo
2465 3920 2647 3984 Patri,
2683 3930 2738 3976 et
2768 3920 3055 3992 Uuigenito
3089 3923 3255 3992 ipsius
3286 3923 3424 3979 Filio
3455 3940 3576 3981 cre-

2017 4015 2209 4081 deres,
2244 4030 2306 4069 ac
2336 4014 2558 4083 insuper
2593 4024 2672 4068 tot
2697 4016 2899 4068 sanctis
2918 4054 2933 4076 ,
2959 4030 3189 4084 quorum
3218 4016 3414 4072 mentis
3441 4034 3573 4074 ocu-

2021 4108 2087 4173 li,
2119 4107 2531 4161 clterubicorum
2568 4106 2771 4175 instar,
2819 4106 3009 4176 vigiles
3058 4107 3173 4177 (79)
3200 4122 3394 4175 erant,
3438 4124 3576 4178 quos

2017 4197 2118 4267 ipsi
2149 4206 2354 4266 quanto
2403 4194 2593 4265 majori
2643 4196 2942 4249 reverentia
2986 4206 3040 4249 et
3072 4196 3273 4252 honore
3298 4200 3581 4267 prosequi-

2020 4307 2163 4356 mur,
2193 4298 2345 4343 tauto
2374 4288 2545 4357 magis
2573 4287 2868 4358 symbolam
2900 4302 3063 4356 opere
3090 4288 3157 4342 ab
3185 4287 3317 4357 ipsis
3344 4288 3543 4346 factam
3564 4332 3580 4355 ,

2017 4392 2071 4437 et
2111 4381 2434 4443 doctrinam,
2466 4388 2523 4433 et
2554 4378 2715 4432 ﬁdem
2747 4378 2815 4432 ab
2856 4377 2921 4431 iis
2955 4378 3235 4447 probatam
3275 4388 3421 4432 recte
3453 4394 3578 4435 sus-

2353 4486 2415 4524 ac
2461 4471 2506 4525 si
2553 4480 2811 4540 praeterea
2869 4470 3024 4523 initio
3068 4479 3287 4524 secutus
3325 4484 3389 4524 ex
3428 4482 3581 4538 parte

2022 4582 2125 4621 non
2163 4564 2329 4618 fuisse
2356 4562 2469 4616 Arii
2505 4561 2741 4616 asseclas
2762 4599 2779 4625 ,
2813 4575 2950 4629 quos
2984 4576 3083 4614 nec
3117 4562 3397 4615 nominare
3426 4562 3582 4617 nobis

2018 4655 2179 4717 licet.
2216 4669 2315 4708 nec
2361 4667 2621 4715 noscere,
2664 4650 2933 4706 reveritus
2975 4665 3071 4704 eos
3118 4660 3304 4719 utpote
3347 4651 3437 4716 qui
3482 4652 3578 4707 tibi

2021 4759 2214 4800 nomen
2245 4742 2481 4812 episcopi
2526 4741 2638 4812 (80)
2673 4741 3087 4809 imposuerunt,
3132 4754 3255 4794 cum
3285 4748 3443 4794 antea
3491 4755 3581 4796 or-

2091 4920 2200 4992 (77)
2240 4920 2488 4993 Fructus.
2534 4921 2801 4993 Galatav.
2833 4921 2903 4975 ἓξ
2925 4928 2979 4993 et
3006 4916 3298 4993 25._7l_3iblia
3334 4933 3434 4987 pro
3470 4918 3579 4993 γάρ

2018 4989 2215 5062 habent
2240 4992 2296 5045 δέ
2320 5008 2335 5023 ο
2363 5008 2489 5062 gquo
2523 4994 2680 5046 modo
2718 4991 2844 5062 legit
2888 4990 3050 5045 etiam
3098 4989 3357 5060 Didymus
3408 4989 3578 5060 segni.

2016 5062 2087 5117 55
2112 5061 2162 5115 b.
2202 5062 2333 5131 Vide
2360 5060 2644 5131 vulgatam
2693 5060 3121 5131 translationem.

2110 5131 2198 5195 78)
2240 5130 2521 5195 Quoniam.
2566 5130 2719 5183 Rom.
2750 5146 2827 5192 ιι,
2861 5130 2949 5185 36.

2111 5198 2196 5281 Z9)
2230 5199 2436 5281 wit“-
2466 5198 3580 5281 Ρη)ὲγγρηγρρουγςειηβυάοέγρηιόριυντ

2119 5218 2174 5255 tt)
2231 5218 2436 5270 Vigiles.
2466 5218 2755 5281 ιἰᾭεγγρη
2796 5218 3579 5280 ορουν,εῐῐιριιιιοεγρηγορουνο

2108 5218 2196 5337 8ος
2238 5269 2441 5324 Nomen
2482 5286 2727 5337 epuwpt.
2759 5218 2877 5325 Ilac
2923 5271 3195 5324 locutione
3238 5278 3332 5322 aut
3378 5272 3579 5337 tndtcat

2015 5336 2136 5397 eum
2174 5336 2332 5408 quem
2382 5339 2599 5403 rel‘ellit,
2656 5336 2903 5409 σχολαῖον
2949 5341 3043 5410 (ut
3080 5338 3333 5393 Socrates
3384 5336 3478 5392 lib.
3526 5354 3579 5393 tv

2016 5411 2159 5466 Hist.
2202 5409 2326 5463 εδει.
2374 5425 2493 5477 cap.
2535 5408 2567 5462 7
2622 5408 2917 5479 loquitur),
2970 5408 3021 5462 id
3070 5418 3154 5462 est
3205 5416 3577 5479 «vacantem,»

2145 5450 2159 5465 .
2202 5449 2326 5463 ουν..
2368 5449 2493 5490 ra...
2544 5449 2559 5462 .
2622 5449 2917 5490 ,νγ-...τη
2970 5449 3046 5490 ...γ
3072 5449 3154 5462 νυ.
3185 5449 3224 5490 Δ-
3259 5449 3544 5490 ................

2016 5480 2327 5551 episcopum
2367 5479 2562 5543 fuisse;
2601 5489 2693 5532 aut
2723 5482 2898 5548 potius
2930 5486 3268 5544 contemptus
3306 5491 3471 5531 causa
3500 5479 3580 5532 sic

2014 5550 2255 5626 loquitur
2282 5549 2552 5626 Didymus,
2572 5557 2629 5602 ut
2652 5563 2772 5626 eum
2806 5547 3576 5626 indicetpseudofepiscop'um

2017 5637 2046 5673 a
2082 5614 2143 5675 se
2174 5614 2402 5673 baberi':
2432 5635 2535 5687 qua
2574 5621 2782 5673 ratione
2830 5614 3049 5675 concilii
3094 5614 3577 5687 Sartlircénsis’l’a-

2022 5701 2131 5744 tres
2158 5692 2209 5744 in
2245 5685 2466 5757 epistola
2509 5689 2791 5760 synodica,
2823 5691 2889 5744 de
2919 5687 3185 5760 episcopis
3216 5686 3386 5760 blagni
3416 5685 3581 5739 Atha-

2022 5762 2157 5817 nasii
2223 5756 2553 5816 adversariis
2609 5767 2663 5814 et
2714 5756 3193 5814 calumniatoribus
3272 5756 3577 5825 loquentes.
