4082 6406
629 284 733 340 615

1862 279 2093 334 DlDYMl
2135 278 2604 346 ALEXANDRIM
3739 283 3824 339 616

629 401 876 456 thodoxm
918 407 974 451 et
1011 394 1320 466 apostolica:
1364 393 1614 448 Ecclesiae
1675 393 1936 450 diaconus
1996 411 2187 458 esses;

2292 411 2400 446 των
2458 395 2990 466 δημιουργουμένων,
3047 396 3141 449 ἆτε
3191 395 3413 465 Πνεῦμα.
3458 395 3548 450 τοῦ
3594 397 3718 450 Θεοῦ
3757 403 3826 455 ὲν-

628 505 900 560 nunqnam
951 503 1051 552 ea,
1089 503 1205 557 qua:
1249 488 1314 540 de
1357 485 1561 554 Spiritu
1606 494 1793 538 sancto
1833 487 1974 539 dicta
2027 496 2192 549 sunt,

632 598 753 634 rum
787 582 852 634 iis
884 593 1290 650 comparasses,
1324 593 1442 646 qua:
1478 569 1542 630 de
1569 577 1834 632 creaturis
1881 578 2019 640 dicta
2072 576 2187 632 tue-

627 679 787 732 runt,
822 687 920 724 nec
950 672 1046 736 iis,
1077 671 1165 739 qui
1205 668 1298 722 tibi
1335 669 1386 722 in
1423 669 1696 738 impietate
1726 669 1856 723 socii
1891 679 2048 734 sunt,
2079 685 2194 722 tua-

622 762 796 832 jorem
840 764 1203 832 suspicionem
1237 764 1646 832 ingenerasses,
1682 776 1856 829 neque
1901 763 2147 816 convicio
2175 802 2190 826 ,

625 870 696 908 ne
729 855 900 909 dieam
935 854 1269 922 blasphemia
1293 894 1307 919 ,
1347 854 1561 908 modum
1610 868 1822 907 onmem
1863 856 2188 917 excedente,

626 963 758 1000 usus
789 963 937 1001 esses
973 970 983 1001 :
1015 947 1106 1002 sed
1152 947 1276 1000 illud
1307 947 1449 1000 scire
1495 946 1758 1014 potuisses
1782 987 1797 1010 ,
1836 948 1978 1018 quod
2031 945 2193 999 simul

626 1041 814 1094 aderat
849 1039 1087 1108 Spiritus
1115 1049 1338 1093 sanctus
1360 1077 1375 1102 ,
1413 1046 1472 1092 et
1501 1037 1661 1092 simul
1692 1038 2018 1106 operabatur
2049 1036 2190 1091 inef-

626 1128 887 1194 fatbiliter,
923 1145 1044 1183 cum
1079 1130 1260 1182 omnia
1299 1130 1513 1183 condita
1547 1138 1702 1192 sunt,
1743 1138 1926 1197 utpote
1956 1126 2193 1197 Spiritus

626 1222 720 1276 Dei
759 1221 810 1274 in
843 1221 1030 1274 eodem
1061 1221 1405 1296 subsistens;
1441 1221 1531 1274 Dei
1568 1235 1697 1272 vero
1733 1229 1788 1272 et
1828 1219 2002 1272 Patris
2041 1233 2186 1272 com-

624 1313 890 1382 placentia
923 1314 1143 1367 omnino
1177 1313 1313 1376 fuit,
1345 1314 1487 1367 sicut
1528 1314 1776 1382 superius
1827 1313 2028 1365 dictum
2073 1321 2190 1374 est,

622 1420 722 1473 per
769 1403 962 1457 Filium
1016 1403 1250 1457 Verbum
1292 1405 1471 1458 omnia
1519 1419 1584 1456 ex
1621 1403 1790 1456 nihilo
1826 1403 2081 1470 produci,
2120 1403 2190 1456 ita

624 1504 681 1547 ιιι
721 1494 879 1546 simul
908 1511 1027 1547 cum
1063 1494 1179 1563 ipso
1214 1495 1544 1564 intelligatur
1572 1492 1703 1564 (qui
1735 1494 1878 1546 enim
1913 1493 2072 1547 aliter
2108 1508 2193 1547 res

623 1599 740 1638 esse
774 1584 1026 1654 potest?)
1054 1601 1174 1638 cum
1211 1585 1322 1652 ipse
1347 1585 1528 1649 Pater,
1559 1592 1670 1635 tum
1701 1584 2048 1638 sanetiticans
2076 1583 2192 1652 ejus

625 1675 858 1744 Spiritus
882 1716 896 1738 ,
953 1676 1005 1729 in
1063 1678 1341 1730 creatione
1369 1691 1382 1728 :
1437 1676 1744 1730 hominibus
1779 1690 1910 1728 vero
1942 1685 2146 1728 tantum
2171 1717 2185 1739 ,

623 1773 716 1819 aut
751 1765 914 1820 etiam
957 1767 1161 1836 angelis
1201 1768 1554 1837 contingere,
1597 1778 1655 1820 ut
1690 1768 1870 1821 multis
1907 1752 2184 1836 personis,
2220 1743 2262 1797 Β

622 1863 678 1909 et
715 1857 964 1911 manibus
995 1857 1272 1925 indigeant
1303 1858 1368 1910 ad
1403 1857 1666 1926 quidlibet
1711 1857 1947 1926 perfecte
1973 1899 1988 1921 ,
2030 1867 2084 1911 et
2112 1855 2188 1911 fe-

624 1944 713 1998 lici
741 1961 861 1998 cum
899 1946 1045 1999 exitu
1076 1947 1240 2016 216
1269 1945 1592 2001 faciendum.
1641 1948 1714 2003 De
1752 1949 1837 2002 his
1871 1959 2051 2002 autem
2092 1962 2190 2002 nos

623 2035 711 2089 ille
744 2045 925 2091 certos
957 2037 1166 2100 reddit,
1201 2037 1293 2106 qui
1340 2037 1392 2090 in
1433 2053 1530 2101 ea,
1577 2053 1695 2108 quae
1727 2055 1821 2108 per
1862 2039 2186 2108 baptismum

621 2127 702 2190 lit,
737 2136 917 2179 nostra
947 2127 1222 2180 hominum
1259 2128 1695 2197 regeneratione,
1731 2128 1994 2198 Spiritum
2027 2128 2188 2184 simul

620 2233 742 2272 cum
775 2218 893 2271 aliis
925 2220 1170 2286 personis
1209 2221 1621 2274 commemorari
1667 2222 1871 2288 jussit;
1918 2237 2039 2275 nam
2075 2224 2187 2290 ipse

621 2324 833 2378 quoque
868 2321 1325 2366 commemoratur
1359 2321 1417 2365 ut
1449 2313 1609 2366 simul
1642 2329 1916 2382 przesens,
1949 2324 2004 2368 et
2028 2315 2188 2368 simul

619 2415 850 2470 operans
870 2443 882 2463 ,
910 2412 958 2454 et
989 2401 1241 2456 inell‘abili
1277 2413 1466 2457 natura
1499 2419 1600 2458 non
1631 2404 1872 2458 inferior.
1905 2405 1996 2460 Sic
2027 2420 2178 2476 ergo,

619 2504 808 2547 etnon
843 2493 999 2562 aliter
1040 2494 1151 2547 haec
1181 2512 1238 2550 se
1276 2497 1502 2560 habent,
1553 2507 1608 2551 et
1653 2497 1801 2565 plura
1851 2507 2030 2551 tamen
2070 2498 2181 2567 (81)

618 2585 800 2640 dicere
833 2587 1098 2640 omittam.
1143 2588 1212 2641 At
1245 2588 1386 2642 enim
1435 2604 1529 2656 per
1582 2589 1841 2656 Spiritum
1873 2589 2035 2642 etiam
2070 2590 2184 2643 dis-

621 2674 808 2730 tribuit
835 2677 972 2730 Deus
991 2717 1004 2740 ,
1035 2678 1176 2732 sicut
1211 2694 1305 2746 per
1323 2676 1558 2734 Verbum
1580 2695 1733 2734 suum
1753 2690 1920 2732 creat.
1954 2677 2058 2734 Sed
2089 2681 2189 2733 hoc

619 2781 742 2820 eum
788 2781 818 2820 a
861 2768 1058 2823 deitate
1109 2785 1216 2823 non
1261 2770 1538 2836 excludit,
1570 2773 1709 2825 sicut
1746 2787 1809 2824 ne
1841 2771 2033 2824 Filium
2064 2773 2184 2839 qui-

619 2860 741 2913 dem
774 2879 786 2914 :
821 2861 950 2929 quin
985 2861 1094 2916 imo
1131 2865 1242 2916 hzec
1270 2864 1434 2918 etiam
1462 2864 1794 2930 ostendunt,
1845 2864 2020 2932 ipsum
2064 2879 2187 2918 esse

622 2950 788 3004 Deum
821 2971 832 3004 :
867 2954 1118 3019 quoniam
1155 2954 1219 3007 iis
1245 2993 1260 3017 ,
1300 2955 1387 3021 qui
1425 2969 1522 3024 per
1560 2953 1753 3008 Filium
1798 2955 1969 3010 creati
2020 2966 2144 3010 sunt
2169 2997 2184 3020 ,

616 3025 716 3133 per
743 3040 1000 3111 Spiritum
1034 3054 1275 3098 sanctum
1315 3048 1448 3099 bona
1481 3046 1818 3114 praebentur,
1851 3061 1970 3115 qua:
1994 3047 2059 3099 ad
2095 3061 2186 3101 sa-
2214 3078 2255 3133 ο

617 3130 781 3184 lutem
825 3133 1144 3200 conferunt,
1192 3150 1419 3204 quaeque
1453 3136 1652 3205 ubique
1681 3135 2066 3190 celebrantur:
2103 3136 2186 3190 al-

621 3231 794 3277 terum
827 3225 967 3278 enim
997 3225 1062 3278 ab
1091 3225 1259 3279 altero
1304 3226 1542 3294 pendet,
1594 3236 1648 3280 et
1693 3236 1956 3281 creaturze
2006 3227 2188 3280 utilior

617 3326 700 3368 est
736 3315 1088 3384 providentia,
1116 3318 1449 3385 copioszeque
1478 3317 1776 3372 divinorum
1801 3333 1864 3372 ac
1887 3318 2184 3372 cmlestium

618 3402 882 3456 donorum
913 3404 1268 3460 multitudinis
1292 3409 1638 3472 consecutio,
1667 3423 1828 3477 quam
1862 3410 2064 3475 creatio
2091 3426 2105 3473 ;
2135 3419 2187 3462 et

618 3491 786 3562 pluris
817 3495 882 3545 ab
917 3495 1167 3550 onmibus
1200 3498 1502 3552 aestimatur
1537 3514 1642 3552 non
1674 3500 1977 3563 exsistere,
2026 3515 2184 3566 quant

617 3599 740 3638 cum
772 3585 1032 3650 cxsistas,
1061 3602 1293 3656 superna
1328 3589 1648 3643 inexhausta
1686 3591 1821 3643 bona
1857 3607 1958 3643 non
1993 3606 2182 3646 conse-

617 3676 706 3744 qui
737 3694 751 3742 ;
788 3692 906 3746 quae
945 3678 1106 3731 etiam
1152 3695 1272 3733 cum
1327 3682 1542 3745 dantur,
1591 3698 1694 3736 non
1741 3683 2175 3750 conspiciuntur,

617 3768 759 3822 sient
790 3783 976 3822 eorum
1015 3773 1174 3824 etiam
1229 3773 1456 3827 donator
1489 3785 1542 3828 et
1583 3775 1636 3826 in
1673 3775 1868 3828 saecula
1900 3775 2182 3844 elargitur,

615 3866 672 3912 et
721 3860 1116 3927 quodammodo
1165 3860 1495 3930 ignoratur:
1549 3878 1645 3916 nec
1677 3865 1818 3916 enim
1871 3881 1931 3916 ea
1995 3864 2183 3918 oculus

616 3949 782 4013 vidit,
839 3965 1014 4018 neque
1064 3952 1212 4005 auris
1271 3954 1509 4017 audivit,
1566 3969 1738 4023 neque
1774 3957 1823 4008 in
1863 3967 2098 4012 mentem
2131 3969 2186 4013 et

613 4040 994 4109 cogitationem
1057 4051 1297 4094 nostram
1358 4055 1667 4108 venerunt,
1731 4061 1829 4099 nec
1887 4048 2181 4115 cognitioni

614 4139 813 4182 nostra:
867 4130 1106 4196 exposita
1146 4140 1304 4196 sunt;
1339 4131 1433 4188 sed
1472 4133 1728 4201 quidquid
1780 4136 2062 4190 excelsum
2118 4153 2182 4191 ac

613 4220 844 4276 sublime
866 4260 882 4286 ,
915 4221 1177 4291 quidquid
1211 4224 1496 4292 pulchrum
1535 4242 1756 4293 usquam
1788 4237 1870 4286 est
1896 4270 1912 4294 ,
1945 4224 2186 4283 id'omne

615 4311 775 4365 simul
834 4322 1016 4368 mente
1070 4314 1406 4386 colligimus,
1461 4329 1520 4372 ut
1572 4319 1684 4389 (82)
1736 4321 1915 4388 aliquo
1969 4322 2183 4375 tandem

2294 478 2594 540 υπόστατον
2621 504 2632 516 '
2673 487 2926 558 εὐδόκησε
2975 486 3031 538 δὲ
3087 487 3232 554 ἅπαξ
3273 489 3303 539 ὁ
3344 487 3473 550 Θεὸς
3511 489 3598 540 καὶ
3644 492 3825 562 Πατὴρ.

2293 578 2435 631 καθά
2467 578 2721 648 ἀνωτέρω
2763 579 2994 648 εἴρηται,
3045 578 3132 632 διὰ
3172 578 3265 632 τοῦ
3303 579 3430 632 Υίοῧ
3478 580 3640 646 Λόγου
3678 583 3827 635 πάντα

2295 671 2358 722 ἐκ
2403 670 2476 740 μὴ
2519 669 2685 722 ὄντων
2744 669 3142 741 παροισθῆναι,
3197 672 3665 740 συνεπινοουμένου
3703 674 3828 740 (πῶς

2293 762 2401 832 γὰρ
2445 761 2566 830 06;)
2597 761 2760 816 αὑτοῦ
2793 779 2851 814 τε
2896 761 2989 814 τοῦ
3033 762 3244 833 Πατρὸς
3278 763 3370 814 καί¹
3410 761 3503 815 τοῦ
3543 763 3827 831 ἁγιαστικοῦ

2294 852 2608 923 Πνεύματος
2639 852 2803 906 αὐτοῦ
2839 854 2918 916 είς
2955 853 3016 906 τὸ
3063 853 3458 923 δημιουργῆσαι
3480 870 3493 882 ·
3531 856 3617 906 ἐπὶ
3650 855 3827 926 ἀνθρώ-

2296 944 2508 1009 πων-δὲ,
2535 945 2568 1014 ἢ
2600 945 2690 998 καὶ
2717 944 2982 1014 ἀγγέλων,
3016 945 3173 1015 χρεία
3199 945 3407 997 πολλῶν
3441 945 3727 1016 προσώπων
3751 948 3828 999 καὶ

2293 1035 2491 1106 χειρῶν
2520 1039 2598 1100 είς
2637 1037 2694 1088 τὸ
2718 1036 2935 1098 τελείως
2958 1036 3049 1087 καὶ
3078 1036 3502 1106 περιγεγονότως
3522 1038 3687 1089 ὁτιοῦν
3711 1042 3827 1108 πρᾶ-

2295 1123 2399 1189 ξαι.
2460 1128 2787 1195 Διεγγυᾶται
2831 1126 2886 1179 δὲ
2930 1125 3017 1196 [99
3048 1126 3102 1197 α]
3137 1125 3306 1181 ταῦτα
3355 1129 3383 1180 ὁ
3427 1127 3677 1190 θεσπίσας
3711 1145 3826 1198 συμ-

2296 1219 2728 1290 μνημονεύεσθαι
2758 1219 2886 1272 αὐτὸ
2916 1222 2973 1272 ἐν
3000 1223 3064 1291 τῇ
3096 1219 3189 1272 τοῦ
3238 1219 3608 1290 βαπτίσματος
3634 1222 3828 1287 ἀναγεν-

2293 1312 2444 1381 νήσει
2487 1310 2674 1381 ἡμῶν·
2716 1311 2791 1375 ὡς
2843 1311 3126 1382 συμπαρὺν
3155 1313 3294 1382 γὰρ,
3339 1313 3434 1365 καὶ
3479 1314 3826 1382 συμπρᾶττον,

2293 1403 2387 1454 καὶ
2431 1403 2528 1471 τῆς
2571 1403 2808 1472 ἀρρήτου
2849 1401 3060 1470 φύσεως
3092 1403 3188 1472 ούχ
3240 1403 3686 1473 ὕποὸιϐαζόμενον
3719 1421 3827 1473 μνη-

2295 1488 2580 1555 μονεύεται
2612 1489 2702 1541 καὶ
2734 1489 2882 1541 αὑτό.
2918 1489 3102 1552 Οὕτως
3145 1491 3247 1560 μὲν
3276 1487 3368 1544 οὖν
3404 1491 3594 1556 ταῦτα,
3622 1493 3707 1545 καὶ
3747 1493 3826 1545 οὐκ

2291 1577 2485 1642 ἄλλως.
2531 1582 2623 1632 καὶ
2672 1580 2840 1633 πλείω
2879 1583 3109 1652 παρήσω
3155 1583 3332 1651 λέγειν
3369 1584 3538 1652 ὅμως.
3578 1582 3723 1635 Ἀλλά
3751 1584 3827 1635 καὶ

2291 1666 2381 1719 διὰ
2408 1667 2498 1720 τοῦ
2531 1667 2842 1738 Πνεύματος
2874 1669 3112 1739 διανέμει
3146 1670 3173 1721 ὁ
3211 1669 3361 1734 Θεὸς,
3392 1669 3467 1733 ὡς
3512 1668 3596 1721 διὰ
3629 1667 3713 1720 τοῦ
3745 1667 3826 1720 Λό-

2289 1772 2386 1824 γου
2409 1756 2573 1809 αὑτοῦ
2606 1756 2797 1820 κτίζει.
2836 1757 3002 1812 Τοῦτο
3034 1758 3133 1812 οὐκ
3171 1758 3420 1813 ἐκϐάλλει
3454 1759 3581 1811 αὐτὸ
3610 1759 3701 1828 τῆς
3728 1758 3825 1810 θεό-

2289 1866 2467 1919 τητος,
2495 1849 2570 1913 ὡς
2607 1849 2726 1903 οὐδὲ
2779 1850 2870 1902 τὸν
2904 1849 3060 1903 Υίόν·
3110 1851 3300 1921 μενοῦν
3350 1868 3414 1919 γε
3454 1852 3546 1904 καὶ
3575 1849 3826 1918 ἀποφαίνει

2289 1943 2382 1994 καὶ
2407 1941 2493 1995 διά
2511 1940 2714 1993 τούτων
2743 1942 2872 1994 αὐτὸ
2903 1941 3054 1995 Θεόν.
3098 1942 3315 2013 Ἐπειδὴ
3350 1945 3463 2006 τοῖς
3499 1942 3584 1995 διὰ.
3611 1942 3696 1994 τοῦ
3721 1941 3825 1994 Υἰοῦ

2289 2033 2576 2099 κτισθεῖσι,
2620 2034 2706 2086 διά
2758 2035 2851 2087 τοῦ
2894 2033 3048 2102 ἁγίου
3079 2035 3392 2105 Πνεύματος
3420 2034 3490 2086 τὰ
3526 2035 3653 2105 πρὸς
3681 2050 3826 2102 σωτη-

2292 2125 2411 2196 ρίαν
2445 2127 2539 2179 καὶ
2569 2125 2842 2196 πανταχοῦ
2869 2125 3173 2196 λαλούμενα
3206 2125 3506 2197 παρέχεται
3529 2126 3711 2194 ἀγαθά.
3739 2125 3826 2176 Θά-

2287 2233 2444 2288 τερον
2473 2217 2579 2288 γάρ
2613 2216 2839 2288 θατέρου
2879 2218 3134 2288 ἢρτηται,
3173 2217 3265 2269 καὶ
3295 2216 3373 2287 τῷ
3406 2217 3824 2288 δημιουργηθέντι

2291 2307 2711 2380 συμφορώτερον
2747 2307 2841 2361 τοῦ
2881 2307 3344 2379 δημιουργηθῆναι
3388 2308 3448 2362 τὸ
3495 2309 3823 2380 προνοεῖσθαι,

2288 2400 2382 2453 καὶ
2406 2398 2499 2452 τοῦ
2532 2399 2742 2470 ῥέοντος
2771 2399 3004 2470 πλήθους
3031 2400 3139 2452 τῶν
3168 2400 3225 2466 ἐξ
3253 2401 3482 2472 ούρανοῦ
3531 2401 3680 2453 θείων
3714 2415 3823 2453 κατ-

2288 2490 2568 2554 αξιοῦσθαι
2606 2488 2820 2561 δώρων·
2849 2491 2942 2542 καὶ
2971 2491 3358 2562 προτετίμηται
3387 2491 3654 2563 πανταχοῦ
3684 2491 3737 2543 τὸ
3764 2488 3823 2559 μὴ

2288 2580 2557 2649 γενέσθαι,
2589 2581 2681 2633 τοῦ
2728 2581 3015 2652 γενόμενον
3062 2581 3310 2648 ἀτευξίαν
3343 2583 3485 2653 ἔχειν
3512 2583 3616 2635 τῶν
3650 2581 3824 2635 ἄνωθεν

2287 2673 2642 2743 ἀδαπανήτων
2676 2671 2894 2740 ἀγαθῶν
2912 2689 2924 2702 ·
2961 2672 2996 2726 ἃ
3025 2674 3117 2726 καὶ
3142 2674 3393 2744 διδόμενα
3420 2676 3517 2744 οὺχ
3540 2675 3736 2744 ὁρᾶται,
3763 2678 3823 2734 ὼς

2288 2767 2382 2820 καὶ
2417 2767 2444 2818 ὁ
2488 2765 2662 2826 διδοὺς
2697 2764 2790 2817 καὶ
2826 2764 2891 2817 δι’
2925 2764 3132 2818 αἰώνων
3170 2767 3425 2835 ἐπαρκεῖ,
3469 2768 3561 2821 καὶ
3587 2765 3823 2835 ἀγνοεῖταί

2289 2875 2422 2921 πως.
2465 2857 2538 2910 Οὐ
2582 2856 2690 2928 γὰρ
2726 2856 2832 2911 ἴδεν
2869 2856 3010 2909 αὐτά
3040 2856 3211 2928 ὄμμα,
3252 2857 3377 2911 οὔτε
3419 2860 3642 2929 ἤκουσεν
3672 2852 3820 2924 οὗς.ἢ

2288 2951 2367 3013 εἰς
2399 2948 2692 3018 ἐνθύμησιν
2732 2944 2862 3019 ἦλθέ
2897 2965 2983 3000 πω
3008 2966 3020 2979 ·
3069 2949 3164 3002 καὶ
3214 2949 3500 3020 πρόκειται
3547 2953 3608 3020 τῇ
3656 2947 3822 3017 γνώσει

2290 3039 2445 3110 ἡμῶν
2475 3042 2580 3093 πᾶν
2609 3041 2734 3110 περὶ
2763 3040 2942 3093 αὐτῶν
2980 3039 3110 3110 ὕψος
3151 3040 3627 3112 συλλογιζομένων,
3665 3041 3757 3092 πᾶν
3774 3054 3820 3088 τε

2289 3133 2480 3196 κάλλος
2515 3134 2895 3201 συλλεγόντων,
2927 3135 3074 3198 ὅπως
3106 3135 3220 3187 ποτ’
3263 3130 3355 3187 οὖν
3381 3134 3594 3206 πελάζῃ
3620 3132 3691 3201 τῷ
3717 3127 3823 3199 πρέ-

2288 3242 2439 3277 ποντι
2479 3227 2512 3294 ἡ
2539 3224 2715 3288 πίστις
2735 3241 2748 3254 °
2780 3224 2906 3278 ἔνθα
2934 3225 3040 3295 γὰρ
3072 3225 3203 3278 αὐτὸ
3242 3225 3492 3296 τάληθὲς,
3519 3226 3550 3296 ἢ
3579 3221 3821 3294 τὰκριθὲς,

2286 3316 2419 3378 τέως
2448 3317 2545 3386 οὐχ
2569 3315 2859 3386 ἁλώσιμον,
2887 3319 2942 3379 ἐς
2967 3317 3028 3368 τὸ
3051 3317 3270 3369 δυνατὸν
3294 3317 3374 3369 δεῖ
3399 3317 3628 3386 βλέπειν.
3667 3312 3826 3366 Ἀπλα-

2285 3405 2381 3475 νὴς
2430 3402 2520 3458 οὗν
2565 3406 2711 3472 ἔλεξε
2765 3406 2914 3478 φωνὴ
2965 3409 3092 3477 περὶ
3138 3407 3229 3460 τοῦ
3265 3409 3560 3478 γενομένου
3593 3405 3825 3478 ἀμετόχου

2285 3497 2519 3550 τούτων·
2571 3517 2588 3547 ι
2624 3497 2800 3550 Καλὸν
2845 3493 2912 3568 ἦν
2956 3498 3032 3568 τῷ
3084 3498 3354 3570 ἀνθρώπῳ
3405 3503 3614 3570 ἐκείνῳ,
3655 3499 3700 3550 εί
3747 3496 3826 3547 οὐκ

2286 3587 2566 3658 ἐγεννήθη.
2604 3606 2620 3636 ι
2673 3588 2843 3651 Αὐτὸς
2895 3584 2987 3641 οὖν
3044 3592 3265 3643 σεαυτὸν
3313 3590 3379 3642 δι’
3432 3592 3606 3653 αἰτίας
3655 3591 3827 3658 ἤγαγες

2285 3679 2409 3750 ἤδη,
2440 3679 2534 3730 καὶ
2559 3681 2633 3742 εἰς
2665 3679 2856 3732 ἑαυτὸν
2899 3680 3276 3750 περιέτρεψας,
3310 3681 3375 3751 ῆν
3410 3683 3538 3735 eiram
3562 3681 3674 3734 καθ’
3699 3679 3827 3748 ἡμῶν

2287 3770 2652 3840 κατηγορίαν·
2700 3769 2793 3823 καὶ
2834 3769 3017 3832 ἁπλῶς
3047 3771 3155 3822 τῶν
3199 3770 3336 3840 ἀέρα
3373 3772 3676 3824 τυπτόντων
3703 3767 3827 3820 οὐδὲν

2285 3859 2558 3932 διαφέρειν
2617 3861 2830 3926 ἔδοξας,
2883 3862 3177 3932 προαχθεὶς
3237 3865 3318 3926 εἰς
3375 3864 3441 3916 τὸ
3494 3863 3712 3934 ἀπορίας
3764 3875 3826 3910 τι·

2286 3952 2402 4015 νὰς.
2450 3953 2510 4004 τὸ
2567 3953 2629 4023 δὴ
2689 3953 2996 4023 λεγόμενον,
3043 3953 3327 4016 καττύσαι,
3395 3955 3488 4008 καὶ
3521 3955 3606 4026 [99
3651 3952 3698 4024 ιν]
3748 3967 3825 4021 με.

2284 4041 2417 4106 ταξὺ
2457 4042 2614 4095 θείων
2658 4043 2996 4114 πραγμάτων
3050 4043 3141 4096 καὶ
3185 4043 3538 4114 διηγημάτων
3584 4046 3659 4108 είς
3692 4043 3826 4113 μέσον

2286 4134 2500 4202 ἀσόφως
2522 4133 2727 4204 φέρειν,
2758 4135 2855 4204 τῆς
2891 4135 3076 4206 χρείας
3114 4136 3214 4188 οὐκ
3251 4136 3605 4208 ἀπαιτούσης,
3635 4133 3755 4190 ἄλλα
3780 4130 3826 4183 τέ

2286 4243 2406 4280 τινα
2436 4227 2616 4290 ὐλικά,
2646 4227 2741 4279 καὶ
2770 4227 2950 4297 μέντοι
3003 4227 3092 4279 τδν
3148 4227 3522 4298 ἀντικείμενον
3541 4269 3555 4291 ,
3589 4229 3677 4281 καὶ
3715 4231 3828 4279 ἀπο·

2289 4318 2638 4389 ϐεϐλημένον,
2681 4319 2772 4371 καὶ
2811 4314 3007 4390 οἷάπερ
3050 4321 3235 4384 ἔλεξας
3279 4308 3664 4377 ὑποϐάλλοντα.
3709 4315 3826 4373 Πολύ

613 4415 776 4470 modo
829 4416 895 4470 ad
947 4417 1227 4473 veritatem
1286 4421 1508 4474 accedat
1557 4422 1689 4476 ﬁdes
1730 4435 1954 4490 nostra;
2004 4424 2056 4478 in
2105 4425 2184 4479 al-

2289 4426 2347 4462 τε
2385 4409 2610 4480 ἀπέχεις
2637 4409 2744 4461 τῶν
2773 4411 3012 4474 ἐπιεικές
3051 4429 3104 4465 τι
3151 4413 3243 4465 καὶ
3276 4415 3510 4483 χρηστὸν
3565 4409 3827 4479 πεποιηκό-

612 4527 730 4578 tera
762 4523 905 4579 enim
959 4525 1069 4578 vita
1124 4525 1381 4581 duntaxat
1425 4527 1606 4582 divina
1663 4529 1750 4583 illa
1808 4530 1983 4595 bona,
2024 4540 2185 4601 prout

615 4643 804 4685 revera
863 4631 917 4685 in
974 4632 1177 4701 seipsis
1237 4642 1414 4700 sunt,
1477 4643 1532 4689 et
1591 4635 1709 4690 sine
1782 4636 1942 4702 velo,
2013 4652 2184 4706 quan-

615 4741 728 4784 tmn
777 4747 1004 4801 capaces
1033 4736 1238 4788 erimus
1260 4775 1277 4798 ,
1309 4735 1658 4802 intuebimur,
1695 4753 1816 4792 cum
1856 4738 1909 4794 in
1935 4740 2036 4794 hac
2071 4741 2181 4795 vita

613 4837 893 4907 percipere
915 4839 1102 4894 eadem
1161 4856 1266 4894 non
1317 4841 1614 4896 valeamus.
1648 4843 1834 4912 itaque
1867 4844 1913 4898 is
1938 4846 2028 4914 qui
2072 4844 2182 4899 falli

611 4957 718 4995 non
756 4952 967 5012 potest,
1017 4943 1085 4998 de
1115 4960 1180 5000 eo
1208 4948 1297 5014 qui
1332 4947 1595 5001 bonorum
1649 4947 1876 5001 istorum
1911 4949 2184 5017 particeps

611 5043 788 5098 factus
834 5059 939 5099 non
969 5055 1071 5110 est,
1093 5047 1227 5102 dixit
1252 5065 1266 5102 :
1295 5067 1314 5100 ι
1345 5049 1550 5103 Bonum
1583 5048 1794 5119 (85-73)
1826 5060 1946 5103 erat
1976 5051 2176 5104 homini

609 5177 730 5255 Τῆς
758 5178 1316 5255 συκοφαντίαςαύτῆς
1338 5180 1528 5252 μισθὸν
1556 5180 1848 5255 (inquiunt)
1868 5181 1946 5253 τῷ
1980 5182 2197 5255 Ἰσχύρᾳ

609 5195 730 5299 ἑετὲς
758 5195 1120 5246 συκοφαντιας
1145 5195 1316 5250 αυτης
1338 5195 1528 5252 μισυον
1556 5195 1848 5304 gnqurtmt)
1868 5200 1946 5253 τῳ
1985 5195 2194 5255 Ἰσχυρᾳ

631 5332 638 5333 7
699 5264 906 5333 ωκασιν
940 5249 1240 5333 ἐπισκόπου
1280 5254 1483 5333 όνομα,
1509 5269 1588 5333 ιτ,
1658 5251 1790 5333 μηδὲ
1834 5251 2194 5333 πρεσϐυτέρῳ

609 5318 954 5392 τυγχάνοντι,
981 5320 1034 5392 id
1057 5329 1155 5392 est
1195 5338 1209 5373 :
1244 5340 1263 5371 ι
1295 5318 1395 5391 Ipsi
1427 5318 1670 5392 Iscby'rae'
1704 5318 1986 5377 calum'nia’.
2039 5318 2193 5378 istius

612 5388 919 5461 mercedem
963 5387 1231 5442 dederunt
1279 5387 1470 5446 nomen
1520 5387 1780 5461 episcopi,
1827 5407 1950 5446 cum
2011 5404 2189 5447 tamen

613 5469 681 5527 ne
743 5457 1031 5527 presbyter
1082 5461 1298 5527 quidem
1357 5457 1571 5515 esset.i
1629 5457 2007 5518 Theoloretus
2056 5479 2189 5516 vero

699 5245 914 5322 ώκασιν
940 5249 1240 5322 ἐπισκόπου
1271 5245 1450 5322 ’ὄνομα
1469 5291 1483 5315 ,
1527 5269 1558 5303 τ

733 5523 770 5598 ιι
806 5523 944 5580 Hist.
973 5523 1124 5591 ecclf,
1156 5545 1275 5598 cap.
1306 5530 1401 5596 24,
1428 5530 1706 5586 Leontium
1759 5551 1786 5587 a
1820 5533 2074 5586 Flaviano
2119 5548 2182 5584 ae

615 5593 857 5671 βίαιοι-ο
901 5593 1285 5671 reprehensum
1347 5593 1572 5665 narrat,
1627 5605 1767 5671 quod
1825 5605 2036 5656 Aetium
2085 5604 2178 5655 ἐπὶ

795 5666 894 5736 τῆς
934 5661 1272 5750 ⁸Ἐκκλησία-ς
1322 5672 1415 5750 τοί)
1464 5661 1896 5750 τῇςλδίακονίαςᾎ
1924 5673 2183 5750 ονοματος

614 5732 902 5804 ἠξιώσατο,
933 5737 984 5794 id
1017 5732 1176 5808 est,'t
1201 5742 1340 5809 quod
1381 5743 1434 5796 in
1467 5732 1718 5798 Ecclesia:
1749 5732 2036 5813 perniciem
2067 5732 2184 5798 dia;

2287 4519 2417 4567 των,
2458 4503 2550 4555 καὶ
2591 4503 2762 4566 οὐδείς
2825 4520 2884 4556 σε
2934 4505 3272 4576 Χριστιανῶν
3323 4506 3434 4558 τῶν
3485 4507 3583 4569 τὰς
3637 4507 3673 4557 Γ
3680 4501 3828 4574 pavi;

2286 4593 2462 4665 ὀρθῶς
2502 4595 2596 4647 καὶ⁸
2655 4594 3023 4665 ἀπροσπαθῶς
3077 4597 3594 4670 ὲκμελετησάντων,
3642 4596 3734 4650 καὶ
3763 4588 3828 4654 οἷς

2287 4684 2450 4748 εὐθὺς
2476 4684 2537 4737 τὸ
2563 4684 2882 4754 διαπρέπειν
2924 4685 3016 4736 ἐπὶ
3052 4687 3118 4755 τῇ
3165 4685 3377 4757 δοθείσῃ
3413 4687 3564 4758 παρά
3595 4685 3684 4738 τοῦ
3708 4682 3827 4736 θείου

2287 4774 2601 4846 Πνεύματος
2646 4776 2824 4845 χάριτι
2874 4775 3133 4847 ὑπῆρξεν,
3188 4775 3507 4840 ἀποδέξαιτο
3554 4778 3618 4830 ἂν
3665 4777 3735 4837 εἰς
3774 4771 3828 4822 τὰ

2287 4867 2642 4937 ψυχοὸλαὸὦς
2692 4883 2772 4919 σοι
2824 4866 3208 4937 ὲκπονηθέντα.
3261 4868 3420 4921 Κατὰ
3467 4870 3574 4939 γὰρ
3615 4868 3704 4937 τὴν
3748 4863 3827 4932 σὴν

2288 4941 2622 5031 ὲγχέίρησιν,
2657 4958 3052 5030 ἐκϐληθήσεται
3089 4959 3229 5028 τάχα
3258 4960 3407 5012 πᾶσα
3435 4961 3640 5029 Γραφὴ,
3672 4957 3827 5008 θεολο-

2289 5052 2411 5120 γίας
2445 5053 2667 5120 ἔνδειξιν
2697 5052 2911 5130 ἔχουσα.
2944 5054 3054 5106 Καὶ
3086 5052 3239 5124 φέρε,
3272 5055 3318 5105 εἰ
3351 5053 3428 5124 μὴ
3460 5054 3628 5107 ταῦτα
3656 5048 3824 5120 ἀληθῆ,

2295 5197 2520 5242 conatus
2554 5187 2770 5241 nomine
2798 5186 3008 5240 Aetium
3041 5185 3290 5254 dignatus
3314 5195 3477 5242 esset.
3512 5205 3531 5238 ι

2363 5254 2478 5325 (81)
2535 5255 2751 5311 Tamen.
2821 5256 2935 5310 Vox
2981 5256 3129 5326 ὅμως
3174 5255 3290 5312 loco
3337 5255 3567 5311 fortasse
3610 5270 3706 5310 non
3743 5266 3826 5326 sui

2291 5327 2464 5392 posita
2495 5337 2575 5380 est
2607 5343 2635 5379 a
2681 5327 2898 5380 librario
2929 5345 2942 5379 :
2971 5325 3032 5378 ac
3068 5327 3346 5394 legendum
3387 5327 3638 5392 conjiciat
3671 5325 3817 5394 quis:

2303 5395 2439 5467 Ἀλλῗ
2458 5397 2513 5467 εἰ
2544 5397 2635 5449 καὶ
2660 5396 2749 5450 διὰ
2771 5395 2869 5449 τοῦ
2899 5389 3216 5467 Πνεύμαξος
3242 5437 3257 5452 .
3288 5438 3300 5450 .
3331 5436 3344 5449 .
3373 5389 3523 5467 ὅμως
3559 5389 3706 5467 τοῦτο
3743 5389 3828 5467 οὐκ

2288 5464 2561 5545 ἐκϐάλλει,
2602 5469 2783 5522 addita
2831 5481 3022 5536 nempe
3051 5463 3254 5521 'vocula
3289 5468 3359 5530 εἰ,
3404 5463 3511 5536 quo
3537 5463 3823 5522 concinnior

2289 5537 2358 5589 sit
2385 5537 2578 5591 oratio.

2360 5606 2472 5678 (82.)
2515 5604 2602 5661 Ut.
2640 5605 2945 5678 Legendum
2993 5604 3242 5678 fortasse,
3262 5606 3348 5678 i't'v‘
3389 5607 3536 5671 ὅπως
3575 5604 3686 5658 ποτ’
3723 5596 3817 5678 σύν.

2363 5677 2578 5747 (85ο75)
2620 5672 2845 5730 Bonum.
2877 5672 3063 5730 Matth.
3103 5692 3229 5730 xxvi
3255 5677 3346 5740 24,
3369 5689 3422 5731 et
3449 5678 3609 5731 Marc.
3632 5692 3712 5733 xxv
3743 5672 3817 5725 21.

2295 5743 2589 5816 Utrobique
2618 5757 2794 5802 autem
2827 5747 3014 5802 Graeca
3041 5748 3207 5802 editio
3237 5747 3397 5816 paulo
3427 5749 3601 5802 aliter.
