4082 6406
251 5503 267 5522 .

252 5553 265 5652 ί

296 333 398 386 617

1334 327 1418 382 DE
1459 327 1835 382 ΊΊΠΝΙΤΛΤΕ
1878 327 2078 380 LIBER
2125 324 2509 382 SECUNDUS.

3445 333 3548 390 618

292 444 495 497 οὑτωσὶ
538 442 728 514 πράως
775 443 865 496 καὶ
913 443 1147 513 μετρίως
1191 445 1576 515 σκοπήσωμεν.
1639 445 1778 514 Ἐγὼ
1827 464 1882 498 τε

1992 445 2115 507 illi,
2169 445 2214 499 si
2281 454 2438 497 natus
2493 460 2596 496 non
2661 443 2869 498 fuisset.
2905 463 2922 494 ι
2974 445 3110 500 Tute
3173 461 3302 516 ergo
3352 457 3552 508 temet-

292 537 403 606 γὰρ
429 535 690 603 άναφανῶ
719 535 980 603 ἀκριϐῶς,
1016 537 1110 589 καὶ
1145 536 1243 606 οὐχ
1276 536 1462 599 ἁπλῶς
1491 536 1549 601 ἐξ
1570 537 1878 607 άμφιδόξων

292 626 648 692 ἀποδείξεων,
688 625 803 678 ἀλλ’
833 626 1302 697 ὁμολογουμένων,
1336 627 1531 692 διδάξω
1568 645 1627 680 τε
1659 629 1877 699 ῥᾳδίως,

293 717 389 768 καὶ
420 716 581 784 ὑμεῖς
628 713 956 786 μαθήσεσθε.
999 713 1229 777 Παῦλος,
1277 717 1306 766 6
1346 715 1437 766 τὸν
1484 715 1546 786 δὴ
1590 715 1882 787 λεγόμενον

298 806 472 876 πυρὸς
511 805 838 876 θερμότερον
884 805 974 858 τὸν
1026 806 1152 876 περὶ
1196 805 1290 857 τοῦ
1335 807 1572 877 μεγάλου
1621 807 1756 860 Θεοῦ
1789 809 1882 860 καὶ

294 897 552 966 Sinam;
599 896 756 966 ἡμῶν
814 895 986 967 Ἰησοῦ
1057 896 1296 970 Χριστοῦ
1342 899 1676 969 μακάριστον
1723 898 1883 966 ζῆλον

297 989 458 1058 ἔχων,
495 987 694 1058 γράφει
727 987 959 1058 Χριστὸν
987 987 1230 1040 διάκονον
1267 987 1613 1057 γεγενῆσθαι.
1646 989 1757 1040 Καὶ
1788 989 1885 1041 αὑ-

293 1080 386 1142 τὸς
420 1081 548 1150 περὶ
592 1078 785 1132 ἑαυτοῦ
815 1081 843 1132 6
889 1079 1186 1149 εὐεργέτης
1232 1072 1388 1142 οὗτος
1433 1080 1708 1149 ἐπιφανῶς
1744 1080 1844 1150 ἔφη
1868 1098 1880 1111 ο

303 1190 324 1220 ‹
368 1171 617 1241 Ἐντολὴν
658 1169 867 1229 ἔλαϐον,
906 1170 958 1222 τί
1011 1171 1169 1232 εἴπω,
1202 1170 1296 1222 καὶ
1328 1172 1379 1222 τί
1423 1170 1638 1241 λαλήσω
1665 1188 1676 1200 ο
1715 1190 1733 1220 ι
1771 1170 1882 1235 καὶ,

310 1280 329 1310 ι
359 1260 520 1312 Οὐδὲν
550 1259 642 1312 ἀπ’
673 1257 912 1328 ἐμαυτοῦ
953 1257 1110 1310 ποιῶ.
1139 1279 1156 1307 ι
1209 1259 1315 1311 Καὶ
1365 1259 1590 1328 ἑτέρωθι
1634 1259 1849 1330 εἴρηται
1869 1279 1880 1290 ·

309 1372 329 1403 ι
369 1353 424 1405 Ὀ
454 1351 618 1421 νόμος
648 1351 735 1403 διὰ
780 1351 1056 1414 Μωῦσέως
1091 1351 1246 1420 ἐδόθη
1271 1369 1284 1382 ’
1315 1354 1346 1423 ἡ
1381 1352 1539 1423 χάρις
1567 1353 1660 1404 καὶ
1687 1355 1719 1421 ἡ
1747 1353 1886 1423 ἀλή-

304 1445 417 1498 θεια
479 1445 566 1497 διὰ
613 1443 784 1514 Ἰησοῦ
841 1443 1075 1514 Χριστοῦ
1117 1443 1354 1512 ἐγένετο.
1391 1463 1409 1493 ι
1463 1445 1572 1498 Καὶ
1609 1445 1758 1515 ὅμως
1803 1464 1889 1498 πι-

303 1536 444 1598 στῶς
476 1536 570 1588 καὶ
598 1533 913 1606 θεοπρεπῶς
950 1533 1100 1586 ταῦθ’
1133 1533 1306 1598 οὕτως
1338 1535 1670 1607 γεγράφθαι,
1703 1537 1790 1590 διὰ
1827 1538 1888 1592 τὸ

294 1630 358 1682 ἓν
389 1628 602 1697 θέλημα
651 1626 749 1696 τῆς
787 1626 947 1694 ἁγίας
1003 1625 1254 1697 Τριάδος,
1297 1629 1389 1680 καὶ
1440 1628 1526 1682 διὰ
1572 1629 1633 1681 τὸ
1685 1631 1763 1694 εἰς
1798 1629 1888 1684 τὸν

296 1719 525 1790 Πατέρα
554 1718 728 1771 πάντα
772 1715 1088 1785 ἀνάγεσθαι,
1113 1717 1364 1788 νοοῦμεν.
1412 1719 1500 1782 Ὠς
1531 1719 1710 1772 τοίνυν
1739 1721 1888 1773 οῦδε-

1984 538 2156 606 ipsnut
2183 537 2294 604 jam
2337 547 2560 605 propter
2587 536 2991 590 criminationes
3030 549 3146 592 tuas
3174 540 3289 611 (74)
3321 541 3372 596 in
3403 541 3554 611 judi-

1983 631 2124 682 cium
2185 629 2444 692 traxisti,
2497 637 2657 696 atque
2718 629 2769 681 iu
2826 630 3164 699 temetipsum
3219 646 3336 686 eam
3395 649 3558 689 accu-

1983 719 2252 772 sationem
2273 758 2288 780 ,
2319 734 2477 787 quam
2518 729 2704 772 contra
2738 735 2834 774 nos
2861 735 3179 789 susceperas
3211 724 3356 793 (75),
3391 727 3555 798 217

1982 809 2296 863 convertisti
2325 851 2339 874 ,
2393 811 2633 879 nihilque
2681 813 2730 863 in
2778 828 2987 867 Summa
3018 815 3085 869 ab
3123 815 3218 878 iis,
3255 819 3346 887 qtti
3374 834 3553 874 aerem

1984 899 2300 964 verberant,
2336 899 2552 956 differre
2588 902 2736 954 visus
2765 918 2844 969 es,
2881 919 2944 956 ac
2982 918 3048 957 eo
3097 906 3345 959 redactus
3386 908 3554 971 fuisti,

1986 1003 2042 1044 ιιι
2072 991 2245 1046 iutilia
2287 995 2534 1062 quaedam
2569 995 2770 1049 sutoris
2802 996 2973 1050 instar
3012 995 3094 1066 (ιιι
3137 1009 3218 1052 est
3257 999 3309 1054 in
3338 1015 3556 1069 prover-

1984 1083 2093 1154 bio)
2127 1099 2442 1147 consueres,
2472 1093 2526 1139 et
2570 1087 2693 1139 dum
2729 1087 2925 1142 divinis
2954 1089 3019 1144 de
3053 1090 3232 1153 rebus,
3265 1093 3556 1146 doctrinis-

1985 1190 2090 1245 que
2123 1190 2304 1230 sermo
2343 1188 2482 1242 erat,
2521 1194 2640 1232 cum
2678 1179 2780 1230 alia
2824 1181 3070 1248 quaedam
3116 1198 3146 1236 e
3194 1183 3555 1238 tnaterialihus

1986 1269 2151 1323 rebus
2196 1271 2354 1322 ducta
2388 1269 2660 1337 exetnpla,
2695 1267 2812 1324 Sine
2861 1271 2965 1324 ulla
3004 1274 3326 1329 necessitate
3361 1277 3411 1330 in
3447 1291 3559 1331 me-

1989 1360 2134 1412 dium
2169 1360 2362 1414 inscite
2409 1360 2652 1422 afferres,
2707 1371 2816 1414 tum
2849 1364 3010 1414 etiam
3062 1363 3458 1428 adversarium,
3504 1373 3560 1421 et

1989 1451 2300 1518 reprobnm,
2330 1466 2394 1504 ac
2424 1450 2517 1505 tibi
2547 1465 2632 1517 ea,
2665 1467 2782 1520 qua:
2805 1453 3013 1514 dixisti,
3050 1465 3427 1525 suggerentem
3460 1457 3560 1511 Sa-

1990 1549 2194 1595 tanam.
2237 1540 2470 1596 Tantum
2517 1557 2645 1597 vero
2693 1543 2865 1609 abest,
2908 1553 2966 1597 ut
3017 1561 3126 1598 rem
3178 1547 3390 1616 feceris,
3439 1565 3560 1619 qua:

1989 1631 2177 1686 deceat
2209 1648 2422 1702 aequum
2472 1649 2533 1688 ac
2575 1636 2798 1704 probum
2833 1638 3026 1697 virum.
3063 1650 3117 1691 ut
3156 1654 3185 1692 e
3234 1641 3559 1698 Christianis

1990 1723 2319 1785 hominibus.
2351 1726 2440 1794 qui
2476 1726 2788 1795 Scripturas
2828 1741 2995 1796 recte,
3025 1741 3076 1784 et
3109 1731 3286 1786 animo
3312 1736 3378 1788 ab
3412 1737 3556 1790 omni

298 1812 403 1882 μία
454 1812 745 1863 ἐπινοεῖται
788 1808 1111 1881 παραλλαγὴ
1161 1810 1412 1880 θεότητος
1459 1813 1551 1865 ἐπὶ
1613 1811 1706 1865 τοῦ
1759 1812 1882 1865 Υἱοῦ

1995 1813 2228 1882 partium
2264 1816 2444 1869 studio
2481 1815 2655 1869 alieno
2684 1819 2910 1872 scrutati
2941 1795 3003 1874 ac
3038 1823 3278 1877 meditati
3321 1835 3467 1884 sunt.
3506 1833 3560 1877 et

295 1903 449 1973 (οὗτε
473 1903 582 1973 γὰρ
603 1903 857 1966 διακονεῖ,
895 1903 970 1966 ὡς
998 1901 1207 1965 ἀλλοῖος
1235 1903 1300 1974 τῆ
1335 1903 1494 1972 φύσει
1521 1903 1714 1975 ἀλλοίῳ
1733 1924 1746 1938 ο
1777 1905 1886 1958 οὗθ’

293 1996 495 2065 ὑφέσει
523 1994 822 2064 δυνάμεως,
849 1993 961 2046 ἀλλ’
987 1995 1063 2057 ὡς
1086 1994 1213 2058 Tib;
1236 1994 1408 2064 Λόγος
1437 1995 1642 2066 γνησίῳ
1677 1996 1851 2066 Πατρί
1872 2012 1884 2025 ·

289 2087 412 2139 οῦτ⁹
454 2086 674 2155 ἐντολὴν
707 2084 994 2155 λαμϐάνει,
1030 2085 1105 2149 ὼς
1163 2086 1371 2154 ἀγνοῶν
1409 2086 1470 2140 τὸ
1513 2085 1635 2140 δέον
1682 2089 1777 2140 καὶ
1831 2088 1891 2140 τὸ

292 2177 570 2248 πατρικὸν
615 2176 879 2248 βούλημα,
913 2177 1025 2232 ἀλλ’
1072 2177 1148 2241 ὼς
1198 2177 1572 2250 προείρηται),
1617 2177 1758 2231 οὕτω
1799 2181 1890 2233 καὶ

291 2269 428 2341 [100
483 2268 536 2341 η]
587 2269 650 2322 τὸ
702 2269 881 2322 θεῖκὸν
929 2269 1172 2340 Πνεῦμα.
1223 2269 1332 2323 Καὶ
1379 2263 1423 2338 ᾧ
1468 2272 1654 2341 τρόπῳ
1693 2271 1760 2323 τὰ
1795 2270 1888 2324 τοῦ

293 2360 436 2412 Θεοῦ
469 2361 644 2428 Λόγου
679 2360 1009 2432 ἀναφέρεται
1033 2364 1113 2423 είς
1140 2361 1229 2412 τὸν
1259 2358 1390 2412 Θεὸν
1420 2361 1658 2432 Πατέρα,
1691 2362 1886 2433 τούτῳ,

293 2453 393 2505 καὶ
425 2452 526 2504 οὐκ
577 2451 743 2523 ἄλλῳ,
788 2452 854 2505 τὰ
903 2452 994 2504 τοῦ
1044 2451 1200 2519 ἁγίου
1241 2453 1575 2522 Πνεῦματος.
1615 2453 1776 2504 Ὥστε
1809 2447 1890 2516 οἷς

292 2545 363 2598 ἂν
411 2544 627 2615 ἐπῆραν
671 2545 731 2597 τὸ
762 2544 1013 2616 φρόνημα
1047 2543 1226 2598 αὐτῶν
1266 2545 1550 2616 αίρετικοὶ,
1584 2544 1792 2608 τούτοις
1825 2545 1890 2598 ἂν

294 2638 422 2690 καθ’
458 2636 669 2689 ἑαυτῶν
697 2636 794 2706 τὴν
819 2638 904 2690 ἐπ’
934 2636 1223 2706 ἀλαζονείᾳ
1260 2637 1354 2690 καὶ
1393 2635 1680 2707 κακοδοξίᾳ
1707 2636 1890 2690 διαϐο-

293 2728 393 2798 λὴν
427 2729 709 2795 ἐκίνησαν.
743 2729 858 2782 Οὐκ
900 2727 1028 2800 ἔστη
1069 2731 1250 2794 αὐτοῖς
1294 2729 1420 2800 ἄχρι
1463 2729 1666 2781 τούτων
1698 2729 1767 2781 τὰ
1789 2729 1889 2799 τῆς

293 2818 534 2882 ἀσεϐοῦς
559 2819 653 2872 καὶ
685 2819 999 2891 ἁπροσήκου
1025 2819 1294 2890 διαϐολῆς.
1323 2817 1522 2872 Θολοῦν
1552 2818 1660 2887 γάρ
1685 2817 1889 2889 πειρώ-

297 2929 453 2982 μενοι
482 2912 584 2981 τὴν
617 2912 748 2982 περὶ
803 2911 899 2982 τῆς
947 2913 1195 2983 θεότητος
1240 2911 1332 2964 τοῦ
1380 2911 1534 2979 ἁγίου
1579 2911 1889 2982 Πνεύματος

293 3005 568 3075 ἄχραντον
613 3001 790 3067 δόξαν,
841 3002 917 3066 ὼς
962 3004 1174 3067 οὐδενὸς
1225 3005 1410 3066 αὐτοῖς
1465 3003 1671 3072 ἀγαθοῦ
1712 3003 1888 3074 ὑπάρο

1989 1905 2183 1972 quibus
2229 1906 2409 1958 datum
2460 1919 2560 1970 est,
2601 1919 2656 1961 ut
2701 1910 2879 1986 statim
2927 1927 3021 1980 per
3061 1928 3372 1969 concessam
3419 1933 3446 1968 τι
3481 1917 3562 1971 di-

1991 1996 2115 2048 vino
2169 1994 2371 2066 Spiritu
2432 2000 2661 2065 gratiam
2714 2003 3062 2070 proﬁcerent,
3122 2006 3297 2061 nullus
3355 2019 3404 2062 Ie
3455 2026 3560 2063 non

1989 2097 2284 2152 aversetur,
2338 2102 2400 2139 ac
2453 2102 2515 2141 ea
2575 2104 2679 2142 non
2734 2103 2972 2160 respuat.
3022 2109 3141 2162 qua:
3192 2112 3380 2166 magna
3437 2113 3560 2152 cum

1988 2173 2288 2226 animarum
2342 2175 2582 2243 pernicie
2638 2193 2665 2229 a
2713 2187 2764 2231 te
2809 2179 3080 2234 elaborata
3132 2197 3279 2237 sunt.
3335 2185 3388 2238 Si
3433 2189 3561 2257 quid

1990 2265 2135 2317 enim
2175 2275 2400 2319 conatus
2435 2268 2504 2320 tni
2542 2269 2803 2333 valerent,
2841 2271 3018 2326 nullus
3050 2273 3162 2342 jam
3201 2276 3432 2335 fortasse
3463 2296 3560 2336 no-

1990 2353 2073 2407 bis
2105 2355 2402 2424 Scriptura:
2449 2357 2598 2412 locus
2643 2360 3038 2428 relinqueretur
3069 2367 3428 2438 tlteologicum
3471 2386 3560 2424 aro

1990 2455 2302 2512 gumentutn
2363 2449 2804 2507 suluninistrans.
2859 2452 2971 2522 Age
3022 2471 3169 2520 vero,
3227 2468 3404 2512 utrum
3453 2461 3566 2516 hate

1990 2551 2114 2589 vera
2163 2538 2291 2602 sint,
2325 2543 2443 2592 sine
2478 2539 2756 2594 iracundia
2804 2553 2858 2596 et
2891 2559 3045 2614 aequo
3074 2549 3256 2604 animo
3290 2553 3565 2619 expenda-

1991 2641 2126 2680 tuns.
2168 2626 2300 2680 Nam
2348 2644 2446 2697 ego
2489 2630 2632 2697 quod
2665 2630 2806 2694 volo,
2843 2647 3097 2690 accurate
3141 2641 3419 2695 ostendam
3456 2657 3563 2696 non

1991 2733 2052 2772 ex
2103 2720 2391 2789 ambiguis,
2444 2724 2536 2774 sed
2582 2737 2647 2775 ex
2695 2727 2878 2787 certis,
2927 2737 2983 2779 et
3023 2731 3408 2786 controversiae
3457 2748 3563 2786 non

1990 2811 2243 2865 obnoxiis
2277 2813 2622 2876 testimoniis,
2675 2823 2728 2868 ct
2760 2815 2916 2871 facile
2972 2828 3134 2887 atque
3179 2820 3426 2889 expedite
3467 2826 3566 2879 d0-

1991 2904 2146 2966 cebo,
2184 2918 2384 2974 vosque
2420 2904 2661 2961 discetis.
2712 2905 3064 2964 Beatissimus
3100 2911 3187 2964 ille
3227 2911 3446 2979 Paulus.
3477 2917 3565 2972 cui

1991 2993 2138 3050 zelus
2170 2995 2311 3066 igne,
2343 3005 2401 3049 ut
2436 2997 2747 3066 loquuntttr,
2783 2999 3044 3055 fervidior
3087 3013 3202 3058 erat
3242 3019 3340 3074 pro
3369 3022 3564 3077 magno

293 3110 482 3164 κοντος
520 3093 652 3164 παρ’
686 3092 872 3156 αὑτοῦ,
930 3094 1044 3164 ἅμα
1090 3094 1145 3147 δέ
1183 3095 1276 3147 καὶ
1325 3095 1471 3164 ἡμᾶς
1514 3095 1592 3156 είς
1639 3093 1882 3165 ἔγκλημα

1993 3089 2122 3152 Deo,
2156 3098 2210 3142 et
2254 3087 2536 3144 Salvatorc
2579 3100 2764 3146 nostro
2798 3091 2922 3147 .lesu
2956 3095 3194 3162 Christo,
3237 3099 3424 3153 scribit
3451 3100 3562 3171 (76)

297 3186 502 3256 βαλεῖν,
537 3185 694 3238 αὐτοὶ
739 3180 883 3240 οὗτοι
937 3190 983 3240 oi
1040 3188 1375 3259 χρησάμενοι
1427 3186 1764 3252 διδασκάλοις
1799 3189 1890 3241 ἀν-

297 3278 534 3348 θρώπων
582 3278 745 3341 τισιν,
781 3279 882 3331 οὐκ
918 3280 1133 3332 ὀκνοῦσι
1167 3280 1443 3349 νεαλογεῖν
1477 3280 1570 3334 καὶ
1593 3279 1707 3332 τόδε
1735 3281 1890 3333 αὑτο-

299 3368 467 3433 λεξελ,
532 3371 618 3422 ὅτι
673 3369 1042 3438 λαμϐάνοντες
1093 3373 1251 3441 ἡμεῖς
1300 3374 1378 3434 είς
1416 3371 1600 3442 θεῖκὴν
1649 3371 1802 3438 ἀξίαν
1829 3373 1890 3426 τὸ

305 3460 616 3530 διαγορεῦον
645 3462 901 3533 γραφίον,
936 3482 954 3512 ‹
993 3463 1064 3514 Tb
1117 3462 1337 3533 Πνεῦμα
1372 3464 1504 3515 ὅπου
1531 3463 1671 3516 θέλει
1695 3467 1836 3526 πνεῖ,
1865 3485 1882 3515 ι

308 3554 393 3613 είς
430 3553 766 3622 ἀνθρωπείαν
800 3553 961 3622 φύσιν
991 3555 1300 3626 κατάγομεν
1338 3555 1468 3607 αὑτό
1493 3569 1506 3584 °
1537 3555 1724 3625 ἐπειδὴ
1766 3553 1886 3625 μεθ’

307 3641 474 3712 ἕτερα
517 3643 660 3712 ἔχει’
699 3665 716 3696 ι
749 3643 934 3707 Οῦτως
982 3645 1131 3697 ἔσται
1182 3646 1289 3708 πᾶς
1324 3648 1352 3697 6
1387 3645 1781 3716 γεγεννημένος
1824 3647 1887 3697 ἐκ

302 3732 401 3785 τοῦ
433 3733 764 3804 Πνεῦματος.
807 3753 824 3784 ι
863 3736 1024 3788 Λῦτοὶ
1065 3736 1143 3796 δέ,
1186 3737 1368 3807 φησιν,
1404 3735 1527 3788 οὔτε
1579 3739 1658 3799 είς
1701 3736 1886 3807 θεῖκὴν

296 3826 459 3890 ἀξίαν
495 3827 759 3894 ἀνάγουσι
795 3827 855 3880 τὸ
885 3827 1129 3897 Πνεῦμα,
1165 3827 1288 3880 οὔτε
1323 3832 1401 3893 εἰς
1426 3829 1525 3900 τὴν
1554 3828 1662 3881 τῶν
1688 3828 1888 3881 λοιπῶν

295 3918 464 3989 φύσιν
513 3918 897 3972 καθέλκουσιν·
946 3920 1042 3991 τὴν
1097 3923 1205 3993 γὰρ
1261 3922 1433 3992 μέσην
1480 3920 1632 3988 τάξιν
1681 3920 1885 3990 ἐπέχει,

297 4012 438 4081 μήτε
467 4009 602 4072 Θεὸς
632 4009 727 4072 ῶν,
753 4013 887 4081 μήτε
911 4010 968 4062 ’ἐν
998 4030 1046 4064 τι
1074 4013 1179 4064 τῶν
1201 4011 1422 4065 λοιπῶν.
1453 4013 1562 4066 Καὶ
1582 4012 1664 4076 τίς
1691 4011 1888 4074 αὐτοὺς

291 4102 372 4171 τῷ
400 4102 517 4154 ὄντι
547 4103 646 4172 τῆς
670 4103 935 4173 τοσαύτης
965 4104 1168 4176 τόλμης
1194 4105 1254 4158 οὐ
1278 4105 1576 4176 γράψεταις
1604 4102 1772 4175 Δεῦρο
1795 4099 1886 4157 οὖν

292 4194 596 4265 προσέχετε
623 4193 713 4246 τὸν
740 4195 862 4248 νοῦν
880 4211 892 4225 ·
918 4195 982 4248 δι’
1009 4194 1205 4265 ὀλίγων
1235 4195 1343 4268 γὰρ
1376 4197 1588 4268 φράσω.
1635 4195 1887 4248 Μάλιστα

295 4287 399 4357 μὲν
443 4287 547 4340 οῦκ
593 4279 744 4338 εἶπεν
778 4309 801 4326 ο
852 4287 1037 4351 Οῦτως
1080 4288 1228 4341 ἐστὶν
1258 4291 1286 4342 6
1315 4287 1619 4360 ἄνθρωπος,
1645 4290 1672 4341 6
1703 4286 1886 4351 ἁπλῶς

291 4377 587 4449 ἄνθρωπος
616 4397 628 4408 ·
671 4362 806 4442 ἀλλδ,
855 4399 871 4430 ι
913 4379 1098 4443 Οὕτως
1129 4379 1280 4433 ἔσται
1307 4381 1415 4444 πᾶς
1440 4381 1469 4433 6
1490 4379 1886 4450 γεγεννημένος

1995 3181 2301 3235 ministrum
2355 3181 2554 3234 factum
2599 3196 2721 3237 esse
2769 3183 3078 3251 Christum;
3127 3197 3181 3241 et
3232 3187 3346 3258 ipse
3399 3191 3464 3245 de
3508 3207 3569 3246 se

1993 3272 2109 3343 ipso
2151 3273 2424 3327 benelicus
2449 3271 2549 3327 iste
2573 3270 2824 3329 Salvator
2852 3286 3042 3346 aperte
3073 3278 3210 3332 dixit
3246 3297 3258 3332 :
3295 3299 3312 3331 ι
3346 3279 3569 3338 Manda-

1992 3374 2102 3419 tum
2139 3365 2252 3436 (77)
2292 3365 2510 3434 accepi,
2562 3365 2692 3434 quid
2738 3368 2951 3433 dicam,
3004 3379 3058 3422 et
3107 3370 3236 3439 quid
3284 3371 3506 3442 loquar;
3543 3395 3562 3426 ι

1990 3467 2086 3513 et:
2130 3476 2148 3508 ι
2179 3457 2320 3511 Nihil
2347 3457 2457 3527 (78)
2497 3472 2526 3510 a
2569 3473 2654 3513 me
2686 3459 2802 3528 ipso
2845 3460 3022 3524 facio;
3057 3480 3073 3511 ι
3113 3473 3168 3516 et
3201 3463 3325 3518 alibi
3361 3466 3565 3522 dictum

1989 3547 2093 3603 fuit
2126 3567 2140 3603 :
2184 3566 2203 3600 ι
2235 3547 2343 3604 Lex
2378 3551 2489 3622 (79)
2522 3567 2618 3620 per
2663 3551 2900 3622 Moysen)
2935 3553 3058 3606 data
3109 3564 3224 3620 est;
3265 3558 3464 3623 gratia,
3511 3567 3567 3614 et

1991 3641 2193 3694 veritas
2225 3657 2319 3710 per
2351 3640 2536 3697 Jesutn
2571 3642 2846 3697 Christum
2899 3643 3036 3699 facta
3091 3655 3190 3699 est.
3224 3665 3242 3698 ι
3281 3647 3344 3701 Et
3389 3657 3565 3706 tamen
3642 3684 3655 3696 .

1991 3733 2103 3786 haec
2145 3732 2396 3798 ﬁdeliter,
2441 3744 2494 3788 et
2541 3750 2724 3797 sensu,
2773 3736 2863 3803 qui
2903 3737 3010 3790 Deo
3066 3739 3372 3804 conveniat,
3419 3741 3564 3796 acci-

1990 3825 2223 3893 pientes,
2285 3826 2404 3878 ideo
2454 3827 2527 3880 ita
2576 3826 2779 3895 scripta
2823 3842 2941 3882 esse
3001 3828 3373 3898 intelligimus,
3421 3835 3564 3901 quod

1989 3933 2092 3969 una
2141 3926 2195 3970 et
2245 3918 2432 3972 eadem
2492 3928 2692 3973 sanctae
2745 3917 3032 3974 Trinitatis
3084 3922 3332 3978 voluntas
3377 3925 3470 3985 sit,
3510 3936 3566 3979 et

1988 4010 2132 4077 quod
2157 4010 2340 4063 omnia
2377 4011 2442 4063 ad
2472 4009 2691 4065 Patrem
2727 4010 3052 4065 referantur.
3085 4012 3239 4068 Sicut
3266 4030 3395 4086 ergo
3420 4017 3561 4072 nulla

1988 4101 2205 4155 deitatis
2259 4103 2547 4158 diversitas
2604 4103 2657 4156 in
2714 4101 2852 4175 Filio
2898 4103 3216 4174 intelligitur
3267 4107 3414 4178 (nam
3465 4124 3566 4164 nec

1987 4193 2262 4247 ministrat
2299 4195 2450 4264 quasi
2503 4203 2694 4248 natura
2747 4194 2960 4250 alienus
3011 4197 3207 4262 alieno,
3264 4207 3356 4252 aut
3411 4200 3563 4268 quasi

1988 4287 2197 4341 minore
2246 4288 2484 4357 potentia
2533 4287 2811 4357 prteditus,
2870 4290 2963 4343 sed
3013 4299 3068 4344 ut
3112 4289 3278 4346 Filius
3326 4289 3560 4348 Verbum

1989 4379 2223 4448 genuino
2273 4379 2420 4434 Patri
2460 4400 2473 4434 :
2511 4396 2687 4451 neque
2738 4381 3053 4436 mandatum
3110 4383 3338 4452 accipit,
3405 4387 3561 4454 quasi

290 4473 360 4524 ἐκ
389 4471 487 4523 τοῦ
509 4470 821 4541 Πνεύματος
841 4488 854 4502 ’
883 4490 900 4522 ι
933 4472 1054 4524 ἀντὶ
1080 4473 1192 4534 τοῦ,
1222 4475 1250 4525 ὁ
1273 4472 1631 4538 καταξιωθεὶς
1653 4473 1882 4541 ἀναγεν-

1991 4470 2250 4539 ignorans
2275 4471 2404 4541 quid
2439 4469 2618 4525 facere
2643 4481 2912 4541 oporteat,
2951 4484 3005 4526 et
3037 4473 3164 4542 quid
3196 4473 3356 4529 Pater
3392 4476 3559 4539 velit;

287 4563 527 4633 νηθῆναι
570 4563 627 4615 ἐν
673 4565 738 4634 τῇ
795 4562 916 4634 θεία
961 4564 1332 4637 κολυμϐήθρᾳ,
1368 4565 1463 4619 καὶ
1498 4565 1750 4634 γενέσθαι
1780 4565 1876 4631 (ὡς

365 4738 482 4806 (74)
529 4735 748 4805 Pmpter
793 4737 1178 4791 criminationes
1223 4748 1360 4794 tuas.
1423 4738 1476 4792 ln
1533 4739 1754 4801 Graeco,
1804 4738 1872 4792 δι’

289 4810 502 4872 αἰτίας,
565 4809 745 4876 itaque
794 4809 929 4876 verti
978 4809 1139 4861 etiam
1184 4820 1408 4876 posset:
1448 4809 1592 4863 «Per
1651 4825 1873 4862 accusa-

291 4881 499 4933 tionem
529 4887 694 4947 tuam.
729 4897 747 4926 ι
784 4875 982 4930 Verum
1007 4877 1073 4931 δι’
1109 4875 1290 4942 αἰτίας
1312 4880 1466 4947 ἄγειν
1494 4881 1633 4933 idem
1663 4880 1874 4932 videtur

285 4959 628 5021 esse_atque
678 4946 744 5000 δι’
779 4947 956 5021 αἰτίας
1007 4946 1532 5021 εχεινηιθεεεῃιιιιιιι
1584 4964 1873 5021 veroesse

287 5015 605 5090 suspicatus
634 5015 1068 5090 suuraliquandii
1093 5037 1106 5072 :
1138 5015 1429 5084 Αὐτὸςόὗν
1457 5017 1666 5090 σεαυτῴ
1693 5019 1872 5090 αἰτίας

287 5089 310 5160 (
323 5099 424 5143 aut
449 5088 629 5160 potius
661 5087 880 5160 αἰτίαν)
929 5089 1228 5160 ἐπήγαγες.
1277 5090 1409 5143 Nam
1448 5087 1678 5160 forensis
1725 5088 1873 5142 locu-

287 5156 387 5218 tio,
425 5157 606 5211 αἰτίαν
637 5156 885 5226 ἐπάγειν,
923 5156 1063 5212 valet
1114 5156 1133 5210 ε
1163 5175 1379 5215 causam
1413 5159 1712 5222 intendere,
1745 5177 1764 5211 ι
1819 5168 1873 5213 ιιι

236 5295 248 5306 ς
286 5244 482 5306 omnes
507 5238 724 5306 norunt.

360 5299 478 5366 (75)
532 5296 868 5371 Susceperas.
925 5297 1233 5371 lnGraaco,
1300 5300 1427 5354 είλω
1493 5315 1588 5371 per
1642 5316 1726 5354 ω’
1765 5317 1870 5369 qua

237 5359 240 5362 ⁴
287 5359 508 5424 ratione
543 5369 594 5421 in
621 5359 914 5427 Sapientia:
945 5369 1102 5431 libro,
1133 5359 1229 5424 ex.
1253 5373 1448 5437 gratia,
1470 5359 1590 5434 (ἔστι.
1628 5387 1704 5433 tx.
1725 5359 1868 5423 ve'rs.

286 5440 341 5504 7,
374 5440 606 5506 legimus
635 5455 652 5492 :
683 5437 756 5490 Σύ
808 5455 873 5508 με
934 5439 1192 5510 προείλωῗ
1224 5439 1470 5510 βασιλέα.
1523 5439 1873 5495 Contenduut

287 5526 451 5578 porro
477 5518 692 5562 veteres
721 5511 1084 5578 grammatici,
1119 5509 1495 5564 inﬂectendum
1519 5513 1595 5565 sic
1627 5513 1872 5566 essehoc

286 5582 538 5643 verbum,
605 5594 798 5649 nempe.
844 5578 1086 5649 εἱλόμην,
1129 5580 1290 5644 εἵλου,
1339 5581 1530 5646 εἵλετο,
1593 5596 1695 5634 ιιοιι
1747 5594 1872 5633 vero

285 5651 534 5720 εἱλόμην,
566 5648 716 5709 εἴλω,
748 5648 1130 5718 εἴλατο,‹]υο‹1
1175 5650 1511 5720 Phrynicho,
1568 5662 1727 5719 atque
1764 5651 1872 5703 He-

286 5719 516 5774 roduttto
555 5721 831 5787 inelegans
854 5721 1086 5773 videtur.
1127 5719 1204 5772 Ac
1233 5719 1363 5776 sane
1393 5721 1731 5774 Atticisuuun
1764 5735 1868 5774 nott

285 5794 424 5860 Sapit
481 5793 601 5845 haec
687 5787 924 5849 inl'lexio,
979 5791 1077 5842 etsi
1131 5791 1271 5842 illius
1319 5791 1561 5860 excutpla
1616 5789 1871 5845 Urvillius

567 5885 843 5944 Ριιττιοι..
877 5883 993 5942 Gn.
1032 5881 1309 5944 ΧΧΧΙΧ

1985 4563 2080 4618 sed
2123 4578 2190 4618 eo
2219 4565 2401 4628 modo,
2435 4564 2526 4634 qui
2570 4575 2730 4618 antea
2781 4565 2958 4618 dictus
2998 4568 3102 4636 est)
3133 4584 3146 4620 :
3174 4565 3255 4621 sic
3294 4568 3456 4622 etiam
3494 4574 3562 4624 de

1973 4738 2215 4813 attulerit
2274 4741 2339 4794 ad
2391 4740 2672 4796 Chariton.
2732 4757 2854 4813 pag.
2909 4743 3058 4798 534:
3098 4743 3347 4802 dubitare
3411 4747 3556 4803 enim

1974 4810 2150 4863 adhuc
2177 4809 2322 4882 licet.
2353 4819 2532 4865 utrttm
2568 4828 2630 4866 ea
2658 4809 2972 4867 anetu'ribus
3003 4814 3156 4882 ipsis,
3204 4831 3271 4868 an
3321 4815 3559 4871 librarii»-

1972 4894 2128 4932 usum
2177 4881 2795 4955 snitemporissecutis
2833 4881 3116 4937 tribuenda
3151 4885 3246 4955 sit.
3296 4885 3561 4955 Didymus

1971 4962 2143 5019 segm.
2171 4950 2276 5004 145
2303 4954 2354 5014 b,
2389 4951 2523 5006 dixit
2551 4951 2812 5017 ἀνείλετο,
2845 4961 2900 5007 et
2944 4968 3113 5024 segm.
3139 4954 3244 5009 195
3277 4974 3331 5024 a,
3366 4950 3557 5010 είλετο.

1973 5019 2081 5090 Sed
2133 5020 2186 5073 itt
2234 5032 2523 5090 comment.
2562 5025 2616 5075 in
2657 5025 2774 5076 Act.
2829 5035 2994 5090 aputu.
3029 5040 3103 5086 Vl,
3144 5025 3212 5080 45
3268 5029 3430 5090 (tom.
3494 5026 3560 5080 IV

1980 5065 2186 5166 7;;ng
2215 5065 2526 5166 satis..ng
2553 5065 2624 5145 ᾗ
2645 5065 3436 5166 ί’.ῑξςιη’·’ῑεῑιέμξάαῖνεειάξςδι

2053 5160 2166 5229 (76)
2217 5160 2432 5215 Scribit.
2463 5160 2616 5216 Hom.
2645 5160 2741 5227 lxv,
2770 5165 2822 5217 8.

2051 5229 2162 5300 (77)
2207 5231 2535 5284 Mandatum.
2561 5232 2716 5286 Jnau.
2749 5249 2849 5292 xu.
2879 5234 2968 5294 49,
2996 5236 3084 5290 ubi
3123 5235 3288 5290 Biblizt
3319 5237 3552 5291 habent:

1977 5299 2151 5377 ᾼςῦτός
2181 5318 2268 5377 μοι
2310 5300 2538 5377 ἐντολὴν,
2571 5303 2759 5377 ἔδωκε,
2795 5305 2846 5357 τί
2891 5305 3052 5377 εἴπω,
3089 5307 3180 5358 καὶ
3220 5307 3271 5359 τί
3321 5306 3554 5377 λαλήσω,

1980 5371 2030 5422 id
2057 5381 2177 5424 est:
2205 5373 2319 5440 ipse
2339 5370 2546 5444 (Pater)
2575 5375 2884 5444 mandatum
2918 5370 3062 5428 dedit
3090 5378 3242 5438 uuhi,
3263 5394 3282 5426 ι
3301 5388 3406 5430 etc.
3422 5370 3554 5444 Cap.

1976 5455 2106 5516 vero
2128 5457 2186 5516 _x,
2229 5455 2368 5495 vers.
2527 5442 2720 5516 legitur
2748 5445 3008 5516 :rTa-thv
3041 5447 3138 5516 τὴν
3178 5445 3398 5514 ἐντολὴν
3433 5442 3555 5498 ἐλα-

1978 5508 2092 5573 ϐον,
2128 5512 2177 5582 id
2213 5520 2295 5582 est.
2329 5529 2342 5562 :
2372 5531 2389 5561 ι
2419 5508 2725 5564 Mandatum
2771 5515 2869 5567 hoc
2903 5508 3107 5582 act-cpi,
3135 5537 3152 5567 ι
3204 5527 3311 5569 etc.
3353 5508 3552 5570 Vocem

1976 5595 2104 5647 ergo
2136 5578 2388 5654 9.9t6ove
2445 5584 2682 5634 secundo
2743 5584 2843 5638 hoc
2891 5584 3005 5638 loco
3037 5578 3100 5638 iu
3127 5586 3358 5654 primum
3406 5586 3555 5640 illuut

1981 5652 2258 5720 transtullt
2283 5651 2558 5720 Didymus.
3127 5651 3164 5678 _‘

2050 5718 2159 5786 (78)
2206 5717 2558 5777 Nihilfaloan.
2592 5738 2706 5782 ιἰιι,
2737 5723 2826 5777 28.

2049 5787 2160 5860 (79)
2194 5787 2321 5844 Lex.
2353 5790 2509 5846 Joan.
2533 5835 2536 5838 .
2562 5809 2601 5857 1,
2647 5794 2729 5847 l7.
2770 5794 2937 5847 Biblia
2968 5812 2979 5847 :
3010 5795 3274 5859 Μωσέως.

3197 5891 3276 5951 20

3585 4979 3598 5118 ἒ
