4082 6406
603 341 708 396 619

1841 344 2068 400 ΠΙΒΫΜΙ
2113 346 2175 399 Al

2278 346 2582 400 LANDRINI
3709 355 3794 409 620

597 457 800 526 Spiritu
859 464 1049 510 sancto
1106 456 1294 512 eadem
1345 458 1548 512 sentire
1596 459 1872 515 debemus.
1905 461 2070 532 218
2107 463 2171 516 Ει

2278 463 2593 526 Καϐολικοῖς
2624 464 2957 532 ἐκπέφανται
2993 463 3360 534 χαράγμασιν)
3396 463 3536 528 Θείας
3583 467 3797 530 κοινωνὸς

584 548 864 613 'quomodo
900 563 1018 618 qua:
1050 547 1140 604 Dei
1175 549 1334 604 Verbi
1364 562 1512 616 sunt,
1551 551 1859 607 referuntur
1898 557 1964 607 ad
2004 555 2168 608 Deum

582 639 834 715 '_Patrem,
879 641 1069 695 eodem
1113 651 1168 695 et
1209 657 1314 695 non
1355 644 1461 696 alio
1507 646 1663 698 modo
1703 646 1767 698 ad
1811 646 1985 715 ipsum
2030 646 2170 702 refe-

585 713 793 808 ‘puutur
825 748 944 801 qua:
989 744 1114 788 sunt
1147 733 1384 804 Spiritus
1415 737 1609 790 sancti.
1658 735 1727 789 Ea
1766 713 1932 807 igitur
1966 740 2167 806 omnia,

597 823 666 876 ob
697 839 814 893 quae
847 840 967 879 sese
1011 827 1271 881 audacter
1298 828 1593 882 extulerint
1629 829 1888 892 lncretici,
1934 831 2168 900 ipsorum

601 916 1008 972 accusationem
1042 917 1098 970 in
1148 917 1401 986 ipsosmet
1445 934 1552 972 non
1602 917 1794 987 injuria
1843 923 2168 991 retorqueri,

605 1022 672 1062 ac
702 1023 795 1062 eos
833 1010 1156 1077 arrogantia:
1202 1024 1322 1064 reos
1351 1025 1490 1074 esse,
1527 1020 1579 1064 et
1628 1027 1909 1082 perperam
1947 1015 2169 1078 sentire,

602 1101 996 1155 demonstrant.
1053 1100 1161 1154 Sed
1199 1102 1286 1156 hic
1317 1117 1419 1156 non
1469 1105 1610 1157 sistit
1649 1105 1858 1158 illorum
1901 1107 2083 1176 impia.
2117 1116 2170 1160 et

547 1249 549 1251 _
604 1195 858 1247 indecens
911 1194 1200 1248 calumnia.
1264 1193 1664 1249 lmmaculatam
1739 1196 1880 1250 enim
1938 1197 2171 1264 Spiritus

603 1285 774 1339 sancti
809 1285 1033 1354 gloriam
1071 1285 1122 1339 in
1168 1285 1284 1354 ejus
1323 1286 1605 1340 divinitate
1645 1287 1825 1352 sitam,
1851 1289 2004 1357 quasi
2050 1288 2170 1341 nul-

605 1376 712 1430 lum
757 1376 872 1446 (80)
904 1378 970 1432 ab
1019 1393 1082 1431 eo
1123 1377 1441 1432 beneﬁcium
1501 1381 1831 1448 acceperint,
1888 1381 2170 1449 inquinare

602 1466 884 1533 c'onautes,
928 1487 988 1522 ae
1019 1471 1174 1525 simul
1207 1487 1302 1526 nos
1347 1473 1516 1540 culpa:
1552 1488 1672 1527 reos
1705 1473 1910 1535 facere,
1949 1474 2033 1527 isti
2067 1473 2167 1542 ipsi

602 1562 926 1630 quibusdam
978 1562 1284 1617 hominibus
1337 1573 1388 1616 ut
1438 1564 1710 1633 magistris
1757 1573 1987 1631 utentes,
2029 1565 2169 1619 hanc

604 1656 768 1710 etiam
807 1657 1104 1710 doctrinam
1152 1655 1308 1724 plane
1353 1670 1542 1708 novam
1571 1655 1766 1710 all'errc
1795 1656 1908 1723 (81)
1943 1672 2046 1711 non
2080 1671 2170 1711 ve-

605 1758 816 1808 rentur,
851 1756 904 1801 et
939 1747 1090 1802 hisce
1133 1747 1315 1802 verbis
1351 1762 1640 1816 exponere.
1683 1746 1950 1801 Nimirum
1999 1746 2171 1816 Spiri-

2278 555 2508 622 φύσεως.
2542 557 2649 607 Καὶ
2681 555 3038 626 παραπλήσιά
3067 559 3179 608 ἐστι
3206 555 3376 608 ταῦτα
3411 555 3502 625 τῷ,
3538 577 3552 606 ι
3586 556 3797 626 Ποιήσω-

2281 665 2378 717 μεν
2400 648 2681 717 ἄνθρωπον
2714 650 2832 700 κατ’
2863 649 3042 700 εἰκόνα
3065 648 3158 700 καὶ
3187 648 3440 716 ὁμοίωσιν
3477 648 3748 718 ἡμετέραν
3783 669 3796 698 ι

2278 738 2372 790 καὶ
2404 738 2500 808 τῷ,
2541 759 2557 789 ι
2600 739 2716 791 Ἵνα
2761 739 2987 810 γένησθε
3034 741 3151 792 κατ’
3190 741 3371 792 εἰκόνα
3415 738 3502 791 τοῦ
3559 739 3801 803 κτίσαντος

2276 830 2443 898 ἡμᾶς.
2486 851 2501 877 ι
2534 831 2640 882 Καὶ
2671 831 2744 893 ὡς
2775 833 2834 883 οὑ
2874 831 3193 884 καθέλκεται
3223 834 3250 884 ὁ
3277 831 3492 899 ὕψιστος
3522 831 3706 902 Πατὴρ,
3729 835 3804 884 καὶ

2277 921 2303 972 ὁ
2329 920 2452 982 Υἱὸς
2475 921 2660 983 αὑτοῦ,
2686 922 2747 974 ἐκ
2779 922 2940 974 τῶνδε
2964 922 3071 976 τῶν
3097 922 3264 990 ἁγίων
3294 923 3386 974 καὶ
3418 921 3547 992 ὑπὲρ
3567 923 3696 992 ἡμᾶς
3717 939 3806 989 φω-

2277 1009 2380 1062 νῶν
2405 1014 2484 1074 εἰς
2500 1013 2841 1083 ἀνθρωπείαν
2860 1013 3018 1083 φύσιν
3047 1031 3059 1042 ·
3083 1012 3206 1084 [100
3225 1012 3272 1084 ιι]
3294 1011 3462 1075 οὕτως
3483 1013 3593 1064 οὑδὲ
3607 1013 3662 1064 τὸ
3682 1013 3808 1082 ἅγιον

2277 1104 2519 1172 Πνεῦμα,
2552 1107 2614 1157 ἐκ
2647 1105 2752 1157 τῶν
2797 1106 3198 1176 προλεχῡέντων
3228 1107 3427 1178 ῥητῶν,
3460 1107 3549 1159 καὶ
3581 1105 3678 1157 τῶν
3705 1106 3809 1175 περὶ

2277 1195 2422 1263 ἡμᾶς
2459 1195 2620 1248 αὑτοῦ
2670 1197 3264 1268 φιλανθρωπευμάτων.
3299 1200 3523 1250 Ἔπειτα
3568 1197 3702 1249 δοκεῖ
3734 1198 3809 1248 αὑ-

2276 1287 2405 1350 τοῖς,
2456 1286 2516 1338 τό
2561 1304 2623 1354 γε
2676 1288 2756 1340 ἔτι
2803 1291 3002 1359 χεῖρον,
3049 1291 3185 1360 μήτε
3237 1289 3367 1342 Θεὸν
3419 1285 3550 1342 εἶναι
3589 1288 3645 1340 τὸ
3684 1289 3811 1355 ἅγιον

2277 1379 2524 1449 Πνεῦμα,
2557 1384 2691 1450 μήτε
2745 1381 2802 1433 ἓν
2857 1397 2908 1433 τι
2943 1380 3051 1432 τῶν
3097 1380 3318 1434 λοιπῶν.
3359 1380 3720 1433 ’Υπολείπεται
3764 1374 3813 1428 τδ

2275 1471 2619 1544 ἀνύπαρκτον
2644 1472 2773 1524 αὐτὸ
2797 1475 2954 1526 νοεῖν.
2986 1473 3094 1525 Καὶ⁵
3127 1472 3299 1535 ἄλλως
3323 1489 3334 1502 ·
3366 1474 3426 1525 Ei
3468 1473 3538 1542 μὴ
3571 1471 3718 1531 ἐστιν,
3752 1469 3813 1530 ὡς

2277 1564 2560 1632 φάσκουσι,
2601 1563 2750 1627 θεὸς,
2780 1563 2855 1633 τῷ
2899 1563 3060 1634 κοινῷ
3088 1563 3227 1633 λόγῳ
3259 1565 3365 1616 τῶν
3408 1563 3700 1633 κτισμάτων
3731 1561 3813 1612 ὑπ-

2276 1655 2484 1722 άγεται.
2513 1655 2676 1708 Οὐδὲν
2701 1655 2755 1708 δὲ
2789 1654 3024 1708 τοιοῦτον
3045 1658 3338 1726 τεκμήριον
3362 1657 3418 1707 ὲν
3443 1655 3668 1726 Γραφαῖς
3689 1650 3812 1721 εὑρί-

2278 1765 2484 1810 σκεται,
2537 1747 2656 1800 οὐδὲ
2706 1747 2876 1818 μέσης
2923 1746 3135 1816 φύσεως
3181 1741 3318 1800 εἶναι
3363 1744 3810 1817 κεχρησμιξιδηται“

605 1850 716 1893 tum
745 1849 991 1894 sanctum
1028 1855 1058 1895 a
1088 1841 1263 1901 nobis.
1301 1841 1423 1895 dum
1459 1841 1632 1894 locum
1669 1839 1818 1894 illum
1851 1839 2167 1908 Scriptum,

2278 1842 2380 1894 πᾶν
2412 1839 2468 1892 δὲ
2492 1839 2820 1899 τούναντίον,
2845 1840 2926 1892 ὅτι
2953 1839 3179 1909 Πνεῦμα
3215 1839 3306 1892 τοῦ
3343 1839 3499 1901 Θεοῦ,
3537 1839 3625 1892 καὶ
3645 1837 3671 1889 ὃ
3689 1839 3816 1907 παρᾶ

605 1933 695 1987 ubi
739 1934 956 1996 dicitur,
988 1951 1006 1985 ι
1042 1931 1280 2002 Spiritus
1307 1933 1441 2003 (82),
1490 1932 1577 1987 ubi
1633 1933 1768 1994 vult,
1823 1932 2014 2000 spirat,
2052 1951 2070 1984 ι
2107 1933 2173 1986 de

605 2024 784 2078 divina
857 2023 1116 2094 dignitate
1195 2022 1648 2093 interpretamur,
1730 2023 1795 2076 ad
1883 2023 2171 2077 humanam

607 2115 969 2171 conditionem
1030 2114 1260 2183 deprimi
1311 2115 1592 2183 inquiunt;
1636 2115 1830 2170 ibidem
1878 2116 2021 2170 enim
2055 2124 2176 2185 post

608 2209 710 2262 alia
737 2209 902 2262 verba
938 2206 1150 2261 additur
1177 2225 1190 2261 :
1227 2224 1245 2257 ι
1281 2205 1372 2260 Sic
1400 2207 1504 2260 erit
1536 2206 1648 2275 (83)
1677 2207 1854 2260 omnis
1895 2205 1984 2275 qui
2017 2217 2175 2261 natus

607 2311 690 2354 est
721 2313 786 2353 ex
825 2299 1051 2368 Spiritu.
1086 2315 1104 2349 ι
1145 2296 1244 2366 Ipsi
1299 2311 1428 2351 vero
1482 2311 1656 2366 neque
1704 2295 1768 2349 ad
1814 2295 2051 2350 divinam
2089 2297 2174 2350 di-

609 2391 890 2461 gnitatem,
920 2391 1191 2460 inquiunt,
1224 2389 1484 2458 Spiritum
1527 2389 1860 2456 extollimus,
1908 2403 2083 2459 neque
2110 2391 2176 2444 ad

609 2480 938 2550 reliquarum
965 2489 1338 2535 creaturarum
1368 2487 1614 2532 naturam
1640 2492 1761 2532 eum
1783 2477 2172 2547 deprimimus:

609 2587 733 2626 nam
783 2573 1021 2627 medium
1063 2571 1240 2626 locum
1289 2579 1456 2634 tenet,
1505 2585 1627 2625 cum
1679 2583 1854 2639 neque
1895 2567 2036 2624 Deus
2083 2569 2174 2634 sit,

609 2675 784 2732 neque
812 2677 975 2716 unum
1010 2661 1222 2731 aliquod
1248 2675 1314 2714 ex
1341 2659 1584 2728 reliquis.
1619 2659 1751 2725 Quis
1779 2667 1958 2712 autem
1993 2672 2177 2713 revera

610 2762 811 2806 tantam
835 2753 1044 2807 illorum
1063 2753 1340 2806 audaciam
1367 2767 1471 2805 non
1491 2750 2181 2806 condemnaverit?Adeste

609 2860 739 2911 ergo
763 2845 889 2905 huc,
929 2852 982 2898 et
1010 2844 1246 2897 animum
1279 2843 1542 2898 attendite
1577 2861 1589 2896 :
1626 2857 1746 2896 nam
1779 2844 1967 2912 paucis
2000 2844 2180 2900 verbis

610 2937 826 3005 loquar.
861 2933 998 2988 Iliud
1029 2949 1156 2989 vero
1193 2936 1533 3004 potissimum
1574 2933 2010 3001 animadvertite,
2039 2936 2180 3004 quod

603 3042 716 3082 'Iton
741 3027 878 3081 dixit
922 3025 1199 3097 Scriptura
1234 3045 1246 3080 :
1294 3046 1312 3078 ι
1342 3027 1432 3081 Sic
1461 3038 1543 3082 est
1575 3029 1758 3092 homo,
1805 3029 1893 3098 qui
1929 3038 2012 3084 est
2053 3031 2182 3084 situ-

609 3119 824 3187 pliciter
867 3117 1068 3178 homo;
1101 3138 1118 3170 ι
1161 3118 1253 3173 sed
1299 3119 1482 3172 dixit:
1521 3138 1538 3171 ι
1573 3119 1661 3174 Sic
1708 3121 1812 3174 erit
1855 3120 2052 3187 omnis,
2086 3121 2174 3188 qui

601 3222 769 3266 natus
811 3220 893 3266 est
934 3225 998 3266 ex
1049 3210 1296 3280 Spiritu:
1335 3230 1354 3262 ι
1402 3211 1452 3264 id
1483 3220 1587 3273 est,
1639 3211 1738 3278 Qui
1775 3211 1966 3281 dignus
1999 3210 2174 3266 factus

607 3312 690 3358 est
737 3312 792 3357 ιιι
845 3313 1258 3372 regeneraretur
1319 3301 1370 3354 in
1423 3301 1600 3355 divina
1646 3301 1870 3372 piscina,
1921 3311 1975 3356 et
2025 3300 2175 3356 lieret

608 3396 773 3463 (sicut
805 3395 858 3450 in
885 3395 1180 3451 Catholicis
1203 3393 1337 3465 (84),
1365 3394 1468 3448 hoc
1492 3403 1594 3458 est,
1636 3393 2032 3448 universalibus
2063 3408 2176 3447 ma-

609 3488 913 3541 nifestatum
967 3493 1049 3541 est
1102 3484 1344 3556 Litteris)
1411 3485 1608 3540 divina:
1659 3499 1886 3540 consors
1947 3493 2172 3538 naturae.

607 3580 735 3646 Qua:
793 3580 954 3634 verba
1009 3578 1204 3634 similia
1257 3588 1384 3636 sunt
1435 3579 1583 3634 hisce
1631 3595 1698 3630 τι
1729 3578 2014 3633 Faciamus
2061 3577 2172 3648 (85)

609 3670 880 3726 hominem
932 3671 1228 3726 secundum
1287 3669 1597 3740 imaginem,
1657 3679 1712 3726 et
1769 3670 2172 3725 similittulinetu

608 3774 884 3831 nostram;
919 3784 938 3817 ι
985 3775 1038 3819 et
1084 3763 1168 3818 his
1215 3763 1376 3818 aliis:
1413 3783 1433 3816 ι
1467 3763 1536 3819 Ut
1574 3762 1693 3818 sitis
1735 3761 1843 3834 (86)
1876 3762 2173 3818 secundum

605 3856 894 3924 imaginem
948 3856 1065 3924 ejus
1110 3857 1200 3925 qui
1253 3855 1459 3911 creavit
1497 3870 1615 3909 nos.
1655 3875 1674 3908 ι
1720 3854 1784 3908 Et
1828 3855 2175 3922 quemadmo-

595 3946 732 4001 ‘dum
776 3947 1083 4002 Altissimus
1143 3947 1338 4010 Pater,
1399 3961 1463 4000 ac
1521 3946 1690 4001 Filius
1737 3945 1854 4014 ejus
1913 3960 2008 4014 per
2054 3959 2176 3998 sau-

2272 1930 2366 1984 τοῦ
2396 1931 2605 2002 Πατρὸς
2631 1930 3006 2001 ἐκπορεύεται,
3036 1932 3128 1984 καὶ
3155 1931 3377 2002 Πνεῦμα
3414 1932 3568 1984 οείον.
3594 1930 3816 1983 Λείπεται

2273 2022 2334 2074 τὸ
2362 2021 2490 2074 Θεὸν
2545 2017 2701 2085 εἶναι,
2738 2022 2845 2075 ἀπό
2895 2039 2952 2074 τε
2981 2021 3088 2074 τῶν
3133 2021 3338 2092 Πέτρου
3381 2023 3471 2076 καὶ
3499 2021 3700 2075 Παύλου
3728 2039 3820 2089 φω-

2275 2113 2401 2175 νῶν,
2459 2114 2565 2166 ἀπό
2597 2130 2654 2165 τε
2699 2113 2876 2182 πάσης
2931 2114 3138 2176 ἑννοίας
3193 2114 3302 2166 τῶν
3359 2115 3586 2186 Γραψῶν
3633 2111 3820 2180 καὶτῆς

2282 2225 2298 2256 ι
2325 2205 2678 2276 ἐκπορεύεται
2706 2227 2722 2256 ι
2761 2206 2977 2273 λέξεως.
3026 2206 3296 2278 Ἀὁριστος
3349 2207 3460 2280 γὰρ
3491 2204 3638 2271 οῦσα,
3671 2207 3723 2259 τὸ
3752 2207 3821 2258 ἁῖ-

2275 2295 2385 2348 διον
2412 2296 2502 2347 καὶ
2541 2293 2839 2366 ἀχώριστον
2873 2297 2970 2367 τῆς
3004 2297 3218 2364 φύσεως
3245 2297 3410 2352 αὑτοῦ
3441 2301 3537 2368 τῆς
3560 2297 3685 2366 πρὸς
3710 2297 3823 2348 ἐκεῖ·

2277 2403 2386 2450 νον,
2427 2386 2485 2452 ἐξ
2518 2382 2578 2440 οὗ
2632 2387 2884 2458 ἀρρήτως
2919 2387 3266 2459 προέρχεται,
3312 2389 3563 2444 Θειότατα
3589 2389 3825 2442 ἐνδείκνυ-

2276 2495 2384 2530 ται.
2413 2477 2522 2530 Kal
2549 2478 2645 2548 μὲν
2666 2478 2728 2549 δὴ
2755 2479 2846 2530 καὶ
2875 2478 3030 2532 τοῦτο
3053 2496 3062 2506 ·
3090 2481 3152 2532 Εἰ
3180 2481 3342 2551 μηδὲν
3363 2482 3474 2535 τῶν
3489 2481 3657 2534 ἄλλων
3683 2479 3824 2548 ὑπάρ-

2279 2586 2380 2638 χει,
2402 2567 2586 2640 ὦσπερ
2613 2565 2706 2622 οῦν
2738 2569 2894 2622 τοῦτο
2917 2569 3093 2623 αὐτῶν
3123 2570 3338 2640 ἀληθὲς,
3363 2571 3497 2635 Θεός
3523 2572 3678 2623 ἐστιν.
3707 2567 3826 2640 Πρὸς

2278 2659 2484 2723 τούτοις
2507 2678 2518 2688 ·
2552 2660 2613 2712 Ei
2634 2659 2782 2712 οὐδὲν
2818 2660 3034 2712 κτιστὸν
3061 2662 3118 2713 ὲν
3153 2663 3252 2731 μιᾷ
3281 2661 3576 2716 ὑποστάσει
3607 2659 3826 2730 εὑρίσκε-

2280 2768 2388 2816 ται,
2419 2751 2494 2814 ὡς
2522 2751 2579 2802 ὲν
2609 2749 2687 2820 τῷ
2714 2749 2914 2822 πρώτῳ
2951 2751 3243 2822 ἀπεδείχθη
3277 2751 3485 2823 βιϐλίῳ,
3516 2752 3576 2804 τὸ
3616 2752 3669 2804 at
3699 2749 3828 2817 ἅγιον

2281 2842 2506 2912 Πνεῦμα
2530 2842 2588 2894 ἒν
2615 2842 2705 2894 καὶ
2741 2842 2897 2912 μόνον
2942 2842 3042 2912 τῆς
3072 2843 3275 2906 ἐνάδος,
3325 2844 3446 2914 ἤτοι
3499 2842 3729 2914 μονάδος,
3763 2839 3832 2891 οὑ·

2285 2935 2402 2998 σίας
2439 2934 2618 2986 ἐστίν·
2646 2934 2721 2997 ὡς
2757 2934 2822 2988 ἂν
2855 2934 3030 2987 τοίνυν
3068 2934 3448 3004 φενακίζοντες
3478 2935 3535 3002 ἐξ
3566 2933 3752 2994 αὑτῶν,
3771 2923 3832 2981 ὢν

2283 3025 2546 3098 ἔγραψαν.
2583 3026 2842 3098 νοηθεῖεν,
2870 3026 2972 3079 κᾶν
2993 3027 3236 3080 δοκοῦσιν
3261 3025 3400 3082 εἶναι
3426 3029 3588 3082 δεινοὶ
3615 3029 3787 3086 εἰπεῖν,
3810 3024 3833 3074 ὃ

2285 3123 2571 3193 βούλοιντο,
2596 3121 2689 3175 καὶ
2721 3121 2856 3192 μηδὲ
2891 3119 2948 3173 ἓν
2975 3121 3154 3184 αὑτοῖς
3204 3121 3301 3190 τῆς
3333 3121 3457 3173 καθ’
3485 3121 3638 3192 ἡμῶν
3663 3116 3835 3188 ὁεξρύος

2281 3212 2664 3283 ἐκπορισοείη·
2701 3213 3030 3280 καυχήματα
3082 3210 3188 3281 γὰρ
3221 3210 3542 3282 ἀνθρώπινα
3584 3211 3711 3279 ταχὺ
3763 3206 3836 3269 ἐξ·

2281 3305 2579 3376 ελὲγχεται.
2614 3304 2780 3372 Σοφὸς
2826 3304 2954 3374 περὶ
2985 3304 3214 3357 ἑκάστου
3253 3304 3434 3359 αὑτῶν
3462 3299 3562 3358 ὧδε
3597 3302 3838 3368 διείληὲεν

2281 3398 2450 3468 ἀνήρ·
2488 3417 2505 3448 ι
2541 3398 2630 3466 Μὴ
2664 3396 2833 3449 πολλά
2867 3396 3105 3465 σοφίζου,
3137 3398 3221 3450 ἵνα
3258 3397 3331 3467 μὴ
3362 3396 3669 3466 ἐκπλαγῇςῑ
3693 3412 3710 3443 ι
3745 3391 3837 3445 Καὶ

2281 3491 2309 3542 ὁ
2332 3489 2600 3560 Στέφανος
2617 3490 2671 3541 δὲ
2695 3491 2750 3541 ἐν
2775 3492 2894 3552 ταῖς
2919 3489 3188 3561 Πράξεσιν
3223 3489 3315 3541 ὡδί
3347 3507 3469 3552 πως
3493 3487 3733 3550 ὀνειδίζει
3763 3481 3839 3534 αύ-

2277 3581 2418 3643 τοίς’
2463 3600 2478 3630 ι
2506 3579 2999 3650 Σκληροτράχηλοι,
3037 3579 3130 3632 καὶ
3178 3577 3550 3650 ἀπερίτμητοι
3575 3579 3638 3646 τῇ
3672 3571 3840 3642 καρδίᾳ

2280 3671 2374 3724 καὶ
2398 3671 2506 3734 τοῖς
2532 3671 2685 3733 ὠσὶν,
2716 3671 2871 3740 ὑμεῖς
2906 3671 2991 3723 ἀεὶ
3021 3669 3096 3741 τῷ
3125 3669 3405 3740 Πνεύματι
3439 3668 3518 3739 τῷ
3549 3666 3687 3736 ἁγίῳ
3714 3665 3841 3716 ἀντι-

2280 3763 2504 3816 πίπτετε
2525 3779 2540 3792 ·
2578 3763 2652 3824 ὡς
2683 3765 2729 3814 οἱ
2756 3763 2989 3833 πατέρες
3025 3761 3198 3830 ὑμῶν,
3229 3761 3322 3814 καὶ
3349 3761 3536 3831 ὑμεῖς.
3566 3779 3582 3810 ι
3620 3755 3844 3824 Πατέρας

2277 3854 2334 3907 δὲ
2365 3853 2542 3907 αὑτῶν
2573 3853 2672 3924 ἔφη
2705 3855 2936 3925 ιἌρειον,
2989 3853 3106 3924 [101
3144 3851 3200 3924 a]
3235 3853 3591 3914 Μακεδόνων,
3628 3850 3720 3919 τὴν
3748 3842 3842 3896 ὀλέ-

2281 3943 2429 4015 Οριον
2454 3943 2640 3997 δυάδα.
2670 3945 2938 4015 Ἔρχομαι
2957 3940 3047 3996 οὖν
3070 3944 3154 4012 ἐφ’
3176 3942 3362 4013 ἕτερον
3392 3941 3712 4011 κεφάλαιον.

599 4049 726 4094 ctas
790 4039 950 4094 hasce
992 4039 1314 4101 locutiones,
1388 4054 1507 4108 qua:
1582 4048 1798 4106 captum
1848 4046 2092 4091 nostrum
2161 4037 2459 4098 excedunt,
2510 4037 2573 4089 ad
2630 4039 2875 4090 humanae
2933 4049 3137 4090 natura:
3188 4036 3560 4090 conditionem
3617 4047 3718 4086 non
3763 4025 3845 4077 de-

604 4130 899 4199 primitur;
963 4131 1037 4184 ita
1104 4143 1170 4185 ne
1227 4129 1461 4200 Spiritus
1519 4141 1741 4184 sanctus
1836 4127 2054 4198 quidem
2117 4141 2216 4197 per
2287 4129 2554 4183 antedicta
2621 4129 2960 4192 testimonia,
3029 4137 3120 4182 aut
3180 4142 3278 4198 per
3343 4143 3508 4182 suam
3581 4142 3707 4197 erga
3765 4135 3849 4176 nos

595 4222 1032 4292 benignitatem,
1083 4221 1148 4274 ad
1236 4235 1356 4275 eam
1418 4219 1696 4291 redigitur.
1762 4217 1964 4274 Deinde
2041 4216 2221 4290 (quod
2285 4220 2435 4288 pejus
2495 4219 2672 4274 adhuc
2724 4219 2848 4289 est)
2913 4219 3170 4289 Spiritum
3237 4227 3493 4274 sanctum
3559 4233 3658 4273 nec
3705 4211 3848 4285 219

608 4316 773 4371 Deum
830 4330 949 4370 esse
991 4325 1201 4385 putant,
1254 4330 1426 4384 neque
1469 4331 1634 4369 unum
1681 4315 1896 4384 aliquod
1938 4329 2003 4368 ex
2039 4313 2282 4384 reliquis.
2326 4314 2510 4369 ltcstat
2537 4329 2667 4385 ergo
2700 4323 2758 4368 ut
2818 4314 2991 4384 ipsum
3053 4313 3372 4370 exsistentia
3435 4325 3714 4370 carentem
3769 4325 3853 4377 pu-

600 4417 743 4463 tent.
775 4407 841 4462 Et
870 4406 1064 4462 aliter:
1099 4406 1156 4461 Si
1215 4405 1355 4462 Deus
1387 4421 1490 4461 non
1548 4415 1654 4471 est,
1681 4413 1739 4460 ut
1767 4406 1870 4476 ipsi
1911 4405 2179 4476 inquiunt;
2220 4405 2492 4460 comnmni
2528 4417 2900 4461 creaturarum
2941 4407 3153 4472 rationi,
3221 4421 3286 4463 ac
3357 4407 3667 4462 deﬁnitioni
3701 4402 3850 4470 subji-

606 4500 766 4555 citur.
825 4501 896 4556 At
929 4515 1056 4556 vero
1095 4500 1297 4556 nullum
1353 4501 1516 4571 hujus
1569 4501 1646 4556 rei
1704 4511 2079 4572 argumentum
2129 4500 2184 4554 in
2223 4499 2517 4570 Scripturis
2582 4502 2871 4556 invenitur.
2928 4501 3110 4572 Neque
3146 4515 3277 4557 vero
3338 4504 3540 4558 mediae
3592 4499 3852 4566 cujusdam

607 4605 814 4650 natura:
862 4611 981 4651 esse
1034 4595 1233 4651 dicitur
1302 4613 1332 4651 a
1393 4597 1589 4652 divinis
1644 4596 1747 4652 illis
1801 4596 2066 4664 oraculis;
2116 4597 2212 4653 sed
2252 4597 2786 4666 ipsmnecoutrario
2849 4613 2970 4654 esse
3038 4599 3188 4652 aiunt
3237 4607 3290 4653 et
3342 4599 3615 4668 Spiritum
3665 4598 3772 4655 Dei.
3807 4600 3856 4642 el

607 4699 727 4740 cum
754 4685 844 4755 qui
878 4701 908 4741 a
957 4685 1116 4742 Patre
1176 4686 1440 4757 procedit,
1482 4696 1538 4742 et
1594 4687 1834 4742 divinum
1887 4685 2168 4757 Spiritum.
2212 4685 2400 4742 Restat
2462 4702 2591 4757 ergo
2625 4697 2681 4741 ut
2746 4689 2814 4742 sit
2849 4688 2987 4744 Deus
3020 4699 3131 4742 tum
3163 4703 3229 4744 ex
3289 4688 3464 4755 Petri,
3501 4705 3570 4745 ac
3609 4686 3755 4744 Pauli
3788 4685 3856 4738 lo-

607 4781 929 4848 cutionibus,
996 4792 1110 4837 tum
1163 4796 1228 4838 ex
1307 4783 1451 4838 omni
1515 4781 1916 4852 Scripturaram
1957 4797 2142 4847 sensu,
2190 4792 2245 4838 et
2284 4783 2451 4845 verbi.
2506 4784 2766 4852 procedit.
2827 4784 2960 4838 Cum
3015 4785 3158 4838 enim
3204 4785 3307 4839 hoc
3366 4783 3715 4839 indeﬁnitum
3771 4779 3853 4837 sit.

605 4882 862 4928 :cternam
897 4889 1014 4929 esse
1041 4874 1183 4928 illius
1220 4884 1486 4941 naturam,
1533 4883 1692 4942 atque
1721 4875 1787 4927 ah
1827 4873 1938 4937 illo,
1967 4889 2030 4926 ex
2065 4889 2173 4942 quo
2211 4871 2552 4927 ineffabiliter
2590 4893 2608 4925 ι
2647 4875 2909 4942 procedit,
2952 4894 2970 4926 ι
3012 4873 3429 4942 inseparabilem
3458 4915 3474 4940 ,
3531 4867 3856 4926 divinissime

603 4968 862 5022 ostendit.
897 4972 964 5020 At
1001 4968 1099 5021 hoc
1123 4968 1286 5022 etiam
1316 4967 1474 5022 addo.
1512 4965 1569 5020 Si
1598 4967 1736 5020 nulla
1764 4967 1810 5020 is
1841 4977 1925 5021 est
1954 4983 2020 5022 ex
2047 4967 2168 5020 aliis
2207 4968 2388 5030 rebus,
2433 4979 2490 5021 ut
2525 4982 2653 5022 vere
2688 4967 2930 5037 profecto
2963 4956 3091 5036 ipsi
3153 4969 3406 5036 inquiunt
3450 4985 3464 5023 :
3510 4967 3656 5022 Deus
3709 4963 3856 5032 igiltll‘

606 5072 709 5115 est.
741 5058 822 5112 Ad
854 5061 968 5114 haec
1002 5073 1016 5112 :
1056 5057 1112 5112 Si
1145 5059 1277 5114 nihil
1313 5059 1454 5126 quod
1479 5067 1720 5112 creatum
1755 5058 1842 5121 sit,
1878 5059 1930 5111 in
1990 5074 2094 5111 una
2125 5058 2423 5129 hypostasi,
2454 5059 2568 5114 sive
2596 5059 2894 5114 substantia
2959 5075 3079 5116 esse
3146 5061 3446 5126 invenitur,
3483 5064 3632 5117 sicut
3665 5060 3718 5114 in
3767 5053 3862 5124 pri-

609 5173 696 5210 mo
737 5157 873 5210 libro
900 5156 1012 5227 (87)
1043 5157 1469 5210 demonstratum
1498 5163 1600 5219 est,
1637 5153 1870 5224 Spiritus
1902 5167 2029 5208 vero
2055 5163 2295 5216 sanctus,
2337 5162 2520 5224 utpote
2573 5171 2710 5209 unus
2774 5164 2828 5210 et
2877 5154 3049 5218 solus,
3107 5155 3173 5209 ad
3242 5155 3537 5218 unitatem,
3605 5164 3698 5208 aut
3755 5162 3860 5203 m0-

608 5248 804 5302 nadem
859 5247 1110 5302 essentia:
1193 5247 1466 5316 pertinet:
1500 5245 1792 5300 haereticos
1848 5259 1977 5314 ergo
2034 5261 2100 5299 ex
2149 5244 2214 5300 iis
2289 5245 2438 5315 ipsis,
2489 5261 2606 5315 quae
2665 5247 3017 5316 scripserunt,
3064 5246 3386 5314 impostores
3447 5261 3576 5301 esse
3620 5239 3861 5311 intelligi-

2351 5380 2460 5453 (Si)
2498 5379 2804 5453 Qut/rolicis.
2842 5381 3075 5453 Primam
3116 5381 3259 5437 Petri
3290 5381 3609 5453 Epistulam
3651 5378 3858 5434 indicat.

2354 5452 2464 5518 (85)
2497 5450 2796 5505 Faciamus.
2835 5451 2971 5506 Gen.
3002 5469 3040 5514 ι,
3070 5453 3162 5506 ‘26.

2507 5520 2570 5596 Ut
2600 5523 2736 5596 sitis.
2780 5521 2910 5596 Vide
2947 5532 3057 5596 not.
3088 5524 3144 5588 4,
3174 5538 3296 5591 pag.
3338 5519 3464 5596 186.
3590 5591 3621 5596 __
3655 5590 3666 5596 Α
3819 5585 3829 5596 _

2355 5590 2467 5666 (87;)
2498 5591 2561 5646 In
2592 5594 2762 5666 primo
2791 5593 2940 5666 libro.
3001 5593 3053 5666 ln
3087 5590 3350 5659 capitibus
3387 5590 3722 5666 deperditis,
3751 5590 3860 5655 opi-

2439 5660 2759 5733 chc'hujus
2809 5679 2843 5716 ιι
2901 5664 3021 5718 libri
3070 5679 3188 5734 cap.
3245 5666 3298 5729 l5,
3352 5677 3580 5734 paragr-
3625 5660 3718 5728 91,
3750 5670 3860 5728 PHE-

702 5379 790 5446 80)
828 5379 1071 5434 Nullum.
1112 5379 1166 5434 In
1202 5379 1410 5446 Gnaeo,
1434 5380 1606 5434 οὐδέν.
1639 5379 1802 5446 Lego,
1834 5379 2065 5444 οὐδενός.
2207 5384 2252 5440 D

702 5383 770 5434 80
828 5383 1071 5434 Nullum.
1112 5383 1166 5434 In
1202 5383 1410 5446 Gnaeo,
1434 5383 1606 5434 οὐδέν.
1639 5383 1802 5446 Lego,
1834 5383 2065 5444 οὐδενός.

676 5383 792 5522 ίδιζ
838 5449 1045 5503 Novam
1080 5451 1288 5522 aﬂ'erre.
1323 5449 1374 5504 lu
1409 5451 1616 5515 (ΙΙ-ποθ,
1642 5450 1935 5522 νεαλογείν.
1964 5450 2174 5516 Legen-

607 5521 733 5575 dtun
764 5530 911 5590 putet
942 5521 1096 5590 quis,
1118 5521 1419 5590 νεολογεῖν·
1457 5532 1513 5575 at
1539 5537 1708 5589 segm.
1746 5521 1847 5576 156
1889 5540 1920 5575 .a
1983 5522 2174 5575 iterum

604 5589 842 5647 occurrit
873 5606 974 5643 vox
993 5589 1391 5660 νεαλογοῦντες.

678 5662 790 5732 (82)
829 5661 1076 5732 Spiritus.
1107 5660 1260 5716 Joan.
1299 5679 1378 5724 ιιι,
1404 5664 1456 5716 8.

607 5803 635 5856 ὲ
678 5731 790 5814 (δῦ)
833 5731 924 5786 Sic
964 5731 1083 5790 erit.
1131 5732 1265 5788 Ibid.
1336 5732 1506 5789 Biblia
1565 5749 1663 5804 pro
1725 5732 1895 5797 ἔσται,
1931 5731 2178 5799 habent,

641 5818 741 5856 στι.

641 5818 741 5858 στι.
