4082 6406
610 390 713 444 69.3

1847 395 2086 452 DIDYMI
2129 395 2308 451 ALEX
2319 395 2598 454 ANDBINI

3723 381 3818 460 cei

609 511 756 564 enim
795 511 1023 580 Spiritui
1059 521 1272 572 sancto.
1316 522 1371 566 et
1406 513 1579 574 nobis,
1637 511 1769 567 nihil
1825 516 1964 568 ultra
2018 515 2181 584 iinpo.

2291 513 2478 568 θέσθαι
2512 515 2642 585 ὑμῖν
2681 513 2864 585 βάρος,
2896 515 3033 588 πλὴν
3061 515 3284 580 τούτων,
3335 513 3408 573 ὧν
3435 523 3713 592 ἐπάναγκες
3735 527 3820 581 6.1-

611 619 740 655 nere
765 605 918 656 vobis
943 604 1148 669 oneris,
1178 613 1374 674 printer
1403 606 1538 667 haec,
1563 619 1682 674 qna-
1700 605 2003 660 necessaria
2025 615 2150 660 sunt
2173 624 2188 659 :

617 703 675 746 ut
699 694 1022 750 abstineatis
1055 697 1124 750 ab
1169 697 1462 750 immolatis
1489 695 1926 754 simulacrorum.
1953 705 2009 749 et
2061 711 2190 750 san-

615 789 797 854 guine,
831 797 886 842 et
938 788 1222 853 suﬂ‘ocato,
1276 798 1332 841 et
1381 788 1762 853 fornicatione;
1805 805 1834 841 a
1863 790 2060 858 quibus
2097 805 2193 842 cu-

611 878 908 935 stodientes
965 895 1081 946 vos,
1125 882 1263 935 bene
1312 881 1504 951 agetis.
1542 898 1561 930 ι
1607 879 1760 948 Quod
1807 881 1984 936 visum
2026 880 2192 934 fuerit

611 967 682 1031 ci,
713 971 804 1039 qui
841 972 1090 1026 subditus
1123 974 1212 1035 sit,
1261 988 1363 1026 non
1413 987 1543 1026 vero
1583 972 1854 1034 dominus,
1904 987 2063 1024 nemo
2109 988 2192 1026 ra-

612 1063 724 1109 tum
764 1058 926 1113 habet
959 1076 973 1113 :
1011 1059 1270 1128 quidquid
1314 1067 1491 1112 autem
1544 1059 1716 1111 visum
1753 1057 1914 1110 fuerit
1950 1057 2087 1128 regi,
2132 1066 2188 1110 et

613 1143 699 1210 iis,
729 1147 822 1216 qui
854 1148 924 1202 ab
955 1149 1070 1218 ipso
1101 1149 1336 1218 przefecti
1373 1157 1521 1210 sunt,
1556 1148 1684 1202 illud
1716 1157 1800 1202 est
1838 1146 1961 1209 lex;
2004 1157 2058 1201 et
2099 1147 2186 1200 his

613 1237 850 1304 quidem.
885 1240 974 1307 qui
1030 1248 1240 1308 parent,
1270 1238 1516 1301 laudem;
1561 1238 1647 1293 bis
1693 1253 1845 1301 vero,
1880 1239 1970 1308 qui
2023 1239 2181 1308 221

2297 603 2514 675 έχεσθαι
2544 605 2688 675 ὑμᾶς
2714 605 2821 658 ἀπὸ
2849 606 3230 672 εἰδωλοθύτων,
3256 611 3344 662 καὶ
3369 613 3600 682 αἵματος,
3625 615 3707 668 καὶ
3720 635 3822 670 πνι-

2296 695 2446 758 κτοῦ,
2478 697 2572 750 καὶ
2606 697 2859 768 πορνείας
2877 713 2894 728 ο
2921 697 2978 764 ἐξ
3005 694 3079 752 ὧν
3112 699 3488 773 διατηροῦντες
3519 706 3738 770 ἑαυτοὺς,
3767 703 3817 763 εὗ

2295 785 2550 856 πράξετε.
2580 805 2596 836 ι
2624 785 2696 838 Τὸ
2725 786 2883 853 δόξαν
2909 787 2987 858 τῷ
3015 789 3329 861 ὑπεξουσίῳ,
3356 793 3447 846 καὶ
3469 792 3539 864 μὴ
3558 794 3732 864 κυρίῳ,
3750 797 3823 848 οὐ·

2293 877 2405 940 δεῖς
2435 877 2754 948 προσίεται·
2795 881 2904 932 πᾶν
2931 880 2988 932 δὲ
3017 881 3046 934 ὃ
3078 899 3130 934 τι
3161 881 3228 934 ἂν
3254 881 3377 953 δόξῃ
3405 883 3602 952 βασιλεί
3625 886 3707 938 καὶ
3731 889 3823 951 τοῖς

2295 969 2386 1021 ὑπ’
2418 968 2581 1022 αὐτοῦ
2623 970 3100 1041 προχειρισθεῖσιν,
3143 973 3300 1026 τοῦτο
3366 975 3539 1044 νόμος.
3589 980 3689 1040 τοῖς
3745 978 3826 1048 μὲν

2291 1062 2553 1132 ὑπηκόοις
2583 1061 2824 1120 ἔπαινον.
2856 1067 2968 1128 τοῖς
3005 1064 3048 1116 δ’
3071 1067 3353 1120 ἀπειθοῦσι
3385 1069 3614 1123 κίνδυνον
3652 1071 3826 1140 φέρων.

2296 1169 2316 1202 ι
2340 1151 2405 1204 Ἦ
2429 1170 2448 1203 i
2483 1154 2592 1223 γὰρ
2632 1172 2649 1203 ι
2675 1153 2944 1224 παρακοὴ,
2972 1173 2990 1206 i
3049 1158 3234 1226 φησιν,
3293 1176 3311 1207 ι
3344 1159 3562 1213 θάνατον
3593 1161 3826 1231 κατεργά-

2293 1243 2443 1308 ζεται
2463 1257 2478 1274 ⁸
2511 1246 2544 1315 ἠ
2566 1245 2621 1298 δὲ
2649 1247 2884 1317 ὑπακοὴ,
2918 1246 3062 1318 ζωὴν
3085 1249 3300 1302 αἰώνιον
3320 1267 3334 1281 ο
3361 1270 3378 1299 ι

612 1341 717 1382 non
759 1330 1154 1398 obtemperant,
1193 1329 1486 1399 periculum
1539 1328 1713 1385 aﬂert.
1773 1329 1908 1384 Nam
1950 1348 1969 1380 ι
2002 1329 2359 1389 inobedientia
2395 1335 2494 1406 (1),
2531 1355 2548 1387 ι
2585 1337 2776 1406 inquit,
2810 1356 2828 1388 ι
2866 1349 3090 1393 mortem
3121 1353 3395 1410 operatur,
3433 1342 3716 1396 olicdicntia
3755 1356 3828 1394 au'

612 1428 718 1473 tem
747 1423 909 1474 vitam
959 1434 1215 1477 zelernain
1239 1442 1252 1477 :

689 1514 966 1570 l’oleniior
1002 1518 1078 1588 (2)
1119 1520 1258 1572 enim
1288 1529 1362 1572 est
1411 1535 1523 1585 rex,
1557 1536 1676 1573 cum
1723 1519 1977 1572 irascitur
2009 1521 2117 1574 viro

1902 1607 2186 1682 [inferiori.

615 1697 768 1752 Sicut
791 1713 920 1768 ergo
948 1714 1040 1752 rex
1083 1700 1146 1752 ad
1191 1715 1414 1768 magnos
1443 1698 1743 1767 praefectos.
1772 1701 1860 1768 qui
1886 1703 2186 1769 proximum

612 1791 678 1843 ab
713 1803 779 1845 eo
814 1789 990 1842 locum
1036 1801 1243 1855 tenent,
1271 1793 1574 1860 quibusque
1625 1792 1963 1845 subditorum
2025 1791 2188 1845 babe-

621 1893 719 1931 nas
747 1879 1012 1946 regendas,
1053 1879 1222 1943 dedit,
1258 1878 1508 1947 proprias
1557 1880 1867 1934 sanctiones
1915 1881 2190 1934 transmit-

626 1975 742 2022 tere
773 1969 940 2033 solet;
976 1969 1027 2022 bi
1065 1985 1191 2023 vero
1223 1985 1317 2024 eas
1355 1972 1642 2040 obsignare
1697 1972 1798 2039 (3),
1835 1982 1890 2025 et
1939 1971 2190 2025 omnibus

617 2067 774 2112 notas
806 2057 1004 2124 facere,
1035 2069 1092 2114 ut
1133 2075 1320 2115 omnes
1355 2061 1443 2124 iis,
1488 2079 1606 2131 qua:
1632 2078 1660 2115 a
1695 2077 1840 2133 iege,
1876 2073 1968 2118 aut
2017 2063 2188 2134 impe-

613 2157 797 2203 ratore
821 2150 1028 2204 sancita
1073 2160 1220 2214 sunt,
1247 2166 1367 2206 sese
1394 2151 1701 2219 subjiciam,
1729 2161 1783 2207 et
1833 2167 2020 2208 earum
2065 2169 2189 2207 san-

615 2239 856 2294 ctionuni
917 2239 1273 2295 violatoribus
1343 2242 1581 2312 pericula
1645 2243 1840 2297 minari
1895 2259 2189 2300 consueve-

614 2337 775 2386 runt:
800 2330 870 2383 ita
891 2329 1054 2385 etiam
1077 2333 1324 2401 apostoli,
1343 2350 1479 2404 quos
1504 2335 1708 2404 primos
1729 2337 1906 2405 posuit
1929 2335 2070 2389 Deus
2087 2336 2186 2408 (4),

613 2435 734 2480 cum
781 2422 1040 2492 Spiritum
1093 2434 1338 2479 sanctum
1399 2426 1617 2496 propria
1661 2437 1929 2496 potestate
1997 2430 2190 2498 przedi-

615 2520 752 2576 ium,
795 2524 850 2568 ei
895 2513 1044 2569 Patri
1103 2516 1620 2572 consubstantialem
1666 2533 1788 2574 esse
1829 2519 2032 2573 scirent
2087 2519 2185 2590 (5),

615 2603 686 2658 ita
723 2603 1054 2673 scripserunt
1086 2620 1102 2659 :
1140 2605 1269 2661 Visa
1306 2619 1453 2672 sunt,
1500 2610 1774 2678 inquiunt,
1813 2611 1928 2666 haec
1971 2622 2025 2665 et
2077 2613 2187 2665 haec

615 2691 840 2762 Spiritui
875 2707 1065 2750 sancio
1109 2697 1190 2766 (ut
1221 2698 1354 2769 regi,
1385 2709 1440 2754 et
1492 2700 1839 2766 dominatori,
1869 2710 1924 2755 et
1951 2701 2186 2754 curatori

613 2787 877 2858 generis),
914 2798 968 2842 ei
1005 2790 1160 2843 nobis
1189 2805 1426 2858 quoque,
1456 2799 1641 2858 utpote
1666 2791 1756 2860 qui
1785 2792 2048 2861 segregati
2093 2807 2187 2846 su-

615 2892 760 2942 mus,
803 2888 861 2932 ut
897 2894 1256 2947 praeesseinus
1287 2882 1431 2945 fidei,
1464 2891 1516 2934 et
1541 2881 1831 2947 Ecclesiis;
1877 2899 1896 2932 ι
1927 2899 1957 2936 a
1995 2884 2188 2953 quibus

616 2970 988 3025 custodientes
1032 2973 1407 3040 vosmetipsos,
1435 2971 1569 3027 bene
1595 2973 1765 3043 agetis
1789 2989 1807 3036 ;
1836 2991 1856 3026 ι
1897 2972 1982 3026 sin
2009 2982 2186 3026 autem

2294 1521 2609 1588 Κρείσσων
2635 1522 2746 1592 γὰρ
2773 1523 3094 1589 βασιλεὺς,
3146 1523 3244 1576 ὅτε
3288 1523 3537 1592 χώσεται
3565 1522 3831 1664 (ii-69m.-

3801 1615 3831 1650 ι.

3801 1615 3834 1650 ἰ

2295 1681 2452 1734 Καθὰ
2470 1682 2650 1734 τοίνυν
2688 1683 2876 1736 εῐωθεν
2913 1682 3166 1754 βασιλεὺς
3229 1685 3326 1755 μὲν
3357 1685 3454 1748 τὰς
3485 1684 3668 1737 ἑαυτοῦ
3697 1701 3832 1755 νομο-

2222 1740 2263 1795 B
2291 1771 2474 1836 θεσίας
2527 1777 2637 1837 τοῖς
2664 1774 2888 1843 ἔγγιστα
2913 1740 3192 1846 ’μεγάλοις
3216 1740 3833 1846 ἀρχουσικαταπέμπειν,

2288 1859 2369 1926 οἷς
2392 1864 2490 1928 τὰς
2520 1866 2676 1936 ἡνίας
2727 1867 2836 1919 τῶν
2870 1867 3189 1938 ἀρχομένων
3237 1869 3464 1922 δέδωκεν
3489 1885 3501 1898 ’
3529 1867 3752 1930 ἐκείνους
3771 1853 3864 1927 δὲ,’

2291 1956 2504 2009 πάντων
2555 1959 2634 2021 εἰς
2683 1957 2882 2026 γνῶσιν
2943 1959 3130 2031 φέρειν
3157 1957 3483 2024 τυποῦντας,
3540 1958 3837 2016 (moria-itm

2288 2051 2400 2112 τοῖς
2428 2049 2578 2120 παρὰ
2609 2049 2872 2120 βασιλέως
2935 2051 3323 2113 θεσπισθεῖσιν,
3371 2054 3466 2107 καὶ
3521 2051 3838 2114 ἀπειλοῦντας

2288 2142 2400 2202 τοῖς
2431 2140 2857 2212 παραϐαίνουσιν
2890 2143 3134 2196 κίνδυνον
3152 2162 3163 2176 ·
3207 2142 3350 2198 οὕτω
3375 2145 3470 2198 καὶ
3497 2146 3547 2197 οἱ
3565 2143 3838 2202 ἀπόστολοι,

2287 2231 2381 2295 οὓς
2412 2231 2563 2287 ἔθετο
2593 2231 2840 2304 πρώτους
2869 2236 2896 2287 ὁ
2925 2234 3079 2300 Θεὸς,
3127 2235 3186 2290 τὸ
3209 2236 3555 2302 αὐτεξούσιον
3585 2235 3672 2290 τοῦ
3704 2231 3838 2290 Ilvati-

2293 2341 2478 2395 ματοε,
2530 2326 2623 2379 καὶ
2672 2325 2734 2379 τὸ
2767 2327 2902 2396 πρὸς
2933 2326 3027 2379 τὸν
3080 2327 3302 2397 Πατέρα
3329 2327 3616 2399 δμοούσιον
3647 2327 3840 2388 εἰδότες,

2290 2415 2607 2469 ἐπέστελλον
2630 2434 2643 2447 ο
2677 2416 2915 2483 Ἐδοξεν,
2960 2419 3144 2488 φησὶν,
3175 2417 3302 2471 τάδε
3337 2420 3434 2472 καὶ
3466 2419 3590 2472 τάδε
3628 2417 3702 2489 τῷ
3726 2417 3844 2486 ἁγίῳ

2290 2505 2571 2576 Πνεύματι
2617 2505 2693 2570 ὡς
2727 2506 2958 2576 βασιλεῖ,
2992 2509 3085 2561 καὶ
3117 2509 3463 2580 ὲξουσιαστῇ,
3489 2513 3581 2562 καὶ
3615 2506 3842 2578 κηδεμόνι

2287 2595 2381 2650 τοῦ
2431 2597 2652 2665 γένουςο
2701 2599 2796 2652 καὶ
2841 2599 2970 2669 ἡμῖν
3022 2597 3102 2657 δὲ.
3132 2599 3209 2663 ὼς
3260 2601 3654 2672 προεστηκέναι
3680 2601 3845 2670 ἀφορι-

2290 2690 2491 2743 σθεῖσιν
2520 2692 2620 2761 τῆς
2645 2690 2880 2754 πίστεως
2929 2693 3023 2744 καὶ
3053 2691 3161 2745 τῶν
3203 2693 3565 2764 Ἐκκλησιῶν.
3626 2711 3644 2743 ι
3666 2693 3747 2756 Ἐξ
3779 2685 3845 2745 ὧν

2287 2781 2666 2853 διατηροῦντες
2691 2784 2936 2845 ἑαυτοὺς,
2969 2779 3029 2836 εὖ
3068 2784 3323 2855 πράξετε·
3352 2804 3372 2836 ι
3416 2784 3848 2857 παρατρώσαντες

2287 2872 2363 2935 δὲ,
2405 2873 2586 2942 φησὶν,
2613 2873 2674 2926 τὸ
2704 2873 2944 2926 ἐναντίον
2965 2873 3236 2926 πείσεσθε.
3279 2874 3620 2945 Ἑμέμνηντο
3643 2873 3744 2944 γὰρ
3765 2871 3844 2924 τοῦ

2288 2966 2542 3036 Σωτῆρος
2569 2967 2752 3030 αὐτοῖς
2774 2967 3053 3040 εἰρηκότος
3077 2967 3134 3018 ὲν
3161 2966 3238 3036 τῷ
3269 2967 3411 3019 κατὰ
3442 2967 3666 3037 Μάρκον
3693 2964 3847 3030 Εὐαγ-

616 3072 881 3130 przecepta
916 3063 1028 3118 haec
1068 3064 1417 3125 violaveritis,
1457 3080 1542 3123 res
1579 3065 1874 3135 (inquiunt)
1899 3077 2089 3122 contra
2129 3079 2181 3120 se

2289 3059 2454 3130 γελίῳ
2471 3077 2484 3090 ’
2526 3081 2544 3112 ι
2571 3060 2645 3114 Οὐ
2669 3061 2778 3132 γάρ
2841 3061 2964 3113 ἐστε
2990 3060 3148 3129 ὑμεῖς
3197 3061 3245 3112 οἱ
3271 3059 3586 3121 λαλοῦντες,
3645 3057 3768 3110 ἀλλὰ
3794 3054 3844 3105 τὸ

619 3150 836 3206 liabeliit
865 3151 971 3221 (6).
1017 3153 1210 3208 Eorum
1262 3156 1404 3210 enim
1461 3158 1845 3223 meminerunt,
1890 3172 2012 3226 qua:
2063 3157 2185 3212 Sal-

618 3252 774 3297 vator
808 3243 938 3312 ipsis
976 3244 1188 3299 dixerat
1244 3247 1294 3298 in
1361 3247 1652 3317 Evangelio
1707 3249 2002 3303 secundum
2043 3247 2186 3302 Mar-

617 3350 737 3387 rum
771 3351 786 3389 :
823 3353 841 3386 ι
879 3334 994 3390 Νοιι
1027 3337 1168 3392 enim
1221 3337 1296 3408 (7)
1333 3353 1427 3394 vos
1461 3339 1594 3393 estis
1627 3341 1717 3408 qui
1751 3340 2056 3410 loquimini,
2088 3341 2182 3392 sed

619 3427 856 3496 Spiritus
885 3439 1120 3484 sanctus.
1163 3453 1182 3481 ι
1235 3433 1409 3500 Atque
1440 3442 1499 3486 ut
1527 3447 1685 3488 nemo
1710 3432 2001 3501 capitulum
2050 3431 2184 3485 boc-

617 3532 699 3581 ce,
732 3529 1195 3590 argumentiimve,
1234 3525 1375 3592 quod
1423 3538 1564 3577 nunc
1603 3524 2002 3592 persequimur,
2032 3523 2182 3589 parvi

620 3612 877 3663 momenti
905 3625 1024 3666 esse
1064 3617 1383 3684 suspicetur,
1419 3615 1514 3670 sed
1547 3631 1735 3671 omnes
1782 3623 2025 3670 eamdem
2059 3627 2184 3669 esse

616 3711 820 3755 sancite
850 3700 1103 3756 Trinitati
1142 3704 1500 3770 voluntatem,
1532 3717 1590 3760 et
1615 3705 1935 3774 jussionein,
1966 3714 2021 3760 et
2051 3719 2181 3772 ope-

617 3791 884 3847 rationem
940 3796 1188 3859 credant,
1245 3796 1469 3865 ideoque
1508 3798 1752 3851 eamdem
1798 3797 1962 3852 etiam
2011 3796 2181 3851 deita-

685 4011 763 4082 (1)
801 4010 1176 4066 Inobedicmia.
1214 4014 1267 4067 In
1297 4014 1479 4069 Bibliis
1511 4016 1624 4069 lizec
1668 4033 1771 4068 non
1811 4015 2009 4069 iuveni.
2057 4015 2190 4068 Num

613 4085 836 4151 respicit
865 4085 1018 4136 “Olli.
1053 4100 1104 4146 ν,
1135 4083 1222 4145 l9,
1265 4098 1359 4139 aut
1396 4085 1433 4139 ll
1487 4086 1611 4139 Cor.
1647 4102 1738 4147 vii,
1765 4086 1872 4140 1θῖ

684 4150 760 4222 (‘2)
793 4150 1082 4222 Potentior.
1119 4153 1382 4209 Homerus
1409 4154 1571 4208 Iliad.
1607 4156 1699 4211 lib.
1735 4170 1773 4219 i,
1809 4171 1951 4210 vers.
1979 4153 2066 4209 80.

687 4221 763 4290 (5)
798 4221 1105 4290 Obsignare.
1139 4227 1412 4280 Sententia
1451 4225 1502 4278 in
1551 4226 1738 4280 Graeco
1766 4227 1900 4277 adeo
1935 4225 2182 4294 perplexa

612 4301 714 4354 est,
771 4301 827 4344 ut
869 4307 1025 4346 voces
1083 4294 1288 4361 aliquas
1337 4312 1365 4348 a
1422 4293 1637 4348 librario
1695 4293 1945 4349 oinisSas
1980 4304 2179 4362 putem.

616 4362 936 4427 Suspicatus
990 4378 1105 4413 sum
1153 4365 1456 4417 addendum
1511 4379 1630 4418 esse
1676 4367 1895 4418 verbum
1946 4365 2178 4426 κελεύει,

2289 3151 2512 3222 Πνεῦμα
2569 3151 2629 3205 τὸ
2685 3152 2858 3220 ἅγιον.
2885 3169 2903 3203 ι
2966 3151 3076 3204 Καὶ
3131 3150 3268 3203 ὥστε
3331 3151 3536 3222 μήτινα
3588 3145 3848 3202 ὑπολαϐεῖν

2290 3241 2417 3313 [102
2441 3240 2496 3315 ιι]
2535 3242 2726 3313 μικρὸν
2757 3237 2919 3303 εἶναι,
2961 3243 2990 3296 δ
3035 3242 3264 3312 μέτιμεν
3310 3240 3410 3292 νῦν
3445 3242 3751 3310 κεφάλαιον.
3780 3254 3851 3288 πι-

2291 3333 2498 3387 στεύειν
2528 3335 2584 3388 δὲ
2641 3334 2739 3404 τὴν
2783 3333 2950 3404 αὑτὴν
2982 3329 3115 3386 εἶναι
3148 3337 3211 3404 τῇ
3255 3335 3390 3406 ἁγία
3420 3333 3612 3405 Τριάδι
3640 3331 3850 3398 θέλησιν,

2291 3425 2581 3494 πρόσταξίν
2606 3442 2685 3489 τε,
2721 3425 2999 3496 ὲνέργειάν
3049 3443 3130 3488 τε,
3169 3420 3249 3489 οἷς
3283 3427 3482 3479 ἕπεται
3535 3425 3597 3477 τὸ
3638 3423 3726 3476 καὶ
3771 3420 3853 3488 τὴν

2288 3517 2458 3586 αὐτὴν
2486 3512 2626 3570 εἶναι
2659 3517 2794 3586 αὐτῇ
2827 3516 3086 3587 θεότητα·
3126 3516 3336 3579 Παῦλος
3356 3520 3386 3570 ὁ
3414 3515 3634 3589 πρῶτον
3661 3513 3854 3582 γενόρε·

2287 3624 2376 3671 νος
2409 3607 2721 3679 νομομαθὴς
2752 3609 2846 3661 καὶ
2889 3607 3145 3677 διώκτης,
3189 3611 3282 3661 καὶ
3316 3608 3550 3682 ὕστερον
3592 3609 3754 3677 αὐτῆς
3772 3605 3854 3673 τῆς

2287 3698 2597 3768 ἀφθέγκτου
2629 3697 2934 3768 οἰκονομίας
2970 3699 3303 3768 ἀναδειχθεὶς
3329 3700 3714 3769 μυσταγωγὸς,
3742 3713 3848 3748 cavo

2288 3792 2481 3864 ᾴδοντα
2530 3792 2658 3862 περὶ
2706 3789 2794 3844 τοῦ
2831 3789 3043 3860 Πατρὸς
3092 3791 3185 3844 καὶ
3232 3790 3327 3844 τοῦ
3360 3791 3498 3844 Υίοῦ
3555 3787 3855 3860 διαγορεύει,

2299 4014 2520 4068 illustris
2550 4012 2946 4078 magnificentia
2979 4023 3065 4065 tua
3101 4011 3231 4080 legis
3271 4021 3524 4066 tenorem
3555 4011 3860 4066 littcrissnis

2296 4087 2592 4153 edictisque
2619 4079 2930 4153 propositis,
2960 4085 3024 4153 :iil
3054 4079 3292 4133 omnium
3323 4084 3602 4147 jiitliciiiii,
3648 4094 3699 4135 et
3747 4097 3855 4151 pro-

2295 4151 2600 4208 vincialium
2621 4151 2878 4205 ’notitiaiii
2911 4151 3072 4204 faciat
3100 4153 3414 4219 pervenire.
3451 4170 3473 4204 ι

2368 4227 2444 4292 (4)
2487 4225 2665 4292 Posuit
2700 4221 2854 4274 Deus.
2894 4221 2971 4274 Ex
3000 4219 3020 4272 Ι
3049 4224 3113 4274 ad
3138 4221 3262 4275 Cor.
3293 4238 3398 4285 xii,
3431 4222 3525 4276 28.

2362 4296 2439 4365 (5)
2479 4292 2609 4348 Cum
2630 4291 2769 4365 Spir.
2795 4302 2974 4365 sancio
3001 4293 3508 4365 consubstantialem
3526 4308 3640 4346 esse
3670 4291 3858 4365 scirent.

2289 4361 2462 4418 Simili
2506 4366 2661 4416 modo
2691 4363 2804 4414 lizec
2855 4361 2975 4414 libri
3031 4363 3286 4431 Actorum
3347 4365 3522 4417 verba
3574 4364 3777 4431 accepit
3808 4362 3859 4431 in

613 4431 780 4504 id_est
813 4448 830 4504 ι
858 4430 1030 4500 jubet,
1064 4451 1082 4482 ι
1111 4448 1175 4504 ac
1221 4449 1319 4504 pro
1364 4434 1661 4497 τυποῦντας
1735 4435 2013 4504 legendum
2063 4451 2182 4490 esse
2216 4439 2258 4493 D
2287 4437 2380 4490 lib.
2416 4435 2489 4487 De
2515 4431 2654 4501 Spir.
2685 4441 2885 4504 sancto,
2917 4430 3170 4504 iniiinii),
3195 4431 3285 4484 ubi
3315 4433 3439 4504 haec
3455 4428 3738 4504 legimus:
3769 4449 3785 4480 ι
3805 4428 3861 4482 Et

610 4499 705 4553 τοῦ
759 4500 986 4564 πάντας,
1041 4503 1120 4555 vel
1145 4499 1448 4567 τυποῦντας
1489 4504 1583 4556 τοῦ
1640 4499 1868 4567 πάντας·
1924 4514 1977 4555 at
2008 4521 2073 4558 ne
2105 4509 2186 4561 sic

611 4572 826 4635 quidem
855 4572 1116 4624 concinna
1154 4574 1394 4627 redditur
1422 4577 1616 4627 oratio.
1672 4577 1776 4629 Sed
1816 4575 2043 4628 miriﬁce
2101 4576 2178 4629 lo-

609 4655 732 4715 cum
769 4641 910 4715 lnmc
941 4641 1228 4715 illustrabit
1273 4645 1409 4698 alius
1453 4642 1700 4713 Gregorii
1752 4644 1975 4715 Nysseni
2033 4645 2186 4699 locus

612 4710 931 4785 liuic‘valde
963 4712 1173 4785 Similis,
1229 4729 1420 4784 nempe
1469 4710 1679 4785 initium
1729 4710 2012 4778 orationis,
2065 4731 2185 4785 quae

613 4780 948 4853 inscribitur,
987 4799 1005 4831 ι
1037 4781 1090 4834 In
1119 4798 1238 4853 eos,
1269 4780 1369 4853 qui
1397 4783 1653 4837 differunt
1675 4786 1962 4853 baptisma,
1996 4803 2014 4836 ι
2039 4780 2181 4852 quod

611 4851 700 4924 sic
726 4865 783 4904 se
810 4852 1030 4924 ‘liabet:
1067 4852 1129 4903 Οἱ
1180 4851 1634 4924 τῆςήοίκουμένης
1676 4851 1876 4924 ταῦτης
1921 4851 2179 4924 βασιλεῖς,

608 4920 771 4996 ῂνίκα
805 4918 870 4996 alii
895 4920 1090 4996 νόμους
1111 4918 1534 4996 συγὴράψωσιξλ..
1568 4918 1677 4996 τοῖς
1700 4918 1958 4996 ἄρχουσίν
1984 4926 2181 4988 αὐτοὺς

611 4989 1023 5064 ἐγχειρίζρντες,
1058 4991 1136 5064 διί
1161 4989 1382 5064 ἐκείνων
1425 4993 1705 5046 κελεύουσι
1739 4989 1868 5057 ’τοῖς
1920 4995 2181 5064 ὑπηκόοις

603 5057 1042 5137 δημοσιεύεσθαι,
1076 5062 1140 5114 ἵν’
1169 5063 1353 5137 οὕτωςΔ
1372 5065 1701 5136 ἀπαράϐατα
1732 5057 2178 5137 προστεταῨμένα

610 5131 947 5203 φυλάττοιτο,
979 5133 1028 5185 id
1055 5143 1156 5195 est,
1205 5152 1222 5184 ι
1257 5133 1424 5202 llujus
1455 5131 1635 5187 iiiiindi
1665 5131 1838 5203 rcges,
1875 5151 1996 5187 cum
2029 5131 2175 5201 leges

609 5202 997 5276 scripserint,"
1052 5218 1143 5276 eas
1177 5208 1448 5276 tradentes
1478 5202 1907 5276 magistratibus,
1941 5219 2036 5271 per
2060 5205 2176 5257 illos

607 5286 700 5342 eas
723 5269 929 5342 jiibeiit_
948 5272 1210 5342 evulgari,
1239 5288 1301 5326 ac
1332 5269 1667 5328 iiiiiotech're
1697 5269 1952 5334 subditis,
1980 5283 2035 5326 ut
2057 5289 2175 5342 qua:

607 5338 869 5412 imperata
908 5338 1126 5412 fuei'iiii,
1161 5343 1414 5396 inviolata
1445 5355 1745 5398 serventur.
1781 5363 1799 5393 ι
1849 5346 1968 5398 Mos
2011 5338 2174 5412 porro

606 5408 727 5484 isie.
754 5410 820 5460 de
840 5424 959 5484 _quo
995 5408 1265 5484 Nysseniis
1288 5428 1356 5484 ac
1404 5413 1658 5484 Didymus
1705 5408 2025 5482 loquuntur,
2081 5429 2174 5467 nc-

605 5479 805 5531 ininem
840 5479 988 5540 latet,
1024 5482 1113 5548 qui
1150 5482 1232 5534 vel
1286 5479 1721 5537 Tlicodosianiiin
1761 5479 2003 5538 codiceni
2051 5493 2171 5537 tan—

606 5556 718 5600 tum
752 5548 1069 5624 inspexerit.
1100 5549 1175 5624 l_ta
1209 5552 1259 5604 in
1293 5554 1409 5620 ejiis
1449 5556 1656 5624 c_odicis
1687 5556 2016 5624 Appeiidice,
2049 5553 2166 5624 lege

602 5633 716 5679 xvi,
779 5617 1045 5694 Honorius
1095 5617 1404 5694 imperator
1461 5617 1803 5694 Theodorum
1857 5617 2167 5694 pra-fectu'iii

600 5689 857 5761 praetorio
884 5688 970 5744 bis
994 5689 1174 5761 verbis
1208 5689 1406 5746 atfatur
1437 5709 1450 5744 :
1491 5713 1509 5742 ι
1538 5693 1607 5746 Ει
1635 5709 1702 5748 ne
1735 5688 2164 5761 quis'contuniac

599 5759 696 5832 eia:
759 5773 870 5832 sua:
933 5760 1142 5828 culpam
1201 5762 1449 5832 praecepti
1524 5759 1866 5828 ignoratione
1927 5774 2159 5822 ineatur.

601 5827 880 5883 Theodore
913 5827 1109 5898 parens
1158 5827 1717 5900 cbarissime,.aique
1766 5837 2160 5899 amantissime,

2289 4521 2355 4559 ex
2403 4504 2522 4556 aliis
2557 4500 2788 4571 quoque
2835 4501 3080 4568 plurimis
3132 4502 3261 4555 locis
3308 4500 3630 4556 subsistitns
3686 4512 3858 4554 natura

2289 4570 2690 4628 demonstratur
2721 4570 2954 4638 Spiritus
2983 4574 3154 4624 sancti
3182 4588 3195 4623 :
3241 4584 3297 4624 tit
3330 4572 3387 4624 in
3429 4573 3524 4626 illo
3555 4573 3702 4640 quod
3733 4574 3861 4638 Apo-

2286 4645 2410 4697 stoli
2443 4644 2725 4698 scribunt:
2757 4658 2777 4691 ‹
2813 4640 2992 4692 Visum
3026 4649 3110 4693 est
3153 4641 3297 4694 enim
3357 4640 3599 4710 Spiritui
3658 4652 3852 4695 sancio.

2283 4722 2338 4767 et
2377 4715 2571 4767 nobis:
2610 4731 2628 4763 ι
2667 4712 2793 4778 quia
2821 4712 2919 4763 lioc
2951 4712 3093 4778 quod
3127 4712 3354 4774 dicitur,
3419 4729 3440 4762 ι
3479 4713 3658 4765 visum
3712 4721 3809 4774 est,
3839 4726 3854 4757 i

2285 4799 2390 4836 non
2413 4784 2779 4848 operationem
2829 4782 3118 4848 signiﬁcat,
3155 4783 3246 4832 sed
3277 4791 3562 4837 naturain.

2353 4854 2429 4923 (6)
2452 4846 2524 4907 Se
2545 4852 2765 4923 habebit.
2798 4846 2998 4923 Coi—lex,
3037 4847 3298 4923 πήσεσθε.
3346 4849 3532 4919 Lego,
3591 4846 3855 4903 πείσεσθε.

2284 4917 2420 4976 Cum
2451 4937 2610 4989 porro
2634 4917 2690 4975 εὖ
2720 4919 2980 4990 πράττειν
3008 4921 3078 4973 sit
3110 4937 3127 4968 ι
3166 4931 3312 4973 recte
3341 4917 3539 4989 agere,
3575 4941 3594 4972 i
3633 4934 3686 4976 et
3714 4943 3731 4970 ι
3761 4935 3863 4990 pro:

2281 4983 2493 5062 sperat-ii
2519 4994 2676 5045 vitam
2697 4983 2880 5058 agere,
2911 5011 2929 5041 ι
2955 4994 3166 5062 Videtur
3187 4983 3455 5062 Diilyiiiiis
3481 4983 3650 5045 verba
3685 4983 3784 5052 illa,
3807 4983 3858 5038 εὖ

2280 5059 2538 5133 πράξετε,
2573 5064 2846 5127 acrepissc
2881 5059 3217 5133 perinde__ac
3238 5059 3304 5133 si;
3330 5060 3590 5133 valerent
3621 5078 3635 5115 :
3692 5081 3710 5110 ι
3742 5077 3860 5128 ιιι-ευ·

2278 5127 2422 5186 clare
2454 5136 2726 5185 vobismini
2785 5127 2992 5198 agetur.
3029 5148 3047 5178 ι
3107 5128 3220 5198 Ego
3267 5127 3489 5199 Vulguti
3556 5127 3856 5200 interpretis

2279 5203 2687 5255 translationem
2728 5201 2943 5252 retinui.

2347 5273 2424 5341 (ἴ)
2459 5271 2579 5324 Νοη
2614 5273 2768 5323 enim.
2800 5271 2964 5341 Marc.
2989 5285 3104 5328 xiii.
3140 5270 3226 5324 ll.
3273 5272 3328 5325 In
3391 5275 3541 5327 libro
3586 5271 3750 5341 etiam
3774 5264 3862 5341 _De

2278 5339 2422 5410 Spir.
2455 5350 2656 5402 sancto,
2676 5356 2820 5410 noui.
2839 5339 2929 5398 20.
2948 5357 3010 5392 e.\
3036 5343 3540 5397 siiuilibusCliristi
3570 5344 3708 5410 apud
3740 5339 3864 5410 Μδιι·

2278 5412 2473 5464 tliaeiini
2503 5413 2681 5466 verbis
2713 5409 2873 5462 infert
2910 5411 3140 5476 Spiritus
3167 5416 3338 5466 sancti
3373 5409 3856 5468 comnoSiantiali-

2277 5492 2436 5554 taieiii
2470 5499 2482 5534 :
2521 5481 2628 5554 ιΙιι
2666 5481 2771 5531 alio
2813 5495 3039 5554 quoque
3079 5479 3195 5554 (ait)
3248 5484 3572 5554 l‘ivaiigelio
3624 5481 3852 5554 dicitur:

2289 5569 2308 5601 ι
2337 5551 2452 5625 Non
2473 5553 2615 5605 enini
2644 5566 2739 5604 vos
2766 5551 2918 5625 estis,
2947 5551 3042 5625 qui
3078 5550 3446 5625 loquimini;
3479 5553 3578 5608 sed
3638 5550 3864 5625 Spiritus

2272 5622 2448 5693 Patris
2471 5625 2653 5686 vcstrl,
2697 5621 2786 5690 qui
2813 5620 3052 5693 loquitur
3077 5619 3129 5674 in
3153 5623 3323 5677 vobis.
3355 5641 3378 5673 ι
3425 5623 3487 5678 Si
3523 5639 3657 5693 ergo
3706 5619 3863 5686 Spiri-

2274 5704 2359 5764 tus
2404 5691 2580 5746 Patris
2621 5695 2671 5744 in
2708 5691 2968 5764 apostolis
3006 5691 3332 5758 loquitur,...
3375 5691 3859 5764 liquido—apparet.

2271 5763 2509 5830 ejusdem
2544 5774 2751 5816 natura:
2785 5760 3043 5827 Spiritum
3081 5777 3201 5815 esse
3241 5779 3368 5817 cum
3432 5760 3602 5828 Filio,
3648 5771 3701 5814 et
3741 5769 3854 5811 cum

2269 5834 2453 5897 Patre,
2490 5832 2646 5901 cujus
2679 5831 2915 5900 Spiritus
2941 5840 3046 5884 est.
3084 5849 3102 5881 ι
