4082 6406
285 312 389 367 629

1313 318 1402 374 DE
1442 320 1814 377 TRINITATF.
1855 323 2059 377 LIBER
2096 323 2475 382 SECUNDUS.

3435 341 3536 398 63C

284 418 548 486 θεντικῶς
606 423 666 490 ἐξ
723 423 929 490 οἰκείας
979 428 1244 501 κινήσεως
1287 432 1477 500 ἁγίους
1533 435 1863 494 ἀπέστειλεν.

1978 453 2233 506 quercum
2267 440 2318 492 in
2347 439 2606 502 Mamlire.
2632 455 2749 494 cum
2775 441 2972 512 inclyta
3001 444 3239 502 Trinitas
3266 446 3332 500 ab
3362 447 3536 504 Abra-

279 513 401 565 οὐδὲ
431 513 732 584 ἀγορεῦσαι
769 517 944 587 λόγια,
996 521 1218 592 ἥνόμον
1261 523 1634 592 διατάξασθαι,
1670 529 1702 599 ἢ
1732 530 1867 592 ὅλως

281 604 429 675 ἅπερ
451 605 704 660 ἐϐούλετο
736 610 919 675 αὐτὸς,
948 611 1096 677 λέξαι
1118 615 1393 685 ἐποίησεν.
1437 618 1574 670 Ἀλλ’
1604 621 1722 672 οὐδὲ
1757 621 1867 673 tou-

282 711 366 746 σιν
393 695 618 763 ἄγγελοι
653 699 753 768 τῆς
807 702 1046 773 ἀρρήτου
1091 705 1184 758 καὶ
1242 707 1502 776 εὐμενοῦς
1551 710 1778 780 Τριάδος
1796 711 1864 764 τά

278 786 559 857 ὁμόφρονα
617 789 977 863 βοοδλεύματα,
1044 795 1166 848 οὐδὲ
1235 797 1710 868 καταλαμϐάνουσι
1764 800 1862 870 τῆς

280 873 433 939 θείας
461 878 631 950 αὐτῆς
660 883 882 954 ἀρωγῆς
905 885 1002 954 τὴν
1034 885 1262 956 δύναμιν
1280 904 1294 917 ·
1325 886 1402 958 τῷ
1421 888 1476 940 δὲ
1504 890 1669 960 αὐτῆς
1692 889 1858 960 γαλη-

278 964 355 1034 νῴ
395 967 626 1038 νεύματι
667 972 1082 1043 ὐπηρετοῦνται,
1141 977 1233 1030 καὶ
1268 977 1636 1048 μειλίσσονται
1693 979 1861 1050 αὐτὴν

276 1055 473 1122 λιταῖς,
497 1062 781 1134 ἀσιγήτοις
822 1065 1072 1136 στόμασι,
1104 1069 1197 1121 καὶ
1224 1072 1374 1140 φωνῇ
1410 1070 1789 1140 ἀκαταληκτῳ.

1975 529 2137 583 hamo
2164 545 2450 599 conspecta
2497 530 2615 596 fuit,
2653 532 2827 602 angeli
2880 536 3050 588 vocali
3091 547 3215 590 sntit
3261 537 3396 609 (54),
3437 542 3537 594 du-

1970 632 2057 676 cta
2102 623 2540 678 denominatione
2577 640 2605 676 a
2631 627 2792 680 verbo
2823 624 3128 694 ἀγγέλλειν,
3160 630 3298 694 quod
3329 629 3536 684 scilicet

1969 712 2150 780 ignota
2193 714 2636 768 antanntiaverint.
2695 714 2959 770 Praeterea
2997 732 3063 772 ex
3119 719 3265 772 omni
3317 720 3536 790 angelo-

1970 817 2086 855 rum
2139 803 2480 858 multitudine
2538 805 2712 858 nullus
2768 807 2984 876 propria
3054 809 3420 872 auctoritate,
3472 826 3536 864 ac

1967 891 2186 960 preprio
2223 903 2366 946 niotu
2399 905 2614 948 saticms
2645 911 2878 964 unquam
2906 898 3069 962 misit,
3111 881 3283 968 neque
3311 900 3528 954 oracula

1968 981 2212 1047 fundere,
2241 994 2333 1037 aut
2369 985 2536 1054 legem
2567 995 2827 1052 statuere,
2862 999 2957 1042 aut
3005 992 3226 1044 omnino
3261 1007 3381 1060 quze
3416 993 3528 1060 ipse

1968 1074 2149 1140 vellet,
2193 1075 2370 1130 dicere
2399 1093 2490 1132 eos
2531 1077 2676 1131 lecit.
2726 1079 2862 1145 Quin
2912 1081 3074 1135 etiam
3117 1082 3423 1142 iurll‘abilis.
3479 1097 3532 1138 et

281 1149 530 1218 benigna:
564 1149 848 1208 Trinitatis
911 1157 1198 1210 concordia
1239 1157 1463 1212 consilia
1538 1160 1788 1228 ignorant
1863 1163 2057 1231 angeli,
2129 1179 2302 1231 neque
2344 1165 2534 1220 divina:
2583 1167 2699 1234 ejus
2735 1169 2852 1236 opis
2888 1170 2993 1222 vim
3053 1174 3529 1240 comprehendunt,

279 1240 374 1294 sed
412 1256 613 1296 sereno
645 1245 788 1298 illius
819 1246 969 1298 nutui
1024 1246 1346 1313 inserviunt,
1373 1259 1425 1302 et
1455 1264 1574 1303 eam
1604 1249 1857 1311 assiduis,
1899 1267 1960 1306 ac
2011 1268 2282 1321 nunquam
2318 1255 2632 1324 interruptis
2665 1257 2914 1324 precibus
2951 1259 3183 1327 placant.

354 1335 421 1387 Χ.
462 1335 586 1386 Ὂτι
623 1334 760 1404 μετά
815 1336 908 1388 τοῦ
953 1336 1086 1390 Θεοῦ
1120 1339 1333 1410 Πατρὸς
1382 1340 1444 1391 τὸ
1491 1340 1644 1408 ἅγιον
1695 1339 1860 1393 αὐτοῦ

281 1426 504 1496 Πνεῦμα
558 1426 878 1480 ἀποστέλλει
934 1434 1028 1482 καὶ
1071 1429 1257 1500 ὁδηγεῖ
1312 1431 1709 1496 αὐτεξουσίως·
1767 1433 1862 1485 καὶ

276 1518 386 1584 γάρ
414 1518 564 1569 ἐστιν
593 1516 808 1586 ἀληθῶς
835 1517 994 1587 ἔργον
1024 1519 1404 1590 φιλάνθρωπον
1459 1521 1560 1591 τῆς
1591 1522 1861 1591 πανσόφου

276 1608 372 1658 καὶ
404 1606 762 1678 ἀγαθωτάτης
790 1608 1036 1678 Τριάδος,
1164 1613 1244 1674 εἰς
1293 1611 1487 1682 εὐσεϐῆ
1527 1612 1642 1682 βίου
1677 1613 1861 1684 τρίϐον

2029 1340 2116 1397 ιν.
2154 1343 2285 1408 Quia
2342 1360 2463 1398 cum
2503 1345 2612 1398 Deo
2645 1345 2806 1399 Patre
2855 1357 3074 1402 sanctus
3127 1348 3243 1416 ejus
3294 1351 3528 1415 Spiritus

1959 1434 2141 1496 mittit,
2172 1443 2331 1503 atque
2362 1435 2414 1488 in
2452 1435 2533 1489 via
2566 1451 2664 1490 nos
2703 1437 2918 1491 deducit
2968 1440 3177 1508 propria
3211 1451 3472 1508 potestate
3509 1462 3523 1495 :
3613 1422 3615 1424 S

1958 1524 2248 1597 benignum
2298 1526 2438 1579 enim
2493 1543 2680 1582 revera
2755 1543 2888 1599 upus
2963 1531 3414 1600 sapietitissiniw,
3472 1542 3527 1586 et

1957 1631 2164 1670 summe
2197 1617 2350 1671 bona:
2385 1616 2664 1672 Trinitatis
2703 1628 2786 1673 est
2835 1619 2887 1674 in
2948 1621 3086 1688 piam
3118 1622 3238 1677 vita:
3281 1624 3525 1677 semitam

273 1697 573 1784 ἀποστολὴ,
603 1701 693 1752 καὶ
724 1700 935 1770 ὁδηγία,
966 1703 1057 1754 καὶ
1091 1704 1124 1773 ἡ
1161 1704 1287 1773 περὶ
1310 1703 1517 1768 πάντας
1535 1705 1859 1777 χρηστότης.

1966 1707 2200 1772 mittere,
2246 1717 2300 1761 et
2349 1707 2400 1760 in
2425 1723 2487 1762 ea
2517 1709 2800 1775 deducere,
2850 1721 3012 1780 atque
3055 1725 3245 1767 oinnes
3293 1712 3529 1766 clemen-

273 1777 377 1844 Ὧν
399 1791 455 1845 δὲ
483 1793 514 1862 ἠ
541 1786 677 1864 αὐτὴ
697 1793 888 1864 ὁδηγία
905 1796 995 1848 καὶ
1013 1796 1338 1869 γαληνότης,
1360 1801 1391 1866 ἡ
1415 1798 1552 1871 αὐτὴ
1569 1799 1663 1852 καὶ
1680 1799 1856 1853 οὐσία.

271 1883 388 1936 Καὶ
405 1882 565 1935 τοῦτο
579 1883 746 1954 δὲτὴν
761 1883 850 1937 διὰ
868 1885 974 1938 τῶν
996 1885 1171 1958 ἔργων
1192 1888 1580 1960 ἀριδηλοτάτην
1600 1889 1860 1960 λαμϐάνει

268 1977 484 2031 πίστιν.
509 1977 615 2030 Τοῦ
638 1977 746 2050 γάρ
766 1977 898 2030 Θεοῦ
917 1979 1198 2049 εἰρηκότος
1217 1978 1295 2049 τῷ
1324 1981 1565 2044 Μωῦσεί,
1586 1999 1603 2030 ι
1629 1981 1861 2033 Συναπο-

269 2068 486 2120 στέλλω
508 2067 615 2139 πρὸ
631 2068 920 2141 προσώπου
941 2085 1031 2121 σου
1055 2069 1145 2122 τὸν
1167 2069 1393 2138 ἄγγελόν
1419 2087 1542 2141 μου,
1561 2071 1654 2124 καὶ
1674 2071 1862 2124 ἐκϐάλ-

267 2163 356 2214 λει
392 2161 485 2215 τὸν
539 2161 664 2234 [105
702 2161 754 2233 ὁ]
789 2164 1110 2226 Χαναναῖον,
1135 2182 1153 2213 ι
1192 2162 1221 2214 6
1252 2163 1422 2234 μέγας
1448 2157 1600 2229 οὗτος
1623 2164 1858 2235 Μωῦσῆς

268 2250 333 2307 εὖ
368 2254 516 2325 μάλα
555 2253 731 2318 εἰδὼς,
779 2256 904 2318 τοὺς
947 2255 1045 2326 μὲν
1086 2254 1352 2324 ἀγγέλους
1387 2256 1684 2327 κτίσματι,
1716 2257 1777 2311 τὸ
1802 2258 1856 2312 δὲ

270 2347 436 2414 ἆγιον
473 2345 699 2415 Πνεῦμα
731 2345 884 2409 Θεὸν,
927 2345 1226 2417 παρεκάλει
1261 2347 1468 2416 λέγων·
1511 2368 1528 2400 ι
1560 2349 1623 2400 Εἰ
1658 2349 1732 2420 μὴ
1759 2349 1857 2402 αὐ-

270 2438 369 2500 τος
405 2439 731 2510 συμπορεύῃ
765 2438 882 2509 μεθ’
930 2440 1105 2510 ἡμῶν,
1144 2442 1218 2512 μὴ
1255 2442 1535 2516 ἀναγάγῃς
1577 2460 1642 2512 με
1678 2441 1857 2496 ἐντεῦ-

272 2529 388 2580 Οεν.
436 2549 455 2578 ι
509 2529 916 2599 Ἀμειψαμένου
957 2530 1013 2583 δὲ
1056 2531 1220 2584 αὐτὸν
1269 2531 1360 2584 τοῦ
1416 2534 1855 2607 Παντοκράτορος

271 2619 452 2672 τοῖσδε
499 2622 614 2684 τοῖς
646 2622 852 2691 ῥητοῖς,
891 2640 908 2672 ι
950 2623 1062 2675 Καὶ
1105 2621 1291 2675 τοῦτόν
1338 2641 1428 2677 σου
1459 2626 1548 2677 τὸν
1583 2624 1768 2694 λόγον,
1797 2625 1856 2679 ὂν

273 2714 535 2783 εἴρηκας,
573 2715 816 2785 ποιήσω’
852 2713 1095 2786 εὕρηκας
1137 2717 1245 2787 γὰρ
1281 2717 1439 2787 χάριν
1471 2717 1699 2771 ἐνώπιόν
1733 2737 1852 2789 μου,

274 2810 369 2860 καὶ
414 2802 538 2860 οἶδά
582 2824 640 2859 σε
696 2807 848 2879 παρὰ
893 2809 1121 2872 πάντας,
1161 2830 1178 2861 ι
1222 2810 1250 2860 6
1309 2810 1537 2873 Ἡσαΐας
1568 2811 1742 2881 δηλῶν
1796 2813 1855 2866 τὸ

275 2898 476 2950 ταυτὸν
515 2898 615 2968 τῆς
651 2897 709 2948 ὲν
741 2900 839 2969 μιᾷ
874 2898 1086 2970 θεότητι
1121 2899 1413 2971 συμφώνου
1445 2901 1694 2973 Τριάδος,
1725 2921 1856 2974 προ-

274 2988 597 3058 ηγήσασθαι
643 2988 821 3041 αὐτῶν
856 2990 917 3043 τὸ
959 2990 1137 3044 Θεῖκὸν
1183 2991 1408 3062 Πνεῦμα
1442 2991 1608 3062 ἔφατο
1641 2993 1851 3060 λέξεσιν

1965 1797 2035 1849 tia
2065 1795 2175 1866 (55)
2206 1797 2477 1866 prosequi.
2513 1797 2751 1863 Quorum
2808 1808 2988 1852 autem
3043 1802 3228 1854 eadem
3286 1810 3367 1856 est
3402 1803 3527 1873 ὁδη-

1960 1888 2056 1956 γία
2087 1888 2211 1956 (hoc
2240 1899 2342 1950 est,
2376 1890 2575 1953 ductio,
2601 1905 2704 1958 qua
2745 1891 2795 1944 in
2828 1890 2910 1944 via
2937 1891 3205 1962 ducimur)
3237 1895 3530 1962 eademque

1960 1986 2246 2046 serenitas,
2303 1982 2516 2036 illorum
2554 1984 2742 2038 eadem
2785 1985 2948 2038 etiam
2988 1995 3073 2038 est
3115 1985 3365 2040 essentia.
3418 1985 3530 2040 Iloe

1958 2087 2088 2127 vero
2124 2072 2558 2128 manifestissime
2586 2089 2747 2142 opera
2793 2075 2909 2142 ipsa
2960 2075 3307 2140 conﬁrmant,
3341 2086 3526 2131 osten-

1958 2165 2219 2232 duutque.
2260 2165 2391 2220 Cum
2445 2166 2587 2219 enim
2618 2167 2843 2221 dixisset
2875 2165 3007 2220 Mosi
3051 2167 3190 2221 Deus
3227 2185 3240 2219 :
3279 2185 3298 2218 ι
3353 2167 3526 2222 Simul

1957 2258 2112 2312 tuitto
2136 2256 2247 2328 (56)
2271 2267 2395 2312 ante
2431 2257 2621 2312 faciem
2649 2267 2794 2311 tuam
2814 2258 3060 2325 angelum
3089 2272 3285 2320 metnu,
3309 2267 3361 2312 et
3384 2256 3531 2327 ejicit

1955 2348 2350 2414 Cliananarum;
2389 2369 2407 2401 ι
2454 2351 2656 2420 optime
2717 2351 2895 2404 sciens
2949 2365 3173 2419 magnus
3225 2349 3310 2404 ille
3359 2349 3530 2403 Moses

1957 2441 2179 2508 angelos
2229 2441 2443 2510 quidem
2495 2453 2816 2505 creaturas,
2873 2452 3118 2501 sanctum
3175 2453 3301 2498 vero
3360 2441 3532 2514 Spiri-

1954 2529 2114 2600 225
2151 2539 2261 2583 tum
2307 2530 2470 2583 Deum
2518 2546 2675 2595 esse,
2717 2532 2797 2587 sic
2832 2535 3180 2590 obsecravit:
3213 2554 3230 2586 ε
3264 2535 3373 2589 Nisi
3409 2533 3521 2605 ('57)

1956 2622 2071 2690 ipse
2122 2622 2274 2675 venis
2328 2638 2432 2676 uua
2481 2624 2804 2688 nobiscum,
2841 2638 2909 2679 ne
2942 2631 3143 2682 educas
3195 2642 3278 2682 me
3323 2628 3468 2684 hinc.
3508 2647 3524 2677 ι

1959 2714 2094 2769 Cum
2132 2729 2260 2766 vero
2295 2715 2342 2766 ei
2385 2715 2724 2783 responderit
2766 2715 3122 2786 Omnipotens
3168 2719 3253 2772 bis
3302 2719 3528 2772 verbis:

1964 2823 1982 2855 ί
2016 2805 2078 2859 Et
2116 2807 2218 2860 hoc
2251 2814 2400 2858 tuum
2436 2805 2546 2876 (38)
2580 2807 2840 2870 verbum,
2877 2810 3019 2876 quod
3050 2808 3265 2874 dixisti,
3297 2807 3528 2872 faciam;

1961 2895 2216 2950 invenisti
2254 2897 2396 2950 enim
2430 2897 2659 2966 gratiam
2693 2911 2875 2952 coram
2907 2913 2990 2951 me
3013 2938 3028 2961 ,
3063 2908 3120 2952 et
3148 2901 3270 2952 novi
3306 2905 3356 2952 te
3385 2911 3524 2967 pra:-

1961 2995 2041 3043 ter
2071 3003 2300 3052 omues;
2334 3007 2352 3039 ι
2390 2988 2562 3042 Isaias
2614 2989 2954 3044 identitatetu
3002 2983 3288 3044 concordis
3330 2990 3382 3043 in
3425 3004 3532 3042 una

275 3082 505 3143 αὐταῖς·
551 3098 570 3130 ι
612 3081 672 3132 Ὀ
709 3081 1046 3146 ἀναϐιϐάσας
1096 3083 1159 3138 ὲκ
1192 3083 1296 3154 γῆς
1345 3082 1437 3136 τὸν
1473 3084 1704 3154 ποιμένα
1751 3085 1859 3139 τῶν

1966 3080 2162 3135 deitate
2204 3080 2489 3135 Trinitatis
2540 3081 2866 3145 ostendens,
2922 3095 3109 3134 eorum
3162 3092 3423 3136 rectorem
3469 3097 3534 3136 ac

275 3163 598 3241 προϐάτων.
629 3171 738 3224 Ποῦ
767 3172 913 3223 ἔστιν
946 3173 975 3224 6
1005 3172 1117 3236 Bel;
1151 3175 1208 3224 ἐν
1237 3174 1421 3237 αὐτοῖς
1448 3173 1510 3226 τὸ
1542 3173 1765 3245 Πνεῦμα
1800 3175 1860 3228 τὸ

281 3261 459 3329 ἆγιον,
515 3263 546 3314 6
582 3261 875 3330 ἀναγαγὼν
921 3265 987 3333 τῆ
1043 3262 1192 3334 δεξιᾷ
1234 3265 1509 3334 Μωΰσῆνς
1547 3285 1565 3316 ι
1615 3265 1749 3320 Μετ’
1798 3268 1858 3320 οὐ

285 3354 420 3405 πολύ
468 3369 530 3405 τε
575 3353 805 3422 ἐπάγει·
847 3373 864 3404 ‹
901 3354 1118 3426 Κατέὸη
1164 3355 1392 3426 Πνεῦμα
1431 3357 1582 3429 παρὰ
1628 3359 1858 3430 Κυρίου,

289 3445 388 3496 καὶ
416 3443 695 3515 ὡδήγησεν
733 3445 964 3510 αὐτούς·
996 3448 1168 3511 οὕτως
1209 3449 1415 3519 ἤγαγες
1448 3449 1537 3501 τὸν
1571 3450 1699 3503 λαόν
1741 3468 1858 3517 σου,

290 3538 516 3606 ποιῆσαι
546 3540 756 3610 σεαυτῷ
801 3539 970 3610 ὅνομα
1003 3539 1178 3612 δόξης.
1227 3559 1246 3592 ι
1294 3541 1403 3594 Θέα
1435 3537 1528 3595 οῦν
1575 3543 1667 3596 καὶ
1707 3543 1862 3596 τοῦτο

289 3629 559 3694 ἐνταυθοῖ,
589 3632 669 3684 ὅτι
702 3632 764 3685 οὐ
802 3631 1119 3702 πεπέμφθαι
1148 3628 1299 3686 εἶπεν
1329 3635 1389 3687 τὸ
1423 3634 1576 3702 ἆγιον
1617 3635 1862 3705 Πνεῦμα,

287 3721 412 3774 ἀλλ’
441 3721 767 3787 αὐθεντικῶς
797 3723 893 3777 καὶ
924 3723 1222 3792 βασιλικῶς
1262 3726 1718 3796 καταϐεϐηκὲναι.
1752 3722 1862 3780 A6-

288 3815 375 3879 οἱς
416 3831 497 3879 τε,
539 3817 744 3886 ἀμφοῖν
777 3817 1126 3886 μεμνημένος
1168 3817 1276 3870 τῶν
1305 3812 1463 3872 Θεῖων
1492 3819 1860 3885 ὐποστάσεων,

278 3905 566 3976 ὁμοτίμως
593 3907 881 3977 ἀνείρηκεν
903 3924 916 3936 ο
961 3926 980 3956 ι
1016 3907 1125 3962 Καὶ
1160 3906 1256 3960 νῦν
1287 3907 1491 3979 Κύριος
1519 3908 1864 3963 ἀπέσταλκέν

280 4014 374 4066 με,
418 3997 515 4048 καί
543 3997 603 4049 τὸ
628 3996 854 4068 Πνεῦμα
882 3997 1068 4052 αὐτοῦ.
1105 4015 1123 4048 ι
1156 3996 1319 4050 Ὅθεν
1347 3998 1607 4062 πολλάκις
1637 4001 1866 4073 ἀνευφη-

283 4091 469 4159 μήσας
497 4089 812 4160 εὑρίσκεται
853 4089 1092 4160 Μωῦσῆς
1112 4107 1124 4118 ·
1164 4110 1182 4142 ι
1214 4089 1418 4160 Κύριος
1445 4093 1473 4144 ὁ
1505 4091 1636 4155 Θεὸς
1673 4093 1701 4145 6
1730 4111 1864 4164 προ-

286 4178 666 4250 πορευόμενος
712 4179 820 4250 πρὸ
857 4180 1147 4252 προσώπου
1188 4181 1362 4251 ὑμῶν.
1406 4200 1424 4231 ι
1481 4183 1589 4236 Καὶ
1646 4184 1866 4256 εὐχαρι-

279 4272 549 4333 στοῦντες
577 4271 634 4324 δὲ
668 4271 869 4341 ὕμνουν
897 4273 1084 4344 τρόπῳ
1123 4273 1311 4342 τοιῷδε
1332 4290 1345 4302 ο
1384 4292 1402 4323 ‹
1440 4273 1529 4343 Τῷ
1555 4273 1870 4344 διαγαγόντι

282 4362 379 4415 τὸν
430 4361 562 4413 λαὸν
603 4359 768 4414 αὐτοῦ
802 4363 859 4414 ἐν
898 4365 964 4434 τῇ
997 4365 1208 4434 ἐρήμῳ,
1242 4363 1324 4415 ὅτι
1361 4363 1440 4425 εἰς
1468 4360 1559 4414 τὸν
1597 4362 1768 4418 αἰῶνα
1805 4365 1868 4418 τὸ

361 4566 482 4637 (34)
511 4566 696 4637 Angeli
734 4568 900 4620 vocati
921 4581 1061 4622 sunt.
1092 4569 1288 4624 Confer
1319 4569 1516 4623 Genes.
1549 4581 1668 4637 cap.
1703 4585 1862 4633 xvttt,
1899 4574 1940 4628 D

281 4635 441 4692 vers.
483 4635 758 4707 i-3,_cum
793 4652 916 4706 cap.
941 4655 1051 4700 χιχ.
1094 4655 1234 4693 vers.
1272 4639 1324 4692 1.
1353 4639 1428 4692 Ac
1459 4639 1572 4707 lege
1599 4635 1721 4707 quae
1741 4650 1867 4694 ante

283 4708 584 4779 Didymum
614 4704 878 4779 Justinus:
903 4708 1105 4779 Martyr
1144 4710 1197 4763 in
1225 4708 1368 4779 Dial.
1403 4704 1534 4779 eunt—
1565 4704 1862 4778 Tiyphone,

282 4776 448 4832 nun].
489 4776 582 4838 56,
609 4786 769 4846 atque
801 4776 1152 4832 llilarius'lib.
1180 4794 1230 4831 iv
1283 4777 1359 4831 De
1410 4776 1687 4838 'l’rim'taté,
1711 4795 1862 4835 num.

278 4849 378 4908 2‘5,
408 4862 641 4916 quaque
671 4855 851 4913 postea
879 4863 1105 4917 magnus
1125 4848 1378 4903 Ecclesia:
1403 4849 1589 4902 doctor
1614 4849 1868 4915 Augusti-

283 4936 395 4973 nus
423 4918 724 4972 luculenter
744 4917 962 4988 scripsit
990 4922 1091 4975 hac
1121 4920 1186 4974 de
1229 4932 1292 4973 re
1343 4918 1436 4973 lib.
1483 4925 1522 4972 ιι
1565 4917 1643 4973 De
1690 4917 1864 4983 Trin.,

284 5004 445 5042 Itum.
471 4986 659 5042 19-21.

284 5004 445 5043 num.
471 5004 630 5042 IV‘Z‘I
645 5025 659 5039 .

359 5059 482 5146 ('35)
525 5056 835 5113 Clementia.
879 5059 1082 5123 Codex,
1142 5057 1452 5130 χριστότης.
1512 5055 1676 5128 Lego,
1732 5076 1870 5133 χρηεν

283 5146 511 5192 στοττες.

363 5169 481 5270 (δέ)
510 5197 684 5254 Simul
718 5199 886 5270 mitto.
924 5197 1095 5252 Exod.
1135 5214 1328 5270 χχχιιι,
1449 5199 1715 5270 complut.
1745 5199 1866 5253 ledi-

285 5267 400 5328 tio’:
425 5269 878 5323 Συναποστελῶ...
909 5270 1001 5322 καὶ
1029 5269 1316 5323 ἐκϐαλεῖ...
1351 5267 1443 5320 τὸν
1467 5269 1788 5322 Καναναῖον.

361 5342 480 5410 (57)
526 5339 668 5410 Nisi.
701 5339 874 5393 Exod.
904 5355 1102 5402 xxxiii,
1141 5340 1228 5394 15.

361 5409 480 5482 (58)
517 5409 586 5464 Et
613 5411 710 5482 Ιιος
738 5419 914 5482 tuum.
945 5411 1112 5465 Exod.
1145 5425 1336 5474 χχχιιι,
1369 5409 1455 5466 l7.
1488 5409 1672 5464 Graeca
1703 5409 1868 5482 editio

289 5479 382 5536 σοι’
408 5495 506 5550 pro
537 5498 653 5534 σου.
688 5479 968 5533 Librarius
993 5495 1122 5533 vero
1150 5491 1333 5532 noster
1364 5482 1618 5532 mendose
1649 5481 1869 5547 scripsit

283 5553 512 5623 εἴρηκα,
537 5553 591 5623 id
615 5561 697 5623 est
719 5567 748 5623 ί(
779 5550 921 5623 d_ixi,_
945 5569 963 5599 ι
990 5565 1085 5618 pro
1105 5551 1352 5623 εἴρηκας,
1380 5551 1430 5601 id
1453 5558 1536 5623 est
1564 5569 1587 5623 ε
1615 5550 1814 5603 dixisti.
1843 5571 1861 5601 ι

361 5589 1536 5692 ἱὲὃῗρὶὶῑῖιιίιὲεὶῗιεἐἷ”ι.ἒιῖιί¹’,’⁵ἷῖ’ἐἷ’ἱὲῖ
1565 5589 1863 5692 ῂὲέῖἶξὶἱτὲ

287 5689 495 5748 ἀοιιοο
529 5692 681 5762 Isaiae
711 5690 832 5762 loco
871 5690 1142 5762 uberrime
1183 5689 1408 5762 disserit
1449 5690 1725 5762 theologus
1770 5706 1869 5744 uo-

289 5775 400 5818 ster
428 5763 594 5818 inlib.
619 5759 694 5816 De
725 5757 866 5829 Spir.
899 5758 955 5814 S.
991 5776 1136 5816 num.
1169 5760 1236 5814 «i3
1265 5768 1316 5815 et
1355 5773 1504 5829 seqq.

1961 3174 2150 3226 ducem
2187 3171 2353 3226 fuisse
2388 3173 2466 3226 ait
2496 3173 2738 3228 divinum
2775 3171 3070 3242 Spiritum,
3110 3175 3193 3230 Itis
3235 3173 3367 3243 ipsis
3414 3190 3533 3228 ver-

1962 3267 2044 3320 bis
2072 3283 2085 3319 :
2122 3285 2140 3316 ι
2172 3266 2271 3332 Qui
2305 3266 2417 3336 ('59)
2448 3265 2633 3321 eduxit
2686 3269 2842 3336 (sive
2886 3268 3182 3322 ascendere
3237 3267 3366 3322 fecit
3398 3268 3416 3339 )
3464 3284 3541 3322 ex,

1963 3367 2107 3412 terra
2152 3368 2425 3428 pastorem
2474 3360 2679 3414 ovium.
2717 3359 2816 3414 Ubi
2851 3369 2934 3414 est
2961 3361 3052 3430 qui
3091 3361 3270 3429 posuit
3306 3360 3358 3414 in
3405 3362 3534 3428 ipsis

1974 3449 2238 3518 Spiritum
2291 3459 2538 3505 sanctum
2563 3451 2602 3504 *τ’
2628 3449 2730 3516 Qui
2782 3451 2996 3505 reduxit
3027 3449 3138 3521 (40)
3171 3453 3390 3506 dextera
3425 3451 3537 3504 Mo-

1963 3557 2074 3596 ενιιι
2101 3541 2124 3593 ?
2159 3561 2176 3592 ι
2209 3541 2273 3595 Et
2299 3541 2456 3616 paulo
2501 3551 2620 3611 post
2650 3542 2829 3596 subdit
2856 3559 2868 3595 :
2913 3561 2930 3592 ι
2965 3543 3246 3595 Descendit
3278 3541 3390 3610 (Η)
3417 3543 3538 3610 διιὶο

1968 3633 2102 3686 ritus
2136 3649 2166 3686 a
2204 3631 2434 3688 Domino
2458 3673 2472 3698 ,
2501 3644 2556 3687 et
2583 3634 2778 3687 ductor
2809 3649 2993 3687 eorum
3034 3633 3168 3686 fuit:
3213 3633 3292 3686 sic
3336 3634 3532 3686 duxist-i

1964 3725 2214 3794 populqu
2257 3735 2404 3778 tuum
2429 3765 2443 3787 ,
2481 3735 2539 3778 ut
2572 3725 2779 3780 laceres
2833 3724 3147 3793 tibimetipsi
3189 3738 3382 3777 nomen
3425 3723 3536 3792 glo-

1966 3817 2080 3870 rite.
2112 3835 2134 3867 ι
2163 3816 2296 3873 Illud
2326 3826 2506 3870 autem
2534 3817 2698 3871 etiam
2724 3815 2952 3871 observa
2981 3816 3083 3868 hoc
3111 3815 3163 3868 iu
3195 3814 3313 3868 loco
3346 3831 3362 3869 :
3391 3817 3533 3884 quod

1965 3908 2172 3963 scilicet
2202 3923 2307 3963 nou
2337 3909 2415 3962 ait
2447 3908 2730 3977 Scriptura
2752 3948 2767 3972 ,
2816 3906 3076 3976 Spiritum
3114 3914 3360 3960 sanctqu
3405 3906 3534 3960 mis-

1965 4005 2082 4053 Sum
2118 3997 2316 4063 fuisse,
2345 3999 2440 4052 sed
2473 3997 2689 4066 propria
2722 4011 2846 4050 eum
2880 3995 3241 4056 auctoritate,
3285 4005 3340 4050 et
3385 3996 3533 4065 regia

1965 4096 2228 4159 potestate
2270 4088 2630 4143 descendisse.
2673 4087 2880 4143 Rursus
2905 4102 3036 4142 vero
3065 4087 3250 4141 ambas
3298 4102 3535 4141 comme-

1967 4197 2186 4234 morans
2211 4181 2421 4234 divinas
2448 4181 2785 4252 Iiypostases,
2807 4189 2863 4234 et
2883 4179 3074 4249 aequali
3105 4179 3306 4233 honore
3326 4188 3534 4234 utram-

1967 4287 2074 4342 que
2110 4287 2474 4342 prosequens,
2505 4272 2619 4328 haec.
2651 4271 3016 4342 promulgavit
3043 4289 3058 4324 :
3090 4287 3110 4322 ι
3145 4271 3212 4325 Ει
3247 4286 3389 4325 nunc
3420 4271 3534 4342 (ιὲ)

1972 4363 2232 4418 Dominus
2279 4363 2426 4419 misit
2455 4381 2539 4420 me
2561 4404 2578 4432 ,
2613 4373 2668 4420 et
2712 4363 2948 4435 Spiritus
2981 4364 3119 4433 ejus.
3153 4381 3179 4414 ι.
3209 4361 3394 4433 Itaque
3424 4364 3538 4418 Μυ-

2042 4569 2154 4641 (40)
2209 4569 2347 4641 Qui
2390 4571 2622 4627 reduxit.
2673 4569 2856 4626 Graeca
2907 4568 3080 4641 editio
3107 4583 3206 4641 pro
3249 4568 3539 4641 ἀναγαγῴν

1973 4637 2414 4709 Ιιοὶιοιάγαγὼν.
2454 4641 2808 4710 Hieronymus
2885 4655 3014 4693 vero
3071 4639 3122 4691 in
3181 4637 3385 4708 Didymi
3443 4639 3536 4692 lib.

1974 4710 2052 4764 De
2083 4711 2227 4779 Spir.
2254 4710 2311 4765 S.
2349 4728 2500 4768 num.
2534 4712 2604 4765 45
2649 4712 2810 4764 vertit
2842 4727 2858 4764 :
2899 4728 2917 4759 ι
2946 4722 3280 4778 congregans
3313 4710 3532 4762 dextera

1974 4780 2212 4852 Moysem
2252 4801 2264 4834 :
2306 4784 2458 4852 raised
2492 4797 2637 4852 num.
2688 4791 2874 4847 postea
2909 4779 2999 4840 51,
3047 4779 3306 4852 transfert
3339 4797 3351 4831 :
3392 4796 3410 4829 ‹
3446 4779 3538 4852 qui

1973 4849 2213 4904 adduxit.
2251 4871 2270 4903 ι
2305 4851 2426 4905 Haec
2453 4853 2595 4905 enim
2623 4851 2693 4903 ibi
2729 4852 2954 4916 legimus
2984 4867 2997 4903 :
3036 4867 3053 4899 ι
3083 4849 3181 4912 Qui
3214 4863 3344 4917 ergo
3364 4849 3541 4914 posuit

1979 4921 2030 4973 in
2059 4921 2142 4974 eis
2182 4921 2442 4990 Spiritum
2472 4931 2742 4982 Sanctum,
2777 4921 3016 4990 Moysem
3046 4919 3386 4990 dexterasna
3415 4933 3543 4970 san-

1973 4987 2268 5045 ctilicalum
2304 5006 2424 5046 esse
2457 4987 2903 5045 commemorat}
2935 4989 3049 5041 sive
3086 4987 3234 5040 illum
3275 4988 3540 5042 illustrem

1977 5062 2173 5124 virum,
2203 5069 2258 5115 et
2290 5062 2666 5131 mysteriorum
2701 5061 2792 5113 Dei
2827 5060 3156 5131 initiatorem
3204 5056 3404 5131 [codeg
3449 5074 3544 5109 uo-

1975 5143 2100 5194 ster,
2133 5127 2528 5202 nuntiatoremi]
2559 5167 2580 5202 ,Α
2605 5169 2620 5183 .
2665 5169 2678 5182 .
2722 5131 2835 5183 sive
2864 5129 3035 5202 legent
3061 5127 3235 5202 supra.
3271 5167 3286 5181 .
3324 5167 3337 5180 .
3377 5127 3543 5202 Porro

1976 5216 2093 5267 qu:e
2123 5211 2204 5252 est
2231 5203 2454 5256 dextera
2492 5195 2603 5259 Dei,
2636 5216 2754 5268 quae
2792 5220 2809 5250 ι
2844 5195 3064 5249 adduxit
3094 5195 3352 5269 Moysem.
3385 5216 3402 5246 ε
3439 5197 3540 5248 nisi

1981 5272 2257 5335 llnniinus,
2288 5283 2344 5324 et
2369 5271 2617 5323 Salvator
2638 5270 2858 5324 noster?
2888 5271 3005 5334 Ipse
3037 5275 3120 5335 est
3141 5269 3284 5322 enim
3315 5269 3538 5319 demersi

1976 5340 2184 5403 Patris,
2239 5333 2334 5407 per
2385 5356 2546 5409 quant
2602 5333 2978 5409 (typographus
3041 5333 3389 5397 Veronensis,
3449 5351 3544 5403 pur

1972 5412 2172 5485 quem)
2208 5413 2398 5485 salvat,
2431 5431 2449 5485 ι
2482 5421 2590 5485 etc.
2885 5482 2896 5485 _
2925 5481 2935 5485 Α
3020 5480 3046 5485 _
3293 5477 3320 5485 __
3355 5476 3364 5485 _

2045 5481 2154 5550 (Η)
2198 5480 2491 5533 Descendit.
2538 5480 2615 5532 lsa
2673 5495 2837 5546 ιχιιι,
2878 5481 2964 5534 14.
3009 5480 3194 5536 Graeca
3238 5477 3404 5531 editio
3448 5488 3546 5540 pro

1972 5551 2194 5618 ποιῆσαι
2250 5553 2408 5604 liabet
2430 5550 2523 5602 τοῦ
2559 5550 2800 5619 ποιῆσαι.

2042 5611 2185 5743 (43.2%)U
2227 5621 2292 5674 Et
2365 5637 2521 5677 nunc.
2584 5611 2905 5689 [sa-xum,
2965 5621 3052 5677 16.
3117 5615 3250 5673 Vide
3312 5625 3426 5668 not.
3455 5611 3544 5664 20.

1972 5707 2089 5761 pag.
2120 5694 2206 5745 Mi.
