  <div class='ocr_page' id='page_1' title='image "/cluster/home/n/w/nwhite01/storage/ocr_20150623/39/hvd.32044037979440/330.png"; bbox 0 0 4082 6406; ppageno 0'>
   <div class='ocr_carea' id='block_1_1' title="bbox 248 351 348 406">
    <p class='ocr_par' dir='ltr' id='par_1_1' title="bbox 248 351 348 406">
     <span class='ocr_line' id='line_1_1' title="bbox 248 351 348 406; baseline 0 0"><span class='ocrx_word' id='word_1_1' title='bbox 248 351 348 406; x_wconf 79' lang='grc'>657</span> 
     </span>
    </p>
   </div>
   <div class='ocr_carea' id='block_1_2' title="bbox 1281 294 2493 402">
    <p class='ocr_par' dir='ltr' id='par_1_2' title="bbox 1281 294 2493 402">
     <span class='ocr_line' id='line_1_2' title="bbox 1281 294 2493 402; baseline -0.005 0"><span class='ocrx_word' id='word_1_2' title='bbox 1281 347 1367 402; x_wconf 87' lang='lat' dir='ltr'><strong>DE</strong></span> <span class='ocrx_word' id='word_1_3' title='bbox 1402 344 1781 402; x_wconf 78' lang='lat' dir='ltr'><strong>TBINITATE</strong></span> <span class='ocrx_word' id='word_1_4' title='bbox 1821 343 2022 400; x_wconf 69' lang='lat' dir='ltr'><strong>LIBER</strong></span> <span class='ocrx_word' id='word_1_5' title='bbox 2068 338 2454 399; x_wconf 80' lang='lat' dir='ltr'><strong>SECUNDUS.</strong></span> <span class='ocrx_word' id='word_1_6' title='bbox 2486 294 2493 301; x_wconf 32' lang='lat' dir='ltr'><strong>I</strong></span> 
     </span>
    </p>
   </div>
   <div class='ocr_carea' id='block_1_3' title="bbox 3402 339 3508 394">
    <p class='ocr_par' dir='ltr' id='par_1_3' title="bbox 3402 339 3508 394">
     <span class='ocr_line' id='line_1_3' title="bbox 3402 339 3508 394; baseline 0.009 -1"><span class='ocrx_word' id='word_1_7' title='bbox 3402 339 3508 394; x_wconf 80' lang='lat'><strong>658</strong></span> 
     </span>
    </p>
   </div>
   <div class='ocr_carea' id='block_1_4' title="bbox 241 454 1846 539">
    <p class='ocr_par' dir='ltr' id='par_1_4' title="bbox 241 462 1828 539">
     <span class='ocr_line' id='line_1_4' title="bbox 241 462 1828 539; baseline -0.003 -18"><span class='ocrx_word' id='word_1_8' title='bbox 241 468 320 539; x_wconf 81' lang='grc' dir='ltr'>τῷ</span> <span class='ocrx_word' id='word_1_9' title='bbox 355 468 485 532; x_wconf 81' lang='grc' dir='ltr'>ἴσως</span> <span class='ocrx_word' id='word_1_10' title='bbox 535 468 632 521; x_wconf 75' lang='grc' dir='ltr'><strong>καὶ</strong></span> <span class='ocrx_word' id='word_1_11' title='bbox 665 467 868 539; x_wconf 81' lang='grc' dir='ltr'>ὁμοίως</span> <span class='ocrx_word' id='word_1_12' title='bbox 896 466 1024 520; x_wconf 73' lang='grc' dir='ltr'>ναὸν</span> <span class='ocrx_word' id='word_1_13' title='bbox 1069 465 1214 536; x_wconf 77' lang='grc' dir='ltr'>ἔχειν</span> <span class='ocrx_word' id='word_1_14' title='bbox 1245 465 1338 518; x_wconf 75' lang='grc' dir='ltr'><strong>τὸν</strong></span> <span class='ocrx_word' id='word_1_15' title='bbox 1369 464 1658 537; x_wconf 83' lang='grc' dir='ltr'>ἄνθρωπον</span> <span class='ocrx_word' id='word_1_16' title='bbox 1677 479 1691 493; x_wconf 88' lang='grc'><strong>·</strong></span> <span class='ocrx_word' id='word_1_17' title='bbox 1733 462 1828 517; x_wconf 75' lang='grc' dir='ltr'>καὶ</span> 
     </span>
    </p>
   </div>
   <div class='ocr_carea' id='block_1_5' title="bbox 1946 454 3512 539">
    <p class='ocr_par' dir='ltr' id='par_1_5' title="bbox 1946 454 3512 526">
     <span class='ocr_line' id='line_1_5' title="bbox 1946 454 3512 526; baseline -0.004 -10"><span class='ocrx_word' id='word_1_18' title='bbox 1946 462 2093 526; x_wconf 72' lang='lat' dir='ltr'><strong>,iitas,</strong></span> <span class='ocrx_word' id='word_1_19' title='bbox 2142 459 2260 514; x_wconf 89' lang='lat' dir='ltr'><strong>laus</strong></span> <span class='ocrx_word' id='word_1_20' title='bbox 2301 458 2489 514; x_wconf 88' lang='lat' dir='ltr'><strong>Israel.</strong></span> <span class='ocrx_word' id='word_1_21' title='bbox 2523 477 2542 509; x_wconf 73' lang='grc' dir='ltr'><strong>ι</strong></span> <span class='ocrx_word' id='word_1_22' title='bbox 2600 455 2918 512; x_wconf 87' lang='lat' dir='ltr'><strong>Universam</strong></span> <span class='ocrx_word' id='word_1_23' title='bbox 2968 471 3104 510; x_wconf 83' lang='lat' dir='ltr'><strong>vero</strong></span> <span class='ocrx_word' id='word_1_24' title='bbox 3140 454 3374 510; x_wconf 81' lang='lat' dir='ltr'><strong>ﬁdelium</strong></span> <span class='ocrx_word' id='word_1_25' title='bbox 3423 473 3512 511; x_wconf 89' lang='lat' dir='ltr'><strong>ra-</strong></span> 
     </span>
    </p>
   </div>
   <div class='ocr_carea' id='block_1_6' title="bbox 240 553 1828 628">
    <p class='ocr_par' dir='ltr' id='par_1_6' title="bbox 240 553 1828 628">
     <span class='ocr_line' id='line_1_6' title="bbox 240 553 1828 628; baseline -0.003 -17"><span class='ocrx_word' id='word_1_26' title='bbox 240 559 322 611; x_wconf 85' lang='grc' dir='ltr'>ὃτι</span> <span class='ocrx_word' id='word_1_27' title='bbox 360 560 388 611; x_wconf 81' lang='grc' dir='ltr'>ὁ</span> <span class='ocrx_word' id='word_1_28' title='bbox 428 556 506 610; x_wconf 83' lang='grc' dir='ltr'>ὢν</span> <span class='ocrx_word' id='word_1_29' title='bbox 545 553 694 620; x_wconf 74' lang='grc' dir='ltr'>οἶκος</span> <span class='ocrx_word' id='word_1_30' title='bbox 737 556 829 609; x_wconf 91' lang='grc' dir='ltr'><strong>τοῦ</strong></span> <span class='ocrx_word' id='word_1_31' title='bbox 876 556 1122 628; x_wconf 81' lang='grc' dir='ltr'>Πατρὸς,</span> <span class='ocrx_word' id='word_1_32' title='bbox 1152 555 1267 626; x_wconf 78' lang='grc' dir='ltr'>ἔχει</span> <span class='ocrx_word' id='word_1_33' title='bbox 1308 556 1405 609; x_wconf 78' lang='grc' dir='ltr'>καὶ</span> <span class='ocrx_word' id='word_1_34' title='bbox 1443 555 1534 608; x_wconf 81' lang='grc' dir='ltr'><strong>τὸν</strong></span> <span class='ocrx_word' id='word_1_35' title='bbox 1572 556 1630 608; x_wconf 83' lang='grc' dir='ltr'>ὲν</span> <span class='ocrx_word' id='word_1_36' title='bbox 1677 554 1828 625; x_wconf 82' lang='grc' dir='ltr'>αὐτῷ</span> 
     </span>
    </p>
   </div>
   <div class='ocr_carea' id='block_1_7' title="bbox 239 644 1830 719">
    <p class='ocr_par' dir='ltr' id='par_1_7' title="bbox 239 644 1830 719">
     <span class='ocr_line' id='line_1_7' title="bbox 239 644 1830 719; baseline -0.001 -15"><span class='ocrx_word' id='word_1_37' title='bbox 239 651 368 704; x_wconf 75' lang='grc' dir='ltr'>ὄντα</span> <span class='ocrx_word' id='word_1_38' title='bbox 404 650 554 715; x_wconf 77' lang='grc' dir='ltr'>Υἱὺν,</span> <span class='ocrx_word' id='word_1_39' title='bbox 600 651 695 704; x_wconf 73' lang='grc' dir='ltr'>καὶ</span> <span class='ocrx_word' id='word_1_40' title='bbox 741 650 804 702; x_wconf 82' lang='grc' dir='ltr'><strong>τὸ</strong></span> <span class='ocrx_word' id='word_1_41' title='bbox 845 645 1072 719; x_wconf 86' lang='grc' dir='ltr'>Πνεῦμα</span> <span class='ocrx_word' id='word_1_42' title='bbox 1115 649 1210 702; x_wconf 88' lang='grc' dir='ltr'><strong>τοῦ</strong></span> <span class='ocrx_word' id='word_1_43' title='bbox 1249 649 1420 702; x_wconf 79' lang='grc' dir='ltr'>Θεοῦο</span> <span class='ocrx_word' id='word_1_44' title='bbox 1449 649 1525 713; x_wconf 83' lang='grc' dir='ltr'>ὼς</span> <span class='ocrx_word' id='word_1_45' title='bbox 1566 644 1632 702; x_wconf 82' lang='grc' dir='ltr'><strong>αὖ</strong></span> <span class='ocrx_word' id='word_1_46' title='bbox 1668 647 1830 702; x_wconf 89' lang='grc' dir='ltr'>πάλιν</span> 
     </span>
    </p>
   </div>
   <div class='ocr_carea' id='block_1_8' title="bbox 238 740 1832 812">
    <p class='ocr_par' dir='ltr' id='par_1_8' title="bbox 238 740 1832 812">
     <span class='ocr_line' id='line_1_8' title="bbox 238 740 1832 812; baseline -0.001 -18"><span class='ocrx_word' id='word_1_47' title='bbox 238 742 331 794; x_wconf 81' lang='grc' dir='ltr'><strong>τοῦ</strong></span> <span class='ocrx_word' id='word_1_48' title='bbox 374 741 532 807; x_wconf 73' lang='grc' dir='ltr'>ϊὶοῦ,</span> <span class='ocrx_word' id='word_1_49' title='bbox 567 741 602 812; x_wconf 76' lang='grc' dir='ltr'>ἢ</span> <span class='ocrx_word' id='word_1_50' title='bbox 636 740 731 794; x_wconf 86' lang='grc' dir='ltr'><strong>τοῦ</strong></span> <span class='ocrx_word' id='word_1_51' title='bbox 777 741 1094 812; x_wconf 82' lang='grc' dir='ltr'>Πνεύματος</span> <span class='ocrx_word' id='word_1_52' title='bbox 1125 742 1223 810; x_wconf 78' lang='grc' dir='ltr'><strong>τῆς</strong></span> <span class='ocrx_word' id='word_1_53' title='bbox 1265 741 1662 811; x_wconf 77' lang='grc' dir='ltr'>ὲπιφοιτήσεως</span> <span class='ocrx_word' id='word_1_54' title='bbox 1700 757 1832 792; x_wconf 86' lang='grc' dir='ltr'>κατ-</span> 
     </span>
    </p>
   </div>
   <div class='ocr_carea' id='block_1_9' title="bbox 237 831 1830 903">
    <p class='ocr_par' dir='ltr' id='par_1_9' title="bbox 237 831 1830 903">
     <span class='ocr_line' id='line_1_9' title="bbox 237 831 1830 903; baseline -0.001 -17"><span class='ocrx_word' id='word_1_55' title='bbox 237 833 514 899; x_wconf 77' lang='grc' dir='ltr'>αξιωθεὶς,</span> <span class='ocrx_word' id='word_1_56' title='bbox 547 837 613 887; x_wconf 83' lang='grc' dir='ltr'>ἐκ</span> <span class='ocrx_word' id='word_1_57' title='bbox 649 832 848 896; x_wconf 80' lang='grc' dir='ltr'>παντὸς</span> <span class='ocrx_word' id='word_1_58' title='bbox 881 833 993 903; x_wconf 78' lang='grc' dir='ltr'>ἔχει</span> <span class='ocrx_word' id='word_1_59' title='bbox 1025 834 1119 885; x_wconf 78' lang='grc' dir='ltr'><strong>καὶ</strong></span> <span class='ocrx_word' id='word_1_60' title='bbox 1151 833 1242 885; x_wconf 77' lang='grc' dir='ltr'><strong>τὸν</strong></span> <span class='ocrx_word' id='word_1_61' title='bbox 1272 832 1512 902; x_wconf 90' lang='grc' dir='ltr'>Πατέρα.</span> <span class='ocrx_word' id='word_1_62' title='bbox 1534 832 1644 884; x_wconf 74' lang='grc' dir='ltr'><strong>Καὶ</strong></span> <span class='ocrx_word' id='word_1_63' title='bbox 1669 831 1830 884; x_wconf 76' lang='grc' dir='ltr'>πάλιν</span> 
     </span>
    </p>
   </div>
   <div class='ocr_carea' id='block_1_10' title="bbox 238 922 1840 998">
    <p class='ocr_par' dir='ltr' id='par_1_10' title="bbox 238 922 1840 998">
     <span class='ocr_line' id='line_1_10' title="bbox 238 922 1840 998; baseline -0.001 -22"><span class='ocrx_word' id='word_1_64' title='bbox 238 926 296 977; x_wconf 78' lang='grc' dir='ltr'>ἐν</span> <span class='ocrx_word' id='word_1_65' title='bbox 328 929 393 996; x_wconf 80' lang='grc' dir='ltr'>τῇ</span> <span class='ocrx_word' id='word_1_66' title='bbox 432 924 635 998; x_wconf 66' lang='grc'><strong>[1051)]</strong></span> <span class='ocrx_word' id='word_1_67' title='bbox 671 927 809 996; x_wconf 73' lang='grc' dir='ltr'>αὐτῇ</span> <span class='ocrx_word' id='word_1_68' title='bbox 861 924 1092 996; x_wconf 73' lang='grc' dir='ltr'>δευτέρᾳ</span> <span class='ocrx_word' id='word_1_69' title='bbox 1129 923 1438 994; x_wconf 85' lang='grc' dir='ltr'><strong>Ἐπιστολῇ·</strong></span> <span class='ocrx_word' id='word_1_70' title='bbox 1476 942 1494 974; x_wconf 77' lang='grc' dir='ltr'><strong>ι</strong></span> <span class='ocrx_word' id='word_1_71' title='bbox 1523 924 1592 974; x_wconf 86' lang='grc' dir='ltr'><em>Ἢ</em></span> <span class='ocrx_word' id='word_1_72' title='bbox 1627 923 1725 974; x_wconf 76' lang='grc' dir='ltr'>οὐκ</span> <span class='ocrx_word' id='word_1_73' title='bbox 1757 922 1840 975; x_wconf 76' lang='grc' dir='ltr'><strong>οἷο·</strong></span> 
     </span>
    </p>
   </div>
   <div class='ocr_carea' id='block_1_11' title="bbox 238 1014 1836 1090">
    <p class='ocr_par' dir='ltr' id='par_1_11' title="bbox 238 1014 1836 1090">
     <span class='ocr_line' id='line_1_11' title="bbox 238 1014 1836 1090; baseline -0.002 -20"><span class='ocrx_word' id='word_1_74' title='bbox 238 1019 384 1081; x_wconf 83' lang='grc' dir='ltr'>δατε,</span> <span class='ocrx_word' id='word_1_75' title='bbox 417 1020 502 1071; x_wconf 77' lang='grc' dir='ltr'><strong>ὅτι</strong></span> <span class='ocrx_word' id='word_1_76' title='bbox 543 1019 610 1072; x_wconf 78' lang='grc' dir='ltr'><strong>τὰ</strong></span> <span class='ocrx_word' id='word_1_77' title='bbox 659 1017 882 1090; x_wconf 79' lang='grc' dir='ltr'>σώματα</span> <span class='ocrx_word' id='word_1_78' title='bbox 928 1017 1082 1087; x_wconf 82' lang='grc' dir='ltr'>ὑμῶν</span> <span class='ocrx_word' id='word_1_79' title='bbox 1117 1017 1244 1079; x_wconf 81' lang='grc' dir='ltr'>ναὸς</span> <span class='ocrx_word' id='word_1_80' title='bbox 1290 1014 1382 1068; x_wconf 86' lang='grc' dir='ltr'><strong>τοῦ</strong></span> <span class='ocrx_word' id='word_1_81' title='bbox 1419 1017 1476 1067; x_wconf 83' lang='grc' dir='ltr'>ὲν</span> <span class='ocrx_word' id='word_1_82' title='bbox 1515 1017 1642 1086; x_wconf 86' lang='grc' dir='ltr'>ὑμῖν</span> <span class='ocrx_word' id='word_1_83' title='bbox 1675 1015 1836 1083; x_wconf 82' lang='grc' dir='ltr'>ἁγίου</span> 
     </span>
    </p>
   </div>
   <div class='ocr_carea' id='block_1_12' title="bbox 239 1102 1830 1180">
    <p class='ocr_par' dir='ltr' id='par_1_12' title="bbox 239 1102 1830 1180">
     <span class='ocr_line' id='line_1_12' title="bbox 239 1102 1830 1180; baseline -0.006 -17"><span class='ocrx_word' id='word_1_84' title='bbox 239 1109 564 1180; x_wconf 71' lang='grc' dir='ltr'>Ιινεύμιατός</span> <span class='ocrx_word' id='word_1_85' title='bbox 604 1111 773 1171; x_wconf 77' lang='grc' dir='ltr'>ἐστιν,</span> <span class='ocrx_word' id='word_1_86' title='bbox 822 1102 882 1161; x_wconf 74' lang='grc' dir='ltr'>οὗ</span> <span class='ocrx_word' id='word_1_87' title='bbox 930 1107 1080 1177; x_wconf 77' lang='grc' dir='ltr'>ἔχετε</span> <span class='ocrx_word' id='word_1_88' title='bbox 1125 1105 1233 1159; x_wconf 81' lang='grc' dir='ltr'>ἀπὸ</span> <span class='ocrx_word' id='word_1_89' title='bbox 1276 1105 1371 1157; x_wconf 86' lang='grc' dir='ltr'><strong>τοῦ</strong></span> <span class='ocrx_word' id='word_1_90' title='bbox 1403 1103 1560 1168; x_wconf 87' lang='grc' dir='ltr'>Θεοῦ,</span> <span class='ocrx_word' id='word_1_91' title='bbox 1599 1103 1691 1156; x_wconf 68' lang='grc' dir='ltr'><strong>και)⁵</strong></span> <span class='ocrx_word' id='word_1_92' title='bbox 1730 1103 1830 1155; x_wconf 84' lang='grc' dir='ltr'><strong>ούκ</strong></span> 
     </span>
    </p>
   </div>
   <div class='ocr_carea' id='block_1_13' title="bbox 240 1194 1830 1271">
    <p class='ocr_par' dir='ltr' id='par_1_13' title="bbox 240 1194 1830 1271">
     <span class='ocr_line' id='line_1_13' title="bbox 240 1194 1830 1271; baseline -0.004 -17"><span class='ocrx_word' id='word_1_93' title='bbox 240 1203 362 1254; x_wconf 70' lang='grc' dir='ltr'>ἐστὲ</span> <span class='ocrx_word' id='word_1_94' title='bbox 395 1201 642 1266; x_wconf 76' lang='grc' dir='ltr'>ἑαυτῶνς</span> <span class='ocrx_word' id='word_1_95' title='bbox 678 1199 1024 1271; x_wconf 79' lang='grc' dir='ltr'>ἠγοράσθητε</span> <span class='ocrx_word' id='word_1_96' title='bbox 1064 1199 1173 1270; x_wconf 76' lang='grc' dir='ltr'><strong>γὰρ</strong></span> <span class='ocrx_word' id='word_1_97' title='bbox 1223 1198 1408 1268; x_wconf 85' lang='grc' dir='ltr'>τιμῆς.</span> <span class='ocrx_word' id='word_1_98' title='bbox 1452 1195 1724 1260; x_wconf 86' lang='grc' dir='ltr'>Δοξάσατε</span> <span class='ocrx_word' id='word_1_99' title='bbox 1767 1194 1830 1265; x_wconf 84' lang='grc' dir='ltr'><strong>δὴ</strong></span> 
     </span>
    </p>
   </div>
   <div class='ocr_carea' id='block_1_14' title="bbox 242 1287 1832 1361">
    <p class='ocr_par' dir='ltr' id='par_1_14' title="bbox 242 1287 1832 1361">
     <span class='ocr_line' id='line_1_14' title="bbox 242 1287 1832 1361; baseline -0.006 -14"><span class='ocrx_word' id='word_1_100' title='bbox 242 1296 331 1347; x_wconf 70' lang='grc' dir='ltr'><strong>τον</strong></span> <span class='ocrx_word' id='word_1_101' title='bbox 373 1295 510 1347; x_wconf 75' lang='grc' dir='ltr'>θεὸν</span> <span class='ocrx_word' id='word_1_102' title='bbox 553 1294 643 1347; x_wconf 80' lang='grc' dir='ltr'><strong>τὸν</strong></span> <span class='ocrx_word' id='word_1_103' title='bbox 675 1295 733 1346; x_wconf 84' lang='grc' dir='ltr'>ὲν</span> <span class='ocrx_word' id='word_1_104' title='bbox 759 1295 891 1355; x_wconf 82' lang='grc' dir='ltr'>τοῖς</span> <span class='ocrx_word' id='word_1_105' title='bbox 933 1291 1179 1361; x_wconf 86' lang='grc' dir='ltr'>σώμασιν</span> <span class='ocrx_word' id='word_1_106' title='bbox 1214 1290 1429 1360; x_wconf 75' lang='grc' dir='ltr'>ὑμῶν.»</span> <span class='ocrx_word' id='word_1_107' title='bbox 1470 1288 1554 1341; x_wconf 74' lang='grc' dir='ltr'>Τά</span> <span class='ocrx_word' id='word_1_108' title='bbox 1602 1287 1832 1358; x_wconf 86' lang='grc' dir='ltr'>σώματα</span> 
     </span>
    </p>
   </div>
   <div class='ocr_carea' id='block_1_15' title="bbox 244 1377 1830 1455">
    <p class='ocr_par' dir='ltr' id='par_1_15' title="bbox 244 1377 1830 1455">
     <span class='ocr_line' id='line_1_15' title="bbox 244 1377 1830 1455; baseline -0.005 -15"><span class='ocrx_word' id='word_1_109' title='bbox 244 1387 350 1440; x_wconf 82' lang='grc' dir='ltr'><strong>τῶν</strong></span> <span class='ocrx_word' id='word_1_110' title='bbox 376 1386 594 1439; x_wconf 80' lang='grc' dir='ltr'>πιστῶν</span> <span class='ocrx_word' id='word_1_111' title='bbox 623 1387 750 1439; x_wconf 70' lang='grc' dir='ltr'>ναὸν</span> <span class='ocrx_word' id='word_1_112' title='bbox 777 1385 869 1439; x_wconf 90' lang='grc' dir='ltr'><strong>τοῦ</strong></span> <span class='ocrx_word' id='word_1_113' title='bbox 905 1386 1063 1454; x_wconf 86' lang='grc' dir='ltr'>άγίου</span> <span class='ocrx_word' id='word_1_114' title='bbox 1095 1384 1413 1455; x_wconf 85' lang='grc' dir='ltr'>Πνεύματος</span> <span class='ocrx_word' id='word_1_115' title='bbox 1453 1377 1592 1435; x_wconf 83' lang='grc' dir='ltr'>εἶναι</span> <span class='ocrx_word' id='word_1_116' title='bbox 1639 1379 1830 1442; x_wconf 86' lang='grc' dir='ltr'>εἰπὼν,</span> 
     </span>
    </p>
   </div>
   <div class='ocr_carea' id='block_1_16' title="bbox 243 1472 1832 1549">
    <p class='ocr_par' dir='ltr' id='par_1_16' title="bbox 243 1472 1832 1549">
     <span class='ocr_line' id='line_1_16' title="bbox 243 1472 1832 1549; baseline -0.004 -17"><span class='ocrx_word' id='word_1_117' title='bbox 243 1479 599 1549; x_wconf 70' lang='grc' dir='ltr'><strong>ἐνουθέτησεν</strong></span> <span class='ocrx_word' id='word_1_118' title='bbox 629 1476 871 1544; x_wconf 73' lang='grc' dir='ltr'>δοξάζειν</span> <span class='ocrx_word' id='word_1_119' title='bbox 897 1477 986 1531; x_wconf 79' lang='grc' dir='ltr'><strong>τὸν</strong></span> <span class='ocrx_word' id='word_1_120' title='bbox 1015 1476 1148 1529; x_wconf 79' lang='grc' dir='ltr'>Θεὸν</span> <span class='ocrx_word' id='word_1_121' title='bbox 1173 1479 1229 1528; x_wconf 76' lang='grc' dir='ltr'><strong>ὲν</strong></span> <span class='ocrx_word' id='word_1_122' title='bbox 1259 1479 1372 1538; x_wconf 83' lang='grc' dir='ltr'>τοῖς</span> <span class='ocrx_word' id='word_1_123' title='bbox 1404 1474 1641 1544; x_wconf 87' lang='grc' dir='ltr'>σώμασι,</span> <span class='ocrx_word' id='word_1_124' title='bbox 1675 1472 1832 1544; x_wconf 77' lang='grc' dir='ltr'>δῆλον</span> 
     </span>
    </p>
   </div>
   <div class='ocr_carea' id='block_1_17' title="bbox 239 1565 1828 1642">
    <p class='ocr_par' dir='ltr' id='par_1_17' title="bbox 239 1565 1828 1642">
     <span class='ocr_line' id='line_1_17' title="bbox 239 1565 1828 1642; baseline -0.005 -15"><span class='ocrx_word' id='word_1_125' title='bbox 239 1575 323 1627; x_wconf 82' lang='grc' dir='ltr'><strong>ὅτι</strong></span> <span class='ocrx_word' id='word_1_126' title='bbox 354 1573 417 1626; x_wconf 72' lang='grc' dir='ltr'>τὸ</span> <span class='ocrx_word' id='word_1_127' title='bbox 458 1573 614 1641; x_wconf 74' lang='grc' dir='ltr'>ἅγιον</span> <span class='ocrx_word' id='word_1_128' title='bbox 644 1570 889 1642; x_wconf 81' lang='grc' dir='ltr'><strong>Πνεῦμα.</strong></span> <span class='ocrx_word' id='word_1_129' title='bbox 920 1569 1109 1638; x_wconf 79' lang='grc' dir='ltr'>Λέγων</span> <span class='ocrx_word' id='word_1_130' title='bbox 1149 1569 1206 1621; x_wconf 86' lang='grc' dir='ltr'><strong>δὲ</strong></span> <span class='ocrx_word' id='word_1_131' title='bbox 1244 1568 1376 1621; x_wconf 81' lang='grc' dir='ltr'>αὐτὸ</span> <span class='ocrx_word' id='word_1_132' title='bbox 1413 1567 1522 1622; x_wconf 81' lang='grc' dir='ltr'>ἀπὸ</span> <span class='ocrx_word' id='word_1_133' title='bbox 1547 1565 1642 1619; x_wconf 87' lang='grc' dir='ltr'><strong>τοῦ</strong></span> <span class='ocrx_word' id='word_1_134' title='bbox 1674 1565 1828 1631; x_wconf 89' lang='grc' dir='ltr'>Θεοῦ,</span> 
     </span>
    </p>
   </div>
   <div class='ocr_carea' id='block_1_18' title="bbox 237 1659 1832 1732">
    <p class='ocr_par' dir='ltr' id='par_1_18' title="bbox 237 1659 1832 1732">
     <span class='ocr_line' id='line_1_18' title="bbox 237 1659 1832 1732; baseline -0.006 -12"><span class='ocrx_word' id='word_1_135' title='bbox 237 1666 508 1728; x_wconf 77' lang='grc' dir='ltr'>διδάσκει,</span> <span class='ocrx_word' id='word_1_136' title='bbox 547 1664 623 1726; x_wconf 81' lang='grc' dir='ltr'>ὡς</span> <span class='ocrx_word' id='word_1_137' title='bbox 661 1663 804 1717; x_wconf 79' lang='grc' dir='ltr'>κατὰ</span> <span class='ocrx_word' id='word_1_138' title='bbox 849 1661 1009 1732; x_wconf 81' lang='grc' dir='ltr'>φύσιν</span> <span class='ocrx_word' id='word_1_139' title='bbox 1052 1661 1297 1732; x_wconf 75' lang='grc' dir='ltr'><strong>πρόεισιν</strong></span> <span class='ocrx_word' id='word_1_140' title='bbox 1343 1659 1403 1724; x_wconf 78' lang='grc' dir='ltr'>ἐξ</span> <span class='ocrx_word' id='word_1_141' title='bbox 1433 1660 1622 1716; x_wconf 82' lang='grc' dir='ltr'>αὐτοῦ.</span> <span class='ocrx_word' id='word_1_142' title='bbox 1657 1659 1832 1728; x_wconf 86' lang='grc' dir='ltr'>Ὅπερ</span> 
     </span>
    </p>
   </div>
   <div class='ocr_carea' id='block_1_19' title="bbox 240 1750 1832 1828">
    <p class='ocr_par' dir='ltr' id='par_1_19' title="bbox 240 1750 1832 1828">
     <span class='ocr_line' id='line_1_19' title="bbox 240 1750 1832 1828; baseline -0.006 -16"><span class='ocrx_word' id='word_1_143' title='bbox 240 1755 403 1823; x_wconf 76' lang='grc' dir='ltr'>αὖθις</span> <span class='ocrx_word' id='word_1_144' title='bbox 456 1758 700 1828; x_wconf 77' lang='grc' dir='ltr'><strong>παριστᾷ</strong></span> <span class='ocrx_word' id='word_1_145' title='bbox 747 1755 842 1809; x_wconf 79' lang='grc' dir='ltr'><strong>καὶ</strong></span> <span class='ocrx_word' id='word_1_146' title='bbox 875 1756 935 1810; x_wconf 85' lang='grc' dir='ltr'><strong>τὸ</strong></span> <span class='ocrx_word' id='word_1_147' title='bbox 967 1755 1093 1809; x_wconf 85' lang='grc' dir='ltr'>ναὸν</span> <span class='ocrx_word' id='word_1_148' title='bbox 1124 1750 1263 1807; x_wconf 74' lang='grc' dir='ltr'>εἶναι</span> <span class='ocrx_word' id='word_1_149' title='bbox 1299 1751 1464 1806; x_wconf 80' lang='grc' dir='ltr'>αὐτοῦ</span> <span class='ocrx_word' id='word_1_150' title='bbox 1498 1753 1589 1806; x_wconf 81' lang='grc' dir='ltr'><strong>τὸν</strong></span> <span class='ocrx_word' id='word_1_151' title='bbox 1622 1751 1832 1823; x_wconf 84' lang='grc' dir='ltr'>ἄνθρω-</span> 
     </span>
    </p>
   </div>
   <div class='ocr_carea' id='block_1_20' title="bbox 1933 548 3513 616">
    <p class='ocr_par' dir='ltr' id='par_1_20' title="bbox 1933 548 3513 616">
     <span class='ocr_line' id='line_1_20' title="bbox 1933 548 3513 616; baseline -0.004 -8"><span class='ocrx_word' id='word_1_152' title='bbox 1933 553 2188 608; x_wconf 87' lang='lat' dir='ltr'><strong>lionalem</strong></span> <span class='ocrx_word' id='word_1_153' title='bbox 2222 560 2471 606; x_wconf 88' lang='lat' dir='ltr'><strong>naturam</strong></span> <span class='ocrx_word' id='word_1_154' title='bbox 2520 548 2976 616; x_wconf 85' lang='lat' dir='ltr'><strong>incircumscripti</strong></span> <span class='ocrx_word' id='word_1_155' title='bbox 3009 548 3102 602; x_wconf 87' lang='lat' dir='ltr'><strong>Dei</strong></span> <span class='ocrx_word' id='word_1_156' title='bbox 3146 557 3383 601; x_wconf 74' lang='lat' dir='ltr'><strong>sanctum</strong></span> <span class='ocrx_word' id='word_1_157' title='bbox 3420 549 3513 601; x_wconf 81' lang='lat' dir='ltr'><strong>ha-</strong></span> 
     </span>
    </p>
   </div>
   <div class='ocr_carea' id='block_1_21' title="bbox 1930 641 3511 712">
    <p class='ocr_par' dir='ltr' id='par_1_21' title="bbox 1930 641 3511 712">
     <span class='ocr_line' id='line_1_21' title="bbox 1930 641 3511 712; baseline -0.006 -11"><span class='ocrx_word' id='word_1_158' title='bbox 1930 646 2229 702; x_wconf 81' lang='lat' dir='ltr'><strong>bitaculum</strong></span> <span class='ocrx_word' id='word_1_159' title='bbox 2285 644 2437 710; x_wconf 83' lang='lat' dir='ltr'><strong>dicit,</strong></span> <span class='ocrx_word' id='word_1_160' title='bbox 2489 652 2549 697; x_wconf 90' lang='lat' dir='ltr'><strong>ut</strong></span> <span class='ocrx_word' id='word_1_161' title='bbox 2581 652 2730 712; x_wconf 88' lang='lat' dir='ltr'><strong>puto.</strong></span> <span class='ocrx_word' id='word_1_162' title='bbox 2782 641 3042 710; x_wconf 92' lang='lat' dir='ltr'><strong>Spiritum</strong></span> <span class='ocrx_word' id='word_1_163' title='bbox 3081 648 3330 693; x_wconf 86' lang='lat' dir='ltr'><strong>sanctum</strong></span> <span class='ocrx_word' id='word_1_164' title='bbox 3377 653 3511 709; x_wconf 83' lang='lat' dir='ltr'><strong>ergo</strong></span> 
     </span>
    </p>
   </div>
   <div class='ocr_carea' id='block_1_22' title="bbox 1932 729 3512 795">
    <p class='ocr_par' dir='ltr' id='par_1_22' title="bbox 1932 729 3512 795">
     <span class='ocr_line' id='line_1_22' title="bbox 1932 729 3512 795; baseline -0.006 -2"><span class='ocrx_word' id='word_1_165' title='bbox 1932 754 2039 794; x_wconf 90' lang='lat' dir='ltr'><strong>non</strong></span> <span class='ocrx_word' id='word_1_166' title='bbox 2070 738 2231 792; x_wconf 90' lang='lat' dir='ltr'><strong>modo</strong></span> <span class='ocrx_word' id='word_1_167' title='bbox 2265 736 2431 791; x_wconf 87' lang='lat' dir='ltr'><strong>Deum</strong></span> <span class='ocrx_word' id='word_1_168' title='bbox 2477 747 2598 788; x_wconf 88' lang='lat' dir='ltr'><strong>esse</strong></span> <span class='ocrx_word' id='word_1_169' title='bbox 2625 735 3050 788; x_wconf 87' lang='lat' dir='ltr'><strong>demonstratum</strong></span> <span class='ocrx_word' id='word_1_170' title='bbox 3084 739 3192 795; x_wconf 90' lang='lat' dir='ltr'><strong>est,</strong></span> <span class='ocrx_word' id='word_1_171' title='bbox 3225 729 3320 784; x_wconf 89' lang='lat' dir='ltr'><strong>sed</strong></span> <span class='ocrx_word' id='word_1_172' title='bbox 3347 731 3512 784; x_wconf 86' lang='lat' dir='ltr'><strong>etiam</strong></span> 
     </span>
    </p>
   </div>
   <div class='ocr_carea' id='block_1_23' title="bbox 1929 819 3513 898">
    <p class='ocr_par' dir='ltr' id='par_1_23' title="bbox 1929 819 3513 898">
     <span class='ocr_line' id='line_1_23' title="bbox 1929 819 3513 898; baseline -0.007 -15"><span class='ocrx_word' id='word_1_173' title='bbox 1929 832 2194 898; x_wconf 76' lang='lat' dir='ltr'><strong>tequalem</strong></span> <span class='ocrx_word' id='word_1_174' title='bbox 2222 834 2279 881; x_wconf 88' lang='lat' dir='ltr'><strong>et</strong></span> <span class='ocrx_word' id='word_1_175' title='bbox 2306 823 2542 881; x_wconf 83' lang='lat' dir='ltr'><strong>similem</strong></span> <span class='ocrx_word' id='word_1_176' title='bbox 2573 823 2747 887; x_wconf 87' lang='lat' dir='ltr'><strong>Patri,</strong></span> <span class='ocrx_word' id='word_1_177' title='bbox 2777 831 2834 878; x_wconf 89' lang='lat' dir='ltr'><strong>et</strong></span> <span class='ocrx_word' id='word_1_178' title='bbox 2856 821 3016 886; x_wconf 90' lang='lat' dir='ltr'><strong>Filio,</strong></span> <span class='ocrx_word' id='word_1_179' title='bbox 3043 829 3156 874; x_wconf 87' lang='lat' dir='ltr'><strong>tum</strong></span> <span class='ocrx_word' id='word_1_180' title='bbox 3191 821 3317 890; x_wconf 82' lang='lat' dir='ltr'><strong>quia</strong></span> <span class='ocrx_word' id='word_1_181' title='bbox 3348 819 3513 873; x_wconf 90' lang='lat' dir='ltr'><strong>trium</strong></span> 
     </span>
    </p>
   </div>
   <div class='ocr_carea' id='block_1_24' title="bbox 1930 913 3510 990">
    <p class='ocr_par' dir='ltr' id='par_1_24' title="bbox 1930 913 3510 990">
     <span class='ocr_line' id='line_1_24' title="bbox 1930 913 3510 990; baseline -0.007 -14"><span class='ocrx_word' id='word_1_182' title='bbox 1930 934 2283 990; x_wconf 80' lang='lat' dir='ltr'><strong>personarum</strong></span> <span class='ocrx_word' id='word_1_183' title='bbox 2323 918 2514 988; x_wconf 70' lang='lat' dir='ltr'><strong>aequali</strong></span> <span class='ocrx_word' id='word_1_184' title='bbox 2538 928 2593 972; x_wconf 90' lang='lat' dir='ltr'><strong>et</strong></span> <span class='ocrx_word' id='word_1_185' title='bbox 2619 915 2783 972; x_wconf 84' lang='lat' dir='ltr'><strong>simili</strong></span> <span class='ocrx_word' id='word_1_186' title='bbox 2816 918 2975 970; x_wconf 90' lang='lat' dir='ltr'><strong>modo</strong></span> <span class='ocrx_word' id='word_1_187' title='bbox 3007 915 3259 984; x_wconf 88' lang='lat' dir='ltr'><strong>templum</strong></span> <span class='ocrx_word' id='word_1_188' title='bbox 3284 924 3368 968; x_wconf 88' lang='lat' dir='ltr'><strong>est</strong></span> <span class='ocrx_word' id='word_1_189' title='bbox 3400 913 3510 984; x_wconf 73' lang='lat'><strong>(72)</strong></span> 
     </span>
    </p>
   </div>
   <div class='ocr_carea' id='block_1_25' title="bbox 1932 1005 3513 1079">
    <p class='ocr_par' dir='ltr' id='par_1_25' title="bbox 1932 1005 3513 1079">
     <span class='ocr_line' id='line_1_25' title="bbox 1932 1005 3513 1079; baseline -0.006 -10"><span class='ocrx_word' id='word_1_190' title='bbox 1932 1015 2129 1078; x_wconf 90' lang='lat' dir='ltr'><strong>homo;</strong></span> <span class='ocrx_word' id='word_1_191' title='bbox 2169 1023 2280 1066; x_wconf 91' lang='lat' dir='ltr'><strong>tum</strong></span> <span class='ocrx_word' id='word_1_192' title='bbox 2316 1012 2480 1067; x_wconf 88' lang='lat' dir='ltr'><strong>etiam</strong></span> <span class='ocrx_word' id='word_1_193' title='bbox 2517 1009 2642 1079; x_wconf 86' lang='lat' dir='ltr'><strong>quia</strong></span> <span class='ocrx_word' id='word_1_194' title='bbox 2685 1008 2776 1078; x_wconf 92' lang='lat' dir='ltr'><strong>qui</strong></span> <span class='ocrx_word' id='word_1_195' title='bbox 2829 1008 3020 1062; x_wconf 89' lang='lat' dir='ltr'><strong>domus</strong></span> <span class='ocrx_word' id='word_1_196' title='bbox 3049 1017 3134 1062; x_wconf 89' lang='lat' dir='ltr'><strong>est</strong></span> <span class='ocrx_word' id='word_1_197' title='bbox 3177 1007 3374 1070; x_wconf 86' lang='lat' dir='ltr'><strong>Patris,</strong></span> <span class='ocrx_word' id='word_1_198' title='bbox 3421 1005 3513 1059; x_wconf 58' lang='lat' dir='ltr'><strong>Fia</strong></span> 
     </span>
    </p>
   </div>
   <div class='ocr_carea' id='block_1_26' title="bbox 1932 1095 3512 1174">
    <p class='ocr_par' dir='ltr' id='par_1_26' title="bbox 1932 1095 3512 1174">
     <span class='ocr_line' id='line_1_26' title="bbox 1932 1095 3512 1174; baseline -0.006 -16"><span class='ocrx_word' id='word_1_199' title='bbox 1932 1106 2062 1160; x_wconf 81' lang='lat' dir='ltr'><strong>lium</strong></span> <span class='ocrx_word' id='word_1_200' title='bbox 2102 1118 2315 1174; x_wconf 92' lang='lat' dir='ltr'><strong>quoque</strong></span> <span class='ocrx_word' id='word_1_201' title='bbox 2351 1101 2404 1156; x_wconf 89' lang='lat' dir='ltr'><strong>in</strong></span> <span class='ocrx_word' id='word_1_202' title='bbox 2437 1115 2498 1157; x_wconf 89' lang='lat' dir='ltr'><strong>se</strong></span> <span class='ocrx_word' id='word_1_203' title='bbox 2530 1099 2693 1155; x_wconf 88' lang='lat' dir='ltr'><strong>habet</strong></span> <span class='ocrx_word' id='word_1_204' title='bbox 2744 1099 3118 1160; x_wconf 84' lang='lat' dir='ltr'><strong>exsistentem,</strong></span> <span class='ocrx_word' id='word_1_205' title='bbox 3161 1108 3215 1151; x_wconf 92' lang='lat' dir='ltr'><strong>et</strong></span> <span class='ocrx_word' id='word_1_206' title='bbox 3249 1095 3512 1165; x_wconf 74' lang='lat' dir='ltr'><strong>Spiritum</strong></span> 
     </span>
    </p>
   </div>
   <div class='ocr_carea' id='block_1_27' title="bbox 1935 1190 3513 1263">
    <p class='ocr_par' dir='ltr' id='par_1_27' title="bbox 1935 1190 3513 1263">
     <span class='ocr_line' id='line_1_27' title="bbox 1935 1190 3513 1263; baseline -0.008 -9"><span class='ocrx_word' id='word_1_207' title='bbox 1935 1199 2028 1254; x_wconf 88' lang='lat' dir='ltr'><strong>Dei</strong></span> <span class='ocrx_word' id='word_1_208' title='bbox 2059 1215 2073 1252; x_wconf 91' lang='lat'><strong>:</strong></span> <span class='ocrx_word' id='word_1_209' title='bbox 2107 1198 2249 1252; x_wconf 91' lang='lat' dir='ltr'><strong>sicut</strong></span> <span class='ocrx_word' id='word_1_210' title='bbox 2279 1195 2518 1251; x_wconf 82' lang='lat' dir='ltr'><strong>vicissim</strong></span> <span class='ocrx_word' id='word_1_211' title='bbox 2559 1193 2650 1263; x_wconf 91' lang='lat' dir='ltr'><strong>qui</strong></span> <span class='ocrx_word' id='word_1_212' title='bbox 2685 1191 2834 1258; x_wconf 88' lang='lat' dir='ltr'><strong>Filii,</strong></span> <span class='ocrx_word' id='word_1_213' title='bbox 2871 1201 2965 1245; x_wconf 91' lang='lat' dir='ltr'><strong>aut</strong></span> <span class='ocrx_word' id='word_1_214' title='bbox 3013 1190 3250 1262; x_wconf 82' lang='lat' dir='ltr'><strong>Spiritus</strong></span> <span class='ocrx_word' id='word_1_215' title='bbox 3279 1190 3513 1243; x_wconf 87' lang='lat' dir='ltr'><strong>adventu</strong></span> 
     </span>
    </p>
   </div>
   <div class='ocr_carea' id='block_1_28' title="bbox 1932 1283 3516 1361">
    <p class='ocr_par' dir='ltr' id='par_1_28' title="bbox 1932 1283 3516 1361">
     <span class='ocr_line' id='line_1_28' title="bbox 1932 1283 3516 1361; baseline -0.005 -17"><span class='ocrx_word' id='word_1_216' title='bbox 1932 1290 2128 1361; x_wconf 84' lang='lat' dir='ltr'><strong>dignus</strong></span> <span class='ocrx_word' id='word_1_217' title='bbox 2155 1289 2328 1345; x_wconf 80' lang='lat' dir='ltr'><strong>lactus</strong></span> <span class='ocrx_word' id='word_1_218' title='bbox 2357 1299 2462 1352; x_wconf 90' lang='lat' dir='ltr'><strong>est,</strong></span> <span class='ocrx_word' id='word_1_219' title='bbox 2493 1288 2657 1342; x_wconf 88' lang='lat' dir='ltr'><strong>habet</strong></span> <span class='ocrx_word' id='word_1_220' title='bbox 2705 1285 2927 1342; x_wconf 89' lang='lat' dir='ltr'><strong>omnino</strong></span> <span class='ocrx_word' id='word_1_221' title='bbox 2965 1283 3130 1338; x_wconf 90' lang='lat' dir='ltr'><strong>etiam</strong></span> <span class='ocrx_word' id='word_1_222' title='bbox 3163 1283 3417 1347; x_wconf 91' lang='lat' dir='ltr'><strong>Patrem;</strong></span> <span class='ocrx_word' id='word_1_223' title='bbox 3459 1290 3516 1336; x_wconf 86' lang='lat' dir='ltr'><strong>et</strong></span> 
     </span>
    </p>
   </div>
   <div class='ocr_carea' id='block_1_29' title="bbox 1935 1371 3512 1445">
    <p class='ocr_par' dir='ltr' id='par_1_29' title="bbox 1935 1371 3512 1445">
     <span class='ocr_line' id='line_1_29' title="bbox 1935 1371 3512 1445; baseline -0.005 -11"><span class='ocrx_word' id='word_1_224' title='bbox 1935 1395 2124 1436; x_wconf 85' lang='lat' dir='ltr'><strong>rursus</strong></span> <span class='ocrx_word' id='word_1_225' title='bbox 2159 1379 2212 1434; x_wconf 91' lang='lat' dir='ltr'><strong>in</strong></span> <span class='ocrx_word' id='word_1_226' title='bbox 2247 1379 2436 1434; x_wconf 88' lang='lat' dir='ltr'><strong>eadem</strong></span> <span class='ocrx_word' id='word_1_227' title='bbox 2480 1377 2714 1432; x_wconf 89' lang='lat' dir='ltr'><strong>secunda</strong></span> <span class='ocrx_word' id='word_1_228' title='bbox 2760 1373 2995 1444; x_wconf 83' lang='lat' dir='ltr'><strong>Epistula</strong></span> <span class='ocrx_word' id='word_1_229' title='bbox 3020 1371 3130 1445; x_wconf 76' lang='lat'><strong>(75)</strong></span> <span class='ocrx_word' id='word_1_230' title='bbox 3171 1389 3185 1424; x_wconf 87' lang='lat'><strong>:</strong></span> <span class='ocrx_word' id='word_1_231' title='bbox 3232 1391 3252 1425; x_wconf 75' lang='grc' dir='ltr'><strong>ι</strong></span> <span class='ocrx_word' id='word_1_232' title='bbox 3293 1373 3373 1427; x_wconf 81' lang='lat' dir='ltr'><strong>An</strong></span> <span class='ocrx_word' id='word_1_233' title='bbox 3415 1385 3512 1426; x_wconf 86' lang='lat' dir='ltr'><strong>ne—</strong></span> 
     </span>
    </p>
   </div>
   <div class='ocr_carea' id='block_1_30' title="bbox 1932 1465 3514 1542">
    <p class='ocr_par' dir='ltr' id='par_1_30' title="bbox 1932 1465 3514 1542">
     <span class='ocr_line' id='line_1_30' title="bbox 1932 1465 3514 1542; baseline -0.008 -11"><span class='ocrx_word' id='word_1_234' title='bbox 1932 1474 2106 1539; x_wconf 90' lang='lat' dir='ltr'><strong>scitis,</strong></span> <span class='ocrx_word' id='word_1_235' title='bbox 2141 1471 2287 1542; x_wconf 90' lang='lat' dir='ltr'><strong>quod</strong></span> <span class='ocrx_word' id='word_1_236' title='bbox 2324 1479 2550 1540; x_wconf 83' lang='lat' dir='ltr'><strong>corpora</strong></span> <span class='ocrx_word' id='word_1_237' title='bbox 2587 1479 2765 1524; x_wconf 91' lang='lat' dir='ltr'><strong>vestra</strong></span> <span class='ocrx_word' id='word_1_238' title='bbox 2794 1467 2907 1539; x_wconf 70' lang='lat'><strong>(74)</strong></span> <span class='ocrx_word' id='word_1_239' title='bbox 2937 1465 3192 1536; x_wconf 91' lang='lat' dir='ltr'><strong>templum</strong></span> <span class='ocrx_word' id='word_1_240' title='bbox 3243 1473 3370 1520; x_wconf 89' lang='lat' dir='ltr'><strong>sunt</strong></span> <span class='ocrx_word' id='word_1_241' title='bbox 3417 1479 3514 1520; x_wconf 83' lang='lat' dir='ltr'><strong>ex-</strong></span> 
     </span>
    </p>
   </div>
   <div class='ocr_carea' id='block_1_31' title="bbox 1934 1557 3508 1629">
    <p class='ocr_par' dir='ltr' id='par_1_31' title="bbox 1934 1557 3508 1629">
     <span class='ocr_line' id='line_1_31' title="bbox 1934 1557 3508 1629; baseline -0.007 -7"><span class='ocrx_word' id='word_1_242' title='bbox 1934 1566 2179 1622; x_wconf 89' lang='lat' dir='ltr'><strong>sistentis</strong></span> <span class='ocrx_word' id='word_1_243' title='bbox 2223 1565 2276 1618; x_wconf 92' lang='lat' dir='ltr'><strong>in</strong></span> <span class='ocrx_word' id='word_1_244' title='bbox 2307 1564 2459 1619; x_wconf 88' lang='lat' dir='ltr'><strong>vobis</strong></span> <span class='ocrx_word' id='word_1_245' title='bbox 2501 1562 2675 1617; x_wconf 86' lang='lat' dir='ltr'><strong>sancti</strong></span> <span class='ocrx_word' id='word_1_246' title='bbox 2719 1561 2977 1629; x_wconf 88' lang='lat' dir='ltr'><strong>Spiritus,</strong></span> <span class='ocrx_word' id='word_1_247' title='bbox 3011 1572 3170 1627; x_wconf 88' lang='lat' dir='ltr'><strong>quem</strong></span> <span class='ocrx_word' id='word_1_248' title='bbox 3222 1557 3436 1613; x_wconf 85' lang='lat' dir='ltr'><strong>habetis</strong></span> <span class='ocrx_word' id='word_1_249' title='bbox 3478 1575 3508 1611; x_wconf 89' lang='lat' dir='ltr'><strong>a</strong></span> 
     </span>
    </p>
   </div>
   <div class='ocr_carea' id='block_1_32' title="bbox 1934 1651 3514 1724">
    <p class='ocr_par' dir='ltr' id='par_1_32' title="bbox 1934 1651 3514 1724">
     <span class='ocr_line' id='line_1_32' title="bbox 1934 1651 3514 1724; baseline -0.005 -11"><span class='ocrx_word' id='word_1_250' title='bbox 1934 1660 2064 1724; x_wconf 86' lang='lat' dir='ltr'><strong>Deo,</strong></span> <span class='ocrx_word' id='word_1_251' title='bbox 2096 1668 2281 1712; x_wconf 89' lang='lat' dir='ltr'><strong>etnon</strong></span> <span class='ocrx_word' id='word_1_252' title='bbox 2323 1656 2456 1711; x_wconf 83' lang='lat' dir='ltr'><strong>estis</strong></span> <span class='ocrx_word' id='word_1_253' title='bbox 2489 1654 2700 1709; x_wconf 83' lang='lat' dir='ltr'><strong>vestri?</strong></span> <span class='ocrx_word' id='word_1_254' title='bbox 2738 1653 2914 1723; x_wconf 87' lang='lat' dir='ltr'><strong>Empti</strong></span> <span class='ocrx_word' id='word_1_255' title='bbox 2963 1653 3107 1707; x_wconf 88' lang='lat' dir='ltr'><strong>enim</strong></span> <span class='ocrx_word' id='word_1_256' title='bbox 3155 1653 3288 1706; x_wconf 84' lang='lat' dir='ltr'><strong>estis</strong></span> <span class='ocrx_word' id='word_1_257' title='bbox 3320 1651 3514 1720; x_wconf 89' lang='lat' dir='ltr'><strong>pretio.</strong></span> 
     </span>
    </p>
   </div>
   <div class='ocr_carea' id='block_1_33' title="bbox 1933 1742 3514 1820">
    <p class='ocr_par' dir='ltr' id='par_1_33' title="bbox 1933 1742 3514 1820">
     <span class='ocr_line' id='line_1_33' title="bbox 1933 1742 3514 1820; baseline -0.008 -12"><span class='ocrx_word' id='word_1_258' title='bbox 1933 1752 2243 1809; x_wconf 86' lang='lat' dir='ltr'><strong>Glorilicate</strong></span> <span class='ocrx_word' id='word_1_259' title='bbox 2280 1750 2468 1816; x_wconf 91' lang='lat' dir='ltr'><strong>Deum,</strong></span> <span class='ocrx_word' id='word_1_260' title='bbox 2509 1750 2602 1820; x_wconf 92' lang='lat' dir='ltr'><strong>qui</strong></span> <span class='ocrx_word' id='word_1_261' title='bbox 2645 1757 2730 1804; x_wconf 88' lang='lat' dir='ltr'><strong>est</strong></span> <span class='ocrx_word' id='word_1_262' title='bbox 2765 1749 2820 1802; x_wconf 90' lang='lat' dir='ltr'><strong>in</strong></span> <span class='ocrx_word' id='word_1_263' title='bbox 2867 1744 3182 1818; x_wconf 90' lang='lat' dir='ltr'><strong>corporibus</strong></span> <span class='ocrx_word' id='word_1_264' title='bbox 3230 1742 3448 1818; x_wconf 71' lang='lat' dir='ltr'><strong>vestris.</strong></span> <span class='ocrx_word' id='word_1_265' title='bbox 3490 1758 3514 1795; x_wconf 74' lang='grc' dir='ltr'><strong>ι</strong></span> 
     </span>
    </p>
   </div>
   <div class='ocr_carea' id='block_1_34' title="bbox 239 1834 1846 1920">
    <p class='ocr_par' dir='ltr' id='par_1_34' title="bbox 239 1844 1833 1920">
     <span class='ocr_line' id='line_1_34' title="bbox 239 1844 1833 1920; baseline -0.005 -16"><span class='ocrx_word' id='word_1_266' title='bbox 239 1868 369 1913; x_wconf 81' lang='grc' dir='ltr'>πον,</span> <span class='ocrx_word' id='word_1_267' title='bbox 407 1851 544 1914; x_wconf 72' lang='grc' dir='ltr'>ἴσως</span> <span class='ocrx_word' id='word_1_268' title='bbox 573 1849 667 1902; x_wconf 87' lang='grc' dir='ltr'><strong>τοῦ</strong></span> <span class='ocrx_word' id='word_1_269' title='bbox 708 1849 921 1920; x_wconf 84' lang='grc' dir='ltr'>Πατρδς</span> <span class='ocrx_word' id='word_1_270' title='bbox 961 1847 1055 1900; x_wconf 78' lang='grc' dir='ltr'><strong>καὶ</strong></span> <span class='ocrx_word' id='word_1_271' title='bbox 1085 1846 1180 1900; x_wconf 89' lang='grc' dir='ltr'><strong>τοῦ</strong></span> <span class='ocrx_word' id='word_1_272' title='bbox 1228 1845 1383 1899; x_wconf 82' lang='grc' dir='ltr'>Υἱοῦ.</span> <span class='ocrx_word' id='word_1_273' title='bbox 1422 1844 1652 1917; x_wconf 85' lang='grc' dir='ltr'>Ὁμοίως</span> <span class='ocrx_word' id='word_1_274' title='bbox 1683 1847 1740 1896; x_wconf 83' lang='grc' dir='ltr'>ὲν</span> <span class='ocrx_word' id='word_1_275' title='bbox 1769 1847 1833 1915; x_wconf 76' lang='grc' dir='ltr'>τῇ</span> 
     </span>
    </p>
   </div>
   <div class='ocr_carea' id='block_1_35' title="bbox 1946 1834 3515 1920">
    <p class='ocr_par' dir='ltr' id='par_1_35' title="bbox 1946 1834 3515 1914">
     <span class='ocr_line' id='line_1_35' title="bbox 1946 1834 3515 1914; baseline -0.008 -14"><span class='ocrx_word' id='word_1_276' title='bbox 1946 1845 2226 1914; x_wconf 84' lang='lat' dir='ltr'><strong>Postquam</strong></span> <span class='ocrx_word' id='word_1_277' title='bbox 2257 1841 2495 1897; x_wconf 84' lang='lat' dir='ltr'><strong>ﬁdelium</strong></span> <span class='ocrx_word' id='word_1_278' title='bbox 2524 1855 2752 1912; x_wconf 88' lang='lat' dir='ltr'><strong>corpora</strong></span> <span class='ocrx_word' id='word_1_279' title='bbox 2784 1839 3040 1908; x_wconf 88' lang='lat' dir='ltr'><strong>templum</strong></span> <span class='ocrx_word' id='word_1_280' title='bbox 3073 1851 3192 1893; x_wconf 89' lang='lat' dir='ltr'><strong>esse</strong></span> <span class='ocrx_word' id='word_1_281' title='bbox 3227 1835 3361 1890; x_wconf 79' lang='lat' dir='ltr'><strong>dixit</strong></span> <span class='ocrx_word' id='word_1_282' title='bbox 3389 1834 3515 1904; x_wconf 87' lang='lat' dir='ltr'><strong>Spi-</strong></span> 
     </span>
    </p>
   </div>
   <div class='ocr_carea' id='block_1_36' title="bbox 235 1937 1837 2016">
    <p class='ocr_par' dir='ltr' id='par_1_36' title="bbox 235 1937 1837 2016">
     <span class='ocr_line' id='line_1_36' title="bbox 235 1937 1837 2016; baseline -0.006 -18"><span class='ocrx_word' id='word_1_283' title='bbox 235 1946 383 2016; x_wconf 78' lang='grc' dir='ltr'>αύτῇ</span> <span class='ocrx_word' id='word_1_284' title='bbox 413 1941 649 2013; x_wconf 76' lang='grc' dir='ltr'>δευτέρᾳ</span> <span class='ocrx_word' id='word_1_285' title='bbox 675 1940 963 2012; x_wconf 86' lang='grc' dir='ltr'>Ἐπιστολῇ</span> <span class='ocrx_word' id='word_1_286' title='bbox 985 1957 998 1971; x_wconf 86' lang='grc'><strong>·</strong></span> <span class='ocrx_word' id='word_1_287' title='bbox 1025 1959 1043 1990; x_wconf 78' lang='grc' dir='ltr'><strong>ι</strong></span> <span class='ocrx_word' id='word_1_288' title='bbox 1060 1940 1224 2011; x_wconf 75' lang='grc' dir='ltr'>’Ἄχρι</span> <span class='ocrx_word' id='word_1_289' title='bbox 1251 1937 1363 2010; x_wconf 82' lang='grc' dir='ltr'><strong>γάρ</strong></span> <span class='ocrx_word' id='word_1_290' title='bbox 1383 1939 1480 2009; x_wconf 80' lang='grc' dir='ltr'><strong>τῆς</strong></span> <span class='ocrx_word' id='word_1_291' title='bbox 1515 1939 1753 2009; x_wconf 77' lang='grc' dir='ltr'>σήμερον</span> <span class='ocrx_word' id='word_1_292' title='bbox 1775 1937 1837 1990; x_wconf 82' lang='grc' dir='ltr'><strong>τὸ</strong></span> 
     </span>
    </p>
   </div>
   <div class='ocr_carea' id='block_1_37' title="bbox 232 2029 1836 2105">
    <p class='ocr_par' dir='ltr' id='par_1_37' title="bbox 232 2029 1836 2105">
     <span class='ocr_line' id='line_1_37' title="bbox 232 2029 1836 2105; baseline -0.006 -15"><span class='ocrx_word' id='word_1_293' title='bbox 232 2037 374 2091; x_wconf 83' lang='grc' dir='ltr'>αὐτὸ</span> <span class='ocrx_word' id='word_1_294' title='bbox 419 2035 687 2105; x_wconf 78' lang='grc' dir='ltr'>κάλυμμα</span> <span class='ocrx_word' id='word_1_295' title='bbox 729 2034 822 2086; x_wconf 73' lang='grc' dir='ltr'><strong>ἐπὶ</strong></span> <span class='ocrx_word' id='word_1_296' title='bbox 848 2034 914 2103; x_wconf 82' lang='grc' dir='ltr'>τῇ</span> <span class='ocrx_word' id='word_1_297' title='bbox 947 2030 1257 2100; x_wconf 81' lang='grc' dir='ltr'>ἀναγνώσει</span> <span class='ocrx_word' id='word_1_298' title='bbox 1301 2030 1400 2100; x_wconf 78' lang='grc' dir='ltr'><strong>τῆς</strong></span> <span class='ocrx_word' id='word_1_299' title='bbox 1434 2029 1674 2091; x_wconf 84' lang='grc' dir='ltr'>Παλαιᾶς</span> <span class='ocrx_word' id='word_1_300' title='bbox 1707 2031 1836 2081; x_wconf 87' lang='grc' dir='ltr'>Δια-</span> 
     </span>
    </p>
   </div>
   <div class='ocr_carea' id='block_1_38' title="bbox 232 2119 1838 2200">
    <p class='ocr_par' dir='ltr' id='par_1_38' title="bbox 232 2119 1838 2200">
     <span class='ocr_line' id='line_1_38' title="bbox 232 2119 1838 2200; baseline -0.007 -18"><span class='ocrx_word' id='word_1_301' title='bbox 232 2131 423 2200; x_wconf 80' lang='grc' dir='ltr'>θήκης</span> <span class='ocrx_word' id='word_1_302' title='bbox 464 2127 639 2198; x_wconf 86' lang='grc' dir='ltr'>μένει,</span> <span class='ocrx_word' id='word_1_303' title='bbox 689 2125 766 2196; x_wconf 81' lang='grc' dir='ltr'>μὴ</span> <span class='ocrx_word' id='word_1_304' title='bbox 820 2123 1339 2194; x_wconf 79' lang='grc' dir='ltr'>ἀνακαλυπτόμενον</span> <span class='ocrx_word' id='word_1_305' title='bbox 1385 2122 1488 2191; x_wconf 80' lang='grc' dir='ltr'>(ὅτι</span> <span class='ocrx_word' id='word_1_306' title='bbox 1520 2123 1577 2173; x_wconf 81' lang='grc' dir='ltr'><strong>ὲν</strong></span> <span class='ocrx_word' id='word_1_307' title='bbox 1616 2119 1838 2192; x_wconf 77' lang='grc' dir='ltr'>Χριστῷ</span> 
     </span>
    </p>
   </div>
   <div class='ocr_carea' id='block_1_39' title="bbox 233 2211 1838 2289">
    <p class='ocr_par' dir='ltr' id='par_1_39' title="bbox 233 2211 1838 2289">
     <span class='ocr_line' id='line_1_39' title="bbox 233 2211 1838 2289; baseline -0.007 -15"><span class='ocrx_word' id='word_1_308' title='bbox 233 2217 629 2289; x_wconf 72' lang='grc' dir='ltr'>καταργεῖται)</span> <span class='ocrx_word' id='word_1_309' title='bbox 652 2255 666 2270; x_wconf 91' lang='grc'><strong>.</strong></span> <span class='ocrx_word' id='word_1_310' title='bbox 693 2217 860 2268; x_wconf 84' lang='grc' dir='ltr'>Ὅταν</span> <span class='ocrx_word' id='word_1_311' title='bbox 888 2215 946 2268; x_wconf 82' lang='grc' dir='ltr'><strong>δὲ</strong></span> <span class='ocrx_word' id='word_1_312' title='bbox 973 2213 1280 2286; x_wconf 75' lang='grc' dir='ltr'>ἐπιστρέψῃ</span> <span class='ocrx_word' id='word_1_313' title='bbox 1317 2213 1455 2285; x_wconf 82' lang='grc' dir='ltr'>πρὸς</span> <span class='ocrx_word' id='word_1_314' title='bbox 1485 2211 1708 2282; x_wconf 79' lang='grc' dir='ltr'>Κύριον,</span> <span class='ocrx_word' id='word_1_315' title='bbox 1741 2228 1838 2265; x_wconf 88' lang='grc' dir='ltr'>πε-</span> 
     </span>
    </p>
   </div>
   <div class='ocr_carea' id='block_1_40' title="bbox 235 2302 1838 2384">
    <p class='ocr_par' dir='ltr' id='par_1_40' title="bbox 235 2302 1838 2384">
     <span class='ocr_line' id='line_1_40' title="bbox 235 2302 1838 2384; baseline -0.006 -19"><span class='ocrx_word' id='word_1_316' title='bbox 235 2313 548 2384; x_wconf 85' lang='grc' dir='ltr'>ριαιρεῖται</span> <span class='ocrx_word' id='word_1_317' title='bbox 584 2309 645 2361; x_wconf 83' lang='grc' dir='ltr'><strong>τὸ</strong></span> <span class='ocrx_word' id='word_1_318' title='bbox 684 2307 968 2377; x_wconf 75' lang='grc' dir='ltr'>κάλυμμα.</span> <span class='ocrx_word' id='word_1_319' title='bbox 1025 2305 1084 2357; x_wconf 74' lang='grc' dir='ltr'><strong>Ὀ</strong></span> <span class='ocrx_word' id='word_1_320' title='bbox 1133 2305 1190 2358; x_wconf 81' lang='grc' dir='ltr'>δὲ</span> <span class='ocrx_word' id='word_1_321' title='bbox 1237 2303 1442 2376; x_wconf 82' lang='grc' dir='ltr'>Κύριος</span> <span class='ocrx_word' id='word_1_322' title='bbox 1500 2302 1558 2356; x_wconf 88' lang='grc' dir='ltr'><strong>τὸ</strong></span> <span class='ocrx_word' id='word_1_323' title='bbox 1616 2302 1838 2372; x_wconf 83' lang='grc' dir='ltr'>Πνεῦμά</span> 
     </span>
    </p>
   </div>
   <div class='ocr_carea' id='block_1_41' title="bbox 235 2397 1835 2473">
    <p class='ocr_par' dir='ltr' id='par_1_41' title="bbox 235 2397 1835 2473">
     <span class='ocr_line' id='line_1_41' title="bbox 235 2397 1835 2473; baseline -0.006 -12"><span class='ocrx_word' id='word_1_324' title='bbox 235 2409 432 2460; x_wconf 71' lang='grc' dir='ltr'>ἐστιν·</span> <span class='ocrx_word' id='word_1_325' title='bbox 466 2397 532 2459; x_wconf 74' lang='grc' dir='ltr'><strong>οῦ</strong></span> <span class='ocrx_word' id='word_1_326' title='bbox 576 2404 634 2457; x_wconf 84' lang='grc' dir='ltr'><strong>δὲ</strong></span> <span class='ocrx_word' id='word_1_327' title='bbox 679 2404 742 2456; x_wconf 75' lang='grc' dir='ltr'><strong>τὸ</strong></span> <span class='ocrx_word' id='word_1_328' title='bbox 786 2402 1013 2473; x_wconf 85' lang='grc' dir='ltr'>Πνεῦμα</span> <span class='ocrx_word' id='word_1_329' title='bbox 1072 2401 1302 2473; x_wconf 87' lang='grc' dir='ltr'>Κυρίου,</span> <span class='ocrx_word' id='word_1_330' title='bbox 1353 2403 1470 2454; x_wconf 80' lang='grc' dir='ltr'>ἐκεῖ</span> <span class='ocrx_word' id='word_1_331' title='bbox 1529 2399 1835 2471; x_wconf 80' lang='grc' dir='ltr'>ἐλευθερία.</span> 
     </span>
    </p>
   </div>
   <div class='ocr_carea' id='block_1_42' title="bbox 247 2491 1838 2570">
    <p class='ocr_par' dir='ltr' id='par_1_42' title="bbox 247 2491 1838 2570">
     <span class='ocr_line' id='line_1_42' title="bbox 247 2491 1838 2570; baseline -0.005 -18"><span class='ocrx_word' id='word_1_332' title='bbox 247 2500 452 2570; x_wconf 80' lang='grc' dir='ltr'>Ἡμεῖς</span> <span class='ocrx_word' id='word_1_333' title='bbox 504 2497 562 2549; x_wconf 78' lang='grc' dir='ltr'><strong>δὲ</strong></span> <span class='ocrx_word' id='word_1_334' title='bbox 610 2495 813 2558; x_wconf 79' lang='grc' dir='ltr'>πάντες</span> <span class='ocrx_word' id='word_1_335' title='bbox 857 2493 1366 2564; x_wconf 78' lang='grc' dir='ltr'>ἀνακεκαλυμμένῳ</span> <span class='ocrx_word' id='word_1_336' title='bbox 1410 2491 1688 2564; x_wconf 81' lang='grc' dir='ltr'>προσώπῳ</span> <span class='ocrx_word' id='word_1_337' title='bbox 1740 2493 1838 2563; x_wconf 79' lang='grc' dir='ltr'>τὴν</span> 
     </span>
    </p>
   </div>
   <div class='ocr_carea' id='block_1_43' title="bbox 237 2583 1841 2659">
    <p class='ocr_par' dir='ltr' id='par_1_43' title="bbox 237 2583 1841 2659">
     <span class='ocr_line' id='line_1_43' title="bbox 237 2583 1841 2659; baseline -0.014 -12"><span class='ocrx_word' id='word_1_338' title='bbox 237 2593 406 2657; x_wconf 65' lang='grc' dir='ltr'>δόξαν</span> <span class='ocrx_word' id='word_1_339' title='bbox 459 2588 668 2659; x_wconf 77' lang='grc' dir='ltr'>Κυρίου</span> <span class='ocrx_word' id='word_1_340' title='bbox 719 2586 1227 2656; x_wconf 77' lang='grc' dir='ltr'>κατοπτριζόμενοι,</span> <span class='ocrx_word' id='word_1_341' title='bbox 1284 2583 1384 2654; x_wconf 78' lang='grc' dir='ltr'><strong>τὴν</strong></span> <span class='ocrx_word' id='word_1_342' title='bbox 1435 2585 1606 2654; x_wconf 79' lang='grc' dir='ltr'>αὐτὴν</span> <span class='ocrx_word' id='word_1_343' title='bbox 1656 2583 1841 2636; x_wconf 76' lang='grc' dir='ltr'>εἰκόνα</span> 
     </span>
    </p>
   </div>
   <div class='ocr_carea' id='block_1_44' title="bbox 245 2673 1838 2756">
    <p class='ocr_par' dir='ltr' id='par_1_44' title="bbox 245 2673 1838 2756">
     <span class='ocr_line' id='line_1_44' title="bbox 245 2673 1838 2756; baseline -0.006 -21"><span class='ocrx_word' id='word_1_344' title='bbox 245 2677 759 2756; x_wconf 65' lang='grc' dir='ltr'>μεταμορφούμεθα</span> <span class='ocrx_word' id='word_1_345' title='bbox 787 2677 896 2730; x_wconf 81' lang='grc' dir='ltr'>ἀπὸ</span> <span class='ocrx_word' id='word_1_346' title='bbox 927 2676 1083 2746; x_wconf 79' lang='grc' dir='ltr'>δόξης</span> <span class='ocrx_word' id='word_1_347' title='bbox 1115 2677 1196 2738; x_wconf 83' lang='grc' dir='ltr'><strong>είς</strong></span> <span class='ocrx_word' id='word_1_348' title='bbox 1238 2675 1418 2739; x_wconf 79' lang='grc' dir='ltr'>δόξαν,</span> <span class='ocrx_word' id='word_1_349' title='bbox 1455 2673 1705 2744; x_wconf 87' lang='grc' dir='ltr'>καθάπερ</span> <span class='ocrx_word' id='word_1_350' title='bbox 1732 2673 1838 2727; x_wconf 79' lang='grc' dir='ltr'>ἀπὸ</span> 
     </span>
    </p>
   </div>
   <div class='ocr_carea' id='block_1_45' title="bbox 244 2765 1840 2847">
    <p class='ocr_par' dir='ltr' id='par_1_45' title="bbox 244 2765 1840 2847">
     <span class='ocr_line' id='line_1_45' title="bbox 244 2765 1840 2847; baseline -0.008 -18"><span class='ocrx_word' id='word_1_351' title='bbox 244 2775 458 2847; x_wconf 77' lang='grc' dir='ltr'>Κυρίου</span> <span class='ocrx_word' id='word_1_352' title='bbox 505 2770 843 2840; x_wconf 83' lang='grc' dir='ltr'>Πνεύματος.</span> <span class='ocrx_word' id='word_1_353' title='bbox 870 2789 886 2820; x_wconf 79' lang='grc' dir='ltr'><strong>ι</strong></span> <span class='ocrx_word' id='word_1_354' title='bbox 930 2769 1042 2822; x_wconf 77' lang='grc' dir='ltr'><strong>Καὶ</strong></span> <span class='ocrx_word' id='word_1_355' title='bbox 1081 2767 1284 2837; x_wconf 77' lang='grc' dir='ltr'>Κύριον</span> <span class='ocrx_word' id='word_1_356' title='bbox 1334 2766 1661 2828; x_wconf 78' lang='grc' dir='ltr'>τοσαυτάκις</span> <span class='ocrx_word' id='word_1_357' title='bbox 1703 2765 1840 2818; x_wconf 79' lang='grc' dir='ltr'><strong>ὠνό-</strong></span> 
     </span>
    </p>
   </div>
   <div class='ocr_carea' id='block_1_46' title="bbox 248 2859 1839 2940">
    <p class='ocr_par' dir='ltr' id='par_1_46' title="bbox 248 2859 1839 2940">
     <span class='ocr_line' id='line_1_46' title="bbox 248 2859 1839 2940; baseline -0.006 -19"><span class='ocrx_word' id='word_1_358' title='bbox 248 2886 424 2940; x_wconf 70' lang='grc' dir='ltr'>μασεν</span> <span class='ocrx_word' id='word_1_359' title='bbox 449 2866 510 2920; x_wconf 81' lang='grc' dir='ltr'>τὺ</span> <span class='ocrx_word' id='word_1_360' title='bbox 544 2863 768 2934; x_wconf 82' lang='grc' dir='ltr'>Πνεῦμα</span> <span class='ocrx_word' id='word_1_361' title='bbox 796 2863 856 2916; x_wconf 82' lang='grc' dir='ltr'>τὸ</span> <span class='ocrx_word' id='word_1_362' title='bbox 888 2864 1066 2931; x_wconf 72' lang='grc' dir='ltr'>ἅγιον,</span> <span class='ocrx_word' id='word_1_363' title='bbox 1093 2868 1189 2916; x_wconf 76' lang='grc' dir='ltr'><strong>καὶ</strong></span> <span class='ocrx_word' id='word_1_364' title='bbox 1217 2859 1528 2932; x_wconf 79' lang='grc' dir='ltr'>ἐλευθερίαν</span> <span class='ocrx_word' id='word_1_365' title='bbox 1562 2860 1839 2930; x_wconf 83' lang='grc' dir='ltr'>δωρούμε-</span> 
     </span>
    </p>
   </div>
   <div class='ocr_carea' id='block_1_47' title="bbox 255 2951 1840 3026">
    <p class='ocr_par' dir='ltr' id='par_1_47' title="bbox 255 2951 1840 3026">
     <span class='ocr_line' id='line_1_47' title="bbox 255 2951 1840 3026; baseline -0.006 -12"><span class='ocrx_word' id='word_1_366' title='bbox 255 2979 358 3022; x_wconf 62' lang='grc' dir='ltr'>νον,</span> <span class='ocrx_word' id='word_1_367' title='bbox 394 2954 478 3022; x_wconf 79' lang='grc' dir='ltr'>οἷς</span> <span class='ocrx_word' id='word_1_368' title='bbox 519 2958 800 3026; x_wconf 73' lang='grc' dir='ltr'>ἐπιφαίνει</span> <span class='ocrx_word' id='word_1_369' title='bbox 835 2955 932 3008; x_wconf 73' lang='grc' dir='ltr'><strong>καὶ</strong></span> <span class='ocrx_word' id='word_1_370' title='bbox 975 2953 1134 3019; x_wconf 80' lang='grc' dir='ltr'>δόξαν</span> <span class='ocrx_word' id='word_1_371' title='bbox 1181 2953 1302 3024; x_wconf 74' lang='grc' dir='ltr'>ἔχον</span> <span class='ocrx_word' id='word_1_372' title='bbox 1347 2953 1405 3006; x_wconf 76' lang='grc' dir='ltr'>ἐν</span> <span class='ocrx_word' id='word_1_373' title='bbox 1444 2951 1640 3022; x_wconf 80' lang='grc' dir='ltr'>ἐαυτῷ.</span> <span class='ocrx_word' id='word_1_374' title='bbox 1689 2953 1752 3004; x_wconf 88' lang='grc' dir='ltr'><strong><em>Ἠ</em></strong></span> <span class='ocrx_word' id='word_1_375' title='bbox 1785 2951 1840 3004; x_wconf 79' lang='grc' dir='ltr'>δὲ</span> 
     </span>
    </p>
   </div>
   <div class='ocr_carea' id='block_1_48' title="bbox 257 3037 1842 3119">
    <p class='ocr_par' dir='ltr' id='par_1_48' title="bbox 257 3037 1842 3119">
     <span class='ocr_line' id='line_1_48' title="bbox 257 3037 1842 3119; baseline -0.007 -14"><span class='ocrx_word' id='word_1_376' title='bbox 257 3053 404 3105; x_wconf 77' lang='grc' dir='ltr'>πᾶσα</span> <span class='ocrx_word' id='word_1_377' title='bbox 427 3049 526 3104; x_wconf 90' lang='grc' dir='ltr'><strong>τοῦ</strong></span> <span class='ocrx_word' id='word_1_378' title='bbox 569 3046 868 3119; x_wconf 72' lang='grc' dir='ltr'>κεφαλαίου</span> <span class='ocrx_word' id='word_1_379' title='bbox 899 3044 1165 3118; x_wconf 78' lang='grc' dir='ltr'>ἑρμηνεία</span> <span class='ocrx_word' id='word_1_380' title='bbox 1192 3045 1303 3114; x_wconf 73' lang='grc' dir='ltr'>ἔχει</span> <span class='ocrx_word' id='word_1_381' title='bbox 1330 3037 1431 3098; x_wconf 82' lang='grc' dir='ltr'>ὧδε</span> <span class='ocrx_word' id='word_1_382' title='bbox 1449 3060 1461 3073; x_wconf 93' lang='grc'><strong>·</strong></span> <span class='ocrx_word' id='word_1_383' title='bbox 1492 3043 1573 3096; x_wconf 82' lang='grc' dir='ltr'><strong>Τὰ</strong></span> <span class='ocrx_word' id='word_1_384' title='bbox 1601 3043 1698 3113; x_wconf 77' lang='grc' dir='ltr'>τῆς</span> <span class='ocrx_word' id='word_1_385' title='bbox 1729 3042 1842 3094; x_wconf 89' lang='grc' dir='ltr'>Πα-</span> 
     </span>
    </p>
   </div>
   <div class='ocr_carea' id='block_1_49' title="bbox 258 3136 1841 3214">
    <p class='ocr_par' dir='ltr' id='par_1_49' title="bbox 258 3136 1841 3214">
     <span class='ocr_line' id='line_1_49' title="bbox 258 3136 1841 3214; baseline -0.005 -19"><span class='ocrx_word' id='word_1_386' title='bbox 258 3147 429 3209; x_wconf 62' lang='lat' dir='ltr'><strong>Mdg,</strong></span> <span class='ocrx_word' id='word_1_387' title='bbox 481 3143 688 3214; x_wconf 67' lang='grc' dir='ltr'>φησιν,</span> <span class='ocrx_word' id='word_1_388' title='bbox 738 3140 1017 3211; x_wconf 79' lang='grc' dir='ltr'>Διαθήκης</span> <span class='ocrx_word' id='word_1_389' title='bbox 1075 3137 1342 3190; x_wconf 79' lang='grc' dir='ltr'>Ἰουδαῖκᾶ</span> <span class='ocrx_word' id='word_1_390' title='bbox 1393 3136 1841 3207; x_wconf 75' lang='grc' dir='ltr'>παρατηρήματα</span> 
     </span>
    </p>
   </div>
   <div class='ocr_carea' id='block_1_50' title="bbox 260 3226 1842 3308">
    <p class='ocr_par' dir='ltr' id='par_1_50' title="bbox 260 3226 1842 3308">
     <span class='ocr_line' id='line_1_50' title="bbox 260 3226 1842 3308; baseline -0.007 -19"><span class='ocrx_word' id='word_1_391' title='bbox 260 3235 337 3289; x_wconf 72' lang='grc' dir='ltr'>ἔτι</span> <span class='ocrx_word' id='word_1_392' title='bbox 370 3236 546 3308; x_wconf 82' lang='grc' dir='ltr'>μένει,</span> <span class='ocrx_word' id='word_1_393' title='bbox 576 3233 653 3305; x_wconf 79' lang='grc' dir='ltr'>μὴ</span> <span class='ocrx_word' id='word_1_394' title='bbox 675 3229 1166 3286; x_wconf 85' lang='grc' dir='ltr'>ἁποσκεπασθέντα</span> <span class='ocrx_word' id='word_1_395' title='bbox 1193 3230 1288 3282; x_wconf 76' lang='grc' dir='ltr'>καὶ</span> <span class='ocrx_word' id='word_1_396' title='bbox 1314 3227 1626 3296; x_wconf 75' lang='grc' dir='ltr'>γνωσθέντα</span> <span class='ocrx_word' id='word_1_397' title='bbox 1660 3226 1842 3291; x_wconf 78' lang='grc' dir='ltr'>ἐνίοις,</span> 
     </span>
    </p>
   </div>
   <div class='ocr_carea' id='block_1_51' title="bbox 266 3313 1846 3400">
    <p class='ocr_par' dir='ltr' id='par_1_51' title="bbox 266 3313 1846 3400">
     <span class='ocr_line' id='line_1_51' title="bbox 266 3313 1846 3400; baseline -0.009 -16"><span class='ocrx_word' id='word_1_398' title='bbox 266 3333 341 3384; x_wconf 60' lang='grc' dir='ltr'>ὅτι</span> <span class='ocrx_word' id='word_1_399' title='bbox 367 3329 716 3400; x_wconf 73' lang='grc' dir='ltr'>κατήργηται</span> <span class='ocrx_word' id='word_1_400' title='bbox 761 3326 818 3378; x_wconf 79' lang='grc' dir='ltr'>ἐν</span> <span class='ocrx_word' id='word_1_401' title='bbox 849 3321 1092 3395; x_wconf 81' lang='grc' dir='ltr'>Χριστῷ,</span> <span class='ocrx_word' id='word_1_402' title='bbox 1126 3320 1204 3392; x_wconf 82' lang='grc' dir='ltr'>τῷ</span> <span class='ocrx_word' id='word_1_403' title='bbox 1233 3319 1470 3373; x_wconf 78' lang='grc' dir='ltr'>εἰπόντιο</span> <span class='ocrx_word' id='word_1_404' title='bbox 1510 3337 1526 3368; x_wconf 81' lang='grc' dir='ltr'><strong>ι</strong></span> <span class='ocrx_word' id='word_1_405' title='bbox 1553 3318 1666 3370; x_wconf 81' lang='grc' dir='ltr'><strong>Οὐκ</strong></span> <span class='ocrx_word' id='word_1_406' title='bbox 1684 3313 1846 3388; x_wconf 75' lang='grc' dir='ltr'>ἦλθον</span> 
     </span>
    </p>
   </div>
   <div class='ocr_carea' id='block_1_52' title="bbox 278 3409 1844 3488">
    <p class='ocr_par' dir='ltr' id='par_1_52' title="bbox 278 3409 1844 3488">
     <span class='ocr_line' id='line_1_52' title="bbox 278 3409 1844 3488; baseline -0.009 -14"><span class='ocrx_word' id='word_1_407' title='bbox 278 3421 563 3476; x_wconf 61' lang='grc' dir='ltr'>καταλῦσαι</span> <span class='ocrx_word' id='word_1_408' title='bbox 601 3419 695 3471; x_wconf 80' lang='grc' dir='ltr'><strong>τὸν</strong></span> <span class='ocrx_word' id='word_1_409' title='bbox 723 3417 908 3488; x_wconf 84' lang='grc' dir='ltr'>νόμον,</span> <span class='ocrx_word' id='word_1_410' title='bbox 939 3415 1077 3470; x_wconf 83' lang='grc' dir='ltr'>ἀλλὰ</span> <span class='ocrx_word' id='word_1_411' title='bbox 1115 3412 1400 3484; x_wconf 75' lang='grc' dir='ltr'>πληρῶσαι</span> <span class='ocrx_word' id='word_1_412' title='bbox 1419 3427 1433 3440; x_wconf 88' lang='grc'><strong>·</strong></span> <span class='ocrx_word' id='word_1_413' title='bbox 1463 3429 1482 3462; x_wconf 77' lang='grc' dir='ltr'><strong>ι</strong></span> <span class='ocrx_word' id='word_1_414' title='bbox 1514 3409 1657 3463; x_wconf 75' lang='grc' dir='ltr'>τοῦτ’</span> <span class='ocrx_word' id='word_1_415' title='bbox 1679 3409 1844 3474; x_wconf 77' lang='grc' dir='ltr'>ἐστιν,</span> 
     </span>
    </p>
   </div>
   <div class='ocr_carea' id='block_1_53' title="bbox 281 3502 1849 3585">
    <p class='ocr_par' dir='ltr' id='par_1_53' title="bbox 281 3502 1849 3585">
     <span class='ocr_line' id='line_1_53' title="bbox 281 3502 1849 3585; baseline -0.01 -17"><span class='ocrx_word' id='word_1_416' title='bbox 281 3515 312 3585; x_wconf 70' lang='grc' dir='ltr'>ἢ</span> <span class='ocrx_word' id='word_1_417' title='bbox 346 3514 562 3578; x_wconf 80' lang='grc' dir='ltr'>παῦσαι,</span> <span class='ocrx_word' id='word_1_418' title='bbox 603 3513 639 3583; x_wconf 83' lang='grc' dir='ltr'>ἦ</span> <span class='ocrx_word' id='word_1_419' title='bbox 675 3511 736 3564; x_wconf 82' lang='grc' dir='ltr'>τὸ</span> <span class='ocrx_word' id='word_1_420' title='bbox 774 3509 961 3561; x_wconf 83' lang='grc' dir='ltr'>λεῖπον</span> <span class='ocrx_word' id='word_1_421' title='bbox 1005 3505 1420 3578; x_wconf 78' lang='grc' dir='ltr'>ἀναπληρῶσαι.</span> <span class='ocrx_word' id='word_1_422' title='bbox 1461 3504 1626 3557; x_wconf 83' lang='grc' dir='ltr'>Ὅταν</span> <span class='ocrx_word' id='word_1_423' title='bbox 1669 3502 1726 3554; x_wconf 81' lang='grc' dir='ltr'>δέ</span> <span class='ocrx_word' id='word_1_424' title='bbox 1764 3518 1849 3564; x_wconf 85' lang='grc' dir='ltr'><strong>τις</strong></span> 
     </span>
    </p>
   </div>
   <div class='ocr_carea' id='block_1_54' title="bbox 284 3594 1848 3678">
    <p class='ocr_par' dir='ltr' id='par_1_54' title="bbox 284 3594 1848 3678">
     <span class='ocr_line' id='line_1_54' title="bbox 284 3594 1848 3678; baseline -0.009 -18"><span class='ocrx_word' id='word_1_425' title='bbox 284 3605 564 3678; x_wconf 57' lang='grc' dir='ltr'>ἐπιστρέψῃ</span> <span class='ocrx_word' id='word_1_426' title='bbox 588 3603 726 3676; x_wconf 77' lang='grc' dir='ltr'>πρὸς</span> <span class='ocrx_word' id='word_1_427' title='bbox 750 3603 978 3673; x_wconf 88' lang='grc' dir='ltr'>Κύριον,</span> <span class='ocrx_word' id='word_1_428' title='bbox 1013 3600 1108 3653; x_wconf 73' lang='grc' dir='ltr'><strong>καὶ</strong></span> <span class='ocrx_word' id='word_1_429' title='bbox 1142 3600 1382 3671; x_wconf 82' lang='grc' dir='ltr'>μεταστῇ</span> <span class='ocrx_word' id='word_1_430' title='bbox 1410 3595 1516 3650; x_wconf 86' lang='grc' dir='ltr'><strong>ἀπὸ</strong></span> <span class='ocrx_word' id='word_1_431' title='bbox 1554 3594 1647 3649; x_wconf 85' lang='grc' dir='ltr'><strong>τοῦ</strong></span> <span class='ocrx_word' id='word_1_432' title='bbox 1677 3594 1848 3647; x_wconf 86' lang='grc' dir='ltr'>τύπου</span> 
     </span>
    </p>
   </div>
   <div class='ocr_carea' id='block_1_55' title="bbox 282 3684 1852 3770">
    <p class='ocr_par' dir='ltr' id='par_1_55' title="bbox 282 3684 1852 3770">
     <span class='ocr_line' id='line_1_55' title="bbox 282 3684 1852 3770; baseline -0.01 -17"><span class='ocrx_word' id='word_1_433' title='bbox 282 3702 356 3764; x_wconf 79' lang='grc' dir='ltr'><strong>είς</strong></span> <span class='ocrx_word' id='word_1_434' title='bbox 382 3699 478 3770; x_wconf 78' lang='grc' dir='ltr'>τὴν</span> <span class='ocrx_word' id='word_1_435' title='bbox 513 3698 789 3770; x_wconf 76' lang='grc' dir='ltr'>ἀλήθειαν,</span> <span class='ocrx_word' id='word_1_436' title='bbox 821 3694 929 3748; x_wconf 81' lang='grc' dir='ltr'>ἀπὸ</span> <span class='ocrx_word' id='word_1_437' title='bbox 950 3691 1045 3745; x_wconf 91' lang='grc' dir='ltr'><strong>τοῦ</strong></span> <span class='ocrx_word' id='word_1_438' title='bbox 1075 3691 1239 3763; x_wconf 77' lang='grc' dir='ltr'>νόμου</span> <span class='ocrx_word' id='word_1_439' title='bbox 1272 3692 1350 3753; x_wconf 86' lang='grc' dir='ltr'>εἰς</span> <span class='ocrx_word' id='word_1_440' title='bbox 1374 3688 1471 3759; x_wconf 82' lang='grc' dir='ltr'>τὴν</span> <span class='ocrx_word' id='word_1_441' title='bbox 1497 3687 1678 3758; x_wconf 85' lang='grc' dir='ltr'>χάριν,</span> <span class='ocrx_word' id='word_1_442' title='bbox 1710 3684 1852 3739; x_wconf 79' lang='grc' dir='ltr'>κατὰ</span> 
     </span>
    </p>
   </div>
   <div class='ocr_carea' id='block_1_56' title="bbox 281 3779 1852 3858">
    <p class='ocr_par' dir='ltr' id='par_1_56' title="bbox 281 3779 1852 3858">
     <span class='ocr_line' id='line_1_56' title="bbox 281 3779 1852 3858; baseline -0.011 -11"><span class='ocrx_word' id='word_1_443' title='bbox 281 3795 350 3856; x_wconf 72' lang='grc' dir='ltr'><strong>τὺ,</strong></span> <span class='ocrx_word' id='word_1_444' title='bbox 382 3812 401 3844; x_wconf 76' lang='grc' dir='ltr'><strong>ι</strong></span> <span class='ocrx_word' id='word_1_445' title='bbox 429 3793 540 3846; x_wconf 83' lang='grc' dir='ltr'>Ούκ</span> <span class='ocrx_word' id='word_1_446' title='bbox 569 3791 696 3843; x_wconf 79' lang='grc' dir='ltr'>ἐστὲ</span> <span class='ocrx_word' id='word_1_447' title='bbox 725 3788 832 3842; x_wconf 83' lang='grc' dir='ltr'><strong>ὑπὸ</strong></span> <span class='ocrx_word' id='word_1_448' title='bbox 871 3786 1056 3858; x_wconf 83' lang='grc' dir='ltr'>νόμον,</span> <span class='ocrx_word' id='word_1_449' title='bbox 1105 3784 1219 3839; x_wconf 80' lang='grc' dir='ltr'>ἀλλ’</span> <span class='ocrx_word' id='word_1_450' title='bbox 1267 3783 1371 3836; x_wconf 81' lang='grc' dir='ltr'><strong>ὑπὸ</strong></span> <span class='ocrx_word' id='word_1_451' title='bbox 1417 3781 1594 3852; x_wconf 84' lang='grc' dir='ltr'>χάριν,</span> <span class='ocrx_word' id='word_1_452' title='bbox 1620 3800 1636 3831; x_wconf 83' lang='grc' dir='ltr'><strong>ι</strong></span> <span class='ocrx_word' id='word_1_453' title='bbox 1679 3779 1852 3850; x_wconf 79' lang='grc' dir='ltr'>ἀπορ-</span> 
     </span>
    </p>
   </div>
   <div class='ocr_carea' id='block_1_57' title="bbox 269 3869 1850 3960">
    <p class='ocr_par' dir='ltr' id='par_1_57' title="bbox 269 3869 1850 3960">
     <span class='ocr_line' id='line_1_57' title="bbox 269 3869 1850 3960; baseline -0.012 -20"><span class='ocrx_word' id='word_1_454' title='bbox 269 3890 450 3960; x_wconf 73' lang='grc' dir='ltr'>ῥιπτεῖ</span> <span class='ocrx_word' id='word_1_455' title='bbox 482 3887 658 3938; x_wconf 74' lang='grc' dir='ltr'>ἐκεῖνο</span> <span class='ocrx_word' id='word_1_456' title='bbox 688 3882 748 3935; x_wconf 74' lang='grc' dir='ltr'>τὸ</span> <span class='ocrx_word' id='word_1_457' title='bbox 778 3879 968 3949; x_wconf 77' lang='grc' dir='ltr'>ὥσπερ</span> <span class='ocrx_word' id='word_1_458' title='bbox 999 3877 1127 3950; x_wconf 80' lang='grc'><strong>[106</strong></span> <span class='ocrx_word' id='word_1_459' title='bbox 1159 3875 1213 3947; x_wconf 87' lang='lat' dir='ltr'><strong>a]</strong></span> <span class='ocrx_word' id='word_1_460' title='bbox 1281 3872 1656 3943; x_wconf 81' lang='grc' dir='ltr'>συγκαλύπτον</span> <span class='ocrx_word' id='word_1_461' title='bbox 1689 3869 1850 3923; x_wconf 79' lang='grc' dir='ltr'>αὑτὸν</span> 
     </span>
    </p>
   </div>
   <div class='ocr_carea' id='block_1_58' title="bbox 267 3963 1854 4050">
    <p class='ocr_par' dir='ltr' id='par_1_58' title="bbox 267 3963 1854 4050">
     <span class='ocr_line' id='line_1_58' title="bbox 267 3963 1854 4050; baseline -0.014 -15"><span class='ocrx_word' id='word_1_462' title='bbox 267 3982 535 4050; x_wconf 70' lang='grc' dir='ltr'>κάλυμμα</span> <span class='ocrx_word' id='word_1_463' title='bbox 555 3995 566 4009; x_wconf 76' lang='grc' dir='ltr'><strong>ο</strong></span> <span class='ocrx_word' id='word_1_464' title='bbox 600 3979 785 4046; x_wconf 76' lang='grc' dir='ltr'>ὅμοιον</span> <span class='ocrx_word' id='word_1_465' title='bbox 814 3973 983 4025; x_wconf 82' lang='grc' dir='ltr'>ποιῶν</span> <span class='ocrx_word' id='word_1_466' title='bbox 1007 3971 1236 4040; x_wconf 77' lang='grc' dir='ltr'>Μωῦσῇ,</span> <span class='ocrx_word' id='word_1_467' title='bbox 1269 3964 1659 4038; x_wconf 86' lang='grc' dir='ltr'>περιαιροῦντι,</span> <span class='ocrx_word' id='word_1_468' title='bbox 1691 3963 1854 4034; x_wconf 84' lang='grc' dir='ltr'>ἡνίκα</span> 
     </span>
    </p>
   </div>
   <div class='ocr_carea' id='block_1_59' title="bbox 265 4054 1856 4140">
    <p class='ocr_par' dir='ltr' id='par_1_59' title="bbox 265 4054 1856 4140">
     <span class='ocr_line' id='line_1_59' title="bbox 265 4054 1856 4140; baseline -0.014 -13"><span class='ocrx_word' id='word_1_469' title='bbox 265 4070 615 4140; x_wconf 75' lang='grc' dir='ltr'>διαλέγεσθαι</span> <span class='ocrx_word' id='word_1_470' title='bbox 661 4067 880 4138; x_wconf 69' lang='grc' dir='ltr'>ἠξιοῦτο</span> <span class='ocrx_word' id='word_1_471' title='bbox 920 4063 999 4134; x_wconf 79' lang='grc' dir='ltr'>τῷ</span> <span class='ocrx_word' id='word_1_472' title='bbox 1045 4063 1261 4133; x_wconf 80' lang='grc' dir='ltr'>ἀοράτῳ</span> <span class='ocrx_word' id='word_1_473' title='bbox 1310 4057 1449 4128; x_wconf 77' lang='grc' dir='ltr'>θεῷ,</span> <span class='ocrx_word' id='word_1_474' title='bbox 1497 4055 1556 4109; x_wconf 83' lang='grc' dir='ltr'><strong>τὸ</strong></span> <span class='ocrx_word' id='word_1_475' title='bbox 1589 4054 1856 4124; x_wconf 84' lang='grc' dir='ltr'>κάλυμμα</span> 
     </span>
    </p>
   </div>
   <div class='ocr_carea' id='block_1_60' title="bbox 267 4148 1856 4238">
    <p class='ocr_par' dir='ltr' id='par_1_60' title="bbox 267 4148 1856 4238">
     <span class='ocr_line' id='line_1_60' title="bbox 267 4148 1856 4238; baseline -0.013 -18"><span class='ocrx_word' id='word_1_476' title='bbox 267 4169 358 4220; x_wconf 81' lang='grc' dir='ltr'><strong>τοῦ</strong></span> <span class='ocrx_word' id='word_1_477' title='bbox 398 4164 695 4238; x_wconf 80' lang='grc' dir='ltr'>προσώπου</span> <span class='ocrx_word' id='word_1_478' title='bbox 726 4159 915 4222; x_wconf 79' lang='grc' dir='ltr'>αὐτοῦ,</span> <span class='ocrx_word' id='word_1_479' title='bbox 952 4157 1046 4210; x_wconf 88' lang='grc' dir='ltr'><strong>τοῦ</strong></span> <span class='ocrx_word' id='word_1_480' title='bbox 1080 4159 1143 4209; x_wconf 76' lang='grc' dir='ltr'><strong>ἐκ</strong></span> <span class='ocrx_word' id='word_1_481' title='bbox 1186 4155 1285 4224; x_wconf 77' lang='grc' dir='ltr'>τῆς</span> <span class='ocrx_word' id='word_1_482' title='bbox 1317 4153 1505 4222; x_wconf 73' lang='grc' dir='ltr'><strong>θεῖκῆς</strong></span> <span class='ocrx_word' id='word_1_483' title='bbox 1534 4148 1856 4220; x_wconf 83' lang='grc' dir='ltr'>ἐπιφανείας</span> 
     </span>
    </p>
   </div>
   <div class='ocr_carea' id='block_1_61' title="bbox 264 4241 1857 4329">
    <p class='ocr_par' dir='ltr' id='par_1_61' title="bbox 264 4241 1857 4329">
     <span class='ocr_line' id='line_1_61' title="bbox 264 4241 1857 4329; baseline -0.013 -15"><span class='ocrx_word' id='word_1_484' title='bbox 264 4259 685 4329; x_wconf 72' lang='grc' dir='ltr'>δεδοξασμένου,</span> <span class='ocrx_word' id='word_1_485' title='bbox 719 4255 812 4309; x_wconf 72' lang='grc' dir='ltr'><strong>καὶ</strong></span> <span class='ocrx_word' id='word_1_486' title='bbox 844 4251 1219 4324; x_wconf 81' lang='grc' dir='ltr'>ἀμαυροῦντος</span> <span class='ocrx_word' id='word_1_487' title='bbox 1251 4248 1405 4318; x_wconf 81' lang='grc' dir='ltr'>δίκην</span> <span class='ocrx_word' id='word_1_488' title='bbox 1435 4245 1674 4315; x_wconf 79' lang='grc' dir='ltr'>ἡλιακῶν</span> <span class='ocrx_word' id='word_1_489' title='bbox 1702 4241 1857 4296; x_wconf 85' lang='grc' dir='ltr'>ἀκτί-</span> 
     </span>
    </p>
   </div>
   <div class='ocr_carea' id='block_1_62' title="bbox 263 4334 1858 4418">
    <p class='ocr_par' dir='ltr' id='par_1_62' title="bbox 263 4334 1858 4418">
     <span class='ocr_line' id='line_1_62' title="bbox 263 4334 1858 4418; baseline -0.011 -12"><span class='ocrx_word' id='word_1_490' title='bbox 263 4373 376 4407; x_wconf 79' lang='grc' dir='ltr'>νων</span> <span class='ocrx_word' id='word_1_491' title='bbox 427 4353 554 4414; x_wconf 73' lang='grc' dir='ltr'>τοὺς</span> <span class='ocrx_word' id='word_1_492' title='bbox 603 4348 915 4418; x_wconf 61' lang='grc' dir='ltr'>ὀφθαλμοῖδς</span> <span class='ocrx_word' id='word_1_493' title='bbox 958 4344 1065 4397; x_wconf 80' lang='grc' dir='ltr'><strong>τῶν</strong></span> <span class='ocrx_word' id='word_1_494' title='bbox 1108 4340 1520 4404; x_wconf 76' lang='grc' dir='ltr'>ενατενιζόντων</span> <span class='ocrx_word' id='word_1_495' title='bbox 1550 4335 1716 4406; x_wconf 72' lang='grc' dir='ltr'>αὐτῷ.</span> <span class='ocrx_word' id='word_1_496' title='bbox 1755 4334 1858 4388; x_wconf 83' lang='grc' dir='ltr'>Τὸν</span> 
     </span>
    </p>
   </div>
   <div class='ocr_carea' id='block_1_63' title="bbox 261 4427 1854 4517">
    <p class='ocr_par' dir='ltr' id='par_1_63' title="bbox 261 4427 1854 4517">
     <span class='ocr_line' id='line_1_63' title="bbox 261 4427 1854 4517; baseline -0.014 -15"><span class='ocrx_word' id='word_1_497' title='bbox 261 4449 322 4502; x_wconf 72' lang='grc' dir='ltr'>δὲ</span> <span class='ocrx_word' id='word_1_498' title='bbox 379 4445 590 4517; x_wconf 86' lang='grc' dir='ltr'>Κύριον</span> <span class='ocrx_word' id='word_1_499' title='bbox 640 4441 875 4496; x_wconf 78' lang='grc' dir='ltr'>ἐνταῦθα</span> <span class='ocrx_word' id='word_1_500' title='bbox 921 4439 982 4492; x_wconf 86' lang='grc' dir='ltr'><strong>τὸ</strong></span> <span class='ocrx_word' id='word_1_501' title='bbox 1035 4439 1188 4506; x_wconf 74' lang='grc' dir='ltr'>ἅγιον</span> <span class='ocrx_word' id='word_1_502' title='bbox 1228 4432 1454 4505; x_wconf 89' lang='grc' dir='ltr'>Πνεῦμα</span> <span class='ocrx_word' id='word_1_503' title='bbox 1499 4427 1636 4485; x_wconf 80' lang='grc' dir='ltr'>εἶναι</span> <span class='ocrx_word' id='word_1_504' title='bbox 1677 4428 1854 4499; x_wconf 77' lang='grc' dir='ltr'>λέγει’</span> 
     </span>
    </p>
   </div>
   <div class='ocr_carea' id='block_1_64' title="bbox 1943 1928 3515 2002">
    <p class='ocr_par' dir='ltr' id='par_1_64' title="bbox 1943 1928 3515 2002">
     <span class='ocr_line' id='line_1_64' title="bbox 1943 1928 3515 2002; baseline -0.008 -10"><span class='ocrx_word' id='word_1_505' title='bbox 1943 1938 2078 1992; x_wconf 90' lang='lat' dir='ltr'><strong>ritus</strong></span> <span class='ocrx_word' id='word_1_506' title='bbox 2119 1935 2327 1997; x_wconf 90' lang='lat' dir='ltr'><strong>sancti,</strong></span> <span class='ocrx_word' id='word_1_507' title='bbox 2388 1934 2554 1989; x_wconf 89' lang='lat' dir='ltr'><strong>Deum</strong></span> <span class='ocrx_word' id='word_1_508' title='bbox 2608 1933 3016 2002; x_wconf 81' lang='lat' dir='ltr'><strong>gloriﬁcandum</strong></span> <span class='ocrx_word' id='word_1_509' title='bbox 3062 1942 3183 1985; x_wconf 87' lang='lat' dir='ltr'><strong>esse</strong></span> <span class='ocrx_word' id='word_1_510' title='bbox 3241 1937 3424 1982; x_wconf 91' lang='lat' dir='ltr'><strong>monet</strong></span> <span class='ocrx_word' id='word_1_511' title='bbox 3463 1928 3515 1980; x_wconf 91' lang='lat' dir='ltr'><strong>in</strong></span> 
     </span>
    </p>
   </div>
   <div class='ocr_carea' id='block_1_65' title="bbox 1938 2018 3518 2096">
    <p class='ocr_par' dir='ltr' id='par_1_65' title="bbox 1938 2018 3518 2096">
     <span class='ocr_line' id='line_1_65' title="bbox 1938 2018 3518 2096; baseline -0.006 -14"><span class='ocrx_word' id='word_1_512' title='bbox 1938 2028 2290 2096; x_wconf 86' lang='lat' dir='ltr'><strong>corporibus;</strong></span> <span class='ocrx_word' id='word_1_513' title='bbox 2341 2026 2589 2079; x_wconf 82' lang='lat' dir='ltr'><strong>videlicet</strong></span> <span class='ocrx_word' id='word_1_514' title='bbox 2629 2023 2888 2093; x_wconf 86' lang='lat' dir='ltr'><strong>Spiritum</strong></span> <span class='ocrx_word' id='word_1_515' title='bbox 2948 2031 3218 2076; x_wconf 87' lang='lat' dir='ltr'><strong>sanctum.</strong></span> <span class='ocrx_word' id='word_1_516' title='bbox 3263 2018 3518 2088; x_wconf 88' lang='lat' dir='ltr'><strong>lnquicns</strong></span> 
     </span>
    </p>
   </div>
   <div class='ocr_carea' id='block_1_66' title="bbox 1940 2111 3518 2183">
    <p class='ocr_par' dir='ltr' id='par_1_66' title="bbox 1940 2111 3518 2183">
     <span class='ocr_line' id='line_1_66' title="bbox 1940 2111 3518 2183; baseline -0.007 -10"><span class='ocrx_word' id='word_1_517' title='bbox 1940 2134 2088 2183; x_wconf 87' lang='lat' dir='ltr'><strong>vero,</strong></span> <span class='ocrx_word' id='word_1_518' title='bbox 2134 2135 2166 2172; x_wconf 87' lang='lat' dir='ltr'><strong>a</strong></span> <span class='ocrx_word' id='word_1_519' title='bbox 2205 2119 2312 2171; x_wconf 86' lang='lat' dir='ltr'><strong>Deo</strong></span> <span class='ocrx_word' id='word_1_520' title='bbox 2373 2117 2520 2172; x_wconf 88' lang='lat' dir='ltr'><strong>illum</strong></span> <span class='ocrx_word' id='word_1_521' title='bbox 2575 2131 2674 2171; x_wconf 92' lang='lat' dir='ltr'><strong>nos</strong></span> <span class='ocrx_word' id='word_1_522' title='bbox 2722 2115 2944 2177; x_wconf 83' lang='lat' dir='ltr'><strong>habere,</strong></span> <span class='ocrx_word' id='word_1_523' title='bbox 2982 2114 3158 2182; x_wconf 88' lang='lat' dir='ltr'><strong>ipsum</strong></span> <span class='ocrx_word' id='word_1_524' title='bbox 3221 2111 3518 2166; x_wconf 89' lang='lat' dir='ltr'><strong>secundum</strong></span> 
     </span>
    </p>
   </div>
   <div class='ocr_carea' id='block_1_67' title="bbox 1939 2195 3521 2283">
    <p class='ocr_par' dir='ltr' id='par_1_67' title="bbox 1939 2195 3521 2283">
     <span class='ocr_line' id='line_1_67' title="bbox 1939 2195 3521 2283; baseline -0.007 -15"><span class='ocrx_word' id='word_1_525' title='bbox 1939 2223 2188 2268; x_wconf 87' lang='lat' dir='ltr'><strong>naturam</strong></span> <span class='ocrx_word' id='word_1_526' title='bbox 2231 2211 2344 2283; x_wconf 81' lang='grc'>(75)</span> <span class='ocrx_word' id='word_1_527' title='bbox 2391 2225 2456 2266; x_wconf 78' lang='lat' dir='ltr'><strong>ex</strong></span> <span class='ocrx_word' id='word_1_528' title='bbox 2493 2210 2602 2264; x_wconf 90' lang='lat' dir='ltr'><strong>Deo</strong></span> <span class='ocrx_word' id='word_1_529' title='bbox 2648 2210 2946 2279; x_wconf 81' lang='lat' dir='ltr'><strong>procedere</strong></span> <span class='ocrx_word' id='word_1_530' title='bbox 2975 2195 3150 2260; x_wconf 86' lang='lat' dir='ltr'><strong>docet.</strong></span> <span class='ocrx_word' id='word_1_531' title='bbox 3182 2203 3236 2256; x_wconf 76' lang='grc' dir='ltr'><strong>ιιι</strong></span> <span class='ocrx_word' id='word_1_532' title='bbox 3274 2205 3414 2274; x_wconf 92' lang='lat' dir='ltr'><strong>quod</strong></span> <span class='ocrx_word' id='word_1_533' title='bbox 3453 2218 3521 2257; x_wconf 77' lang='grc' dir='ltr'>ει</span> 
     </span>
    </p>
   </div>
   <div class='ocr_carea' id='block_1_68' title="bbox 1938 2294 3524 2370">
    <p class='ocr_par' dir='ltr' id='par_1_68' title="bbox 1938 2294 3524 2370">
     <span class='ocr_line' id='line_1_68' title="bbox 1938 2294 3524 2370; baseline -0.008 -9"><span class='ocrx_word' id='word_1_534' title='bbox 1938 2322 2003 2361; x_wconf 86' lang='lat' dir='ltr'><strong>eo</strong></span> <span class='ocrx_word' id='word_1_535' title='bbox 2032 2320 2218 2361; x_wconf 89' lang='lat' dir='ltr'><strong>rursus</strong></span> <span class='ocrx_word' id='word_1_536' title='bbox 2246 2302 2623 2367; x_wconf 80' lang='lat' dir='ltr'><strong>confirmatur,</strong></span> <span class='ocrx_word' id='word_1_537' title='bbox 2655 2301 2798 2370; x_wconf 91' lang='lat' dir='ltr'><strong>quod</strong></span> <span class='ocrx_word' id='word_1_538' title='bbox 2844 2298 3098 2366; x_wconf 88' lang='lat' dir='ltr'><strong>templum</strong></span> <span class='ocrx_word' id='word_1_539' title='bbox 3122 2298 3240 2366; x_wconf 84' lang='lat' dir='ltr'><strong>ejus</strong></span> <span class='ocrx_word' id='word_1_540' title='bbox 3270 2294 3341 2351; x_wconf 86' lang='lat' dir='ltr'><strong>sit</strong></span> <span class='ocrx_word' id='word_1_541' title='bbox 3362 2295 3524 2349; x_wconf 90' lang='lat' dir='ltr'><strong>homo</strong></span> 
     </span>
    </p>
   </div>
   <div class='ocr_carea' id='block_1_69' title="bbox 1939 2386 3524 2467">
    <p class='ocr_par' dir='ltr' id='par_1_69' title="bbox 1939 2386 3524 2467">
     <span class='ocr_line' id='line_1_69' title="bbox 1939 2386 3524 2467; baseline -0.009 -14"><span class='ocrx_word' id='word_1_542' title='bbox 1939 2398 2406 2467; x_wconf 62' lang='lat' dir='ltr'><strong>arqualiteratquc</strong></span> <span class='ocrx_word' id='word_1_543' title='bbox 2445 2393 2627 2447; x_wconf 88' lang='lat' dir='ltr'><strong>Patris</strong></span> <span class='ocrx_word' id='word_1_544' title='bbox 2676 2403 2730 2446; x_wconf 89' lang='lat' dir='ltr'><strong>et</strong></span> <span class='ocrx_word' id='word_1_545' title='bbox 2762 2389 2902 2444; x_wconf 88' lang='lat' dir='ltr'><strong>Filii.</strong></span> <span class='ocrx_word' id='word_1_546' title='bbox 2949 2389 3005 2443; x_wconf 91' lang='lat' dir='ltr'><strong>ln</strong></span> <span class='ocrx_word' id='word_1_547' title='bbox 3045 2389 3232 2444; x_wconf 90' lang='lat' dir='ltr'><strong>eadem</strong></span> <span class='ocrx_word' id='word_1_548' title='bbox 3267 2386 3524 2442; x_wconf 84' lang='lat' dir='ltr'><strong>similiter</strong></span> 
     </span>
    </p>
   </div>
   <div class='ocr_carea' id='block_1_70' title="bbox 1940 2481 3522 2560">
    <p class='ocr_par' dir='ltr' id='par_1_70' title="bbox 1940 2481 3522 2560">
     <span class='ocr_line' id='line_1_70' title="bbox 1940 2481 3522 2560; baseline -0.01 -13"><span class='ocrx_word' id='word_1_549' title='bbox 1940 2492 2176 2547; x_wconf 86' lang='lat' dir='ltr'><strong>secunda</strong></span> <span class='ocrx_word' id='word_1_550' title='bbox 2209 2490 2448 2560; x_wconf 82' lang='lat' dir='ltr'><strong>Epistola</strong></span> <span class='ocrx_word' id='word_1_551' title='bbox 2485 2505 2499 2542; x_wconf 90' lang='lat'><strong>:</strong></span> <span class='ocrx_word' id='word_1_552' title='bbox 2531 2505 2550 2538; x_wconf 79' lang='grc' dir='ltr'><strong>ι</strong></span> <span class='ocrx_word' id='word_1_553' title='bbox 2586 2486 2767 2554; x_wconf 84' lang='lat' dir='ltr'><strong>Usque</strong></span> <span class='ocrx_word' id='word_1_554' title='bbox 2801 2485 2912 2553; x_wconf 86' lang='lat'><strong>(76)</strong></span> <span class='ocrx_word' id='word_1_555' title='bbox 2947 2484 2998 2538; x_wconf 89' lang='lat' dir='ltr'><strong>in</strong></span> <span class='ocrx_word' id='word_1_556' title='bbox 3032 2482 3352 2538; x_wconf 88' lang='lat' dir='ltr'><strong>hodiernum</strong></span> <span class='ocrx_word' id='word_1_557' title='bbox 3375 2481 3522 2535; x_wconf 84' lang='lat' dir='ltr'><strong>enim</strong></span> 
     </span>
    </p>
   </div>
   <div class='ocr_carea' id='block_1_71' title="bbox 1941 2570 3522 2637">
    <p class='ocr_par' dir='ltr' id='par_1_71' title="bbox 1941 2570 3522 2637">
     <span class='ocr_line' id='line_1_71' title="bbox 1941 2570 3522 2637; baseline -0.009 -1"><span class='ocrx_word' id='word_1_558' title='bbox 1941 2585 2081 2637; x_wconf 86' lang='lat' dir='ltr'><strong>diem</strong></span> <span class='ocrx_word' id='word_1_559' title='bbox 2123 2581 2264 2635; x_wconf 91' lang='lat' dir='ltr'><strong>idem</strong></span> <span class='ocrx_word' id='word_1_560' title='bbox 2311 2579 2555 2633; x_wconf 83' lang='lat' dir='ltr'><strong>velamen</strong></span> <span class='ocrx_word' id='word_1_561' title='bbox 2591 2578 2645 2631; x_wconf 93' lang='lat' dir='ltr'><strong>in</strong></span> <span class='ocrx_word' id='word_1_562' title='bbox 2683 2576 2914 2630; x_wconf 87' lang='lat' dir='ltr'><strong>lectione</strong></span> <span class='ocrx_word' id='word_1_563' title='bbox 2945 2573 3153 2628; x_wconf 86' lang='lat' dir='ltr'><strong>Veteris</strong></span> <span class='ocrx_word' id='word_1_564' title='bbox 3193 2570 3522 2626; x_wconf 83' lang='lat' dir='ltr'><strong>Tcstamenti</strong></span> 
     </span>
    </p>
   </div>
   <div class='ocr_carea' id='block_1_72' title="bbox 1942 2662 3526 2740">
    <p class='ocr_par' dir='ltr' id='par_1_72' title="bbox 1942 2662 3526 2740">
     <span class='ocr_line' id='line_1_72' title="bbox 1942 2662 3526 2740; baseline -0.009 -12"><span class='ocrx_word' id='word_1_565' title='bbox 1942 2683 2122 2728; x_wconf 87' lang='lat' dir='ltr'><strong>manet</strong></span> <span class='ocrx_word' id='word_1_566' title='bbox 2146 2687 2252 2728; x_wconf 89' lang='lat' dir='ltr'><strong>non</strong></span> <span class='ocrx_word' id='word_1_567' title='bbox 2285 2671 2582 2726; x_wconf 84' lang='lat' dir='ltr'><strong>revelatum</strong></span> <span class='ocrx_word' id='word_1_568' title='bbox 2611 2669 2887 2740; x_wconf 83' lang='lat' dir='ltr'><strong>(quoniam</strong></span> <span class='ocrx_word' id='word_1_569' title='bbox 2921 2662 3030 2736; x_wconf 84' lang='lat'><strong>(77)</strong></span> <span class='ocrx_word' id='word_1_570' title='bbox 3065 2665 3117 2717; x_wconf 91' lang='lat' dir='ltr'><strong>in</strong></span> <span class='ocrx_word' id='word_1_571' title='bbox 3156 2662 3376 2718; x_wconf 84' lang='lat' dir='ltr'><strong>Christo</strong></span> <span class='ocrx_word' id='word_1_572' title='bbox 3400 2677 3526 2715; x_wconf 88' lang='lat' dir='ltr'><strong>eva-</strong></span> 
     </span>
    </p>
   </div>
   <div class='ocr_carea' id='block_1_73' title="bbox 1942 2753 3523 2836">
    <p class='ocr_par' dir='ltr' id='par_1_73' title="bbox 1942 2753 3523 2836">
     <span class='ocr_line' id='line_1_73' title="bbox 1942 2753 3523 2836; baseline -0.009 -16"><span class='ocrx_word' id='word_1_573' title='bbox 1942 2766 2174 2836; x_wconf 89' lang='lat' dir='ltr'><strong>cuatur).</strong></span> <span class='ocrx_word' id='word_1_574' title='bbox 2208 2763 2346 2818; x_wconf 90' lang='lat' dir='ltr'><strong>Cum</strong></span> <span class='ocrx_word' id='word_1_575' title='bbox 2375 2770 2553 2816; x_wconf 89' lang='lat' dir='ltr'><strong>autem</strong></span> <span class='ocrx_word' id='word_1_576' title='bbox 2587 2773 2882 2814; x_wconf 87' lang='lat' dir='ltr'><strong>conversus</strong></span> <span class='ocrx_word' id='word_1_577' title='bbox 2924 2755 3085 2810; x_wconf 77' lang='lat' dir='ltr'><strong>fuerit</strong></span> <span class='ocrx_word' id='word_1_578' title='bbox 3113 2755 3180 2808; x_wconf 86' lang='lat' dir='ltr'><strong>ad</strong></span> <span class='ocrx_word' id='word_1_579' title='bbox 3214 2753 3523 2818; x_wconf 89' lang='lat' dir='ltr'><strong>Dominmn,</strong></span> 
     </span>
    </p>
   </div>
   <div class='ocr_carea' id='block_1_74' title="bbox 1943 2843 3526 2917">
    <p class='ocr_par' dir='ltr' id='par_1_74' title="bbox 1943 2843 3526 2917">
     <span class='ocr_line' id='line_1_74' title="bbox 1943 2843 3526 2917; baseline -0.01 -5"><span class='ocrx_word' id='word_1_580' title='bbox 1943 2859 2186 2912; x_wconf 79' lang='lat' dir='ltr'><strong>aufertur</strong></span> <span class='ocrx_word' id='word_1_581' title='bbox 2214 2855 2479 2910; x_wconf 86' lang='lat' dir='ltr'><strong>velamen.</strong></span> <span class='ocrx_word' id='word_1_582' title='bbox 2513 2851 2773 2908; x_wconf 91' lang='lat' dir='ltr'><strong>Dominus</strong></span> <span class='ocrx_word' id='word_1_583' title='bbox 2805 2858 2981 2903; x_wconf 92' lang='lat' dir='ltr'><strong>autem</strong></span> <span class='ocrx_word' id='word_1_584' title='bbox 3015 2845 3253 2917; x_wconf 88' lang='lat' dir='ltr'><strong>Spiritus</strong></span> <span class='ocrx_word' id='word_1_585' title='bbox 3280 2853 3362 2899; x_wconf 84' lang='lat' dir='ltr'><strong>est</strong></span> <span class='ocrx_word' id='word_1_586' title='bbox 3388 2863 3402 2897; x_wconf 89' lang='lat'>:</span> <span class='ocrx_word' id='word_1_587' title='bbox 3433 2843 3526 2897; x_wconf 90' lang='lat' dir='ltr'><strong>ubi</strong></span> 
     </span>
    </p>
   </div>
   <div class='ocr_carea' id='block_1_75' title="bbox 1940 2936 3529 3016">
    <p class='ocr_par' dir='ltr' id='par_1_75' title="bbox 1940 2936 3529 3016">
     <span class='ocr_line' id='line_1_75' title="bbox 1940 2936 3529 3016; baseline -0.009 -12"><span class='ocrx_word' id='word_1_588' title='bbox 1940 2959 2118 3006; x_wconf 83' lang='lat' dir='ltr'><strong>autem</strong></span> <span class='ocrx_word' id='word_1_589' title='bbox 2169 2947 2403 3016; x_wconf 82' lang='lat' dir='ltr'><strong>Spiritus</strong></span> <span class='ocrx_word' id='word_1_590' title='bbox 2430 2944 2666 3008; x_wconf 87' lang='lat' dir='ltr'><strong>Domini,</strong></span> <span class='ocrx_word' id='word_1_591' title='bbox 2694 2943 2764 2996; x_wconf 92' lang='lat' dir='ltr'><strong>ibi</strong></span> <span class='ocrx_word' id='word_1_592' title='bbox 2798 2940 3038 2995; x_wconf 87' lang='lat' dir='ltr'><strong>libertas.</strong></span> <span class='ocrx_word' id='word_1_593' title='bbox 3078 2939 3186 2993; x_wconf 85' lang='lat' dir='ltr'><strong>Nos</strong></span> <span class='ocrx_word' id='word_1_594' title='bbox 3213 2936 3376 3006; x_wconf 81' lang='lat'><strong>230</strong></span> <span class='ocrx_word' id='word_1_595' title='bbox 3399 2950 3529 2990; x_wconf 87' lang='lat' dir='ltr'><strong>vero</strong></span> 
     </span>
    </p>
   </div>
   <div class='ocr_carea' id='block_1_76' title="bbox 1942 3028 3527 3107">
    <p class='ocr_par' dir='ltr' id='par_1_76' title="bbox 1942 3028 3527 3107">
     <span class='ocr_line' id='line_1_76' title="bbox 1942 3028 3527 3107; baseline -0.011 -9"><span class='ocrx_word' id='word_1_596' title='bbox 1942 3056 2136 3098; x_wconf 83' lang='lat' dir='ltr'><strong>omnes</strong></span> <span class='ocrx_word' id='word_1_597' title='bbox 2169 3040 2404 3096; x_wconf 75' lang='lat' dir='ltr'><strong>revelata</strong></span> <span class='ocrx_word' id='word_1_598' title='bbox 2430 3038 2567 3092; x_wconf 82' lang='lat' dir='ltr'><strong>facie</strong></span> <span class='ocrx_word' id='word_1_599' title='bbox 2595 3036 2819 3107; x_wconf 85' lang='lat' dir='ltr'><strong>gloriam</strong></span> <span class='ocrx_word' id='word_1_600' title='bbox 2850 3033 3061 3091; x_wconf 86' lang='lat' dir='ltr'><strong>Domini</strong></span> <span class='ocrx_word' id='word_1_601' title='bbox 3090 3031 3451 3102; x_wconf 79' lang='lat' dir='ltr'><strong>speculantes,</strong></span> <span class='ocrx_word' id='word_1_602' title='bbox 3474 3028 3527 3082; x_wconf 91' lang='lat' dir='ltr'><strong>in</strong></span> 
     </span>
    </p>
   </div>
   <div class='ocr_carea' id='block_1_77' title="bbox 1947 3122 3528 3203">
    <p class='ocr_par' dir='ltr' id='par_1_77' title="bbox 1947 3122 3528 3203">
     <span class='ocr_line' id='line_1_77' title="bbox 1947 3122 3528 3203; baseline -0.011 -11"><span class='ocrx_word' id='word_1_603' title='bbox 1947 3135 2188 3192; x_wconf 87' lang='lat' dir='ltr'><strong>eamdem</strong></span> <span class='ocrx_word' id='word_1_604' title='bbox 2212 3133 2500 3203; x_wconf 84' lang='lat' dir='ltr'><strong>imaginem</strong></span> <span class='ocrx_word' id='word_1_605' title='bbox 2533 3128 2984 3184; x_wconf 82' lang='lat' dir='ltr'><strong>transformamur</strong></span> <span class='ocrx_word' id='word_1_606' title='bbox 3003 3142 3031 3178; x_wconf 88' lang='lat' dir='ltr'><strong>a</strong></span> <span class='ocrx_word' id='word_1_607' title='bbox 3046 3124 3215 3195; x_wconf 84' lang='lat' dir='ltr'><strong>gloria</strong></span> <span class='ocrx_word' id='word_1_608' title='bbox 3231 3124 3280 3177; x_wconf 93' lang='lat' dir='ltr'><strong>in</strong></span> <span class='ocrx_word' id='word_1_609' title='bbox 3299 3122 3528 3192; x_wconf 86' lang='lat' dir='ltr'><strong>gloriam</strong></span> 
     </span>
    </p>
   </div>
   <div class='ocr_carea' id='block_1_78' title="bbox 1951 3215 3529 3296">
    <p class='ocr_par' dir='ltr' id='par_1_78' title="bbox 1951 3215 3529 3296">
     <span class='ocr_line' id='line_1_78' title="bbox 1951 3215 3529 3296; baseline -0.01 -14"><span class='ocrx_word' id='word_1_610' title='bbox 1951 3240 2205 3296; x_wconf 89' lang='lat' dir='ltr'><strong>tanquam</strong></span> <span class='ocrx_word' id='word_1_611' title='bbox 2260 3240 2290 3278; x_wconf 89' lang='lat' dir='ltr'><strong>a</strong></span> <span class='ocrx_word' id='word_1_612' title='bbox 2351 3221 2562 3277; x_wconf 88' lang='lat' dir='ltr'><strong>Domini</strong></span> <span class='ocrx_word' id='word_1_613' title='bbox 2618 3219 2844 3289; x_wconf 87' lang='lat' dir='ltr'><strong>Spiritu.</strong></span> <span class='ocrx_word' id='word_1_614' title='bbox 2878 3237 2898 3269; x_wconf 86' lang='grc'><strong>›</strong></span> <span class='ocrx_word' id='word_1_615' title='bbox 2950 3216 3216 3282; x_wconf 83' lang='lat' dir='ltr'><strong>Observa,</strong></span> <span class='ocrx_word' id='word_1_616' title='bbox 3268 3215 3529 3284; x_wconf 82' lang='lat' dir='ltr'><strong>Spiritum</strong></span> 
     </span>
    </p>
   </div>
   <div class='ocr_carea' id='block_1_79' title="bbox 1947 3306 3532 3381">
    <p class='ocr_par' dir='ltr' id='par_1_79' title="bbox 1947 3306 3532 3381">
     <span class='ocr_line' id='line_1_79' title="bbox 1947 3306 3532 3381; baseline -0.01 -7"><span class='ocrx_word' id='word_1_617' title='bbox 1947 3329 2195 3374; x_wconf 84' lang='lat' dir='ltr'><strong>sanctum</strong></span> <span class='ocrx_word' id='word_1_618' title='bbox 2229 3325 2284 3371; x_wconf 83' lang='grc' dir='ltr'><strong>ει</strong></span> <span class='ocrx_word' id='word_1_619' title='bbox 2315 3314 2600 3369; x_wconf 86' lang='lat' dir='ltr'><strong>Dominum</strong></span> <span class='ocrx_word' id='word_1_620' title='bbox 2633 3311 2832 3381; x_wconf 71' lang='lat' dir='ltr'><strong>sacpius</strong></span> <span class='ocrx_word' id='word_1_621' title='bbox 2856 3310 2943 3364; x_wconf 91' lang='lat' dir='ltr'><strong>hic</strong></span> <span class='ocrx_word' id='word_1_622' title='bbox 2979 3308 3185 3373; x_wconf 90' lang='lat' dir='ltr'><strong>vocari,</strong></span> <span class='ocrx_word' id='word_1_623' title='bbox 3217 3315 3269 3361; x_wconf 91' lang='lat' dir='ltr'><strong>et</strong></span> <span class='ocrx_word' id='word_1_624' title='bbox 3296 3306 3532 3374; x_wconf 85' lang='lat' dir='ltr'><strong>largien-</strong></span> 
     </span>
    </p>
   </div>
   <div class='ocr_carea' id='block_1_80' title="bbox 1951 3399 3527 3474">
    <p class='ocr_par' dir='ltr' id='par_1_80' title="bbox 1951 3399 3527 3474">
     <span class='ocr_line' id='line_1_80' title="bbox 1951 3399 3527 3474; baseline -0.01 -8"><span class='ocrx_word' id='word_1_625' title='bbox 1951 3421 2056 3466; x_wconf 89' lang='lat' dir='ltr'><strong>tem</strong></span> <span class='ocrx_word' id='word_1_626' title='bbox 2095 3410 2401 3464; x_wconf 86' lang='lat' dir='ltr'><strong>libertatem</strong></span> <span class='ocrx_word' id='word_1_627' title='bbox 2438 3407 2528 3471; x_wconf 84' lang='lat' dir='ltr'><strong>iis,</strong></span> <span class='ocrx_word' id='word_1_628' title='bbox 2559 3404 2754 3474; x_wconf 88' lang='lat' dir='ltr'><strong>quibus</strong></span> <span class='ocrx_word' id='word_1_629' title='bbox 2792 3402 3077 3465; x_wconf 80' lang='lat' dir='ltr'><strong>illucescit,</strong></span> <span class='ocrx_word' id='word_1_630' title='bbox 3126 3409 3182 3454; x_wconf 91' lang='lat' dir='ltr'><strong>et</strong></span> <span class='ocrx_word' id='word_1_631' title='bbox 3235 3399 3527 3453; x_wconf 78' lang='lat' dir='ltr'><strong>habentem</strong></span> 
     </span>
    </p>
   </div>
   <div class='ocr_carea' id='block_1_81' title="bbox 1949 3488 3531 3574">
    <p class='ocr_par' dir='ltr' id='par_1_81' title="bbox 1949 3488 3531 3574">
     <span class='ocr_line' id='line_1_81' title="bbox 1949 3488 3531 3574; baseline -0.008 -20"><span class='ocrx_word' id='word_1_632' title='bbox 1949 3502 2179 3574; x_wconf 87' lang='lat' dir='ltr'><strong>gloriam</strong></span> <span class='ocrx_word' id='word_1_633' title='bbox 2221 3500 2274 3554; x_wconf 91' lang='lat' dir='ltr'><strong>in</strong></span> <span class='ocrx_word' id='word_1_634' title='bbox 2306 3497 2622 3564; x_wconf 85' lang='lat' dir='ltr'><strong>semetipso.</strong></span> <span class='ocrx_word' id='word_1_635' title='bbox 2656 3493 2852 3548; x_wconf 89' lang='lat' dir='ltr'><strong>Totius</strong></span> <span class='ocrx_word' id='word_1_636' title='bbox 2881 3502 3062 3546; x_wconf 85' lang='lat' dir='ltr'><strong>autem</strong></span> <span class='ocrx_word' id='word_1_637' title='bbox 3099 3488 3322 3557; x_wconf 85' lang='lat' dir='ltr'><strong>capituli</strong></span> <span class='ocrx_word' id='word_1_638' title='bbox 3359 3491 3531 3542; x_wconf 86' lang='lat' dir='ltr'><strong>inter-</strong></span> 
     </span>
    </p>
   </div>
   <div class='ocr_carea' id='block_1_82' title="bbox 1950 3577 3536 3664">
    <p class='ocr_par' dir='ltr' id='par_1_82' title="bbox 1950 3577 3536 3664">
     <span class='ocr_line' id='line_1_82' title="bbox 1950 3577 3536 3664; baseline -0.009 -16"><span class='ocrx_word' id='word_1_639' title='bbox 1950 3591 2183 3664; x_wconf 89' lang='lat' dir='ltr'><strong>pretatio</strong></span> <span class='ocrx_word' id='word_1_640' title='bbox 2235 3589 2317 3644; x_wconf 90' lang='lat' dir='ltr'><strong>sic</strong></span> <span class='ocrx_word' id='word_1_641' title='bbox 2379 3601 2439 3642; x_wconf 89' lang='lat' dir='ltr'><strong>se</strong></span> <span class='ocrx_word' id='word_1_642' title='bbox 2500 3580 3001 3645; x_wconf 70' lang='lat' dir='ltr'><strong>habetzludaicar,</strong></span> <span class='ocrx_word' id='word_1_643' title='bbox 3060 3580 3256 3650; x_wconf 90' lang='lat' dir='ltr'><strong>inquit,</strong></span> <span class='ocrx_word' id='word_1_644' title='bbox 3327 3577 3536 3634; x_wconf 81' lang='lat' dir='ltr'><strong>Veteris</strong></span> 
     </span>
    </p>
   </div>
   <div class='ocr_carea' id='block_1_83' title="bbox 1952 3673 3535 3741">
    <p class='ocr_par' dir='ltr' id='par_1_83' title="bbox 1952 3673 3535 3741">
     <span class='ocr_line' id='line_1_83' title="bbox 1952 3673 3535 3741; baseline -0.011 0"><span class='ocrx_word' id='word_1_645' title='bbox 1952 3681 2286 3741; x_wconf 84' lang='lat' dir='ltr'><strong>Testamenti</strong></span> <span class='ocrx_word' id='word_1_646' title='bbox 2340 3677 2748 3734; x_wconf 85' lang='lat' dir='ltr'><strong>observationes</strong></span> <span class='ocrx_word' id='word_1_647' title='bbox 2795 3673 2971 3727; x_wconf 89' lang='lat' dir='ltr'><strong>adhuc</strong></span> <span class='ocrx_word' id='word_1_648' title='bbox 3013 3680 3236 3725; x_wconf 89' lang='lat' dir='ltr'><strong>manent</strong></span> <span class='ocrx_word' id='word_1_649' title='bbox 3283 3684 3389 3724; x_wconf 92' lang='lat' dir='ltr'><strong>non</strong></span> <span class='ocrx_word' id='word_1_650' title='bbox 3450 3684 3535 3724; x_wconf 89' lang='lat' dir='ltr'><strong>re-</strong></span> 
     </span>
    </p>
   </div>
   <div class='ocr_carea' id='block_1_84' title="bbox 1952 3771 3534 3840">
    <p class='ocr_par' dir='ltr' id='par_1_84' title="bbox 1952 3771 3534 3840">
     <span class='ocr_line' id='line_1_84' title="bbox 1952 3771 3534 3840; baseline -0.011 -6"><span class='ocrx_word' id='word_1_651' title='bbox 1952 3789 2108 3834; x_wconf 68' lang='lat' dir='ltr'><strong>tecta:</strong></span> <span class='ocrx_word' id='word_1_652' title='bbox 2141 3773 2432 3838; x_wconf 90' lang='lat' dir='ltr'><strong>nonnullis,</strong></span> <span class='ocrx_word' id='word_1_653' title='bbox 2461 3771 2553 3840; x_wconf 90' lang='lat' dir='ltr'><strong>qui</strong></span> <span class='ocrx_word' id='word_1_654' title='bbox 2587 3785 2692 3824; x_wconf 91' lang='lat' dir='ltr'><strong>non</strong></span> <span class='ocrx_word' id='word_1_655' title='bbox 2723 3777 3078 3839; x_wconf 83' lang='lat' dir='ltr'><strong>cognoscunt,</strong></span> <span class='ocrx_word' id='word_1_656' title='bbox 3110 3780 3204 3820; x_wconf 88' lang='lat' dir='ltr'><strong>eas</strong></span> <span class='ocrx_word' id='word_1_657' title='bbox 3224 3771 3534 3828; x_wconf 87' lang='lat' dir='ltr'><strong>evacuatas,</strong></span> 
     </span>
    </p>
   </div>
   <div class='ocr_carea' id='block_1_85' title="bbox 1953 3855 3535 3938">
    <p class='ocr_par' dir='ltr' id='par_1_85' title="bbox 1953 3855 3535 3938">
     <span class='ocr_line' id='line_1_85' title="bbox 1953 3855 3535 3938; baseline -0.013 -8"><span class='ocrx_word' id='word_1_658' title='bbox 1953 3875 2068 3930; x_wconf 81' lang='lat' dir='ltr'><strong>sive</strong></span> <span class='ocrx_word' id='word_1_659' title='bbox 2117 3871 2404 3938; x_wconf 79' lang='lat' dir='ltr'><strong>abrogatas</strong></span> <span class='ocrx_word' id='word_1_660' title='bbox 2452 3865 2666 3921; x_wconf 85' lang='lat' dir='ltr'><strong>esse-in</strong></span> <span class='ocrx_word' id='word_1_661' title='bbox 2715 3861 2953 3925; x_wconf 86' lang='lat' dir='ltr'><strong>Christo,</strong></span> <span class='ocrx_word' id='word_1_662' title='bbox 2991 3860 3080 3929; x_wconf 91' lang='lat' dir='ltr'><strong>qui</strong></span> <span class='ocrx_word' id='word_1_663' title='bbox 3123 3858 3306 3914; x_wconf 80' lang='lat' dir='ltr'><strong>dixit:</strong></span> <span class='ocrx_word' id='word_1_664' title='bbox 3352 3875 3372 3909; x_wconf 80' lang='grc' dir='ltr'><strong>ι</strong></span> <span class='ocrx_word' id='word_1_665' title='bbox 3419 3855 3535 3911; x_wconf 80' lang='lat' dir='ltr'><strong>Non</strong></span> 
     </span>
    </p>
   </div>
   <div class='ocr_carea' id='block_1_86' title="bbox 1956 3950 3534 4034">
    <p class='ocr_par' dir='ltr' id='par_1_86' title="bbox 1956 3950 3534 4034">
     <span class='ocr_line' id='line_1_86' title="bbox 1956 3950 3534 4034; baseline -0.01 -17"><span class='ocrx_word' id='word_1_666' title='bbox 1956 3966 2077 4019; x_wconf 90' lang='lat' dir='ltr'><strong>veni</strong></span> <span class='ocrx_word' id='word_1_667' title='bbox 2105 3961 2219 4034; x_wconf 84' lang='lat'><strong>(78)</strong></span> <span class='ocrx_word' id='word_1_668' title='bbox 2250 3960 2462 4016; x_wconf 88' lang='lat' dir='ltr'><strong>solvere</strong></span> <span class='ocrx_word' id='word_1_669' title='bbox 2490 3958 2686 4027; x_wconf 84' lang='lat' dir='ltr'><strong>legem,</strong></span> <span class='ocrx_word' id='word_1_670' title='bbox 2711 3957 2803 4010; x_wconf 90' lang='lat' dir='ltr'><strong>sed</strong></span> <span class='ocrx_word' id='word_1_671' title='bbox 2824 3953 3069 4023; x_wconf 86' lang='lat' dir='ltr'><strong>implere,</strong></span> <span class='ocrx_word' id='word_1_672' title='bbox 3097 3970 3116 4003; x_wconf 71' lang='grc' dir='ltr'><strong>ι</strong></span> <span class='ocrx_word' id='word_1_673' title='bbox 3149 3951 3321 4016; x_wconf 89' lang='lat' dir='ltr'><strong>idest,</strong></span> <span class='ocrx_word' id='word_1_674' title='bbox 3355 3959 3448 4002; x_wconf 88' lang='lat' dir='ltr'><strong>aut</strong></span> <span class='ocrx_word' id='word_1_675' title='bbox 3483 3950 3534 4003; x_wconf 89' lang='lat' dir='ltr'><strong>ei</strong></span> 
     </span>
    </p>
   </div>
   <div class='ocr_carea' id='block_1_87' title="bbox 1956 4039 3535 4121">
    <p class='ocr_par' dir='ltr' id='par_1_87' title="bbox 1956 4039 3535 4121">
     <span class='ocr_line' id='line_1_87' title="bbox 1956 4039 3535 4121; baseline -0.009 -13"><span class='ocrx_word' id='word_1_676' title='bbox 1956 4057 2117 4108; x_wconf 82' lang='lat' dir='ltr'><strong>ﬁdem</strong></span> <span class='ocrx_word' id='word_1_677' title='bbox 2164 4051 2462 4121; x_wconf 89' lang='lat' dir='ltr'><strong>imponere,</strong></span> <span class='ocrx_word' id='word_1_678' title='bbox 2495 4059 2588 4100; x_wconf 92' lang='lat' dir='ltr'><strong>aut</strong></span> <span class='ocrx_word' id='word_1_679' title='bbox 2641 4045 2784 4113; x_wconf 91' lang='lat' dir='ltr'><strong>quod</strong></span> <span class='ocrx_word' id='word_1_680' title='bbox 2839 4045 3012 4108; x_wconf 89' lang='lat' dir='ltr'><strong>deest,</strong></span> <span class='ocrx_word' id='word_1_681' title='bbox 3067 4041 3338 4111; x_wconf 89' lang='lat' dir='ltr'><strong>supplere.</strong></span> <span class='ocrx_word' id='word_1_682' title='bbox 3399 4039 3535 4094; x_wconf 87' lang='lat' dir='ltr'><strong>Cum</strong></span> 
     </span>
    </p>
   </div>
   <div class='ocr_carea' id='block_1_88' title="bbox 1955 4130 3539 4214">
    <p class='ocr_par' dir='ltr' id='par_1_88' title="bbox 1955 4130 3539 4214">
     <span class='ocr_line' id='line_1_88' title="bbox 1955 4130 3539 4214; baseline -0.01 -15"><span class='ocrx_word' id='word_1_683' title='bbox 1955 4163 2084 4201; x_wconf 83' lang='lat' dir='ltr'><strong>vero</strong></span> <span class='ocrx_word' id='word_1_684' title='bbox 2115 4145 2236 4214; x_wconf 89' lang='lat' dir='ltr'><strong>quis</strong></span> <span class='ocrx_word' id='word_1_685' title='bbox 2265 4155 2558 4197; x_wconf 80' lang='lat' dir='ltr'><strong>conversus</strong></span> <span class='ocrx_word' id='word_1_686' title='bbox 2581 4137 2744 4193; x_wconf 85' lang='lat' dir='ltr'><strong>fuerit</strong></span> <span class='ocrx_word' id='word_1_687' title='bbox 2767 4138 2832 4190; x_wconf 90' lang='lat' dir='ltr'><strong>ad</strong></span> <span class='ocrx_word' id='word_1_688' title='bbox 2868 4135 3174 4197; x_wconf 87' lang='lat' dir='ltr'><strong>Dominum,</strong></span> <span class='ocrx_word' id='word_1_689' title='bbox 3194 4142 3249 4186; x_wconf 90' lang='lat' dir='ltr'><strong>et</strong></span> <span class='ocrx_word' id='word_1_690' title='bbox 3281 4130 3539 4187; x_wconf 89' lang='lat' dir='ltr'><strong>transmi-</strong></span> 
     </span>
    </p>
   </div>
   <div class='ocr_carea' id='block_1_89' title="bbox 1959 4225 3535 4308">
    <p class='ocr_par' dir='ltr' id='par_1_89' title="bbox 1959 4225 3535 4308">
     <span class='ocr_line' id='line_1_89' title="bbox 1959 4225 3535 4308; baseline -0.013 -13"><span class='ocrx_word' id='word_1_691' title='bbox 1959 4248 2201 4308; x_wconf 76' lang='lat' dir='ltr'><strong>gravertt</strong></span> <span class='ocrx_word' id='word_1_692' title='bbox 2225 4251 2294 4292; x_wconf 79' lang='lat' dir='ltr'><strong>ex</strong></span> <span class='ocrx_word' id='word_1_693' title='bbox 2331 4245 2457 4305; x_wconf 89' lang='lat' dir='ltr'><strong>typo</strong></span> <span class='ocrx_word' id='word_1_694' title='bbox 2493 4233 2546 4286; x_wconf 89' lang='lat' dir='ltr'><strong>in</strong></span> <span class='ocrx_word' id='word_1_695' title='bbox 2589 4231 2897 4295; x_wconf 87' lang='lat' dir='ltr'><strong>veritatem,</strong></span> <span class='ocrx_word' id='word_1_696' title='bbox 2936 4244 3000 4282; x_wconf 79' lang='lat' dir='ltr'><strong>ex</strong></span> <span class='ocrx_word' id='word_1_697' title='bbox 3047 4229 3161 4296; x_wconf 89' lang='lat' dir='ltr'><strong>lege</strong></span> <span class='ocrx_word' id='word_1_698' title='bbox 3196 4226 3250 4279; x_wconf 91' lang='lat' dir='ltr'><strong>in</strong></span> <span class='ocrx_word' id='word_1_699' title='bbox 3283 4225 3535 4296; x_wconf 81' lang='lat' dir='ltr'><strong>gratiam,</strong></span> 
     </span>
    </p>
   </div>
   <div class='ocr_carea' id='block_1_90' title="bbox 1957 4318 3540 4402">
    <p class='ocr_par' dir='ltr' id='par_1_90' title="bbox 1957 4318 3540 4402">
     <span class='ocr_line' id='line_1_90' title="bbox 1957 4318 3540 4402; baseline -0.011 -17"><span class='ocrx_word' id='word_1_700' title='bbox 1957 4332 2121 4402; x_wconf 82' lang='lat' dir='ltr'><strong>juxta</strong></span> <span class='ocrx_word' id='word_1_701' title='bbox 2144 4329 2308 4383; x_wconf 91' lang='lat' dir='ltr'><strong>illud:</strong></span> <span class='ocrx_word' id='word_1_702' title='bbox 2346 4344 2365 4378; x_wconf 81' lang='grc' dir='ltr'><strong>ι</strong></span> <span class='ocrx_word' id='word_1_703' title='bbox 2402 4324 2519 4379; x_wconf 80' lang='lat' dir='ltr'><strong>Non</strong></span> <span class='ocrx_word' id='word_1_704' title='bbox 2553 4325 2683 4380; x_wconf 91' lang='lat' dir='ltr'><strong>estis</strong></span> <span class='ocrx_word' id='word_1_705' title='bbox 2706 4321 2816 4395; x_wconf 86' lang='lat'><strong>(79)</strong></span> <span class='ocrx_word' id='word_1_706' title='bbox 2855 4323 2956 4377; x_wconf 91' lang='lat' dir='ltr'><strong>sub</strong></span> <span class='ocrx_word' id='word_1_707' title='bbox 2996 4322 3133 4388; x_wconf 83' lang='lat' dir='ltr'><strong>lege,</strong></span> <span class='ocrx_word' id='word_1_708' title='bbox 3163 4319 3258 4375; x_wconf 88' lang='lat' dir='ltr'><strong>sed</strong></span> <span class='ocrx_word' id='word_1_709' title='bbox 3284 4318 3382 4373; x_wconf 89' lang='lat' dir='ltr'><strong>sub</strong></span> <span class='ocrx_word' id='word_1_710' title='bbox 3410 4331 3540 4388; x_wconf 82' lang='lat' dir='ltr'><strong>gra-</strong></span> 
     </span>
    </p>
   </div>
   <div class='ocr_carea' id='block_1_91' title="bbox 1960 4408 3541 4490">
    <p class='ocr_par' dir='ltr' id='par_1_91' title="bbox 1960 4408 3541 4490">
     <span class='ocr_line' id='line_1_91' title="bbox 1960 4408 3541 4490; baseline -0.011 -13"><span class='ocrx_word' id='word_1_711' title='bbox 1960 4423 2070 4490; x_wconf 88' lang='lat' dir='ltr'><strong>tia;</strong></span> <span class='ocrx_word' id='word_1_712' title='bbox 2114 4440 2132 4472; x_wconf 74' lang='grc' dir='ltr'><strong>ι</strong></span> <span class='ocrx_word' id='word_1_713' title='bbox 2180 4419 2312 4475; x_wconf 88' lang='lat' dir='ltr'><strong>illud</strong></span> <span class='ocrx_word' id='word_1_714' title='bbox 2336 4417 2585 4472; x_wconf 87' lang='lat' dir='ltr'><strong>velamen</strong></span> <span class='ocrx_word' id='word_1_715' title='bbox 2629 4413 2833 4485; x_wconf 83' lang='lat' dir='ltr'><strong>abjicit,</strong></span> <span class='ocrx_word' id='word_1_716' title='bbox 2876 4415 3019 4482; x_wconf 91' lang='lat' dir='ltr'><strong>quod</strong></span> <span class='ocrx_word' id='word_1_717' title='bbox 3047 4425 3173 4466; x_wconf 91' lang='lat' dir='ltr'><strong>eum</strong></span> <span class='ocrx_word' id='word_1_718' title='bbox 3215 4408 3378 4464; x_wconf 88' lang='lat' dir='ltr'><strong>veluti</strong></span> <span class='ocrx_word' id='word_1_719' title='bbox 3416 4409 3541 4461; x_wconf 87' lang='lat' dir='ltr'><strong>abs-</strong></span> 
     </span>
    </p>
   </div>
   <div class='ocr_carea' id='block_1_92' title="bbox 263 4544 3542 4648">
    <p class='ocr_par' dir='ltr' id='par_1_92' title="bbox 263 4544 3542 4648">
     <span class='ocr_line' id='line_1_92' title="bbox 263 4544 3542 4648; baseline -0.013 -9"><span class='ocrx_word' id='word_1_720' title='bbox 263 4585 349 4639; x_wconf 90' lang='lat' dir='ltr'><strong>tio</strong></span> <span class='ocrx_word' id='word_1_721' title='bbox 379 4600 396 4636; x_wconf 89' lang='lat'>:</span> <span class='ocrx_word' id='word_1_722' title='bbox 425 4583 486 4634; x_wconf 75' lang='grc' dir='ltr'>ὲν</span> <span class='ocrx_word' id='word_1_723' title='bbox 510 4579 673 4648; x_wconf 82' lang='grc' dir='ltr'>ἁγίῳ,</span> <span class='ocrx_word' id='word_1_724' title='bbox 701 4576 752 4629; x_wconf 90' lang='lat' dir='ltr'><strong>id</strong></span> <span class='ocrx_word' id='word_1_725' title='bbox 784 4584 867 4630; x_wconf 83' lang='lat' dir='ltr'><strong>est</strong></span> <span class='ocrx_word' id='word_1_726' title='bbox 903 4594 920 4626; x_wconf 80' lang='grc' dir='ltr'><strong>ι</strong></span> <span class='ocrx_word' id='word_1_727' title='bbox 954 4573 1017 4648; x_wconf 69' lang='lat' dir='ltr'><strong>in</strong></span> <span class='ocrx_word' id='word_1_728' title='bbox 1035 4581 1255 4648; x_wconf 77' lang='lat' dir='ltr'><strong>sancto.</strong></span> <span class='ocrx_word' id='word_1_729' title='bbox 1293 4589 1313 4621; x_wconf 74' lang='grc' dir='ltr'><strong>ι</strong></span> <span class='ocrx_word' id='word_1_730' title='bbox 1379 4566 1690 4648; x_wconf 75' lang='lat' dir='ltr'><strong>Symmachi</strong></span> <span class='ocrx_word' id='word_1_731' title='bbox 1742 4578 1864 4648; x_wconf 68' lang='grc' dir='ltr'>νει·-</span> <span class='ocrx_word' id='word_1_732' title='bbox 1896 4577 1940 4631; x_wconf 83' lang='grc' dir='ltr'>ο</span> <span class='ocrx_word' id='word_1_733' title='bbox 1971 4557 2481 4648; x_wconf 41' lang='lat' dir='ltr'><strong>Sp._sanc.to,l.num.</strong></span> <span class='ocrx_word' id='word_1_734' title='bbox 2521 4551 2612 4616; x_wconf 70' lang='grc'><strong>24,</strong></span> <span class='ocrx_word' id='word_1_735' title='bbox 2647 4565 2711 4605; x_wconf 90' lang='lat' dir='ltr'><strong>ac</strong></span> <span class='ocrx_word' id='word_1_736' title='bbox 2733 4557 3017 4648; x_wconf 65' lang='lat' dir='ltr'><strong>postquam</strong></span> <span class='ocrx_word' id='word_1_737' title='bbox 3050 4549 3282 4648; x_wconf 41' lang='lat' dir='ltr'><strong>{Nimim}</strong></span> <span class='ocrx_word' id='word_1_738' title='bbox 3305 4544 3542 4648; x_wconf 90' lang='lat' dir='ltr'><strong>Ietertio</strong></span> 
     </span>
    </p>
   </div>
   <div class='ocr_carea' id='block_1_93' title="bbox 267 4636 1864 4714">
    <p class='ocr_par' dir='ltr' id='par_1_93' title="bbox 267 4636 1864 4714">
     <span class='ocr_line' id='line_1_93' title="bbox 267 4636 1864 4714; baseline -0.013 -7"><span class='ocrx_word' id='word_1_739' title='bbox 267 4636 495 4708; x_wconf 70' lang='lat' dir='ltr'><strong>sionem</strong></span> <span class='ocrx_word' id='word_1_740' title='bbox 553 4636 935 4714; x_wconf 46' lang='lat' dir='ltr'><strong>hic&#39;sequitur</strong></span> <span class='ocrx_word' id='word_1_741' title='bbox 989 4644 1268 4713; x_wconf 82' lang='lat' dir='ltr'><strong>Didymus,</strong></span> <span class='ocrx_word' id='word_1_742' title='bbox 1323 4636 1441 4707; x_wconf 65' lang='lat' dir='ltr'><strong>qua}</strong></span> <span class='ocrx_word' id='word_1_743' title='bbox 1504 4636 1756 4714; x_wconf 71' lang='lat' dir='ltr'><strong>habebat,</strong></span> <span class='ocrx_word' id='word_1_744' title='bbox 1805 4636 1864 4687; x_wconf 80' lang='grc' dir='ltr'>ἐν</span> 
     </span>
    </p>
   </div>
   <div class='ocr_carea' id='block_1_94' title="bbox 269 4708 1862 4791">
    <p class='ocr_par' dir='ltr' id='par_1_94' title="bbox 269 4708 1862 4791">
     <span class='ocr_line' id='line_1_94' title="bbox 269 4708 1862 4791; baseline -0.014 -11"><span class='ocrx_word' id='word_1_745' title='bbox 269 4725 483 4791; x_wconf 81' lang='grc' dir='ltr'>ἁγίοις.</span> <span class='ocrx_word' id='word_1_746' title='bbox 519 4723 591 4773; x_wconf 83' lang='lat' dir='ltr'><strong>At</strong></span> <span class='ocrx_word' id='word_1_747' title='bbox 624 4723 686 4791; x_wconf 11' lang='lat' dir='ltr'><strong>in,</strong></span> <span class='ocrx_word' id='word_1_748' title='bbox 707 4708 799 4771; x_wconf 78' lang='lat' dir='ltr'><strong>lib.</strong></span> <span class='ocrx_word' id='word_1_749' title='bbox 835 4715 909 4769; x_wconf 84' lang='lat' dir='ltr'><strong>De</strong></span> <span class='ocrx_word' id='word_1_750' title='bbox 939 4708 1312 4791; x_wconf 56' lang='grc' dir='ltr'>δρὶιςξειιηειο,</span> <span class='ocrx_word' id='word_1_751' title='bbox 1345 4726 1493 4764; x_wconf 89' lang='lat' dir='ltr'><strong>num.</strong></span> <span class='ocrx_word' id='word_1_752' title='bbox 1533 4708 1602 4761; x_wconf 70' lang='lat' dir='ltr'><strong>2i</strong></span> <span class='ocrx_word' id='word_1_753' title='bbox 1633 4708 1862 4777; x_wconf 78' lang='lat' dir='ltr'><strong>legitur:</strong></span> 
     </span>
    </p>
   </div>
   <div class='ocr_carea' id='block_1_95' title="bbox 275 4785 1262 4848">
    <p class='ocr_par' dir='ltr' id='par_1_95' title="bbox 275 4785 1262 4848">
     <span class='ocr_line' id='line_1_95' title="bbox 275 4785 1262 4848; baseline -0.014 1"><span class='ocrx_word' id='word_1_754' title='bbox 275 4816 297 4848; x_wconf 71' lang='grc' dir='ltr'><strong>ε</strong></span> <span class='ocrx_word' id='word_1_755' title='bbox 323 4785 418 4848; x_wconf 79' lang='grc' dir='ltr'>’Τιι</span> <span class='ocrx_word' id='word_1_756' title='bbox 444 4785 636 4844; x_wconf 83' lang='lat' dir='ltr'><strong>autem</strong></span> <span class='ocrx_word' id='word_1_757' title='bbox 677 4789 728 4841; x_wconf 88' lang='lat' dir='ltr'><strong>in</strong></span> <span class='ocrx_word' id='word_1_758' title='bbox 759 4795 948 4842; x_wconf 85' lang='lat' dir='ltr'><strong>sancto</strong></span> <span class='ocrx_word' id='word_1_759' title='bbox 979 4785 1212 4839; x_wconf 86' lang='lat' dir='ltr'><strong>habitas.</strong></span> <span class='ocrx_word' id='word_1_760' title='bbox 1245 4802 1262 4835; x_wconf 75' lang='grc' dir='ltr'><strong>ι</strong></span> 
     </span>
    </p>
   </div>
   <div class='ocr_carea' id='block_1_96' title="bbox 350 4846 1857 4936">
    <p class='ocr_par' dir='ltr' id='par_1_96' title="bbox 350 4846 1857 4936">
     <span class='ocr_line' id='line_1_96' title="bbox 350 4846 1857 4936; baseline -0.011 -20"><span class='ocrx_word' id='word_1_761' title='bbox 350 4846 467 4936; x_wconf 65' lang='grc' dir='ltr'>(ιε)</span> <span class='ocrx_word' id='word_1_762' title='bbox 505 4859 776 4936; x_wconf 55' lang='lat' dir='ltr'><strong>Templum</strong></span> <span class='ocrx_word' id='word_1_763' title='bbox 811 4853 1131 4936; x_wconf 39' lang='lat' dir='ltr'><strong>excusandi</strong></span> <span class='ocrx_word' id='word_1_764' title='bbox 1174 4853 1334 4936; x_wconf 75' lang='grc' dir='ltr'>ιιιοάο</span> <span class='ocrx_word' id='word_1_765' title='bbox 1363 4851 1441 4936; x_wconf 74' lang='lat' dir='ltr'><strong>_in</strong></span> <span class='ocrx_word' id='word_1_766' title='bbox 1478 4849 1576 4930; x_wconf 85' lang='lat' dir='ltr'><strong>lib.</strong></span> <span class='ocrx_word' id='word_1_767' title='bbox 1607 4846 1857 4936; x_wconf 35' lang='lat' dir='ltr'><strong>Deusm&#39;r,</strong></span> 
     </span>
    </p>
   </div>
   <div class='ocr_carea' id='block_1_97' title="bbox 266 4920 1862 4997">
    <p class='ocr_par' dir='ltr' id='par_1_97' title="bbox 266 4920 1862 4997">
     <span class='ocr_line' id='line_1_97' title="bbox 266 4920 1862 4997; baseline -0.015 -3"><span class='ocrx_word' id='word_1_768' title='bbox 266 4920 489 4997; x_wconf 60' lang='lat' dir='ltr'><strong>sancto,</strong></span> <span class='ocrx_word' id='word_1_769' title='bbox 523 4920 674 4985; x_wconf 81' lang='lat' dir='ltr'><strong>num.</strong></span> <span class='ocrx_word' id='word_1_770' title='bbox 704 4929 776 4982; x_wconf 71' lang='lat'><strong>25</strong></span> <span class='ocrx_word' id='word_1_771' title='bbox 809 4947 822 4983; x_wconf 92' lang='lat'>:</span> <span class='ocrx_word' id='word_1_772' title='bbox 867 4945 885 4978; x_wconf 77' lang='grc' dir='ltr'><strong>ι</strong></span> <span class='ocrx_word' id='word_1_773' title='bbox 919 4927 974 4981; x_wconf 88' lang='lat' dir='ltr'><strong>Si</strong></span> <span class='ocrx_word' id='word_1_774' title='bbox 1008 4933 1189 4978; x_wconf 88' lang='lat' dir='ltr'><strong>autem</strong></span> <span class='ocrx_word' id='word_1_775' title='bbox 1241 4924 1293 4977; x_wconf 91' lang='lat' dir='ltr'><strong>in</strong></span> <span class='ocrx_word' id='word_1_776' title='bbox 1321 4923 1523 4997; x_wconf 74' lang='lat' dir='ltr'><strong>_tlptno,</strong></span> <span class='ocrx_word' id='word_1_777' title='bbox 1553 4920 1748 4997; x_wconf 68' lang='lat' dir='ltr'><strong>inquit,</strong></span> <span class='ocrx_word' id='word_1_778' title='bbox 1809 4931 1862 4970; x_wconf 92' lang='lat' dir='ltr'><strong>et</strong></span> 
     </span>
    </p>
   </div>
   <div class='ocr_carea' id='block_1_98' title="bbox 272 4991 1857 5076">
    <p class='ocr_par' dir='ltr' id='par_1_98' title="bbox 272 4991 1857 5076">
     <span class='ocr_line' id='line_1_98' title="bbox 272 4991 1857 5076; baseline -0.015 -13"><span class='ocrx_word' id='word_1_779' title='bbox 272 4991 487 5076; x_wconf 78' lang='lat' dir='ltr'><strong>templo</strong></span> <span class='ocrx_word' id='word_1_780' title='bbox 536 5001 681 5076; x_wconf 63' lang='lat' dir='ltr'><strong>lead.</strong></span> <span class='ocrx_word' id='word_1_781' title='bbox 729 5009 930 5076; x_wconf 73' lang='lat' dir='ltr'><strong>noster,</strong></span> <span class='ocrx_word' id='word_1_782' title='bbox 964 5007 1034 5076; x_wconf 74' lang='lat' dir='ltr'><strong>_e_t_</strong></span> <span class='ocrx_word' id='word_1_783' title='bbox 1087 4998 1138 5048; x_wconf 92' lang='lat' dir='ltr'><strong>in</strong></span> <span class='ocrx_word' id='word_1_784' title='bbox 1171 4991 1418 5074; x_wconf 71' lang='lat' dir='ltr'><strong>templo],</strong></span> <span class='ocrx_word' id='word_1_785' title='bbox 1471 5006 1579 5060; x_wconf 85' lang='lat' dir='ltr'><strong>quo</strong></span> <span class='ocrx_word' id='word_1_786' title='bbox 1623 4991 1778 5076; x_wconf 60' lang='grc' dir='ltr'>ςιιιειδ</span> <span class='ocrx_word' id='word_1_787' title='bbox 1803 4999 1857 5040; x_wconf 86' lang='lat' dir='ltr'><strong>et</strong></span> 
     </span>
    </p>
   </div>
   <div class='ocr_carea' id='block_1_99' title="bbox 277 5060 1857 5134">
    <p class='ocr_par' dir='ltr' id='par_1_99' title="bbox 277 5060 1857 5134">
     <span class='ocr_line' id='line_1_99' title="bbox 277 5060 1857 5134; baseline -0.014 0"><span class='ocrx_word' id='word_1_788' title='bbox 277 5060 549 5134; x_wconf 59' lang='grc' dir='ltr'>ἐιιιεειιοὲ</span> <span class='ocrx_word' id='word_1_789' title='bbox 611 5060 924 5132; x_wconf 64' lang='grc' dir='ltr'>ἱιιιιθωιιιι,’</span> <span class='ocrx_word' id='word_1_790' title='bbox 963 5067 1107 5122; x_wconf 86' lang='lat' dir='ltr'><strong>illico</strong></span> <span class='ocrx_word' id='word_1_791' title='bbox 1172 5060 1450 5117; x_wconf 67' lang='lat' dir='ltr'><strong>invenitur</strong></span> <span class='ocrx_word' id='word_1_792' title='bbox 1517 5072 1571 5114; x_wconf 80' lang='lat' dir='ltr'><strong>et</strong></span> <span class='ocrx_word' id='word_1_793' title='bbox 1624 5060 1857 5134; x_wconf 80' lang='lat' dir='ltr'><strong>Spiritus</strong></span> 
     </span>
    </p>
   </div>
   <div class='ocr_carea' id='block_1_100' title="bbox 274 5131 1855 5210">
    <p class='ocr_par' dir='ltr' id='par_1_100' title="bbox 274 5131 1855 5210">
     <span class='ocr_line' id='line_1_100' title="bbox 274 5131 1855 5210; baseline -0.013 -7"><span class='ocrx_word' id='word_1_794' title='bbox 274 5131 529 5210; x_wconf 68' lang='lat' dir='ltr'><strong>sanctus,</strong></span> <span class='ocrx_word' id='word_1_795' title='bbox 554 5159 619 5197; x_wconf 77' lang='lat' dir='ltr'><strong>ex</strong></span> <span class='ocrx_word' id='word_1_796' title='bbox 657 5147 758 5196; x_wconf 84' lang='lat' dir='ltr'><strong>hoc</strong></span> <span class='ocrx_word' id='word_1_797' title='bbox 797 5131 1024 5194; x_wconf 78' lang='lat' dir='ltr'><strong>indivisa</strong></span> <span class='ocrx_word' id='word_1_798' title='bbox 1067 5137 1352 5210; x_wconf 83' lang='lat' dir='ltr'><strong>&#39;l‘rinitatis</strong></span> <span class='ocrx_word' id='word_1_799' title='bbox 1395 5131 1855 5210; x_wconf 72' lang='lat' dir='ltr'><strong>substatitia__de-</strong></span> 
     </span>
    </p>
   </div>
   <div class='ocr_carea' id='block_1_101' title="bbox 279 5200 1860 5276">
    <p class='ocr_par' dir='ltr' id='par_1_101' title="bbox 279 5200 1860 5276">
     <span class='ocr_line' id='line_1_101' title="bbox 279 5200 1860 5276; baseline -0.015 -2"><span class='ocrx_word' id='word_1_800' title='bbox 279 5200 700 5274; x_wconf 62' lang='lat' dir='ltr'><strong>monstratur...</strong></span> <span class='ocrx_word' id='word_1_801' title='bbox 738 5211 872 5266; x_wconf 87' lang='lat' dir='ltr'><strong>Cum</strong></span> <span class='ocrx_word' id='word_1_802' title='bbox 899 5223 1028 5276; x_wconf 84' lang='lat' dir='ltr'><strong>ergo</strong></span> <span class='ocrx_word' id='word_1_803' title='bbox 1059 5208 1566 5276; x_wconf 80' lang='lat' dir='ltr'><strong>Spiritussanclus,</strong></span> <span class='ocrx_word' id='word_1_804' title='bbox 1606 5200 1860 5276; x_wconf 85' lang='lat' dir='ltr'><strong>similiter</strong></span> 
     </span>
    </p>
   </div>
   <div class='ocr_carea' id='block_1_102' title="bbox 241 5273 1860 5360">
    <p class='ocr_par' dir='ltr' id='par_1_102' title="bbox 241 5273 1860 5360">
     <span class='ocr_line' id='line_1_102' title="bbox 241 5273 1860 5360; baseline -0.014 -16"><span class='ocrx_word' id='word_1_805' title='bbox 241 5273 344 5360; x_wconf 60' lang='grc' dir='ltr'>,ιιι</span> <span class='ocrx_word' id='word_1_806' title='bbox 386 5288 551 5360; x_wconf 82' lang='lat' dir='ltr'><strong>Pater</strong></span> <span class='ocrx_word' id='word_1_807' title='bbox 579 5295 635 5360; x_wconf 81' lang='lat' dir='ltr'><strong>et</strong></span> <span class='ocrx_word' id='word_1_808' title='bbox 662 5282 856 5360; x_wconf 80' lang='lat' dir='ltr'><strong>Filius,</strong></span> <span class='ocrx_word' id='word_1_809' title='bbox 893 5273 1149 5342; x_wconf 80' lang='lat' dir='ltr'><strong>mentem,</strong></span> <span class='ocrx_word' id='word_1_810' title='bbox 1198 5274 1619 5360; x_wconf 31' lang='lat' dir='ltr'><strong>etfuteriorcm</strong></span> <span class='ocrx_word' id='word_1_811' title='bbox 1683 5273 1860 5360; x_wconf 60' lang='lat' dir='ltr'><strong>limiti:</strong></span> 
     </span>
    </p>
   </div>
   <div class='ocr_carea' id='block_1_103' title="bbox 281 5341 1862 5416">
    <p class='ocr_par' dir='ltr' id='par_1_103' title="bbox 281 5341 1862 5416">
     <span class='ocr_line' id='line_1_103' title="bbox 281 5341 1862 5416; baseline -0.014 0"><span class='ocrx_word' id='word_1_812' title='bbox 281 5341 414 5416; x_wconf 67' lang='lat' dir='ltr'><strong>irem</strong></span> <span class='ocrx_word' id='word_1_813' title='bbox 443 5355 753 5412; x_wconf 86' lang='lat' dir='ltr'><strong>inhabitare</strong></span> <span class='ocrx_word' id='word_1_814' title='bbox 783 5355 1066 5415; x_wconf 85' lang='lat' dir='ltr'><strong>doceatur,</strong></span> <span class='ocrx_word' id='word_1_815' title='bbox 1101 5363 1204 5402; x_wconf 90' lang='lat' dir='ltr'><strong>non</strong></span> <span class='ocrx_word' id='word_1_816' title='bbox 1237 5347 1413 5401; x_wconf 89' lang='lat' dir='ltr'><strong>dicam</strong></span> <span class='ocrx_word' id='word_1_817' title='bbox 1460 5344 1724 5414; x_wconf 89' lang='lat' dir='ltr'><strong>ineptum,</strong></span> <span class='ocrx_word' id='word_1_818' title='bbox 1767 5341 1862 5395; x_wconf 87' lang='lat' dir='ltr'><strong>sed</strong></span> 
     </span>
    </p>
   </div>
   <div class='ocr_carea' id='block_1_104' title="bbox 279 5423 1424 5500">
    <p class='ocr_par' dir='ltr' id='par_1_104' title="bbox 279 5423 1424 5500">
     <span class='ocr_line' id='line_1_104' title="bbox 279 5423 1424 5500; baseline -0.017 -13"><span class='ocrx_word' id='word_1_819' title='bbox 279 5432 518 5500; x_wconf 88' lang='lat' dir='ltr'><strong>impium</strong></span> <span class='ocrx_word' id='word_1_820' title='bbox 538 5437 639 5500; x_wconf 76' lang='lat' dir='ltr'><strong>_est</strong></span> <span class='ocrx_word' id='word_1_821' title='bbox 672 5437 794 5500; x_wconf 84' lang='lat' dir='ltr'><strong>eum</strong></span> <span class='ocrx_word' id='word_1_822' title='bbox 817 5423 1011 5500; x_wconf 63' lang='lat' dir='ltr'><strong>dicere</strong></span> <span class='ocrx_word' id='word_1_823' title='bbox 1040 5430 1424 5500; x_wconf 27' lang='lat' dir='ltr'><strong>creaturam?</strong></span> 
     </span>
    </p>
   </div>
   <div class='ocr_carea' id='block_1_105' title="bbox 363 5484 1869 5571">
    <p class='ocr_par' dir='ltr' id='par_1_105' title="bbox 363 5484 1869 5571">
     <span class='ocr_line' id='line_1_105' title="bbox 363 5484 1869 5571; baseline -0.014 -16"><span class='ocrx_word' id='word_1_824' title='bbox 363 5484 480 5571; x_wconf 76' lang='grc'>(75)</span> <span class='ocrx_word' id='word_1_825' title='bbox 527 5495 774 5571; x_wconf 69' lang='lat' dir='ltr'><strong>Secunda</strong></span> <span class='ocrx_word' id='word_1_826' title='bbox 810 5490 1067 5571; x_wconf 58' lang='lat' dir='ltr'><strong>b&#39;pistpla.</strong></span> <span class='ocrx_word' id='word_1_827' title='bbox 1121 5485 1536 5571; x_wconf 32' lang='lat' dir='ltr'><strong>Locuthanli,</strong></span> <span class='ocrx_word' id='word_1_828' title='bbox 1569 5484 1660 5571; x_wconf 78' lang='lat' dir='ltr'><strong>qui</strong></span> <span class='ocrx_word' id='word_1_829' title='bbox 1690 5488 1869 5536; x_wconf 85' lang='lat' dir='ltr'><strong>exstat</strong></span> 
     </span>
    </p>
   </div>
   <div class='ocr_carea' id='block_1_106' title="bbox 281 5558 1871 5642">
    <p class='ocr_par' dir='ltr' id='par_1_106' title="bbox 281 5558 1871 5642">
     <span class='ocr_line' id='line_1_106' title="bbox 281 5558 1871 5642; baseline -0.015 -13"><span class='ocrx_word' id='word_1_830' title='bbox 281 5575 344 5630; x_wconf 90' lang='lat' dir='ltr'><strong>in</strong></span> <span class='ocrx_word' id='word_1_831' title='bbox 369 5558 546 5642; x_wconf 67' lang='lat' dir='ltr'><strong>prima</strong></span> <span class='ocrx_word' id='word_1_832' title='bbox 581 5571 645 5621; x_wconf 87' lang='lat' dir='ltr'><strong>ad</strong></span> <span class='ocrx_word' id='word_1_833' title='bbox 675 5568 799 5618; x_wconf 74' lang='lat' dir='ltr'><strong>Cur.</strong></span> <span class='ocrx_word' id='word_1_834' title='bbox 834 5558 915 5627; x_wconf 86' lang='lat' dir='ltr'><strong>Ill,</strong></span> <span class='ocrx_word' id='word_1_835' title='bbox 956 5562 1018 5613; x_wconf 80' lang='lat' dir='ltr'><strong>lli</strong></span> <span class='ocrx_word' id='word_1_836' title='bbox 1054 5571 1106 5614; x_wconf 90' lang='lat' dir='ltr'><strong>et</strong></span> <span class='ocrx_word' id='word_1_837' title='bbox 1137 5558 1484 5642; x_wconf 53' lang='lat' dir='ltr'><strong>_i7,ncitavit</strong></span> <span class='ocrx_word' id='word_1_838' title='bbox 1533 5559 1690 5635; x_wconf 80' lang='lat' dir='ltr'><strong>paulo</strong></span> <span class='ocrx_word' id='word_1_839' title='bbox 1747 5564 1871 5606; x_wconf 84' lang='lat' dir='ltr'><strong>ante</strong></span> 
     </span>
    </p>
   </div>
   <div class='ocr_carea' id='block_1_107' title="bbox 283 5626 1867 5715">
    <p class='ocr_par' dir='ltr' id='par_1_107' title="bbox 283 5626 1867 5715">
     <span class='ocr_line' id='line_1_107' title="bbox 283 5626 1867 5715; baseline -0.015 -18"><span class='ocrx_word' id='word_1_840' title='bbox 283 5626 449 5715; x_wconf 54' lang='lat' dir='ltr'><strong>quasi</strong></span> <span class='ocrx_word' id='word_1_841' title='bbox 485 5643 831 5715; x_wconf 79' lang='lat' dir='ltr'><strong>desumptum</strong></span> <span class='ocrx_word' id='word_1_842' title='bbox 951 5632 1204 5685; x_wconf 75' lang='lat' dir='ltr'><strong>secuitda.</strong></span> <span class='ocrx_word' id='word_1_843' title='bbox 1243 5627 1393 5715; x_wconf 44' lang='lat' dir='ltr'><strong>lﬂunc</strong></span> <span class='ocrx_word' id='word_1_844' title='bbox 1424 5643 1608 5680; x_wconf 85' lang='lat' dir='ltr'><strong>rursus</strong></span> <span class='ocrx_word' id='word_1_845' title='bbox 1638 5626 1690 5678; x_wconf 90' lang='lat' dir='ltr'><strong>in</strong></span> <span class='ocrx_word' id='word_1_846' title='bbox 1712 5641 1867 5677; x_wconf 80' lang='lat' dir='ltr'><strong>eum—</strong></span> 
     </span>
    </p>
   </div>
   <div class='ocr_carea' id='block_1_108' title="bbox 288 5702 1869 5778">
    <p class='ocr_par' dir='ltr' id='par_1_108' title="bbox 288 5702 1869 5778">
     <span class='ocr_line' id='line_1_108' title="bbox 288 5702 1869 5778; baseline -0.013 -11"><span class='ocrx_word' id='word_1_847' title='bbox 288 5702 413 5768; x_wconf 73' lang='lat' dir='ltr'><strong>dem</strong></span> <span class='ocrx_word' id='word_1_848' title='bbox 483 5702 733 5778; x_wconf 78' lang='lat' dir='ltr'><strong>impingit</strong></span> <span class='ocrx_word' id='word_1_849' title='bbox 784 5705 1051 5778; x_wconf 81' lang='lat' dir='ltr'><strong>lapidem:</strong></span> <span class='ocrx_word' id='word_1_850' title='bbox 1087 5717 1206 5754; x_wconf 71' lang='lat' dir='ltr'><strong>nam</strong></span> <span class='ocrx_word' id='word_1_851' title='bbox 1251 5702 1368 5778; x_wconf 56' lang='lat' dir='ltr'><strong>haec</strong></span> <span class='ocrx_word' id='word_1_852' title='bbox 1404 5704 1869 5778; x_wconf 44' lang='lat' dir='ltr'><strong>qttuque‘cxstant</strong></span> 
     </span>
    </p>
   </div>
   <div class='ocr_carea' id='block_1_109' title="bbox 292 5764 1864 5840">
    <p class='ocr_par' dir='ltr' id='par_1_109' title="bbox 292 5764 1864 5840">
     <span class='ocr_line' id='line_1_109' title="bbox 292 5764 1864 5840; baseline -0.017 -2"><span class='ocrx_word' id='word_1_853' title='bbox 292 5764 400 5839; x_wconf 60' lang='lat' dir='ltr'><strong>In.&quot;</strong></span> <span class='ocrx_word' id='word_1_854' title='bbox 434 5783 489 5836; x_wconf 88' lang='lat' dir='ltr'><strong>in</strong></span> <span class='ocrx_word' id='word_1_855' title='bbox 522 5764 783 5837; x_wconf 64' lang='lat' dir='ltr'><strong>secunda,</strong></span> <span class='ocrx_word' id='word_1_856' title='bbox 819 5764 912 5827; x_wconf 75' lang='lat' dir='ltr'><strong>sed</strong></span> <span class='ocrx_word' id='word_1_857' title='bbox 951 5774 1000 5825; x_wconf 86' lang='lat' dir='ltr'><strong>in</strong></span> <span class='ocrx_word' id='word_1_858' title='bbox 1034 5775 1202 5840; x_wconf 84' lang='lat' dir='ltr'><strong>prima</strong></span> <span class='ocrx_word' id='word_1_859' title='bbox 1237 5771 1301 5822; x_wconf 78' lang='lat' dir='ltr'><strong>ad</strong></span> <span class='ocrx_word' id='word_1_860' title='bbox 1330 5764 1455 5823; x_wconf 76' lang='lat' dir='ltr'><strong>Cor.</strong></span> <span class='ocrx_word' id='word_1_861' title='bbox 1491 5764 1562 5830; x_wconf 76' lang='lat' dir='ltr'><strong>vi,</strong></span> <span class='ocrx_word' id='word_1_862' title='bbox 1601 5767 1669 5840; x_wconf 68' lang='grc'><strong>19</strong></span> <span class='ocrx_word' id='word_1_863' title='bbox 1697 5778 1750 5840; x_wconf 80' lang='grc' dir='ltr'><strong>ει</strong></span> <span class='ocrx_word' id='word_1_864' title='bbox 1774 5764 1864 5840; x_wconf 62' lang='lat' dir='ltr'><strong>2i).</strong></span> 
     </span>
    </p>
   </div>
   <div class='ocr_carea' id='block_1_110' title="bbox 289 5835 1866 5920">
    <p class='ocr_par' dir='ltr' id='par_1_110' title="bbox 289 5835 1866 5920">
     <span class='ocr_line' id='line_1_110' title="bbox 289 5835 1866 5920; baseline -0.013 -11"><span class='ocrx_word' id='word_1_865' title='bbox 289 5835 602 5920; x_wconf 45' lang='lat' dir='ltr'><strong>utrumque</strong></span> <span class='ocrx_word' id='word_1_866' title='bbox 639 5835 778 5902; x_wconf 75' lang='lat' dir='ltr'><strong>vero</strong></span> <span class='ocrx_word' id='word_1_867' title='bbox 806 5835 1169 5900; x_wconf 82' lang='lat' dir='ltr'><strong>testiinonium</strong></span> <span class='ocrx_word' id='word_1_868' title='bbox 1201 5841 1355 5896; x_wconf 81' lang='lat' dir='ltr'><strong>all&#39;ert</strong></span> <span class='ocrx_word' id='word_1_869' title='bbox 1383 5841 1542 5894; x_wconf 84' lang='lat' dir='ltr'><strong>etiam</strong></span> <span class='ocrx_word' id='word_1_870' title='bbox 1576 5844 1625 5892; x_wconf 88' lang='lat' dir='ltr'><strong>in</strong></span> <span class='ocrx_word' id='word_1_871' title='bbox 1662 5838 1749 5891; x_wconf 89' lang='lat' dir='ltr'><strong>hb.</strong></span> <span class='ocrx_word' id='word_1_872' title='bbox 1793 5835 1866 5889; x_wconf 84' lang='lat' dir='ltr'><strong>Dc</strong></span> 
     </span>
    </p>
   </div>
   <div class='ocr_carea' id='block_1_111' title="bbox 1969 4616 3538 4697">
    <p class='ocr_par' dir='ltr' id='par_1_111' title="bbox 1969 4616 3538 4697">
     <span class='ocr_line' id='line_1_111' title="bbox 1969 4616 3538 4697; baseline -0.01 -14"><span class='ocrx_word' id='word_1_873' title='bbox 1969 4616 2145 4697; x_wconf 75' lang='lat' dir='ltr'><strong>capite</strong></span> <span class='ocrx_word' id='word_1_874' title='bbox 2174 4616 2374 4690; x_wconf 84' lang='lat' dir='ltr'><strong>attulit,</strong></span> <span class='ocrx_word' id='word_1_875' title='bbox 2406 4641 2437 4680; x_wconf 90' lang='lat' dir='ltr'><strong>e</strong></span> <span class='ocrx_word' id='word_1_876' title='bbox 2464 4635 2628 4697; x_wconf 61' lang='grc' dir='ltr'><strong>ειειιο⁸</strong></span> <span class='ocrx_word' id='word_1_877' title='bbox 2661 4616 2838 4697; x_wconf 81' lang='lat' dir='ltr'><strong>capite</strong></span> <span class='ocrx_word' id='word_1_878' title='bbox 2877 4616 2882 4617; x_wconf 14' lang='lat'><strong>7</strong></span> <span class='ocrx_word' id='word_1_879' title='bbox 2915 4621 2995 4697; x_wconf 80' lang='lat' dir='ltr'><strong>sic</strong></span> <span class='ocrx_word' id='word_1_880' title='bbox 3053 4616 3218 4672; x_wconf 50' lang='grc' dir='ltr'><strong>εαξη</strong></span> <span class='ocrx_word' id='word_1_881' title='bbox 3268 4616 3495 4670; x_wconf 88' lang='lat' dir='ltr'><strong>alterum</strong></span> <span class='ocrx_word' id='word_1_882' title='bbox 3524 4634 3538 4668; x_wconf 91' lang='lat'>:</span> 
     </span>
    </p>
   </div>
   <div class='ocr_carea' id='block_1_112' title="bbox 1975 4689 3546 4767">
    <p class='ocr_par' dir='ltr' id='par_1_112' title="bbox 1975 4689 3546 4767">
     <span class='ocr_line' id='line_1_112' title="bbox 1975 4689 3546 4767; baseline -0.008 -15"><span class='ocrx_word' id='word_1_883' title='bbox 1975 4719 1992 4749; x_wconf 82' lang='grc' dir='ltr'><strong>ι</strong></span> <span class='ocrx_word' id='word_1_884' title='bbox 2029 4689 2090 4752; x_wconf 73' lang='lat' dir='ltr'><strong>Et</strong></span> <span class='ocrx_word' id='word_1_885' title='bbox 2120 4711 2237 4767; x_wconf 87' lang='lat' dir='ltr'><strong>post</strong></span> <span class='ocrx_word' id='word_1_886' title='bbox 2269 4689 2373 4751; x_wconf 90' lang='lat' dir='ltr'><strong>non</strong></span> <span class='ocrx_word' id='word_1_887' title='bbox 2419 4695 2584 4767; x_wconf 85' lang='lat' dir='ltr'><strong>multa</strong></span> <span class='ocrx_word' id='word_1_888' title='bbox 2609 4691 2830 4767; x_wconf 69' lang='lat' dir='ltr'><strong>[rectius</strong></span> <span class='ocrx_word' id='word_1_889' title='bbox 2867 4689 3382 4767; x_wconf 66' lang='lat' dir='ltr'><strong>cedea:_noster:_et</strong></span> <span class='ocrx_word' id='word_1_890' title='bbox 3427 4694 3546 4767; x_wconf 78' lang='lat' dir='ltr'><strong>post.</strong></span> 
     </span>
    </p>
   </div>
   <div class='ocr_carea' id='block_1_113' title="bbox 1969 4759 3543 4840">
    <p class='ocr_par' dir='ltr' id='par_1_113' title="bbox 1969 4759 3543 4840">
     <span class='ocr_line' id='line_1_113' title="bbox 1969 4759 3543 4840; baseline -0.009 -17"><span class='ocrx_word' id='word_1_891' title='bbox 1969 4759 2158 4840; x_wconf 72' lang='lat' dir='ltr'><strong>multa]</strong></span> <span class='ocrx_word' id='word_1_892' title='bbox 2204 4768 2445 4838; x_wconf 82' lang='lat' dir='ltr'><strong>ejusdem</strong></span> <span class='ocrx_word' id='word_1_893' title='bbox 2491 4759 3363 4840; x_wconf 25' lang='lat' dir='ltr'><strong>Epistolas:iﬁescitishinqnit,</strong></span> <span class='ocrx_word' id='word_1_894' title='bbox 3417 4760 3543 4824; x_wconf 80' lang='lat' dir='ltr'><strong>quia</strong></span> 
     </span>
    </p>
   </div>
   <div class='ocr_carea' id='block_1_114' title="bbox 1968 4833 3544 4910">
    <p class='ocr_par' dir='ltr' id='par_1_114' title="bbox 1968 4833 3544 4910">
     <span class='ocr_line' id='line_1_114' title="bbox 1968 4833 3544 4910; baseline -0.008 -19"><span class='ocrx_word' id='word_1_895' title='bbox 1968 4833 2197 4910; x_wconf 72' lang='lat' dir='ltr'><strong>corpora</strong></span> <span class='ocrx_word' id='word_1_896' title='bbox 2222 4833 2683 4910; x_wconf 22' lang='lat' dir='ltr'><strong>vesti-atempl’utn</strong></span> <span class='ocrx_word' id='word_1_897' title='bbox 2717 4833 2953 4910; x_wconf 58' lang='lat' dir='ltr'><strong>Spiritus</strong></span> <span class='ocrx_word' id='word_1_898' title='bbox 2993 4833 3166 4910; x_wconf 70' lang='lat' dir='ltr'><strong>sancti</strong></span> <span class='ocrx_word' id='word_1_899' title='bbox 3199 4839 3346 4893; x_wconf 86' lang='lat' dir='ltr'><strong>sunt,</strong></span> <span class='ocrx_word' id='word_1_900' title='bbox 3379 4841 3544 4896; x_wconf 83' lang='lat' dir='ltr'><strong>quem</strong></span> 
     </span>
    </p>
   </div>
   <div class='ocr_carea' id='block_1_115' title="bbox 1966 4901 3170 4968">
    <p class='ocr_par' dir='ltr' id='par_1_115' title="bbox 1966 4901 3170 4968">
     <span class='ocr_line' id='line_1_115' title="bbox 1966 4901 3170 4968; baseline -0.009 -6"><span class='ocrx_word' id='word_1_901' title='bbox 1966 4901 2177 4964; x_wconf 44' lang='lat' dir='ltr'><strong>hab-etis</strong></span> <span class='ocrx_word' id='word_1_902' title='bbox 2211 4925 2239 4963; x_wconf 86' lang='lat' dir='ltr'><strong>a</strong></span> <span class='ocrx_word' id='word_1_903' title='bbox 2283 4907 2423 4962; x_wconf 88' lang='lat' dir='ltr'><strong>Deo?</strong></span> <span class='ocrx_word' id='word_1_904' title='bbox 2448 4925 2466 4956; x_wconf 74' lang='grc' dir='ltr'><strong>ι</strong></span> <span class='ocrx_word' id='word_1_905' title='bbox 2505 4901 2766 4957; x_wconf 72' lang='lat' dir='ltr'><strong>Videnot.</strong></span> <span class='ocrx_word' id='word_1_906' title='bbox 2803 4901 2890 4963; x_wconf 58' lang='lat'><strong>75,</strong></span> <span class='ocrx_word' id='word_1_907' title='bbox 2933 4914 3053 4968; x_wconf 88' lang='lat' dir='ltr'><strong>pag.</strong></span> <span class='ocrx_word' id='word_1_908' title='bbox 3081 4901 3170 4954; x_wconf 71' lang='grc'>62.</span> 
     </span>
    </p>
   </div>
   <div class='ocr_carea' id='block_1_116' title="bbox 2039 4968 3545 5052">
    <p class='ocr_par' dir='ltr' id='par_1_116' title="bbox 2039 4968 3545 5052">
     <span class='ocr_line' id='line_1_116' title="bbox 2039 4968 3545 5052; baseline -0.007 -21"><span class='ocrx_word' id='word_1_909' title='bbox 2039 4981 2152 5052; x_wconf 66' lang='grc'>(74)</span> <span class='ocrx_word' id='word_1_910' title='bbox 2186 4981 2420 5047; x_wconf 79' lang='lat' dir='ltr'><strong>Corpora</strong></span> <span class='ocrx_word' id='word_1_911' title='bbox 2444 4986 2636 5030; x_wconf 82' lang='lat' dir='ltr'><strong>vestra.</strong></span> <span class='ocrx_word' id='word_1_912' title='bbox 2661 4974 2846 5052; x_wconf 64' lang='lat' dir='ltr'><strong>Graeca</strong></span> <span class='ocrx_word' id='word_1_913' title='bbox 2871 4971 3067 5052; x_wconf 77' lang='lat' dir='ltr'><strong>editio:</strong></span> <span class='ocrx_word' id='word_1_914' title='bbox 3098 4970 3160 5022; x_wconf 82' lang='grc' dir='ltr'><strong>τὸ</strong></span> <span class='ocrx_word' id='word_1_915' title='bbox 3182 4968 3340 5052; x_wconf 67' lang='grc' dir='ltr'>σῶμα</span> <span class='ocrx_word' id='word_1_916' title='bbox 3367 4968 3545 5052; x_wconf 56' lang='grc' dir='ltr'>ὐμιῖιν,</span> 
     </span>
    </p>
   </div>
   <div class='ocr_carea' id='block_1_117' title="bbox 1966 5040 3539 5118">
    <p class='ocr_par' dir='ltr' id='par_1_117' title="bbox 1966 5040 3539 5118">
     <span class='ocr_line' id='line_1_117' title="bbox 1966 5040 3539 5118; baseline -0.011 -10"><span class='ocrx_word' id='word_1_917' title='bbox 1966 5055 2019 5108; x_wconf 89' lang='lat' dir='ltr'><strong>id</strong></span> <span class='ocrx_word' id='word_1_918' title='bbox 2045 5040 2145 5107; x_wconf 55' lang='lat' dir='ltr'><strong>est</strong></span> <span class='ocrx_word' id='word_1_919' title='bbox 2166 5069 2184 5101; x_wconf 80' lang='grc' dir='ltr'><strong>ι</strong></span> <span class='ocrx_word' id='word_1_920' title='bbox 2217 5040 2413 5118; x_wconf 78' lang='lat' dir='ltr'><strong>corpus</strong></span> <span class='ocrx_word' id='word_1_921' title='bbox 2443 5057 2752 5118; x_wconf 62' lang='lat' dir='ltr'><strong>vestrum.)</strong></span> <span class='ocrx_word' id='word_1_922' title='bbox 2791 5042 2856 5095; x_wconf 79' lang='lat' dir='ltr'><strong>Et</strong></span> <span class='ocrx_word' id='word_1_923' title='bbox 2881 5041 3038 5118; x_wconf 79' lang='lat' dir='ltr'><strong>paulo</strong></span> <span class='ocrx_word' id='word_1_924' title='bbox 3075 5052 3232 5118; x_wconf 85' lang='lat' dir='ltr'><strong>post_:</strong></span> <span class='ocrx_word' id='word_1_925' title='bbox 3262 5041 3352 5092; x_wconf 79' lang='grc' dir='ltr'><strong>τὸν</strong></span> <span class='ocrx_word' id='word_1_926' title='bbox 3406 5040 3539 5092; x_wconf 78' lang='grc' dir='ltr'>Θεὸν</span> 
     </span>
    </p>
   </div>
   <div class='ocr_carea' id='block_1_118' title="bbox 1967 5113 3543 5191">
    <p class='ocr_par' dir='ltr' id='par_1_118' title="bbox 1967 5113 3543 5191">
     <span class='ocr_line' id='line_1_118' title="bbox 1967 5113 3543 5191; baseline -0.009 -14"><span class='ocrx_word' id='word_1_927' title='bbox 1967 5127 2024 5177; x_wconf 83' lang='grc' dir='ltr'>ἐν</span> <span class='ocrx_word' id='word_1_928' title='bbox 2079 5120 2158 5191; x_wconf 83' lang='grc' dir='ltr'>τῷ</span> <span class='ocrx_word' id='word_1_929' title='bbox 2213 5113 2426 5191; x_wconf 83' lang='grc' dir='ltr'>σώματι</span> <span class='ocrx_word' id='word_1_930' title='bbox 2457 5114 2635 5187; x_wconf 82' lang='grc' dir='ltr'>ὑμῶν,</span> <span class='ocrx_word' id='word_1_931' title='bbox 2673 5117 2857 5176; x_wconf 87' lang='lat' dir='ltr'><strong>idest,</strong></span> <span class='ocrx_word' id='word_1_932' title='bbox 2921 5128 2939 5162; x_wconf 81' lang='grc' dir='ltr'><strong>ι</strong></span> <span class='ocrx_word' id='word_1_933' title='bbox 2977 5114 3138 5167; x_wconf 87' lang='lat' dir='ltr'><strong>Deum</strong></span> <span class='ocrx_word' id='word_1_934' title='bbox 3199 5113 3252 5164; x_wconf 90' lang='lat' dir='ltr'><strong>in</strong></span> <span class='ocrx_word' id='word_1_935' title='bbox 3313 5126 3543 5179; x_wconf 84' lang='lat' dir='ltr'><strong>corpore</strong></span> 
     </span>
    </p>
   </div>
   <div class='ocr_carea' id='block_1_119' title="bbox 1967 5205 2226 5249">
    <p class='ocr_par' dir='ltr' id='par_1_119' title="bbox 1967 5205 2226 5249">
     <span class='ocr_line' id='line_1_119' title="bbox 1967 5205 2226 5249; baseline -0.023 0"><span class='ocrx_word' id='word_1_936' title='bbox 1967 5205 2168 5249; x_wconf 90' lang='lat' dir='ltr'><strong>vestro.</strong></span> <span class='ocrx_word' id='word_1_937' title='bbox 2207 5212 2226 5243; x_wconf 74' lang='grc' dir='ltr'><strong>ι</strong></span> 
     </span>
    </p>
   </div>
   <div class='ocr_carea' id='block_1_120' title="bbox 2041 5252 3545 5334">
    <p class='ocr_par' dir='ltr' id='par_1_120' title="bbox 2041 5252 3545 5334">
     <span class='ocr_line' id='line_1_120' title="bbox 2041 5252 3545 5334; baseline -0.007 -18"><span class='ocrx_word' id='word_1_938' title='bbox 2041 5264 2152 5334; x_wconf 72' lang='lat'><strong>(75)</strong></span> <span class='ocrx_word' id='word_1_939' title='bbox 2202 5260 2501 5334; x_wconf 72' lang='lat' dir='ltr'><strong>Secundum</strong></span> <span class='ocrx_word' id='word_1_940' title='bbox 2549 5265 2818 5334; x_wconf 58' lang='lat' dir='ltr'><strong>naturam.</strong></span> <span class='ocrx_word' id='word_1_941' title='bbox 2872 5255 2988 5310; x_wconf 86' lang='lat' dir='ltr'><strong>Non</strong></span> <span class='ocrx_word' id='word_1_942' title='bbox 3046 5269 3138 5323; x_wconf 80' lang='lat' dir='ltr'><strong>per</strong></span> <span class='ocrx_word' id='word_1_943' title='bbox 3191 5252 3545 5307; x_wconf 87' lang='lat' dir='ltr'><strong>creationem.</strong></span> 
     </span>
    </p>
   </div>
   <div class='ocr_carea' id='block_1_121' title="bbox 1968 5327 2698 5399">
    <p class='ocr_par' dir='ltr' id='par_1_121' title="bbox 1968 5327 2698 5399">
     <span class='ocr_line' id='line_1_121' title="bbox 1968 5327 2698 5399; baseline -0.018 -9"><span class='ocrx_word' id='word_1_944' title='bbox 1968 5327 2104 5390; x_wconf 79' lang='lat' dir='ltr'><strong>Vide</strong></span> <span class='ocrx_word' id='word_1_945' title='bbox 2137 5327 2253 5386; x_wconf 83' lang='grc' dir='ltr'>ἰιοι.</span> <span class='ocrx_word' id='word_1_946' title='bbox 2289 5331 2379 5395; x_wconf 63' lang='grc' dir='ltr'>ιιι,</span> <span class='ocrx_word' id='word_1_947' title='bbox 2426 5343 2546 5399; x_wconf 83' lang='lat' dir='ltr'><strong>pag.</strong></span> <span class='ocrx_word' id='word_1_948' title='bbox 2575 5327 2698 5381; x_wconf 71' lang='grc'><strong>212.</strong></span> 
     </span>
    </p>
   </div>
   <div class='ocr_carea' id='block_1_122' title="bbox 2049 5397 2934 5473">
    <p class='ocr_par' dir='ltr' id='par_1_122' title="bbox 2049 5397 2934 5473">
     <span class='ocr_line' id='line_1_122' title="bbox 2049 5397 2934 5473; baseline -0.003 -17"><span class='ocrx_word' id='word_1_949' title='bbox 2049 5404 2161 5473; x_wconf 79' lang='grc'>(76)</span> <span class='ocrx_word' id='word_1_950' title='bbox 2193 5403 2382 5471; x_wconf 77' lang='lat' dir='ltr'><strong>Usque.</strong></span> <span class='ocrx_word' id='word_1_951' title='bbox 2415 5397 2453 5453; x_wconf 85' lang='lat' dir='ltr'><strong>ll</strong></span> <span class='ocrx_word' id='word_1_952' title='bbox 2483 5397 2610 5473; x_wconf 57' lang='lat' dir='ltr'><strong>Cyr.</strong></span> <span class='ocrx_word' id='word_1_953' title='bbox 2641 5414 2720 5462; x_wconf 86' lang='grc' dir='ltr'>ιιι,</span> <span class='ocrx_word' id='word_1_954' title='bbox 2752 5397 2934 5473; x_wconf 50' lang='grc'><strong>1448.</strong></span> 
     </span>
    </p>
   </div>
   <div class='ocr_carea' id='block_1_123' title="bbox 2048 5461 3547 5546">
    <p class='ocr_par' dir='ltr' id='par_1_123' title="bbox 2048 5461 3547 5546">
     <span class='ocr_line' id='line_1_123' title="bbox 2048 5461 3547 5546; baseline -0.009 -19"><span class='ocrx_word' id='word_1_955' title='bbox 2048 5461 2162 5546; x_wconf 81' lang='grc'>(77)</span> <span class='ocrx_word' id='word_1_956' title='bbox 2193 5461 2476 5546; x_wconf 58' lang='lat' dir='ltr'><strong>Qubmum.</strong></span> <span class='ocrx_word' id='word_1_957' title='bbox 2503 5469 2690 5546; x_wconf 63' lang='lat' dir='ltr'><strong>Graeca</strong></span> <span class='ocrx_word' id='word_1_958' title='bbox 2714 5461 2882 5546; x_wconf 77' lang='lat' dir='ltr'><strong>editio</strong></span> <span class='ocrx_word' id='word_1_959' title='bbox 2909 5485 2923 5521; x_wconf 88' lang='lat'><strong>:</strong></span> <span class='ocrx_word' id='word_1_960' title='bbox 2972 5468 3093 5546; x_wconf 62' lang='grc' dir='ltr'>ὅτι,</span> <span class='ocrx_word' id='word_1_961' title='bbox 3128 5465 3177 5518; x_wconf 88' lang='lat' dir='ltr'><strong>id</strong></span> <span class='ocrx_word' id='word_1_962' title='bbox 3203 5473 3285 5546; x_wconf 76' lang='lat' dir='ltr'><strong>est</strong></span> <span class='ocrx_word' id='word_1_963' title='bbox 3315 5461 3498 5546; x_wconf 46' lang='lat' dir='ltr'><strong>equod</strong></span> <span class='ocrx_word' id='word_1_964' title='bbox 3529 5480 3547 5513; x_wconf 76' lang='grc' dir='ltr'><strong>ι</strong></span> 
     </span>
    </p>
   </div>
   <div class='ocr_carea' id='block_1_124' title="bbox 1979 5535 3558 5611">
    <p class='ocr_par' dir='ltr' id='par_1_124' title="bbox 1979 5535 3558 5611">
     <span class='ocr_line' id='line_1_124' title="bbox 1979 5535 3558 5611; baseline -0.01 -9"><span class='ocrx_word' id='word_1_965' title='bbox 1979 5535 2260 5611; x_wconf 53' lang='grc' dir='ltr'>εεῖιιεειξι</span> <span class='ocrx_word' id='word_1_966' title='bbox 2291 5544 2553 5595; x_wconf 86' lang='lat' dir='ltr'><strong>velamen.</strong></span> <span class='ocrx_word' id='word_1_967' title='bbox 2589 5558 2606 5590; x_wconf 78' lang='grc' dir='ltr'><strong>ι</strong></span> <span class='ocrx_word' id='word_1_968' title='bbox 2642 5539 2979 5595; x_wconf 84' lang='lat' dir='ltr'><strong>Versiculum</strong></span> <span class='ocrx_word' id='word_1_969' title='bbox 3014 5539 3078 5611; x_wconf 76' lang='lat' dir='ltr'><strong>l5</strong></span> <span class='ocrx_word' id='word_1_970' title='bbox 3111 5536 3295 5589; x_wconf 88' lang='lat' dir='ltr'><strong>omisit</strong></span> <span class='ocrx_word' id='word_1_971' title='bbox 3325 5535 3558 5586; x_wconf 72' lang='lat' dir='ltr'><strong>fortasse</strong></span> 
     </span>
    </p>
   </div>
   <div class='ocr_carea' id='block_1_125' title="bbox 1981 5610 3559 5685">
    <p class='ocr_par' dir='ltr' id='par_1_125' title="bbox 1981 5610 3559 5685">
     <span class='ocr_line' id='line_1_125' title="bbox 1981 5610 3559 5685; baseline -0.011 -15"><span class='ocrx_word' id='word_1_972' title='bbox 1981 5634 2085 5670; x_wconf 90' lang='lat' dir='ltr'><strong>non</strong></span> <span class='ocrx_word' id='word_1_973' title='bbox 2127 5610 2402 5685; x_wconf 78' lang='lat' dir='ltr'><strong>Didymus,</strong></span> <span class='ocrx_word' id='word_1_974' title='bbox 2437 5613 2531 5666; x_wconf 89' lang='lat' dir='ltr'><strong>sed</strong></span> <span class='ocrx_word' id='word_1_975' title='bbox 2565 5612 2836 5685; x_wconf 81' lang='lat' dir='ltr'><strong>librarius,</strong></span> <span class='ocrx_word' id='word_1_976' title='bbox 2891 5610 3049 5685; x_wconf 81' lang='lat' dir='ltr'><strong>simili</strong></span> <span class='ocrx_word' id='word_1_977' title='bbox 3109 5621 3298 5659; x_wconf 81' lang='lat' dir='ltr'><strong>vocum</strong></span> <span class='ocrx_word' id='word_1_978' title='bbox 3352 5617 3559 5671; x_wconf 81' lang='grc' dir='ltr'>καταρ·</span> 
     </span>
    </p>
   </div>
   <div class='ocr_carea' id='block_1_126' title="bbox 1977 5681 3177 5756">
    <p class='ocr_par' dir='ltr' id='par_1_126' title="bbox 1977 5681 3177 5756">
     <span class='ocr_line' id='line_1_126' title="bbox 1977 5681 3177 5756; baseline -0.005 -17"><span class='ocrx_word' id='word_1_979' title='bbox 1977 5691 2178 5756; x_wconf 85' lang='grc' dir='ltr'>γεῖται,</span> <span class='ocrx_word' id='word_1_980' title='bbox 2205 5681 2258 5740; x_wconf 73' lang='lat' dir='ltr'><strong>et</strong></span> <span class='ocrx_word' id='word_1_981' title='bbox 2283 5687 2468 5756; x_wconf 85' lang='grc' dir='ltr'>κεῖται</span> <span class='ocrx_word' id='word_1_982' title='bbox 2495 5681 3177 5756; x_wconf 74' lang='lat' dir='ltr'><strong>terminatione_deceptus.</strong></span> 
     </span>
    </p>
   </div>
   <div class='ocr_carea' id='block_1_127' title="bbox 2049 5751 2927 5830">
    <p class='ocr_par' dir='ltr' id='par_1_127' title="bbox 2049 5751 2927 5830">
     <span class='ocr_line' id='line_1_127' title="bbox 2049 5751 2927 5830; baseline -0.007 -21"><span class='ocrx_word' id='word_1_983' title='bbox 2049 5759 2160 5830; x_wconf 81' lang='lat'><strong>(78)</strong></span> <span class='ocrx_word' id='word_1_984' title='bbox 2199 5756 2321 5830; x_wconf 59' lang='grc' dir='ltr'>ᾼζοιι</span> <span class='ocrx_word' id='word_1_985' title='bbox 2362 5754 2493 5830; x_wconf 76' lang='lat' dir='ltr'><strong>veni.</strong></span> <span class='ocrx_word' id='word_1_986' title='bbox 2524 5751 2718 5830; x_wconf 66' lang='lat' dir='ltr'><strong>llllattlt.</strong></span> <span class='ocrx_word' id='word_1_987' title='bbox 2754 5751 2927 5830; x_wconf 35' lang='lat' dir='ltr'><strong>v,_l.7.</strong></span> 
     </span>
    </p>
   </div>
   <div class='ocr_carea' id='block_1_128' title="bbox 2051 5809 2904 5901">
    <p class='ocr_par' dir='ltr' id='par_1_128' title="bbox 2051 5809 2904 5901">
     <span class='ocr_line' id='line_1_128' title="bbox 2051 5809 2904 5901; baseline -0.006 -20"><span class='ocrx_word' id='word_1_988' title='bbox 2051 5809 2160 5901; x_wconf 58' lang='grc'>(79)</span> <span class='ocrx_word' id='word_1_989' title='bbox 2200 5827 2320 5881; x_wconf 79' lang='lat' dir='ltr'><strong>Non</strong></span> <span class='ocrx_word' id='word_1_990' title='bbox 2353 5825 2490 5878; x_wconf 75' lang='lat' dir='ltr'><strong>estis.</strong></span> <span class='ocrx_word' id='word_1_991' title='bbox 2524 5809 2676 5878; x_wconf 77' lang='lat' dir='ltr'><strong>llum.</strong></span> <span class='ocrx_word' id='word_1_992' title='bbox 2712 5809 2904 5889; x_wconf 53' lang='grc' dir='ltr'>γιίη.</span> 
     </span>
    </p>
   </div>
  </div>
