4082 6406
578 292 682 350 659

577 409 793 476 condit;
826 409 1076 481 idemque
1098 410 1269 480 facit,
1297 428 1362 469 ac
1387 411 1566 468 Moses
1595 409 1729 484 (80),
1761 412 1876 482 qui,
1912 428 2034 468 cum
2073 413 2159 466 in-
2184 419 2232 476 Α

577 502 845 555 visibilem
877 502 1044 557 Deum
1072 502 1269 572 alloqui
1311 505 1504 575 dignus
1539 503 1724 567 fiebat,
1758 504 2039 557 auferebat
2062 517 2156 556 ve-

579 593 755 648 lamen
788 593 965 650 vultus
999 596 1080 648 sui
1129 596 1239 667 (8i)
1267 613 1332 650 ex
1365 598 1542 652 divina
1571 596 1909 665 apparitione
1945 596 2154 664 glorifi-

578 673 686 737 c'ali
721 687 854 758 (8‘2),
887 697 1049 755 atque
1083 689 1294 742 illorum
1330 690 1538 754 oculos,
1567 690 1657 759 qui
1683 690 1933 744 obtutum
1959 689 2010 742 in
2043 688 2160 756 ipso

579 777 828 847 ﬁgerent,
875 780 1136 836 solarium
1193 781 1467 835 radiorum
1501 781 1692 843 instar,
1745 779 2161 849 persuingentis

581 876 744 938 atque
775 870 1100 924 hehetantis.
1131 869 1418 924 Dominum
1446 881 1627 925 autem
1659 871 1762 926 hoc
1793 871 1846 924 in
1875 870 1994 925 loco
2039 868 2162 938 Spi-

583 962 745 1013 ritum
786 972 1032 1015 sanctum
1079 978 1200 1016 esse
1251 963 1382 1016 dicit
1437 981 1450 1016 :
1494 979 1523 1015 a
1568 978 1676 1032 quo
1727 978 1846 1027 nos,
1899 963 1990 1032 qui
2042 961 2162 1030 ejus

583 1052 837 1120 templum
898 1068 1106 1116 smnus,
1159 1051 1462 1107 libertatem
1526 1053 1888 1122 accipientes,
1929 1053 2160 1108 revelata

579 1143 690 1213 jam
731 1143 900 1208 facie,
961 1159 1062 1199 nec
1114 1146 1387 1199 servitutis
1435 1145 1563 1215 jugo
1628 1147 1860 1216 amplius
1914 1161 2161 1201 succum-

581 1236 795 1296 bentes,
828 1234 1051 1304 gloriam
1084 1236 1293 1288 Domini
1323 1237 1372 1288 in
1402 1237 1556 1290 nobis
1584 1236 1880 1292 habitantis
1910 1236 2162 1306 specula-

585 1341 705 1378 mur
727 1341 796 1380 ex
825 1325 994 1396 gloria
1027 1326 1262 1394 Spiritus
1288 1327 1340 1380 in
1376 1327 1600 1396 gloriam
1641 1327 1816 1383 Patris
1864 1332 2159 1384 venientes.

589 1417 699 1472 Sed
748 1420 1154 1487 progrediamur
1217 1418 1282 1471 ad
1332 1421 1635 1487 sequentia.
1669 1437 1689 1470 ι
1731 1420 1788 1474 Si
1829 1436 2038 1484 omnes,
2081 1420 2163 1474 ili-

585 1511 702 1580 quit
727 1509 864 1581 (85),
892 1512 1238 1582 prophetent,
1267 1511 1429 1566 intret
1457 1521 1634 1566 autem
1660 1513 1781 1582 quis
1807 1513 2064 1578 infidelis,
2084 1513 2165 1567 vel

585 1602 773 1666 idiota,
798 1604 1136 1657 convincitur
1158 1604 1223 1658 ab
1254 1604 1869 1673 omnibus,dijudicatur
1896 1607 1962 1659 ab
1991 1606 2162 1660 omni-

585 1696 686 1750 bus
707 1695 817 1768 (84)
842 1715 856 1750 :
889 1696 1099 1752 occulta
1127 1696 1310 1752 cordis
1337 1697 1452 1767 ejus
1498 1697 1784 1752 manifesta
1816 1697 1946 1752 ﬁunt
1971 1716 1986 1752 :
2007 1709 2060 1752 et
2089 1698 2162 1752 ita

587 1787 788 1844 cadens
809 1791 862 1844 in
896 1789 1086 1844 faciem
1113 1791 1361 1845 adorabit
1400 1790 1589 1855 Deum,
1624 1793 2002 1860 pronuntians,
2023 1795 2164 1860 quod

585 1890 715 1931 vere
744 1878 883 1934 Deus
911 1878 965 1932 in
999 1878 1151 1934 vobis
1191 1889 1296 1936 est.
1329 1899 1348 1932 ι
1391 1880 1576 1950 Itaque
1625 1881 1727 1935 hoc
1769 1881 1932 1936 etiam
1963 1882 2015 1936 in
2046 1883 2166 1938 loco

588 1967 823 2036 Spiritus
855 1979 1097 2036 sanctus,
1127 1972 1218 2040 qui
1260 1971 1312 2026 in
1361 1973 1656 2041 prophetis.
1685 1984 1739 2028 et
1774 1973 1827 2028 in
1858 1974 2058 2029 sanctis
2088 1974 2166 2029 lo-

588 2061 795 2129 quitur,
824 2071 880 2115 et
909 2073 1189 2130 operatur,
1221 2073 1279 2117 et
1312 2063 1664 2128 charismata,
1703 2080 1798 2119 seu
1833 2064 1974 2119 dona
2004 2066 2169 2136 largi-

589 2159 697 2213 tur,
718 2150 1002 2207 manifeste
1023 2161 1246 2206 vocatus
1277 2163 1360 2207 est
1395 2153 1536 2209 Deus
1557 2155 1832 2209 adoratus.
1863 2153 2166 2210 Notandum

2198 1764 2238 1818 Β

588 2255 718 2295 vero
748 2242 850 2297 hoc
879 2251 984 2306 est,
1013 2245 1152 2312 quod
1189 2246 1302 2314 ipse
1327 2247 1490 2300 etiam
1537 2245 1753 2301 adorari
1784 2248 2000 2301 dicitur.
2032 2246 2171 2301 Prw-

589 2333 908 2389 cedentibus
941 2334 1143 2390 similia
1173 2337 1238 2389 ad
1273 2336 1546 2393 Romanos
1573 2352 1789 2407 quoque
1831 2339 2041 2393 scribit.
2077 2337 2171 2392 Sic

592 2435 775 2479 autem
836 2439 896 2480 se
954 2425 1156 2480 habent
1205 2427 1322 2496 ejus
1358 2428 1518 2483 verba
1558 2446 1572 2481 ε
1623 2447 1642 2480 ι
1677 2427 1943 2500 Deus(85)
1989 2440 2168 2483 autem

591 2514 884 2584 patientiae,
936 2524 991 2570 et
1029 2517 1313 2589 spci(86)
1369 2521 1457 2574 det
1506 2519 1657 2574 vobis
1703 2519 1933 2588 idipsum
1981 2537 2172 2591 sapere

591 2608 646 2662 in
675 2607 993 2664 alterutrum
1024 2615 1317 2665 secundum
1341 2611 1526 2667 Iesum
1562 2614 1718 2684 231
1753 2613 2026 2670 Christum
2059 2634 2072 2670 :
2110 2625 2169 2668 ut

592 2701 874 2756 unanimes
899 2716 1006 2754 uno
1029 2718 1124 2756 ore
1165 2704 1480 2774 glorificetis
1524 2707 1690 2761 Deum
1731 2715 1786 2764 et
1824 2709 2038 2764 Patrem
2073 2713 2173 2765 Do-

591 2793 722 2847 mini
754 2795 922 2848 nostri
958 2793 1084 2850 Jesu
1128 2797 1352 2853 Christi.
1383 2817 1402 2850 ι
1448 2799 1581 2866 Quis
1610 2817 1737 2856 vero
1771 2803 2044 2869 estDeus,
2079 2804 2170 2874 qui

591 2883 684 2937 dat
723 2885 880 2940 nobis
930 2888 998 2940 ita
1039 2902 1230 2958 sapere
1278 2890 1347 2944 de
1385 2890 1566 2954 Patre,
1593 2904 1648 2947 et
1703 2893 1988 2964 Uoigenito
2031 2898 2167 2966 ejus,

592 2975 695 3028 nisi
722 2974 956 3043 Spiritus
993 2980 1252 3035 sanctus?
1285 2979 1541 3050 Superest
1573 2984 1716 3038 enim
1743 2985 1859 3050 ipse
1885 2987 2166 3052 dumtaxat,

592 3079 750 3161 quem
783 3068 872 3122 hic
917 3068 1214 3140 intelligere
1247 3073 1539 3142 possimus.
1575 3075 1680 3131 Sed
1721 3077 2168 3134 Thessalonicen.
2195 3099 2241 3161 ρ

592 3156 741 3212 sibus
777 3173 992 3230 quoque
1020 3161 1273 3218 similiter
1305 3165 1495 3220 scribit
1530 3185 1545 3220 :
1587 3187 1606 3220 ι
1636 3169 1894 3224 Dominus
1921 3171 2036 3243 (87)
2070 3189 2168 3226 au-

594 3261 700 3306 tem
735 3252 934 3323 dirigat
972 3254 1136 3309 corda
1187 3267 1367 3311 vestra
1415 3257 1468 3312 in
1513 3259 1832 3314 cliaritatem
1877 3262 1993 3326 Dei,
2024 3273 2080 3317 et
2115 3265 2169 3318 in

593 3344 906 3412 patientiam
945 3345 1169 3401 Christi.
1205 3366 1226 3400 ι
1269 3349 1416 3402 Adeo
1454 3358 1513 3403 ut
1552 3349 1787 3418 Spiritus
1829 3362 2051 3408 sanctus
2100 3353 2172 3408 sit

594 3434 684 3487 ille
722 3435 982 3491 Dominus
1007 3475 1022 3500 ,
1059 3437 1148 3505 qui
1203 3437 1387 3508 dirigit
1418 3437 1472 3492 in
1503 3439 1823 3494 charitatem
1851 3441 1940 3496 Dei
1981 3451 2034 3497 et
2067 3441 2170 3497 Pa-

595 3526 715 3592 tris,
771 3534 826 3581 et
869 3527 922 3581 in
971 3529 1287 3597 patientiam
1316 3528 1470 3596 Filii;
1506 3539 1562 3586 et
1603 3546 1793 3587 rursus
1819 3554 1832 3588 :
1862 3549 1882 3585 ι
1926 3533 2032 3589 Vos
2077 3550 2141 3588 an

595 3628 702 3672 tem
737 3618 846 3689 (88)
884 3619 1146 3674 Dominus
1196 3622 1536 3690 multiplicet,
1575 3632 1630 3678 et
1679 3624 1958 3680 abundare
2010 3627 2174 3682 faciat

593 3711 862 3765 charitate
889 3710 940 3765 in
977 3713 1230 3777 invicem,
1271 3724 1326 3766 et
1359 3714 1410 3766 in
1451 3730 1663 3782 omnes,
1711 3717 2170 3781 quemadmodum

592 3812 650 3857 et
698 3817 798 3856 nos
845 3804 896 3856 in
945 3818 1081 3870 vos;
1120 3807 1187 3858 ad
1223 3807 1590 3860 confirmanda
1643 3809 1806 3861 corda
1837 3821 2014 3862 vestra
2056 3809 2173 3864 sine

595 3892 812 3960 querela
837 3891 948 3961 (89)
985 3893 1036 3946 in
1077 3895 1380 3958 sanctitate,
1423 3912 1607 3950 coram
1632 3897 1757 3965 {Deo
1807 3907 1862 3952 et
1897 3897 2057 3953 Patre
2086 3916 2176 3953 no-

597 3988 732 4044 stro,
761 3979 814 4032 in
845 3980 1074 4034 adventu
1114 3982 1322 4036 Domini
1357 3986 1522 4038 nostri
1553 3983 1680 4038 .Iesu
1722 3985 1944 4041 Christi.
1993 4006 2012 4039 ι
2041 3987 2175 4054 Quis

597 4086 760 4139 porro
783 4083 865 4125 est
896 4073 983 4126 ille
1013 4072 1286 4139 Dominus,
1323 4077 1412 4143 qui
1450 4077 1768 4145 multiplicat
1805 4089 1860 4132 et
1892 4079 2177 4134 confirmat

597 4163 650 4217 in
681 4167 966 4218 sanctitate
1015 4179 1197 4219 coram
1249 4165 1408 4221 Patre
1455 4177 1509 4222 et
1547 4166 1718 4232 Filio,
1774 4169 1876 4223 nisi
1942 4170 2175 4240 Spiritus

598 4253 852 4308 sanctus?
884 4255 1033 4325 Ipsos
1062 4257 1312 4311 hortatur
1355 4258 1596 4327 insuper,
1625 4274 1692 4312 ne
1720 4276 1790 4314 ex
1819 4262 2050 4329 quadam
2085 4278 2174 4332 pc-

598 4345 844 4412 tulantia,
907 4356 1000 4400 aut
1049 4348 1375 4417 negligentia
1433 4349 1826 4423 a'ternam(90)
1877 4350 1994 4419 ejus
2044 4369 2172 4424 gra-

1817 291 2048 348 DIDYMI
2089 292 2563 350 ALEXANDRINI

3702 300 3793 354 680

2263 415 2390 484 παρ’
2419 405 2482 465 οῦ
2514 413 2614 483 τὴν
2659 410 2992 483 ἐλευθερίαν,
3025 411 3075 463 ol
3113 408 3239 472 ναὸς
3279 408 3428 471 ὄντες
3469 409 3643 474 αὐτοῦ,
3670 413 3802 483 δεχά.

2263 520 2434 575 μενοι,
2481 501 2991 573 ἀνακεκαλυμμένῳ
3041 499 3344 573 προσώπῳ,
3395 501 3484 553 καὶ
3513 501 3607 555 οὐκ
3635 504 3801 577 ἑτιτῷ

2261 594 2412 665 ζυγῷ
2443 595 2541 665 τῆς
2567 594 2812 669 δουλείας
2845 593 3265 661 ὑποκεκυφότες,
3291 591 3388 662 τὴν
3416 592 3566 657 δόξαν
3591 593 3677 645 τοῦ
3710 594 3801 647 Κυ-

2263 686 2403 758 ρίου,
2440 685 2534 738 τοῦ
2567 684 2844 747 οἰκοῦντος
2878 685 2936 737 ἐν
2983 685 3134 754 ἡμῖν,
3185 681 3680 751 κατοπτριζόμεθα,
3701 685 3801 740 ἀπὸ

2259 779 2445 846 δόξης
2457 777 2564 832 τοῦ
2588 779 2935 847 Πνεύματος
2957 780 3043 842 είς
3076 775 3266 841 δόξαν
3294 775 3398 828 τοῦ
3432 775 3648 844 Πατρός
3674 777 3804 846 ἐρχό-

2264 888 2431 942 μενοι.
2462 871 2746 942 Προΐωμεν
2778 870 2834 922 δὲ
2847 869 2939 922 καὶ
2968 871 3060 922 ἐπὶ
3079 868 3147 920 τά
3179 867 3333 938 ἑξῆς
3374 886 3391 918 t
3425 866 3565 931 Ἐὰν,
3601 886 3618 917 ι
3643 869 3802 936 φησὶν,

2270 982 2288 1016 ι
2331 964 2532 1026 πάντες
2562 963 2982 1034 προφητεύωσιν
3003 1002 3016 1024 ,
3046 960 3261 1030 εἰσέλθῃ
3306 959 3361 1012 δέ
3398 976 3478 1022 τις
3525 959 3747 1022 ἄπιστος,
3774 961 3802 1029 ἦ

2265 1057 2504 1126 ἰδιώτης,
2550 1055 2830 1125 ἐλέγχεται
2885 1055 2990 1107 ὑπὸ
3047 1053 3286 1116 πάντων,
3341 1051 3674 1122 ἀνακρίνεται
3717 1050 3805 1102 ὑπὸ

2263 1149 2503 1212 πάντων,
2527 1147 2596 1200 τὰ
2623 1147 2844 1217 κρυπτά
2877 1146 2974 1217 τῆς
3001 1145 3226 1214 καρδίας
3255 1141 3419 1196 αὐτοῦ
3451 1142 3652 1212 φανερά
3677 1143 3804 1209 γίνε-

2262 1257 2384 1293 ται·
2430 1241 2523 1293 καὶ
2568 1239 2712 1292 οὕτω
2765 1237 2947 1290 πεσὼν
2993 1239 3090 1290 ὲπ).
3124 1236 3436 1307 πρόσωπον,
3475 1237 3806 1305 προσκυνήσει

2263 1333 2340 1404 τῷ
2384 1333 2524 1404 Θεῷ,
2571 1331 2928 1401 ἀπαγγέλλων
2957 1373 2972 1398 ,
3023 1333 3103 1384 ὅτι
3147 1331 3316 1394 ὅντως
3364 1333 3394 1384 ὁ
3437 1330 3566 1393 Θεὸς
3604 1331 3657 1383 ὲν
3697 1331 3806 1400 ύμῖν

2264 1425 2424 1477 ἐστιν.
2454 1443 2470 1472 ι
2500 1424 2630 1486 Θεὸς
2656 1419 2748 1477 οῦν
2777 1422 3250 1493 προσκυνούμενος
3301 1422 3362 1474 τὸ
3399 1423 3453 1474 ἐν
3500 1423 3604 1482 τοῖς
3621 1437 3806 1492 προφη-

2263 1514 2484 1568 τεύουσι
2514 1515 2608 1567 καὶ
2632 1517 2743 1577 τοῖς
2773 1514 2948 1580 ἁγίοις
2979 1511 3172 1566 λαλοῦν
3207 1512 3302 1566 καὶ
3330 1510 3599 1582 ἐνεργοῦν,
3639 1511 3724 1562 καὶ
3747 1510 3805 1562 τὰ

2266 1607 2579 1678 χαρίσματα
2616 1606 2854 1677 παρέχον
2899 1604 3056 1673 ἆγιον
3084 1603 3308 1674 Πνεῦμα
3359 1604 3452 1658 καὶ
3483 1601 3700 1656 ἐνταῦθα
3721 1619 3807 1670 φα-

2269 1695 2440 1768 νερῶς
2470 1697 2804 1766 ὠνόμασται.
2825 1697 2934 1751 Καὶ
2967 1695 3326 1766 σημειωτέον,
3361 1696 3443 1747 ὃτι
3483 1695 3572 1746 καὶ
3597 1709 3808 1764 προσκυ·

2277 1793 2452 1843 δεῖται.
2518 1791 2644 1852 Τοῖς
2695 1788 2929 1860 πρόσθεν
2985 1787 3342 1860 παραπλήσια
3402 1789 3495 1840 καὶ
3556 1785 3811 1856 Ῥωμαίοις

2267 1881 2408 1940 ἀξιοῖ
2445 1880 2664 1951 γράφειν
2686 1898 2699 1911 ·
2743 1879 2927 1949 έχουσι
2955 1879 2998 1932 δ’
3035 1881 3092 1932 αί
3118 1877 3292 1944 λέξεις
3323 1879 3470 1932 τόνδε
3501 1877 3590 1931 τὸν
3616 1878 3807 1948 τρόπον·

2274 1991 2293 2024 ι
2318 1971 2373 2026 Ὀ
2402 1973 2458 2026 δὲ
2495 1973 2627 2036 Θεὸς
2651 1971 2750 2042 τῆς
2779 1973 3058 2043 ὑπομονῆς
3099 1973 3192 2025 καὶ
3222 1971 3324 2042 τῆς
3349 1971 3562 2034 ἐλπίδος
3582 1970 3682 2042 δῴη
3704 1970 3813 2038 ὑμῖν

2267 2063 2328 2115 τὸ
2353 2063 2486 2116 αὐτὸ
2515 2066 2730 2134 φρονεῖν
2760 2065 2818 2116 ἐν
2847 2062 3119 2133 ἀλλήλοις,
3160 2063 3302 2116 κατὰ
3344 2061 3550 2133 Ἰησοῦν
3580 2059 3810 2131 Χριστόν

2270 2155 2354 2206 ἵνα
2379 2154 2718 2225 ὁμοθυμαδὸν
2745 2157 2801 2206 ἐν
2850 2155 2930 2207 ἑνὶ
2970 2153 3196 2224 στόματι
3257 2152 3515 2223 δοξάζητε
3570 2153 3654 2206 τὸν
3701 2151 3813 2204 Θεὸν

2270 2246 2366 2299 καὶ
2409 2247 2626 2317 Πατέρα
2673 2246 2765 2298 τοῦ
2803 2246 3006 2317 Κυρίου
3037 2245 3196 2316 ἡμῶν
3247 2245 3425 2315 Ἰησοῦ
3468 2243 3710 2317 Χριστοῦ.
3735 2241 3813 2303 Τίς

2269 2332 2360 2390 οῦν
2404 2340 2432 2390 ὁ
2467 2337 2642 2400 διδοὺς
2668 2339 2796 2407 ἡμῖν
2819 2336 2953 2399 Θεὸς
2995 2334 3137 2388 οὓτω
3180 2338 3400 2405 φρονεῖν
3448 2334 3573 2404 περ).
3598 2331 3683 2386 τοῦ
3719 2332 3814 2384 Πα-

2268 2429 2417 2499 τρὸς,
2466 2430 2561 2482 καὶ
2602 2429 2695 2482 τοῦ
2738 2428 3075 2497 Μονογενοῦς
3118 2426 3304 2489 αὑτοῦ,
3355 2426 3469 2480 ἀλλ’
3512 2425 3543 2496 ἢ
3587 2423 3644 2477 τὸ
3685 2423 3814 2491 am

2271 2520 2522 2591 Πνεῦμα;
2553 2521 2692 2574 Αὐτὸ
2723 2521 2832 2592 γὰρ
2858 2519 2983 2591 [I06
3045 2519 3099 2590 ὁ]
3146 2519 3338 2590 νοῆσαι
3387 2520 3531 2590 ἡμᾶς
3564 2515 3814 2572 ὑπολείπε-

2269 2631 2379 2667 ται.
2425 2612 2585 2665 Ἀλλά
2628 2613 2722 2666 κα),
2772 2610 3261 2664 Θεσσαλονικεῦσιν
3309 2610 3596 2673 ὡσαύτως·
3637 2626 3656 2660 ι
3683 2608 3734 2661 '0
3768 2605 3814 2657 δὲ

2270 2705 2476 2775 Κύριος
2505 2704 2828 2757 κατευθύναι
2860 2703 3012 2774 ὑμῶν
3038 2703 3136 2766 τάς
3157 2701 3388 2774 καρδίας
3417 2705 3495 2766 είς
3517 2701 3610 2773 τὴν
3627 2699 3816 2768 ἀγάπην

2269 2795 2363 2850 τοῦ
2391 2795 2548 2860 Θεοῦ,
2603 2797 2698 2848 κα).
2741 2797 2822 2858 εἰς
2855 2795 2954 2864 τὴν
2989 2795 3265 2866 ὑπομονὴν
3298 2793 3396 2848 τοῦ
3427 2792 3704 2865 Χριστοῦ.»
3744 2789 3816 2852 ἀς

2271 2886 2483 2943 εἶναιτὸ
2505 2889 2658 2958 ἅγιον
2672 2888 2915 2958 Πνεῦμα,
2942 2887 3002 2940 τὸ
3025 2887 3355 2940 κατευθῦνον
3386 2887 3588 2958 Κύριον
3634 2887 3709 2947 είς
3733 2882 3816 2951 τὴν

2271 2983 2492 3052 ἀγάπην
2537 2980 2632 3032 τοῦ
2673 2980 2806 3033 Θεοῦ
2845 2981 2940 3032 κα).
2977 2979 3212 3050 Πατρὸς,
3249 2979 3346 3033 καὶ
3394 2981 3475 3042 είς
3509 2977 3603 3048 τὴν
3639 2977 3820 3044 ὑπομο-

2271 3073 2367 3145 νὴν
2402 3071 2496 3125 τοῦ
2540 3072 2691 3128 Υίοῦ.
2735 3073 2843 3124 Καὶ
2869 3072 3050 3125 πάλιν·
3078 3090 3096 3121 t
3132 3069 3308 3141 ’Υμᾶς
3336 3071 3394 3124 δὲ
3423 3075 3451 3125 ὁ
3473 3069 3664 3142 Κύριος
3685 3066 3818 3119 πλεο-

2271 3163 2429 3216 νάσαι
2461 3161 2555 3215 καὶ
2598 3161 2952 3232 περισσεύσαι
2985 3165 3050 3234 τῇ
3097 3162 3287 3234 ἀγάπῃ
3327 3163 3410 3226 είς
3448 3160 3715 3231 ἀλλήλους,
3741 3155 3820 3210 καὶ

2272 3257 2352 3318 είς
2401 3254 2628 3318 πάντας,
2679 3254 2931 3325 καθάπερ
2970 3255 3064 3308 κα).
3116 3257 3280 3325 ἡμεῖς
3327 3255 3410 3318 είς
3456 3255 3630 3324 ὑμᾶς·
3666 3252 3736 3313 είς
3769 3243 3818 3298 τὸ

2275 3345 2523 3417 στηρίξαι
2555 3345 2708 3416 ὑμῶν
2738 3345 2835 3408 τὰς
2871 3344 3098 3414 καρδίας
3131 3345 3442 3416 ἀμέμπτως
3466 3348 3523 3398 ὲν
3553 3339 3818 3413 ἁγιωσύνῃ,

2271 3437 2577 3509 ἔμπροσθεν
2605 3438 2700 3491 τοῦ
2737 3437 2872 3491 Θεοῦ
2903 3439 2996 3492 καὶ
3023 3438 3236 3508 Πατρὸς
3267 3437 3448 3508 ἡμῶν,
3477 3439 3531 3491 ὲν
3556 3438 3616 3506 τῇ
3641 3449 3818 3504 παρουο

2274 3531 2364 3601 σία
2409 3530 2504 3583 τοῦ
2552 3531 2760 3602 Κυρίου
2800 3530 2958 3602 ἡμῶν
3004 3529 3179 3602 Ἰησοῦ
3212 3529 3476 3602 Χριστοῦ.
3502 3549 3520 3580 ι
3563 3529 3709 3589 Ποῖος
3743 3517 3820 3576 οῦν

2272 3620 2474 3692 Κύριος
2504 3623 2533 3673 ὁ
2568 3619 2876 3685 πλεονάζων
2900 3621 2994 3674 καὶ
3025 3618 3301 3692 στηρίζων
3329 3622 3389 3672 έν
3428 3615 3698 3686 ἁγιωσύνῃ
3739 3612 3820 3682 ίμ-

2274 3712 2507 3782 προσθεν
2533 3709 2626 3764 τοῦ
2665 3711 2874 3782 Πατρὸς
2893 3713 2986 3765 καὶ
3025 3711 3118 3764 τοῦ
3152 3710 3305 3774 Υίοῦ,
3343 3711 3376 3782 ἦ
3419 3711 3480 3764 τὸ
3510 3709 3655 3777 ἅγιον
3679 3700 3818 3759 Πνεῦ-

2276 3819 2385 3874 μα;
2418 3803 2527 3855 Καὶ
2556 3805 2844 3874 παρεγγυᾷ
2866 3803 2924 3855 δὲ
2950 3803 3155 3866 αὐτοῖς,
3187 3801 3261 3872 μὴ
3290 3804 3357 3856 ἐκ
3384 3801 3659 3869 παροινίας
3679 3793 3816 3855 τινὸς,

2272 3897 2305 3966 ἢ
2355 3895 2613 3967 ἀμελείας
2647 3895 3077 3966 ἀποπέμψασθαι
3129 3896 3226 3966 τὴν
3267 3894 3326 3947 ὲν
3367 3897 3499 3965 ἡμῖν
3523 3890 3820 3960 ἀναφθεῖσαν

2272 3987 2437 4040 αὑτοῦ
2482 3987 2708 4042 αἰωνίαν
2759 3989 2956 4058 χάριν,
3014 3986 3274 4058 γράφων⁶
3336 3987 3452 4039 «Τὸ
3501 3984 3711 4054 Πνεῦμα
3757 3975 3820 4048 μὴ

2275 4078 2547 4132 σϐέννυτε.
2571 4097 2588 4129 ι
2624 4075 2789 4141 Αὖθίς
2820 4095 2879 4130 τε
2929 4078 3192 4131 θεοποιῶν
3241 4078 3398 4140 αὑτὸ,
3443 4077 3538 4130 καὶ
3574 4076 3665 4146 τὴν
3707 4068 3818 4140 πρὸς

2271 4168 2362 4220 τὸν
2399 4167 2619 4239 Πατέρα
2664 4168 2975 4236 συστοιχίαν
3015 4167 3109 4220 καὶ
3158 4166 3542 4238 ὁμοφροσύνην
3581 4156 3822 4228 ἀπαγγέλ-

2273 4259 2400 4324 λων,
2436 4259 2598 4332 φησίν
2618 4276 2631 4290 ο
2669 4281 2685 4311 ι
2718 4259 2776 4313 Ὀ
2797 4258 3005 4312 ἀθετῶν
3051 4261 3151 4312 οὐκ
3175 4258 3463 4329 ἄνθρωπον
3488 4255 3679 4317 ἀθετεῖ,
3707 4245 3818 4304 ἀλλά

2273 4351 2365 4404 τὸν
2418 4351 2572 4415 Θεὸν,
2631 4351 2722 4403 τὸν
2770 4350 3013 4404 διδοῦντα
3049 4351 3110 4403 τὸ
3137 4349 3365 4420 Πνεῦμα
3392 4348 3555 4403 αὑτοῦ
3598 4347 3656 4398 τὸ
3692 4344 3818 4410 ἅγιον

597 4439 748 4503 tiam,
785 4453 905 4507 qua:
955 4440 1006 4492 in
1057 4440 1212 4494 nobis
1249 4441 1410 4494 veluti
1449 4457 1673 4495 accensa
1719 4452 1820 4509 est,
1869 4453 2168 4513 respuant:

2277 4443 2353 4504 εἰς
2382 4443 2546 4513 ἡμᾶς.
2575 4460 2593 4493 ι
2638 4442 2841 4512 Πέτρος
2871 4441 2950 4505 δὲ,
2981 4443 3009 4494 ὁ
3035 4441 3102 4493 τά
3125 4443 3369 4511 πρωτεῖα
3393 4441 3450 4492 ὲν
3472 4442 3581 4501 τοῖς
3608 4429 3822 4489 ἀποστό-

596 4529 711 4584 hmc
751 4532 992 4585 scribens
1014 4530 1156 4602 (9I):
1191 4551 1209 4582 ι
1240 4532 1499 4600 Spiritum
1541 4533 1706 4587 nolite
1749 4535 2121 4605 exstinguere;
2147 4554 2163 4586 ι

595 4631 650 4675 et
679 4639 865 4677 rursus
895 4624 1058 4677 Deum
1095 4625 1239 4676 illum
1266 4625 1493 4688 faciens,
1529 4635 1582 4680 et
1611 4627 1834 4694 aequalis
1883 4642 2002 4680 eum
2046 4643 2169 4682 cuni

595 4719 756 4773 Patre
781 4721 1001 4785 gradus,
1049 4736 1113 4774 ac
1143 4721 1421 4790 dignitatis
1463 4736 1605 4783 esse,
1646 4721 1804 4790 eique
1838 4724 2174 4776 concordare

597 4811 946 4875 annuntians,
994 4811 1105 4865 ait:
1148 4832 1165 4862 ι
1195 4812 1294 4878 Qui
1338 4813 1701 4884 spernit(92),
1756 4829 1860 4866 non
1903 4815 2170 4867 hominem

667 4922 779 4992 (80)
813 4923 1003 4976 Moses.
1032 4923 1163 4979 Vide
1192 4927 1362 4981 Exod.
1395 4943 1577 4983 xuiv.
1616 4927 1687 4981 54
1719 4936 1773 4979 et
1823 4927 1911 4980 '55.
1957 4926 2167 4981 Similia

596 4992 1058 5117 habetsgrigenes
1085 4996 1134 5047 in
1161 4996 1297 5051 libro
1328 4999 1501 5064 primo
1534 4996 1610 5050 De
1643 4999 1933 5065 principiis,
1973 5013 2092 5066 cap.
2116 4997 2167 5059 I,

598 5081 718 5117 nam
822 5106 834 5117 .

617 5083 718 5118 )illl.
748 5083 834 5118 0U.

598 5081 955 5205 Ικῑῗὶξίῗυοδιιί.
1023 5133 1226 5202 Codex,
1295 5135 1483 5190 αὑτοῦ.
1536 5135 1845 5206 Ῑιοὲέθ¹¹⁴¹¹¹¹¹¹
1914 5135 2168 5199 Ῐ⁰Γι³⁸⁵θ⁹

598 5223 632 5260 α
643 5206 761 5258 ὅτοῦ
771 5247 782 5259 .

671 5277 779 5346 (8i)
817 5273 1135 5346 Gloriﬁcati.
1177 5275 1362 5330 Latina
1413 5277 1693 5331 translatio
1745 5276 1918 5331 Exod.
1981 5289 2168 5346 ξκχιν,

599 5346 688 5408 ⁸55,
723 5347 884 5400 Musis
920 5345 1111 5402 faciem
1169 5365 1186 5395 ι
1219 5359 1496 5400 cornutam
1530 5348 1697 5402 fuisse
1729 5366 1748 5397 ι
1807 5350 1923 5412 ait;
1978 5345 2166 5400 Grieca

600 5431 750 5473 vero,
787 5434 805 5465 ‹
837 5419 1189 5483 glorificatam
1227 5413 1410 5471 fuisse.
1436 5437 1454 5468 ι

672 5487 784 5555 (85)
827 5484 1029 5555 Inqut'l.
1073 5485 1093 5537 l
1120 5486 1183 5538 ad
1213 5485 1340 5542 Cur.
1374 5503 1485 5548 XIV,
1518 5488 1588 5540 24
1620 5496 1671 5540 et
1695 5488 1789 5542 25.

674 5557 786 5625 (8i)
816 5558 891 5610 Ab
917 5558 1174 5610 omnibus.
1206 5555 1392 5610 Graeca
1437 5556 1608 5611 Bthia
1635 5570 1771 5625 post,
1802 5556 1906 5609 ὑπὸ
1933 5555 2168 5615 πάντων.

607 5627 844 5698 habent:
883 5630 978 5680 καὶ
1006 5627 1148 5698 οὕτω
1181 5626 1249 5698 τὰ
1297 5629 1536 5698 κρυπτά,
1586 5629 1636 5680 id
1672 5638 1754 5681 est
1815 5647 1832 5678 ι
1863 5639 1914 5680 et
1963 5629 2033 5680 ita
2083 5641 2174 5678 0c-

607 5697 770 5750 culla.
807 5715 825 5747 »
866 5698 970 5751 Sed
1001 5697 1165 5750 Bililia
1209 5696 1390 5750 Latina
1425 5701 1549 5754 item
1597 5712 1652 5752 ut
1701 5699 1958 5767 Didymus
2014 5699 2172 5750 omit-

613 5776 729 5823 ιυιιι
757 5767 844 5824 hic
875 5783 1049 5836 voces,
1089 5788 1105 5817 ι
1138 5777 1190 5824 ct
1223 5769 1314 5823 ita.
1352 5790 1369 5820 ι

2277 4535 2388 4597 λοις
2416 4533 2575 4603 ἔχων,
2603 4533 2896 4607 διαρρήδην
2919 4533 3052 4586 Θεὸν
3074 4533 3168 4585 καὶ
3199 4531 3404 4602 Κύριον
3429 4532 3489 4585 τὸ
3511 4531 3656 4598 ἅγιον
3678 4519 3823 4578 Πνεῦ-

2280 4644 2355 4698 μα
2396 4625 2698 4697 παριστῶν,
2729 4625 2966 4677 τοιοῦτον
2996 4623 3293 4695 ἠπείλησεν
3329 4624 3472 4677 κατὰ
3508 4622 3646 4688 λέξιν
3688 4618 3822 4669 Ἀνα-

2277 4718 2368 4788 vi;
2413 4717 2522 4770 τινὶ
2552 4715 2827 4786 τοῦνομα·
2883 4736 2901 4767 ι
2935 4716 3033 4769 Διά
3077 4715 3132 4768 τί
3179 4715 3502 4786 ἐπλήρωσεν
3537 4715 3564 4767 ὁ
3611 4705 3821 4765 Σατανᾶς

2278 4810 2376 4880 τὴν
2396 4807 2621 4882 καρδίαν
2650 4825 2765 4874 σου,
2793 4808 3095 4879 ψεύσασθαί
3125 4825 3186 4861 σε
3222 4808 3284 4860 τὸ
3320 4808 3545 4879 Πνεῦμα
3577 4804 3635 4858 τὸ
3671 4801 3819 4869 ἅγιον,

2367 4926 2458 4997 85)
2489 4925 2648 4997 Deus.
2685 4925 2840 4997 Rom.
2879 4941 2966 4997 xv,
3000 4925 3116 4997 5_et
3143 4925 3195 4980 6.

2367 4929 2458 4997 85)
2489 4929 2648 4980 Deus.
2685 4929 2840 4980 Rom.
2879 4941 2966 4988 xv,
3000 4929 3033 4979 5
3062 4935 3116 4979 et
3143 4929 3195 4980 6.

2344 4929 2458 5066 (86)
2511 4996 2576 5050 Et
2629 4997 2756 5061 spei.
2807 4995 2971 5066 Biblia
3024 4995 3250 5050 Graeca:
3301 4996 3396 5050 καὶ
3428 4991 3816 5066 παρακλήσεως»

2279 5064 2329 5118 id
2368 5064 2470 5132 est,
2509 5085 2528 5116 ι
2557 5077 2609 5120 et
2639 5065 3047 5122 consolationis.
3081 5085 3100 5117 ι

2345 5136 2455 5204 (87)
2489 5135 2764 5188 Dominus.
2799 5135 2838 5188 ll
2891 5134 3081 5204 Thess.
3119 5150 3202 5194 III.
3244 5135 3298 5189 5.

2348 5203 2456 5276 (88)
2499 5204 2594 5276 Y0:
2651 5216 2842 5259 autem.
2878 5207 2901 5258 Ι
2933 5203 3243 5276 Thess)".
3285 5205 3346 5259 I9.
3377 5216 3430 5258 el
3468 5204 3554 5258 I3.

2349 5273 2462 5364 (35.2“)
2495 5273 2620 5364 δέρε
2647 5277 2888 5364 στέενῖείίξκ
3134 5273 3327 5364 illam:
3355 5275 3711 5364 ,άμὲιῆῖυὶῇ

2350 5330 2461 5412 (90)
2501 5330 2800 5398 ΑΞιενῖιαηι.
2837 5345 2888 5399 Id
2929 5355 3032 5403 est,
3077 5364 3094 5396 ι
3133 5330 3391 5399 divinant.
3422 5330 3443 5396 ἶ
3481 5330 3606 5396 Vide
3634 5330 3730 5412 not.
3754 5330 3814 5412 βξ

2279 5404 2400 5484 pag}.
2427 5404 2552 5468 2°28.
2585 5415 2818 5468 Αίωνίαν
2860 5431 2987 5468 vero
3015 5417 3144 5469 dicit
3177 5432 3270 5483 pro
3295 5413 3534 5477 αἰώνιον,
3567 5404 3820 5484 uillam-I38

2281 5476 2444 5540 item.
2479 5501 2554 5544 Ix.
2586 5487 2651 5538 te
2687 5486 2842 5549 dixit,
2870 5487 3093 5539 αἰωνίαν
3121 5476 3410 5555 λύτρωσιν,
3440 5497 3492 5538 et
3522 5476 3740 5534 Basilius
3762 5476 3817 5555 ii;

2283 5537 2385 5608 bro
2406 5537 2487 5607 De
2643 5537 2981 5622 sancto'cap.
3163 5537 3353 5608 αἰωνία
3400 5537 3729 5622 κατάκρισις,
3775 5537 3820 5594 id

2282 5639 2364 5680 est
2402 5645 2418 5675 ‹
2452 5628 2776 5691 sempiterna
2803 5627 3200 5691 condemnatio.
3235 5647 3250 5675 ι

2357 5696 2464 5764 (Cll)
2503 5679 2776 5760 Sp'irilum.
2813 5679 3046 5750 l'l‘hess‘.
3079 5713 3128 5758 ν,
3167 5697 3247 5751 I9.

2357 5741 2464 5836 (ii-'2)
2503 5741 2609 5831 liii}
2627 5741 2888 5834 "gignit:
2906 5741 3312 5832 "ritas-f1...
3362 5764 3414 5818 8.
3466 5762 3522 5817 lu
3571 5741 3818 5818 στιπαό
