4082 6406
601 309 705 364 (ιιῖ

1828 302 2062 358 DIDYMl
2103 283 2570 358 ΑιιιέκιΝοιιιΝι

3719 300 3806 364 614

599 435 684 481 est
735 422 995 492 Spiritus,
1031 420 1102 476 ita
1155 420 1319 473 etiam
1373 424 1597 472 sanctus
1651 427 1766 484 ejus
1799 416 2040 485 Spiritus
2089 426 2168 471 est

2273 414 2414 484 ἁγίῳ
2458 413 2736 483 ῐῐνεύματι
2763 411 2881 483 ξέφη
2913 412 2975 464 τὸ
3013 411 3194 480 λόγιον
3232 411 3326 465 τὸν
3363 411 3494 465 Θεὸν
3525 421 3810 485 προσκυνεί-

603 519 865 572 Dens:et
890 515 1030 569 sicut
1079 515 1221 568 Deus
1269 522 1324 567 et
1370 521 1472 575 est,
1508 517 1562 564 et
1611 524 1733 565 esse
1773 509 1972 564 dicitur
2017 509 2167 571 illud,

599 609 742 677 quod
781 616 864 661 est
899 606 1134 675 Spiritus
1159 605 1312 671 ejus;
1351 604 1422 656 ita
1467 602 1632 656 etiam
1678 600 1911 669 Spiritus
1949 609 2170 654 sanctus

601 696 728 750 illud
760 707 860 760 est,
889 694 1030 764 quod
1063 706 1143 748 est
1176 693 1282 752 ille,
1313 692 1466 761 cujus
1495 690 1728 760 Spiritus
1768 700 1882 744 est:
1917 690 2168 743 nimirum

601 796 686 839 est
729 785 980 855 principii
1037 799 1230 852 expers
1266 783 1426 835 Deus.
1487 780 1611 834 Haec
1661 795 1790 849 ergo
1841 788 1923 834 est
1987 793 2168 833 eorum

603 880 886 931 verborum
934 877 1195 929 sententia
1232 891 1248 929 :
1295 871 1516 942 Oportet
1565 887 1664 926 nos
1693 881 1804 927 toto
1847 880 2032 924 nostro
2065 869 2174 938 spi-

604 969 706 1022 ritu
725 967 802 1039 (‘2)
841 967 1172 1021 confidenter
1198 980 1259 1018 ac
1281 964 1398 1017 sine
1437 962 1773 1016 haesitatione
1798 959 1900 1032 (5),
1931 975 2052 1014 cum
2082 974 2174 1011 ve-

604 1058 786 1120 ritate,
822 1072 926 1110 non
965 1071 1093 1109 vero
1127 1055 1254 1108 solis
1287 1054 1460 1113 labiis,
1510 1053 1771 1120 nudisque
1809 1051 2171 1111 sermonibus,

603 1150 862 1218 Spiritum
883 1148 1040 1218 233
1059 1158 1301 1201 sanctum
1325 1147 1570 1199 adorare.
1590 1143 1740 1210 Quod
1773 1143 1816 1197 si
1844 1142 2077 1196 dixerint
2095 1141 2171 1211 (4)
2210 1181 2214 1186 .

604 1243 967 1297 lllacedoniani
979 1279 994 1302 ,
1019 1242 1068 1292 iu
1089 1239 1250 1293 allato
1279 1237 1571 1303 Scriptura:
1585 1235 1802 1289 oraculo
1815 1232 1918 1288 dici
1932 1233 2172 1304 quidem,

601 1337 746 1402 quod
799 1335 851 1387 in
886 1332 1086 1400 Spiritu
1145 1338 1336 1383 sancto
1375 1328 1518 1382 Deus
1560 1326 1838 1392 aduratur,
1879 1341 1987 1378 non
2045 1338 2173 1377 vero

603 1428 764 1479 etiam
796 1424 922 1489 dici,
949 1423 1088 1492 quod
1125 1421 1365 1490 Spiritus
1407 1421 1686 1481 aduratur,
1721 1417 1850 1470 illttd
1883 1416 2042 1470 etiam
2081 1430 2176 1468 co-

605 1527 796 1585 gentur
829 1515 1026 1579 dicere,
1060 1528 1155 1566 nos
1200 1513 1251 1565 in
1298 1510 1437 1565 Filio
1475 1511 1719 1570 adorare,
1767 1524 1869 1562 nou
1919 1523 2044 1561 vero
2081 1507 2172 1560 Fi--

605 1607 735 1660 lium
792 1605 1003 1659 adorari
1055 1622 1068 1656 :
1111 1603 1336 1672 ipsemet
1391 1603 1533 1656 enim
1585 1603 1706 1654 ait:
1757 1619 1774 1650 ι
1815 1599 2020 1670 Ego(5)
2054 1614 2172 1652 sunt

602 1698 842 1752 veritas:
877 1715 895 1746 ι
929 1711 992 1750 ac
1023 1711 1090 1748 ne
1118 1696 1198 1748 sic
1232 1694 1448 1763 quidem
1498 1692 1601 1745 ulla
1648 1691 1751 1744 erit
1779 1707 1840 1745 ex
1885 1693 1986 1745 IIOC
2026 1700 2171 1744 textu

2272 506 2428 569 σθαι,
2470 506 2589 575 οὐχὶ
2617 505 2708 558 καὶ
2753 504 2814 557 τὸ
2865 504 3092 575 Πνεῦμα
3131 505 3572 576 προσκυνεῖσθαι·
3599 507 3812 574 ἀναγκαο

2271 599 2559 670 σθήσονται
2603 595 2772 661 λέξαι,
2819 597 2902 649 ὅτι
2952 595 3047 649 καὶ
3090 598 3148 649 ἐν
3175 597 3255 666 τῷ
3287 597 3420 667 Υἰῷ,
3446 598 3564 666 οὐχ).
3607 599 3694 650 καὶ
3735 601 3811 650 τὸν

2270 689 2418 742 Υίόν.
2453 688 2622 751 Αὐτὸς
2663 688 2772 758 γὰρ
2816 687 2939 759 ἔφη·
2980 707 2998 740 t
3034 687 3174 756 Ἑγώ
3202 690 3317 758 εἰμι
3361 691 3392 759 ἡ
3421 689 3636 760 ἀλήθεια
3660 707 3703 740 οι
3734 691 3813 742 καί

2269 783 2367 851 οὐχ
2413 780 2593 844 ἕξουσι
2634 780 2755 832 οὐδὲ
2797 780 2906 834 ἀπὸ
2939 779 3033 832 τοῦ
3075 779 3241 852 ῥητοῦ
3283 780 3436 834 τοῦδε
3485 780 3728 852 διαψοράν
3769 784 3813 833 αἱ

2273 875 2538 944 μακάριαι
2581 872 2910 936 ὑποστάσεις
2959 865 3142 926 αὗται.
3205 873 3432 935 Ἡσαΐας
3472 873 3546 936 δὲ,
3585 875 3816 943 περὶτῆς

2284 963 2608 1034 Ἐκκλησίας
2661 963 2754 1016 καὶ
2809 962 2917 1016 τῶν
2961 965 3018 1017 ἐν
3060 965 3194 1033 αὐτῇ
3246 962 3703 1034 ὲκπαιδευομένων
3731 963 3816 1035 τὴν

2273 1055 2463 1123 σοφίαν
2491 1056 2585 1108 τοῦ
2611 1056 2924 1125 Πνεῦματος
2955 1054 3332 1126 προφητεύων,
3365 1055 3459 1107 ὡδί
3485 1073 3595 1118 πως
3623 1055 3815 1108 ἀπὸτοῦ

2271 1147 2405 1200 Θεοῦ
2432 1147 2719 1216 καταλέγει
2744 1165 2757 1178 ο
2795 1168 2813 1200 ι
2855 1149 2987 1200 ’ἰδοῦ
3041 1147 3150 1216 ἐγὼ
3199 1145 3470 1216 ἐτοιμάζω
3499 1163 3576 1198 σοι
3601 1144 3817 1216 ἄνθρακα

2271 1240 2363 1292 τὸν
2395 1238 2542 1291 λίθον
2573 1256 2690 1303 σου,
2747 1239 2842 1293 κα).
2886 1239 2955 1291 τὰ
2999 1237 3224 1308 θεμέλιά
3259 1254 3351 1288 σου
3389 1235 3707 1305 σάπφειρον·
3737 1235 3815 1286 καὶ

2275 1329 2423 1402 θήσω
2452 1331 2549 1394 τὰς
2585 1331 2845 1395 ἐπάλξεις
2891 1348 2981 1383 σου
3031 1332 3239 1396 ἴασπιν,
3273 1329 3368 1382 καὶ
3396 1328 3495 1390 τάς
3539 1328 3702 1389 πύλας
3739 1344 3814 1378 σου
3863 1344 3866 1350 ’

2273 1424 2452 1487 λίθους
2501 1425 2858 1495 κρυστάλλου,
2909 1426 3002 1476 καὶ
3052 1423 3144 1475 τὸν
3190 1421 3474 1493 περίϐολόν
3522 1437 3610 1472 σου
3664 1418 3816 1481 λίθους

2272 1516 2582 1579 ἐκλεκτοὺς,
2601 1517 2692 1569 καὶ
2711 1516 2918 1578 πάντας
2933 1517 3058 1579 τοῦς
3081 1515 3228 1578 υἱούς
3251 1533 3342 1568 σου
3363 1515 3632 1574 διδακτοῦς
3650 1509 3811 1563 Θεοῦ.»

2273 1600 2528 1668 ἾνΙστινος
2564 1606 2900 1676 προφητείας
2933 1606 2960 1656 ό
2990 1605 3180 1674 Σωτὴρ
3202 1603 3606 1673 ἐμνημόνευσεν
3624 1598 3736 1670 [107
3772 1596 3816 1666 bl

2275 1697 2404 1767 παρ’
2445 1695 2685 1768 Ἰωάννῃ,
2720 1694 2918 1747 εἰπών’
2958 1714 2976 1745 ι
3009 1695 3195 1746 Ἔστιν
3227 1691 3606 1763 γεγραμμένον
3638 1690 3690 1740 ὲν
3725 1688 3818 1749 τοῖς

602 1789 880 1842 beatorum
914 1787 1136 1840 ietarutn
1169 1785 1537 1855 ltypostasium
1583 1782 1964 1850 discrepantia.
2007 1783 2168 1835 Isaias

2277 1787 2582 1856 προφήταις
2602 1803 2616 1816 ·
2654 1785 2761 1837 Καὶ
2794 1784 3002 1838 ἔσονται
3039 1786 3236 1847 πάντες
3260 1783 3498 1836 διδακτοὶ
3527 1779 3704 1832 Θεοῦ.»
3729 1777 3817 1829 Καὶ

603 1892 731 1931 vero
772 1878 836 1930 de
879 1875 1120 1929 Ecclesia
1165 1875 1516 1942 prophetaus,
1554 1886 1608 1926 et
1652 1873 1717 1926 de
1765 1873 1871 1936 Itis,
1898 1873 1986 1937 qui
2030 1873 2174 1926 inea

603 1969 920 2038 sapientiam
955 1966 1194 2037 Spiritus
1233 1960 1514 2032 docentur,
1555 1977 1716 2033 atque
1752 1964 1920 2018 Deum
1950 1965 2175 2033 loquen-

603 2069 710 2115 tem
736 2061 1014 2124 inducens,
1053 2059 1192 2112 hunc
1223 2057 1355 2110 texit
1387 2057 1726 2125 catalogum:
1763 2072 1781 2106 t
1819 2054 1954 2109 Ecce
1974 2070 2074 2124 ego
2097 2053 2173 2126 (6)

605 2165 854 2221 praeparo
890 2150 986 2204 tibi
1017 2148 1404 2203 carbunculum
1434 2147 1663 2217 lapidem
1713 2157 1882 2212 tuum,
1911 2157 1960 2200 et
1987 2146 2175 2199 fututa-

606 2249 783 2294 menta
823 2249 910 2291 tua
943 2237 1286 2307 sapphirum;
1323 2246 1378 2291 et
1407 2251 1602 2305 ponam
1655 2235 2049 2306 propugnacula
2085 2248 2173 2288 tua

606 2331 886 2400 iaspidem,
915 2342 970 2385 et
995 2339 1176 2399 portas
1206 2340 1325 2382 tuas
1353 2327 1556 2396 lapides
1586 2328 1818 2398 crystalli
1853 2327 1948 2397 (7),
1980 2336 2032 2381 et
2065 2328 2175 2381 Vul-

605 2423 714 2476 lum
748 2433 893 2476 tuum
935 2421 1140 2493 lapides
1167 2421 1416 2486 selectos,
1445 2428 1500 2474 et
1531 2435 1723 2474 omnes
1762 2419 1901 2472 lilios
1929 2429 2048 2472 tuos
2079 2419 2176 2471 do-

603 2525 723 2570 ctos
759 2515 849 2568 Dei
874 2514 1016 2585 (8).»
1058 2513 1224 2582 Cujus
1273 2512 1570 2583 prOphetia:
1624 2511 1868 2564 meminit
1923 2508 2174 2564 Salvator

599 2609 742 2676 apud
768 2607 1026 2662 Joannem
1065 2606 1313 2676 inquiens
1348 2623 1361 2659 :
1393 2624 1411 2656 ι
1451 2605 1721 2671 Scriptum
1746 2616 1828 2656 est
1847 2602 1922 2672 (9)
1961 2604 2011 2656 in
2047 2619 2173 2672 pro-

603 2699 777 2769 phetis
807 2719 818 2753 :
856 2699 920 2752 Et
949 2709 1107 2752 erunt
1148 2711 1336 2751 omnes
1364 2699 1505 2750 docti
1554 2695 1668 2748 Dei.
1697 2714 1714 2745 ι
1753 2694 1846 2748 llis
1877 2709 2002 2748 vero
2047 2710 2174 2748 con-

605 2805 857 2846 sentauea
897 2791 1087 2845 scribit
1127 2790 1288 2844 etiam
1317 2789 1515 2844 Paulus
1547 2787 2119 2844 Tltessalonicensibus
2154 2805 2168 2840 :

610 2904 629 2936 ι
661 2886 765 2938 Vos
797 2884 1066 2954 enimUO)
1102 2884 1200 2951 ipsi
1252 2899 1280 2936 a
1322 2883 1429 2936 Deo
1473 2883 1615 2936 docti
1651 2884 1803 2943 estis,
1839 2890 1896 2934 ut
1939 2880 2172 2948 diligatis

602 2993 700 3031 vos
743 2977 1034 3029 inviceth
1068 2977 1239 3030 Ambo
1297 2989 1424 3029 vero
1479 2975 1544 3028 de
1603 2972 1804 3043 Spiritu
1861 2982 2049 3026 sancto
2103 2971 2174 3026 lo-

606 3078 864 3138 qmmtur.
908 3069 988 3120 Ita
1035 3077 1088 3120 et
1139 3067 1191 3120 in
1242 3064 1448 3120 Joanne
1493 3080 1681 3119 rursus
1741 3065 1816 3118 ait
1861 3064 2170 3118 Dominus:

2278 1876 2488 1940 Παῦλος
2513 1877 2569 1929 δὲ
2597 1876 3076 1930 Θεσσαλονικεῦσιν
3105 1875 3372 1929 ἀκόλουθα
3398 1873 3597 1926 τούτων
3620 1869 3815 1942 γράφει*

2285 1969 2485 2021 (Αὐτοὶ
2533 1968 2641 2038 γὰρ
2674 1969 2832 2038 ὑμεῖς
2873 1967 3198 2022 θεοδίδακτοί
3243 1969 3366 2020 ἐστε
3409 1967 3489 2028 είς
3527 1966 3586 2017 τὸ
3627 1961 3818 2030 ἀγαπᾷν

2278 2060 2562 2131 ἀλλήλους.
2593 2078 2611 2110 ι
2663 2060 2988 2131 Ἀμφότεροι
3025 2059 3080 2113 δὲ
3133 2059 3262 2130 περὶ
3308 2058 3402 2110 τοῦ
3436 2056 3588 2125 ἁγίου
3630 2053 3817 2120 λέγουσι

2278 2153 2614 2221 Πνεῦματος,
2646 2151 2722 2214 ὡς
2758 2153 2814 2203 ὲν
2869 2151 3087 2222 Ἰωάννῃ
3132 2146 3289 2212 αὖθις
3312 2152 3341 2202 ό
3363 2146 3632 2214 Δεσπότης
3659 2142 3813 2210 λέγει·

2284 2263 2303 2296 ι
2341 2245 2575 2305 Ἐκεῖνος
2604 2244 2746 2312 ὑμᾶς
2778 2241 2999 2306 διδάξει,
3036 2243 3129 2295 καὶ
3168 2242 3472 2311 ἀναμνήσει
3513 2237 3698 2290 πάντα.
3723 2255 3738 2286 ι
3765 2233 3816 2285 Et

2276 2336 2454 2401 τοίνυν
2482 2339 2529 2389 oi
2567 2337 2672 2388 ὐπὸ
2699 2335 2788 2388 τοῦ
2824 2336 2976 2405 ἁγίου
3005 2333 3325 2402 Πνεῦματος
3355 2330 3732 2400 διδασκόμενοι,
3753 2324 3816 2376 δι-

2275 2429 2462 2484 δακτοὶ
2489 2428 2621 2482 Θεοῦ
2667 2428 2974 2494 ἀκούουσιν,
3004 2428 3057 2481 τί
3085 2429 3231 2480 ἐστιν
3260 2426 3321 2478 τὸ
3359 2426 3511 2493 ἅγιον
3543 2421 3764 2491 Πνεῦμα,
3791 2416 3816 2468 ὁ

2276 2521 2659 2590 ἀναγινώσκων
2705 2520 2908 2584 νοείτω,
2938 2519 3151 2572 ἁκούων
3180 2518 3274 2572 καὶ
3305 2513 3816 2588 ὲτέρου.αῦχοῦντος⁶

2284 2632 2301 2662 t
2341 2613 2400 2664 '0
2430 2611 2560 2675 Θεὸς
2587 2610 2818 2676 ἐδίδαξέν
2852 2628 2917 2682 με
2950 2611 3139 2678 σοφίαν
3159 2627 3207 2661 ἰ
3242 2609 3337 2662 καὶ
3369 2608 3557 2661 πάλιν·
3590 2625 3607 2656 ι
3645 2602 3816 2656 Ἐδίδα-

2279 2702 2366 2763 ξέν
2398 2721 2464 2773 με
2496 2704 2523 2754 ὁ
2565 2702 2695 2766 Θεὸς
2737 2705 2802 2756 ἐκ
2842 2703 3088 2774 νεότητός
3138 2719 3236 2772 μου
3256 2742 3269 2754 .
3292 2720 3311 2754 ι
3362 2700 3636 2771 Κέκληται
3661 2697 3712 2749 δὲ
3740 2692 3817 2747 καὶ

2279 2791 2653 2856 θεόπνευστος,
2682 2793 2774 2845 καὶ
2818 2793 2996 2863 θείαὴ
3031 2791 3241 2862 Γραφὴ,
3269 2791 3346 2854 ὡς
3383 2789 3479 2843 τοῦ
3523 2787 3817 2843 πνεύσαντος

2277 2884 2443 2955 αὐτὴν
2469 2884 2624 2953 ἁγίου
2657 2884 2796 2937 Πνεύ
2807 2901 2973 2954 ματος
2994 2883 3128 2937 Θεοῦ
3152 2883 3516 2945 καθεστῶτος,
3543 2879 3676 2934 κατά
3694 2872 3816 2929 Παῦ-

2276 2973 2365 3028 λον
2399 2975 2677 3046 γράφοντα
2717 2976 2963 3047 Τιμοθέῳ
3012 2976 3071 3028 τὸ
3105 2976 3354 3047 δεύτερον
3377 2994 3392 3006 ·
3430 2994 3448 3025 ι
3479 2976 3629 3027 Πᾶσα
3657 2964 3816 3041 Γραφὴ

2278 3065 2651 3128 θεόπνευστος,
2685 3067 2778 3118 καὶ
2829 3066 3123 3137 ὠφέλιμος.
3152 3085 3169 3118 ι
3199 3067 3310 3119 Καὶ
3337 3063 3494 3129 αὖθις
3530 3065 3586 3117 δὲ
3621 3061 3814 3129 Πέτρος.

607 3181 629 3212 ί
671 3159 905 3230 Ille-(ll)
939 3175 1035 3214 vos
1083 3159 1318 3222 docebit,
1364 3167 1418 3212 et
1465 3157 1516 3211 in
1556 3157 1868 3211 memoriam
1903 3154 2168 3210 revocabit

2275 3155 2568 3227 ἀποφέρων
2591 3155 2651 3207 τὸ
2679 3157 2752 3227 μὴ
2779 3155 2888 3209 δεῖν
2918 3157 3126 3209 οἴεσθαι
3164 3156 3226 3209 τὸ
3253 3157 3409 3224 ἅγιον
3437 3154 3651 3224 Πνεῦμα
3672 3150 3817 3203 τελεῖν

603 3251 807 3305 omnia.
841 3269 859 3302 ι
892 3248 946 3302 Si
978 3265 1106 3316 ergo
1135 3249 1224 3318 qui
1259 3264 1287 3302 a
1333 3247 1537 3317 Spiritu
1589 3259 1778 3302 sancto
1817 3247 1990 3302 edocti
2025 3255 2170 3311 sunt,

605 3342 748 3396 docti
781 3358 810 3394 a
843 3341 955 3394 Deo
997 3341 1253 3395 dicuntur
1290 3357 1303 3393 :
1345 3339 1471 3407 quid
1522 3339 1591 3393 sit
1644 3339 1878 3407 Spiritus
1930 3347 2172 3404 sanctus,

609 3451 629 3484 ι
651 3433 742 3501 qui
779 3431 1062 3504 legit(12),
1102 3431 1386 3500 intelligat,
1421 3449 1439 3481 ι
1475 3445 1596 3484 cum
1627 3431 1808 3484 audiat
1845 3430 2005 3484 etiam
2033 3433 2166 3484 alte-

605 3540 722 3578 rmn
768 3525 1082 3596 gloriantem
1134 3539 1149 3577 :
1191 3541 1209 3575 ι
1252 3521 1520 3590 Deus(l3)
1577 3523 1758 3577 docuit
1813 3537 1898 3576 me
1957 3521 2170 3590 sapien-

607 3617 768 3682 tiam;
807 3635 826 3668 ι
873 3625 927 3670 et
961 3631 1146 3670 rursus
1174 3633 1188 3669 :
1227 3634 1246 3666 ι
1268 3616 1457 3671 Docuit
1483 3614 1501 3672 (
1509 3614 1594 3684 14)
1629 3629 1716 3669 me
1756 3614 1895 3668 Deus
1922 3629 1950 3666 a
1979 3613 2171 3683 juven-

677 3771 753 3841 (2)
796 3770 988 3825 Nostro
1015 3773 1224 3834 spiritu.
1248 3771 1305 3824 In
1336 3772 1471 3827 libro
1500 3775 1662 3828 etiam
1693 3772 1764 3826 De
1790 3771 1933 3837 Spir.
1959 3782 2162 3835 sancto,

600 3859 754 3896 mtm.
783 3842 872 3906 57,
898 3844 1057 3894 verba
1087 3843 1173 3895 illa
1227 3861 1245 3892 ι
1277 3844 1330 3895 In
1380 3844 1570 3910 spiritu
1610 3854 1664 3896 et
1708 3844 1956 3906 veritate,
1993 3863 2011 3893 ι
2075 3848 2154 3894 sic

601 3911 840 3978 exponit,
868 3920 922 3962 ut
950 3914 1014 3962 :ul
1048 3911 1301 3978 Spiritum
1336 3923 1601 3976 sanctum,
1636 3923 1689 3965 et
1721 3913 1784 3962 ad
1821 3911 2012 3965 Filiutn
2051 3928 2157 3964 non

601 3983 822 4052 referat.
860 3980 1008 4052 «Qui
1061 3983 1500 4052 transcendentes
1543 3983 1757 4052 (inquit)
1821 3985 2060 4052 umbras,
2103 3990 2157 4034 et

602 4050 864 4117 imagines
895 4047 1102 4103 Veteris
1142 4048 1471 4104 Testamenti
1500 4047 1878 4105 culto'res'veri
1930 4052 2160 4104 adorant

605 4118 879 4189 Patremt
914 4119 963 4171 in
997 4119 1208 4187 spiritu.
1237 4130 1292 4173 et
1343 4121 1588 4174 veritate.
1634 4119 1693 4173 In
1737 4119 1929 4189 spiritu
1961 4139 1979 4170 ι
2035 4121 2160 4189 quia

601 4188 927 4256 corporalia,
977 4199 1032 4241 et
1081 4190 1296 4243 immitia
1355 4188 1822 4244 transcenderunt.
1882 4208 1900 4239 ι
1931 4190 1984 4242 lu
2013 4188 2153 4242 veri-

604 4268 734 4323 tate,
765 4277 786 4310 ι
818 4259 942 4326 quia
973 4267 1145 4328 typos,
1190 4270 1244 4311 et
1277 4259 1514 4324 umbras,
1543 4269 1596 4314 et
1637 4261 1964 4327 exemplaria
1996 4259 2160 4312 relin-

603 4337 851 4398 quentes,
881 4329 945 4380 ad
969 4328 1135 4397 ipsius
1161 4328 1399 4382 veritatis
1423 4344 1617 4384 venere
1635 4329 2009 4395 substantiam,
2037 4338 2158 4384 et...

604 4401 670 4452 ad
701 4398 1032 4466 spiritualem
1065 4398 1197 4466 legis
1217 4401 1457 4452 notitiam
1490 4409 1871 4466 pervenerunt.
1905 4417 1922 4449 ι

673 4468 750 4538 (5)
791 4465 914 4522 Sine
963 4465 1308 4522 Itwsittitione.
1349 4465 1549 4529 Codex,
1605 4468 1999 4531 ἀνενδύάστως.
2050 4467 2159 4521 Ma-

605 4535 918 4591 lit'forsitan
947 4539 1067 4605 quis
1095 4538 1270 4604 legere
1293 4578 1309 4601 ,
1352 4538 1763 4600 ἀνενδοιάστως·
1811 4549 1864 4592 at
1908 4539 2161 4592 librarius

601 4618 878 4672 segmento
933 4610 1093 4662 etiam
1125 4608 1226 4662 129.
1259 4626 1290 4661 ιι
1327 4611 1564 4678 scripsit,
1603 4608 1984 4671 ἐνδυάσαντας.
2020 4607 2160 4674 Quin

602 4678 740 4731 alius
781 4692 994 4746 quoque
1032 4678 1431 4732 Alexandrinus
1477 4680 1732 4746 scriptor,
1769 4693 1959 4746 nempe
1995 4679 2162 4733 Allia-

602 4749 810 4811 nasius,
844 4749 1132 4802 habetnon
1169 4749 1333 4802 semel
1358 4748 1682 4815 ἐνδυαστῶς,
1734 4750 1785 4803 id
1832 4761 1915 4802 εει
1959 4766 1979 4798 ‹
2007 4748 2162 4803 dubi-

605 4827 794 4870 tanter.
831 4835 849 4866 ι
888 4817 1014 4870 Vide
1054 4828 1227 4871 tamen
1258 4834 1427 4877 segni.
1461 4819 1558 4871 184
1584 4819 1635 4871 b.

670 4887 748 4954 (4)
791 4886 940 4949 Quod
979 4889 1025 4939 si
1053 4888 1299 4940 dixerint.
1332 4889 1388 4941 lu
1425 4890 1604 4943 verbis
1641 4887 1768 4945 illis.
1803 4904 1820 4937 ι
1851 4885 1907 4938 In
1934 4885 2157 4954 spiritu,

602 4965 656 5009 et
693 4957 936 5025 veritate,
963 4974 983 5006 ι
1030 4956 1289 5024 Spiritum
1319 4969 1563 5012 sanctum
1599 4977 1616 5008 ι
1639 4956 1860 5025 spiritus
1891 4974 1908 5005 ι
1944 4956 2162 5010 nomine

603 5024 872 5093 designari
945 5025 1195 5081 volebant
1261 5024 1970 5094 Macedoniani.’Didymus
2040 5039 2164 5078 vero

604 5107 716 5148 tnnt
744 5095 854 5158 hic,
886 5103 996 5148 tum
1025 5111 1193 5164 segm.
1238 5098 1339 5150 1⁸54
1366 5103 1417 5162 b,
1445 5099 1602 5150 aliter
1645 5111 1706 5150 ea
1757 5097 2161 5164 interpretatur.

604 5165 898 5232 Utrobiquc
917 5171 1098 5219 tamen
1126 5169 1400 5220 contendit
1423 5209 1439 5232 ,
1461 5182 1648 5220 eorum
1680 5165 1942 5218 rationem
1971 5165 2165 5218 nullius

601 5249 740 5304 esse,
768 5234 1039 5302 ponderis,
1088 5236 1188 5288 etsi
1236 5236 1434 5290 locutio
1473 5236 1586 5302 illa,
1629 5253 1647 5286 ι
1681 5236 1731 5290 iu
1769 5233 1994 5304 Spiritu,
2022 5253 2051 5304 ν»
2099 5234 2166 5289 ad

603 5303 861 5372 Spiritum
897 5315 1144 5358 sanctum
1176 5308 1464 5360 referatur.
1497 5305 1694 5360 Eodem
1722 5303 1880 5372 plane
1908 5303 2067 5358 modo
2105 5319 2168 5358 se

601 5374 766 5443 gessit
791 5374 1130 5442 postmodqu
1175 5375 1492 5430 Ambrosius
1523 5377 1574 5429 in
1610 5377 1702 5428 lib.
1736 5391 1795 5428 ιιι
1845 5373 1918 5427 De
1953 5373 2167 5443 Spiritu

600 5454 803 5506 san-clo,
833 5457 953 5510 cap.
1003 5443 1088 5507 11,
1128 5461 1276 5497 ιιιιιιι.
1321 5446 1406 5510 70,
1457 5446 1524 5498 72
1577 5455 1631 5499 et
1684 5445 1772 5507 75,
1811 5453 1974 5512 atque
2007 5461 2169 5512 argu-

601 5523 846 5566 mentum
880 5515 1251 5569 haereticorum
1291 5517 1341 5570 itt
1385 5519 1637 5586 ipsosmet
1659 5517 1894 5583 retorsit,
1924 5524 1980 5568 ut
2004 5514 2168 5584 Didy-

602 5597 747 5636 mus.

671 5650 747 5722 (5)
793 5651 927 5722 Ego.
962 5651 1117 5710 Joan.
1150 5669 1262 5720 xw,
1303 5654 1356 5710 6.

672 5700 751 5794 itii)
823 5700 956 5776 Ecce
1009 5741 1121 5791 ego.
1188 5700 1284 5778 lsi.
1366 5741 1473 5790 LIV,
1556 5725 1736 5780 11-15.
1805 5727 2167 5794 Hieronymus

2277 3245 2336 3296 ὲν
2360 3247 2641 3316 κτίσμασι,
2662 3246 2966 3311 καθολικῶς
2991 3249 3050 3300 τὸ
3074 3249 3325 3320 δεύτερον
3349 3248 3549 3320 γράφει
3568 3265 3610 3296 ·‹
3637 3244 3702 3297 Οὐ
3728 3241 3815 3310 γὰρ

2279 3336 2541 3407 θελήματι
2584 3338 2870 3409 ἀνθρώπου
2919 3339 3119 3411 ἠνέχθη
3170 3341 3480 3412 προφητεία
3526 3337 3684 3397 ποτὲ.
3722 3331 3815 3394 ἀλλ’

2279 3429 2383 3481 ὑπὸ
2409 3429 2726 3500 Πνεύματος
2759 3431 2917 3498 ἁγίου
2943 3432 3234 3502 φερόμενοι
3265 3431 3538 3501 ἐλάλησαν
3573 3429 3674 3482 ἀπὸ
3704 3419 3818 3477 Θεοῦ

2274 3521 2419 3591 ἅγιοι
2459 3521 2785 3591 ἄνθρωποι.»
2825 3523 2936 3576 Καὶ
2967 3524 3022 3575 αί
3058 3524 3290 3592 Πράξεις
3315 3523 3377 3575 δὲ
3403 3523 3512 3576 τῶν
3545 3517 3820 3575 ἀποστόλων

2276 3613 2621 3686 περιέχουσιν
2670 3614 2828 3668 τάδε·
2886 3615 3154 3686 «Πέτρος,
3219 3616 3487 3687 πλησθεὶς
3539 3614 3818 3682 Πνεῦματος

2275 3788 2488 3846 Quoque
2521 3787 2640 3845 post
2680 3776 2964 3846 Didymqu
2991 3776 3104 3828 hate
3131 3777 3195 3828 ad
3233 3774 3534 3846 Ecclesium
3555 3770 3743 3846 retulit
3775 3769 3817 3819 iu

2270 3844 2574 3900 Comment.
2616 3850 2681 3900 ad
2719 3844 2860 3901 hunc
2889 3847 3061 3898 locum
3093 3858 3220 3898 tout.
3259 3845 3346 3906 IV,
3374 3863 3498 3915 pag.
3539 3844 3657 3898 65L

2340 3935 2416 3988 l7)
2461 3934 2680 3998 Lapides
2723 3935 2983 4004 crystalli.
3025 3935 3294 4002 Complut.
3343 3936 3518 3987 editio
3569 3949 3661 4001 pro
3705 3945 3816 4004 κρυ-

2261 4004 2485 4057 στάλλου
2541 3997 2711 4060 habet
2755 3997 3626 4073 κρυστάλλους.Ῥιυοηροίιιιίειὶεί
3655 3997 3814 4073 .~v_«-r«-|:

2257 4075 2367 4128 Kal.
2427 4073 2528 4138 τάς
2582 4074 2756 4137 πύλας
2795 4071 2903 4126 σου
2967 4075 3182 4140 λίθους,
3244 4074 3620 4144 κρυστάλλους
3642 4071 3814 4129 λίθους.

2333 4165 2412 4236 (8)
2469 4165 2653 4236 Doctos
2688 4166 2804 4220 Dei.
2851 4163 2907 4236 Id
2934 4175 3033 4230 est,
3073 4167 3262 4236 doctos
3286 4180 3315 4218 a
3342 4163 3481 4222 Deo.

2337 4235 2410 4304 (9)
2453 4235 2721 4300 Scriptum
2748 4245 2845 4289 est.
2871 4235 3028 4304 Joan.
3057 4251 3130 4297 Vl,
3167 4235 3257 4291 45.

2335 4303 2445 4372 (l0)
2496 4305 2592 4358 Vos
2623 4309 2778 4358 enim.
2814 4306 2832 4359 Ι
2867 4303 3061 4358 Thess.
3092 4320 3166 4366 tv,
3197 4307 3248 4358 9.

2337 4371 2446 4446 (ll)
2484 4374 2606 4428 ιιιε.
2659 4374 2815 4430 Joau.
2868 4391 2978 4436 xw,
3027 4375 3117 4427 26.
3172 4374 3315 4430 Citat
3370 4391 3588 4432 sensum
3640 4371 3813 4446 potius.

2192 4433 2238 4488 D
2266 4433 2440 4515 quani
2467 4447 2651 4500 verba.
2697 4447 2849 4499 llunc
2880 4433 3007 4498 vero
3041 4447 3212 4497 locum
3259 4448 3336 4499 sic
3369 4447 3605 4515 explicat
3641 4433 3690 4500 in
3735 4443 3815 4495 lib.

2265 4514 2339 4568 De
2380 4513 2579 4582 Spiritu
2612 4527 2816 4581 sancto,
2858 4531 3010 4568 num.
3054 4515 3114 4566 51
3152 4533 3165 4568 :
3197 4533 3214 4565 ι
3239 4513 3470 4571 Docebit
3521 4517 3689 4570 omnia
3739 4523 3816 4565 eos

2269 4585 2358 4650 qui
2403 4587 2454 4638 in
2510 4585 2612 4638 [ide
2659 4584 2858 4640 Christi
2915 4584 3141 4654 perfecti
3200 4595 3326 4639 sunt
3357 4605 3369 4639 :
3403 4589 3584 4640 omnia
3635 4591 3812 4644 autem,

2267 4653 2353 4706 illa
2383 4670 2504 4723 qua:
2534 4655 2835 4723 spit-itualia
2867 4653 2992 4708 sunt
3021 4664 3076 4708 et
3113 4655 3522 4710 intellectualia.
3553 4675 3572 4708 ι

2335 4747 2449 4816 (12)
2489 4745 2590 4811 Qui
2623 4746 2765 4816 legit.
2787 4745 3033 4816 Locutio
3063 4746 3264 4803 biblica
3293 4763 3361 4801 ex
3407 4748 3572 4804 Marc.
3610 4761 3717 4808 χιιι,
3739 4741 3810 4795 Η.

2333 4815 2448 4885 (l3)
2491 4818 2649 4870 Deus.
2695 4818 2748 4869 In
2786 4815 3008 4884 Vulgata
3065 4818 3423 4872 translatione
3478 4835 3582 4871 non
3626 4821 3814 4885 exstant

2267 4884 2382 4941 haec
2413 4887 2594 4950 verba,
2650 4891 2743 4940 sed
2791 4897 3006 4941 exstant
3043 4888 3094 4941 itt
3129 4887 3339 4943 Grzeca.
3393 4887 3528 4940 Nam
3584 4884 3811 4940 Proverb.

2267 4973 2394 5020 xxx,
2460 4958 2516 5018 5.
2580 4957 2668 5010 ubi
2721 4955 2979 5024 Vulgatus
3033 4957 3132 5011 int.
3195 4959 3380 5020 habet,
3439 4955 3606 5010 «Non
3667 4950 3808 5024 didici

2266 5019 2604 5095 sapientiam,
2636 5045 2653 5076 ›
2690 5019 2874 5080 Graeca
2913 5027 3078 5080 editio
3131 5029 3336 5082 habet:
3367 5019 3502 5091 Θεὸς
3539 5027 3594 5080 δὲ
3632 5019 3812 5082 ἐδίδαξέ

2270 5113 2337 5166 με
2373 5097 2584 5165 σοφίαν,
2613 5097 2665 5150 id
2703 5104 2804 5160 est,
2843 5114 2860 5146 ι
2889 5096 3030 5151 Deus
3074 5108 3253 5152 autem
3302 5098 3486 5152 docuit
3517 5111 3602 5152 me
3625 5095 3814 5162 sapien-

2269 5177 2415 5218 ttaut.
2449 5186 2467 5218 υ

2333 5234 2449 5305 (14)
2489 5233 2696 5305 Docuit.
2738 5233 2877 5288 Psal.
2913 5250 3041 5298 LXX,
3073 5249 3214 5290 vers.
3251 5237 3318 5289 18
3356 5239 3493 5304 (seu
3524 5236 3645 5299 Π).
3669 5231 3809 5305 Coru-

2267 5295 2530 5375 pltiteusis
2565 5306 2767 5359 editio:
2801 5305 2857 5357 '0
2884 5295 3176 5375 Θεόςμου,
3205 5306 3241 5360 ἃ
3273 5295 3518 5370 ἐδίδαξας
3549 5295 3696 5375 με’ὲκ
3717 5295 3813 5350 νεό-

2266 5373 2428 5446 τητός
2461 5391 2583 5444 μου,
2616 5375 2664 5426 id
2693 5384 2793 5438 est,
2844 5374 3033 5446 glieus
3057 5373 3242 5440 meus,
3278 5392 3398 5446 qua:
3431 5373 3653 5446 docuisti
3688 5384 3763 5446 me
3785 5383 3810 5418 a

2262 5440 2545 5514 iuventute
2588 5459 2726 5496 mea.
2755 5463 2774 5495 ι
2843 5444 3100 5514 Didymus
3151 5440 3330 5499 autem
3379 5448 3433 5499 ιιι
3485 5445 3618 5498 libro
3668 5440 3808 5493 etiam

2270 5513 2346 5566 De
2375 5514 2583 5580 Spiritu
2611 5525 2814 5580 sancto,
2843 5513 2991 5567 num.
3021 5515 3109 5576 51,
3140 5515 3314 5568 allinia
3340 5517 3648 5584 scripserat,
3671 5523 3729 5562 ac
3755 5518 3809 5556 ue

2270 5585 2341 5654 ibi
2376 5583 2592 5654 quidem
2635 5584 2765 5654 legit
2791 5584 3032 5654 voculatn
3075 5585 3244 5649 illatn,
3289 5584 3346 5649 ἀ,
3379 5583 3557 5638 idest
3603 5590 3806 5654 tqumd

2271 5651 2562 5726 litec’euim
2614 5651 2711 5726 ιω*
2731 5654 2928 5726 habent
2966 5653 3108 5726 edita
3153 5655 3482 5722 exemplaria
3518 5673 3529 5708 :
3560 5672 3577 5705 ι
3603 5651 3725 5726 Nam
3763 5654 3810 5726 et

2273 5725 2436 5778 l’alct‘
2469 5725 2622 5778 docet
2653 5725 2732 5778 sic
2762 5725 3050 5794 discipulos
3075 5740 3224 5790 suos,
3257 5721 3470 5781 discute
3495 5727 3604 5787 illo,
3645 5721 3726 5790 qui
3751 5721 3806 5767 att
