4082 6406
638 318 744 376 647

1876 314 2126 370 DIDYMI
2155 313 2621 369 ALEXANDDI'NI
3741 320 3826 378 ιιι

571 481 574 484 .
638 438 760 489 dem
795 433 904 486 illi:
943 431 1034 485 sed
1069 430 1320 500 perplexa
1375 427 1484 499 (26)
1515 428 1669 490 adeo,
1701 439 1757 481 et
1804 431 2013 484 ratione
2041 431 2204 484 desti-

2314 431 2519 498 στέρων
2551 430 2645 482 καὶ
2682 429 2808 490 τοὺς
2838 425 3144 496 ὁμόφρονας
3184 426 3314 496 ἡμῖν
3363 425 3746 495 ἀναμνήσοντες,
3769 425 3831 484 ὧν

638 537 754 582 tuta
788 534 871 578 est
899 538 1085 576 eorum
1113 523 1310 585 oratio,
1349 531 1407 574 ut
1433 537 1498 574 ne
1524 535 1588 576 ex
1623 521 1688 573 iis
1717 521 1956 590 quidem,
2001 522 2091 590 qui
2128 521 2208 574 vel

639 612 924 672 minimum
951 613 1438 682 quomodocuuque
1479 611 1788 666 ratiocinari
1837 611 2038 675 Valent,
2071 611 2210 666 ullus

639 709 708 762 sit
739 709 819 762 eis
842 720 1178 760 assensurus.
1237 703 1317 756 Ad
1369 703 1680 756 illustranda
1733 701 1899 765 enim,
1935 717 2000 756 ac
2032 702 2211 756 discu-

640 799 817 852 tienda
851 797 1030 851 divina
1063 793 1303 857 oracula,
1360 794 1411 846 in
1445 795 1640 862 quibus
1679 809 1799 847 cum
1831 794 1898 847 de
1922 793 2032 858 ipsa
2065 793 2210 846 nullo

640 893 800 942 modo
856 887 1246 943 contenmemla
1296 885 1514 949 deitate,
1572 897 1682 938 tum
1735 885 1800 938 de
1856 884 2210 938 rationalibus

637 983 782 1036 illius
819 994 1072 1033 manuum
1127 978 1405 1045 operibus,
1475 990 1664 1044 nempe
1721 976 1788 1029 de
1817 975 1994 1039 nobis,
2029 991 2209 1030 sermo

637 1087 741 1139 est,
763 1072 1158 1142 quadrupedes,
1195 1080 1247 1122 et
1300 1070 1653 1122 inanimatntn
1689 1067 1974 1122 {ediﬁcium
2010 1068 2062 1122 in
2097 1084 2210 1123 me-

637 1169 781 1217 dium
814 1162 1066 1222 aderunt,
1102 1177 1164 1214 ac
1187 1161 1484 1214 tremendis
1516 1158 1812 1228 Scriptum
1839 1160 2093 1224 textibus,
2122 1175 2208 1214 re-

638 1257 843 1322 busque
868 1253 1032 1306 veluti
1065 1252 1315 1317 illudunt,
1374 1260 1430 1305 et
1491 1265 1584 1319 per
1633 1252 1790 1304 rudes
1843 1251 2024 1311 hasce,
2057 1250 2207 1304 intlr-

640 1360 861 1412 tuasque
879 1343 1320 1397 ratiocinationes
1355 1343 1422 1395 ad
1446 1356 1602 1395 suum
1628 1341 1863 1410 ipsorum
1893 1343 2205 1396 barathrum

639 1437 892 1497 invitant,
923 1449 1110 1488 eorum
1149 1434 1323 1488 instar
1351 1433 1440 1500 qui
1498 1449 1658 1503 parva
1695 1433 1928 1502 quadam
1961 1449 2082 1487 esca
2109 1434 2208 1502 pis-

638 1544 728 1581 ces
754 1528 818 1579 ad
851 1528 1068 1580 hamum
1133 1525 1376 1585 trahunt,
1431 1535 1486 1578 et
1540 1525 1780 1593 capiunt.
1817 1523 1923 1578 Nos
1950 1541 2075 1579 vero
2115 1527 2204 1594 qui

637 1620 778 1672 nulla
808 1635 1042 1686 unquam
1078 1619 1363 1672 occasione
1396 1632 1500 1669 non
1531 1617 1949 1680 declaravimus,
1976 1619 2207 1673 maxime

635 1711 793 1764 nobis
820 1720 934 1764 toto
967 1711 1093 1764 vitae
1128 1713 1379 1773 decursu,
1430 1719 1487 1761 ut
1529 1709 1684 1762 nobis
1721 1708 1940 1778 quidem
1973 1711 2202 1776 videtur,

637 1819 780 1857 cura:
803 1802 988 1866 fuisse,
1022 1812 1081 1855 ut
1117 1802 1247 1855 nihil
1273 1814 1474 1855 tenuere
1505 1803 1996 1871 pronuntiaremus,
2025 1812 2118 1854 aut
2138 1817 2203 1856 ex

635 1895 760 1948 odio
791 1895 844 1946 in
907 1886 1251 1962 quempiam,
1301 1893 1503 1960 quiqtte
1558 1891 1858 1945 convicium
1906 1893 2204 1960 quodlibet,

635 1987 846 2040 tametsi
881 2002 983 2038 non
1025 1985 1302 2054 injustum,
1357 1986 1648 2038 vitavimus
1697 1982 1836 2054 (27),
1873 1984 1937 2038 iis
1962 1985 2204 2053 quidem,

635 2079 723 2146 qui
759 2077 1139 2145 prudentiores
1186 2087 1332 2140 sunt,
1371 2076 1576 2144 quique
1626 2074 1905 2130 nobiscum
1940 2074 2204 2138 sentiunt,

633 2185 697 2222 ea
740 2171 790 2222 in
823 2169 1140 2221 memoriam
1170 2183 1425 2222 revocare
1465 2166 1762 2236 pergimus,
1811 2181 1931 2235 qua!
1954 2180 2020 2220 ex
2055 2164 2206 2219 Scri-

633 2261 808 2328 pturis
836 2263 1192 2324 audiverunt;
1230 2260 1447 2313 caeteris
1474 2273 1601 2312 vero
1629 2257 1783 2324 illud,
1815 2256 2205 2328 quantum(28)

636 2355 859 2422 quidem
894 2352 947 2406 in
997 2351 1151 2408 nobis
1205 2363 1310 2416 est,
1373 2351 1727 2420 persuadere,
1759 2359 1814 2402 ut
1841 2349 2000 2402 aliam
2033 2349 2084 2402 in
2113 2363 2206 2418 po-

635 2454 839 2498 sterum
874 2444 942 2497 ab
997 2458 1086 2508 ea,
1136 2457 1298 2510 quam
1339 2455 1480 2495 nunc
1532 2439 1752 2503 habent,
1787 2439 2113 2493 sententiam
2143 2454 2207 2493 ac

633 2536 792 2590 ﬁdem
823 2535 1237 2604 amplectantur.
1277 2533 1378 2598 Qui
1410 2533 1555 2588 enim
1588 2533 1731 2600 digni
1764 2532 1890 2585 facti
1911 2547 2117 2598 sumus,
2150 2542 2209 2586 ut.

632 2629 966 2684 habitantem
999 2627 1051 2680 itt
1079 2626 1233 2681 nobis
1267 2624 1380 2696 (29)
1411 2626 1736 2679 haberemus
1776 2641 1923 2687 eum,
1958 2625 2049 2693 qui
2083 2640 2204 2679 om-

633 2718 964 2788 nia-implet,
993 2716 1374 2772 subsistentem
1433 2715 1690 2786 Spiritum
1742 2714 1870 2779 Dei;
1907 2731 2082 2785 neque
2110 2731 2206 2784 per

633 2813 1062 2882 homonymiatn,
1091 2823 1184 2866 aut
1211 2811 1618 2881 synonymiam,
1667 2825 1841 2880 neque
1884 2826 1980 2879 per
2004 2809 2204 2878 allego-

632 2905 802 2965 riam,
839 2918 1012 2972 neque
1042 2918 1137 2972 per
1173 2903 1540 2971 metaphoram
1573 2901 1831 2969 templum
1878 2903 1995 2969 ejus
2034 2902 2204 2955 nomi-

634 2998 749 3051 nati
775 3011 979 3061 sumus,
1014 2996 1107 3050 sed
1143 2995 1378 3064 proprie,
1443 3004 1498 3047 et
1553 2998 1848 3047 secundum
1893 2993 2200 3047 veritatem.

631 3087 991 3153 Quamobrem
1024 3087 1319 3145 manifesto
1349 3085 1642 3155 Apostolus
1660 3086 1922 3152 Spiritum
1953 3094 2199 3138 sanctum

2310 523 2420 575 ἀπὸ
2455 521 2562 574 τῶν
2602 521 2828 592 Γραφῶν
2883 517 3213 590 ἀκηκόασιν·
3267 517 3393 580 τοὺς
3427 517 3468 569 δ’
3522 519 3694 584 ἄλλους
3733 523 3832 576 πεί-

2311 628 2514 675 σοντες,
2538 610 2614 682 τῷ
2643 628 2707 680 γε
2739 611 2821 680 ἐφ’
2845 613 2996 681 ἡμῖν,
3025 609 3099 680 μὴ
3125 608 3267 662 οὓτω
3291 607 3530 679 γνώμης,
3559 610 3589 681 ἢ
3614 611 3832 678 πίστεως,

2308 704 2384 766 ὡς
2435 702 2678 774 ἔχουσιν,
2721 703 2814 756 τοῦ
2857 702 3048 756 λοιποῦ
3095 701 3261 772 ἔχειν.
3305 703 3369 754 Oi.
3421 700 3524 772 γὰρ
3569 702 3832 774 ἀξιούμενοι

2308 795 2450 866 ἔχειν
2476 796 2761 850 κατοικοῦν
2786 797 2842 848 ὲν
2882 796 3064 859 αὐτοῖς
3097 793 3158 847 τδ
3195 793 3436 864 πληροῦν
3468 793 3532 846 τὰ
3575 794 3733 848 πάντα
3767 798 3836 848 ὲν-

2309 890 2610 942 υπόστατον
2639 888 2862 959 Πνεῦμα
2889 885 2984 940 τοῦ
3013 886 3170 950 Θεοῦ,
3194 885 3316 938 οὔτε
3347 885 3482 938 κατὰ
3503 887 3832 956 ὁμωνυμίανῆ

2310 981 2674 1052 συνωνυμίαν,
2698 979 2819 1033 οὔτε
2843 980 2983 1033 κατά
3011 980 3358 1052 ἁλληγορίαν,
3388 978 3507 1031 οὗτε
3547 980 3677 1033 κατά
3702 997 3837 1049 μετα-

2309 1071 2504 1143 φορὰν,
2554 1071 2680 1134 ναὸς
2728 1071 2892 1124 αὑτοῦ
2943 1069 3328 1140 ὡνομάσμεθα,
3367 1068 3498 1122 ἀλλὰ
3549 1069 3734 1138 κυρίως
3764 1069 3836 1120 καὶ

2308 1163 2450 1216 κατὰ
2487 1162 2763 1233 ἀλήθειαν.
2802 1162 2962 1214 Ὅθεν
3000 1163 3028 1214 ὁ
3075 1160 3415 1224 Ἀπόστολος,
3458 1161 3517 1213 οὐ
3565 1159 3637 1230 τῷ
3677 1161 3728 1211 ὲν
3758 1161 3837 1212 Ἱε-

2311 1253 2628 1326 ροσολύμοις
2657 1252 2770 1324 ναῷ
2815 1253 2910 1307 καὶ
2947 1252 3199 1316 ἐκείνοις.
3247 1246 3328 1314 οἷς
3379 1251 3541 1304 εἰκόνι
3585 1253 3840 1322 ἐχρήσαντο

2306 1344 2591 1417 αἱρετικοὶ,
2626 1344 2764 1398 ἁλλὰ
2799 1342 2909 1414 γὰρ
2958 1345 3189 1406 πιστοῖς,
3233 1342 3368 1395 Θεδν
3413 1342 3593 1412 σαφῶς
3633 1342 3688 1395 τὸ
3714 1343 3839 1410 ἅγιον

2307 1435 2534 1506 Πνεῦμα
2576 1432 2718 1488 εἶναι
2763 1435 3002 1498 δεικνὺς,
3040 1432 3175 1505 ἔφη’
3217 1452 3234 1485 ι
3265 1433 3379 1486 Ούκ
3422 1432 3614 1494 οἴδατε,
3643 1432 3842 1495 arma)»;

2307 1527 2441 1580 Θεοῦ
2476 1528 2618 1590 ἐστε,
2647 1526 2742 1579 καὶ
2774 1525 2835 1579 τὸ
2869 1525 3091 1596 Πνεῦμα
3113 1524 3208 1578 τοῦ
3236 1525 3371 1578 Θεοῦ
3402 1526 3538 1578 οἰκεῖ
3572 1527 3626 1577 ὲν
3655 1527 3796 1594 ὑμῖν;
3822 1543 3838 1574 ι

2307 1617 2419 1671 Kal.
2476 1616 2612 1687 πρὸς
2663 1615 2981 1686 Ἐϐραίους·
3035 1635 3052 1666 ι
3075 1614 3307 1684 Μέτοχοι
3363 1613 3669 1682 Πνεύματος
3714 1613 3843 1679 ἁγίου

2308 1705 2493 1777 ἐσμέν.
2528 1724 2546 1755 ι
2586 1705 2648 1757 Εί
2675 1705 2785 1776 γὰρ
2811 1705 2937 1767 ναὸς
2961 1703 3054 1758 τοῦ
3102 1703 3254 1772 ἁγίου
3299 1702 3630 1772 Πνεύματος,
3669 1701 3753 1770 οὐχ
3783 1700 3842 1762 ὡς

2236 1787 2277 1841 Β
2305 1798 2462 1862 Θεοῦ,
2498 1797 2634 1851 ἁλλὰ
2665 1797 2816 1869 παρά
2847 1796 2908 1849 τὸ
2944 1797 3116 1849 ἐννείν
3157 1794 3251 1848 καὶ
3286 1796 3515 1847 ὲνοικεῖν
3547 1794 3720 1862 ἐσμεν,
3749 1791 3844 1843 οὐδὲ

2308 1890 2402 1943 τοῦ
2431 1888 2567 1942 Θεοῦ
2590 1889 2714 1951 ναὸς
2741 1887 3051 1957 κληθέντες,
3072 1886 3147 1948 ὡς
3172 1884 3308 1938 Θεοῦ
3343 1881 3840 1955 προσηγορεύθημεν.

2307 1980 2416 2034 Kal.
2440 1983 2468 2034 ό
2492 1980 2622 2042 Θεὺς
2652 1979 2710 2033 δὲ
2739 1979 2952 2050 Πατὴρ,
2981 1977 3317 2041 δεσποτικῶς
3347 1979 3495 2048 ἡμᾶς
3529 1975 3844 2046 κεκτημένος.

2305 2073 2447 2125 οἰκεῖ
2467 2072 2526 2123 ὲν
2560 2072 2691 2141 ἡμῖν
2723 2069 2871 2139 (ναὸς
2899 2068 3008 2141 γὰρ
3031 2069 3152 2140 Θεῴ
3186 2069 3332 2140 μόνῳ
3358 2067 3624 2141 ἁρμόζει),
3656 2065 3741 2118 καὶ
3765 2080 3846 2115 πα-

2310 2162 2625 2234 ραπλησίως
2657 2159 2840 2225 αὑτοῦ,
2865 2163 2894 2214 ὅ
2921 2178 2982 2214 τε
3023 2160 3318 2232 μονογενὴς
3349 2159 3514 2213 αὐτοῦ
3554 2156 3690 2221 Υἱὸς,
3726 2155 3778 2208 τό
3800 2169 3847 2206 τε

2305 2256 2364 2310 ἐν
2398 2255 2564 2310 αὑτοῦ
2596 2253 2753 2323 ἅγιον
2786 2254 3032 2324 Πνεῦμα.
3077 2254 3192 2307 Kal.
3237 2253 3296 2306 ὃν
3332 2253 3534 2323 τρόπον
3573 2252 3600 2304 ὁ
3628 2248 3748 2310 Θεδς
3772 2245 3846 2299 καὶ

2307 2350 2516 2420 Πατὴρ,
2563 2347 2666 2402 κᾶν
2717 2345 2791 2417 μὴ
2834 2346 3162 2418 γέγραπται,
3207 2347 3290 2399 ὅτι
3333 2343 3696 2416 ἐξηγορὰσατο
3729 2340 3847 2411 ἡμᾶς

2304 2440 2382 2512 τῷ
2416 2440 2530 2512 ἰδίῳ
2562 2440 2778 2511 αἵματι,
2816 2439 3094 2508 Δεσπότης
3125 2437 3281 2508 ἡμῶν
3314 2439 3464 2490 ἐστιν
3485 2455 3498 2468 ⁸
3538 2434 3674 2489 οὕτω
3699 2432 3781 2486 καὶ
3801 2429 3849 2482 τὸ

2305 2533 2527 2604 Πνεῦμα
2554 2531 2716 2586 αὑτοῦ
2747 2530 2807 2584 τὸ
2839 2530 3010 2599 ἅγιον.
3053 2529 3274 2593 Τούτοις
3304 2529 3415 2601 γὰρ
3436 2531 3545 2592 τοῖς
3575 2526 3702 2600 πρὸς
3723 2538 3849 2594 περι-

2305 2623 2518 2696 γραφὴν
2547 2623 2646 2692 τῆς
2675 2622 2925 2691 θεότητος
2957 2619 3052 2673 τοῦ
3088 2620 3244 2690 ἁγίου
3292 2621 3613 2691 Πνεύματος
3653 2615 3848 2686 λεγομέ-

2304 2734 2415 2780 νοις
2465 2715 2746 2770 ἁκολουθεῖ
2793 2715 2852 2766 τὸ
2898 2715 3294 2786 παραπλησίως
3333 2715 3429 2768 καὶ
3484 2715 3575 2766 ἐπὶ
3621 2710 3708 2766 τοῦ
3737 2705 3847 2761 Θεοῦ

2305 2809 2516 2880 Πατρὸς
2536 2807 2990 2877 ὲκλαμϐἀνεσθαι.
3022 2808 3117 2871 Τίς
3145 2805 3237 2860 οὖν
3266 2807 3331 2860 ἂν
3359 2807 3599 2860 πείθοιτο
3623 2802 3850 2858 δικαιότε-

2307 2919 2398 2973 ρον
2427 2899 2622 2968 Παύλῳ
2659 2900 2752 2952 καὶ
2785 2901 2896 2961 τοῖς
2929 2898 3108 2962 ἄλλοις
3140 2899 3338 2968 ἁγίοις,
3371 2899 3402 2970 ἢ
3438 2896 3741 2965 Μακεδονίῳ
3775 2892 3849 2944 καὶ

2303 2992 2380 3062 τῷ
2409 2990 2660 3053 πλαστῶς
2694 2990 3086 3060 μετανοήσαντι
3121 2989 3353 3060 Ἀρείῳς
3390 2991 3454 3042 Εἰ
3481 2991 3579 3060 μὲν
3609 2989 3710 3057 γάρ
3733 2988 3852 3037 ἐστιν

2304 3085 2488 3148 αὐτοῖς
2521 3083 2625 3136 τῶν
2666 3083 2836 3150 ἁγίων
2879 3081 3058 3150 λόγος,
3115 3082 3233 3145 πῶς
3286 3082 3426 3154 (109
3471 3083 3534 3154 a]
3567 3081 3742 3134 ἔλαθον
3779 3077 3850 3128 τά·

633 3181 800 3235 Deum
827 3195 947 3234 esse
972 3181 1282 3244 ostendens,
1319 3194 1424 3232 non
1463 3177 1660 3246 templo
1685 3175 2198 3246 llierosolymitano,

2303 3175 2490 3240 ξαντες
2554 3176 2779 3238 ἑαυτοὺς
2838 3177 2896 3228 ἐν
2959 3178 3072 3237 τοῖς
3129 3176 3635 3248 ἀντιταττομένοις,
3681 3174 3763 3226 καὶ
3804 3170 3850 3222 ού

636 3273 773 3328 iisve
809 3274 990 3335 rebus,
1026 3273 1221 3342 quibus
1252 3281 1310 3323 ut
1345 3270 1606 3339 exemplis
1653 3271 1733 3324 usi
1770 3281 1896 3322 sunt
1934 3269 2197 3333 haeretici,

631 3370 726 3421 sed
778 3366 1023 3420 ﬁdelibus
1073 3367 1193 3420 ait:
1227 3382 1245 3416 ι
1279 3363 1517 3419 Nescitis
1583 3362 1722 3433 (50),
1773 3364 1913 3432 quod
1946 3363 2199 3432 templum

633 3459 729 3513 Dei
756 3458 908 3522 estis,
942 3468 997 3510 et
1025 3457 1258 3527 Spiritus
1287 3457 1378 3510 Dei
1415 3455 1623 3510 habitat
1653 3456 1706 3509 iu
1752 3454 1944 3509 vobis?
1981 3473 1998 3506 ι
2038 3455 2101 3508 Et
2135 3454 2200 3508 ad

634 3549 892 3604 llcbrmos
919 3567 932 3602 :
969 3568 987 3600 ι
1021 3548 1320 3618 Participes
1344 3548 1458 3620 (51)
1485 3549 1721 3617 Spiritus
1747 3549 1918 3602 sancti
1957 3563 2195 3602 sumus.»

635 3639 691 3690 Si
727 3640 872 3692 enim
913 3639 1039 3700 ναός
1067 3638 1140 3708 (id
1175 3648 1258 3693 est
1302 3636 1578 3707 templum)
1635 3637 1869 3706 Spiritus
1909 3640 2079 3692 sancti
2117 3654 2203 3692 su-

635 3745 758 3785 mus
786 3747 890 3784 non
921 3741 974 3782 nt
1015 3730 1128 3794 Dei,
1157 3731 1250 3785 sed
1277 3730 1684 3784 inhabitationis
1714 3746 1874 3784 causa
1922 3733 2199 3796 duntaxat,

631 3823 796 3876 ducto
847 3821 1010 3892 236
1065 3823 1274 3876 scilicet
1332 3824 1551 3877 nomine
1591 3823 1741 3887 ναός,
1785 3825 1926 3891 quod
1956 3835 2042 3877 est
2071 3836 2204 3877 tem-

633 3911 801 3979 plum,
837 3929 865 3964 a
902 3913 1064 3964 vet-bo
1090 3913 1281 3975 ὲννεῖν,
1316 3927 1506 3980 nempe
1559 3913 1806 3976 ἐνοικεῖν,
1838 3913 1978 3982 quod
2012 3921 2092 3966 est
2122 3913 2206 3966 in-

633 4003 842 4057 cidere:
871 4004 1136 4071 sequitur,
1167 4014 1224 4057 ut
1257 4017 1325 4057 ne
1364 4014 1491 4058 tunc
1525 4005 1741 4072 quidem
1791 4021 1912 4059 cum
1951 4007 2040 4060 Dei
2071 4017 2206 4060 tem-

637 4093 779 4161 plum
817 4093 988 4145 vocati
1044 4091 1268 4154 fuimus,
1319 4093 1573 4162 templum
1613 4094 1704 4150 Dei
1753 4107 1808 4149 ut
1847 4095 1938 4153 Dei
1967 4097 2206 4150 denomi-

634 4185 744 4238 nati
797 4186 986 4239 simus.
1017 4186 1086 4237 At
1118 4200 1245 4237 vero
1269 4194 1319 4238 et
1354 4185 1494 4239 Deus
1537 4186 1714 4254 Pater,
1747 4189 1834 4256 qui
1867 4205 1964 4242 nos
1994 4198 2052 4242 ut
2096 4190 2202 4244 Do-

633 4276 808 4330 minus
841 4275 1100 4344 possidet,
1131 4277 1336 4329 habitat
1361 4276 1412 4328 iu
1441 4278 1594 4332 nobis
1619 4278 1764 4349 (nam
1792 4279 1890 4332 soli
1927 4279 2037 4335 Deo
2066 4291 2205 4334 tem-

631 4368 777 4436 plum
809 4370 1106 4434 convenit),
1135 4376 1208 4428 et.
1235 4368 1484 4422 similiter
1513 4385 1577 4424 ac
1623 4372 1758 4440 ipse,
1795 4386 1915 4425 cum
1959 4373 2203 4443 unigeni-

635 4472 722 4514 tus
755 4461 923 4530 ipsius
957 4459 1148 4522 Filius,
1204 4471 1314 4510 tttttt
1355 4475 1493 4513 unus
1524 4459 1642 4528 ejus
1697 4461 1932 4529 Spiritus
1957 4473 2198 4518 sanctus.

633 4553 1177 4621 thnemadmodntn
1235 4551 1377 4606 Deus
1418 4561 1471 4605 et
1519 4551 1704 4613 Pater.
1767 4556 2013 4622 quamvis
2042 4558 2106 4609 de
2135 4571 2201 4612 eo

629 4640 894 4707 scriptum
927 4655 1032 4692 non
1066 4639 1157 4699 sit,
1182 4638 1325 4708 quod
1363 4654 1462 4692 nos
1497 4642 1714 4707 proprio
1763 4641 2023 4710 sanguine
2055 4643 2205 4697 rede-

634 4728 819 4787 merit,
847 4728 1104 4780 Dominus
1135 4740 1319 4782 noster
1341 4736 1454 4782 est:
1495 4731 1564 4782 ita
1617 4731 1781 4783 etiam
1840 4742 2059 4786 sanctus
2089 4733 2205 4800 eius

629 4819 891 4889 Spiritus.
923 4818 1047 4871 Ιιωε
1072 4821 1243 4884 enim,
1272 4836 1392 4889 qua:
1421 4823 1486 4873 ad
1517 4823 1924 4877 describendam
1972 4825 2206 4895 Spiritus

629 4996 762 5056 ‹·ιῖο,
811 5003 868 5048 ut
909 4995 1216 5049 intirmetur
1259 4997 1402 5064 quod
1442 4997 1702 5050 catholica
1748 4998 1903 5051 docet
1945 4999 2203 5062 Ecclesia,

633 5083 735 5120 non
784 5069 938 5118 modo
982 5064 1172 5118 Filium
1215 5081 1336 5119 che
1382 5079 1624 5120 nostrum
1667 5069 2011 5128 tDoutinuut,
2045 5088 2061 5119 ι
2111 5074 2202 5122 sed

627 5149 685 5190 et
739 5134 998 5203 Spiriunn
1052 5146 1297 5190 sanctum
1333 5152 1349 5190 :
1381 5148 1441 5190 ut
1485 5138 1677 5207 colligo
1708 5153 1773 5192 ex
1815 5141 2004 5206 capitis
2049 5141 2206 5207 hujus

628 5215 972 5278 argumento,
1007 5216 1055 5278 et
1093 5220 1158 5258 ex
1187 5207 1278 5278 iis,
1308 5222 1435 5278 qua:
1473 5207 1830 5272 subjiciuntur
1857 5225 1974 5278 pag.
2003 5223 2118 5278 seq.

699 5274 811 5345 (26)
865 5274 1155 5348 Perplexa.
1185 5277 1238 5348 in
1268 5274 1508 5348 Graeco,
1547 5278 1764 5348 ἀπόρως
1811 5274 1905 5331 καὶ
1928 5274 2168 5347 Ῠὰλόγως
2190 5295 2203 5309 ·

624 5349 771 5416 quod
806 5357 1074 5414 sumptum
1111 5347 1277 5416 videri
1318 5358 1504 5416 queat,
1555 5347 1854 5401 autlucem
1897 5360 2045 5402 certe
2090 5365 2207 5402 mtt-

625 5415 813 5486 .t’uatur
835 5433 897 5468 ex
926 5416 1158 5486 Polluce,
1182 5415 1282 5486 qui
1314 5415 1408 5486 lib.
1447 5433 1519 5475 vt.
1558 5434 1674 5484 cap.
1708 5418 1775 5472 54
1807 5419 1858 5472 in
1902 5434 2023 5471 eum
2045 5461 2059 5481 ,
2110 5419 2200 5486 qui

627 5485 783 5553 ὀλίγα
835 5487 926 5558 ὑπί
975 5484 1259 5558 ἀσθενείας
1313 5485 1492 5553 λέγει,
1547 5489 1596 5541 id
1642 5498 1743 5550 est,
1770 5489 1857 5553 qui
1904 5484 2202 5558 perspicuis

633 5556 924 5610 adversarii
985 5557 1286 5608 rationibus
1345 5560 1655 5624 convictus,
1713 5575 1881 5626 pauca
1939 5556 2200 5612 duntaXat

630 5626 898 5699 balbutire
931 5625 1091 5699 valet,
1122 5626 1390 5699 quadrare
1415 5629 1489 5699 ait
1512 5628 1623 5680 harc
1653 5647 1666 5681 :
1699 5625 1958 5699 Ἂπορος,
1991 5630 2203 5697 ἄλογος,

630 5695 844 5780 ᾅφωνος
867 5734 882 5750 .
915 5733 931 5749 .
961 5737 974 5750 .
1008 5695 1106 5780 καὶζ
1156 5693 1219 5748 τὰ
1271 5696 1645 5780 ἔπιρρῄματα,
1694 5693 1930 5778 ἀπόρως,
1975 5693 2207 5768 ἀλόγως,

631 5765 885 5835 ἀφώνως,
919 5783 972 5820 κ.
1004 5783 1054 5820 τ.
1087 5765 1138 5819 λ.
1189 5781 1307 5834 quae
1347 5765 1506 5821 verba
1549 5768 1628 5822 sic
1683 5765 1842 5823 vertit
1898 5765 2161 5838 ittterpres
2193 5786 2206 5822 :

2301 3267 2470 3320 ταυτά
2509 3267 2738 3330 ἐκείνοις
2760 3264 2938 3334 λέγειν
2969 3266 3063 3320 καὶ
3082 3269 3300 3340 φρονεῖν
3328 3268 3604 3335 ageam;
3631 3267 3689 3319 Ei
3711 3264 3760 3316 δὲ
3782 3261 3852 3314 ἅλ-

2301 3357 2406 3421 λως
2439 3359 2536 3429 μὲν
2570 3360 2818 3425 ἐκείνοις,
2855 3361 3029 3426 ἄλλως
3061 3362 3118 3416 δὲ
3151 3363 3364 3426 τούτοις
3397 3363 3547 3416 δοκεί
3581 3359 3748 3430 (τοῦτο
3767 3356 3854 3424 γὰρ

2299 3450 2700 3521 ἀναμφίλεκτον
2726 3455 2819 3522 ἀφ’
2858 3447 2933 3508 ὧν
2975 3455 3264 3508 δέδεικται.
3312 3457 3390 3509 Οὐ
3424 3455 3535 3526 γὰρ
3568 3454 3754 3522 τοίχοις
3781 3448 3855 3501 καὶ

2304 3541 2613 3613 θρέμμασιν
2648 3547 3130 3618 καταφρονητικῶς
3171 3547 3265 3600 καὶ
3307 3545 3698 3618 χλευαστικῶς.
3731 3543 3797 3602 ὡς
3819 3541 3857 3590 οἱ

2302 3635 2557 3706 ὑϐρισταὶ
2585 3632 2752 3703 οὗτοι,
2784 3639 3246 3710 παραϐάλλοντες,
3281 3640 3313 3709 ἢ
3344 3639 3408 3692 ἓν
3438 3640 3533 3692 καὶ
3557 3636 3742 3690 ταυτὸν
3761 3633 3856 3684 τοῖ-

2300 3743 2414 3790 τοις
2442 3722 2580 3782 εἶναι
2625 3729 3011 3799 δοκιμάζοντες
3051 3731 3141 3783 τὸν
3185 3731 3409 3800 λογικὸν
3450 3731 3598 3794 ναὸν,
3643 3730 3728 3781 τὸν
3758 3721 3855 3777 κατ’

2302 3822 2484 3876 εἰκόνα
2514 3822 2605 3875 τοῦ
2637 3821 2796 3885 Θεοῦ,
2849 3822 2912 3874 τὸ
2945 3822 3104 3894 ἔργον
3155 3823 3264 3876 τῶν
3317 3823 3527 3895 χειρῶν
3576 3819 3751 3877 αὑτοῦ,
3782 3814 3857 3868 καὶ

2301 3911 2410 3967 τῶν
2439 3913 2529 3965 ἐπὶ
2562 3911 2665 3982 γῆς
2693 3913 2754 3965 τὸ
2779 3913 3083 3976 κάλλιστον,
3117 3914 3352 3986 ἔχρησαν
3384 3916 3456 3969 τὰ
3488 3913 3768 3985 ἐκκείμενα
3788 3907 3856 3960 λό-

2302 4002 2438 4072 για),
2477 4003 2538 4055 οὺ
2591 4004 2932 4076 Χριστιανῶν
2988 4006 3106 4076 μὲν.
3156 4007 3276 4060 οὐδὲ
3327 4006 3509 4070 ἄλλως
3558 4004 3724 4073 σοφῶν
3765 4003 3856 4052 ἐστι

2301 4096 2486 4149 τοῦτο⁶
2517 4095 2638 4150 οὐδὲ
2679 4095 2966 4168 ἀληθεύειν
3013 4098 3238 4152 τοιαῦτα
3288 4099 3496 4162 αὐτοὺς
3543 4098 3856 4152 διδάσκοντας

2304 4187 2369 4240 ἄν
2400 4205 2482 4250 τις
2512 4188 2611 4260 τὴν
2657 4189 2830 4259 ἀρχὴν
2860 4189 3089 4260 νομίσοι.
3145 4189 3329 4254 Οῦτως
3381 4191 3441 4244 δὲ
3496 4191 3636 4260 ἔχειν
3667 4185 3857 4255 γνώμης

2303 4277 2500 4341 αὐτοὺς
2536 4278 2611 4341 ὼς
2639 4279 2854 4349 ἀληθῶς
2891 4279 3100 4350 μαθὼν,
3144 4281 3262 4343 πῶς
3291 4281 3397 4335 οὐκ
3439 4283 3683 4353 οἰήσεται
3725 4272 3856 4328 πλέον

2305 4371 2622 4439 σωφρονεῖν,
2653 4368 2718 4422 ἂν
2754 4369 2822 4422 τὰ
2858 4371 2956 4440 μὲν
2988 4370 3277 4440 αἱρετικῶν
3321 4370 3530 4442 φεύγῃ,
3562 4369 3784 4423 πείθοιτο
3811 4361 3855 4412 δὲ

2303 4455 2384 4523 οἷς
2415 4460 2595 4530 πολλῷ
2633 4461 2875 4532 ἄμεινον,
2911 4464 3053 4534 φημὶ
3096 4465 3206 4526 τοῖς
3243 4463 3447 4532 ἁγίοις,
3483 4465 3540 4537 ἢ,
3573 4464 3632 4516 τό
3657 4479 3714 4531 γε
3749 4456 3860 4523 ἀλη.

2233 4523 2276 4577 D
2307 4523 2580 4624 θέστερον,
2612 4523 2725 4616 τοῖς
2749 4523 3044 4607 αὐτοῦτοῦ
3080 4523 3248 4620 Θεοῦ;
3284 4523 3363 4610 δύ
3406 4523 3618 4628 γὰρ’ἄν
3655 4523 3749 4615 τις,
3779 4548 3858 4603 κᾶν

2307 4645 2538 4715 Γραφῶν
2566 4647 2832 4710 παντοίως
2862 4645 3088 4717 ἄπειρος
3113 4642 3169 4720 ᾗ.
3196 4647 3304 4701 ἀπὸ
3337 4652 3440 4720 τῆς
3470 4649 3649 4702 αὐτῶν
3667 4645 3858 4715 γνώμης

2311 4734 2468 4803 μόνον
2513 4734 2682 4787 ταῦτα
2719 4735 3000 4806 εἰρηκέναι
3052 4737 3178 4798 τοὺς
3229 4738 3492 4807 ἀρίστους
3542 4738 3740 4797 πάντας
3785 4730 3859 4781 καὶ

2309 4825 2552 4890 κλεινοὺς
2582 4826 2823 4890 ἐκείνους
2859 4826 3058 4899 ἄνδρας
3089 4830 3330 4899 φήσειεν,
3370 4831 3489 4883 ἀλλ’
3515 4831 3633 4901 οὐχὶ
3671 4827 3749 4879 διὰ
3781 4823 3858 4890 τῆς

2316 5019 2334 5074 ι
2370 5000 2672 5074 perplexius,
2698 5017 2949 5059 sermone
2974 5018 3195 5074 carens,
3225 5014 3479 5060 mutus...
3517 5014 3673 5074 atque
3699 5000 3841 5054 adver

2311 5071 2413 5127 bta.
2441 5072 2758 5138 perplexim,
2785 5083 2948 5136 mute,
2972 5073 3225 5137 infanter,
3252 5094 3272 5126 ι
3297 5088 3406 5131 etc.

2383 5141 2495 5208 (9.7)
2561 5140 2872 5212 Vitovimus.
2943 5143 3123 5196 Codex
3180 5148 3472 5209 mendose,
3525 5143 3857 5212 πεφεύγομεν.

2309 5210 2449 5285 Lego
2483 5209 2869 5285 Δπεφεύγαμεν.
2919 5213 3092 5285 Quin
3125 5215 3290 5269 etiam
3336 5231 3440 5285 pro
3497 5209 3726 5269 καὶποῦ
3775 5210 3856 5267 ὅτι,

2309 5281 2589 5348 legendqu
2617 5281 2826 5336 videtur
2878 5283 2971 5334 καὶ
2998 5282 3058 5334 τὸ
3078 5283 3181 5339 ὅτι.

2340 5350 2495 5470 dig?)
2539 5348 2802 5414 Quantum
2869 5363 2972 5406 etc.
3015 5353 3120 5408 Pro
3173 5353 3250 5424 τῷ
3289 5371 3353 5422 γε
3432 5357 3719 5426 tegendum
3746 5348 3861 5403 [om

2307 5437 2366 5471 το
2395 5437 2478 5473 ΥΞ.

2516 5489 2785 5597 ζῃ-ηρὺὲδ.
2813 5491 3012 5556 Codex,
3043 5492 3103 5545 ὲν
3127 5494 3513 5566 αὐτοῖςιῐδθεε
3574 5497 3632 5549 ὲν
3657 5488 3858 5548 ἑαυτοῖς,

2307 5572 2396 5612 aut
2425 5564 2482 5610 ἐν
2516 5564 2716 5623 αὐτοῖς.

2384 5631 2493 5699 ('50)
2538 5631 2782 5684 Nescitis.
2816 5631 2833 5685 Ι
2875 5631 2999 5685 Cor.
3035 5634 3230 5694 ttt,16.

2383 5701 2496 5769 (51)
2541 5699 2854 5769 l’articipes.
2885 5702 3046 5754 Ilebr.
3085 5719 3157 5767 Vl,
3189 5705 3242 5756 4.
3277 5704 3469 5761 Graeca
3499 5706 3666 5761 Biblia
3693 5721 3706 5756 :
3735 5699 3858 5754 Μιτ·

2311 5771 2468 5842 όχους
2496 5770 2816 5839 γενηθέντας
2851 5770 3164 5841 Πνεύματος
3191 5774 3370 5842 ἁγίου.
