4082 6406
648 346 746 402 651

1901 343 2137 401 ιιιοιιιι
2168 343 2636 401 ALEXANDRINI
3715 357 3803 416 σεε

646 462 801 518 hicce
849 474 912 516 ac
978 459 1191 517 divinus
1249 460 1458 516 amatus
1501 462 1808 529 exsisteret,
1874 459 2188 524 declaravit,
2257 459 2558 531 inquiens:
2618 479 2635 512 ‹
2689 459 2920 531 Spiritus
2966 459 3079 534 (4|)
3128 459 3336 517 Domini
3394 463 3588 520 locutus
3640 477 3714 524 est
3767 473 3811 526 in

642 567 733 608 me
767 552 900 624 (42),
933 559 988 607 et
1011 566 1189 607 sermo
1210 552 1325 621 ejus
1359 554 1409 606 in
1447 553 1627 623 lingua
1657 569 1795 610 mea.
1827 572 1850 607 ι

1140 646 1303 716 233
1352 645 1577 702 CAPUT
1625 646 1715 702 XI.

649 735 802 802 Quod
823 737 876 789 in
896 735 1169 788 cherubico
1205 736 1387 789 throno
1410 737 1554 789 sedet
1596 734 1820 802 Spiritus
1869 746 2097 797 sanctus,
2149 744 2196 788 et

715 811 952 860 virtutem
991 806 1200 857 emittit.
1240 804 1304 856 Et
1326 805 1462 872 quod
1495 805 1750 869 Spiritum
1790 817 2025 859 sanctum
2055 805 2200 858 Pau-

715 877 796 928 lus
827 891 1075 944 cumesse
1102 877 1261 944 nouit,
1292 877 1378 944 qui
1415 876 1478 927 ab
1515 875 1658 928 Isaia
1689 877 1825 929 visus
1861 875 1980 942 fuit,
2017 875 2198 928 Domi-

713 962 835 999 num
857 943 1106 998 Sabaoth.
1139 943 1204 995 Et
1226 943 1405 997 contra
1427 944 1854 1013 Macedonianam
1886 946 2196 1013 opinionem.

713 1016 780 1068 Et
813 1014 949 1084 quod
965 1016 1019 1084 in
1051 1015 1198 1084 nobis
1229 1014 1424 1065 habitat
1457 1012 1686 1077 Spiritus
1704 1012 1934 1067 sanctus.
1964 1013 2028 1066 Et
2055 1013 2194 1083 quod

713 1082 916 1138 divinas
952 1082 1252 1151 Scripturas
1280 1084 1456 1136 dolose
1479 1085 1758 1149 depravant
1785 1085 2034 1137 haeretici.

708 1246 824 1301 Jam
854 1259 980 1300 vero
1004 1243 1142 1314 apud
1175 1259 1320 1310 cum,
1355 1258 1514 1311 quem
1576 1241 2012 1307 commemoravi,
2039 1255 2198 1296 accu-

641 1339 992 1401 ratissimum,
1023 1351 1086 1390 ac
1116 1337 1318 1401 omnia,
1349 1350 1472 1404 quae
1503 1334 1805 1388 necessaria
1830 1333 1958 1398 sint,
1985 1333 2198 1402 copiose

642 1439 959 1485 tractantem
1009 1427 1299 1491 melodum,
1361 1427 1410 1480 in
1446 1426 1653 1496 psalmo
1691 1441 1802 1489 crx,
1833 1425 1923 1494 qui
1958 1436 2098 1480 totus
2129 1440 2194 1478 ex

640 1535 864 1592 persona
893 1519 1068 1572 Patris
1098 1519 1164 1572 ad
1191 1517 1382 1571 Filium
1407 1518 1582 1571 dictus
1610 1526 1712 1581 est,
1767 1525 1876 1571 tum
1922 1531 2072 1582 aeque
2099 1517 2197 1569 ho-

639 1614 874 1670 noranda
909 1621 1093 1667 sancta
1123 1611 1380 1675 Trinitas,
1411 1620 1517 1664 tum
1542 1607 1799 1679 Spiritus,
1829 1609 1916 1677 qui
1942 1607 2197 1662 Dominus

637 1708 709 1762 sit
735 1705 987 1760 emittens
1012 1704 1287 1767 virtutem,
1321 1713 1483 1770 atque
1509 1717 1611 1756 una
1637 1715 1758 1756 cum
1802 1701 1960 1754 Patre
1983 1709 2037 1754 et
2061 1699 2196 1753 Filio

637 1797 939 1860 considens,
983 1793 1265 1848 manifeste
1308 1794 1484 1861 potius
1545 1807 1704 1861 quam
1739 1791 2072 1860 :enigmatice
2094 1808 2193 1845 an-

636 1887 936 1940 nuntiatur.
967 1883 1036 1939 Ut
1071 1893 1248 1937 autem
1297 1882 1351 1936 in
1406 1892 1657 1951 promptu
1687 1881 1756 1936 sit
1785 1881 2191 1944 demonstratio,

2944 642 3099 694 ΚΕΦ.
3141 643 3243 698 ῙΑ’.

2303 733 2428 786 Ὀτι
2477 733 2574 786 ἐπὶ
2625 732 2730 785 τοῦ
2784 732 3130 802 χερουόικοῦ
3188 731 3401 800 θρόνου
3445 732 3714 794 καθέζεται
3761 737 3816 790 τὸ

2369 803 2539 872 ἅγιον
2569 802 2826 871 Πνεῦμα,
2860 802 2956 856 καὶ
2989 802 3242 872 δύναμαι·
3277 802 3702 867 ἐξαποστέλλει.
3727 807 3819 858 Kal

2369 868 2454 925 ὅτι
2482 877 2514 926 ὁ
2537 868 2773 937 Παῦλος
2801 872 2943 926 αὐτὸ
2979 868 3149 926 οἶδεν
3180 869 3330 926 εἶναι
3358 873 3460 925 τὸν
3493 873 3725 941 ὀφθέντα
3752 872 3820 940 τῷ

2378 943 2589 1010 Ἡσαΐᾳ
2631 943 2844 1009 Κύριον
2892 943 3150 996 Σαϐαὼθ.
3198 943 3305 996 Καὶ
3342 941 3485 995 κατά
3532 943 3630 995 τοῦ
3658 948 3819 997 Μακε-

2367 1012 2645 1065 δονίανοῦ
2687 1011 3079 1080 φρονήματος.
3131 1013 3238 1066 Kal
3283 1011 3369 1065 ὅτι
3411 1013 3479 1064 ἐν
3517 1013 3650 1081 ἡμῖν
3677 1015 3816 1066 οἰκεῖ.

2366 1083 2476 1136 Καὶ
2537 1082 2624 1136 ὅτι
2673 1081 3137 1151 ῥᾳδιουργοῦσιν
3195 1081 3466 1150 αιρπικοὶ
3529 1085 3625 1147 τὰς
3683 1084 3820 1149 θείας

2367 1151 2628 1220 Γραφάς.

2365 1245 2523 1316 Παρὰ
2555 1243 2631 1314 τῷ
2666 1242 3090 1314 μνημονευθέντι
3131 1244 3309 1297 τοίνυν
3349 1243 3711 1316 ἀκριϐεστάτῳ
3743 1261 3823 1314 με·

2296 1333 2467 1405 λῳδῷ,
2501 1334 2578 1404 τῷ
2600 1336 2734 1387 πᾶσι
2755 1338 2866 1398 τοῖς
2895 1336 3210 1403 ἀναγκαίοις
3238 1336 3665 1406 ὲμπλεονάζοντι,
3687 1339 3736 1388 ὲν
3758 1336 3822 1406 ρθ’

2295 1424 2510 1495 ψαλμῷ,
2542 1426 2688 1488 ὅστις
2721 1425 2838 1487 ὅλος
2890 1425 2954 1476 ὲκ
3004 1425 3295 1495 προσώπου
3333 1426 3426 1479 τοῦ
3480 1426 3678 1497 Πατρὸς
3714 1425 3828 1495 πρὸς

2295 1519 2384 1570 τὸν
2411 1516 2536 1570 Υἱόν
2565 1517 2776 1588 ἐλέχθη,
2812 1517 3050 1587 ἰσότιμος
3087 1519 3119 1588 ἡ
3151 1517 3278 1586 ἁγία
3313 1519 3503 1589 Τριὰς.
3536 1518 3622 1570 καὶ
3655 1516 3826 1586 Κύριος

2296 1609 2358 1663 τί)
2399 1608 2619 1679 Πνεῦμα
2663 1609 3064 1674 ὲξαποστέλλων
3115 1609 3362 1679 δύναμιν,
3398 1609 3491 1661 καὶ
3538 1605 3828 1676 συγκαθεζό-

2299 1719 2454 1772 μενος
2480 1701 2557 1771 τῷ
2590 1702 2764 1772 Πατρὶ⁸
2797 1702 2890 1756 καὶ
2917 1702 2992 1771 τῷ
3031 1700 3143 1771 Υἱῴ
3183 1700 3440 1770 ἐμφανῶς
3471 1700 3680 1771 μᾶλλον,
3705 1699 3827 1766 ἥπερ

2296 1792 2702 1862 αἰνιγματωδῶς
2726 1793 3146 1862 ἀπαγγέλλεται.
3181 1793 3399 1856 Ἕδῡξεν
3425 1792 3482 1845 δέ
3513 1809 3600 1861 μοι
3623 1793 3692 1854 εἰς
3717 1789 3831 1842 ετοί-

2299 1899 2404 1953 μην
2442 1882 2709 1948 ἀπόδειξιν
2745 1885 2918 1936 πάντα
2962 1883 3155 1954 ἐφεξῆς
3201 1884 3559 1954 παραγράψαι
3595 1883 3677 1936 τὸν
3711 1881 3828 1952 ἱερὸν

636 1979 811 2033 visum
840 1986 923 2032 est
967 1975 1098 2030 mihi
1145 1984 1310 2029 totum
1358 1988 1425 2028 ex
1459 1973 1649 2026 ordine
1672 1972 1946 2026 ascribere
1970 1971 2080 2043 (45)
2114 1987 2187 2026 sa-

2295 1976 2503 2028 τουτονὶ
2533 1974 2705 2043 λόγον,
2729 1976 2889 2045 μηδὲν
2925 1977 3086 2029 αὐτοῦ
3121 1977 3501 2046 παραλιπόντι.
3525 1978 3671 2046 Ἔχει
3694 1974 3830 2027 δὲοῦ-

636 2086 785 2126 crum
823 2071 925 2125 hoc
978 2068 1274 2133 oraculum,
1321 2066 1560 2135 nihilque
1606 2065 2044 2134 praetermittere.
2099 2064 2190 2120 Sic

635 2175 763 2229 ergo
789 2161 950 2214 habet
975 2176 989 2211 :
1025 2176 1042 2208 ι
1073 2157 1213 2211 Dixit
1238 2157 1349 2227 (44)
1369 2157 1628 2211 Dominus
1651 2154 1878 2209 Domino
1895 2171 2032 2221 meo,
2052 2153 2190 2209 Sede

637 2266 668 2305 a
703 2252 906 2306 dextris
941 2250 1098 2314 meis,
1149 2248 1317 2304 donec
1367 2263 1562 2317 ponam
1624 2247 1874 2301 inimicos
1916 2257 2034 2302 tuos
2071 2261 2189 2301 sca-

634 2343 832 2400 bellum
872 2343 1063 2412 pedum
1121 2351 1355 2396 tuorum.
1418 2340 1636 2410 Virgam
1690 2341 1942 2410 potentia:
1985 2340 2192 2394 emittet

635 2437 729 2490 tibi
755 2436 1011 2490 Dominus
1041 2450 1108 2490 ex
1142 2433 1296 2498 Sion,
1324 2443 1377 2488 et
1407 2434 1682 2488 dominare
1719 2435 1771 2488 itt
1807 2433 1982 2488 medio
2016 2433 2191 2488 inimi-

634 2541 819 2581 corum
850 2537 1084 2580 tuorum.
1114 2524 1314 2580 Tecum
1368 2525 1711 2594 principatus
1751 2526 1802 2578 in
1832 2525 1916 2578 die
1945 2525 2191 2593 potentia:

633 2625 758 2681 tuae,
785 2617 836 2670 in
866 2615 1241 2686 splendoribus
1263 2624 1571 2669 sanctorum
1595 2616 1709 2685 (45)
1733 2630 1748 2668 :
1773 2629 1837 2670 ex
1864 2627 2048 2670 ventre
2069 2627 2191 2669 ante

632 2707 938 2763 Luciferum
969 2707 1128 2778 genui
1153 2716 1223 2761 te.
1247 2705 1451 2761 Juravit
1485 2706 1764 2774 Dominus,
1809 2716 1862 2760 et
1886 2722 1990 2762 non
2020 2708 2191 2776 poeni-

631 2801 768 2855 tebit
802 2815 962 2855 eum:
994 2799 1072 2854 Tu
1101 2815 1162 2854 es
1189 2800 1443 2855 sacerdos
1493 2801 1545 2854 in
1587 2809 1849 2855 aeternum
1892 2799 2189 2855 secundum

631 2891 872 2946 ordinem
897 2890 1318 2945 Melchisedech:
1349 2889 1606 2944 Dominus
1633 2906 1660 2943 a
1694 2890 1897 2945 dextris
1929 2890 2051 2944 tuis.
2084 2909 2101 2940 ι
2134 2890 2188 2944 Si

632 2983 775 3037 enim
818 2981 977 3034 Pater
1010 2981 1085 3034 ait
1120 2980 1256 3035 Filio
1289 3000 1300 3035 :
1346 3000 1364 3032 ι
1399 2981 1538 3036 Sede
1571 2997 1600 3035 a
1632 2982 1840 3036 dextris
1871 2983 2079 3048 meisp
2106 2991 2187 3036 et:

637 3092 656 3125 ι
695 3074 910 3143 Virgam
981 3073 1230 3142 potentiae
1301 3073 1509 3126 emittet
1567 3074 1660 3128 tibi
1708 3073 2004 3139 Dominus;
2035 3092 2053 3124 ι
2095 3082 2185 3127 et:

638 3184 657 3217 ι
692 3164 1064 3218 Dominaberis
1092 3163 1326 3218 inimicis
1353 3164 1487 3229 tuis;
1516 3183 1534 3216 ι
1588 3174 1681 3220 et:
1737 3183 1754 3215 ι
1783 3163 1990 3218 Juravit
2013 3165 2190 3219 Domi-

632 3272 770 3322 nus;
801 3274 819 3306 ι
844 3264 898 3309 ct
926 3270 942 3308 :
971 3273 989 3305 ι
1031 3254 1288 3309 Dominus
1315 3271 1344 3308 a
1387 3256 1589 3310 dextris
1623 3256 1761 3311 tuis:
1791 3275 1810 3308 ι
1845 3257 2090 3325 quisnam
2107 3264 2189 3310 est

632 3346 889 3400 Dominus
923 3345 1034 3410 ille,
1074 3346 1165 3413 qui
1189 3345 1287 3414 ipsi
1315 3348 1516 3414 virgam
1549 3347 1733 3408 mittit,
1780 3357 1835 3400 et
1862 3347 2029 3414 jurat,
2072 3357 2126 3400 et
2157 3362 2187 3400 a

631 3437 834 3492 dextris
863 3435 983 3490 Filii
1014 3437 1206 3492 sedet?
1235 3435 1375 3490 Nihil
1413 3446 1603 3500 restat,
1637 3438 1741 3492 nisi
1771 3447 1828 3491 ut
1852 3438 1921 3492 sit
1955 3437 2186 3507 Spiritus

630 3539 848 3582 sanctus
879 3543 893 3579 :
931 3528 1065 3582 adeo
1093 3536 1152 3582 ut
1183 3527 1375 3582 Filium
1427 3544 1456 3582 a
1516 3529 1720 3583 dextris
1751 3529 1965 3597 quidem
2012 3529 2188 3584 Patris

628 3632 766 3678 esse,
796 3616 1056 3687 Spiritum
1094 3633 1221 3673 vero
1253 3618 1345 3672 Dei
1373 3633 1401 3671 a
1429 3618 1630 3672 dextris
1666 3619 1867 3673 habere
1901 3620 2188 3687 comperia-

629 3720 767 3760 mus.
802 3705 933 3759 lllud
956 3721 1083 3760 vero
1118 3707 1437 3761 meminisse
1487 3716 1719 3775 oportet,
1752 3709 1892 3776 quod
1930 3709 2015 3762 hic
2041 3707 2188 3778 jurat

628 3797 793 3852 etiam
844 3795 1098 3866 Spiritus,
1159 3798 1353 3866 quippe
1393 3798 1483 3866 qui
1518 3815 1539 3848 ι
1577 3813 1685 3852 non
1735 3798 1897 3853 habet
1928 3801 2185 3870 majorem

628 3903 687 3942 se
738 3888 914 3958 (46),:
956 3889 1093 3943 sicut
1145 3890 1351 3956 Filius,
1394 3890 1482 3958 qui
1538 3890 1692 3954 dixit,
1750 3909 1768 3942 ι
1813 3890 1917 3946 Per
1967 3904 2188 3947 memet-

627 3981 802 4047 ipsum
819 3980 1087 4049 (47)]uro,
1111 3999 1130 4033 ι
1155 3980 1609 4050 quemadmodum
1647 3983 1698 4036 in
1722 3984 1896 4052 primo
1922 3983 2056 4038 libro
2074 3985 2185 4056 (48)

626 4078 1101 4125 commemoratum
1125 4071 1287 4141 239
1325 4069 1446 4124 fuit.
1493 4071 1598 4125 Sed
1654 4082 1708 4127 et
1764 4074 1814 4127 in
1843 4091 1928 4128 1.x:
1983 4079 2186 4146 psalmo

628 4161 698 4215 ab
723 4162 912 4215 eodem
944 4160 1140 4217 Davide
1203 4163 1510 4217 annuntiari
1545 4173 1765 4235 apparet
1799 4177 2035 4223 sanctam
2069 4169 2187 4225 Tri-

630 4252 873 4314 nitatem,
898 4251 1024 4305 dum
1051 4251 1125 4305 ita
1169 4251 1388 4320 psallit:
1429 4271 1447 4304 t
1487 4253 1663 4308 Semel
1721 4255 1829 4328 (49)
1867 4257 2072 4315 locutus
2105 4269 2185 4316 est

630 4346 806 4399 Deus:
835 4345 940 4398 duo
997 4344 1110 4398 hinc
1168 4343 1366 4398 audivi.
1403 4362 1422 4395 ι
1455 4344 1711 4411 Qttaenam
1758 4363 1884 4408 vero
1915 4360 2037 4405 sunt
2072 4352 2186 4406 haec

630 4432 778 4486 duo?
807 4431 1036 4486 Subdit:
1073 4451 1092 4484 ι
1123 4431 1272 4498 Quod
1320 4442 1562 4500 potestas
1604 4435 1691 4489 Dei
1726 4447 1829 4503 est,
1867 4449 1918 4491 et
1960 4450 2047 4493 tua
2076 4441 2184 4496 Do-

629 4527 793 4590 mine,
827 4525 1214 4580 misericordia.
1243 4543 1261 4576 ι
1285 4524 1416 4591 Quis
1445 4528 1587 4582 enim
1606 4539 1686 4581 est
1731 4529 1892 4594 Deus,
1913 4533 2004 4601 qui
2029 4533 2182 4599 dixit,

2289 2084 2394 2130 τως
2414 2083 2426 2095 ·
2453 2087 2469 2118 ι
2495 2062 2657 2119 Εἶπεν
2701 2067 2825 2139 [ΗΟ
2855 2068 2908 2140 α]
2936 2071 2963 2121 6
2992 2069 3190 2139 Κύριος
3215 2068 3292 2138 τῷ
3308 2069 3498 2138 Κυρίῳ
3523 2085 3641 2139 μου·
3673 2065 3831 2119 Κάθου

2291 2159 2351 2211 ὲκ
2397 2157 2580 2222 δεξιῶν
2613 2176 2733 2228 μου,
2765 2160 2866 2222 ἕως
2916 2160 2980 2213 ἂν
3037 2159 3112 2212 θῶ
3166 2160 3289 2221 τοὺς
3327 2159 3554 2230 ἐχθρούς
3587 2175 3675 2210 σου
3721 2158 3832 2209 ὑπο-

2290 2249 2466 2302 πόδιον
2496 2250 2600 2302 τῶν
2631 2250 2803 2303 ποδῶν
2825 2267 2938 2302 σου.
2968 2250 3184 2303 Ῥἁδδον
3215 2251 3495 2320 δυνάμεως
3523 2247 3836 2315 ὲξαποστελεῑ

2292 2358 2372 2394 σοι
2409 2341 2607 2412 Κύριος
2643 2345 2705 2394 ὲκ
2745 2341 2902 2404 Σιὼν,
2935 2344 3029 2396 καὶ
3071 2345 3432 2413 κατακυρίευε
3471 2344 3527 2394 ὲν
3568 2341 3709 2411 μέσῳ
3741 2337 3834 2390 τῶν

2290 2432 2494 2503 ἐχθρῶν
2525 2451 2636 2486 σου.
2670 2434 2822 2486 Μετὰ
2866 2433 2958 2486 σοῦ
2991 2437 3024 2505 ἡ
3077 2435 3218 2506 ἁρχὴ
3265 2437 3320 2487 ἐν
3355 2435 3542 2505 ἡμέρᾳ.
3578 2434 3670 2502 τῆς
3697 2430 3834 2484 δυνά-

2293 2525 2436 2594 μεώς
2464 2543 2554 2578 σου
2581 2529 2635 2578 ἐν
2654 2529 2770 2588 ταῖς
2795 2527 3138 2597 λαμπρότησι
3159 2528 3265 2578 τῶν
3287 2527 3485 2594 ἁγίων.
3521 2527 3612 2578 Ἐκ
3628 2523 3836 2592 γαστρὸς

2291 2618 2394 2686 πρὸ
2437 2618 2738 2688 Ἑωσφόρου
2765 2619 3027 2687 ἐγέννησά
3049 2637 3126 2671 σε.
3163 2620 3397 2689 Ὤμοσεν
3425 2619 3648 2688 Κύριος,
3677 2616 3759 2671 καὶ
3786 2613 3837 2666 οὐ

2295 2707 2820 2778 μεταμεληθήσεται“
2863 2710 2932 2760 Σὺ
2960 2710 3133 2778 ἱερεὺς
3160 2712 3237 2772 εἰς
3268 2709 3358 2762 τὸν
3399 2711 3571 2763 αἰῶνα
3601 2708 3734 2762 κατὰ
3756 2707 3838 2776 τὴν

2288 2799 2442 2864 τάξιν
2472 2800 2834 2868 Μελχισεδέκ·
2877 2801 3076 2871 Κύριος
3115 2803 3177 2853 ἐκ
3219 2801 3412 2866 δεξιῶν
3449 2820 3563 2855 σου.
3604 2819 3621 2851 ι
3666 2801 3725 2853 Εἰ
3751 2798 3842 2867 γὰρ

2289 2894 2316 2944 6
2345 2891 2531 2961 Πατὴρ
2570 2891 2718 2958 λέγει
2765 2891 2840 2961 τῷ
2882 2892 3030 2962 Υἱῴο
3070 2913 3087 2942 ‹
3118 2893 3299 2946 Κάθου
3347 2895 3413 2946 ἐκ
3449 2894 3638 2958 δεξιῶν
3667 2907 3792 2962 μου·
3820 2906 3838 2939 ι

2290 2984 2399 3045 καὶ,
2436 3002 2452 3033 t
2502 2980 2720 3036 Ῥἁϐδον
2739 2983 3026 3052 δυνάμεως
3060 2984 3412 3050 ἐξαποστελεί
3446 3003 3530 3039 σοι
3575 2986 3798 3054 Κύριοςο
3823 2997 3839 3030 t

2290 3075 2416 3136 καὶ,
2478 3094 2496 3126 ‹
2531 3075 2998 3145 Κατακυριεύσεις
3051 3075 3156 3128 τῶν
3209 3075 3425 3147 ἐχθρῶν
3483 3094 3618 3130 σουο
3669 3094 3687 3126 ι
3736 3073 3842 3138 καὶ,

2297 3184 2314 3215 ‹
2368 3165 2598 3234 Ὤμοσεν
2669 3165 2900 3236 Κύριοςο
2951 3185 2969 3217 ι
3032 3166 3162 3232 καὶ,
3217 3187 3235 3218 t
3289 3168 3498 3240 Κύριος
3559 3170 3623 3222 ὲκ
3684 3166 3847 3232 δεξιῶν

2291 3274 2410 3310 σου·
2461 3277 2478 3309 ι
2535 3257 2617 3321 τίς
2671 3258 2699 3310 6
2748 3258 3086 3312 ἀποστέλλων
3143 3260 3289 3331 αὐτῷ
3339 3263 3442 3333 τὴν
3495 3261 3726 3334 ῥάϐδον,
3769 3258 3848 3310 καὶ

2219 3333 2548 3419 οόμνύων,
2609 3348 2703 3402 καὶ
2762 3350 2824 3401 ἐκ
2887 3349 3072 3414 δεξιῶν
3139 3351 3231 3404 τοῦ
3303 3352 3441 3405 Υἱοῦ
3498 3333 3849 3421 ίκαθεζόμενος

2288 3438 2510 3508 Κύριος,
2555 3439 2603 3490 εἰ
2665 3438 2740 3510 μὴ
2793 3439 2974 3493 λοιπὸν
3023 3441 3084 3494 τὸ
3124 3442 3276 3511 ἆγιον
3328 3445 3599 3515 Πνεῦμα;
3650 3443 3721 3506 ὡς
3776 3441 3852 3493 εὐ·

2289 3529 2573 3599 ρίσκεσθαι
2633 3530 2722 3582 τὸν
2763 3531 2906 3593 Υἱὺν,
2961 3533 3089 3585 ὄντα
3136 3535 3233 3602 μὲν
3279 3536 3344 3588 ὲκ
3397 3536 3596 3603 δεξιῶν
3638 3533 3727 3589 τοῦ
3760 3534 3854 3585 [ια-

2287 3622 2433 3692 τρὸς,
2463 3621 2652 3690 ἔχοντα
2686 3621 2740 3673 δὲ
2774 3623 2836 3675 ἐκ
2876 3622 3059 3687 δεξιῶν
3099 3624 3160 3677 τὸ
3197 3625 3432 3697 Πνεῦμα
3458 3629 3555 3681 τοῦ
3586 3626 3736 3679 Θεοῦ.
3765 3624 3853 3678 Με-

2290 3711 2528 3781 μνῆσθαι
2563 3711 2618 3763 δὲ
2647 3711 2771 3782 χρὴ,
2801 3714 2882 3765 ὅτι
2909 3713 3140 3769 ἐνταῦθα
3171 3717 3262 3769 καὶ
3291 3717 3494 3787 ὀμνύει
3533 3719 3597 3771 τὸ
3628 3716 3852 3786 Πνεῦμα,

2284 3801 2358 3863 ῶς
2382 3801 2479 3853 οὐκ
2511 3800 2632 3870 ἕχον
2656 3800 2744 3854 τὸν
2778 3803 3017 3872 μείζονα,
3046 3803 3188 3857 καθὰ
3219 3807 3246 3858 6
3276 3806 3435 3872 Υἱὸς,
3462 3807 3659 3872 εἰπὼν,
3700 3827 3717 3857 t
3738 3803 3854 3858 Κατ’

2285 3892 2519 3962 ἐμαυτοῦ
2545 3891 2748 3962 ὀμνύω,
2783 3912 2800 3942 ι
2839 3894 2914 3957 ὡς
2942 3897 2998 3947 ὲν
3038 3894 3116 3965 τῷ
3146 3895 3348 3967 πρώτῳ
3378 3897 3764 3970 ἐμνημονεύθη
3789 3893 3856 3964 βι-

2287 3984 2436 4054 ϐλίῳ.
2481 3984 2638 4039 Ἀλλὰ
2666 3987 2758 4038 καὶ
2787 3987 2843 4038 ἐν
2878 3986 2953 4051 ξα¹
2983 3987 3180 4058 ψαλμῷ
3219 3991 3244 4041 6
3281 3989 3453 4052 αὐτὸς
3487 3989 3655 4043 Δαυῒδ
3695 3991 3855 4053 ἀπαγ-

2285 4078 2486 4146 γέλλων
2512 4079 2609 4151 τὴν
2650 4081 2808 4149 ἁγίαν
2836 4083 3041 4153 Τριάδα
3076 4085 3342 4153 φαίνεται,
3396 4091 3458 4142 ὲν
3503 4089 3585 4160 τῷ
3613 4087 3853 4159 ψάλλειν·

2291 4186 2310 4219 ι
2343 4169 2518 4234 Ἀπαξ
2539 4170 2796 4240 ἐλάλησεν
2821 4175 2848 4224 6
2877 4173 3011 4236 Θεός
3037 4192 3050 4205 ο
3083 4175 3175 4227 δύο
3213 4176 3390 4230 ταῦτα
3419 4181 3659 4250 ἥκουσα.
3691 4197 3708 4229 ι
3741 4178 3856 4231 Ποῖα

2284 4259 2339 4313 δὲ
2387 4259 2511 4326 δύο;
2568 4262 2824 4330 Ἐπάγειο
2864 4284 2880 4314 t
2915 4265 3037 4318 Ὅτι
3073 4266 3130 4318 τὸ
3178 4268 3381 4337 κράτος
3425 4271 3526 4323 τοῦ
3581 4270 3736 4331 Θεοῦ,
3781 4264 3856 4320 ml

2286 4349 2399 4416 σοῦ,
2458 4349 2656 4421 Κύριε,
2701 4352 2760 4404 τὸ
2825 4353 2990 4417 ἕλεος.
3036 4374 3054 4405 ι
3111 4356 3205 4420 Τίς
3258 4358 3374 4429 γὰρ
3421 4361 3452 4412 6
3496 4362 3674 4414 εἰπὼν
3717 4359 3860 4420 Θεὸς,

2292 4461 2309 4493 ι
2341 4443 2457 4495 Ὅτι
2489 4443 2548 4494 τὸ
2577 4443 2774 4514 κράτος
2813 4446 2906 4498 τοῦ
2941 4445 3105 4512 Θεοῦ;
3149 4466 3166 4496 ι
3202 4449 3295 4501 καὶ
3349 4453 3497 4522 πρὸς
3542 4454 3668 4518 τίνα
3710 4447 3860 4518 λέγει,

2292 4552 2310 4584 t
2343 4534 2450 4586 Καὶ
2487 4533 2601 4600 σοῦ,
2630 4534 2823 4607 Κύριε,
2872 4537 2932 4589 τὸ
2978 4537 3157 4603 ἕλεος;
3197 4559 3216 4593 ι
3251 4541 3364 4595 Καὶ
3405 4544 3508 4598 ἐπὶ
3556 4546 3653 4598 τοῦ
3687 4540 3864 4610 Δανιὴλ

636 4637 656 4671 ι
688 4619 828 4687 quod
887 4627 1121 4689 potestas
1155 4618 1246 4672 Dei
1277 4619 1396 4673 est?
1427 4638 1446 4670 ι
1518 4630 1572 4675 et
1602 4621 1812 4675 cuinam
1853 4624 1985 4677 dicit
2017 4642 2030 4679 :
2067 4643 2086 4676 ‹
2121 4626 2187 4681 Ει

2288 4624 2340 4676 δέ
2369 4642 2529 4696 φησιν
2555 4627 2611 4678 ὲν
2643 4630 2709 4698 τῇ
2741 4628 2866 4698 περὶ
2910 4628 3193 4698 Σωσὰννης
3240 4632 3458 4700 κρίσει’
3497 4655 3516 4688 ι
3569 4634 3863 4705 Ἐξὴγειρεν

631 4719 741 4779 tua,
791 4710 1038 4779 Domine,
1071 4711 1485 4766 misericordia?
1516 4730 1535 4764 ι
1567 4711 1705 4778 Quin
1741 4723 1796 4768 et
1817 4715 1957 4783 apud
1991 4715 2186 4773 Danie-

700 4911 812 4987 (ῃ)
855 4912 1099 4987 _Spiritus_.
1134 4915 1175 4970 ll
1213 4917 1340 4987 Reg.
1369 4935 1523 4984 xxut,
1547 4921 1602 4976 2.

702 4981 813 5062 (42)
851 4981 917 5062 11η
940 5001 1039 5062 nte.
1063 4985 1244 5062 (ἔπαιρε
1269 4981 1435 5062 Biblia
1467 4981 1562 5059 pro
1610 4991 1748 5062 ἐμοί.
1775 4992 1824 5045 id
1850 5003 1926 5048 est
1959 4995 2175 5054 «mihi,»

631 5051 832 5133 habent
877 5055 932 5133 εν
968 5053 1108 5123 ἐμοί,
1142 5058 1303 5133 idest
1350 5077 1368 5110 ι
1406 5051 1842 5133 ἰιιίιιοιὶειιιιιιο
1892 5065 1963 5116 ita
2009 5051 2184 5133 legen-

632 5123 757 5175 dum
797 5132 923 5202 puto
957 5127 1620 5202 cum_ob_antecedentia,
1664 5123 1774 5184 ιιιιιῖ
1820 5135 1942 5202 quia
1975 5123 2181 5201 postre-

635 5205 717 5273 ma
751 5191 952 5273 syllaba
987 5195 1134 5250 vocis
1181 5197 1457 5273 ἐλάλησεν,
1508 5191 1661 5273 lacile
1700 5191 1943 5256 nostrum
1975 5191 2182 5257 exscri—

632 5268 838 5338 ptorem
871 5268 926 5338 in
952 5277 1197 5338 errorem
1222 5268 1471 5338 inducere
1504 5272 1693 5338 potuit.

702 5330 1136 5412 (43);.Ascrihere.
1183 5335 1260 5412 Ita
1303 5330 1543 5412 loquitur
1580 5341 1854 5412 Didymus,
1885 5341 2038 5412 quasi
2070 5357 2180 5396 sum

631 5403 889 5453 caecitatis
933 5401 1147 5477 oblitus.
1199 5401 1386 5477 Simili'
1426 5409 1581 5462 modo
1628 5401 1810 5464 in'lib.
1843 5401 1938 5465 'D'e
1977 5409 2180 5477 Spiritu

628 5479 830 5548 satiato,
868 5470 1137 5548 mutu-lio,
1167 5475 1242 5528 ait
1271 5493 1284 5528 :
1312 5477 1540 5532 «Crebro
1559 5479 1752 5548 legisse
1787 5496 1870 5535 me
1898 5470 2132 5536 memini.
2159 5501 2177 5532 ι

631 5536 784 5619 Quid
816 5542 974 5619 etiam
1015 5536 1363 5619 fllerouymus
1401 5536 1660 5619 Abigaurn
1711 5566 1910 5604 caecum
1955 5551 2180 5619 epistola

633 5605 821 5731 Ζῗθΐείο
864 5609 1168 5682 alloquitur,
1209 5605 1363 5670 'num.
1415 5619 1440 5670 1
1476 5605 1540 5672 εἷ
1570 5605 1758 5674 Scribe
1790 5621 1949 5690 igitur
1987 5605 2177 5674 'auda-

753 5717 766 5731 .
801 5696 820 5728 )

631 5691 766 5732 eter.
801 5696 820 5728 ι

700 5747 815 5820 (44)
858 5748 1023 5804 Dixit.
1054 5748 1199 5809 .Psal.
1229 5769 1340 5820 cur,
1380 5771 1518 5812 vers.
1558 5759 1671 5814 l-G.
1705 5758 1856 5822 Vide,
1899 5759 1943 5816 si
1987 5758 2179 5830 placet,

2291 4717 2319 4769 6
2351 4717 2480 4781 Θεὸς
2505 4718 2566 4771 τὸ
2607 4719 2828 4790 Πνεῦμα
2853 4720 2912 4772 τὸ
2943 4720 3094 4788 ἅγιον
3135 4723 3223 4775 τὸν
3254 4726 3468 4797 Δανιήλ
3490 4743 3504 4755 ο
3538 4746 3559 4779 ι
3609 4721 3867 4782 κάνταῦθα

2286 4942 2403 4996 qua
2431 4928 2495 4980 ad
2524 4928 2666 5004 hunc
2706 4927 2966 4996 psalmum
3005 4928 3227 4984 dictavit
3271 4929 3578 5002 Didymus,
3611 4948 3736 5004 pag.
3773 4925 3866 4984 249

2287 5008 2486 5050 calente
2519 4998 2873 5052 Corderiante.

2358 5067 2468 5137 (45)
2523 5066 2853 5122 Sanctorum.
2891 5068 3073 5123 Graeca
3115 5069 3286 5142 Βίωίέ
3314 5087 3340 5142 :7
3361 5073 3485 5126 τῶν
3538 5073 3715 5142 ἁγίων
3760 5084 3870 5128 σου.

2287 5135 2346 5258 ἓξ
2373 5135 2462 5256 ρει
2513 5155 2530 5188 t
2563 5148 2868 5193 sanctorum
2913 5152 3145 5193 tuorum.
3179 5158 3197 5190 ι
3248 5139 3413 5211 Vulg.
3481 5135 3604 5198 int:
3650 5144 3776 5212 legit
3821 5148 3872 5193 nt

2336 5221 2562 5258 uvmus.

2336 5221 2562 5258 ιιινιιιιιε.

2384 5221 2771 5347 {gljilajorem
2796 5293 2868 5330 re.
2923 5276 3000 5331 Ex
3033 5278 3260 5347 epistola
3285 5281 3350 5332 ad
3388 5281 3572 5336 Hebr.
3600 5297 3679 5345 vr,
3711 5281 3796 5335 l3.

2381 5343 2468 5415 47)
2518 5343 2622 5399 Per
2659 5349 3032 5415 memetipsum.
3067 5343 3191 5401 ’lsa.
3234 5365 3360 5407 XLV.
3398 5352 3501 5406 23.
3555 5343 3694 5405 Vide
3723 5353 3874 5405 etiam

2287 5411 2419 5493 Gen.
2450 5411 2582 5481 'xxtt,
2635 5415 2718 5493 l6_,
2751 5419 2838 5470 ubi
2867 5411 3054 5471 tamen
3087 5417 3269 5472 Graeca
3313 5422 3502 5476 editio
3540 5422 3705 5476 habet
3754 5437 3772 5469 ι
3797 5420 3875 5488 ju-

2288 5486 2422 5546 ravi,
2451 5503 2469 5534 ι
2512 5501 2607 5553 pro
2644 5504 2662 5537 ι
2689 5486 2828 5553 juro.
2864 5504 2882 5536 ι

2359 5553 2583 5632 (48)_!n
2634 5557 2990 5632 primo‘libro.
3043 5555 3170 5623 Cap.
3229 5572 3399 5623 xxvi,
3455 5577 3593 5632 pag.
3649 5563 3744 5625 75,
3787 5569 3875 5612 seu

2290 5625 2552 5704 segtnn.‘3"5‘
2579 5643 2630 5689 (ι,
2668 5637 2772 5704 aut
2793 5626 3020 5704 fo_rtasse
3043 5642 3170 5704 cap.
3197 5643 3284 5692 xv,
3312 5625 3674 5704 ante-segni.
3698 5633 3732 5686 6
3759 5644 3810 5681 a.

2361 5695 2472 5764 (49)
2515 5695 2703 5750 Semel.
2737 5695 2875 5751 Psal.
2914 5711 3030 5761 ιιι,
3060 5696 3116 5749 ll
3151 5696 3277 5762 (seu
3310 5698 3441 5769 12).
