4082 6406
308 370 412 424 657

1323 366 1411 420 DE
1450 366 1822 424 TBINITATE
1862 366 2062 422 LIBER
2103 366 2488 424 SECUNDUS.

3442 370 3549 424 658

301 488 371 541 τὰ
409 486 467 538 ἐν
498 486 616 546 τοῖς
651 482 927 553 βραχίοσιν
959 480 1157 546 αὑτοῦ,
1192 481 1322 534 ὡσεὶ
1366 482 1663 547 στύππιον,
1712 484 1867 556 ήνίκα

1977 482 2211 552 Spiritus
2246 482 2489 547 Domini;
2532 502 2550 534 ι
2588 490 2642 537 et
2668 497 2857 538 rursus
2891 500 2906 537 :
2953 502 2975 535 ς
3003 484 3305 541 Declinavit
3347 485 3461 559 (71)
3494 489 3549 542 iu

302 578 368 630 ἂν
398 573 678 643 όσφρανθῇ
722 574 909 642 πυρός.
953 592 970 623 ι
1013 572 1139 625 Ὅτε
1171 574 1227 626 δὲ
1272 573 1456 629 λοιπὸν
1491 576 1587 627 σὺν
1618 578 1684 645 τῇ
1726 577 1873 647 κόμῃ

301 670 393 719 καὶ
437 668 538 736 τὴν
587 664 817 733 δύναμιν
851 664 1015 718 αὐτοῦ
1055 666 1306 730 ἀπέθετο,
1353 669 1443 720 καὶ
1494 668 1745 721 ἀπώνατο
1794 669 1871 730 είς

299 756 524 825 ὄλεθρον
578 755 776 807 ἑαυτοῦ
811 758 909 824 τῆς
949 755 1223 819 ἀϐουλίας,
1274 756 1589 826 ἀλλόφυλον,
1625 759 1685 810 οὐ
1731 758 1867 819 δέον,

298 848 537 913 γυναῖκα
570 846 884 917 ὑπερφιλῶν
917 851 1016 918 τὴν
1044 848 1261 912 Δαλιδά,
1291 867 1309 899 ς
1357 848 1673 919 Ἐξηγέρθη,
1717 868 1735 900 t
1770 866 1873 919 φη-

301 942 407 1003 σὶν,
444 960 463 991 ι
497 942 563 992 ἐκ
591 939 687 993 τοῦ
720 940 886 993 ὕπνου
914 940 1095 1005 αὐτοῦ,
1125 941 1218 993 καὶ
1240 936 1391 993 εἶπεν
1412 956 1425 971 ·
1468 939 1867 1010 Ἐξελεύσομαι,

302 1035 395 1085 καὶ
420 1032 841 1103 ἀποτινάξομαι,
866 1034 959 1086 καὶ
998 1035 1209 1103 ποιήσω
1237 1033 1417 1096 καθὼς
1441 1034 1547 1087 ἀεί.
1581 1035 1688 1085 Kal
1710 1034 1870 1097 αὐτὸς

298 1126 401 1178 οὐκ
436 1126 601 1194 ἔγνω,
636 1127 718 1179 ὅτι
746 1125 947 1197 Κύριος
980 1127 1192 1195 ἀπέστη
1217 1127 1309 1179 ἀπ’
1340 1125 1522 1179 αὑτοῦ.
1565 1145 1583 1177 ι
1622 1127 1732 1195 Τῆς
1763 1126 1871 1197 γὰρ

302 1219 621 1283 δυναστείας
678 1220 773 1272 τοῦ
823 1220 1029 1291 Κυρίου
1084 1219 1273 1272 τούτου
1329 1223 1524 1289 πεῖραν
1574 1219 1708 1289 ἔχων
1778 1219 1870 1271 καὶ

305 1312 580 1381 Μωῦσῆς,
621 1309 805 1364 εἶπεν·
868 1330 885 1362 ι
927 1311 1048 1374 Πῶς
1086 1310 1333 1375 διώξεται
1368 1306 1449 1375 εἷς
1496 1312 1725 1382 χιλίους,
1779 1311 1869 1363 καὶ

302 1404 393 1456 δύο
429 1406 885 1474 μετακινήσουσιν
915 1404 1200 1475 μυριάδας,
1224 1406 1269 1456 εί
1301 1403 1374 1474 μὴ
1401 1402 1602 1475 Κύριος
1627 1402 1869 1472 παρέδω-

302 1509 394 1543 κεν
428 1493 661 1555 αὐτοὺς,
699 1494 791 1546 καὶ
823 1495 850 1545 ό
878 1494 1008 1556 Θεὸς
1042 1494 1268 1547 ἀπέδοτο
1300 1494 1528 1557 αὐτούς
1572 1514 1587 1543 ι
1629 1494 1738 1546 Καὶ
1778 1494 1868 1545 τὸν

298 1577 534 1644 ὀφθέντα
560 1578 618 1630 δὲ
651 1578 728 1649 τῷ
769 1580 963 1649 Ἡσαΐᾳ
997 1579 1218 1649 βασιλέα
1245 1579 1446 1651 Κύριον
1476 1579 1703 1632 Σαϐαὼο
1737 1578 1868 1631 καθ-

298 1670 502 1738 ήμενον
533 1669 625 1719 ἐπὶ
672 1668 863 1739 θρόνου
897 1668 1100 1739 ὑψηλοῦ
1152 1672 1248 1723 καὶ
1290 1668 1621 1741 ἐπῃρμένου,
1661 1668 1777 1738 [111
1813 1670 1864 1737 b)

298 1762 357 1811 ὲν
391 1761 528 1830 οἴκῳ
557 1762 715 1830 δόξης
746 1762 1178 1833 πεπληρωμένῳ,
1214 1765 1307 1814 καὶ
1345 1761 1450 1813 ὑπὸ
1483 1760 1589 1813 τῶν
1630 1762 1867 1830 σεραφὶμ

1974 573 2183 626 vineam
2209 573 2319 644 (72)
2336 571 2674 627 Thamnatha
2697 591 2711 639 ;
2737 584 2789 629 et
2806 589 2930 629 ecce
2946 577 3157 631 catulus
3178 577 3345 632 leonis
3372 579 3422 632 in
3451 594 3547 633 oc-

1972 678 2186 716 cursum
2216 664 2331 732 ejus
2357 683 2369 719 :
2403 672 2459 717 et
2483 665 2862 735 direxitsuper
2890 681 3012 720 eum
3042 666 3278 736 Spiritus
3311 668 3542 736 Domini,

1972 763 2026 804 et
2046 752 2363 807 dilaceravit
2389 769 2511 807 eum
2537 762 2595 809 ut
2623 754 2831 809 hamum
2856 772 3167 825 caprarum;
3196 776 3215 809 ι
3241 769 3294 813 et
3322 775 3504 813 rursus
3527 800 3545 816 .

1979 862 1998 897 ι
2035 842 2325 899 Vociferati
2362 846 2473 916 (7'5)
2510 855 2669 909 sunt,
2699 847 2889 916 inquit,
2923 850 3235 919 alienigena:
3268 860 3319 905 et
3351 866 3543 905 Cucur-

1980 945 2169 989 rerunt
2205 938 2255 988 in
2286 952 2569 991 occursum
2609 939 2722 1007 ejus
2754 940 2825 1009 (id
2860 950 2982 1006 est,
3017 940 3315 1011 Samsonis)
3337 984 3351 1008 ,
3378 953 3432 995 et
3462 944 3547 996 di-

1971 1024 2110 1078 rexit
2137 1039 2299 1093 super
2329 1042 2450 1079 cum
2495 1026 2731 1097 Spiritus
2774 1028 3023 1094 Domini,
3054 1040 3108 1084 et
3144 1032 3266 1085 facti
3300 1041 3425 1085 sunt
3464 1034 3548 1086 t‘u-

1972 1119 2155 1184 niculi,
2184 1120 2275 1190 qui
2314 1132 2469 1174 erant
2502 1122 2554 1175 in
2607 1124 2841 1178 brachiis
2892 1125 3006 1192 ejus
3047 1137 3298 1195 tanquam
3327 1139 3545 1197 stuppa.

1973 1216 2189 1282 quando
2229 1214 2476 1269 olfecerit
2506 1217 2705 1285 ignem.
2729 1237 2747 1270 ι
2776 1220 3117 1272 Posttttodutn
3152 1236 3301 1283 vero,
3331 1224 3546 1290 quando

1970 1307 2131 1361 simul
2166 1322 2286 1360 cum
2330 1323 2481 1360 coma
2531 1310 2693 1361 rolmr
2735 1311 2945 1373 amisit,
2990 1322 3150 1379 atque
3190 1314 3545 1382 alienigenam

1970 1396 2223 1449 feminam
2265 1396 2503 1450 Dalidam
2552 1398 2664 1465 (71)
2703 1402 3047 1454 vehementer
3097 1403 3165 1456 ab
3223 1418 3308 1467 eo,
3354 1414 3542 1457 contra

1967 1500 2127 1554 quam
2156 1485 2234 1539 fas
2259 1494 2395 1549 erat,
2432 1484 2703 1549 dilectam,
2732 1486 2783 1539 in
2820 1502 2971 1540 suam
3042 1489 3208 1557 ipsius
3251 1490 3543 1558 perniciem

1968 1586 2129 1644 atque
2159 1575 2478 1643 insipientia:
2520 1591 2757 1645 plenam,
2805 1590 3084 1633 assecutus
3132 1589 3237 1643 est,
3279 1600 3297 1631 ‹
3337 1580 3545 1647 Exsur-

1970 1667 2106 1720 rexit
2125 1667 2260 1737 (75),
2292 1685 2310 1719 ι
2330 1667 2501 1736 inquit
2524 1668 2823 1736 Scriptura,
2854 1686 2872 1719 ί
2900 1684 3135 1723 esomuo
3156 1688 3276 1733 suo,
3300 1684 3353 1725 et
3372 1672 3542 1725 dixit:

1972 1757 2259 1828 Egredior,
2292 1769 2347 1811 et
2376 1759 2644 1812 excutiam
2676 1775 2778 1823 me,
2807 1769 2863 1813 et
2893 1760 3084 1814 faciant
3116 1762 3257 1815 sicut
3286 1778 3499 1831 semper
3527 1780 3540 1814 :

300 1852 364 1919 τῇ
407 1852 676 1920 τρισαγίῳ
706 1854 855 1920 φωνῇ
886 1851 1441 1922 καταγεραιρόμενον,
1472 1852 1499 1903 6
1532 1851 1627 1921 μὲν
1657 1852 1867 1921 προφή-

1971 1858 2023 1903 et
2051 1850 2163 1920 ipse
2204 1865 2307 1905 non
2341 1861 2557 1904 noveral
2610 1852 2750 1919 quod
2800 1850 3059 1907 DOlIlIIlUS
3111 1863 3412 1907 recesserat
3476 1856 3544 1913 ab

298 1960 403 2011 της
441 1943 532 1995 τὸν
560 1943 775 2015 Πατέρα
805 1940 965 2010 οἶδεν,
997 1946 1025 1997 ὁ
1053 1944 1111 1997 δὲ
1161 1944 1410 2014 Ἰωάννης
1442 1943 1531 1998 τὸν
1571 1944 1725 1995 Υἰόν·
1756 1945 1784 1995 ό
1814 1944 1868 1995 δὲ

299 2033 518 2096 Παῦλος
557 2036 614 2086 ὲν
660 2036 777 2097 ταῖς
826 2034 1114 2103 Πράξεσιν,
1153 2032 1242 2085 διά
1284 2032 1382 2103 τὴν
1433 2033 1733 2101 ταυτότητα
1771 2032 1869 2102 τῆς

300 2125 577 2195 θεότητος,
618 2126 677 2177 τὸ
712 2125 985 2194 πάνσοφον
1028 2121 1426 2195 Πνεῦμαιεῖναι
1469 2125 1733 2195 ἐδήλωσεν
1761 2142 1869 2178 τοι·

298 2217 471 2269 ῶσδε·
520 2235 539 2267 ι
590 2216 781 2278 Καλῶς
810 2217 867 2269 τὸ
900 2216 1124 2287 Πνεῦμα
1154 2217 1212 2269 τὸ
1244 2218 1397 2286 ἆγιον
1427 2217 1685 2288 ἐλάλησεν
1732 2217 1868 2286 πρὸς

296 2308 429 2369 τοὺς
462 2308 703 2377 πατέρας
733 2306 886 2377 ὑμῶν
918 2307 1005 2360 διὰ
1056 2309 1272 2361 Ἡσαΐου
1311 2308 1404 2361 τοῦ
1440 2311 1739 2380 προφήτου,
1779 2310 1867 2362 λέ-

297 2416 432 2467 γον·
489 2399 794 2471 Πορεύθητι
846 2400 980 2470 πρὸς
1026 2401 1116 2454 τὸν
1167 2401 1292 2454 λαὸν
1340 2402 1547 2463 τοῦτον,
1608 2404 1701 2455 καὶ
1746 2403 1868 2456 είπὲ

295 2472 483 2562 αῦτῷ·
532 2492 690 2562 Ἀκοῇ
726 2492 1008 2557 ἀκούσετε,
1038 2494 1130 2545 καὶ
1168 2494 1224 2545 οὐ
1261 2494 1335 2565 μὴ
1367 2495 1581 2564 συνῆτε,
1626 2513 1643 2545 ι
1682 2496 1775 2547 καὶ
1802 2496 1868 2548 τὰ

293 2582 445 2651 ἑῆς.
493 2583 766 2652 Αίρετικοὶ
798 2582 887 2648 δὲ,
928 2584 1069 2636 κατὰ
1101 2584 1198 2655 τὴν
1231 2584 1290 2649 ἐξ
1325 2586 1500 2656 ἀρχῆς
1551 2588 1867 2657 προαίρεσιν

293 2674 646 2739 διοδεύοντες,
683 2676 777 2729 καὶ
804 2676 895 2729 τὸν
923 2678 1121 2730 οἰκεῖον
1162 2678 1359 2730 σκοπὸν
1387 2680 1479 2732 καὶ
1512 2680 1668 2747 λόγον
1710 2682 1869 2748 ἀγον-

292 2783 389 2831 τες
424 2766 571 2820 κατά
601 2767 694 2820 τοῦ
726 2767 909 2837 χάους,
950 2769 1270 2839 ἀποπηδῶσι
1297 2772 1391 2823 καὶ⁸
1422 2771 1560 2843 πρὸς
1595 2772 1655 2824 τὸ
1689 2772 1867 2839 λόγιον

292 2858 475 2923 τοῦτο,
507 2860 600 2911 καὶ
633 2860 874 2931 συνήθως
901 2860 1321 2930 ἀντιφάσκουσιν
1353 2863 1453 2915 οὐκ
1482 2863 1737 2931 εὐλόγως,
1775 2865 1869 2916 καὶ⁵

296 2950 601 3019 πειρῶνται
656 2949 945 3021 δυσσεϐείᾳ
980 2950 1293 3004 δυσσέϐειαν
1347 2952 1552 3005 συνδεῖν
1602 2952 1697 3005 καὶ
1741 2968 1867 3005 συν-

295 3043 509 3103 άπτειν,
545 3040 688 3111 φημὶ
714 3044 825 3104 τοῖς
861 3042 1142 3114 προτέροις
1170 3042 1349 3096 αὐτῶν
1385 3044 1624 3115 ῥήμασιν
1658 3043 1723 3097 τὰ
1751 3044 1869 3096 δεύ-

294 3148 431 3201 τερα
477 3133 574 3184 καὶ
608 3131 787 3202 τρίτα,
825 3132 1014 3200 λόγους
1047 3135 1379 3205 προϊέμενοι,
1420 3137 1501 3189 ὅτι
1547 3136 1699 3190 οὐδὲν
1736 3137 1866 3190 θαυ-

298 3225 503 3293 μαστὸν
536 3224 631 3275 καὶ
654 3223 902 3294 θεότητος
934 3226 1061 3279 ἴδιον
1089 3228 1217 3298 περὶ
1238 3227 1331 3280 τοῦ
1360 3229 1515 3296 ἁγίου
1544 3230 1861 3299 Πνεύματος

296 3315 615 3385 εὑρίσκεται
637 3315 699 3367 ὲκ
720 3315 814 3368 τοῦ
842 3316 1053 3370 Παῦλον
1085 3319 1268 3387 φάναι·
1294 3337 1311 3369 t
1343 3320 1537 3383 Καλῶς
1561 3322 1621 3373 τὸ
1641 3322 1863 3392 Πνεῦμα

301 3404 360 3454 τὸ
422 3404 581 3470 ᾶγιον
626 3404 885 3477 ἐλάλησεν
932 3407 1068 3479 πρὸς
1109 3414 1234 3472 τοὺς
1286 3412 1528 3481 πατέρας
1575 3413 1725 3481 ὑμῶν
1777 3414 1864 3467 διά

321 3492 537 3545 ’Πσαῖου
562 3495 658 3547 τοῦ
686 3498 984 3568 προφήτου,
1024 3498 1179 3567 λέγον
1201 3513 1216 3528 ·
1243 3504 1567 3569 Πορεύθητι
1596 3504 1743 3570 πρὸς
1760 3504 1865 3558 τὸν

306 3584 462 3637 λαὸν
478 3586 707 3653 τοῦτον,
733 3588 828 3641 καὶ
866 3590 999 3641 εἰπὲ
1019 3591 1179 3657 αὐτῷ
1203 3611 1221 3643 ι
1242 3593 1367 3645 τάδε
1385 3594 1479 3646 καὶ
1508 3594 1654 3648 τάδε·
1689 3596 1775 3648 διὰ
1804 3596 1863 3648 τὸ

306 3675 583 3741 πολλάκις,
630 3680 830 3750 φησὶν,
866 3680 933 3735 τά
976 3682 1144 3747 αὑτά,
1179 3684 1307 3737 ποτὲ
1353 3686 1449 3755 μὲν
1482 3689 1543 3739 ὲκ
1574 3688 1863 3758 προσώπου

302 3767 394 3819 τοῦ
432 3769 587 3833 Θεοῦ,
621 3772 750 3823 ποτε
788 3772 843 3824 δὲ
894 3775 957 3825 ἐκ
1000 3778 1290 3844 προσώπου
1334 3776 1426 3829 τοῦ
1475 3781 1782 3848 προφήτου,
1829 3780 1862 3851 ῆ

297 3860 534 3927 ἀγγέλου
566 3863 835 3934 εἰρημένα
874 3864 1161 3933 φέρεσθαι·
1189 3867 1264 3931 ὡς
1302 3870 1483 3939 ἡνίκα,
1522 3872 1704 3940 φησὶν,
1738 3872 1865 3941 περ)⁸

292 3950 387 4004 τοῦ
430 3954 637 4024 χωρίου
676 3955 865 4008 τούτου
893 3956 1038 4025 λέγει
1098 3958 1349 4029 Ἰωάννης
1372 3979 1385 3993 ·
1425 3981 1441 4011 t
1481 3962 1661 4014 Ταῦτα
1713 3959 1864 4017 εἶπεν

304 4045 558 4109 Ἡσαΐας,
595 4046 680 4098 ὅτε
712 4046 817 4099 ἴδεν
851 4050 947 4117 τὴν
977 4050 1133 4115 δόξαν
1166 4051 1363 4103 αὐτοῦ·
1407 4072 1424 4104 t
1458 4056 1553 4107 καὶ
1580 4055 1653 4117 ὼς
1682 4058 1710 4108 6
1753 4056 1866 4109 Σω-

290 4142 400 4207 τὴρ
458 4140 520 4190 ὲν
582 4138 845 4211 Ματθαίῳ
916 4141 1056 4213 ἔφη·
1117 4163 1136 4194 ε
1206 4144 1400 4208 Καλῶς
1466 4150 1866 4218 προεφήτευσεν

305 4232 559 4293 ⁹Ησαῖας,
608 4232 812 4301 λέγων·
875 4234 931 4286 Ὀ
980 4234 1105 4298 λαὸς
1155 4231 1303 4301 οὗτος
1356 4241 1466 4300 τοῖς
1513 4239 1742 4309 χείλεσίν
1800 4258 1867 4311 με

291 4325 451 4392 τιμᾷ,
488 4326 555 4393 τῇ
597 4323 653 4375 δὲ
693 4324 887 4395 καρδία⁵
914 4326 1099 4397 πόρρω
1139 4328 1331 4397 ἀπέχει
1371 4329 1465 4381 ἀπ’
1508 4332 1639 4400 ἐμοῦ
1664 4352 1675 4364 -
1720 4351 1738 4383 ι
1774 4336 1868 4388 καί

294 4413 370 4477 ὡς
400 4417 430 4467 6
474 4414 684 4476 Παῦλος
712 4417 768 4467 ὲν
802 4416 947 4486 ἄλλῳ
982 4417 1258 4489 κεφαλαίῳ
1300 4420 1434 4489 ἔφη·
1475 4440 1493 4471 ι
1528 4422 1726 4486 Καθὼς
1766 4427 1869 4477 Δα-

296 4504 384 4557 υἳδ
422 4505 573 4573 λέγει
603 4506 694 4558 τὸν
741 4510 1118 4578 μακαρισμόν·
1149 4511 1444 4581 Μακάριοι,
1477 4506 1551 4565 ὧν
1590 4514 1867 4587 ἀφέθησαν

296 4598 354 4649 αἱ
424 4596 557 4668 [HS
603 4597 659 4669 α]
706 4599 961 4668 ἀνομίαι,
1013 4601 1106 4653 καὶ
1162 4595 1237 4655 ὧν
1296 4604 1748 4677 ὲπεκαλύφθησαν
1812 4612 1867 4662 αἱ

294 4688 600 4757 ἁμαρτίαι·
645 4708 663 4739 ι
716 4690 815 4742 οὐκ
864 4687 1016 4743 εἶπεν
1071 4692 1161 4754 δὲ,
1194 4695 1384 4765 φησίν·
1418 4696 1613 4762 Καθὼς
1665 4702 1692 4751 6
1738 4699 1869 4764 Θεὸς

296 4777 387 4829 διὰ.
422 4776 587 4828 Δαυῖδ
620 4776 785 4844 λέγει.
819 4779 925 4830 Καὶ
969 4779 1228 4848 ἑτέρωθι·
1268 4801 1284 4832 t
1322 4784 1431 4835 Kal
1470 4779 1632 4854 ἦλθεν
1670 4786 1697 4837 6
1738 4787 1868 4851 Θεὸς

301 4868 439 4939 πρὸς
487 4867 719 4937 Βαλαὰμ
750 4870 962 4931 νυκτὸς,
1005 4871 1097 4923 καὶ
1129 4867 1279 4926 εἶπεν
1308 4874 1488 4945 αὐτῷ·
1526 4876 1587 4927 El
1644 4876 1867 4929 καλέσαι

276 4939 363 5012 ’σε
400 4960 654 5031 πάρεισιν
686 4961 734 5012 οἱ
779 4961 1052 5032 ἄνθρωποι
1080 4956 1245 5029 οὗτοι,
1287 4965 1524 5030 ἀναστὰς
1570 4967 1867 5039 ἀκολούθη-

373 5120 489 5185 (71)
527 5118 839 5189 Decliuam'l.
872 5118 1045 5175 Judic.
1080 5139 1189 5188 xw,
1222 5124 1279 5189 5,
1311 5123 1363 5178 6.

371 5189 486 5266 (ἹΞ)
528 5188 597 5266 ln_
627 5191 1145 5266 vineam._Complut.
1192 5196 1275 5247 ed.
1312 5197 1392 5266 είς
1424 5195 1781 5266 ἀμπελῶνας,
1814 5198 1868 5253 id

298 5274 379 5314 est
415 5283 431 5309 ι
471 5263 523 5312 in
548 5260 754 5311 vineas.
793 5278 811 5311 ι
848 5260 910 5315 Et
935 5271 1053 5327 post
1104 5279 1285 5317 vocem
1316 5260 1526 5329 λέοντος
1578 5267 1630 5321 iu
1679 5260 1867 5323 eadem

301 5332 515 5402 additur
540 5330 865 5402 όρυόμενος,
897 5332 945 5384 id
964 5344 1045 5386 est
1074 5352 1091 5384 ι
1135 5336 1365 5402 rugiens.
1402 5356 1418 5386 ι

370 5400 486 5473 (75)
538 5399 981 5466 Vociferatt’smtt.
1011 5399 1300 5467 .1η‹11ο.ἰν,
1334 5407 1417 5459 14.
1450 5406 1633 5461 Graeca
1664 5408 1750 5465 ed.
1790 5411 1869 5473 εἰς

299 5472 664 5551 συνάντησιχ,
712 5487 807 5536 pro
869 5473 949 5551 είς
990 5473 1313 5551 ἀπάντησιν.
1367 5476 1430 5529 Et
1470 5478 1722 5547 ἐγένετο,
1773 5472 1868 5551 pro

299 5542 567 5610 ἐγένοντο.
595 5540 658 5593 Et
686 5542 969 5605 στυππίον,
1000 5560 1093 5609 pro
1127 5540 1410 5598 στῦππιον.

382 5611 487 5687 ’74)
523 5612 793 5665 Dalidam.
841 5612 923 5687 ln‘
945 5614 1338 5687 ilebrteolonte
1366 5658 1380 5679 ,
1410 5626 1464 5671 et
1514 5618 1563 5670 iu
1598 5619 1867 5687 Complut.

296 5683 538 5735 editione
580 5692 805 5735 vocatur
841 5700 858 5731 ι
895 5682 1081 5737 Dalila.
1126 5703 1144 5735 ι
1179 5683 1231 5737 1η
1274 5685 1710 5744 Fraucol‘urtensi
1736 5682 1870 5745 vero

299 5752 567 5830 editione,
651 5759 814 5830 atque
854 5766 881 5804 a
922 5750 1146 5830 Didyme
1188 5771 1209 5805 ι
1253 5755 1514 5830 Dalida.g_
1569 5757 1671 5813 I’ro
1728 5759 1868 5830 ὑπὲρ

299 5822 491 5891 φίλων,
526 5822 674 5893 quod
708 5822 873 5876 habet
898 5824 1084 5891 codex,
1105 5823 1218 5895 lego
1248 5825 1577 5895 ὑπερφιλῶν.

1970 1957 2050 1996 eo.
2098 1960 2116 1993 ι
2158 1941 2291 1996 Nam
2329 1943 2488 2012 hujus
2534 1942 2741 1997 Domini
2779 1944 3073 2011 potentiam
3124 1932 3297 1998 Moses
3330 1960 3544 2013 quoque

1969 2031 2297 2099 experientia
2322 2042 2651 2100 compertam
2682 2035 2906 2100 habens,
2937 2035 3045 2089 ait:
3083 2054 3098 2085 ι
3132 2036 3409 2101 Quomodo
3430 2035 3541 2108 (76)

1970 2134 2320 2193 persequetur
2363 2141 2499 2179 unus
2535 2126 2713 2189 mille,
2743 2137 2795 2178 et
2830 2129 2935 2179 duo
2973 2128 3321 2181 dimovehunt
3358 2130 3541 2182 decem

1971 2214 2157 2277 millia,
2191 2214 2292 2267 nisi
2330 2213 2588 2268 Dominus
2615 2214 2928 2269 tradidisset
2954 2229 3069 2279 eos,
3105 2226 3159 2269 et
3186 2216 3325 2271 Deus
3359 2216 3543 2271 vendi-

1969 2305 2134 2358 disset
2170 2306 2298 2359 eos?
2333 2324 2351 2356 ι
2386 2304 2525 2370 Quin
2560 2306 2708 2359 illum
2754 2306 2954 2369 etiam,
2990 2307 3080 2376 qui
3122 2308 3189 2363 ab
3227 2308 3363 2362 Isaia
3394 2309 3542 2363 visus

1969 2406 2050 2449 est
2080 2396 2229 2465 (77),
2273 2413 2291 2446 t
2332 2394 2575 2464 Regem,
2611 2395 2891 2448 Dominum
2930 2396 3203 2461 Sabaoth,
3242 2397 3293 2449 in
3325 2396 3541 2449 excelso

1973 2486 2163 2540 throno
2222 2495 2274 2541 et
2328 2486 2537 2540 elevato
2582 2487 2899 2548 sedentem,
2966 2503 2986 2537 ι
3038 2486 3090 2540 in
3149 2487 3309 2540 domo
3356 2486 3541 2556 gloriae

1967 2578 2145 2647 plena,
2169 2590 2325 2645 atque
2352 2594 2380 2629 a
2405 2577 2723 2644 seraphimis
2748 2588 2827 2631 ter
2850 2597 2868 2628 ‹
2894 2579 3123 2631 Sanctus
3148 2596 3165 2628 ι
3186 2577 3541 2632 clamantibus

1969 2669 2293 2723 celebratum
2315 2707 2331 2733 ,
2367 2670 2625 2737 propheta
2658 2670 2873 2737 quidem
2904 2670 3079 2745 242.
3118 2670 3334 2725 Patrem
3370 2685 3541 2739 agno-

1967 2758 2079 2825 vit;
2131 2757 2365 2823 Joannes
2413 2759 2525 2828 (78)
2558 2774 2685 2813 vero
2733 2759 2967 2823 Filium;
3016 2762 3214 2815 Paulus
3256 2769 3439 2815 autem
3474 2761 3526 2813 in

1966 2849 2137 2915 Actis,
2167 2851 2236 2905 ob
2264 2852 2601 2905 identitatem
2648 2850 2890 2917 deitatis,
2922 2853 3380 2921 sapientissimum
3419 2852 3542 2920 Spi-

1969 2945 2135 2999 ritum
2167 2959 2288 2998 esse
2323 2943 2618 2999 declaravit
2646 2944 2729 2999 his
2759 2945 2937 2999 verbis
2973 2962 2985 2999 :
3036 2961 3053 2995 ι
3098 2943 3243 2998 Bene
3270 2943 3385 3015 (79)
3418 2943 3542 3013 Spi-

1969 3038 2109 3091 ritus
2163 3048 2384 3091 sauctus
2438 3036 2651 3091 locutus
2697 3048 2780 3090 est
2831 3038 2897 3090 ad
2955 3046 3135 3106 patres
3188 3048 3394 3091 vestros
3447 3053 3542 3106 per

1969 3127 2157 3183 Isaiam
2192 3128 2507 3198 prOphetam
2541 3128 2725 3183 dicens
2757 3148 2769 3181 :
2805 3128 2949 3184 Vade
2996 3129 3062 3183 ad
3090 3129 3341 3199 populum
3373 3129 3538 3193 hunc,

1968 3219 2125 3273 etdic
2146 3219 2235 3273 ei:
2264 3220 2407 3273 Aure
2436 3220 2686 3284 audietis,
2717 3230 2770 3274 et
2795 3234 2899 3273 non
2930 3220 3260 3290 intelligetis,
3291 3240 3310 3272 ι
3349 3232 3403 3275 et
3420 3236 3540 3290 qua:

1968 3320 2285 3380 sequuntur.
2306 3312 2376 3364 At
2405 3310 2639 3366 haeretici
2670 3327 2814 3375 eam,
2848 3326 3010 3379 quam
3039 3312 3188 3367 initio
3222 3312 3537 3383 elegerunt,

1969 3404 2109 3456 viam
2143 3411 2405 3467 tenentes,
2435 3411 2488 3457 et
2518 3404 2759 3473 proprias
2817 3403 3211 3472 speculatioues
3240 3404 3542 3459 doctrinas-

1969 3510 2073 3563 que
2104 3509 2199 3564 per
2224 3494 2459 3549 medium
2493 3495 2654 3549 veluti
2701 3498 2866 3550 chaos
2896 3506 3275 3565 promoventes
3301 3535 3316 3561 ,
3356 3496 3405 3549 itt
3432 3496 3536 3550 hoc

1972 3589 2137 3642 etiam
2173 3588 2452 3642 oraculum
2488 3588 2780 3651 insultant,
2811 3604 2875 3641 ac
2913 3599 3150 3653 temere,
3182 3596 3240 3641 ut
3281 3588 3537 3652 assolent,

1970 3680 2367 3743 contradicunt,
2401 3690 2562 3749 atque
2594 3680 2924 3749 impietatem
2948 3693 3069 3733 cum
3091 3676 3387 3747 impietate,
3416 3693 3540 3731 cum

1970 3770 2159 3841 primis
2186 3770 2392 3825 scilicet
2414 3771 2591 3825 verbis
2615 3770 2845 3823 secunda
2877 3780 2930 3823 et
2964 3769 3145 3835 tertia,
3203 3767 3458 3837 colligare
3487 3776 3543 3822 et

1972 3870 2187 3915 nectere
2213 3871 2499 3925 conantur,
2528 3860 2707 3915 futiles
2740 3862 2902 3915 hasce
2930 3862 3163 3915 rationes
3198 3857 3536 3929 proferendo.

1970 3949 2111 4006 Nihil
2155 3951 2400 4007 mirabile
2429 3950 2723 4021 (inquiunt)
2765 3961 2857 4005 aut
2898 3950 3113 4006 deitatis
3155 3950 3429 4020 proprium
3469 3952 3536 4004 de

1974 4042 2175 4113 Spiritu
2206 4054 2393 4097 saneto
2422 4059 2450 4096 a
2489 4042 2651 4096 Paulo
2690 4044 2891 4096 dictum
2936 4042 3354 4112 deprehenditur
3390 4040 3442 4094 in
3473 4039 3540 4095 iis

1970 4131 2189 4187 verbis:
2228 4150 2245 4183 ι
2282 4131 2422 4187 Bene
2453 4132 2687 4203 Spiritus
2719 4144 2940 4187 sanctus
2976 4133 3185 4187 locutus
3228 4141 3311 4187 est
3342 4132 3410 4184 ad
3445 4144 3541 4200 pa-

1974 4230 2083 4276 tres
2112 4231 2316 4277 vestros
2357 4238 2448 4291 per
2467 4221 2657 4276 Isaiam
2688 4223 3000 4291 prophetam
3030 4220 3218 4276 dicens
3249 4236 3263 4273 :
3302 4216 3443 4271 Vade
3471 4216 3540 4271 ad

1972 4316 2225 4386 populum
2284 4318 2443 4383 hunc,
2502 4327 2547 4369 et
2593 4316 2675 4369 dic
2714 4318 2763 4370 ei
2820 4334 2839 4368 ι
2888 4316 3001 4369 ιιωο
3047 4322 3102 4369 et
3149 4311 3282 4367 lucc.
3335 4309 3542 4378 Saepius

1974 4407 2141 4472 enim,
2169 4406 2445 4475 inquiunt,
2502 4408 2763 4476 contingit
2814 4415 2874 4459 ut
2902 4405 3086 4460 eadem
3116 4403 3275 4458 modo
3305 4415 3372 4455 ex
3416 4414 3540 4469 per-

1976 4512 2107 4551 sona
2148 4498 2239 4551 Dei
2283 4497 2548 4558 dicantur,
2584 4499 2742 4550 modo
2772 4511 2899 4550 vero
2929 4511 2995 4549 ex
3038 4508 3265 4564 persona
3304 4491 3541 4561 pr0phe-

1975 4598 2076 4653 tte,
2121 4597 2213 4642 aut
2265 4588 2440 4659 angeli
2470 4588 2792 4651 eﬂ‘erantur;
2837 4598 2893 4640 ut
2927 4602 3048 4641 cum
3078 4586 3145 4638 de
3192 4585 3293 4637 hoc
3319 4582 3539 4637 oraculo

1973 4678 2207 4735 Joannes
2240 4680 2317 4733 ait
2352 4697 2365 4733 :
2408 4698 2427 4731 ι
2466 4678 2589 4734 Haec
2628 4679 2764 4733 dixit
2798 4677 2908 4750 (80)
2934 4677 3130 4738 Isaias,
3163 4675 3377 4743 quando
3407 4674 3541 4728 vidit

1973 4768 2197 4839 gloriam
2227 4768 2364 4837 ejus.
2393 4787 2413 4831 ι
2445 4769 2649 4822 Etcum
2685 4768 2934 4822 Salvator
2969 4768 3019 4820 in
3044 4765 3289 4819 Matthteo
3319 4764 3491 4833 inquit
3520 4780 3537 4818 :

1979 4878 1998 4912 ι
2028 4859 2173 4915 Bene
2205 4860 2544 4928 prophetavit
2574 4859 2686 4931 (81)
2735 4858 2903 4913 Isaias
2955 4858 3141 4912 dicens
3168 4855 3276 4927 (Βῖ)
3305 4872 3319 4908 :
3362 4855 3539 4919 Popu-

1973 4953 2057 5008 lus
2079 4952 2168 5007 hic
2192 4950 2351 5007 labiis
2386 4965 2472 5006 me
2496 4952 2724 5006 honorat
2746 4990 2761 5017 ,
2794 4947 2956 5005 corde
2982 4957 3162 5002 autem
3192 4946 3347 5017 longe
3382 4946 3537 5001 abest

2069 5131 2160 5201 75)
2199 5131 2537 5188 Exsurrewit.
2573 5132 2748 5189 Judic.
2784 5148 2895 5197 tm,
2933 5132 3024 5187 2L

2071 5202 2161 5271 76)
2200 5203 2491 5268 Quomodo.
2534 5204 2688 5257 Deut.
2728 5218 2897 5265 χχχιι,
2934 5201 3025 5259 50.

2040 5273 2153 5340 (77)
2203 5272 2355 5326 Visus
2381 5285 2475 5328 est.
2509 5272 2613 5327 Isa.
2642 5288 2716 5339 vt,
2754 5273 2803 5337 1,
2839 5274 2892 5337 ὅ,
2918 5273 2971 5327 5.

2054 5344 2167 5412 (78)
2205 5342 2456 5397 Joannes.
2490 5343 2619 5411 (lap.
2657 5358 2768 5408 χιι,
2798 5342 2888 5397 tt.
2922 5340 3056 5397 Vide
3080 5382 3095 5406 ,
3119 5343 3162 5398 si
3199 5342 3356 5411 libet,
3392 5341 3539 5396 llila—

1971 5413 2035 5467 rii
2066 5414 2261 5466 librum
2296 5428 2322 5463 v
2365 5414 2440 5467 De
2462 5412 2634 5475 Trin.,
2669 5429 2814 5467 num.
2848 5414 2917 5465 δὲ
2949 5425 3002 5467 et
3022 5428 3173 5483 seqq.

2044 5483 2154 5616 (79)
2193 5483 2351 5535 Bene.
2384 5486 2502 5563 act.
2531 5498 2722 5547 xxvtu,
2754 5483 2846 5537 25.
2877 5484 3009 5538 Vide
3037 5495 3147 5538 not.
3177 5485 3267 5547 41.
3298 5498 3420 5569 pag.
3446 5483 3531 5539 58.

2044 5553 2132 5608 (80
2196 5553 2323 5606 Haec
2352 5553 2505 5607 dixit.
2536 5551 2728 5606 Joaun.
2767 5569 2863 5616 xu,
2896 5555 2984 5607 M.

2041 5551 2153 5616 ('80)
2196 5553 2323 5606 Haec
2352 5553 2505 5607 dixit.
2536 5551 2728 5606 Joaun.
2767 5569 2863 5616 xu,
2896 5555 2984 5607 M.
3301 5551 3312 5554 ⁷
3384 5566 3385 5569 ‘

2041 5622 2151 5693 (81)
2196 5622 2334 5676 Bene
2356 5623 2697 5691 prophetavit.
2760 5623 2949 5678 Matth.
3003 5639 3091 5690 xv,
3120 5623 3248 5688 7,8.
3287 5623 3535 5693 Evange-

1974 5692 2122 5764 Iistze
2140 5702 2340 5764 teritum
2363 5694 2641 5764 abbreviat
2664 5693 2939 5764 Didymus.

2044 5762 2156 5834 (82)
2190 5762 2397 5818 Dicam.
2441 5761 2544 5818 Isa.
2580 5779 2732 5831 nix,
2763 5761 2855 5820 15.
