4082 6406
569 346 675 402 659

1835 349 2071 405 DIDYMI
2112 343 2576 407 ALEXANDRINI

3667 359 3756 417 σεε

570 477 606 518 a
642 476 743 514 ine.
778 479 796 510 ι
843 460 901 513 EI
928 475 1047 513 cum
1088 459 1282 515 Paulus
1318 462 1368 516 in
1401 463 1504 516 alio
1528 464 1760 534 capitulo
1798 467 1874 520 ait
1912 486 1924 520 :
1957 487 1974 518 ι
2016 466 2136 521 Sic-

2257 488 2334 524 τον
2378 469 2592 532 αὐτοῖς·
2635 468 2768 523 ἀλλὰ
2813 469 2872 522 τὸ
2923 470 3090 541 ῥῆμα,
3133 471 3162 524 ὃ
3199 470 3265 524 ἂν
3294 471 3502 540 λαλήσω
3534 474 3653 544 πρὸς
3690 495 3760 544 σε,

576 568 635 607 ιιι
681 555 845 607 David
895 553 1009 622 (83)
1038 554 1227 608 tribuit
1260 555 1643 610 beatitudinem
1679 577 1692 612 :
1735 558 1881 612 Beati
1912 575 2138 628 quorum

578 645 815 698 remissa;
865 657 990 698 sunt
1054 647 1410 713 iniquitates,
1455 659 1507 700 et
1555 664 1781 716 quorum
1827 659 1966 704 tecta
2018 659 2144 702 sunt

577 747 819 804 peccata.
852 755 870 786 δ
903 737 1017 790 Non
1063 742 1137 791 ait
1168 739 1438 808 (inquiunt
1468 739 1587 810 ipsi)
1617 759 1630 794 :
1667 759 1684 790 ι
1718 742 1868 794 Sicut
1895 741 2034 795 Deus
2052 735 2144 806 per

577 826 744 879 David
773 827 925 879 dicit.
970 847 987 878 ι
1025 827 1087 879 Et
1113 828 1233 880 alibi
1270 848 1282 881 :
1326 848 1344 878 ι
1381 829 1442 881 Et
1467 829 1611 882 venit
1641 831 1749 899 (8i)
1789 832 1924 884 Deus
1951 833 2016 884 ad
2047 829 2145 882 Ba-

578 914 719 969 laam
754 927 930 983 nocte,
963 929 1014 972 et
1043 919 1177 972 dixit
1207 922 1254 974 ei
1291 939 1304 973 :
1341 918 1394 973 Si
1427 937 1621 975 vocare
1653 933 1701 975 te
1725 925 1942 976 veniunt
1973 924 2144 976 homi-

579 1025 676 1062 nes
709 1010 782 1075 hi,
815 1025 1040 1078 surgens
1074 1027 1300 1078 sequere
1332 1028 1424 1066 eos
1458 1032 1472 1066 :
1499 1016 1593 1068 sed
1622 1016 1842 1069 verbum
1875 1017 2146 1083 quodcun-

579 1116 682 1169 qne
703 1101 892 1168 loquar
912 1104 976 1153 ad
1006 1111 1077 1164 te,
1115 1104 1211 1155 hoc
1237 1104 1429 1166 facies;
1463 1126 1483 1156 ι
1524 1117 1579 1158 et
1623 1117 1740 1174 post
1767 1107 1868 1160 alia
1901 1125 1913 1160 :
1950 1126 1967 1158 (
2009 1107 2149 1161 Dixit

583 1193 697 1261 (85)
754 1194 949 1262 (inquit
1001 1193 1306 1263 Scriptura)
1366 1196 1584 1265 angelus
1637 1198 1726 1251 Dei
1779 1199 1844 1251 ad
1886 1198 2144 1255 Balaam:

583 1285 730 1338 Vade
761 1300 861 1337 una
895 1300 1013 1336 cum
1039 1286 1343 1338 hominibus
1371 1287 1484 1340 his:
1515 1299 1879 1341 verumtamen
1903 1291 2147 1353 verbum,

584 1378 939 1444 quodcunque
973 1377 1161 1430 dixero
1207 1379 1298 1431 tibi
1322 1421 1335 1442 ,
1369 1380 1468 1432 hoc
1497 1379 1613 1433 vide
1645 1389 1700 1433 ut
1748 1380 1934 1434 facias.
1975 1399 1994 1432 ι
2033 1379 2148 1436 Non

583 1469 718 1521 dixit
768 1469 813 1520 ei
865 1468 1200 1538 (inquiunt):
1249 1469 1403 1534 Quod
1451 1471 1587 1523 dixit
1640 1472 1730 1525 tibi
1783 1474 1959 1539 Deus;
2011 1475 2148 1527 sed:

588 1578 609 1610 ι
644 1557 1008 1626 Quodcunque
1033 1561 1217 1613 dixero
1251 1563 1369 1615 tibi.
1407 1582 1426 1613 ι
1462 1563 1611 1616 Talia
1656 1574 1782 1618 sunt
1805 1605 1822 1626 ,
1857 1577 2019 1632 atque
2057 1581 2149 1617 ea-

586 1659 748 1704 tenus
777 1665 942 1718 prava
978 1666 1097 1719 qua:
1141 1651 1214 1704 illi
1260 1652 1558 1720 proferunt.
1596 1656 1666 1707 At
1695 1670 1761 1708 ne
1807 1656 2154 1724 sibimetipsis

584 1743 733 1810 quasi
769 1743 999 1796 victores
1031 1742 1391 1798 blandiantur.
1433 1744 1538 1800 Nos
1584 1760 1712 1798 vero
1748 1757 2047 1801 metuentes
2087 1762 2154 1800 ne

2239 563 2397 616 τοῦτο
2426 563 2699 631 ποιήσεις·
2735 582 2752 612 ι
2786 560 2877 615 καὶ
2914 563 3029 632 μεθ’
3060 563 3251 634 ’ἐτερα-
3287 584 3304 615 ‹
3340 561 3520 628 Εἶπεν,
3552 586 3568 616 ι
3601 569 3760 636 φησὶν,

2253 677 2269 706 ι
2305 657 2332 707 6
2367 654 2594 723 ἄγγελος
2622 654 2714 706 τοῦ
2747 653 2879 706 Θεοῦ
2915 655 3048 724 πρὸς
3091 655 3316 726 Βαλαάμ
3337 673 3351 686 ·
3388 659 3766 729 Συμπορεύθητι

2248 745 2387 816 μετὰ
2428 745 2537 798 τῶν
2575 744 2876 816 ἀνθρώπων
2918 747 3122 798 τούτων
3142 763 3158 779 ο
3199 747 3338 817 πλὴν
3363 748 3422 800 τὸ
3453 748 3611 819 ῥῆμα,
3637 750 3661 802 ὃ
3686 751 3767 805 ἐὰν

2246 834 2383 888 εἴπω
2411 835 2544 905 πρὸς
2590 834 2670 896 σὲ,
2700 833 2858 885 τοῦτο
2890 833 3098 906 φυλάξῃ
3130 835 3383 904 ποιῆσαι·
3422 854 3439 886 ι
3471 837 3556 888 καὶ
3581 839 3670 891 οὐκ
3705 835 3771 891 εἷ-

2250 945 2350 980 πεν
2403 927 2574 996 αὐτῷ,
2607 928 2802 996 φησίν·
2841 928 2904 978 Ὃ
2933 922 3086 979 εἶπεν
3127 945 3206 979 σοι
3233 930 3260 980 6
3297 928 3458 991 Θεός·
3493 930 3617 994 ἀλλ’,
3653 951 3670 982 ι
3714 935 3769 984 '0

2248 1020 2344 1072 ἐὰν
2372 1022 2509 1072 εἴπω
2544 1036 2646 1071 σοι.
2686 1038 2703 1067 ι
2749 1018 2834 1068 Ἐν
2865 1018 3124 1081 τοιούτοις
3165 1022 3354 1082 κακοῖς
3396 1019 3462 1072 τὰ
3501 1023 3610 1073 κατ’
3653 1022 3774 1073 ὲκεί-

2247 1129 2400 1173 νους·
2436 1112 2530 1164 καὶ
2562 1111 2634 1181 μὴ
2664 1110 2739 1173 ὡς
2770 1110 3093 1181 κρατοῦντες
3121 1110 3577 1180 σεμνυνὲσθωσαν.
3611 1113 3773 1183 Ἡμεῖς

2249 1202 2307 1253 δὲ
2335 1201 2632 1265 δείσαντες,
2664 1202 2734 1271 μή
2771 1217 2911 1253 τισιν
2943 1200 3182 1269 δόξωμεν
3208 1200 3462 1270 χρῆσθαι,
3487 1202 3559 1265 ὼς
3586 1204 3774 1270 ἐκεῖνοι,

2255 1295 2506 1363 σοφιστοῦ
2540 1312 2682 1357 τινος
2722 1294 2796 1356 ὼς
2845 1293 3060 1364 ἀληθῶς
3110 1294 3378 1364 εἰρωνείᾳ,
3434 1295 3588 1358 εὐθὺς
3621 1297 3688 1357 ὼς
3724 1299 3778 1350 ὲκ

2252 1386 2476 1457 πρώτης
2506 1385 2688 1456 σχεδὸν
2725 1385 3012 1455 συλλαϐῆς,
3043 1385 3182 1438 οὕτω
3211 1386 3369 1455 μέχρι
3404 1387 3495 1459 καί
3525 1387 3676 1440 αὑτοῦ
3699 1386 3779 1441 τοῦ

2251 1479 2461 1541 τέλους,
2506 1478 2762 1547 πλείστην
2792 1478 2914 1529 τινὰ
2943 1477 3040 1545 τῆς
3077 1476 3331 1545 ἀληθείας
3376 1477 3618 1547 πρόνοιαν
3647 1478 3783 1548 ποιή-

2260 1586 2462 1638 σωμεν,
2499 1568 2862 1636 διελέγχοντες
2892 1566 3104 1629 αὐτούς.
3129 1568 3270 1619 ’Ίστε
3294 1567 3356 1638 δὴ
3390 1563 3502 1632 οῦν,
3535 1570 3580 1621 oi
3609 1585 3783 1637 συγγε-

2253 1665 2468 1736 νόμενοι
2519 1663 2596 1734 τῷ
2625 1681 2683 1715 τε
2718 1663 2819 1732 τῆς
2849 1663 3186 1734 προφητείας
3210 1663 3375 1733 λόγῳ,
3404 1665 3496 1717 καὶ
3533 1667 3636 1728 τοῖς
3671 1681 3786 1734 μνη-

2260 1756 2594 1828 μονευθεῖσιν
2640 1756 2804 1817 θείοις
2847 1754 3120 1824 γραφίοις,
3169 1753 3244 1817 ὠς
3280 1757 3307 1806 ὁ
3359 1755 3582 1819 Ἡσαΐας
3619 1755 3784 1808 κελευ-

585 1833 853 1902 aliquibus
875 1834 1066 1897 ironia,
1103 1836 1202 1888 hoc
1227 1845 1328 1901 est,
1358 1837 1788 1890 dissimulatione
1816 1837 1935 1909 (86)
1967 1853 2150 1894 revera

2259 1849 2404 1911 σθεὶς
2440 1847 2590 1919 παρὰ
2633 1847 2725 1899 τοῦ
2774 1846 3083 1916 καθημένου
3111 1845 3202 1897 ἐπὶ
3230 1845 3322 1898 τοῦ
3357 1847 3569 1900 αἰωνίου
3597 1846 3786 1917 θρόνου,

585 1926 946 1994 sophistarum
979 1927 1192 1996 propria
1228 1925 1386 1996 243
1434 1929 1506 1979 uti
1536 1927 1832 1992 videamur,
1863 1941 1920 1982 ut
1951 1931 2046 1996 ipsi
2073 1929 2151 1982 fa-

588 2021 768 2086 ciunt,
801 2021 851 2074 id
886 2022 1118 2073 maxime
1146 2035 1426 2084 curemus,
1466 2021 1588 2073 dum
1615 2037 1708 2075 eos
1751 2022 2147 2091 redarguimus,

588 2125 620 2165 a
648 2113 818 2181 prima
869 2115 978 2168 lere
1020 2117 1244 2184 syllaba,
1283 2117 1447 2171 utsic
1484 2116 1695 2185 loquar,
1762 2133 1928 2184 usque
1959 2117 2021 2170 ad
2057 2133 2152 2170 ex-

591 2213 817 2257 tremam
845 2247 860 2267 ,
899 2213 956 2257 ut
1010 2205 1294 2259 veritatem
1351 2209 1401 2260 in
1448 2224 1541 2262 ore
1592 2224 1804 2277 semper
1839 2210 2148 2263 habeamus.

586 2293 772 2362 Itaque
809 2305 865 2346 ut
891 2297 957 2349 ad
990 2311 1104 2359 vos,
1155 2299 1244 2364 qui
1275 2299 1325 2350 in
1351 2299 1663 2366 prorihetico
1698 2313 1972 2364 sermone,
2015 2300 2150 2352 etin

587 2386 802 2450 divinis,
837 2402 956 2455 qua:
1008 2402 1425 2443 commemorata
1480 2400 1639 2454 sunt,
1693 2389 1926 2443 oraculis
1956 2395 2150 2444 versati

587 2477 736 2541 estis,
762 2479 1055 2532 orationem
1080 2492 1411 2544 convertam,
1435 2483 1601 2535 nostis
1621 2497 1748 2536 sane
1776 2481 1963 2534 Isaiam
2000 2480 2151 2548 jussu

589 2569 755 2633 illius,
783 2570 872 2638 qui
906 2572 956 2623 in
979 2580 1180 2625 aeterno
1215 2575 1410 2627 throno
1444 2573 1592 2627 sedet
1615 2617 1629 2638 ,
1666 2589 1727 2628 ea
1771 2575 2148 2642 prophetasse,

587 2677 708 2730 quae
735 2664 801 2716 ab
830 2662 921 2716 illo
965 2664 1030 2717 ad
1067 2666 1288 2719 verbum
1332 2667 1509 2720 dicere
1532 2667 1717 2736 jussus
1749 2677 1832 2720 est
1867 2685 1881 2720 :
1917 2682 2034 2718 nam
2061 2667 2150 2735 qui

589 2757 913 2824 prophetat,
970 2756 1062 2810 Dei
1104 2760 1360 2826 propheta
1399 2768 1516 2824 est,
1549 2774 1654 2812 non
1696 2760 1774 2812 sui
1820 2759 2006 2828 ipsius.
2050 2756 2154 2812 Per

587 2848 784 2900 Isaiam
830 2848 1014 2916 igitur,
1070 2857 1162 2901 ant
1213 2848 1280 2902 ab
1325 2849 1455 2902 Isaia
1510 2851 1728 2919 (eodem
1777 2851 1920 2903 enim
1964 2851 2154 2903 recidit

587 2939 896 3007 utrumque)
929 2949 1116 3007 potens
1159 2955 1263 2993 vox
1299 2941 1471 3005 illius,
1506 2956 1664 3008 quem
1691 2943 1805 3008 ipse
1838 2928 2151 3009 conspexit,

589 3044 860 3099 quemque
886 3029 1082 3084 Paulus
1118 3030 1376 3097 Spiritum
1409 3043 1650 3085 sanctum
1682 3048 1801 3085 esse
1839 3033 2150 3094 denuntiat,

2254 1944 2676 2010 προεφήτευσεν,
2712 1939 2852 2008 ἆπερ
2878 1936 3024 2006 αὐτῷ
3054 1938 3257 1998 ἐκεῖνος
3296 1937 3438 1990 κατὰ
3475 1937 3611 2001 λέξιν
3640 1939 3790 1989 εἰπεῖν

2253 2031 2590 2086 ἐνετείλατοο
2639 2030 2666 2081 ὁ
2705 2029 2812 2100 γὰρ
2861 2028 3216 2099 προφητεύων
3275 2028 3444 2092 Θεοῦ,
3473 2029 3589 2098 οὐχὶ
3624 2028 3793 2081 ἑαυτοῦ

2253 2127 2536 2194 προφήτης
2559 2119 2722 2173 ἐστίν.
2746 2120 2904 2172 Ὥστε
2923 2118 3010 2171 διὰ
3032 2120 3278 2184 Ἡσαΐου,
3299 2121 3418 2190 ἦτοι
3439 2120 3585 2192 παρὰ
3599 2120 3791 2172 Ἡσαΐου

2254 2214 2485 2286 (ταυτὸν
2531 2214 2638 2283 γάρ
2677 2214 2822 2264 ἐστιν
2875 2213 3100 2279 εἰπεῖν),
3142 2213 3174 2281 ἡ
3223 2211 3316 2264 τοῦ
3368 2213 3622 2282 ὀφθέντος
3667 2211 3798 2280 αὐτῷ

2253 2305 2490 2379 κραταιὰ
2537 2305 2708 2373 φωνὴ,
2741 2303 2798 2356 ὃν
2838 2305 2865 2355 6
2899 2302 3108 2364 Παῦλος
3139 2304 3200 2355 τὸ
3234 2305 3386 2372 ἅγιον
3433 2304 3649 2374 Πνεῦμα
3677 2299 3797 2355 εἶναι

2254 2394 2630 2466 κατήγγειλεν,
2668 2394 2986 2463 ἀπηγγέλθη
3006 2434 3018 2457 ,
3053 2395 3140 2446 ὅτε
3176 2393 3280 2445 ἴδεν
3310 2394 3412 2461 τὴν
3441 2392 3594 2457 δόξαν
3623 2390 3794 2444 αὐτοῦ·

2253 2489 2312 2541 οὐ
2349 2488 2529 2557 μέντοι
2561 2489 2677 2538 κατ’
2707 2484 2955 2549 ἐξουσίαν
2985 2485 3115 2537 ἰδίαν
3143 2485 3346 2554 ταύτην
3376 2483 3688 2556 ἐφθέγξατο,
3713 2481 3801 2534 κᾶν

2253 2598 2354 2632 που
2386 2578 2600 2648 ἐλέχθη,
2631 2579 2712 2630 ὅτι
2759 2597 2777 2627 ι
2839 2577 3070 2639 Ἡσαΐας
3097 2572 3271 2638 εἶπεν,
3301 2595 3318 2628 ι
3363 2577 3461 2629 καὶ
3493 2576 3613 2645 οὐχ).
3638 2577 3664 2627 6
3687 2572 3801 2635 Θεὸς

2256 2669 2466 2740 Πατὴρ,
2497 2669 2530 2738 ἢ
2565 2670 2592 2721 6
2628 2669 2772 2731 Υἱὸς,
2883 2668 2942 2719 τὸ
2974 2667 3197 2737 Πνεῦμα
3232 2665 3397 2719 αὑτοῦ
3439 2666 3528 2719 διὰ
3579 2665 3801 2718 Ἡσαΐου.

2255 2763 2388 2816 Οὐδὲ
2424 2763 2528 2832 μὴν
2578 2760 2959 2830 ἐπλανήθησαν
2993 2762 3040 2812 οἱ
3071 2759 3397 2823 ἀπόστολοι,
3433 2761 3484 2812 oi
3518 2761 3581 2812 ὲκ
3621 2757 3803 2810 παίδων

2255 2857 2416 2918 εὐθὺς
2445 2857 2566 2916 ταῖς
2588 2854 2830 2924 Γραφαῖς
2856 2851 3299 2922 ἑντεθραμμένοι,
3329 2853 3426 2904 καὶ
3450 2850 3805 2910 πιστευθέντες

2253 2949 2353 3018 τῆς
2395 2948 2525 3010 νέας
2551 2946 2774 3017 χάριτος
2827 2947 2886 2998 τὸ
2929 2947 3209 3016 κήρυγμα,
3247 2944 3374 3015 [HQ
3404 2945 3459 3016 b]
3503 2946 3552 2997 οἱ
3593 2945 3804 3013 ἔχοντες,

2253 3041 2340 3094 διὰ
2372 3040 2470 3110 τὴν
2497 3027 2809 3108 άγαθότητα
2849 3037 2950 3107 τῆς
2979 3039 3034 3088 ὲν
3073 3037 3259 3107 μονάδι
3289 3036 3526 3107 Τριάδος
3547 3078 3561 3100 ,
3595 3037 3630 3090 ἃ
3663 3037 3808 3106 μήπω

589 3133 718 3176 tunc
765 3125 1079 3176 annuntiata
1127 3138 1244 3184 est,
1287 3127 1498 3191 quando
1541 3126 1671 3178 vidit
1726 3127 1939 3192 quidem
1989 3125 2151 3177 Isaias

2257 3150 2340 3195 τις
2373 3131 2481 3183 τῶν
2515 3128 2815 3202 ἀνθρώπων
2841 3129 2938 3182 καὶ
2969 3129 3175 3200 ἕτερος.
3233 3129 3398 3183 Ἀλλὰ
3428 3130 3526 3183 καὶ
3579 3126 3807 3193 Ἰωάννης

587 3215 704 3284 ipse
733 3215 960 3282 gloriam
994 3217 1169 3280 illius;
1209 3223 1300 3270 sed
1339 3219 1554 3286 propria
1587 3227 1846 3285 potestate
1885 3219 1948 3271 de
1976 3235 2038 3269 ea
2070 3217 2149 3270 lo-

587 3315 743 3358 cutus
761 3319 864 3357 non
888 3313 987 3366 est,
1023 3308 1268 3372 quamvis
1295 3307 1490 3359 alicubi
1523 3308 1782 3372 scriptum
1808 3307 1876 3359 sit
1901 3321 1916 3358 :
1941 3325 1959 3356 ι
1990 3307 2153 3359 Isaias

587 3396 761 3459 dixit;
799 3417 818 3448 ι
880 3412 984 3450 non
1021 3414 1182 3451 Vero:
1225 3400 1364 3451 Dixit
1421 3399 1560 3453 Deus
1605 3399 1794 3463 Pater,
1839 3407 1929 3451 aut
1957 3399 2150 3461 Filius,

589 3501 683 3544 aut
733 3488 965 3558 Spiritus
1023 3494 1139 3557 ejus
1192 3508 1286 3562 per
1325 3491 1534 3546 Isaiam.
1604 3491 1708 3545 Sed
1756 3507 1858 3545 non
1904 3502 2154 3544 errarunt

589 3582 853 3650 apostoli,
890 3583 980 3650 qui
1027 3599 1054 3636 a
1111 3583 1339 3651 pueritia
1376 3583 1488 3652 (87)
1534 3584 1585 3637 in
1641 3584 1936 3653 Scriptnris
1971 3585 2151 3639 statim

596 3675 842 3728 innutriti
892 3676 1138 3738 fuerant,
1180 3675 1482 3744 quibusque
1537 3691 1684 3730 nova:
1737 3677 1922 3744 gratiae
1966 3678 2156 3744 praedi-

588 3764 736 3818 catio
768 3765 970 3819 credita
1001 3776 1118 3819 erat
1142 3807 1157 3831 ,
1189 3767 1387 3834 quique
1427 3768 1494 3820 ob
1522 3767 1664 3821 illius
1694 3767 2003 3831 Trinitatis,
2038 3784 2156 3836 qua:

592 3858 644 3911 in
668 3858 873 3912 unitate
902 3859 1146 3921 exsistit,
1184 3860 1475 3913 bonitatem
1498 3901 1512 3925 ,
1559 3876 1624 3913 ea
1658 3861 1988 3926 habuerunt,
2037 3875 2156 3928 qme

587 3951 825 4007 nondum
861 3951 998 4005 ullus
1051 3952 1188 4004 alius
1236 3953 1500 4006 habuerat
1537 3969 1602 4006 ex
1647 3953 1974 4007 hominibus.
2017 3951 2154 4019 Quin

587 4043 848 4103 Joannem
876 4061 1089 4116 quoque
1114 4047 1185 4099 ita
1213 4046 1324 4100 haec
1364 4047 1710 4112 intellexisse,
1749 4059 1807 4100 nt
1833 4063 1861 4099 a
1893 4045 2028 4100 Filio
2064 4046 2154 4099 Dei

589 4140 732 4193 dicta
765 4139 960 4202 forent,
995 4138 1216 4191 Paulum
1248 4154 1375 4192 vero
1406 4139 1483 4193 sic
1509 4156 1570 4192 ea
1601 4139 1891 4206 accepisse,
1928 4149 1983 4192 ut
2016 4138 2155 4192 dicta

587 4239 770 4285 essent
797 4244 825 4282 a
856 4230 1056 4296 Spiritu
1085 4239 1291 4293 sancto,
1327 4229 1407 4282 vel
1436 4246 1598 4296 czeco,
1631 4239 1688 4283 ut
1727 4231 1898 4295 aiunt,
1943 4231 2153 4298 perspi~

590 4338 748 4376 cuum
779 4330 884 4375 est.
911 4321 1119 4374 Etenim
1151 4321 1320 4374 beatae
1348 4322 1462 4376 ista:
1488 4323 1799 4392 hypostases
1817 4321 2152 4390 praecipiunt,

591 4413 903 4480 angelorum
965 4427 1086 4466 vero
1135 4413 1218 4466 vel
1269 4415 1504 4466 omnium
1561 4423 1752 4466 natura
1797 4415 2149 4482 obtemperat.

588 4504 855 4559 Nimirum
887 4514 1122 4574 prmsunt
1150 4503 1270 4566 illm,
1300 4515 1461 4572 atque
1487 4505 1753 4573 imperant
1777 4505 1923 4573 regio
1955 4505 2112 4558 modo
2139 4523 2154 4571 ;

589 4604 647 4648 et
693 4610 786 4661 per
826 4595 1094 4663 propriam
1143 4605 1392 4648 naturam
1439 4595 1507 4648 ob
1550 4595 1880 4648 identitatem
1939 4596 2156 4650 deitatis

593 4701 713 4739 cum
739 4685 896 4740 Patre
920 4701 989 4739 ex
1026 4701 1132 4755 quo
1162 4687 1290 4755 ipsa:
1331 4695 1748 4755 processerunt,
1787 4686 2153 4752 dominantur,

655 4835 767 4906 (85)
806 4835 949 4890 Sicut
978 4836 1168 4892 David.
1193 4836 1352 4894 Rom.
1403 4852 1475 4899 iv,
1528 4836 1580 4900 6,
1602 4837 1657 4890 7.
1684 4837 1813 4892 Post
1833 4852 2014 4892 vocem
2049 4854 2153 4907 μα-

593 4908 860 4977 καρισμᾷν
895 4909 1145 4960 nonnulla
1182 4909 1265 4960 hic
1297 4907 1635 4977 Otttittuntur.

666 4976 776 5046 (84)
805 4976 868 5028 Et
889 4979 1044 5030 venit.
1067 4978 1219 5030 Nunt.
1235 4993 1380 5048 iXXII.
1399 4976 1488 5048 20.
1508 4977 1772 5048 Complut.
1797 4978 1992 5048 editior:
2013 4992 2153 5048 παρ-

591 5049 732 5173 aestv
778 5063 872 5117 pro
912 5048 1182 5118 πάρεισιν.
1224 5047 1329 5103 Sed
1370 5047 1840 5102 Francolurtensis
1883 5047 2045 5102 habet
2096 5047 2158 5100 ut

644 5135 658 5171 I
699 5133 871 5173 VIIIUS.

644 5120 871 5172 idvinus.

668 5133 986 5258 ῗέίίῖυῗλὶπίι.
1027 5186 1184 5242 Num.
1217 5203 1360 5248 xx",
1397 5187 1485 5244 55.
1534 5187 1718 5242 Grarca
1768 5185 1935 5240 Biblia
1975 5195 2163 5241 carent

593 5274 726 5331 voce
763 5257 974 5331 ’τουτων
998 5298 1012 5322 ,
1065 5269 1121 5331 et
1153 5275 1249 5328 pro
1287 5257 1494 5331 φυλάξῃ
1556 5259 1773 5331 ποιῆσαι
1818 5259 2015 5311 habent
2062 5274 2161 5324 φυ-

595 5327 731 5401 λάξῃ
762 5328 1024 5401 λαλῆσαι,
1062 5329 1111 5381 id
1142 5327 1239 5401 rest
1264 5349 1281 5380 ι
1317 5327 1529 5384 cavebis
1562 5344 1628 5383 ne
1671 5327 1904 5397 loquaris
1942 5345 1956 5381 ;
1999 5347 2018 5378 ι
2054 5341 2160 5395 quo

597 5400 753 5452 modo
793 5400 1070 5466 legendum
1103 5400 1330 5452 videtur.

666 5468 776 5536 (86)
830 5468 1279 5523 Dissimulatione.
1321 5468 1560 5536 Respicit
1604 5469 1932 5524 Socraticam
1986 5466 2158 5520 cuivis

596 5538 1195 5608 mitissimamironiam
1223 5581 1238 5603 ,
1285 5555 1444 5605 quam
1489 5541 1745 5608 sophista:
1781 5539 1970 5592 imitati
2011 5547 2154 5590 sunt.

599 5630 620 5661 ε
659 5611 908 5662 Socrates
935 5607 1134 5679 (inquit
1167 5608 1357 5663 Cicero
1406 5612 1458 5664 in
1495 5607 1686 5675 quarto
1725 5610 2156 5679 Academicorum

592 5678 958 5748 qumstionum)
1004 5681 1070 5732 de
1111 5695 1165 5734 se
1208 5680 1320 5748 ipse
1363 5681 1647 5734 detrahens
1692 5680 1744 5732 in
1774 5678 2152 5747 disputatione,

595 5749 716 5818 plus
761 5750 1029 5802 tribuebat
1083 5750 1148 5803 iis
1202 5766 1336 5818 quos
1384 5751 1593 5805 volebat
1644 5751 1903 5804 refellere.
1971 5748 2155 5818 Itaque

595 5835 718 5874 cum
787 5819 935 5876 aliud
999 5821 1197 5878 diceret
1263 5832 1423 5892 atque
1489 5822 1746 5886 sentiret,
1803 5820 2029 5874 libenter
2081 5821 2152 5874 uti

2258 3222 2410 3293 δῆλός
2444 3224 2578 3284 ἐστι,
2612 3220 2754 3274 καθά
2805 3237 2956 3289 φασι,
2991 3221 3084 3273 καὶ
3133 3219 3337 3289 τυφλῷ,
3372 3220 3553 3273 ταῦτα
3585 3218 3674 3270 τὸν
3701 3215 3810 3268 Υίὸν

2256 3315 2350 3368 τοῦ
2381 3315 2515 3366 Θεοῦ
2551 3317 2747 3383 νοήσας
2787 3313 3098 3383 εἰρηκέναι’
3140 3313 3235 3365 καὶ
3282 3312 3521 3375 Παῦλος,
3561 3312 3622 3363 τὸ
3668 3307 3805 3375 ἅγιον

2259 3406 2505 3476 Πνεῦμα.
2541 3405 2835 3458 Κελεύουσι
2859 3404 2968 3475 γὰρ
2996 3406 3050 3456 αἱ
3082 3406 3348 3475 μακάριαι
3379 3403 3706 3462 ὑποστάσεις
3733 3389 3802 3452 αὖ

2256 3517 2368 3562 ται,
2401 3499 2536 3552 εἴκει
2569 3499 2626 3550 δὲ
2652 3500 2685 3566 ἡ
2716 3497 2962 3565 ἀγγέλων
2991 3498 3083 3549 καὶ
3111 3498 3325 3550 πάντων
3367 3497 3561 3566 φύσις.
3603 3496 3799 3561 Ἡγεμο

2261 3589 2474 3643 νεύουσι
2507 3590 2614 3659 γὰρ
2646 3587 2969 3657 βασιλικῶς,
3002 3589 3094 3640 καὶ
3127 3588 3498 3658 κατάρχουσιν
3532 3582 3817 3654 αὐτοφυῶς,

2263 3681 2352 3733 διὰ
2382 3684 2480 3751 τὴν
2510 3680 2924 3751 ἀπαράλλακτον
2955 3680 3089 3749 πρὸς
3115 3680 3206 3732 τὸν
3237 3678 3296 3743 ἐξ
3322 3673 3386 3732 οὗ
3419 3677 3690 3750 προῆλθον
3717 3675 3818 3727 Πα-

2256 3775 2388 3843 τέρα
2415 3773 2661 3843 θεότητα,
2694 3774 2787 3824 καὶ
2810 3773 3068 3840 ἀνάγεται
3100 3772 3273 3824 πάντα
3300 3773 3382 3836 είς
3415 3774 3646 3825 ἐκεῖνον.
3680 3768 3820 3837 Ἔχε-

2257 3881 2345 3916 ται
2371 3859 2462 3916 οῦν
2491 3863 2547 3915 ἓν
2573 3863 2755 3916 τοῦτο·
2785 3864 2969 3934 ἕτερον
2989 3863 3065 3928 δὲ,
3092 3863 3173 3916 ὅτι
3201 3863 3284 3925 τίς
3312 3862 3381 3915 ἂν
3407 3862 3604 3932 ὀφθείη
3633 3861 3819 3928 ἕτερος.

2259 3949 2408 4023 ᾧτινι
2440 3955 2872 4025 συμφωνότερον,
2906 3955 2938 4023 ἣ
2973 3953 3432 4026 προσφορώτερον
3458 3955 3657 4015 ταῦτα,
3685 3950 3749 4003 τὰ
3770 3951 3825 4001 ἐκ

2259 4045 2547 4116 προσώπου
2585 4044 2678 4097 τοῦ
2707 4044 2841 4097 Θεοῦ
2887 4046 3101 4114 Πατρὸς
3129 4047 3610 4115 προφητευθέντα,
3641 4041 3825 4105 δόξειεν

2261 4137 2655 4208 ἐπιγράφεσθαι
2693 4137 2767 4199 ὡς
2810 4137 3088 4206 είρηκότι;
3137 4136 3303 4198 Ποίας
3341 4136 3402 4189 δὲ
3457 4134 3826 4206 κατακρίσεως

2259 4232 2358 4284 οῦκ
2384 4231 2526 4283 ἐστιν
2559 4231 2705 4294 ἄξιος
2731 4232 2758 4283 ὁ
2799 4231 2897 4300 τὴν
2929 4231 3056 4301 περὶ
3089 4229 3182 4282 τοῦ
3226 4229 3546 4300 κρείττονος
3585 4227 3826 4298 ἀλήθειαν

2259 4320 2471 4391 τολμῶν
2511 4321 2987 4390 παραχαράττειν,
3039 4319 3133 4371 καὶ
3167 4319 3606 4390 παρευδοκιμεῖν
3647 4314 3828 4371 ἐθέλων

2273 4409 2524 4479 Ἰωάννην
2557 4410 2651 4462 καὶ
2677 4409 2908 4474 Παῦλον,
2938 4411 3064 4472 τοὺς
3096 4412 3221 4480 μήτ’
3261 4412 3671 4482 ἁγνοήσαντας,
3719 4403 3828 4478 μήτ’

2190 4511 2234 4565 D
2263 4501 2706 4574 ἀποκρύψαντας,
2738 4502 2982 4572 ἐναργῶς
3014 4503 3069 4554 δὲ
3099 4505 3194 4555 κα).
3222 4503 3442 4580 τρανῷς
3467 4504 3538 4557 τὰ
3568 4503 3697 4574 περὶ
3720 4496 3830 4553 τού-

2262 4614 2353 4649 του
2388 4599 2467 4658 είς
2496 4597 2703 4659 πάντας
2725 4595 3223 4667 ὲξαγορεύσαντας;
3255 4598 3366 4650 Καὶ
3391 4585 3552 4652 πᾶσα
3574 4598 3632 4650 δὲ
3656 4593 3828 4665 Γραφὴ

2263 4686 2376 4758 ἔχει
2409 4704 2459 4740 τι
2488 4687 2664 4758 νόημα
2687 4687 2814 4760 περὶ
2840 4688 2940 4758 τῆς
2966 4687 3060 4741 τοῦ
3088 4688 3491 4761 μεγαλωνύμου
3526 4687 3830 4758 Πνεῦματος
3898 4760 3910 4773 _

2261 4837 2450 4909 solitus
2482 4848 2566 4893 est
2613 4853 2674 4892 ea
2707 4839 3170 4906 dissimulatione,
3225 4854 3392 4909 quam
3443 4840 3627 4895 Graeci
3681 4838 3829 4908 εἰρω-

2261 4908 2407 4959 νείαν
2442 4920 2648 4962 νοριιιιι.
2684 4926 2701 4958 ι

2337 4978 2448 5046 (87)
2485 4980 2526 5053 Ἀ
2556 4979 2798 5044 pueritia.
2825 4978 3111 5053 Duodecim
3148 4979 3450 5053 apostolos“
3484 4981 3654 5053 rudes
3695 4977 3835 5053 plane

2267 5060 2430 5115 atque
2484 5050 2699 5114 ignaros
2755 5059 2878 5100 tunc
2910 5048 3097 5111 fuisse,
3147 5065 3266 5101 cum
3302 5066 3332 5101 a
3388 5051 3621 5103 Christo
3673 5048 3833 5115 vocati

2268 5113 2414 5179 sunt,
2457 5113 2518 5171 ac
2562 5118 2738 5171 divina
2775 5127 2975 5171 tantum
3017 5120 3234 5171 scientia
3267 5129 3458 5183 postea
3495 5121 3728 5172 donatos
3767 5113 3839 5167 af—

2269 5188 2482 5256 ﬁrmant
2529 5189 2697 5242 sancti
2745 5187 2950 5256 Patres,
2992 5203 3219 5256 quorum
3265 5189 3438 5242 verba
3499 5192 3586 5242 vir
3621 5185 3838 5244 celebris

2266 5255 2497 5310 Joannes
2531 5256 2749 5311 Lamius
2770 5255 2925 5309 affert
2959 5255 3020 5309 in
3041 5257 3174 5311 libro
3202 5257 3274 5309 De
3299 5261 3616 5312 eruditione
3642 5263 3840 5325 aposto-

2267 5328 2457 5388 lorum,
2489 5343 2605 5394 cap.
2649 5327 2681 5379 8
2740 5342 2803 5378 ac
2836 5325 2922 5379 15.
2952 5326 3044 5380 His
3073 5341 3174 5379 non
3207 5328 3560 5392 adversatur,
3590 5333 3642 5382 ni
3677 5325 3840 5385 Iallor.

2267 5395 2544 5464 Didymus,
2583 5398 2704 5450 dum
2744 5412 2836 5449 eos
2865 5415 2884 5446 ι
2935 5413 2962 5447 a
2994 5398 3220 5464 pueritia
3265 5397 3316 5448 in
3353 5395 3670 5466 Scripturis
3699 5399 3842 5466 innu-

2269 5467 2421 5519 tritos
2459 5486 2476 5517 ι
2507 5467 2633 5520 dicit
2668 5486 2680 5517 :
2729 5467 2857 5520 nihil
2897 5469 3038 5520 enim
3083 5467 3223 5518 aliud
3259 5466 3340 5520 his
3395 5465 3592 5522 verbis
3617 5465 3844 5521 voluisse

2266 5537 2494 5597 videtur,
2546 5552 2702 5605 quam
2752 5537 2896 5602 ipsus
2939 5547 2992 5592 et
3040 5538 3449 5604 Scripturarum
3512 5537 3739 5592 lectioni
3793 5536 3841 5605 in

2262 5604 2574 5678 synagOgis
2603 5606 2945 5673 interfuisse,
3006 5616 3061 5662 et
3114 5607 3391 5677 religionis
3467 5611 3737 5678 dogmata
3767 5604 3844 5678 ab

2266 5669 2494 5730 ineunte
2532 5687 2689 5731 aelate
2741 5669 2956 5732 edoctus
2999 5693 3167 5732 esse:
3205 5669 3446 5746 quorum
3499 5669 3676 5732 unum
3728 5669 3845 5728 illud

2265 5753 2413 5809 erat,
2450 5749 2736 5814 prophetas
2771 5746 2879 5802 Deo
2915 5749 3125 5804 amante
3150 5787 3164 5812 ,
3198 5764 3260 5804 ac
3284 5748 3478 5803 divina
3528 5748 3848 5805 auctoritate

2264 5831 2568 5888 scripsisse.
