4082 6406
667 352 776 410 665

1941 343 2175 401 DIDYMI
2212 343 2681 400 ALEXANDRIN]
3751 339 3840 402 δίη

676 470 767 542 qui
795 467 1101 522 Balaamum
1138 464 1402 520 allocutus
1435 472 1539 529 est,
1585 463 1992 533 respondemus,
2039 476 2160 533 qua:
2181 463 2246 517 de

2363 461 2560 534 Ξχοντος
2602 463 2739 535 πρὸς
2783 462 2876 516 τὸν
2928 462 3059 515 Θεὸν
3096 461 3316 533 Πατέρα
3371 461 3518 529 ἁγίου
3555 461 3846 533 Πνεύματος,

677 561 766 614 illo
798 559 1068 622 dicuntur,
1122 555 1188 609 iis
1232 555 1426 609 similia
1463 569 1570 608 non
1615 569 1755 614 esse,
1793 567 1912 620 qua:
1956 553 2022 604 de
2063 552 2245 608 divino

675 649 900 719 Spiritu,
932 658 1022 701 aut
1050 650 1115 700 de
1154 645 1288 699 Filio
1316 661 1344 698 a
1389 644 1555 698 Paulo
1595 653 1649 696 et
1680 641 1885 696 Joanne
1920 642 2135 710 proprie
2161 643 2245 698 di-

673 753 758 796 cta
787 752 930 804 sunt,
963 740 1053 792 sed
1089 751 1209 792 esse
1239 737 1462 790 diversae
1514 734 1760 788 rationis.
1812 733 2047 802 Angelus
2095 735 2240 789 enim

673 831 782 892 ille,
815 831 905 898 qui
951 837 1076 882 tunc
1128 827 1322 880 missus
1377 823 1498 892 fuit,
1542 839 1606 878 ea
1657 826 1922 880 nuntiavit
1972 823 2244 890 Balaamo,

675 937 795 989 quae
828 920 1102 990 pollicitus
1135 927 1253 971 erat
1286 917 1426 972 Deus
1456 931 1516 971 se
1539 924 1767 970 venturo
1792 925 2035 988 tempore
2075 917 2248 972 mani-

677 1014 1040 1066 festaturum:
1079 1023 1343 1078 nusquam
1393 1023 1524 1063 vero
1576 1009 1779 1064 iudicat
1817 1025 1986 1064 sacer
2044 1020 2246 1075 textus,

676 1103 926 1172 angelum
970 1102 1114 1156 illum
1147 1115 1266 1156 esse
1301 1101 1470 1168 ipsum
1525 1101 1710 1158 Deum.
1767 1101 1937 1156 Filius
1987 1113 2163 1156 autem
2219 1118 2250 1158 e

677 1195 974 1256 contrario,
1030 1209 1092 1246 ac
1134 1192 1372 1261 Spiritus
1408 1201 1630 1245 sanctus
1677 1192 1711 1245 ii
1747 1206 1870 1246 esse
1916 1194 2170 1247 dicuntur
2217 1210 2246 1249 a

683 1286 988 1355 Scriptura,
1021 1283 1111 1352 qui
1139 1283 1500 1352 loquebantur
1527 1298 1645 1352 qua:
1677 1283 1826 1338 Isaiae
1861 1295 1989 1339 tunc
2027 1287 2250 1340 manda-

678 1377 757 1431 vit
791 1377 878 1429 ille
904 1415 918 1441 ,
951 1376 1040 1441 qui
1069 1384 1123 1428 et
1163 1375 1217 1428 in
1251 1375 1432 1428 divino
1467 1375 1665 1429 throno
1711 1379 1900 1432 sedere
1941 1378 2165 1445 dicitur,
2195 1390 2250 1436 et

680 1468 734 1522 in
763 1469 883 1522 luce
913 1466 1171 1522 inell'abili
1197 1476 1302 1531 est,
1330 1475 1491 1534 atque
1525 1466 1579 1520 in
1615 1468 1786 1536 gloria
1822 1470 2245 1541 incomparabili.

683 1557 789 1611 Sed
818 1557 903 1612 hic
944 1571 1160 1626 quoque
1201 1571 1263 1611 ea
1301 1557 1539 1626 quidem,
1575 1573 1694 1628 qua:
1733 1560 1984 1614 dicuntur
2011 1577 2040 1615 a
2072 1563 2246 1630 nobis,

681 1648 880 1703 nullius
927 1662 1047 1700 esse
1086 1647 1248 1715 pretii
1285 1656 1556 1701 conantur
1601 1650 1924 1706 ostendere:
1974 1655 2093 1722 Quae
2121 1666 2251 1706 vero

683 1741 834 1794 aiunt
880 1739 1002 1808 ipsi,
1038 1739 1289 1808 graviora
1329 1753 1469 1802 esse,
1519 1753 1584 1793 ac
1615 1739 1872 1807 majorem
1923 1758 2043 1796 cum
2085 1745 2250 1798 animi

685 1805 1061 1886 attentionem‘
1084 1841 1195 1884 tum
1229 1830 1386 1884 ﬁdem
1438 1805 1761 1900 promereri.
1807 1831 2250 1919 Commistionem
2286 1805 2327 1860 Β

683 1924 889 1979 scilicet
919 1925 1205 1993 quamdam
1237 1925 1758 1993 consensionemque
1800 1925 2099 1980 divinitatis
2127 1944 2250 1982 cum

684 2015 952 2070 creaturis
999 2015 1530 2080 comminiscuntur;
1584 2031 1758 2084 neque
1818 2017 2142 2088 intelligunt,
2194 2035 2255 2075 se

685 2119 790 2157 una
825 2120 946 2158 cum
979 2104 1176 2159 divinis
1207 2103 1446 2172 Spiritus
1474 2105 1666 2170 sancti,
1698 2105 1789 2175 qui
1811 2108 1997 2161 eodem
2027 2122 2248 2177 semper

685 2199 844 2251 modo
872 2213 929 2250 se
955 2197 1115 2251 habet
1136 2197 1202 2250 ad
1235 2197 1400 2249 Demu
1447 2195 1686 2265 Patrem,
1717 2199 1857 2253 notis
1895 2208 1948 2252 et
1978 2200 2256 2256 characte-

685 2291 836 2344 ribus
868 2299 1021 2344 notas
1052 2289 1214 2344 etiam
1248 2300 1301 2343 et
1352 2291 1698 2344 characteres
1747 2291 2050 2361 deprimere
2084 2294 2252 2360 ipsius

686 2380 781 2435 Dei
828 2381 1028 2442 Patris.
1073 2391 1126 2436 et
1181 2383 1438 2449 unigeniti
1491 2381 1605 2452 ejus
1642 2383 1798 2450 Filii;
1851 2393 2014 2453 atque
2063 2384 2252 2440 Isaiam

685 2470 918 2526 fortasse
952 2471 1005 2525 in
1043 2471 1248 2526 caelesti
1285 2474 1476 2525 throno
1519 2473 1796 2527 sedentem
1845 2475 2086 2528 exhiberi
2130 2476 2255 2530 sub-

687 2562 952 2626 indicant,
982 2578 1043 2618 ac
1087 2563 1403 2632 sibimetipsi
1441 2563 1876 2633 praecipientem:
1917 2585 1935 2617 ι
2007 2565 2153 2621 Vade
2186 2569 2252 2622 ad

686 2653 940 2722 populum
983 2653 1146 2717 hunc,
1173 2663 1228 2707 et
1260 2655 1345 2708 dic
1390 2655 1438 2708 ei
1481 2673 1499 2706 ι
1546 2670 1665 2722 quae
1707 2655 1892 2724 jussus
1920 2667 2002 2711 est
2048 2657 2248 2713 dicere.

687 2743 797 2798 Nos
819 2760 948 2798 vero
976 2743 1104 2798 illud
1137 2745 1294 2814 plane
1339 2745 1628 2809 miramur,
1662 2747 1804 2814 quod
1850 2746 1961 2815 jam
2002 2748 2087 2800 vel
2128 2749 2254 2816 ipsi-

688 2843 798 2886 met
829 2848 1048 2887 suarum
1096 2833 1462 2902 Opinationum
1511 2834 1901 2888 absurditatetn
1969 2835 2252 2890 imbecilli-

688 2927 963 2990 tatetnque
1003 2938 1106 2976 non
1132 2924 1392 2988 sentiant,
1421 2939 1521 2977 nec
1553 2923 1789 2988 videant,
1822 2940 1984 2993 quant
2015 2927 2128 2980 risu
2172 2927 2254 2981 di-

690 3012 779 3079 gni
826 3011 954 3077 sint,
991 3010 1118 3066 dum
1157 3011 1280 3066 talia
1336 3014 1402 3066 de
1451 3012 1562 3066 Deo
1595 3014 1856 3082 cogitant,
1909 3030 1972 3069 ac
2021 3031 2084 3070 ea
2133 3032 2254 3086 qua:

2345 552 2444 616 τάς
2473 570 2533 605 τε
2566 552 2729 605 αὐτοῦ
2762 551 2855 604 τοῦ
2891 550 3024 604 Θεοῦ
3064 551 3276 622 Πατρὸς
3321 551 3414 602 καὶ
3455 550 3540 602 τοῦ
3577 554 3848 620 μονογενοῦς

2347 647 2510 700 αὑτοῦ
2546 646 2696 708 Υίοῦ,
2728 645 2822 698 καὶ
2866 642 3220 714 ὑποδηλοῦσιν
3249 641 3342 694 τδν
3376 639 3605 704 ⁹Πιὲαίαν,
3630 643 3754 712 τάχα
3776 645 3850 696 ἐπὶ

2346 736 2438 789 τοῦ
2488 735 2740 806 οὐρανίου
2785 732 3115 787 καθεσθέντα
3144 732 3356 803 θρόνου,
3398 731 3488 784 καὶ
3530 732 3851 800 προστάξαντα

2349 829 2558 902 ἐαυτῷο
2597 849 2615 882 t
2646 827 2948 898 Πορεύθητι
2977 826 3113 896 πρὸς
3149 825 3240 878 τὸν
3273 824 3400 878 λαὸν
3427 824 3620 884 τοῦτον.
3642 826 3726 878 καὶ
3758 826 3854 879 εἰπὲ

2348 921 2518 992 αὐτῷ,
2550 939 2568 973 ι
2624 919 2771 990 ἅπερ
2817 918 3157 989 προσετάχθη
3205 919 3396 969 εἰπεῖν.
3432 917 3608 986 Ἡμεῖς
3655 916 3741 986 μὲν
3781 913 3854 970 οὖν

2351 999 2610 1079 ἄντικρυς
2649 1008 3025 1080 θαυμάζομεν.
3072 1010 3119 1060 εί
3180 1006 3253 1078 μὴ
3304 1007 3404 1078 ἤδη
3455 1007 3544 1060 καὶ
3594 1007 3734 1060 αὐτοὶ
3777 1007 3856 1076 τῆς

2351 1103 2579 1166 ἀτοπίας
2639 1103 2734 1155 καὶ
2791 1101 3072 1164 ἀσθενείας
3137 1100 3244 1153 τῶν
3293 1099 3503 1153 οἰκείων
3559 1099 3858 1168 δοξασμάτων

2352 1193 2716 1255 αἰσθάνονται,
2764 1192 2857 1245 καὶ
2885 1192 2960 1256 ὡς
2998 1191 3194 1260 γελοῖοί
3223 1194 3349 1253 είσι,
3395 1190 3609 1244 τοιαῦτα
3649 1191 3858 1262 περὶτοῦ

2352 1281 2486 1335 Θεοῦ
2536 1281 2925 1352 διανοούμενοι,
2971 1283 3062 1335 καὶ
3114 1281 3182 1334 τά
3246 1283 3390 1353 σαφῆ
3439 1282 3512 1345 ὡς
3563 1281 3860 1352 δυσδιαίτητα

2351 1371 2786 1443 διαστρέφοντες.
2825 1372 2934 1425 Καὶ
2979 1371 3201 1442 οίόμεθα
3247 1373 3320 1443 μὴ
3375 1373 3684 1442 σφάλλεσθαι
3723 1372 3860 1437 οὕτως

2352 1464 2586 1534 ἔχοντες,
2633 1465 2713 1517 ὅτι
2763 1466 2877 1529 τοῖς
2929 1465 3047 1517 κατ’
3087 1465 3284 1529 αὐτοὺς
3322 1468 3351 1518 ό
3388 1464 3718 1536 μακρόθυμος
3760 1465 3866 1528 Θεὸς

2353 1557 2656 1628 παριστῶν,
2685 1557 2761 1620 ὡς
2796 1559 2894 1628 ούχ
2941 1557 3289 1612 ὑπολείπεται
3344 1560 3524 1623 αὐτοῖς
3563 1559 3666 1612 οὒτ’
3692 1559 3863 1612 διντιλο⁶

2353 1648 2478 1716 γίας
2531 1649 2808 1715 ὑπόθεσις,
2863 1650 2974 1703 οῦτ’
3030 1649 3322 1718 ἀπολογίας
3375 1651 3628 1722 ἀφορμὴ,
3671 1651 3750 1704 διά
3794 1648 3868 1702 τοῦ

2367 1741 2625 1811 Ἰεζεκιὴλ
2670 1741 2803 1813 ἔφη·
2843 1761 2860 1793 ι
2891 1743 2953 1795 Ei
2987 1743 3173 1814 Πατὴρ
3224 1741 3332 1809 ἐγώ
3380 1743 3516 1812 εἰμι,
3559 1741 3655 1794 ποῦ
3695 1739 3868 1792 ἐστινὸ

2356 1831 2518 1901 φόϐος
2565 1850 2696 1903 μου;
2731 1835 2842 1887 Καὶ
2872 1835 2920 1886 εί
2971 1833 3172 1905 Κύριος
3220 1832 3329 1901 ἐγώ
3373 1835 3512 1905 εἰμι,
3555 1833 3653 1887 ποῦ
3697 1833 3870 1901 ἐστινὴ

2354 1923 2480 1987 δόξα
2517 1940 2648 1994 μου;
2675 1947 2693 1976 ι
2742 1925 2903 1979 Ἀλλά
2945 1926 3118 1979 ταῦτα
3167 1925 3264 1996 μὲν
3297 1925 3498 1990 οὕτως’
3528 1925 3610 1994 ἐφ’
3640 1925 3667 1977 ὃ
3692 1924 3740 1976 δέ
3771 1925 3872 1992 ἡμῖν

2354 2018 2382 2068 ὁ
2422 2016 2580 2084 λόγος
2633 2015 2924 2089 ὥρμηται,
2981 2019 3244 2090 μετιτέον.
3291 2019 3516 2090 Ἴδωμεν
3568 2017 3644 2078 δὲ,
3674 2015 3720 2070 τί
3756 2015 3876 2082 λέγει

2354 2111 2448 2162 καὶ
2489 2105 2644 2173 αὖθις
2683 2112 2712 2163 ό
2740 2111 2970 2176 Παῦλος,
3017 2113 3395 2183 Φιλιππησίοις
3450 2127 3696 2182 γραφων·
3735 2127 3752 2160 t
3779 2106 3871 2160 Βλι

2355 2217 2487 2254 πετε
2528 2201 2626 2272 τὴν
2658 2204 2972 2273 κατατομήν
2991 2219 3004 2232 ·
3036 2204 3196 2273 ἡμεῖς
3228 2203 3336 2275 γάρ
3379 2203 3547 2273 ἐσμεν
3569 2205 3602 2272 ἡ
3631 2199 3877 2271 περιτομὴ.

2354 2293 2402 2345 οί
2451 2291 2725 2361 Πνεύματι
2756 2292 2889 2345 Θεοῦ
2933 2292 3306 2364 λατρεύοντες,
3337 2294 3435 2346 καὶ
3486 2290 3805 2361 καυχώμενοι
3835 2290 3877 2340 bi

2355 2381 2574 2454 Χριστῷ
2607 2382 2801 2453 Ἰησοῦ.
2844 2402 2863 2433 ι
2909 2382 3040 2447 Θεὸς
3063 2380 3154 2437 οῦν
3179 2384 3239 2437 τὸ
3278 2385 3434 2453 ἆγιον
3465 2383 3702 2453 Πνεῦμα,
3739 2380 3879 2432 πᾶσαν

2356 2475 2825 2545 ἀναπεμπομένην
2853 2474 3042 2529 θυσίαν
3080 2477 3178 2528 σὺν
3217 2475 3296 2547 τῷ
3333 2477 3514 2548 Πατρὶ
3560 2476 3651 2529 καὶ
3689 2472 3758 2544 τῷ
3796 2469 3880 2538 Titii

2354 2565 2674 2637 δεχόμενονο
2729 2566 2949 2638 εὔδηλον
3004 2567 3142 2638 γὰρ,
3190 2568 3266 2631 ὡς
3319 2569 3352 2639 ὴ
3412 2567 3635 2639 λατρεία
3685 2563 3756 2634 τῷ
3791 2557 3882 2619 Θεῷ

2359 2659 2505 2729 μόνῳ
2552 2659 2841 2728 ὀφείλεται.
2887 2659 3023 2712 Ἀλλ’
3068 2661 3116 2712 οί
3179 2660 3454 2730 αίρετικοὶ
3513 2658 3735 2729 κόρακες
3789 2648 3884 2722 βλέο

2356 2765 2488 2801 πετε
2520 2749 2638 2812 πῶς
2681 2753 2794 2813 τοῖς
2824 2749 2988 2813 θείοις
3033 2749 3376 2820 λυμήνασθαι
3426 2749 3773 2819 ἐπεχείρησαν
3806 2743 3882 2814 ρησ

2353 2843 2486 2905 τοῖς,
2517 2841 2584 2893 δι’
2617 2842 2732 2904 ἐνὸς
2783 2842 3044 2912 στοιχείου
3094 2841 3444 2912 ύπαλλαγῆςο
3493 2841 3638 2903 τινὲς
3679 2838 3776 2907 γάρ
3818 2833 3888 2887 αὑ-

2353 2930 2463 2983 τῶν
2509 2931 2792 3001 ἐποίησαν,
2847 2933 2953 2984 «Oi
2997 2931 3276 3002 ΙΙνεύματι
3332 2931 3458 3004 Θεῷ
3508 2928 3884 3001 λατρεύοντες.»

2357 3023 2442 3075 ἵνα
2475 3022 2548 3092 μὴ
2573 3021 2841 3075 δείκνυται
2874 3025 2907 3092 ἡ
2933 3021 3061 3093 [114
3082 3021 3136 3094 α]
3169 3022 3398 3093 λατρεία
3435 3024 3516 3095 τῷ
3541 3023 3798 3092 Πνεύματι
3817 3015 3890 3070 τοῦ

689 3102 978 3158 manifesta
1021 3111 1166 3170 sunt,
1226 3105 1378 3174 quasi
1433 3106 1499 3159 ad
1560 3106 1920 3161 dirimendum
1985 3107 2251 3173 diﬂicilia,

2363 3110 2514 3176 Θεοῦ,
2545 3111 2659 3164 ἀλλ’
2715 3113 2772 3167 ἐν
2804 3111 3076 3183 πνεύματι
3125 3112 3200 3182 τῷ
3247 3112 3368 3183 Θεῷ
3417 3116 3517 3167 καὶ
3567 3113 3734 3184 Πατρὶ
3778 3109 3888 3180 μόνῳ

665 3203 1030 3266 ,ρθινοηιιιιι
1065 3194 1245 3264 Neque
1270 3211 1396 3250 vero
1427 3212 1524 3252 nos
1547 3212 1733 3253 errare
1755 3200 2103 3267 arbitrantur,
2130 3202 2255 3255 dum

691 3287 766 3340 ita
812 3286 1120 3342 sentimus:
1166 3301 1290 3340 nam
1342 3285 1431 3354 iis,
1489 3289 1580 3356 qui
1635 3304 1756 3343 cum
1807 3289 1942 3360 ipsis
1997 3291 2255 3356 sentiunt,

690 3377 1015 3447 longanimis
1070 3376 1215 3433 Deus
1267 3380 1562 3434 ostendens
1611 3379 1814 3434 nullum
1869 3381 2100 3450 relinqui
2156 3398 2256 3438 nec

695 3478 1014 3542 pnetextum
1043 3471 1108 3523 ad
1137 3469 1638 3536 contradicendum,
1674 3487 1851 3542 neque
1876 3485 2254 3543 argumentum

690 3561 758 3614 ad
787 3574 907 3614 sese
933 3559 1317 3625 defendendos,
1350 3574 1447 3629 per
1475 3559 1815 3617 Ezechielem
1852 3563 1968 3616 ait:
2005 3581 2025 3615 ι
2072 3562 2130 3618 Si
2158 3581 2255 3635 pa-

693 3664 776 3711 ter
800 3653 911 3726 (97)
937 3669 1036 3724 ego
1068 3670 1209 3722 sum,
1250 3654 1340 3709 ubi
1379 3663 1462 3709 est
1493 3656 1656 3710 timor
1701 3655 1893 3710 incus?
1938 3665 2016 3721 et,
2066 3657 2111 3712 si
2147 3659 2260 3712 Do-

691 3751 871 3805 minus
919 3765 1019 3818 ego
1066 3764 1208 3815 sum,
1243 3750 1332 3804 ubi
1383 3758 1470 3804 est
1505 3749 1672 3820 gloria
1717 3765 1832 3805 mea
1869 3750 1892 3804 ἲ
1942 3770 1960 3804 ι
2003 3751 2107 3806 Sed
2145 3753 2260 3809 hac

691 3845 974 3900 hactenus.
1009 3843 1138 3899 llluc
1168 3849 1345 3897 autem
1392 3843 1578 3898 redeat
1608 3843 1804 3908 oratio,
1836 3844 1975 3897 unde
2015 3843 2256 3900 divertit.

689 3936 981 4002 Videamus
1016 3951 1143 3990 vero
1187 3936 1317 4003 quid
1371 3951 1560 3991 rursus
1595 3937 1739 3990 dicat
1789 3933 1988 3990 Paulus
2022 3938 2088 3990 ad
2127 3935 2258 3992 Phi-

689 4026 960 4098 lippenses
1009 4026 1119 4096 (98)
1175 4028 1470 4082 scribens:
1510 4044 1530 4078 ι
1580 4024 1773 4079 Videte
1827 4023 1937 4095 (99)
1987 4027 2256 4080 concisio-

693 4137 855 4174 nem:
915 4134 1014 4175 nos
1056 4120 1199 4175 enim
1251 4133 1439 4174 sumus
1481 4119 1846 4182 circumcisio,
1900 4119 1992 4187 qui
2034 4119 2258 4186 Spiritui

689 4211 857 4285 246
901 4209 996 4267 Dei
1051 4211 1130 4282 (l)
1183 4211 1469 4276 servimus,
1511 4221 1567 4266 et
1606 4210 1903 4282 gloriamur
1952 4211 2006 4265 in
2047 4211 2262 4266 Christo

763 4391 877 4461 (97)
925 4387 986 4444 Si
1012 4399 1180 4457 pater.
1211 4387 1323 4443 Non
1351 4385 1714 4461 in_EzeAc_hiele
1743 4387 1859 4461 ιιφο
1887 4396 2124 4450 exstant,
2147 4386 2252 4461 sed

693 4458 920 4517 Malach.
961 4473 1080 4529 cap.
1119 4475 1158 4523 ι,
1199 4473 1342 4513 vers.
1394 4458 1449 4521 6,
1497 4458 1583 4529 ubi
1616 4459 1780 4529 etiam
1819 4458 2034 4512 inverso
2054 4458 2254 4529 _ordiue

2358 3203 2760 3274 προσαγομένη.
2792 3205 3001 3275 Ὠσπερ
3049 3205 3143 3258 καὶ
3195 3206 3253 3257 ἐν
3304 3209 3374 3277 τῇ
3432 3206 3572 3277 πρὸς
3617 3201 3890 3274 Κορινθίους

2356 3291 2451 3346 τοῦ
2501 3292 2713 3346 Παύλου
2767 3293 3139 3364 γεγραφότος·
3195 3314 3213 3344 ι
3242 3295 3307 3347 Εἰ
3356 3295 3419 3348 δὲ
3459 3294 3526 3348 τὸ
3575 3292 3782 3362 Πνεῦμα
3819 3282 3892 3338 τοῦ

2356 3383 2666 3456 ἐγείραντος
2721 3385 2925 3454 Ἰησοῦν
2980 3385 3213 3455 Χριστὸν
3291 3387 3358 3439 ἐκ
3417 3386 3632 3457 νεκρῶν
3683 3381 3806 3436 οἰκεῖ
3851 3377 3898 3428 ἐν

2357 3477 2524 3548 ὑμῖνο
2555 3479 2583 3530 ό
2615 3477 2853 3548 ,ἐγείρας
2909 3477 3141 3548 Χριστὸν
3181 3477 3390 3548 Ἰησοῦν
3442 3480 3510 3532 ἐκ
3552 3475 3752 3546 νεκρῶν
3789 3472 3896 3534 ξωο

2355 3570 2569 3639 ποιήσει
2607 3570 2700 3622 καὶ
2722 3568 2790 3621 τά
2836 3569 3002 3638 θνητά
3034 3567 3187 3638 ὑμῶν
3232 3567 3491 3638 σώματα,
3531 3569 3620 3622 διὰ
3651 3564 3740 3620 τοῦ
3786 3565 3899 3616 ἐνοι-

2360 3660 2581 3724 κοῦντος
2612 3661 2775 3713 αὐτοῦ
2827 3659 3143 3730 Πνεύματος
3188 3661 3244 3714 ἐν
3294 3661 3464 3732 ὑμῖν·
3491 3680 3510 3714 ι
3558 3663 3748 3714 ἐκεῖνοι
3778 3650 3898 3708 ἐναλ-

2359 3752 2615 3818 λάξαντες
2658 3753 2950 3823 ἐποίησαν·
2991 3753 3089 3806 Διά
3115 3753 3176 3806 τὸ
3218 3754 3468 3808 ἐνοικοῦν
3508 3751 3674 3808 αὑτοῦ
3715 3744 3901 3815 Πνεῦμα

2360 3847 2417 3898 ἐν
2454 3846 2611 3916 ὑμῖνο
2658 3845 2743 3897 ἵνα
2798 3845 2874 3915 μὴ
2921 3843 3180 3909 ξωοποιδν
3222 3845 3316 3898 καὶ
3357 3844 3694 3916 δημιουργὸν
3729 3839 3902 3892 δείκνυ.

2359 3953 2470 3990 ται.
2535 3936 2643 3990 Καὶ
2681 3935 2976 4006 Ῥωμαίοις
3043 3935 3356 4008 γράψαντος
3430 3935 3635 3990 αὐτοῦ’
3694 3929 3804 3986 (Ἥ
3855 3940 3899 3978 τε

2363 4027 2529 4088 ἀΐδιος
2567 4025 2728 4080 αὑτοῦ
2775 4025 3000 4096 δύναμις
3033 4025 3126 4080 καί⁵
3169 4025 3384 4097 θειότης
3407 4043 3422 4056 ·
3452 4044 3473 4078 ι
3518 4027 3713 4078 ἐκεῖνοι
3750 4016 3902 4084 ἐποῖηο

2365 4136 2483 4183 σαν,
2518 4119 2741 4190 θεότης·
2787 4119 2933 4171 ἔστιν
2975 4117 3032 4170 δὲ
3079 4117 3140 4170 τὸ
3182 4117 3343 4171 αὑτό·
3399 4117 3519 4171 ἀλλ’
3544 4117 3692 4187 ὅμως
3741 4109 3819 4165 διὰ
3857 4102 3903 4156 τὺ

2367 4209 2679 4264 στενοῦσθαι
2722 4210 2822 4274 τὰς
2860 4209 3113 4280 περὶτοῦ
3167 4206 3580 4280 μεγαλωνύμου
3629 4203 3905 4273 Πνεύματος

2363 4387 2538 4440 nouite
2593 4387 2880 4455 Evangelia
2923 4403 2986 4442 ac
3020 4385 3170 4441 Pauli
3224 4387 3506 4455 Epistolas
3552 4382 3907 4457 continens}?!

2359 4457 2552 4510 saeculo
2599 4473 2670 4510 XII
2709 4457 2962 4526 scriptus,
3013 4468 3121 4509 tres
3169 4460 3296 4509 item
3335 4459 3567 4511 codices
3603 4457 3655 4510 in
3704 4458 3906 4526 ηιιικιηθ

694 4533 958 4602 ΙιΞςιιιιιιιι·Δ
974 4519 1045 4602 ἤιξ’
1059 4519 1200 4583 hunc
1238 4519 1498 4602 modum:
1525 4527 1586 4602 Εἰ
1610 4528 1801 4602 Πατήρ
1830 4529 1948 4602 εἰμι
1978 4526 2128 4602 ἐγῲ,
2151 4525 2252 4578 ποῦ

2363 4519 2834 4602 [irauculurtensis'
2887 4527 3136 4580 editionis
3188 4527 3336 4579 citati
3393 4528 3606 4602 habent
3666 4521 3908 4602 Πγεύμαξι

693 4596 903 4671 ἐστινὴ
937 4598 1060 4664 δόξα
1095 4614 1231 4671 pou;
1265 4598 1358 4651 xui.
1382 4599 1429 4650 εί
1457 4597 1659 4671 Κύριός
1685 4596 1798 4668 είμζι
1826 4596 1960 4666 ἐγὼ,
1991 4598 2095 4671 ποῦ
2115 4600 2263 4671 ἐστιν

693 4675 723 4725 ό
756 4669 917 4741 φόϐος
945 4687 1046 4739 μου
1071 4669 1178 4736 {id
1201 4679 1287 4741 est
1314 4686 1328 4720 :
1378 4669 1479 4741 «Si
1524 4679 1676 4737 pater
1715 4684 1834 4722 sum
1867 4683 1988 4741 ego,
2049 4669 2136 4741 ubi
2181 4676 2263 4720 est

697 4738 883 4812 gloria,
897 4738 1050 4794 mea?
1087 4747 1142 4793 et
1164 4739 1218 4812 _si
1258 4738 1518 4812 Dominus
1546 4753 1677 4812 _suut
1710 4752 1828 4812 ego,
1871 4739 1959 4792 ubi
1991 4746 2075 4793 est
2102 4739 2262 4812 timor

699 4806 891 4865 incus?
917 4827 935 4860 ι
973 4820 1132 4878 atque
1162 4809 1238 4864 ita
1280 4810 1500 4862 omnino
1545 4806 1825 4874 legendum
1865 4818 1952 4862 est
1991 4824 2129 4878 cum
2157 4806 2263 4862 He-

695 4881 842 4936 braeo
882 4877 1057 4945 textu,
1089 4895 1213 4934 cum
1251 4877 1497 4948 Vulgata,
1531 4877 1757 4946 aliisque
1792 4879 2044 4934 omnibus
2073 4877 2264 4933 editio-

697 4952 876 5004 nibus.

767 5019 878 5091 (98)
917 5019 998 5091 Ad
1049 5016 1422 5087 Pliilippemes.
1477 5017 1678 5079 Codex,
1731 5016 2094 5080 Φιλιππισίοις
2166 5032 2263 5086 pro

696 5089 1094 5150 Φιλιππησίοις.

771 5157 1117 5231 (99)]ίίάειε,
1151 5159 1380 5231 Philipp.
1418 5174 1498 5231 ιιι,
1527 5158 1582 5219 Ξ,
1610 5157 1662 5210 5.

770 5226 1284 5301 (λίγδρὶνίιιιίιὶεί.
1339 5228 1654 5282 Lectionum
1706 5237 2022 5301 varietatem
2061 5226 2263 5301 habent

699 5295 904 5355 in'h'oc
943 5298 1090 5352 Pauli
1133 5299 1249 5368 loco
1290 5310 1467 5352 vetera
1509 5298 1835 5368 exemplaria
1880 5315 2000 5352 cum
2051 5295 2260 5368 Graeca,

701 5383 814 5424 tum
857 5368 1068 5423 Latina.
1112 5367 1244 5422 Nam
1292 5369 1465 5437 primo
1495 5367 1695 5423 Graeca:
1726 5368 1990 5422 editiones
2017 5367 2261 5435 complu-

702 5457 809 5504 res,
847 5451 904 5491 ut
931 5437 1121 5492 Aldina
1155 5440 1280 5492 anni
1324 5438 1484 5502 1518,
1517 5437 2001 5503 Francofurtensis,
2049 5447 2103 5491 et
2146 5437 2263 5490 alia:

699 5526 798 5582 pro
822 5509 1102 5582 Πνεύματι
1144 5508 1279 5582 Θεοῦ
1307 5509 1505 5582 habent
1524 5508 1800 5582 Πνεύματι
1821 5507 2051 5582 aestui
2073 5521 2263 5582 sensus

699 5577 771 5633 Sit
805 5599 818 5635 :
856 5598 874 5631 ι
899 5577 999 5644 Qui
1027 5580 1215 5646 spiritu
1253 5583 1363 5648 Deo
1393 5580 1532 5646 (vel,
1572 5577 1683 5646 Qui
1711 5577 1935 5646 Spiritui
1965 5577 2106 5648 Deo)
2149 5593 2263 5631 ser-

698 5651 897 5705 vimus.
931 5669 950 5702 ι
1017 5649 1266 5704 Secundo
1309 5647 1704 5718 Cutnplutensis
1752 5651 1914 5704 editio
1953 5647 2138 5702 Cra-ea
2192 5660 2260 5700 ex

703 5721 1082 5774 vetustissimis
1114 5718 1441 5789 membranis
1469 5735 1748 5789 expressa.
1790 5721 1954 5774 codex
1998 5719 2262 5789 membra-

698 5803 837 5847 neus
860 5791 1078 5848 Graecus
1109 5788 1450 5850 bibliotheca:
1485 5786 1682 5846 nostra:
1727 5788 1784 5845 S.
1825 5789 2122 5845 Salvatoris
2159 5786 2261 5843 Bo-

2371 4595 2505 4648 Θεοῦ
2529 4613 2542 4626 ο
2576 4597 2681 4649 imo
2737 4615 2755 4646 ι
2786 4611 2992 4658 omnes,
3021 4609 3106 4648 aut
3153 4611 3287 4665 pene
3316 4613 3518 4651 omnes
3550 4596 3722 4650 Graeci
3749 4612 3764 4643 ι
3791 4587 3908 4665 eoat;

2367 4681 2458 4720 ces
2499 4666 2781 4735 Augustini
2816 4675 2973 4735 aetate
3019 4661 3165 4720 hanc'
3196 4666 3476 4720 habebant
3519 4667 3824 4735 lectionem,
3865 4661 3909 4706 ιιι

2371 4730 2862 4804 testatur—ipsemet.
2899 4734 3080 4791 Tertio
3111 4735 3332 4788 Latinus
3368 4748 3582 4789 nostra:
3614 4730 3913 4804 bibliotheca?

2368 4807 2533 4860 codex
2563 4803 2756 4860 samulo
2800 4820 2850 4858 XI
2899 4816 3171 4867 exaratus,
3219 4815 3273 4856 et
3311 4805 3472 4858 Pauli
3516 4803 3782 4874 Epistolas
3811 4809 3910 4874 cut}!

2369 4876 2559 4945 glossis
2585 4878 2886 4937 continens,
2931 4876 3132 4930 habet:
3181 4893 3198 4926 t
3224 4874 3323 4940 Qui
3379 4873 3598 4942 Spiritu
3642 4873 3730 4928 Dei
3754 4873 3911 4945 servi:

2371 4941 2488 4998 inus
2519 4964 2532 4999 :
2563 4967 2582 4998 ι
2618 4962 2722 5012 quo
2750 4949 2904 4999 modo
2938 4946 3084 4999 locus
3114 4945 3200 4998 hic
3229 4941 3436 5011 legitur
3462 4947 3632 4998 etiam
3670 4946 3721 4998 in
3751 4941 3912 5012 Lytalll

2368 5015 2552 5070 Bibliis
2577 5011 2828 5070 editionis
2857 5014 3072 5069 Venetae
3101 5019 3225 5067 anni
3268 5014 3435 5069 1485.
3475 5015 3690 5081 Quarto
3723 5011 3913 5081 Latinus

2369 5086 2506 5139 alius
2532 5098 2730 5139 nostra:
2765 5085 3102 5138 bibliothecae
3124 5085 3291 5137 codex
3331 5073 3727 5138 tnembraneus
3750 5073 3914 5134 Simulo

2367 5156 2583 5209 circiter
2621 5171 2713 5209 χιιι
2760 5155 2992 5223 scriptus
3046 5155 3249 5208 habet:
3288 5155 3426 5225 «_Qui
3481 5154 3710 5225 Spiritui
3751 5151 3864 5225 Deo.
3893 5164 3908 5194 ι

2367 5236 2475 5279 etc.
2542 5226 2759 5278 Demunt
2806 5220 3027 5293 Vulgata
3082 5224 3250 5278 editio
3302 5223 3480 5278 habet
3517 5220 3540 5279 ε’
3568 5245 3586 5275 ι
3621 5224 3719 5288 Qui
3755 5220 3912 5284 spiritu

2369 5295 2634 5349 servimus
2666 5296 2792 5348 Deo.
2819 5313 2837 5346 ι
2879 5295 2954 5348 Ex
2985 5295 3066 5347 his
3095 5295 3346 5347 omnibus
3388 5295 3724 5349 lectionibus
3757 5300 3917 5345 secun-

2366 5365 2486 5416 dam
2514 5365 2847 5434 amplectitur
2876 5365 3128 5434 Didymus
3160 5379 3278 5416 cum
3303 5363 3422 5426 hic,
3446 5376 3565 5418 tum
3584 5355 3915 5434 segni.__ll’§4_b'

2367 5433 2434 5486 At
2480 5429 2704 5502 primaut
2765 5429 2988 5489 secutus
3028 5434 3294 5486 videbitur
3344 5436 3402 5485 in
3450 5436 3598 5489 libro
3633 5429 3709 5486 De
3745 5429 3916 5502 Spiritu

2367 5515 2570 5569 sancto,
2605 5520 2754 5556 nunt.
2787 5503 2875 5570 57,
2918 5504 2961 5557 si
2984 5504 3126 5557 edita
3162 5504 3504 5572 exemplaria
3545 5502 3794 5559 consulas
3820 5516 3834 5553 :
3858 5507 3918 5572 sui

2369 5575 2510 5644 enim
2569 5575 2768 5644 habent
2801 5591 2816 5627 :
2856 5592 2874 5625 ι
2901 5572 2957 5626 In
2985 5574 3153 5644 Ahanc
3192 5570 3468 5644 congruit
3523 5570 3920 5644 voluntateurel

2369 5643 2496 5697 illud
2529 5661 2543 5697 :
2575 5643 2714 5698 «Nos
2733 5659 2920 5698 smnus
2947 5638 3440 5714 circAutncisiofqui
3487 5646 3690 5714 spiritu
3729 5638 3919 5694 Domino

2368 5715 2665 5768 servientes
2707 5729 2958 5768 sumus...
2987 5731 3006 5764 ι
3039 5711 3139 5776 Qui
3165 5715 3306 5766 enim
3359 5711 3477 5768 non
3516 5711 3704 5769 littera
3737 5718 3924 5765 carnem

2369 5785 2682 5853 concidunt,
2739 5785 2835 5841 sed
2887 5799 2981 5840 cor
3038 5784 3229 5839 spiritu
3287 5777 3923 5841 circumcidunt....bt
