4082 6406
362 289 476 345 665

1395 295 1483 351 DE
1523 294 1897 351 TRINITATE
1934 294 2138 351 LIBER
2177 294 2563 355 SECUNDUS.

3481 299 3588 357 666

362 405 687 471 ἀποδείξεις,
737 408 838 472 τὰς
889 408 976 464 διὰ
1042 408 1135 463 τοῦ
1188 410 1437 481 εἰρῆσθαι
1506 412 1637 465 αὐτὸ
1707 411 1930 482 Πνεῦμα

2063 427 2177 467 esu.
2225 431 2243 463 ι
2299 412 2442 467 Deus
2497 428 2627 483 ergo
2672 423 2758 469 est
2808 413 3043 483 Spiritus
3090 424 3324 478 sanctus,
3385 417 3590 471 sacriﬁ-

363 494 527 558 θεῖον,
557 498 814 567 δηλούσας
840 502 970 554 αὐτὸ
999 501 1149 555 Θεόν.
1175 503 1284 555 Καὶ
1312 502 1404 555 τοῦ
1434 505 1711 575 προφήτου
1750 504 1928 575 Ἀμὼς

364 589 433 640 ὲκ
494 590 782 655 προσώπου
859 592 952 660 τοῦ
1016 592 1171 659 ἁγίου
1238 594 1550 664 Πνεύματος
1609 596 1925 666 εἰρηκότος·

370 695 391 728 «
428 678 559 730 Ἰδοὺ
588 680 695 747 ἐγὼ
725 682 959 752 στερεῶν
982 682 1233 754 βροντήνο
1260 702 1278 735 ι
1314 685 1578 755 περιεῖλον
1630 686 1689 738 τὸ
1714 707 1729 737 ι
1754 686 1924 755 ἐγώοι

366 768 458 821 ἵνα
492 769 566 839 μὴ
594 770 862 826 δείκνυται
887 774 978 826 τοῦ
1006 776 1157 843 ἁγίου
1190 775 1503 844 Πνεύματος
1533 778 1565 847 ἡ
1598 776 1769 849 φωνὴ,
1796 778 1932 831 ἀλλὰ

363 860 475 929 γὰρ
524 860 615 913 τοῦ
664 863 903 935 Πατρὸς,
951 866 984 937 ἢ
1031 865 1123 918 τοῦ
1179 868 1475 937 προφήτου.
1521 869 1635 923 Ούκ
1685 868 1830 922 ἔστιν
1878 870 1935 923 δὲ

365 952 507 1014 τέως
559 953 651 1005 τοῦ
703 956 913 1028 Πατρὸς
957 958 1049 1010 καὶ
1101 958 1257 1021 Θεοῦ,
1288 958 1374 1011 διὰ
1404 959 1464 1012 τὸ
1512 959 1654 1028 ἔχειν
1701 960 1932 1024 εὐθέως’

374 1061 395 1093 «
438 1045 820 1113 Ἀπαγγὲλλων
854 1051 933 1112 είς
964 1049 1279 1121 ἀνθρώπους
1306 1051 1397 1105 τὸν
1436 1052 1667 1123 Χριστὸν
1697 1052 1889 1107 αὑτοῦ·
1912 1073 1930 1104 ι

374 1133 467 1186 καὶ
508 1135 583 1205 μὴ
616 1138 819 1188 εἰπεῖν’
851 1138 953 1190 Τὸν
981 1140 1211 1210 Χριστόν
1244 1159 1367 1211 μου.
1404 1142 1479 1204 ὡς
1523 1144 1580 1193 ὲν
1611 1141 1806 1213 ψαλμῷ
1853 1143 1939 1197 λέ-

375 1239 486 1291 γει·
530 1243 548 1274 ι
588 1227 885 1297 Ἡτοίμασα
932 1229 1121 1299 λύχνον
1160 1230 1236 1300 τῷ
1265 1232 1481 1302 Χριστῷ
1513 1249 1632 1301 μου.
1661 1252 1679 1283 ι
1718 1234 1825 1285 Καὶ
1870 1234 1927 1287 ἐν

382 1315 594 1379 πολλοῖς
646 1318 702 1370 δὲ
763 1319 1039 1388 φαίνονται
1115 1320 1571 1392 παρατρώσαντες
1631 1322 1941 1394 ἐξεπίτηδες

376 1408 692 1474 κάντεῦθεν,
724 1411 821 1483 τὴν
852 1412 1054 1483 ἀκριϐῆ
1097 1413 1387 1481 διάγνωσιν
1431 1413 1538 1466 τῶν
1585 1414 1940 1468 νοθευθέντων

373 1498 579 1564 τόπων,
622 1503 681 1554 τό
723 1520 785 1570 γε
833 1506 919 1556 ἐπ’
960 1504 1175 1567 αὐτοῖς,
1219 1506 1599 1571 ἀφανίσαντες.
1632 1508 1741 1559 Καὶ
1788 1506 1944 1559 τοῦτο

375 1590 531 1645 οὔπω
580 1588 648 1664 ἦν
691 1594 879 1659 δεινὸν,
932 1596 1132 1667 καίπερ
1186 1595 1245 1651 ὃν
1295 1596 1499 1668 σφόδρα
1548 1597 1737 1659 δεινὸν,
1784 1600 1833 1651 εί
1870 1598 1944 1669 μὴ

375 1682 525 1736 οὕτω
559 1688 687 1756 παρ’
716 1689 934 1743 ἐκείνων
970 1689 1428 1761 παραποιηθείσαι
1459 1690 1628 1759 βίϐλοι
1657 1686 1818 1761 ἦλθον
1852 1692 1945 1744 καὶ

2031 503 2169 557 cium
2209 503 2285 573 (2)
2312 518 2490 565 omne,
2538 505 2680 575 quod
2708 520 2737 559 a
2785 507 2940 561 nobis
2984 506 3222 560 oblatum
3261 506 3441 570 fuerit,
3484 523 3589 561 una

2031 611 2151 648 cum
2182 594 2343 650 Patre
2365 605 2418 649 et
2444 594 2582 650 Filio
2630 596 2926 665 excipiens.
2963 596 3092 650 Nam
3118 598 3435 653 servitutem
3467 612 3593 667 pro-

2034 688 2149 754 prie
2189 687 2407 750 dictam,
2449 702 2541 741 seu
2588 688 2854 750 latreiam,
2892 688 2990 742 soli
3026 689 3133 742 Deo
3163 688 3342 743 deberi
3374 688 3597 743 manife-

2031 788 2170 829 stum
2198 787 2299 831 est.
2335 776 2440 831 Sed
2472 778 2646 832 videte
2676 780 2945 848 quomodo
2975 779 3210 833 hteretici
3241 780 3381 833 corvi
3418 779 3594 831 divina

2035 867 2194 919 verba
2224 883 2569 937 corrumpere
2597 868 2670 937 (5)
2708 870 2883 923 conati
2914 880 3042 924 sunt
3083 884 3181 937 per
3209 870 3365 923 unius
3409 870 3598 923 littera:

2037 960 2380 1012 mutationem
2413 977 2425 1012 ε
2468 960 2688 1027 quidam
2734 961 2874 1015 enim
2908 961 3143 1029 ipsorum
3191 960 3433 1014 fecerunt
3464 958 3543 1028 (4)
3582 977 3595 1013 :

2041 1065 2059 1097 «
2095 1049 2193 1113 Qui
2213 1050 2399 1117 spiritu
2429 1051 2534 1103 Deo
2557 1052 2855 1116 servimus;
2885 1071 2904 1104 ι
2938 1068 3002 1105 ηε
3016 1051 3482 1113 set‘vitusscilicet,
3504 1065 3597 1104 seu

2036 1139 2248 1204 latreia,
2295 1142 2515 1210 Spiritui
2553 1143 2641 1196 Dei
2673 1142 2849 1197 oblata
2883 1143 3165 1209 imlicetur,
3202 1141 3292 1195 sed
3322 1143 3372 1195 in
3407 1142 3598 1208 spiritu

2037 1238 2134 1291 soli
2181 1240 2288 1292 Deo
2314 1248 2361 1292 et
2396 1237 2564 1292 Patri.
2616 1238 2691 1291 Ita
2745 1240 2909 1293 etiam
2943 1239 2994 1292 in
3030 1239 3262 1308 Epistola
3302 1240 3367 1291 ad
3411 1236 3600 1291 Corin-

2041 1329 2181 1382 thios
2218 1345 2337 1381 cum
2364 1327 2561 1383 Paulus
2592 1329 2872 1399 scripserit
2904 1348 2917 1383 :
2964 1348 2982 1380 «
3023 1328 3077 1383 Si
3113 1338 3291 1381 autetn
3320 1326 3395 1396 (5)
3422 1327 3600 1396 Spiri-

2041 1428 2125 1474 tus
2170 1418 2330 1490 247
2380 1421 2514 1487 ejus,
2555 1421 2645 1489 qui
2677 1420 2959 1475 suscitavit
2996 1419 3176 1474 Jesum
3216 1418 3488 1473 Christum
3531 1431 3598 1471 ex

2044 1513 2288 1576 mortuis,
2336 1511 2546 1565 habitat
2590 1513 2641 1565 in
2674 1512 2864 1576 vobis;
2915 1512 2959 1565 is
2991 1511 3081 1579 qui
3133 1510 3415 1564 suscitavit
3445 1510 3603 1563 Chri-

2043 1613 2182 1655 stum
2206 1602 2387 1656 Jesum
2431 1618 2497 1657 ex
2533 1603 2785 1665 mortuis,
2827 1603 3119 1656 viviﬁcabit
3153 1602 3314 1655 etiam
3355 1599 3601 1654 mortalia

2047 1704 2222 1748 vestra
2253 1710 2477 1763 corpora
2516 1710 2611 1763 per
2655 1694 3045 1749 inhabitantem
3086 1694 3200 1764 ejus
3239 1692 3496 1762 Spiritum
3538 1690 3601 1744 in

378 1775 465 1839 είς
498 1777 674 1846 ὀρθῶς
725 1780 1115 1847 πιστεύοντας,
1172 1782 1523 1853 ἀμαντεύτως
1576 1783 1796 1854 ἔχοντας
1844 1785 1942 1855 τῆς

2058 1786 2229 1838 iobis:
2268 1802 2288 1836 ι
2329 1784 2403 1837 illi
2459 1785 2832 1850 immutarunt,
2887 1799 2951 1837 ac
2994 1782 3235 1837 fecerunt
3269 1801 3282 1837 :
3334 1800 3352 1833 «
3387 1790 3604 1851 propter

377 1866 635 1937 τοιαύτης
669 1868 1033 1941 ῥᾳδιουργίας.
1069 1939 1073 1943 ν

2058 1874 2431 1927 inhabitantem
2482 1874 2597 1943 ejus
2637 1873 2893 1943 Spiritum
2934 1874 2985 1926 in
3020 1873 3170 1927 vobis
3203 1889 3217 1926 :
3256 1892 3273 1924 ι
3310 1886 3375 1926 ne
3419 1870 3608 1923 videli-

378 1969 470 2015 cet
509 1960 742 2029 Spiritus
792 1965 1067 2020 vivificaris
1114 1975 1169 2020 et
1225 1966 1452 2021 Creator
1499 1967 1802 2021 «leuotetur.
1871 1969 2094 2023 Etcum
2146 1968 2402 2023 Romanis
2468 1969 2607 2023 idem
2677 1969 2978 2037 scripserit,
3020 1986 3039 2019 «
3067 1967 3506 2037 Sempiternaque
3530 1964 3607 2035 (6)

384 2054 501 2123 eius
546 2058 712 2112 virtus
762 2076 826 2114 ac
878 2062 1150 2126 divinitas,
1198 2080 1216 2114 ι
1249 2063 1325 2116 illi
1355 2062 1621 2127 fecerunt,
1656 2082 1675 2114 «
1702 2063 1891 2118 deitas.
1925 2082 1944 2115 ι
1990 2062 2082 2116 Est
2111 2074 2289 2118 autem
2326 2080 2487 2118 unum
2522 2073 2577 2119 et
2639 2064 2778 2118 idem
2812 2080 2827 2117 :
2874 2072 3110 2116 attamen
3150 2062 3228 2117 sic
3292 2060 3364 2115 illi
3407 2060 3607 2114 immu-

384 2157 597 2215 tarunt,
643 2161 700 2204 ut
744 2153 1190 2217 testimoniorum,
1235 2169 1354 2224 qua:
1394 2155 1460 2209 de
1510 2155 1707 2225 inclyto
1743 2153 1945 2225 Spiritu
1984 2155 2123 2209 dicta
2158 2164 2302 2219 sunt,
2328 2154 2408 2209 vis
2439 2154 2784 2209 imminuatur
2813 2153 2912 2224 (7),
2976 2168 3164 2209 eorum
3228 2151 3454 2215 scilicet,
3489 2165 3609 2219 qua:

384 2387 517 2427 vere
559 2372 745 2441 spiritu
786 2374 1088 2427 circumcisi
1130 2383 1273 2430 sunt.
1304 2396 1323 2427 ι
1382 2374 1578 2429 Verum
1644 2375 1697 2429 in
1737 2334 1944 2433 fcodice

389 2453 694 2515 nost_ro_ms.
724 2445 917 2511 siepius
935 2461 959 2493 τι
990 2461 1071 2515 me
1094 2446 1256 2515 citato
1274 2445 1462 2515 legitur
1485 2464 1497 2498 :
1529 2463 1546 2495 «
1573 2445 1628 2498 lu
1655 2448 1790 2499 hanc
1819 2462 1948 2499 con-

389 2512 543 2583 gruit
566 2506 895 2583 v‘olnntat'em
920 2525 972 2566 et
999 2514 1123 2566 illud
1153 2532 1165 2567 :
1208 2506 1348 2569 Nos“
1372 2530 1557 2568 suums
1587 2516 1947 2577 circumcisio,

388 2582 484 2647 qui
563 2582 763 2651 Spiritu
808 2582 900 2635 Dei
936 2584 1253 2645 servientes,
1300 2596 1351 2639 et
1384 2600 1486 2637 non
1517 2586 1565 2636 in
1599 2600 1757 2637 carne
1783 2586 1947 2639 conm

392 2652 601 2705 ientes.
636 2651 735 2718 Qui
788 2654 952 2717 enim,
980 2670 998 2702 ι
1027 2664 1079 2707 ει
1121 2654 1342 2720 reliqua.
1372 2653 1572 2707 Deinde
1613 2656 1949 2709 animadver-

391 2723 611 2794 tendum
655 2731 757 2784 est,
790 2736 895 2775 non
921 2737 1092 2794 raro,
1122 2722 1399 2794 Didymum
1441 2723 1494 2794 in
1534 2724 1761 2777 diversis
1794 2725 1949 2779 unius

390 2790 744 2861 ejusdemque
784 2792 962 2857 operis
1000 2792 1128 2845 locis
1170 2790 1329 2845 unum
1364 2808 1429 2847 ac
1476 2793 1612 2845 idem
1658 2794 1946 2861 Scriptura:

395 2860 766 2914 testimonium
798 2862 1023 2915 diversis
1041 2862 1209 2916 modis
1234 2864 1430 2929 legere,
1456 2872 1545 2915 aut
1569 2860 1905 2929 interpretari
1929 2882 1943 2916 :

395 2930 557 2999 «:tijus
589 2931 663 2983 rei
703 2930 853 2997 plura
896 2932 1135 2998 exempla
1177 2933 1227 2985 in
1276 2933 1421 2986 hisce
1480 2932 1610 2999 ipsis
1662 2933 1813 2987 libris
1871 2933 1946 2988 De

404 2997 663 3053 Trinitate
700 3002 880 3053 videre
912 2997 1064 3055 licet.
1089 3000 1227 3054 Nihil
1256 3002 1433 3063 itaque
1463 2997 1626 3065 eSset,
1651 3019 1746 3055 cur
1781 3004 1945 3056 mira-

398 3086 602 3140 remur,
643 3070 765 3124 siin
804 3071 937 3124 libro
963 3072 1174 3140 quidem
1224 3070 1296 3125 De
1336 3070 1533 3137 Spiritu
1576 3083 1752 3124 sancto
1786 3088 1941 3126 unam

394 3139 684 3193 lectionem
719 3150 934 3194 secutus
974 3139 1149 3203 esset,
1196 3140 1246 3193 in
1291 3142 1437 3195 hisce
1482 3155 1608 3195 vero
1659 3143 1809 3196 libris
1848 3159 1950 3196 non

396 3224 603 3276 paucos
630 3219 747 3277 post
778 3225 947 3263 annos
970 3210 1297 3277 compositis,
1328 3226 1385 3265 re
1417 3212 1674 3264 maturius
1710 3214 1957 3266 conside-

397 3289 543 3340 rata,
569 3294 687 3332 eam
714 3279 880 3345 ipsam
908 3281 1186 3335 lectionem
1220 3280 1670 3344 reprehendisset,
1700 3299 1763 3336 ac
1796 3284 1955 3336 aliam

400 3359 622 3402 secutus
650 3350 805 3401 foret.
1762 3407 1768 3413 ‘

472 3416 949 3487 (QlSncri/irium.
995 3418 1129 3473 llinc
1180 3420 1465 3482 colligitur,
1516 3420 1652 3474 ideiu
1692 3420 1956 3473 interdum

410 3486 783 3558 esseDidynio
821 3487 1009 3541 θυσίαν
1061 3506 1122 3542 ac
1156 3488 1429 3558 λατρείαν,
1480 3501 1706 3557 utroque
1755 3490 1962 3543 scilicet

414 3556 667 3679 grabqu
694 3561 1112 3679 é7saCI'lliClUlll)
1148 3562 1216 3613 ab
1245 3556 1308 3614 eo
1338 3556 1629 3629 designari.
1677 3558 1804 3613 \lide
1848 3569 1958 3615 not.

491 3664 506 3679 .
538 3642 654 3679 uae.
769 3668 782 3679 .

491 3664 506 3686 ,
538 3642 654 3692 pag.
694 3642 782 3682 Ol.

483 3696 939 3816 gaforrumpere.
976 3696 1175 3762 Codex,
1200 3697 1573 3770 λοιμήνασθαι.
1609 3698 1748 3766 Lego
1798 3697 1964 3769 λυμή-

409 3782 621 3822 νασυαι.

481 3836 555 3906 (4)
597 3833 875 3891 Fecerunt.
906 3835 1184 3891 Mirabitur
1214 3836 1440 3891 fortasse
1467 3839 1607 3905 quis,
1629 3855 1743 3893 eam
1776 3838 1963 3892 lectio-

407 3923 555 3977 nem,
597 3921 755 3975 quam
792 3907 1051 3975 pleraeque
1084 3907 1272 3977 saltem
1323 3906 1559 3977 Vulgata:
1603 3908 1965 3964 translationis

406 3976 677 4031 editiones
714 3977 929 4039 habent,
958 3976 1227 4045 suggillari
1269 3993 1296 4029 a
1336 3978 1574 4046 Didymo,
1614 3980 1766 4047 quasi
1798 3981 1966 4030 conli-

406 4059 561 4117 ctam
585 4047 653 4098 ab
693 4047 977 4101 hari‘eticis.
1022 4050 1091 4099 At
1116 4047 1307 4101 licebat
1338 4047 1543 4117 Didymi
1583 4058 1738 4102 aetate
1767 4048 1816 4100 id
1844 4063 1966 4100 sen-

316 4132 322 4137 ‘
410 4117 519 4171 tire
551 4116 651 4168 hac
693 4120 757 4169 de
807 4130 881 4175 re,
930 4121 1069 4181 quod
1115 4118 1284 4186 magis
1322 4116 1605 4171 arrideret.
1653 4118 1966 4171 Ambrosius

410 4201 571 4256 sane
593 4196 753 4253 atque
784 4188 1111 4255 Augustinus
1141 4187 1191 4239 id
1221 4190 1413 4254 ipsum,
1446 4190 1585 4256 quod
1622 4189 1704 4242 hic
1741 4203 1769 4239 a
1803 4186 1965 4256 Didy-

411 4271 504 4308 mo
528 4255 803 4317 dictatum,
838 4265 892 4307 et
924 4256 990 4309 ab
1022 4257 1303 4309 Ambrosio
1337 4255 1567 4311 fortasse
1603 4259 1797 4311 lectum
1854 4255 1968 4309 fue-

414 4336 522 4385 rat.
580 4324 835 4395 suifragio
878 4340 973 4377 suo
1022 4336 1201 4393 postea
1250 4330 1706 4395 comprobarunt:
1741 4337 1966 4393 uterque

410 4396 560 4448 enim
603 4406 656 4448 et
690 4394 921 4462 Spiritus
959 4398 1126 4449 sancti
1171 4394 1503 4450 divinitatem
1559 4415 1624 4453 ex
1664 4397 1764 4450 ltoc
1815 4396 1961 4448 Pauli

413 4467 534 4535 loco
582 4466 985 4535 demonstravit,
1041 4478 1095 4519 et
1142 4466 1416 4520 lectionem
1464 4467 1641 4531 illam,
1695 4465 1963 4535 πνεύματι

410 4532 555 4604 Θεῷ,
600 4534 650 4587 id
689 4544 768 4587 est
828 4536 1057 4603 «spiritu
1104 4536 1231 4600 Deo,
1258 4556 1276 4588 ι
1340 4548 1397 4589 ιιι
1438 4538 1677 4590 ﬁctitiam
1716 4532 1962 4605 explosit.

412 4605 731 4659 Ambrosius
780 4607 991 4673 quidem
1040 4606 1092 4659 in
1142 4606 1277 4660 libro
1335 4621 1369 4659 ιι
1405 4606 1479 4659 De
1523 4606 1723 4675 Spiritu
1765 4616 1964 4669 sancto,

414 4690 538 4743 cap.
577 4675 633 4738 3,
663 4679 775 4727 lucc
811 4674 1023 4740 scripsit
1057 4694 1069 4729 :
1107 4694 1125 4725 «
1156 4676 1219 4730 Et
1250 4678 1499 4744 quoniam
1537 4688 1830 4730 creatorem
1858 4676 1971 4744 Spi-

414 4748 581 4800 ritum
624 4757 845 4798 noverat
874 4744 1152 4814 (Paulus),
1186 4748 1337 4798 docet
1372 4747 1544 4799 eidem
1584 4748 1921 4800 serviendum
1952 4762 1966 4797 :

420 4835 439 4865 «
479 4816 663 4868 Videte
695 4830 858 4868 canes
892 4816 1086 4879 videte,
1114 4816 1278 4869 malos
1309 4818 1602 4884 operarim,
1650 4818 1823 4869 videte
1848 4830 1970 4868 cou-

412 4886 675 4939 «isioncm
707 4906 720 4938 :
749 4901 844 4939 nos
866 4888 1004 4956 enim
1031 4902 1213 4938 smnus
1239 4886 1595 4956 circumcisio,
1620 4888 1708 4956 qui
1749 4884 1969 4956 Spiritui

417 4956 513 5009 Dei
548 4956 831 5009 servimus.
862 4974 881 5006 ι
933 4954 1082 5021 Quod
1113 4956 1155 5009 si
1193 4956 1314 5025 quis
1359 4959 1423 5009 de
1468 4954 1779 5008 Latinorum
1825 4954 1970 5025 codif

414 5042 542 5080 cum
586 5027 845 5079 varietate
898 5024 1223 5087 contendit;
1258 5042 1483 5092 quorum
1530 5027 1735 5093 aliquos
1784 5024 1969 5091 perlidi

416 5096 771 5158 falsaverunt,
813 5094 1025 5149 Grzecos
1054 5096 1300 5160 inspiciat
1345 5096 1577 5153 codices,
1627 5106 1681 5147 et
1726 5096 1972 5149 advertat

415 5169 545 5235 quia
580 5165 651 5218 ibi
682 5166 939 5233 scriptum
971 5177 1052 5218 est
1081 5185 1093 5219 :
1126 5168 1186 5237 0i
1224 5164 1653 5237 ΠνεύματιγΘεοῦ
1686 5163 1974 5237 λατρεύοντ

414 5234 534 5298 τες,
575 5238 716 5303 quod
753 5237 1131 5303 interpretatur
1154 5234 1416 5291 Latinus:
1449 5252 1467 5286 «
1492 5236 1588 5302 Qui
1623 5234 1844 5304 Spiritui
1884 5234 1972 5287 Dei

416 5306 705 5359 servimus.
737 5323 756 5355 ι
819 5306 954 5373 Ergo
999 5321 1118 5357 cum
1165 5308 1501 5359 serviendum
1555 5306 1697 5359 dicat
1753 5304 1974 5374 Spiritui

419 5379 561 5429 idem
606 5374 912 5443 Apostolus,
970 5377 1058 5443 qui
1113 5392 1216 5429 nun
1263 5388 1545 5438 creaturae,
1605 5378 1696 5430 sed
1733 5375 1977 5429 Creatori

416 5445 621 5499 asserit
666 5446 1035 5507 serviendum;
1078 5448 1351 5499 evidenter
1390 5457 1573 5514 utique
1614 5455 1669 5499 et
1708 5448 1820 5514 ipse
1853 5462 1979 5499 san-

416 5530 565 5570 etum
591 5514 823 5567 ostendit
846 5515 1101 5581 Spiritum
1133 5527 1447 5569 creatorem.
1477 5556 1488 5567 .
1512 5537 1556 5568 ,ι
1596 5516 1721 5569 Post
1754 5519 1980 5569 Ambro-

416 5588 559 5640 sium
599 5599 725 5637 vero
758 5587 1083 5655 Augustinus
1106 5586 1167 5655 in
1206 5586 1341 5639 libro
1378 5587 1592 5655 quidem
1628 5602 1682 5639 ιιι
1718 5588 1785 5639 ad
1814 5584 1979 5637 Boui-

418 5655 641 5724 facium,
674 5669 794 5722 cap.
820 5652 873 5718 7,
917 5670 1063 5707 num.
1093 5654 1183 5719 92,
1237 5657 1374 5711 hanc
1394 5652 1703 5711 dectionum
1752 5656 1981 5708 varieta-

420 5737 529 5781 tem
555 5732 986 5789 commemorat,
1038 5726 1168 5793 quin
1222 5727 1379 5780 ullam
1452 5742 1520 5780 ex
1588 5727 1692 5782 illis
1751 5725 1979 5793 rejiciat.

2061 2396 2079 2427 «
2109 2374 2239 2429 Nam
2273 2391 2337 2429 ex
2366 2392 2473 2446 quo
2518 2377 2635 2430 loco
2681 2374 2921 2447 (inquit)
2969 2375 3205 2445 suscepit
3245 2374 3361 2447 haec
3409 2374 3609 2447 dicere,

2056 2447 2134 2502 sic
2193 2444 2417 2501 exorsus
2481 2457 2611 2501 est:
2651 2444 3172 2502 «Videte'caues
3201 2486 3216 2501 .
3293 2444 3400 2499 Nos
3466 2446 3609 2497 enim

2055 2530 2241 2570 sumus
2264 2517 2624 2579 circumcisio,
2652 2516 2739 2584 qui
2769 2516 2957 2583 spiritu
2994 2514 3103 2569 Deo
3142 2515 3403 2569 servimus
3427 2530 3475 2584 ,ι
3506 2514 3611 2575 vel,

2056 2588 2193 2637 sicut
2228 2586 2464 2638 nonnulli
2487 2583 2699 2639 codices
2728 2586 2946 2647 habent,
2996 2602 3016 2635 «
3039 2586 3130 2653 qui
3163 2584 3387 2653 Spiritui
3420 2583 3558 2653 Deo,
3586 2602 3605 2634 ι

2056 2656 2159 2716 vel,
2197 2674 2213 2705 «
2242 2655 2463 2723 Spiritui
2493 2656 2581 2709 Dei
2614 2654 2897 2714 servimus,
2929 2664 2981 2708 et
3012 2652 3305 2723 gloriamur
3326 2654 3377 2707 in
3399 2652 3613 2707 Christo

2059 2743 2078 2772 ε
2129 2723 2277 2787 Jesu,
2319 2731 2372 2776 et
2418 2740 2519 2778 non
2554 2724 2603 2777 in
2637 2738 2801 2778 carne
2855 2726 3098 2779 lidentes.
3128 2744 3145 2775 ι
3190 2723 3382 2776 Verum
3419 2738 3536 2791 cap.
3579 2724 3610 2775 7

2052 2793 2173 2847 libri
2207 2812 2219 2847 I
2272 2792 2345 2846 De
2378 2792 2630 2847 Trinitate
2659 2794 2859 2860 aliquot
2885 2804 3011 2847 ante
3040 2809 3209 2847 annos
3238 2795 3352 2847 hinc
3378 2792 3609 2860 scripse-

2056 2876 2137 2916 rat
2164 2879 2308 2918 num.
2340 2863 2444 2916 1'5:
2477 2883 2494 2913 «
2522 2864 2781 2918 Similiter
2818 2872 2871 2916 et
2912 2864 2977 2917 de
3016 2862 3216 2931 Spiritu
3264 2871 3449 2915 sancto
3495 2861 3609 2914 cul-

2052 2932 2183 2985 lecta
2224 2944 2346 2986 sunt
2402 2933 2730 2995 testimonia,
2783 2932 2975 3000 quibus
3019 2943 3144 2987 ante
3182 2948 3298 2990 nos,
3352 2932 3440 2996 qui
3496 2931 3610 2984 lizec

2051 3003 2852 3070 disputaveruntabundantius,
2889 3002 2968 3056 usi
3010 3013 3158 3065 sunt,
3201 3001 3609 3072 (anDidyimmn

1981 3113 2023 3170 Ο
2060 3087 2270 3170 quoque
2298 3072 2382 3125 hic
2415 3072 3035 3170 respicitAulglriustinus?)
3068 3073 3264 3170 quianet
3301 3071 3429 3170 iipse‘
3448 3071 3609 3170 Deus:

2058 3152 2112 3195 et
2158 3158 2263 3194 non
2306 3150 2589 3194 creatura.
2617 3179 2632 3195 .
2664 3185 2677 3198 .
2727 3140 2957 3196 Maxime
2997 3140 3123 3195 vero
3167 3141 3255 3194 illo
3314 3141 3429 3194 loco
3484 3140 3615 3194 satis

2061 3211 2247 3273 claret,
2281 3213 2419 3279 quod
2457 3211 2686 3279 Spiritus
2724 3223 2945 3266 sanctus
2984 3226 3086 3266 non
3120 3212 3189 3263 sit
3217 3220 3488 3270 creatura,
3522 3209 3612 3263 ubi

2055 3280 2309 3347 jnbemnr
2340 3298 2441 3332 non
2472 3281 2672 3335 senire
2713 3294 2997 3344 creaturae,
3044 3285 3137 3335 sed
3176 3281 3417 3335 Creatori
3454 3293 3469 3331 :
3510 3292 3613 3331 non

2064 3366 2127 3404 eo
2151 3352 2327 3411 modo,
2364 3366 2467 3418 quo
2491 3349 2743 3416 jubeninr
2772 3368 2865 3415 per
2890 3350 3207 3403 charitatem
3246 3352 3447 3403 servire
3482 3349 3616 3402 invi-

2061 3435 2198 3480 cem,
2230 3422 2368 3489 quod
2392 3426 2471 3473 est
2503 3420 2687 3474 Gnece
2730 3420 3019 3483 δουλεύειν,
3067 3422 3159 3473 sed
3202 3434 3265 3489 eo
3303 3420 3479 3479 modo,
3510 3433 3617 3487 quo

2064 3488 2264 3559 tantum
2294 3489 2400 3551 Deo
2431 3490 2682 3549 servitur,
2717 3493 2857 3558 quod
2893 3501 2974 3543 est
3006 3489 3190 3544 Graece
3216 3488 3532 3559 λατρεύειν.
3556 3528 3569 3541 .
3597 3526 3614 3540 .

2061 3558 2227 3613 Porro
2270 3560 2313 3612 si
2359 3560 2447 3612 tali
2498 3560 2758 3612 servitute
2800 3569 3059 3613 creatura:
3111 3558 3329 3612 servire
3368 3558 3617 3625 prohibe-

2064 3643 2183 3681 mur
2207 3668 2222 3683 .
2248 3666 2263 3679 .
2293 3666 2308 3680 .
2336 3669 2351 3684 .
2378 3668 2394 3691 ,
2443 3644 2547 3681 non
2576 3636 2673 3699 est‘
2692 3629 2877 3699 utique
2923 3639 3171 3699 creatura
3214 3628 3617 3699 SpiritusAsan-

2063 3707 2202 3763 ctus,
2229 3700 2313 3751 cui
2349 3703 2415 3751 ab
2441 3698 2692 3751 oumibns
2726 3695 2927 3752 sanctis
2964 3698 3085 3750 talis
3129 3699 3361 3751 servitus
3392 3695 3616 3748 exhibe-

2072 3776 2180 3830 tnr,
2228 3768 2437 3821 dicente
2468 3767 2721 3833 Apostolo
2752 3786 2764 3821 :
2802 3790 2818 3818 «
2843 3767 2946 3821 Nos
2990 3768 3129 3821 enim
3167 3782 3350 3820 sumus
3388 3766 3619 3820 circum-

2070 3836 2221 3906 cisio,
2247 3838 2479 3906 Spiritui
2515 3837 2605 3889 Dei
2630 3838 2945 3900 servientes,
2972 3856 2991 3887 ι
3027 3838 3166 3906 quod
3233 3837 3395 3906 estin
3430 3834 3618 3906 Gratco

2064 3904 2441 3977 λατρεύοντες.
2466 3906 2652 3977 Plures
2698 3907 2840 3960 enim
2872 3904 3087 3977 codices
3124 3908 3283 3960 etiam
3318 3904 3488 3977 Latin_i
3540 3904 3618 3977 sic

2067 3973 2265 4029 habent
2312 3995 2323 4031 :
2376 3976 2515 4043 «Qui
2587 3974 2805 4044 Spiritui
2871 3976 2960 4031 Dei
3021 3978 3283 4030 servimus
3332 3992 3395 4026 ει
3447 3973 3619 4028 (Ἑτωεὶ

2066 4057 2242 4098 autem
2271 4063 2478 4109 «mines,
2513 4059 2602 4098 aut
2642 4061 2774 4113 pene
2807 4061 3014 4101 onmes.
3060 4045 3114 4100 ιιι
3141 4044 3412 4100 nonnullis
3437 4053 3616 4097 autem

2067 4116 2458 4183 exemplaribus
2526 4114 2732 4170 Latinis
2797 4117 3093 4169 inveniums
3145 4133 3285 4178 non,
3352 4113 3617 4183 «Spiritui

2071 4185 2157 4238 Dei
2210 4182 2493 4249 Servitium,
2517 4205 2534 4237 ι
2578 4190 2693 4248 sed,
2733 4205 2750 4235 «
2780 4189 2966 4254 spiritu
3006 4186 3111 4239 Deo
3141 4182 3464 4239 servimus.)
3512 4182 3618 4235 Sed

2065 4255 2154 4323 qui
2180 4254 2231 4306 in
2264 4259 2361 4308 hoc
2386 4266 2589 4317 errant,
2618 4267 2671 4308 et
2705 4256 3009 4308 auctoritati
3042 4257 3271 4325 graviori
3298 4254 3617 4325 cederede-

2068 4333 2326 4388 trectant,
2398 4328 2632 4392 nunquid
2694 4336 2746 4377 et
2800 4327 2925 4378 illud
2985 4330 3190 4378 varium
3247 4327 3295 4377 iu
3346 4324 3620 4376 codicibus

2070 4394 2370 4463 reperiunt:
2393 4393 2650 4448 «Nescitis
2676 4395 2797 4463 quia
2821 4411 3043 4463 corpora
3074 4406 3294 4456 vestra,»
3323 4404 3375 4446 et
3404 4407 3617 4463 «uetera.

2136 4461 2311 4585 (5)1.38‘6
2340 4475 2531 4518 autem.
2555 4461 2709 4519 Rom.
2749 4480 2859 4528 vni,
2898 4466 2981 4517 ll.
3008 4462 3138 4519 Vide
3173 4476 3323 4518 notas
3358 4463 3425 4517 55
3445 4472 3497 4517 et
3530 4462 3618 4525 56,

2136 4550 2185 4585 ιι.
2318 4574 2331 4585 .

2069 4536 2331 4602 pag.180.

2162 4604 2214 4670 ti;
2249 4602 2695 4670 Sempiternaque.
2744 4606 2896 4658 Ilom.
2932 4621 2968 4665 t,
2998 4604 3087 4658 20.

2166 4672 2636 4751 7)“lm_minttatrur.
2671 4675 2821 4751 _”2£(',
2882 4679 2933 4727 ni
2989 4675 3163 4751 l'allor,
3209 4673 3414 4751 Didymi
3472 4689 3623 4728 mens

2070 4754 2151 4795 est
2188 4760 2201 4794 :
2236 4744 2492 4796 Catholici
2544 4742 2798 4810 Spiritum
2839 4753 3081 4797 samtuni
3131 4742 3449 4799 Deuiii'esse
3497 4759 3623 4811 pro-

2070 4816 2198 4883 bant
2223 4830 2287 4883 ex
2320 4813 2382 4865 iis
2404 4814 2693 4883 Scriptura:
2723 4814 2875 4878 locis,
2908 4815 3169 4883 inquibus
3196 4815 3305 4882 ipse
3332 4815 3627 4881 appellatur

2077 4899 2095 4930 «
2126 4882 2353 4950 Spiritus
2394 4882 2624 4955 divinus.
2652 4902 2668 4933 ι
2702 4883 2857 4955 (Vide
2895 4882 3061 4952 segni.
3105 4884 3171 4937 56
3211 4902 3241 4937 a
3280 4894 3337 4955 et
3367 4885 3441 4952 ὁ.)
3493 4883 3623 4935 Nam

2072 4956 2255 5005 eodem
2286 4953 2439 5004 modo
2479 4970 2497 5002 «
2526 4953 2761 5006 divinum
2790 4974 2808 5005 ι
2851 4954 3046 5007 Paulus
3090 4964 3237 5007 vocat
3273 4953 3431 5008 etiam
3463 4955 3625 5007 Dentn

2075 5021 2307 5085 Patrem,
2335 5022 2459 5074 dum
2484 5022 2597 5086 eius
2642 5041 2659 5073 «
2691 5026 3019 5077 divinitatem
3053 5042 3070 5074 ι
3121 5025 3359 5076 nominat
3404 5027 3553 5075 llom.
3586 5037 3625 5087 ι,

2073 5090 2144 5146 20
2168 5109 2182 5155 ;
2219 5092 2450 5161 loquitur
2479 5109 2619 5145 enim
2645 5094 2713 5146 ibi
2741 5094 2805 5147 de
2838 5096 2942 5147 Deo
2969 5092 3146 5147 Patre.
3181 5093 3428 5147 llaeretici
3453 5096 3630 5161 itaque

2078 5171 2134 5214 ιιι
2162 5165 2314 5215 istam
2337 5162 2733 5215 Catholicorum
2767 5165 3026 5216 rationem
3065 5164 3416 5227 inlirmarent,
3450 5165 3499 5214 in
3528 5166 3629 5216 hoc

2077 5231 2222 5284 Pauli
2280 5232 2399 5284 loco
2458 5247 2639 5285 vocem
2693 5230 2922 5303 θειότης,
2984 5234 3032 5285 id
3092 5243 3174 5287 est
3238 5251 3256 5283 «
3297 5235 3627 5294 divinitas,»

2076 5311 2468 5371 expunxerunt,
2540 5316 2604 5355 ac
2645 5317 2740 5369 pro
2799 5320 2863 5357 ea
2910 5304 3241 5371 scripserunt
3288 5303 3632 5371 legeruntqne

2078 5370 2287 5441 θεότης,
2324 5372 2373 5423 id
2406 5381 2488 5443 est
2531 5390 2548 5422 «
2572 5374 2763 5443 denas.
2794 5391 2812 5443 ι
2857 5374 2969 5443 Ipse
3012 5370 3185 5425 tamen
3228 5370 3502 5443 Didjmus,
3540 5382 3633 5425 aut

2078 5440 2509 5503 certehbrarius,
2542 5458 2661 5511 pag.
2700 5440 2768 5495 73
2800 5442 2927 5513 legit
2950 5442 3157 5511 θεότης.
3190 5440 3635 5513 Illud'mihi_pr;ef

2083 5522 2228 5564 terea
2260 5513 2309 5563 in
2340 5522 2569 5582 utentem
2619 5510 2780 5575 venit,
2820 5510 3103 5582 Didymuni
3132 5517 3368 5582 fortasse
3397 5512 3462 5582 in
3483 5510 3631 5564 Pauli

2081 5584 2258 5651 verbis
2294 5597 2312 5630 «
2339 5580 2590 5634 virtutis»
2630 5583 2841 5635 nomine
2882 5579 3096 5648 Filium,
3132 5583 3220 5651 qui
3272 5582 3322 5634 in
3355 5579 3372 5634 l
3402 5581 3466 5633 ad
3507 5582 3630 5635 Cor.

2082 5665 2123 5713 ι,
2148 5650 2237 5716 24,
2270 5651 2464 5704 dicitur
2500 5668 2518 5701 «
2545 5652 2716 5705 virtus
2737 5670 2756 5702 ι
2792 5650 3000 5719 Patris;
3030 5669 3047 5702 «
3078 5650 3372 5705 divinitatis
3396 5670 3413 5701 ›
3455 5660 3635 5705 autem

2085 5721 2339 5777 vocabulo
2382 5738 2401 5772 «
2431 5720 2667 5777 diviumn
2697 5741 2715 5774 ι
2751 5722 3007 5791 Spiritum
3035 5723 3352 5794 intelligere.
