4082 6406
582 276 688 334 567

1851 275 2081 331 DlDYMl
2118 273 2587 331 ALEXANDRINI
3686 279 3773 338 εδδ

583 391 731 445 illum
762 391 927 447 Deum
956 405 1077 448 esse
1103 393 1476 449 demonstrant
1499 406 1564 449 ex
1595 406 1660 446 eo
1706 393 1850 460 quod
1909 392 1960 446 in
2000 392 2298 462 Scripturis
2328 399 2545 445 vocetur
2584 408 2604 442 ‹
2639 389 2852 445 divinus
2879 389 3131 459 Spiritus.
3167 407 3187 443 ι
3232 388 3300 444 Et
3329 404 3444 446 cum
3481 407 3543 448 ex
3575 411 3775 463 persona

580 482 816 548 Spiritus
841 483 1013 538 sancti
1059 484 1224 538 Amos
1273 483 1349 555 (8)
1377 483 1639 552 propheta
1682 483 1902 548 dixerit,
1933 501 1952 535 ι
2007 482 2145 537 Ecce
2181 497 2280 552 ego
2312 481 2386 553 (9)
2419 481 2642 536 firmans
2693 481 3012 546 tonitruum,
3045 500 3064 534 ι
3091 492 3432 551 amputarunt
3468 485 3558 553 ipsi
3595 502 3774 556 vocent,

584 572 726 642 «Ego
759 574 939 643 (10);)
977 591 1042 630 ne
1069 576 1302 645 Spiritus
1341 577 1514 631 sancti
1553 577 1712 629 verba
1745 591 1866 630 esse
1890 575 2194 642 videantur,
2240 575 2332 630 sed
2367 575 2567 636 Patris,
2610 574 3017 642 autprophetae.
3051 574 3119 627 At
3159 573 3379 642 loquens
3420 575 3485 630 ibi
3525 591 3619 629 non
3649 579 3779 633 indu-

577 666 717 718 citur
759 664 920 720 Pater
969 682 1034 721 ac
1093 669 1264 735 Deus;
1320 670 1445 738 quia
1497 668 1680 722 statim
1741 667 2136 738 subjungitur:
2184 685 2203 718 ι
2240 665 2581 721 Annuntiaus
2665 666 2716 720 in
2769 665 3074 718 hominibus
3115 663 3387 720 Christum
3450 665 3642 732 ejus;i
3687 685 3774 723 nou

576 773 708 810 vero
748 760 965 827 dicitur,
1000 779 1019 812 ‹
1047 761 1319 816 Christum
1356 777 1532 816 meum
1567 780 1627 828 ;›
1667 762 1808 816 sicut
1841 761 1892 814 in
1938 762 2146 830 psalmo
2175 761 2414 830 legitur:
2466 780 2484 812 ‹
2539 761 2729 815 Paravi
2782 761 2892 830 (ll)
2938 759 3214 815 lucernam
3268 762 3474 816 Christo
3512 780 3639 822 meo.
3686 787 3702 818 ι
3732 766 3776 819 In

581 854 762 906 multis
804 864 982 908 autem
1031 871 1124 910 eos
1166 858 1230 912 de
1282 857 1545 912 industria
1589 872 1839 926 peccasse
1886 856 1969 911 vel
2023 856 2150 910 hinc
2188 865 2430 925 apparet,
2500 866 2662 926 atque
2737 864 3044 910 accuratam
3091 871 3502 925 germanamque
3543 858 3778 912 adultera-

601 962 752 1000 orum
797 947 1034 1001 locorum
1106 941 1627 1018 interpretationem,
1671 958 1928 1016 quantum
1996 950 2213 1018 quidem
2257 949 2308 1002 in
2340 949 2472 1016 ipsis
2501 960 2639 1017 erat,
2673 949 3007 1018 corrupisse.
3048 951 3222 1017 Atque
3266 950 3362 1001 hoc
3391 950 3612 1002 nondum
3641 967 3778 1020 grave

581 1035 738 1099 foret,
808 1038 906 1092 etsi
960 1040 1334 1107 gravissimum
1385 1041 1474 1102 sit,
1515 1040 1615 1092 nisi
1666 1039 1786 1093 libri
1815 1040 1888 1092 ita
1941 1039 2007 1094 ab
2051 1039 2154 1094 illis
2191 1039 2482 1092 adulterati
2525 1039 2580 1093 in
2627 1054 2818 1094 manus
2859 1040 3023 1093 etiam
3065 1039 3478 1094 orthodoxorum
3517 1042 3776 1106 venissent,

578 1129 668 1194 qui
706 1128 1009 1194 hujusmodi
1055 1129 1297 1182 fraudem
1331 1130 1583 1198 detegere
1627 1145 1690 1184 ac
1742 1131 1990 1186 divinare
2033 1145 2138 1184 non
2181 1136 2448 1200 poterant.

1103 1223 1269 1295 243
1308 1223 1460 1278 CAP.
1507 1223 1619 1278 xu.

579 1313 832 1382 Spiritum
863 1325 1101 1369 sanctum
1152 1319 1461 1382 baptismate
1505 1334 1596 1370 nos
1631 1333 1900 1383 renovare,
1946 1326 1994 1371 et
2033 1327 2149 1370 tan-

648 1403 802 1456 quam
837 1387 1112 1439 Dominum
1153 1387 1392 1448 liberare,
1422 1399 1466 1438 et
1497 1389 1690 1456 divina:
1717 1388 1901 1455 ρίου-ξω
1932 1389 2149 1456 partici-

646 1455 733 1523 pes
765 1455 956 1522 facere,
987 1466 1033 1508 et
1063 1457 1223 1523 ﬁlios,
1247 1467 1292 1508 et
1329 1457 1560 1510 Itwredes
1605 1455 1779 1509 Patris
1807 1500 1822 1521 ,
1851 1469 1897 1509 et
1923 1455 2142 1523 reliqua.

647 1524 713 1576 Et
754 1527 1060 1592 baptismum
1133 1526 1369 1578 inutilem
1427 1543 1534 1578 esse
1571 1528 1632 1577 iis
1670 1529 1755 1593 qui
1792 1545 1893 1579 non
1929 1531 2144 1579 credunt

647 1593 900 1664 Spiritum
933 1612 1042 1648 esse
1073 1595 1259 1648 Deum.
1299 1595 1362 1647 Et
1409 1598 1567 1649 aliam
1605 1613 1712 1650 esse
1745 1597 1870 1650 solis
1899 1598 2141 1665 gloriam,

643 1665 804 1718 aliam
833 1666 992 1730 luna',
1017 1667 1179 1718 aliam
1205 1678 1490 1720 astrorum.

645 1878 749 1932 Sed
785 1879 1045 1932 hactenus
1098 1877 1235 1931 dicta
1288 1877 1578 1944 sufficiant,
1619 1848 1686 1933 ne
1729 1879 1940 1951 longior
1959 1881 2030 1936 sit
2060 1882 2143 1937 di-

571 1967 798 2037 gl'i‘SSiO.
843 1966 1200 2019 Revertantur
1233 1978 1414 2019 autem
1463 1967 1526 2019 ad
1562 1966 1868 2020 munificam
1919 1983 2141 2037 magno-

574 2075 799 2127 rumque
832 2059 1092 2113 donorum
1128 2059 1456 2128 largitricem
1497 2059 1733 2127 Spiritus
1763 2060 1935 2114 sancti
1970 2060 2142 2114 deita-

574 2162 701 2205 ti-m.
736 2150 981 2204 Renovat
1019 2151 1185 2219 igitur
1217 2166 1314 2204 nos
1346 2151 1398 2203 in
1443 2152 1709 2218 baptismo
1744 2149 1975 2218 Spiritus
2013 2168 2138 2206 san-

569 2251 690 2296 ctus
719 2253 777 2295 ut
806 2241 964 2305 Deus,
990 2257 1093 2295 una
1120 2258 1240 2295 cum
1273 2242 1430 2295 Patre
1453 2250 1507 2294 et
1540 2241 1698 2308 Filio,
1730 2259 2021 2311 nosque'ex
2047 2245 2140 2298 de-

570 2334 728 2386 formi
775 2344 914 2387 statu
962 2335 1028 2386 ad
1078 2335 1360 2402 pristinam
1411 2333 1866 2402 pulchritudinem
1911 2336 2136 2401 reducit,

569 2441 634 2479 ac
661 2441 758 2478 sua
802 2425 988 2495 implet
1013 2427 1205 2496 gratia,
1235 2425 1368 2479 adeo
1408 2434 1467 2478 ut
1500 2426 1697 2479 nullam
1739 2427 1970 2496 amplius
2002 2443 2135 2495 rem,

2885 1225 3043 1279 ΚΕΦ.
3084 1224 3184 1278 IB'.

2250 1314 2388 1381 Περὶ
2422 1314 2528 1368 τοῦ
2570 1313 2635 1366 τὸ
2669 1313 2838 1383 ἅγιον
2875 1315 3114 1384 Πνεῦμα
3142 1313 3530 1374 ἀνακαινίζειν
3546 1311 3686 1382 ἡμᾶς
3711 1313 3779 1381 τῷ

2312 1386 2685 1452 ,βαπτίσματι
2711 1401 2722 1411 ·
2781 1384 2877 1436 καὶ
2937 1385 3016 1450 ὡς
3070 1387 3378 1448 Δεσπότην
3430 1385 3774 1453 ἐλευθεροῦν

2317 1457 2415 1508 καὶ
2465 1454 2660 1507 ποιεῖν
2699 1455 2992 1522 μετόχους
3039 1456 3198 1519 θείας
3247 1453 3447 1520 δόξης,
3497 1455 3585 1507 καὶ
3635 1454 3777 1519 υἱοὺς

2318 1525 2413 1578 καὶ
2457 1525 2872 1591 κληρονόμους
2919 1524 3024 1578 τοῦ
3066 1525 3319 1590 Πατρός·
3364 1526 3458 1578 καὶ
3496 1525 3564 1576 τὰ
3601 1525 3775 1579 λοιπά.

2315 1596 2425 1648 Καὶ
2461 1593 2592 1660 περὶ
2623 1594 2728 1646 τοῦ
2754 1594 3054 1665 ἀνόνητον
3077 1591 3229 1647 εἶναι
3254 1595 3318 1646 τὸ
3352 1594 3651 1665 ,ϐάπτισμα
3675 1594 3778 1656 τοῖς

2317 1665 2405 1737 μὴ,
2447 1665 2842 1737 εξιο-τεύουσζν
2868 1663 2956 1737 ὅτι
2995 1663 3124 1737 [lli
3151 1666 3202 1737 bl
3253 1665 3396 1737 Θερς
3433 1666 3494 1716 τὸ
3534 1663 3773 1737 Πνεῦμα·

2315 1733 2413 1787 καὶ
2449 1735 2536 1786 ὅτι
2583 1734 2740 1798 ἄλλη
2773 1735 2950 1797 ἡλίου
2981 1734 3151 1801 δόξα,
3185 1733 3282 1788 καὶ
3320 1733 3476 1802 ἄλλη
3516 1735 3773 1801 σελήνης,

2317 1805 2416 1858 καὶ
2452 1805 2610 1864 ἄλλη
2647 1802 2934 1871 ἀστέρων.

2325 1897 2486 1950 Ἀλλὰ
2504 1896 2679 1950 ταῦτα
2704 1897 2800 1967 μὲν
2822 1895 2914 1948 ἐπὶ
2938 1897 3189 1951 τοσοῦτον
3213 1897 3449 1969 ἀπόχρη,
3472 1897 3554 1949 ἵνα
3575 1897 3642 1967 μὴ
3665 1894 3776 1947 πολὺ

2241 1991 2269 2042 ὁ
2290 1989 2349 2042 λό
2363 2006 2446 2057 τος
2468 1991 2522 2042 ὲν
2548 1990 2789 2059 ἐκτροπῇ
2818 1989 3062 2059 γένηται.
3089 1989 3428 2059 Ἐπανίωμεν
3461 1987 3515 2041 δὲ
3533 1987 3678 2040 πάλιν
3703 1987 3779 2038 ἐπὶ

2239 2081 2338 2152 τὴν
2365 2080 2736 2152 μεγαλόδωρον
2767 2079 2860 2131 τοῦ
2881 2080 3033 2148 ἁγίου
3054 2079 3190 2132 Πνεύ
3201 2097 3367 2149 ματος
3390 2079 3624 2148 Οεότητα.
3655 2079 3780 2130 Ἀναο

2243 2169 2473 2234 καινίζει
2508 2170 2684 2222 τοίνυν
2719 2170 2868 2239 ἡμᾶς
2889 2168 2951 2220 τὸ
2983 2169 3134 2236 ἆγιον
3163 2168 3386 2238 Πνεῦμα
3415 2171 3471 2220 ὲν
3500 2167 3572 2238 τῷ
3612 2165 3780 2238 βαπτί-

2243 2278 2431 2331 σματι,
2461 2261 2536 2323 ὡς
2564 2260 2714 2324 Θεὸς,
2751 2261 2848 2312 σὺν
2889 2259 2966 2330 τῷ
3000 2261 3173 2330 Πατρὶ
3203 2260 3296 2313 καὶ
3322 2260 3400 2331 τῷ
3429 2259 3560 2330 Υίῷ,
3587 2261 3670 2312 καὶ
3690 2257 3779 2311 ἀπὸ

2239 2351 2333 2403 τοῦ
2368 2349 2634 2412 ἀκαλλοῦς
2668 2352 2748 2412 εἰς
2774 2349 2834 2402 τὸ
2867 2349 3234 2421 πρεσϐύτερον
3265 2352 3455 2421 ἀνάγει
3487 2351 3684 2416 κάλλος,
3703 2351 3780 2402 καὶ

2240 2444 2338 2514 τῆς
2369 2442 2566 2497 ἑαυτοῦ
2599 2443 2904 2514 πίμπλησιν
2958 2443 3201 2515 χάριτος,
3245 2443 3322 2508 ὼς
3377 2443 3644 2516 μηδὲνοᾶι
3688 2441 3778 2494 τῶν

568 2533 688 2586 qua-
720 2519 1017 2585 expetenda
1056 2531 1160 2569 non
1188 2518 1278 2582 sit,
1315 2531 1510 2584 capere
1547 2518 1816 2586 pOSsimus
1848 2537 1862 2574 :
1905 2527 1959 2572 et
2003 2518 2134 2574 libe-

2241 2537 2556 2608 ἀνεράστων
2591 2535 2850 2590 δύνασθαι
2885 2538 3111 2607 χωρεῖν·
3151 2537 3244 2590 καὶ
3277 2537 3547 2609 ἐλευθεροῖ
3577 2535 3673 2589 ἀπὸ
3697 2533 3781 2603 τῆς

569 2619 652 2662 rat
693 2625 722 2661 a
768 2619 990 2678 peccato
1032 2619 1196 2678 atque
1231 2625 1258 2661 a
1308 2617 1522 2662 morte:
1559 2619 1615 2663 et
1652 2626 1716 2664 ex
1768 2613 1999 2666 terrenis
2029 2652 2044 2676 ,
2085 2613 2138 2666 id

568 2712 670 2763 est,
707 2717 770 2755 ex
820 2721 838 2751 ι
861 2711 1003 2754 terra
1053 2710 1106 2754 et
1131 2701 1336 2762 cinere,
1382 2719 1400 2751 ι
1436 2701 1571 2769 (12),
1605 2701 1874 2768 spiritales
1905 2703 2053 2768 facit,
2085 2714 2136 2757 et

567 2793 856 2862 participes
886 2791 1078 2844 divina:
1129 2791 1333 2860 gloriae,
1390 2801 1444 2844 et
1473 2791 1610 2843 filios
1653 2801 1707 2844 et
1753 2792 1994 2847 haeredes
2039 2793 2132 2848 Dei

567 2903 629 2940 ac
662 2886 860 2948 Patris,
897 2881 1272 2937 etconformes
1307 2883 1555 2951 imaginis
1579 2883 1720 2945 Filii,
1755 2896 1806 2936 et
1826 2885 2133 2940 colueredes

567 2976 704 3043 ejus,
742 2985 798 3028 et
843 2975 1068 3037 fratres,
1097 2990 1198 3026 una
1248 2990 1368 3026 cum
1401 2988 1465 3026 eo
1513 2974 1911 3043 glorificaudos,
1947 2977 2135 3030 simul-

569 3084 672 3139 que
701 3085 820 3122 cum
849 3069 964 3136 ipso
1003 3077 1362 3136 regnaturus:
1407 3077 1460 3120 et
1491 3084 1586 3135 pro
1626 3078 1768 3120 terra
1807 3083 1993 3124 rursus
2038 3071 2135 3123 do-

569 3170 660 3214 nat
689 3160 796 3229 (l3)
834 3159 1052 3217 ccelutn,
1092 3171 1145 3211 et
1179 3158 1482 3226 paradisum
1535 3157 1824 3212 liberaliter
1868 3161 2133 3229 largitur:

567 3261 622 3307 et
653 3251 855 3321 angelis
878 3251 988 3319 jam
1018 3250 1394 3304 honoratiores
1425 3250 1556 3304 facit
1585 3272 1598 3306 :
1629 3259 1684 3305 et
1729 3252 1925 3308 divinis
1970 3254 2136 3322 pisci-

639 3477 714 3547 (8)
753 3477 930 3530 Amos.
963 3474 1166 3539 Codex,
1207 3474 1408 3546 Ἀμώς,
1442 3490 1570 3547 εει-ιη
1594 3474 1784 3542 spiritu
1813 3491 2027 3547 aspero.

639 3544 715 3619 (9)
741 3547 876 3619 Ecce
906 3562 1017 3619 ego.
1059 3547 1223 3619 Amos
1253 3544 1334 3619 tv,
1358 3547 1442 3599 l3.
1477 3544 1607 3619 Xide
1633 3556 1797 3619 caput
1815 3544 1887 3600 51⁷
1909 3548 2026 3600 libri
2052 3562 2132 3619 Ill.

566 3612 958 3686 Coinplutensis
1022 3617 1185 3670 editio
1252 3612 1829 3686 liabetdeptog'ei,
1902 3617 2136 3686 στερεῶν

566 3689 816 3812 βροντήν,
850 3688 900 3738 id
942 3696 1024 3739 est
1080 3702 1098 3734 ε
1121 3687 1378 3739 Dominus
1410 3702 1469 3739 es
1509 3687 1731 3739 firmans
1769 3687 2082 3741 tonitruum.
2110 3706 2130 3740 ι

614 3756 1036 3812 rancot‘urtensis
1067 3771 1194 3809 vero
1223 3757 1386 3810 editio
1413 3757 1589 3812 habet,
1623 3766 1677 3806 nt
1708 3756 1948 3812 legerunt
1980 3758 2130 3812 Didv-

614 3756 1036 3829 rancot‘urtensis
1067 3771 1194 3829 vero
1223 3756 1948 3829 editio_h_abet,-ntlegerunt
1980 3758 2139 3829 Didy-

567 3845 686 3882 mus
715 3843 834 3882 cum
869 3826 1043 3879 hocin
1069 3825 1206 3892 loco,
1249 3837 1358 3879 tum
1403 3825 1538 3878 libro
1585 3823 1657 3878 De
1684 3824 1884 3894 Spiritu
1929 3823 2134 3891 sancto,

567 3914 714 3951 num.
772 3896 858 3958 14,
921 3895 1009 3958 59,
1051 3905 1212 3964 atque
1259 3896 1580 3951 Ambrosius
1608 3895 1702 3950 lib.
1737 3912 1777 3950 ιι
1821 3896 1900 3950 De
1929 3896 2134 3967 Spiritu

565 3977 900 4034 sancto,cap.
927 3968 978 4018 6.

637 4038 747 4108 (10)
802 4036 939 4110 Ego1
955 4034 1167 4110 χυθείη
1211 4036 1369 4102 hanc,
1403 4034 1534 4110 Ego,
1573 4035 1774 4110 omittit
1818 4037 1931 4106 ipse
1973 4037 2134 4110 Didy-

568 4105 686 4162 mus
714 4105 882 4176 segni.
911 4105 1013 4176 207
1051 4122 1104 4176 α,
1139 4120 1237 4159 nec
1276 4120 1396 4158 eam
1424 4105 1585 4159 habet
1619 4105 1899 4162 Hebraeum
1946 4105 2134 4162 exerit-

565 4179 702 4246 plar,
753 4174 805 4230 in
848 4191 954 4245 quo
997 4174 1189 4245 legitur
1239 4182 1542 4246 D’th'ml
1581 4186 1702 4236 run.
1741 4177 1791 4246 id
1831 4178 2135 4246 estrcEcce

569 4239 809 4317 i‘oruiaus
866 4239 1097 4317 inmites,
1131 4263 1150 4295 ι
1209 4256 1266 4299 ut
1317 4245 1511 4317 legitur
1561 4249 1726 4317 etiam
1769 4239 1840 4300 'in
1909 4245 2132 4317 Vulgata

569 4315 939 4372 translatione.
978 4315 1180 4368 Auctor
1205 4331 1419 4384 quoque
1458 4314 1661 4383 Dialogi
1700 4317 1844 4370 tertii
1875 4317 1939 4370 de
1962 4314 2132 4372 Trini-

566 4398 698 4451 tate,
723 4385 1266 4458 apudAthanasinm,
1299 4385 1915 4458 Macedonianissimilia
1941 4401 2133 4458 expro-

568 4459 689 4513 brat
715 4454 834 4525 pag.
857 4456 962 4509 233
992 4457 1119 4525 torni
1149 4454 1190 4508 ll
1223 4456 1458 4523 antiqua:
1489 4456 1762 4525 editionis.

663 4527 748 4598 Η)
787 4523 1009 4598 Ραναυὶ.
1045 4523 1398 4598 Ps_al.cxtxt,
1435 4525 1496 4577 18
1528 4524 1655 4598 (seu
1693 4525 1754 4579 l7
1772 4525 1816 4596 ).

665 4594 750 4668 ιε)
787 4597 852 4668 ιςι
875 4598 1064 4651 cinere.
1092 4594 1170 4649 Ex
1196 4595 1333 4668 Gen.
1359 4609 1511 4668 xvut,
1540 4594 1635 4648 '27.

640 4665 754 4739 (17))
794 4666 996 4739 [lupus
1036 4670 1218 4739 donat.
1263 4665 1587 4739 Origeniana
1615 4665 1790 4739 _videri
1821 4675 1996 4739 pptest
2025 4666 2140 4722 haec

567 4735 769 4794 locutio
807 4753 819 4789 :
853 4736 1174 4805 Origeuismi
1241 4746 1422 4788 tamen
1476 4737 1545 4788 ob
1614 4736 1782 4804 ipsam
1844 4735 2132 4805 Didymum

571 4827 676 4864 non
709 4807 1098 4860 accusaverim.
1129 4805 1294 4875 ‘Szepe
1321 4806 1464 4858 enim
1499 4807 1637 4874 apud
1673 4815 1910 4875 vetustos
1950 4805 2140 4862 Patres

573 4881 697 4932 talia
751 4886 1062 4930 occurrunt.
1115 4866 1361 4928 Cletiiens
1427 4866 1640 4941 quidem
1693 4876 1747 4929 in
1806 4871 2136 4943 Protreptico

569 4957 586 5012 (
615 4961 743 5001 tum.
785 4947 830 5010 ι,
861 4961 983 5016 pag.
1015 4945 1082 5014 4)
1131 4945 1211 4999 sic
1249 4944 1523 5010 loquitur:
1557 4945 1754 5016 Ἦμᾶς.
1777 4986 1791 4999 .
1817 4985 1831 5000 .
1863 4943 2017 5016 αὖθις
2059 4949 2136 5010 εἰς

568 5018 827 5091 οὐρανοὺς
859 5015 1204 5091 ἀνακαλεῖται
1243 5016 1369 5091 τοὺς
1402 5015 1481 5078 εἰς
1525 5015 1640 5086 γῆν
1659 5015 2039 5088 ἐρριμμένους,
2087 5019 2138 5070 id

569 5087 673 5155 «si,
728 5104 746 5137 ι
777 5102 872 5140 nos
899 5127 912 5139 .
938 5125 952 5139 .
981 5125 997 5141 .
1034 5087 1179 5139 humi
1225 5087 1462 5153 abjectos
1512 5093 1574 5139 ad
1621 5087 1815 5140 ctelum
1873 5097 2086 5140 revocat
2113 5105 2131 5136 ι

568 5162 833 5228 Christus
877 5158 1171 5228 Dominus.
1205 5155 1568 5228 EtApag._23:
1597 5157 1692 5210 "lv‘
1734 5157 1834 5228 ἤδη
1880 5158 2009 5210 ποτὲ
2038 5157 2136 5226 τῆς

569 5230 777 5300 πλάνης
825 5227 1042 5300 λήξητε,
1081 5222 1234 5300 αὖθίς
1285 5225 1341 5278 δὲ
1364 5222 1834 5300 τὶαλίνδρομήσήτέ
1853 5229 1932 5300 είς
1971 5222 2136 5300 οὐρά-

568 5299 712 5363 νούς,
734 5296 788 5352 id
813 5296 924 5352 est:
952 5296 967 5348 ί
1001 5296 1066 5351 Ut
1093 5297 1267 5350 abhis
1299 5296 1573 5351 erroribus
1600 5296 1814 5352 tandem
1845 5296 2134 5367 aliquando

567 5369 866 5432 desistatis,
924 5379 977 5421 et
1029 5368 1079 5420 in
1137 5369 1791 5437 cretum_revertamini.r
1853 5370 2029 5437 Atque
2081 5371 2132 5422 in

569 5439 770 5499 libello,
807 5439 895 5508 qui
922 5437 1257 5508 inscribitur,
1295 5454 1313 5485 ι
1343 5435 1476 5502 Quis
1505 5439 1664 5508 dives
1691 5435 1983 5503 salvetur,»
2019 5439 2128 5492 ait:

575 5528 593 5561 σ
623 5508 691 5563 Ut
730 5507 852 5562 cum
894 5507 1184 5578 ttovissima
1222 5509 1346 5559 tuba
1375 5546 1422 5578 ..
1454 5545 1468 5559 .
1501 5507 1626 5562 hinc
1655 5511 1950 5578 entigrandi
1987 5509 2134 5564 velut

570 5597 599 5635 e
629 5581 825 5644 stadio,
857 5593 920 5632 ex
954 5575 1164 5630 mortali
1201 5579 1300 5630 hac
1339 5577 1475 5642 vita,
1523 5581 1733 5647 signum
1769 5575 2003 5634 dederit.
2033 5619 2046 5632 .
2070 5618 2084 5634 .
2111 5619 2128 5647 ,

568 5651 922 5704 Certaminum
971 5647 1182 5716 prtesidi
1250 5647 1420 5701 victor
1481 5659 1854 5715 prwsentetur,
1918 5650 2127 5705 caelesti

568 5719 742 5788 palam
768 5719 957 5790 dignus
991 5717 1285 5788 patrima;
1329 5717 1462 5787 ἢν...
1495 5719 1906 5790 ὲπανέρχεται,ι
1947 5721 1998 5775 id
2045 5730 2128 5777 est

2243 2627 2517 2698 ἁμαρτίας
2543 2626 2636 2679 καὶ
2663 2624 2758 2680 τοῦ
2795 2626 3024 2680 θανάτου
3045 2643 3060 2657 ο
3098 2627 3191 2680 καὶ
3213 2627 3320 2680 ἀπὸ
3351 2628 3565 2698 χοῖκῶν,
3607 2627 3632 2679 ὃ
3658 2627 3779 2678 ἐστιν

2241 2715 2347 2768 ἀπὸ
2379 2715 2483 2784 γῆς
2516 2715 2610 2768 καὶ
2650 2715 2866 2778 σποδοῦ,
2925 2719 3069 2769 ποιεῖ
3100 2718 3524 2786 πνευματικους,
3566 2716 3652 2769 καὶ
3683 2731 3783 2784 μετ-

2239 2807 2395 2876 όχους
2418 2804 2566 2868 θείας
2582 2805 2760 2876 δόξης,
2785 2805 2878 2858 καὶ
2900 2809 3044 2868 υἱοὺς
3068 2808 3159 2859 καὶ
3179 2807 3544 2879 κληρονόμους
3555 2806 3641 2858 τοῦ
3668 2801 3779 2857 Θεοῦ

2241 2895 2335 2948 καὶ
2361 2894 2591 2966 Πατρὸς,
2623 2894 2976 2964 συμμόρφους
2994 2912 3052 2947 τε
3083 2897 3179 2965 τῆς
3207 2898 3413 2960 εἰκόνος
3429 2895 3521 2950 τοῦ
3542 2891 3681 2958 Υἱοῦ,
3703 2892 3782 2946 καὶ

2245 2987 2717 3058 συγκληρονόμους
2750 2987 2939 3054 αὐτοῦ,
2970 2989 3064 3041 καὶ
3103 2988 3364 3059 ἀδελφοὺς
3398 2987 3782 3056 συνδοξασθησο-

2247 3078 2439 3148 μένους
2480 3077 2576 3130 καὶ
2629 3077 3154 3147 συμϐασιλεύσοντας
3212 3080 3391 3151 αὐτῷ’
3427 3081 3517 3134 καὶ
3553 3077 3666 3132 ἀντὶ
3695 3073 3782 3143 γῆς

2246 3168 2402 3222 πάλιν
2419 3169 2670 3241 δωρεῖται
2697 3169 2788 3222 τὸν
2804 3170 3050 3242 οὐρανὸν,
3073 3173 3166 3224 καὶ
3184 3172 3275 3224 τὸν
3303 3173 3620 3244 παράδεισον
3646 3165 3784 3235 ἀφθό-

2242 3273 2348 3321 νως
2385 3258 2668 3330 χαρίζεται
2686 3277 2700 3290 ’
2733 3261 2827 3314 καὶ
2865 3262 3109 3332 ἀγγέλων
3137 3265 3236 3335 ἤδη
3264 3268 3408 3318 ποιεῖ
3428 3261 3753 3335 τιμιωτέρους
3764 3271 3778 3288 ⁵

2248 3496 2266 3527 ι
2290 3477 2342 3530 ἰιι
2378 3493 2538 3546 quam
2560 3517 2574 3531 .
2604 3519 2618 3532 .
2646 3519 2660 3532 .
2697 3478 3008 3533 revertitur.
3042 3497 3060 3530 ι
3099 3477 3272 3534 Simili
3311 3480 3525 3535 ratione
3561 3473 3786 3546 Basilius.

2243 3548 2295 3624 in
2329 3544 2465 3624 libro
2501 3547 2574 3624 με
2615 3549 2820 3618 Spiritu
2846 3559 3033 3624 sancto
3076 3548 3228 3619 (cap.
3276 3550 3366 3624 t5,
3422 3566 3568 3624 num.
3599 3545 3693 3624 35)
3729 3544 3786 3624 de

2242 3617 2509 3686 baptismo
2531 3618 2776 3686 loquens.
2811 3619 2886 3671 ait
2910 3636 2922 3672 :
2949 3636 2967 3669 ‹
2990 3617 3140 3688 Aqua
3165 3622 3355 3674 mortis
3383 3621 3596 3688 exhibet
3619 3617 3784 3688 imagi-

2244 3685 2386 3751 nem,
2436 3685 2632 3756 corpus
2668 3689 2813 3742 velut
2851 3690 2904 3742 in
2939 3685 3186 3757 sepulcro
3227 3691 3498 3758 recipiens
3529 3706 3542 3740 :
3579 3685 3787 3753 Spiritus

2245 3772 2373 3811 vero
2408 3758 2512 3829 vim
2547 3760 2811 3811 viviticam
2842 3759 3102 3823 immittit,
3142 3775 3170 3811 a
3212 3772 3390 3815 morte
3420 3761 3783 3829 peccatireno:

2244 3840 2378 3882 vans
2417 3827 2660 3904 _animas_
2683 3838 2896 3904 nostras
2925 3847 2943 3879 ι
2993 3817 3198 3904 εἰς’τὴν
3235 3829 3294 3894 ἐξ
3326 3817 3690 3904 ἀρέῆς-ζωήν.
3738 3817 3784 3904 id

2242 3908 2325 3951 est
2373 3900 2470 3950 «in
2506 3898 2792 3966 pristinam
2827 3897 3013 3962 vitam,
3043 3917 3061 3948 ι
3119 3897 3254 3963 sive,
3298 3897 3652 3961 ad'verbum,
3701 3897 3783 3966 t_it_t

2241 3967 2427 4028 vitam,
2453 3959 2618 4036 quam
2649 3967 2803 4024 initio
2840 3959 3168 4022 vivebamus.
3198 3987 3217 4021 ι
3241 3959 3336 4025 Ἐι
3372 3985 3522 4024 num.
3565 3959 3673 4021 36‘:
3700 3959 3782 4014 Διὰ

2239 4037 2552 4109 Πνεύμαςεος
2580 4038 2760 4109 ᾁγίου,
2795 4039 2828 4109 ἡ
2856 4039 2934 4100 εἰς
2959 4037 3291 4109 παράδεισον
3329 4038 3780 4109 ἀποκατὰσιζασξΓ

2239 4109 2272 4183 ῂ
2327 4103 2431 4183 εἰςΔ
2457 4103 2732 4183 βαοιλείαν
2777 4103 3020 4183 οὑ-ρανῶ]
3051 4103 3277 4183 ξᾶνοδος·
3323 4112 3360 4183 ὴ
3410 4113 3492 4174 εἰς
3545 4103 3784 4183 υἱοθεσίαν

2239 4177 2514 4242 ἐπάνοδος,
2547 4179 2598 4232 id
2633 4189 2754 4233 est:
2781 4197 2799 4230 ι
2834 4180 2932 4232 Per
2974 4177 3234 4246 Spiritum
3283 4177 3532 4235 sa'uctum
3571 4177 3782 4232 daturin

2238 4250 2550 4314 paradisum
2577 4249 2864 4311 restitutio.
2895 4249 2960 4302 ad
2994 4263 3214 4316 regnum
3244 4251 3505 4306 caelorum
3532 4257 3779 4316 asi'ensjlsi

2239 4313 2290 4369 in
2331 4319 2673 4393 adoptionem
2717 4318 2945 4372 filiorum
2983 4313 3249 4393 reditus.)
3302 4321 3405 4393 Qui
3451 4317 3670 4393 vero__in_
3696 4313 3782 4393 Pa-

2241 4395 2382 4442 trum
2425 4381 2653 4459 lectione
2691 4399 3000 4459 versantur,
3040 4388 3108 4442 iis
3157 4389 3256 4442 alia
3304 4381 3621 4459 linjusmodi
3650 4381 3782 4436 facile

2168 4461 2213 4516 D
2243 4469 2529 4512 occurrent
2577 4457 2718 4522 loca,
2777 4458 2829 4511 iu
2883 4459 3080 4526 quibus
3127 4459 3281 4512 nobis
3333 4456 3432 4526 per
3481 4456 3781 4527 baptismum

2250 4545 2268 4577 ι
2299 4527 2467 4591 reddi,
2492 4545 2510 4577 ι
2578 4539 2672 4579 aut
2705 4518 2740 4579 ἰ
2762 4518 2950 4581 rursus
3002 4527 3188 4580 donari
3216 4547 3234 4579 ι
3300 4518 3570 4583 ailirinaut
3629 4518 3781 4578 sancti

2242 4594 2430 4650 Patres
2461 4595 2544 4651 vel
2570 4597 2785 4662 ccelum,
2817 4596 2899 4649 vel
2936 4595 3026 4667 Dei
3067 4599 3381 4667 imaginem,
3419 4607 3512 4653 aut
3547 4593 3778 4667 similitu-

2241 4667 2558 4738 dinem,‘vel
2599 4668 2882 4735 pristinam
2916 4665 3104 4732 vitam,
3129 4664 3213 4738 vel
3241 4669 3528 4738 pristinam
3552 4664 3778 4735 gratiam,

2241 4736 2325 4812 vel
2351 4735 2628 4812 Spiritum
2664 4746 2931 4812 sanctum,
2975 4745 3081 4790 etc.
3134 4735 3259 4812 llaec
3286 4740 3468 4812 omnia
3528 4745 3776 4812 «rursus»

2242 4807 2395 4860 nobis
2463 4806 2668 4860 «dari»
2755 4807 3009 4860 dicuntur
3068 4808 3275 4863 ratione
3332 4809 3517 4862 habita
3580 4806 3778 4874 iustitia:

2240 4875 2535 4944 originalis,
2585 4891 2649 4930 ac
2686 4883 2882 4946 status
2908 4876 3249 4941 innocentiaa,
3302 4894 3370 4932 ex
3411 4893 3518 4946 quo
3551 4893 3664 4946 cum
3698 4886 3779 4940 per

2237 4947 2428 5000 Adami
2461 4956 2742 5015 peccatum
2774 4945 3090 5010 excidimus,
3121 4947 3208 5013 jus
3246 4963 3410 5002 omne
3432 4945 3506 5000 ad
3539 4945 3774 5002 caelorum

2241 5029 2462 5092 regnum
2517 5017 2843 5092 amis_inms,_
2891 5017 3050 5084 idque
3101 5033 3197 5084 per
3244 5019 3570 5092 baptismum
3615 5025 3777 5092 furatis

2237 5081 2584 5155 acquirimus.
2630 5089 2805 5155 Atque
2831 5088 2933 5140 hoc
2961 5081 3120 5140 sensu
3157 5081 3487 5156 accipienda:
3522 5099 3644 5156 sunt
3676 5081 3776 5156 atii-

2237 5152 2334 5210 nes
2373 5157 2492 5227 alia:
2549 5152 3054 5227 locutionesgquas
3102 5152 3382 5227 theologus
3416 5169 3596 5227 noster
3636 5152 3778 5206 habet

2237 5240 2405 5296 Segni.
2437 5225 2504 5279 84
2531 5244 2584 5292 a,
2611 5226 2714 5280 125
2739 5245 2792 5289 a,
2823 5226 2921 5279 127
2949 5227 2997 5290 b,
3031 5225 3136 5279 2υ4
3168 5227 3196 5278 b
3228 5225 3457 5281 et'alibi.
3499 5225 3610 5280 Huc
3637 5235 3772 5296 acet?-

2235 5290 2332 5368 dit',
2369 5299 2510 5364 quod
2556 5290 2889 5366 quaecunque
2936 5297 2987 5348 in
3028 5298 3187 5368 hujus
3219 5297 3412 5368 capitis
3439 5290 3776 5368 procenniode

2238 5360 2877 5437 baptismate'maguitice
2905 5360 3158 5434 praedicat
3196 5360 3478 5437 Didymus,
3509 5368 3573 5419 ad
3609 5379 3666 5437 ea
3701 5360 3776 5412 Bi-

2232 5435 2464 5505 bliorum
2514 5436 2628 5491 loca
2661 5436 2990 5499 referuntur,
3038 5451 3157 5505 quae
3205 5435 3327 5490 moi
3375 5436 3531 5491 affert
3562 5453 3577 5502 ;
3613 5435 3776 5499 itaque

2232 5504 2432 5560 locutio
2461 5507 2668 5566 isthaac,
2719 5524 2737 5556 ι
2766 5520 2862 5574 pro
2899 5504 3070 5561 terra
3095 5522 3284 5561 rursus
3325 5508 3494 5561 donat
3524 5505 3726 5562 caelum.
3753 5516 3770 5549 ι

2232 5575 2465 5631 refertur
2503 5579 2570 5629 ad
2609 5576 2735 5630 illud
2767 5575 2917 5629 Pauli
2951 5594 2965 5629 :
2999 5594 3018 5628 ‹
3051 5577 3527 5639 conresuscitavit,
3571 5585 3623 5629 et
3662 5585 3778 5624 con-

2230 5649 2419 5773 ﬁgere
2450 5647 2579 5705 fecit
2621 5647 2676 5702 iu
2722 5647 3071 5716 ccelestibus;
3105 5665 3124 5700 ι
3182 5647 3325 5718 quod
3379 5647 3580 5702 citatur
3623 5656 3775 5712 segni.

2356 5734 2408 5772 a.
