4082 6406
307 267 417 321 0139

1333 272 1424 330 DE
1461 275 1837 353 TRINITATE
1874 279 2078 336 LIBER
2117 280 2501 339 SECUNDUS.

3448 295 3554 353 670

305 381 401 434 καὶ
425 382 538 444 τοῖς
557 379 719 445 θείοις
734 381 831 451 τῆς
854 381 1233 457 κολυμϐήθρας
1255 389 1488 460 ῥείθροις
1502 393 1599 464 τὴν
1618 395 1867 469 τοσαύτηι

1997 412 2080 452 me
2137 398 2251 469 (14)
2308 400 2524 455 nitentis
2572 408 2774 456 tantam
2827 402 3086 473 gehennae
3146 405 3556 478 inexstinguibi-

304 475 402 541 τῆς
427 473 651 541 γεέννης
670 474 929 528 ἄσϐεστον
951 478 1341 533 κατασϐέννυσι
1364 483 1557 551 φλόγα.
1580 487 1764 540 Διτταὶ
1779 489 1884 559 γὰρ

301 563 543 631 γίνονται
574 564 794 631 κυήσεις
821 564 1149 635 ἀνθρώποις,
1182 571 1213 639 ἡ
1250 571 1346 639 μὲν
1379 574 1443 625 ἐκ
1469 573 1718 645 σώματος
1751 579 1886 648 ἠμει-

299 655 482 723 τέρου,
510 655 543 723 ἡ
576 655 631 706 δὲ
665 658 730 707 ὲκ
764 655 855 707 τοῦ
892 656 1034 711 θείου
1064 660 1400 731 Πνεύματος.
1430 665 1567 737 Περὶ
1594 666 1649 718 δὲ
1680 668 1884 722 τούτων

298 744 511 806 οἰκείως
582 744 823 815 ἕγραέαν
888 746 1204 818 δογματικοὶ
1266 751 1475 824 ἄνδρες·
1542 757 1886 827 παραγράψω

297 838 339 889 δ’
367 839 600 890 ἑκάστου
639 839 699 890 τό
736 856 793 890 τε
830 839 996 909 ὄνομα
1031 842 1124 895 καὶ
1172 843 1302 896 αὐτὸ
1321 844 1379 896 τὸ
1399 846 1661 917 διήγημα.
1702 850 1883 902 Ἰωάν-

296 946 414 1002 νης·
463 950 480 981 ι
516 930 672 982 ’Ὅσοι
699 931 754 983 δὲ
793 931 981 984 ἔλαϐον
1018 935 1200 1001 αὑτὸν,
1256 936 1456 991 ἔδωκεν
1506 941 1688 1004 αὐτοῖς
1732 941 1883 1006 ἐξου-

300 1023 419 1074 σίαν
446 1022 615 1074 τέκνα
673 1022 807 1075 Θεοῦ
864 1024 1139 1091 γενέσθαι,
1180 1030 1291 1091 τοῖς
1342 1031 1683 1085 πιστεύουσιν
1715 1036 1795 1097 εἰς
1823 1037 1883 1087 τὸ

300 1115 472 1181 ονομα
509 1114 694 1167 αὑτοῦ·
729 1116 778 1167 οἳ
820 1116 917 1168 οὐκ
943 1117 1000 1183 ἐξ
1026 1119 1294 1188 αἱμάτων,
1327 1122 1447 1175 οὐδὲ
1480 1125 1544 1175 ὲκ
1577 1123 1882 1195 θελήματος

304 1204 523 1274 σαρκὶς,
582 1204 703 1256 οὐδὲ
754 1208 817 1257 ὲκ
877 1206 1176 1279 θελήματος
1209 1211 1423 1281 ἀνδρὸς,
1471 1214 1583 1267 ἀλλ’
1636 1218 1700 1268 ὲκ
1746 1217 1879 1270 Θεοῦ

304 1296 689 1368 ἐγεννήθησαν.
735 1317 753 1350 ι
808 1299 982 1362 Ὅσοι,
1042 1302 1227 1371 φησιν,
1292 1306 1617 1360 ἐπίστευσαν
1657 1310 1737 1371 εἰς
1789 1309 1882 1362 τὸν

300 1390 552 1459 Χριστὸν,
587 1390 830 1453 ἐδέξαντο
853 1390 1096 1454 ἐξουσίαν
1118 1394 1282 1447 τέκνα
1298 1396 1429 1449 Θεοῦ
1454 1399 1721 1467 γενέσθαι,
1737 1400 1879 1455 τοῦτ’

296 1481 445 1531 ἔστιν
470 1480 564 1532 τοῦ
598 1482 750 1548 ἁγίου
787 1483 1120 1552 Πνεύματος,
1154 1487 1247 1540 καὶ
1304 1490 1623 1558 συγγένειαν
1672 1493 1875 1563 κτήσα-

293 1572 421 1627 σθαι
463 1574 601 1644 πρὸς
626 1574 717 1627 τὸν
754 1574 907 1639 Θεὸν,
942 1575 1069 1647 [115
1110 1577 1164 1650 a]
1195 1576 1263 1651 ἧς
1295 1581 1394 1633 οὐκ
1446 1582 1755 1652 ἠξιώθησαν
1780 1585 1879 1653 ἄγ-

290 1663 465 1731 γελοι.
524 1664 709 1735 Δηλῶν
769 1666 896 1737 γὰρ,
958 1669 1041 1720 ὄτι
1087 1670 1115 1721 ὁ
1183 1670 1387 1738 γεννῶν
1434 1672 1564 1736 Θεὸς
1625 1676 1686 1727 τὸ
1728 1675 1879 1743 ἆγιον

1991 488 2093 542 lem
2126 488 2237 557 (15)
2269 488 2433 560 249
2465 489 2737 545 ﬂammam
2774 490 2885 563 (16)
2928 496 3238 569 exstinguit.
3279 498 3406 553 Duae
3432 513 3557 557 sunt

1991 581 2132 633 enim
2162 580 2468 634 hominibus
2492 582 2897 651 conceptiones,
2920 585 3089 639 altera
3119 602 3185 641 ex
3217 590 3417 643 nostris
3439 606 3558 645 cor-

1991 672 2231 740 poribus,
2261 670 2428 726 altera
2463 688 2527 726 ex
2562 672 2743 728 divino
2781 674 3007 742 Spiritu.
3056 677 3131 732 De
3169 687 3395 747 utraque
3434 692 3557 751 apte

1990 757 2325 825 scripserunt
2362 760 2649 826 dogmatici
2683 761 2804 814 viri.
2831 762 2943 832 Ego
2971 779 3100 819 vero
3132 768 3557 839 uniuscujusque

1988 857 2044 901 et
2097 863 2295 902 nomen
2345 849 2638 915 ascrihaln,
2690 860 2746 903 et
2800 853 3101 907 doctrinam
3157 856 3346 925 ipsam.
3401 858 3556 915 Joan-

1990 956 2084 994 nes
2112 959 2126 994 :
2160 959 2176 990 ι
2215 940 2487 1009 Quotquot
2513 942 2623 1013 (17)
2657 955 2835 997 autem
2864 959 3187 1014 acceperunt
3232 965 3377 1014 eum,
3409 952 3555 1008 dedit

1988 1029 2067 1084 eis
2099 1040 2416 1099 potestatem
2448 1032 2587 1086 ﬁlios
2622 1033 2712 1085 Dei
2765 1032 2902 1097 ﬁeri,
2954 1035 3037 1089 his
3090 1037 3182 1105 qui
3222 1041 3449 1095 credunt
3494 1045 3547 1098 in

1988 1137 2183 1176 nomen
2215 1122 2349 1190 ejus,
2378 1124 2470 1190 qui
2509 1138 2614 1177 non
2649 1139 2712 1177 ex
2750 1127 3119 1192 sanguiuibus,
3154 1143 3326 1197 neque
3365 1148 3430 1186 ex
3461 1149 3554 1189 vo-

1987 1211 2194 1265 luntate
2245 1213 2448 1279 carnis,
2516 1229 2691 1283 neque
2729 1231 2794 1269 ex
2849 1217 3122 1272 voluntate
3175 1222 3298 1288 viri,
3334 1225 3425 1277 sed
3474 1241 3542 1280 ex

1987 1304 2096 1359 Deo
2120 1306 2231 1359 nati
2261 1317 2387 1359 sunt
2409 1305 2541 1376 (l8).
2575 1327 2593 1358 ι
2630 1306 2925 1376 Quotquot,
2971 1310 3162 1379 inquit,
3194 1314 3246 1366 iu
3277 1314 3549 1371 Christum

1986 1397 2350 1461 crediderunt,
2381 1407 2702 1467 potestatem
2732 1412 3053 1467 acceperunt
3095 1412 3153 1457 ut
3183 1404 3273 1459 lilii
3305 1406 3397 1461 Dei
3428 1409 3546 1462 elﬁ-

1985 1498 2261 1553 cerentur,
2288 1489 2339 1543 id
2372 1498 2474 1551 est,
2519 1489 2753 1558 Spiritus
2782 1493 2975 1557 sancti,
3018 1502 3183 1563 utque
3224 1512 3552 1566 cougeneres

1984 1581 2177 1635 fierent
2221 1580 2359 1647 Dei;
2409 1596 2515 1650 quo
2550 1582 2755 1637 honore
2796 1585 2996 1654 dignati
3029 1602 3134 1640 non
3187 1598 3313 1641 sunt
3353 1590 3549 1658 angeli.

1990 1668 2056 1724 Ut
2098 1669 2243 1723 enim
2326 1671 2674 1736 ostenderet,
2732 1673 3204 1742 quod~generans
3262 1674 3351 1728 ille
3413 1675 3552 1731 Deus

292 1755 525 1825 Πνεῦμά
556 1756 725 1820 ἐστιν,
751 1759 1027 1829 ἐπήγαγεν
1065 1761 1175 1814 ἀπὸ
1206 1762 1300 1815 τοῦ
1339 1762 1594 1835 Χριστοῦ·
1628 1784 1646 1817 ι
1680 1766 1867 1836 Ἀμὴν1

1980 1762 2473 1857 ερίτίιιιε.εεηειυε
2505 1772 2612 1827 est,
2660 1760 2939 1829 subjunxit
2992 1779 3057 1818 ex
3104 1782 3332 1834 persona
3385 1766 3547 1821 Chri-

288 1849 443 1917 ἀμὴν
494 1848 639 1915 λέγω
687 1866 787 1902 σοι’
832 1851 927 1905 ἐὰν
972 1854 1044 1924 μή
1079 1872 1162 1918 τις
1186 1855 1419 1927 γεννηθῇ
1455 1856 1514 1921 ἐξ
1538 1856 1727 1922 ὓδατος
1782 1858 1875 1911 καὶ

288 1940 635 2009 Πνεύματος,
678 1941 741 1994 οὐ
797 1941 1019 1997 δύναται
1053 1946 1313 2000 εἰσελθεῖν
1347 1948 1427 2012 είς
1459 1949 1557 2021 τὴν
1605 1949 1877 2020 βασιλείαν

295 2032 393 2085 τοῦ
447 2032 607 2085 Θεοῦ.
665 2034 737 2085 Τὸ
792 2037 1185 2105 γεγεννημένον
1235 2039 1301 2091 ὲκ
1349 2040 1447 2109 τῆς
1490 2042 1688 2111 σαρκὸς
1744 2042 1879 2113 σάρξ

286 2126 460 2175 ἐστιν’
488 2124 584 2175 κα)⁸
617 2122 677 2175 τὸ
700 2125 1093 2195 γεγεννημένον
1118 2129 1182 2180 ὲκ
1215 2128 1308 2182 τοῦ
1338 2130 1653 2201 Πνεύματος
1706 2133 1880 2186 Πνεῦ-

289 2216 367 2283 pi
422 2215 597 2267 ἐστιν.
649 2214 740 2285 Μὴ
793 2215 1097 2288 θαυμάσῃς,
1132 2220 1214 2272 ὅτι
1261 2218 1415 2274 εἶπόν
1446 2240 1546 2275 σοι·
1583 2224 1675 2277 Δεῖ
1732 2225 1876 2295 ὑμᾶς

286 2306 618 2376 γεννηθῆναι
670 2307 892 2362 ἄνωθεν.
953 2311 1027 2363 Τὸ
1069 2311 1311 2384 Πνεῦμα,
1347 2316 1478 2368 ὅπου
1527 2315 1667 2369 θέλει
1731 2321 1872 2371 πνεῖο

287 2396 383 2447 καὶ
418 2396 519 2467 τὴν
566 2397 749 2475 φερνὴν
793 2398 955 2450 αὐτοῦ
982 2400 1213 2464 ἀκούεις·
1247 2402 1361 2456 ἀλλ’
1393 2404 1491 2457 οὐκ
1517 2401 1684 2470 οἶδας,
1711 2406 1873 2461 πόθεν

286 2487 533 2557 ἔρχεται,
574 2488 667 2539 καὶ
699 2488 800 2540 ποῦ
829 2490 1045 2558 ὑπάγει.
1091 2491 1277 2557 Οὕτως
1306 2494 1452 2547 ἔστιν
1490 2498 1594 2559 πᾶς
1623 2498 1651 2550 ὁ
1681 2514 1874 2566 γεγεν-

284 2578 520 2649 νημένος
553 2580 617 2631 ὲκ
666 2578 757 2630 τοῦ
787 2580 1119 2651 Πνεύματος.
1162 2603 1181 2634 ι
1221 2584 1310 2655 Τῷ
1339 2587 1531 2639 εἰπεῖν’
1566 2607 1583 2639 ‹
1626 2589 1749 2641 Ἐὰν
1783 2590 1857 2660 μή

284 2688 366 2732 τις
387 2669 626 2740 γεννηθῇ
650 2670 707 2736 ἐξ
724 2669 911 2735 ὕδατος
942 2674 1035 2725 καὶ
1060 2675 1198 2727 Πνεύ
1206 2694 1393 2745 ματος,
1416 2680 1474 2732 οὐ
1499 2679 1719 2733 δύναται
1743 2683 1855 2733 είσ-

286 2759 459 2813 ελθεῖν
488 2762 571 2821 είς
598 2759 696 2829 τὴν
729 2759 999 2829 βασιλείαν
1030 2761 1121 2814 τοῦ
1154 2762 1311 2816 Θεοῦ·
1361 2786 1378 2815 υ
1414 2767 1531 2829 καὶ,
1570 2784 1587 2816 ι
1616 2769 1706 2818 Δεῖ
1730 2767 1875 2835 ὑμᾶς

285 2850 617 2923 γεννηθῆναι
640 2850 863 2904 ἄνωθενο
905 2870 924 2902 ι
966 2853 1258 2924 ἐσήμανεν,
1291 2856 1387 2920 ὡς,
1421 2856 1520 2910 κᾶν
1556 2858 1635 2921 εἰς
1664 2856 1723 2909 τὸ
1751 2857 1868 2911 ὅνο-

352 3074 468 3143 (14)
526 3072 775 3144 Piscium.
810 3075 942 3129 Vide
977 3084 1089 3130 not.
1116 3075 1202 3133 82.
1228 3091 1347 3144 pag.
1390 3077 1513 3131 l56.

354 3146 471 3215 (l5)
512 3143 1027 3217 Iuexstiuguibitem.
1068 3143 1375 3200 AecuSatur
1405 3146 1684 3217 Origenes,
1718 3149 1860 3217 quod

286 3217 650 3285 reprobqrum
680 3217 732 3267 ii:
762 3216 976 3270 inferno
1030 3230 1215 3282 poenas
1262 3228 1488 3271 aeternas
1514 3216 1650 3271 flore
1695 3234 1860 3285 nega-

288 3288 447 3338 verit.
482 3283 621 3338 Vide
647 3294 759 3339 not.
791 3287 846 3349 8,
883 3302 1005 3354 pag.
1036 3285 1158 3339 131.
1196 3286 1578 3354 Origenianum
1607 3302 1732 3343 vero
1763 3283 1863 3343 hac

295 3356 350 3426 in
403 3355 794 3426 reUDidymum
843 3372 950 3408 non
1007 3370 1126 3409 esse
1176 3367 1400 3426 apparet
1445 3358 1608 3410 etiam
1649 3373 1711 3411 ex
1762 3359 1862 3413 hoc

298 3425 434 3476 loco.
462 3424 567 3477 Nec
595 3426 740 3477 enim
764 3426 1013 3479 ferendus
1042 3436 1185 3478 esset
1216 3424 1529 3480 catholicus
1560 3428 1857 3494 theologus,

298 3495 393 3560 qui
436 3496 699 3566 locutione
750 3495 859 3559 illa,
918 3494 1015 3565 τῆς
1064 3495 1290 3566 γεέννης
1350 3496 1609 3549 ἄσϐεστον
1667 3498 1860 3566 φλόγα,

296 3564 794 3634 signiﬁcarivellett
823 3564 1074 3634 gehenuze
1094 3564 1397 3618 llatnmann
1418 3583 1521 3619 non
1550 3585 1568 3616 ι
1600 3564 1863 3623 inexstin-

296 3633 600 3701 guibilem,»
629 3636 723 3688 sed
758 3633 1220 3688 tinexstinctnm.»
1252 3635 1362 3689 Hac
1393 3638 1537 3690 enim
1571 3638 1679 3703 ipsa
1707 3653 1857 3703 voce,

299 3703 585 3767 ἄσϐεστος,
624 3706 691 3757 ad
735 3705 1108 3774 tlrclaratidaut
1166 3706 1552 3774 suppliciorum
1591 3709 1863 3760 aeternita-

289 3785 399 3827 tem
424 3790 555 3829 usus
606 3784 692 3828 est
750 3773 996 3828 Christus
1051 3777 1185 3843 apud
1237 3773 1511 3837 Marcum,
1575 3791 1622 3830 c.
1664 3794 1741 3841 1x,
1769 3778 1859 3841 44,

284 3845 375 3908 45,
410 3845 554 3897 unde
609 3860 672 3898 ea
724 3845 920 3898 locutio
961 3845 1239 3909 desumpta
1295 3856 1426 3899 est:
1476 3847 1543 3898 ibi
1588 3848 1727 3899 enim
1788 3848 1863 3901 le-

282 3926 434 3978 gitur
464 3931 478 3965 :
544 3916 640 3985 Εῖς
688 3915 787 3985 τὴν
838 3914 1097 3985 γέενναν,
1124 3917 1203 3977 είς
1240 3915 1300 3967 τὸ
1340 3914 1451 3985 πῦρ
1485 3916 1543 3968 τὸ
1580 3915 1858 3981 ἄσϐεστον,

282 3987 421 4037 ὅπου
442 3988 474 4038 ὁ
503 3984 719 4055 σκώληξ
741 3984 916 4037 αὐτῶν
938 3984 999 4036 οὑ
1029 3984 1274 4108 τελευτῇ,
1296 3987 1386 4037 καὶ
1404 3984 1465 4038 «es
1492 3985 1601 4057 πῦρ
1626 3989 1684 4039 οὐ
1716 3988 1862 4040 σϐέν-

283 4073 467 4108 νυται.
504 4056 555 4107 id
583 4064 689 4108 est.
730 4064 788 4108 ut
823 4064 971 4108 recte
1018 4057 1180 4107 vertit
1283 4058 1390 4108 ulu.
1428 4059 1716 4108 interpres.
1753 4076 1772 4108 ι
1806 4059 1857 4108 in

283 4073 467 4118 νυται,
504 4056 555 4107 id
583 4064 689 4117 est,
730 4064 788 4108 ut
823 4064 971 4108 recte
1018 4057 1180 4107 vertit
1236 4056 1390 4122 Vulg.
1428 4056 1716 4125 interpres,
1753 4076 1772 4108 ι
1806 4059 1857 4111 in

285 4129 596 4193 gehennam
625 4125 765 4190 ignis
794 4125 1267 4194 inexstiuguibilis,
1309 4126 1397 4178 ubi
1429 4128 1630 4179 vermis
1671 4142 1857 4181 eorum

285 4212 395 4248 non
434 4195 688 4265 moritur,
723 4204 776 4247 et
800 4193 936 4263 ignis
969 4193 1072 4265 non
1112 4196 1493 4264 exstinguitur.
1529 4215 1549 4247 ι
1590 4196 1717 4261 Quae
1764 4213 1859 4265 p0-

285 4277 495 4319 strema
541 4263 698 4317 verba
732 4280 796 4317 ex
837 4265 1026 4317 ultimo
1053 4263 1202 4319 Isaiae
1239 4265 1508 4320 versiculo
1545 4263 1856 4333 deprompta

285 4347 437 4399 sunt,
467 4335 558 4387 ubi
593 4349 689 4400 pro
712 4334 773 4386 οὐ
805 4333 1107 4395 σϐέννυται,
1138 4335 1187 4386 id
1238 4343 1321 4388 est
1368 4352 1385 4384 t
1428 4352 1531 4391 nou
1563 4336 1859 4402 exstingui-

285 4415 393 4467 tur,
436 4424 455 4456 ι
488 4404 675 4477 Greca
694 4404 858 4457 editio
887 4405 1081 4477 eodem
1099 4419 1259 4457 sensu
1298 4405 1501 4477 habet:
1537 4405 1595 4458 οὐ
1630 4405 1859 4477 σϐεσθή-

1982 1854 2048 1908 sti
2077 1873 2089 1907 :
2128 1872 2146 1905 ι
2184 1852 2352 1907 A'men
2383 1852 2492 1924 (l9)
2529 1868 2685 1908 amen
2716 1854 2835 1907 dico
2870 1853 2961 1908 tibi
2992 1873 3006 1909 :
3038 1856 3139 1910 nisi
3180 1857 3302 1924 quis
3329 1859 3545 1927 genitus

1973 1943 2135 1998 fuerit
2176 1959 2242 1999 ex
2291 1959 2429 2013 aqua
2489 1953 2545 1998 et
2595 1942 2819 2011 Spiritu,
2867 1960 2969 1998 non
3004 1954 3184 2014 potest
3230 1946 3453 2000 introire
3495 1946 3549 2001 in

1973 2049 2194 2105 regnum
2227 2034 2319 2088 Dei
2350 2052 2364 2101 ;
2395 2035 2535 2104 quod
2564 2035 2801 2104 genitum
2827 2044 2911 2089 est
2938 2051 3004 2089 ex
3043 2050 3230 2101 carne,
3263 2052 3387 2095 caro
3418 2046 3542 2103 est;

1971 2134 2027 2180 et
2060 2125 2201 2193 quod
2239 2126 2475 2194 genitum
2512 2134 2595 2178 est
2632 2139 2693 2179 ex
2745 2124 2970 2194 Spiritu,
3020 2125 3253 2195 Spiritus
3282 2137 3366 2182 est
3407 2126 3546 2199 (20).

1970 2213 2085 2269 Non
2118 2215 2351 2281 mireris,
2394 2215 2518 2283 quia
2553 2214 2661 2268 dixi
2697 2214 2834 2269 tibi:
2886 2214 3111 2282 Oportet
3146 2232 3242 2271 vos
3276 2218 3425 2271 nasci
3454 2218 3549 2271 de-

1970 2321 2078 2360 nuo
2102 2306 2233 2377 (aut,
2261 2327 2280 2357 ‹
2300 2306 2605 2378 desuper»).
2635 2305 2866 2374 Spiritus
2894 2307 2981 2360 ubi
3013 2308 3327 2377 vultspirat,
3354 2318 3410 2363 et
3448 2323 3545 2363 vo-

1970 2415 2085 2454 cem
2119 2396 2234 2465 ejus
2258 2398 2430 2461 audis,
2463 2399 2555 2453 sed
2583 2397 2761 2453 nescis
2783 2398 2925 2452 unde
2957 2400 3123 2466 venit,
3153 2411 3207 2455 et
3238 2416 3346 2470 quo
3372 2403 3543 2458 vadit.

1970 2491 2061 2547 Sic
2082 2499 2163 2545 est
2195 2489 2372 2544 omnis
2419 2490 2507 2557 qui
2552 2500 2708 2543 natus
2736 2498 2817 2543 est
2846 2504 2912 2544 ex
2941 2490 3168 2559 Spiritu.
3210 2508 3229 2542 ι
3264 2490 3397 2544 Cum
3426 2492 3542 2546 ait:

1975 2601 1993 2634 ι
2026 2582 2136 2636 Nisi
2172 2583 2289 2650 quis
2315 2583 2528 2650 genitus
2569 2581 2729 2635 fuerit
2754 2597 2821 2636 ex
2875 2596 3035 2650 aqua,
3070 2594 3123 2637 et
3171 2581 3396 2651 Spiritu,
3439 2599 3545 2637 non

1970 2682 2148 2740 potest
2177 2672 2402 2725 introire
2447 2671 2498 2725 in
2529 2688 2755 2741 regnum
2791 2672 2917 2738 Dei;
2962 2691 2981 2723 ι
3008 2682 3064 2726 ει
3096 2690 3109 2726 :
3145 2690 3163 2722 ι
3190 2671 3419 2742 Oportet
3451 2689 3546 2729 vos

1970 2762 2214 2833 generari
2242 2763 2416 2817 denuo
2447 2762 2584 2834 (seu
2615 2784 2633 2815 ι
2664 2766 2729 2818 de
2762 2765 3007 2835 etaim)»
3030 2764 3543 2835 2505igniﬁcavit,

1975 2855 2137 2924 quod,
2171 2852 2275 2908 etsi
2311 2852 2365 2906 in
2415 2868 2610 2908 nomen
2642 2853 2824 2911 Patris
2850 2865 2903 2910 et
2929 2855 3051 2910 Filii
3105 2857 3452 2924 crediderint,
3480 2872 3545 2912 ac

1891 3111 1935 3170 ε
1969 3085 2156 3170 ηιειίῑτ
2172 3075 2484 3170 είείὲηὲἱθξη
2507 3077 2657 3170 fere
2678 3076 2745 3161 ιι)
2774 3076 2861 3170 eis.
2883 3076 3145 3170 ίῑῑξξεηξῖι
3173 3077 3299 3170 hac-
3321 3078 3383 3170 ῖιξ.
3405 3078 3543 3170 ιοοίιο

1974 3157 2140 3215 atque
2171 3146 2222 3199 in
2250 3148 2658 3202 commentariis
2688 3150 2741 3200 in
2791 3146 3057 3209 Psalmos,
3080 3148 3145 3200 ad
3183 3163 3321 3203 vers.
3350 3149 3383 3202 8
3410 3148 3544 3217 psal-

1984 3218 2054 3270 mi
2083 3232 2214 3276 xvn,
2247 3216 2333 3269 ubi
2367 3218 2432 3269 de
2468 3216 2728 3283 improbis
2768 3217 3085 3285 resipiscere
3143 3216 3446 3271 nolentibus
3470 3219 3545 3272 ait

1965 3285 2116 3360 (pag.
2135 3286 2471 3360 3?8_cat_enae
2504 3286 2866 3360 Corderiauae)
2902 3305 2943 3360 εΔ
2967 3287 3309 3360 Καταφλέξει
3340 3287 3402 3340 τὸ
3430 3287 3544 3360 πῦρ

1969 3354 2167 3419 αὐτοὺς
2206 3355 2268 3409 τὸ
2316 3354 2551 3418 αἰώνιον,
2604 3358 2654 3409 id
2711 3366 2811 3422 est,
2854 3376 2873 3407 ‹
2906 3354 3198 3410 (Βοηιιιυιέι
3251 3358 3369 3413 illos
3404 3354 3544 3427 ignis

1970 3439 2225 3480 aeternus.
2262 3445 2281 3476 ι
2316 3427 2414 3491 Ac,
2448 3441 2513 3479 ne
2539 3427 2657 3493 quis
2693 3441 2950 3493 reponere
2981 3437 3163 3495 queat,
3188 3445 3207 3478 ι
3235 3427 3485 3493 ﬂammis,
3512 3446 3535 3480 ι

1970 3506 2060 3549 aut
2097 3514 2115 3546 ι
2153 3496 2292 3565 ignis
2327 3511 2574 3566 rnomen
2610 3498 2825 3564 proprie
2846 3497 2914 3549 ab
2952 3512 3016 3549 eo
3042 3512 3148 3549 non
3199 3499 3362 3563 sumi,
3398 3499 3542 3566 ipse-

1963 3575 2073 3620 met
2131 3564 2306 3634 ignem
2345 3564 2489 3617 illum
2552 3578 2706 3619 vocat
2756 3585 2774 3616 ι
2812 3566 3132 3619 elementum
3190 3582 3221 3620 a
3286 3564 3431 3620 terra
3456 3567 3543 3620 di-

1963 3651 2198 3688 versum.
2243 3654 2260 3684 ι
2293 3634 2415 3687 Haec
2482 3634 2625 3687 enim
2671 3636 2891 3688 dictavit
2945 3636 3009 3687 ad
3058 3636 3190 3701 psal.
3259 3652 3374 3698 CIII.
3448 3636 3539 3704 '55,

1963 3720 2085 3774 pag.
2117 3704 2227 3758 9'2:
2270 3704 2608 3826 Ἀμαρτωλοὶ
2643 3705 2738 3757 καὶ
2784 3706 2973 3773 ἄνομοι
3014 3704 3133 3757 τότε
3180 3706 3540 3774 ἐκλείψουσιν,

1963 3775 2057 3826 οὐν
2091 3774 2275 3826 ἁπλῶς
2368 3776 2435 3826 πὸ
2476 3774 2568 3826 τοῦ
2619 3775 2839 3826 παντὸς.
2886 3774 2999 3826 ἀλλ’
3035 3775 3142 3826 ἀπὸ
3166 3776 3264 3826 τῆς
3308 3776 3430 3826 γῆς.
3464 3775 3540 3826 ὡς

1962 3775 2060 3845 οὐχ
2091 3774 2298 3845 ἁπλῶς,
2328 3774 2435 3827 ἀπὸ
2476 3774 2568 3826 τοῦ
2619 3775 2839 3836 παντὸς,
2886 3774 2999 3827 ἀλλ’
3032 3775 3142 3845 ,ἀπὸ
3166 3776 3264 3845 τῆς
3308 3776 3430 3845 γῆς,
3464 3775 3541 3839 ὡς

1966 3844 2161 3934 μηκέσι
2198 3844 2462 3927 ὑτΞὰρχειν
2495 3845 2692 3934 aurai);
2712 3848 2768 3897 ὲν
2788 3847 2853 3934 τῇ
2873 3848 2965 3934 γῇ,
2992 3844 3103 3896 ἀλλ’
3134 3846 3190 3899 ὲν
3212 3844 3404 3934 ⁸ἐτέρου
3434 3863 3541 3898 πα-

1964 3914 2037 3986 ρὰ
2075 3916 2174 3987 τὴν
2216 3914 2325 3985 γῆν
2356 3914 2631 3987 στοιχείῳ·
2676 3914 3139 3987 παραδοθήσονται
3162 3915 3272 3987 γὰρ
3325 3914 3540 3987 ᾇτάντως

1963 3985 2064 4037 που
2099 3985 2178 4054 τῷ
2210 3985 2412 4055 αἰωνίῳ
2436 3985 2587 4056 πυρί·
2631 3987 2680 4039 id
2719 3996 2835 4056 est,
2874 4004 2891 4037 ι
2929 3985 3254 4040 Peccatores
3277 3995 3333 4041 et
3370 3985 3540 4054 iniqui

1963 4066 2089 4109 tunc
2120 4057 2367 4108 deﬁcient
2398 4055 2522 4109 non
2551 4055 2869 4122 simpliciter
2906 4056 2973 4109 de
3014 4057 3285 4119 universo,
3338 4057 3432 4109 sed
3473 4056 3541 4109 de

1965 4137 2128 4187 terra,
2163 4127 2316 4178 itaut
2346 4140 2447 4179 non
2483 4126 2709 4194 amplius
2744 4126 2797 4179 in
2845 4134 2986 4179 terra
3018 4136 3325 4189 versentur,
3360 4124 3454 4179 sed
3486 4124 3539 4178 in

1960 4196 2064 4249 alio
2088 4195 2353 4249 elemento
2379 4212 2406 4247 a
2438 4206 2581 4248 terra
2609 4196 2844 4251 diverso.
2880 4194 3184 4250 Tradentur
3230 4197 3374 4251 enim
3410 4209 3534 4249 om-

1961 4266 2091 4320 nino
2125 4276 2325 4319 aateruo
2362 4266 2501 4334 igni.
2539 4283 2557 4315 ι

2034 4334 2143 4402 (17)
2172 4333 2450 4397 Quotquot.
2480 4333 2635 4388 Joau.
2670 4351 2712 4398 ι,
2748 4334 2810 4388 12
2832 4335 2995 4393 ει15.

2032 4401 2142 4475 (l8)
2169 4401 2465 4485 [xl-11.3.8111“:
2504 4405 2702 4485 Oodex,
2738 4405 3095 4485 ἐγενήθησαν.
3136 4402 3280 4485 Lego
3309 4402 3536 4474 ἐγεννή-

287 4453 467 4537 ξέῖεῗαέ,
499 4453 720 4546 ἐκέ(
734 4453 1510 4546 ’ἐξέῐοῇἶῐᾷζιιῆέῦξεῐιιἕξἶἘκ
1541 4477 1624 4529 his
1677 4453 1852 4529 anteiit
1891 4453 1935 4507 Β
1963 4453 2154 4546 θησαν.
2191 4472 2342 4535 Vide,
2402 4453 2701 4546 ιιὶλριιιεει,⁷
2732 4453 2849 4542 quae
2884 4453 3087 4546 ite‘hac
3138 4453 3381 4546 leciiouti
3415 4453 3538 4540 pei-

286 4544 567 4612 Evangelii
614 4553 772 4611 atque
800 4543 951 4597 Isaiae
994 4544 1127 4597 locis
1176 4544 1534 4612 sempiternas
1607 4546 1722 4598 fore
1756 4549 1852 4598 da-

287 4625 600 4669 mnatorum
624 4627 812 4680 ptenas
833 4615 1077 4681 probant,
1102 4621 1158 4665 ut
1178 4613 1311 4667 alios
1341 4615 1605 4678 omittam,
1628 4615 1856 4669 Ambro-

286 4687 403 4739 sius
430 4685 525 4738 lib.
558 4698 596 4737 ll
629 4682 702 4736 De
732 4685 853 4751 ﬁde,
875 4699 993 4752 cap.
1018 4684 1106 4745 15,
1131 4693 1185 4737 ει
1211 4686 1563 4751 Augustinus,
1596 4686 1683 4752 qui
1715 4686 1764 4739 in
1792 4685 1856 4738 lio

288 4756 387 4809 bro
439 4765 629 4808 contra
689 4753 1117 4807 Priscillianistas
1168 4763 1216 4805 et
1272 4753 1595 4821 Origem'staa
1627 4755 1692 4807 ad
1717 4757 1855 4810 Oro-

288 4829 452 4887 sium,
491 4838 640 4877 num.
667 4825 720 4887 7,
744 4842 762 4873 ι
795 4823 1191 4894 Qualiscunque
1216 4824 1337 4891 (ait)
1369 4838 1525 4893 pmna
1554 4825 1854 4894 siguiticata

288 4900 357 4949 sit
393 4895 618 4949 nomine
644 4895 844 4947 vermis
895 4903 1055 4961 atque
1077 4892 1238 4962 ignis,
1267 4904 1413 4947 certe
1438 4894 1482 4947 si
1523 4892 1627 4947 non
1664 4897 1859 4949 morie-

292 4978 376 5018 tur
406 4980 507 5019 nec
539 4965 937 5032 exstinguetur,
969 4964 1087 5017 sine
1138 4965 1245 5018 line
1294 4965 1544 5031 praedicta
1591 4974 1694 5027 est,
1759 4981 1858 5019 nec

288 5036 428 5087 aiiud
456 5035 652 5104 agebat
684 5036 964 5102 propheta,
988 5048 1109 5087 cum
1130 5034 1231 5087 hoc
1263 5035 1486 5098 diceret,
1523 5035 1623 5088 nisi
1655 5044 1711 5088 ut
1736 5051 1855 5091 eam

289 5122 406 5159 sine
441 5109 550 5158 line
577 5105 913 5170 pra-diceret.
950 5122 968 5155 ι

358 5174 474 5243 (t6)
530 5172 857 5245 Flammam.
907 5173 1266 5245 Hieronymus
1328 5175 1424 5245 lib.
1484 5190 1569 5238 ιιι,
1630 5190 1747 5245 cap.
1801 5176 1855 5241 5,

289 5241 807 5297 commentariorum
843 5244 896 5315 iu
930 5241 1217 5305 Epistulam
1246 5245 1313 5297 ad
1346 5241 1708 5314 Ephesios,‘in
1739 5247 1859 5315 qui-

288 5315 389 5367 bus
418 5316 572 5382 plura
608 5330 665 5366 se
693 5329 757 5367 ex
804 5313 1009 5384 Didymi
1051 5316 1511 5369 commentariolis
1559 5313 1858 5369 mutuatum

284 5385 517 5445 fatetur,
557 5401 574 5432 I
625 5384 757 5436 Sunt
789 5385 1026 5452 plerique
1052 5385 1169 5453 (ait)
1196 5386 1285 5453 qui
1316 5386 1520 5452 dicunt,
1549 5402 1653 5439 non
1680 5388 1858 5439 futura

289 5470 389 5521 pro
426 5454 669 5523 peccatis
720 5470 841 5507 esse
888 5456 1168 5522 supplicia,
1205 5470 1302 5510 nec
1338 5457 1676 5509 extrinsecus
1702 5457 1857 5509 adhi-

287 5524 467 5577 benda
522 5535 822 5587 tormenta,
879 5525 1042 5578 sed...
1076 5526 1465 5579 conscientiam
1508 5526 1687 5579 delicti
1740 5541 1859 5578 esse

289 5607 392 5661 pro
419 5609 607 5661 poena,
638 5595 924 5664 dunt...4in
954 5595 1134 5648 animo
1171 5596 1308 5664 ignis
1334 5597 1667 5649 accenditur.
1700 5614 1717 5646 ι
1745 5596 1861 5650 Ori-

288 5679 481 5729 gcuem
515 5675 699 5733 autem
746 5674 802 5717 et
830 5662 1451 5733 Origcnianos'respicit,
1494 5675 1553 5719 ut
1574 5665 1764 5732 colligo
1794 5681 1857 5719 ex

291 5733 382 5787 lib.
422 5749 462 5788 ιι
491 5735 549 5789 in
580 5732 850 5803 Ruﬁnum,
881 5732 1025 5790 num.
1073 5734 1124 5804 7,
1163 5732 1463 5819 pag.;496.
1494 5737 1564 5791 At
1607 5734 1862 5806 Didymus
1914 5814 1929 5820 θ

1962 4542 2119 4599 docte
2175 4546 2390 4613 scripsit
2452 4543 2806 4613 Hieronymus
2876 4548 2941 4598 de
3001 4544 3161 4597 Prato
3213 4544 3265 4595 in
3325 4542 3526 4613 Obsere

1962 4614 2266 4669 vatiouihus
2290 4612 2343 4668 iu
2374 4612 2672 4684 Sulpicium
2707 4615 2988 4680 Severum,
3039 4622 3170 4667 tom.
3198 4613 3259 4677 ΙΙ,
3281 4629 3404 4684 pag.
3432 4612 3537 4667 505

1961 4696 2017 4740 et
2044 4700 2195 4752 seqq.

2033 4754 2141 4823 (l9)
2175 4753 2358 4823 Amen.
2384 4753 2536 4807 Joan.
2563 4769 2645 4817 Ill,
2677 4753 2797 4808 5-8.

2031 4821 2143 4894 (20)
2174 4822 2405 4890 Spiritus
2433 4837 2526 4877 est.
2563 4824 2881 4894 Ambrosius
2904 4823 2997 4876 lih.
3020 4839 3083 4885 ,ιιι
3112 4822 3187 4876 De
3221 4821 3311 4887 Sp.
3331 4831 3533 4894 sancto,

1963 4891 2082 4959 cap.
2114 4894 2201 4958 lt),
2232 4905 2440 4947 sextum
2478 4896 2621 4948 hunc
2650 4893 2975 4947 versiculum
3007 4896 3083 4947 sic
3118 4894 3243 4961 legit
3274 4909 3287 4943 :
3325 4910 3343 4942 ι
3379 4891 3532 4957 Quod

1964 4978 2146 5019 natum
2178 4973 2349 5017 estex
2378 4978 2561 5027 carne,
2593 4979 2719 5018 caro
2748 4973 2861 5027 est;
2904 4964 3025 5030 quia
3072 4967 3136 5018 de
3162 4978 3327 5017 Carne
3348 4973 3531 5015 natum

1963 5046 2090 5089 est:
2146 5045 2199 5087 et
2244 5036 2386 5103 quod
2448 5046 2630 5086 natum
2660 5043 2743 5088 est
2789 5036 2857 5103 de
2893 5032 3128 5101 Spiritu,
3158 5032 3389 5102 Spiritus
3416 5041 3532 5092 est;

1963 5106 2088 5173 quia
2137 5102 2277 5159 Deus
2325 5104 2559 5170 Spiritus
2586 5113 2688 5157 est.
2725 5122 2744 5155 ι
2802 5102 2934 5156 Τιιιιι
2989 5105 3217 5156 Arianos
3260 5103 3532 5173 objurgat,

1964 5170 2104 5243 quod
2137 5175 2294 5228 verba
2332 5175 2440 5235 illa,
2477 5191 2496 5224 ι
2534 5173 2668 5239 Quia
2696 5173 2836 5227 Deus
2857 5173 3087 5242 Spiritus
3115 5182 3217 5237 est,
3255 5190 3279 5243 ι
3307 5170 3535 5243 esaCris

1964 5242 2235 5299 codicibus
2255 5244 2538 5307 eraserint,
2574 5256 2641 5296 ne
2671 5261 2690 5293 ι
2724 5243 2815 5297 Dei
2859 5262 2879 5294 ι
2917 5258 3110 5297 nomen
3142 5242 3366 5311 Spiritui
3391 5256 3521 5293 san-

1965 5327 2052 5367 cto
2086 5315 2243 5368 tribui
2298 5323 2601 5382 appareret.
2668 5331 2687 5364 ι
2724 5314 2899 5381 Atque
2939 5315 3142 5366 utinam
3186 5312 3406 5383 (inquit)
3465 5311 3534 5363 de

1967 5386 2180 5447 vestris,
2214 5393 2265 5437 et
2285 5380 2388 5438 non
2427 5385 2589 5437 etiam
2609 5384 2675 5437 de
2710 5383 2963 5437 Ecclesia:
2996 5380 3270 5436 codicibus
3291 5380 3533 5435 auferre-

1969 5456 2057 5507 tis.
2092 5472 2110 5504 »
2165 5456 2235 5506 Αι
2260 5470 2379 5507 cum
2410 5452 2669 5523 Didymus
2705 5453 2821 5507 hate
2852 5454 3101 5515 dictaret,
3142 5453 3290 5523 fraus
3314 5461 3408 5523 aut
3439 5450 3534 5502 de-

1969 5534 2108 5577 tecta
2138 5526 2369 5577 nondum
2398 5521 2537 5585 erat,
2574 5532 2666 5575 aut
2697 5523 2883 5577 saltem
2918 5522 3292 5577 Alexandrinis
3328 5521 3527 5589 ignota.

1965 5592 2078 5669 luto
2109 5594 2267 5669 verba
2301 5594 2408 5669 illa,
2441 5612 2460 5645 ι
2499 5594 2637 5669 Quia
2653 5594 2790 5649 Deus
2816 5594 3046 5669 Spiritus
3071 5602 3172 5669 est,
3213 5610 3233 5644 ι
3262 5603 3532 5669 nunquam

1968 5663 2020 5716 in
2076 5663 2181 5718 ulla
2231 5666 2451 5721 omnino
2505 5662 2800 5722 Bibliorum
2837 5665 3072 5721 editione
3121 5664 3227 5719 huc
3285 5662 3532 5716 restituta

1968 5744 2113 5791 SUlllo
