4082 6406
1017 254 1046 266 κ

216 356 322 411 675

1229 343 1340 404 ’ΠΕ
1377 343 1753 404 TBINITATE
1795 343 1998 399 LIBER
2037 342 2426 400 SECUNDUS.

3353 346 3455 401 67A

217 474 558 534 ἀνθρώπειον
591 474 806 539 σκεῦος,
835 475 1004 528 δεῖται
1031 466 1295 546 πρότερον
1339 473 1434 528 τοῦ
1471 472 1578 528 ἀπὸ
1610 472 1797 534 ὓδατος

1909 475 2144 535 generat.
2199 465 2332 520 Nam
2378 464 2618 536 Baptista
2665 479 2882 536 quoque
2945 464 3198 520 historice
3245 475 3298 519 et
3340 480 3470 520 coa-

220 568 542 639 καθαρσίου,
563 564 680 621 εἶτα
696 570 789 622 καὶ
811 566 902 620 τοῦ
922 568 1235 638 στερέμνιον
1261 567 1392 620 αὐτὸ
1414 564 1793 628 ἀποτελοῦντος

220 659 414 731 νοητοῦ
439 660 610 730 πυρὸς
637 661 684 726 (6
706 659 812 731 γὰρ
833 660 962 723 Θεὸς
989 660 1098 730 πῦρ
1125 657 1561 728 καταναλίσκον),
1579 657 1672 713 καὶ
1701 656 1762 710 οῦ
1780 684 1794 694 ~

218 769 301 804 τω
335 752 428 804 τοῦ
458 752 847 822 ἁπαρτίζοντος
868 753 960 805 καὶ
988 751 1419 816 ἁνακαινίζοντος
1451 751 1605 818 ἁγίου
1627 749 1798 802 Πνεῦ-

221 859 414 913 ματος·
465 841 624 894 ὁπότε
660 838 797 894 οἶδεν
843 842 901 895 τό
933 859 989 894 τε
1021 841 1129 914 πῦρ
1182 841 1242 894 τὸ
1277 839 1645 912 πνευματικὸν
1704 839 1798 892 καὶ

218 933 490 1004 ἀρδεύειν,
529 933 588 985 τό
612 950 671 986 τε
716 932 860 1005 ὕδωρ
914 934 1006 986 καὶ
1061 934 1444 1004 ἀναχωνεύειν.
1500 929 1796 996 Ἀπόδειξις

216 1026 277 1078 δὲ
302 1024 514 1080 τούτου.
550 1025 578 1075 ὁ
603 1023 811 1086 Παῦλος
842 1024 1063 1096 γράφων
1095 1025 1400 1096 Κορινθίοις
1430 1023 1492 1077 τὸ
1527 1023 1795 1096 δεύτερον

228 1133 249 1166 ι
284 1117 538 1184 Ἔχοντες
584 1114 639 1166 δὲ
693 1113 782 1165 τὸν
826 1114 1092 1185 θησαυρὸν
1143 1114 1329 1168 τοῦτον
1371 1115 1428 1166 ὲν
1460 1112 1799 1184 ὀστρακίνοις

224 1210 493 1263 σκεύεσιν.
539 1231 556 1260 ι
593 1208 681 1279 Τῷ
711 1209 767 1261 δέ
806 1226 869 1276 γε
905 1209 1095 1260 εἰπεῖν·
1128 1225 1145 1257 ‹
1183 1205 1254 1258 Τὸ
1283 1204 1675 1275 γεγεννημένον
1733 1203 1800 1256 ὲκ

224 1299 326 1367 τῆς
357 1298 554 1369 σαρκὸς
589 1296 724 1368 σάρξ
756 1297 919 1350 ἐστιν’
955 1296 1049 1349 καὶ
1084 1295 1145 1346 τὸ
1186 1293 1580 1364 γεγεννημένον
1609 1293 1672 1345 ὲκ
1703 1290 1796 1344 τοῦ

225 1389 539 1459 Πνεύματος
561 1387 782 1458 Πνεῦμα
821 1389 986 1439 ἐστιν·
1022 1405 1040 1437 ι
1084 1385 1318 1449 ἐδίδαξεν
1347 1386 1404 1437 ὲν
1432 1383 1692 1454 ὲπιτόμῳ,
1724 1382 1799 1453 ὡς

221 1485 250 1535 6
304 1483 611 1554 ἄνθρωπος,
667 1482 693 1533 6
753 1479 1122 1550 βαπτίσματος
1170 1476 1244 1548 μὴ
1290 1475 1488 1545 τυχὼν,
1542 1473 1800 1543 σαρκικὸς

214 1575 388 1633 ἐστιν.
425 1574 572 1626 τοῦτ’
600 1572 742 1625 ἐστιν
766 1570 1030 1640 ἀμέτοχος
1067 1568 1241 1639 φωτὸς
1263 1566 1582 1637 ἐπουρανίου
1611 1564 1798 1632 (σαφὲς

212 1665 345 1736 γὰρ,
374 1665 451 1730 ὡς
485 1668 519 1736 ἡ
577 1664 713 1734 σὰρξ
738 1665 794 1716 ὲν
818 1663 924 1733 ὅσῳ
952 1663 1016 1734 ζῇ
1039 1662 1174 1733 μετὰ
1198 1662 1293 1732 τῆς
1316 1661 1450 1724 ἰδίας
1476 1661 1652 1730 ψυχῆς
1667 1664 1801 1712 νοεῖ-

212 1765 349 1825 ται)·
383 1760 414 1811 6
445 1759 504 1812 δὲ
525 1756 838 1827 βαπτισθεὶς
879 1755 1244 1822 πνευματικός
1295 1755 1465 1820 ἐστιν,
1512 1754 1634 1805 ἀντὶ
1679 1751 1794 1814 τοῦ,

1897 570 2157 612 sentanee
2188 557 2299 630 (5‘).)
2323 574 2442 612 cum
2470 558 2572 612 hac
2609 557 2898 619 locutione,
2937 575 2955 608 ι
2987 556 3060 610 Ex
3097 571 3234 624 aqua
3263 565 3316 608 et
3347 555 3468 620 Spi-

1898 650 2026 710 ritu,
2057 668 2076 701 ›
2118 649 2189 702 ait
2224 651 2288 703 de
2329 647 2592 703 Christo:
2629 666 2647 698 ι
2680 647 2770 701 llle
2807 646 2915 716 (55)
2957 661 3050 700 vos
3087 645 3381 714 huptizabit
3415 647 3465 698 in

1898 740 2098 811 Spiritu
2125 750 2328 806 sancto,
2350 750 2404 794 et
2431 740 2572 810 igne.
2596 759 2613 791 ι
2637 739 2773 795 Cum
2806 743 2947 791 enim
2973 737 3132 789 fictile
3151 737 3218 790 sit
3243 751 3336 790 vas
3357 734 3467 808 (3i)

1897 833 2226 898 humanum,
2283 833 2400 886 ideo
2448 833 2682 901 primum
2735 831 2971 900 indiget,
3021 837 3081 883 ut
3128 843 3225 898 per
3277 842 3470 896 aquam

1897 924 2242 992 puriﬁcetur,
2274 923 2468 976 deinde
2506 932 2562 976 ut
2591 936 2686 991 per
2710 921 3005 990 spiritalem
3045 919 3220 988 ignem
3255 919 3474 972 robore-

1899 1027 2006 1077 tur,
2055 1031 2118 1070 ac
2159 1015 2472 1085 perficiatur
2501 1014 2614 1085 (35)
2649 1015 2755 1082 (est
2776 1015 2918 1067 enim
2955 1013 3095 1067 Deus
3127 1031 3146 1063 ι
3172 1011 3308 1080 ignis
3349 1026 3476 1064 cou-

1897 1120 2116 1160 sumens
2148 1124 2165 1156 ι
2206 1103 2357 1177 [56])
2388 1126 2399 1160 ;
2430 1116 2590 1172 atque
2622 1102 2695 1157 ita
2727 1101 2930 1172 Spiritu
2957 1110 3144 1155 sancto
3191 1101 3410 1170 indiget,
3446 1115 3474 1152 a

1897 1212 2004 1264 quo
2037 1195 2336 1264 perfectum
2385 1195 2480 1249 liat
2531 1204 2584 1248 et
2623 1205 2916 1250 renovetur
2945 1211 2960 1247 :
2993 1193 3142 1249 novit
3178 1192 3326 1246 enim
3362 1193 3473 1260 spi-

1898 1288 2072 1343 ritalis
2128 1289 2266 1358 ignis
2317 1287 2480 1341 etiam
2531 1287 2776 1357 irrigare,
2824 1287 2974 1342 novit
3025 1284 3287 1354 spiritalis
3335 1299 3473 1352 aqua

1898 1380 2059 1434 etiam
2092 1377 2411 1432 reconﬂare.
2455 1378 2508 1432 ld
2549 1394 2710 1444 porro
2741 1379 3074 1440 demonstrat
3111 1378 3326 1439 Paulus,
3355 1390 3476 1428 cum

1900 1471 1952 1524 in
2003 1471 2239 1525 secunda
2288 1470 2354 1522 ad
2400 1470 2709 1524 Corinthios
2745 1470 2973 1523 scribit:
3013 1488 3030 1520 ι
3062 1468 3329 1522 Habentes
3364 1467 3477 1536 (57)

1899 1575 2081 1616 autem
2121 1564 2436 1616 thesaurum
2492 1563 2636 1616 hunc
2690 1563 2741 1616 in
2776 1562 2917 1615 vasis
2966 1561 3239 1614 fictilibus.
3277 1580 3296 1611 ι
3343 1559 3476 1614 Cum

1901 1670 2028 1708 vero
2077 1655 2153 1707 ait
2192 1653 2462 1716 Christus,
2529 1672 2548 1704 ι
2579 1653 2730 1720 Quod
2774 1653 3008 1723 genitum
3055 1662 3136 1706 est
3175 1668 3240 1705 ex
3293 1666 3477 1712 carne,

1901 1761 2030 1801 caro
2077 1754 2181 1812 est,
2214 1753 2270 1798 et
2296 1747 2438 1814 quod
2472 1746 2711 1811 genitum
2746 1755 2830 1798 est
2871 1758 2937 1798 ex
2985 1743 3210 1812 Spiritu,
3246 1742 3482 1812 Spiritus

215 1823 446 1920 μέτοχος
488 1823 635 1917 ζῳῆς
665 1844 951 1899 ἀθανάτου.
992 1844 1081 1916 Τῷ
1121 1845 1176 1898 δὲ
1216 1845 1406 1897 ειπεῖν·
1464 1863 1482 1894 ‹
1520 1843 1592 1896 τδ
1622 1842 1795 1896 Πνεῦ-

1909 1849 2004 1902 est,
2037 1857 2055 1890 ι
2108 1839 2347 1892 breviter
2388 1837 2589 1904 docuit,
2643 1851 2766 1890 eum
2818 1835 3116 1900 hominem,
3165 1836 3254 1904 qui
3306 1835 3484 1903 bapti-

215 1958 314 2010 μα,
328 1941 468 1992 ὅπου
489 1937 632 1990 θέλει
652 1938 788 1988 πνεῖ’
804 1955 820 1985 ι
845 1935 903 1988 τὸ
923 1933 1264 1999 αὐτεξούσιον
1281 1934 1374 1987 καὶ
1395 1933 1798 2003 παντοδύναμον

213 2030 380 2084 αὑτοῦ
414 2029 683 2097 ἐκφαίνει.
713 2027 801 2098 Τῷ
827 2027 882 2080 δὲ
912 2028 1106 2080 εἰπεῖν’
1143 2045 1160 2077 ι
1200 2027 1311 2080 Καὶ
1346 2025 1444 2097 τὴν
1479 2026 1662 2098 φωνὴν
1702 2027 1800 2079 αύ-

218 2122 304 2176 τοῦ
330 2121 580 2184 ἀκούεις·
638 2120 753 2172 ἀλλ’
779 2118 905 2192 [116
935 2118 990 2191 a]
1029 2119 1129 2172 οὐκ
1156 2115 1322 2185 οἶδας,
1350 2119 1511 2173 πόθεν
1560 2120 1798 2190 ἔρχεται,

216 2216 308 2267 καὶ
353 2212 464 2265 ποῦ
518 2211 738 2279 ὑπάγει·
774 2231 792 2262 ι
842 2209 991 2281 δηλοῖ
1031 2209 1106 2274 ὡς
1150 2209 1209 2262 ού
1239 2209 1532 2280 Νικοδήμῳ
1561 2209 1622 2261 τὸ
1649 2226 1800 2279 τηνι-

213 2303 398 2357 ιαῦτα
439 2303 713 2370 διελέγετο
749 2302 913 2372 μόνῳ,
973 2300 1108 2355 ἀλλὰ
1156 2303 1250 2354 καὶ
1303 2301 1512 2373 Ἀρείῳ,
1555 2299 1802 2371 Εὐνομίῳ

214 2414 274 2450 σε
334 2397 435 2450 καὶ
466 2394 784 2466 Μακεδονίῳ
818 2394 1190 2466 προενεκάλει,
1220 2395 1334 2458 τοῖς
1372 2393 1470 2462 τὴν
1496 2392 1676 2464 φωνὴν
1707 2390 1800 2446 τοῦ

215 2487 375 2557 ἁγίου
409 2485 730 2558 Πνεύματος
783 2485 872 2540 διὰ
918 2487 1026 2539 τῶν
1085 2486 1316 2558 Γραφῶν
1359 2484 1666 2549 ἀκούουσιν,
1710 2485 1803 2546 καὶ

215 2579 314 2632 δύκ
339 2578 568 2642 εἰδόσιν,
609 2577 682 2641 ὡς
714 2577 952 2648 ἔρχεται,
987 2577 1242 2650 ἀνάρχως
1289 2576 1618 2647 ὲκπορευθὲν
1653 2576 1804 2646 παρὰ

218 2667 307 2722 τοῦ
341 2667 581 2739 Πατρὸς,
616 2667 673 2719 τὸ
702 2667 976 2739 πανταχοῦ
1005 2669 1091 2721 ἀεὶ
1117 2667 1310 2740 παρὸν,
1341 2667 1434 2720 καὶ
1455 2666 1653 2735 ὑπάγει
1670 2668 1804 2738 πρὸς

217 2759 405 2824 αὐτὸν,
460 2759 541 2822 ὡς
599 2758 824 2831 Πνεῦμα
873 2758 1036 2812 αὐτοῦ
1100 2758 1398 2830 ἀχώριστον
1457 2759 1698 2830 ὑπάρχον
1735 2762 1800 2830 τῇ

219 2852 459 2924 θεότητι·
483 2853 744 2924 ἀρρήτως
772 2852 881 2925 γὰρ
904 2852 1170 2924 προῆλθεν
1209 2853 1269 2918 ἐξ
1303 2853 1468 2909 αὐτοῦ
1503 2853 1683 2922 φύσει,
1708 2853 1803 2906 καὶ

217 2945 599 3014 ἐπέστραπται
627 2943 761 3016 πρὸς
790 2945 970 2997 αὐτόν·
997 2944 1090 2999 καὶ
1121 2945 1342 3019 πρόοδον
1374 2945 1474 3016 μὲνΔ
1505 2945 1600 3016 τὴν
1625 2947 1687 2998 ἐκ
1709 2944 1802 3000 τοῦ

219 3038 438 3108 Πατρὸς
462 3037 601 3108 ἕχει,
621 3036 696 3102 ὡς
738 3037 803 3090 ἂν
849 3035 907 3101 ἐξ
950 3037 1114 3090 αὑτοῦ
1152 3039 1602 3108 ἐκπορευόμενον*
1638 3039 1805 3110 μόνην

219 3132 271 3184 δὲ
320 3132 424 3201 τὴν
457 3132 540 3191 εἰς
566 3129 659 3181 τὸν
699 3128 939 3200 Πατέρα,
979 3129 1054 3192 ὡς
1096 3129 1162 3183 ἂν
1187 3129 1244 3182 ἓν
1288 3130 1384 3182 καὶ
1410 3129 1604 3183 ταυτὸν
1629 3130 1803 3202 ὑπάρ-
1831 3162 1873 3219 C

221 3239 332 3294 χονο
369 3219 692 3292 ἐπιστρέφει
735 3221 791 3272 δὲ
824 3221 956 3291 πρὸς
1015 3221 1105 3273 τὸν
1151 3223 1485 3292 γεννήσαντα
1524 3222 1804 3292 προελθὸν,

224 3315 295 3377 ὡς
327 3315 395 3368 ἂν
417 3316 548 3383 μιᾶς
591 3314 684 3366 καὶ
709 3312 810 3382 τῆς
838 3314 1006 3385 αὐτῆς
1032 3313 1092 3366 ὃν
1115 3313 1324 3377 οὐσίας,
1350 3314 1445 3366 καὶ
1493 3315 1594 3384 τῆς
1617 3332 1808 3387 πατρι-

229 3409 330 3477 κῆς
388 3407 490 3471 ἔξω
535 3406 788 3476 γενέσθαι
835 3406 1222 3477 συνυπάρξεως
1265 3406 1340 3478 μὴ
1368 3406 1685 3478 δυνάμενον.
1718 3409 1808 3480 Τῷ

236 3499 289 3550 ἓ
326 3500 512 3550 simis“
552 3518 569 3550 ι
609 3498 796 3561 Οὕτως
828 3499 974 3551 ἐστὶν
1000 3500 1108 3562 πᾶς
1135 3500 1162 3552 ὁ
1195 3500 1589 3570 γεγεννημένος
1625 3501 1688 3554 ὲκ
1715 3501 1807 3554 τοῦ

238 3586 565 3657 Πνεύματοςο
623 3608 642 3641 ι
705 3588 962 3652 διδάσκει,
1017 3588 1093 3653 ὡς
1140 3588 1201 3642 τὸ
1260 3588 1484 3660 Πνεῦμα
1528 3588 1622 3644 τοῦ
1675 3589 1808 3644 Θεοῦ

241 3680 596 3749 πνευματικὸν
627 3681 812 3750 γεννᾷ.
841 3679 934 3732 καὶ
961 3679 1177 3749 λέγεται
1199 3680 1565 3751 πνευματικὸς
1598 3682 1663 3735 ἐκ
1710 3681 1810 3748 τῆς

232 3771 420 3838 έξεως,
451 3771 590 3824 καθὰ
623 3772 652 3823 6
683 3771 742 3837 ἐξ
777 3769 1061 3841 ἀνθρώπου
1089 3770 1301 3842 τεχθεὶς
1326 3771 1571 3825 καλεῖται
1597 3771 1810 3844 ἄνθρω-

229 3881 346 3928 πος.
388 3865 682 3931 Ἐπιφωνεί
706 3862 837 3932 γοῦν
877 3861 955 3932 τῷ
986 3862 1257 3934 τοιούτῳὸ
1286 3863 1560 3934 Μελῳδὸς·
1603 3885 1621 3916 ι
1659 3865 1812 3920 Ἀνα-

227 3953 642 4024 ιιαινισθήσεται
671 3951 746 4016 ὡς
782 3951 940 4005 ἀετοῦ
976 3953 1009 4024 ἡ
1057 3952 1245 4024 νεότης
1278 3969 1391 4005 σου’
1423 3971 1444 4005 ι
1491 3953 1606 4018 καὶ,
1637 3972 1653 4004 ι
1692 3955 1813 4007 Μα-

224 4045 432 4117 κάριοι,
464 4037 543 4096 ὧν
567 4043 846 4116 ἀφέθησαν
869 4043 924 4098 αἱ
957 4043 1196 4114 ἀνομίαι,
1229 4043 1323 4098 καὶ
1339 4039 1414 4098 ὧν
1435 4043 1816 4116 ὲιπεκαλύφθη-

227 4152 329 4189 σαν
379 4137 436 4189 αἱ
470 4135 762 4206 ἁμαρτίαι.
800 4153 819 4186 ι
875 4134 985 4188 Καὶ
1045 4134 1257 4200 Παῦλος
1318 4135 1374 4189 δὲ
1409 4135 1693 4202 συνιστῶν,
1734 4137 1816 4191 ὅτι

232 4376 417 4520 μέβὶ)
472 4375 845 4431 Consentanee.
910 4375 1043 4433 Cod.
1107 4377 1394 4449 ἑπόμενος.
1477 4378 1622 4450 Lego
1682 4379 1811 4433 ἐπο-

301 4465 433 4510 νως.

301 4465 433 4510 νως.

301 4519 418 4585 (55)
478 4515 602 4572 Ille.
668 4515 858 4572 Matth.
914 4531 996 4583 ιιι,
1050 4519 1138 4574 Η.
1186 4516 1357 4574 Biblia
1404 4536 1419 4572 :

229 4591 461 4650 εκεῖνος.

302 4658 420 4724 (35)
461 4656 719 4712 Fictile...
771 4674 881 4712 vas.
935 4657 1163 4714 Locutio
1213 4657 1412 4713 biblica
1455 4674 1520 4714 ex
1576 4660 1620 4715 ll
1685 4658 1810 4714 Cor.

233 4744 318 4802 Iv,
339 4730 396 4782 7.
442 4727 629 4802 Mtpris
657 4728 710 4780 in
753 4743 884 4802 voce
927 4729 1257 4802 κεραμεοῦν,
1305 4741 1466 4802 atque
1516 4729 1816 4802 Hesychius

235 4801 464 4872 habent
496 4797 818 4870 ὀστρακινόν
882 4797 1007 4872 pro'
1029 4797 1477 4872 ὀστράκινονξᾼι
1531 4801 1583 4854 in
1624 4797 1818 4872 Bibliis

235 4884 300 4950 ea
324 4885 427 4991 ro:
452 4870 529 4923 ita
564 4884 779 4937 semper
807 4870 1087 4935 scribitur,
1120 4870 1178 4924 ut
1202 4886 1231 4924 a
1251 4871 1475 4924 librario
1495 4879 1684 4927 nostro
1716 4871 1818 4925 hoc

240 4954 292 4991 in
343 4955 467 4991 oco.

240 4954 292 4992 In
325 4954 467 4994 IOCO.

306 5010 422 5078 (55)
452 5008 747 5062 Roboretur
781 5024 842 5061 ac
867 5008 1187 5079 perﬁciatur.
1220 5007 1632 5064 Sacramentum
1686 5024 1816 5065 con-

243 5078 571 5134 tinuationis
599 5080 806 5132 indicat
841 5094 868 5132 a
896 5078 1168 5148 baptismo
1199 5081 1536 5134 distinctum.
1578 5081 1632 5134 ln
1674 5081 1819 5135 Gras-

241 5165 305 5203 co
332 5161 517 5203 autem
548 5158 670 5218 est:
710 5166 726 5198 ι
765 5151 1042 5204 robustum
1081 5149 1414 5218 perﬁciatur.
1454 5169 1473 5202 ι
1509 5150 1626 5214 Quo
1658 5153 1818 5205 modo

244 5220 296 5273 in
323 5220 463 5274 libro
492 5218 567 5272 De
602 5217 742 5284 Spir.
764 5231 964 5284 sancto,
989 5235 1133 5273 unm.
1156 5221 1213 5288 6,
1242 5220 1318 5274 ait
1343 5221 1494 5275 idem
1513 5219 1774 5291 Didymus
1798 5236 1814 5274 :

232 5309 268 5361 λι
308 5299 498 5361 sancta
523 5291 821 5361 perﬁcitur.
867 5308 886 5342 ι

313 5360 427 5427 (36)
469 5359 618 5430 Ignis
651 5375 977 5412 consumens.
1006 5359 1164 5415 Deut.
1195 5373 1270 5430 tv,
1296 5359 1389 5426 24,
1423 5370 1476 5416 et
1497 5363 1592 5430 lx.
1613 5359 1668 5414 5.

315 5429 776 5501 (57)]1αῡεηιςε,
847 5431 886 5484 ll
932 5430 1058 5501 Cor.
1110 5445 1206 5501 (ιν,
1262 5429 1313 5483 7.
1383 5430 1438 5485 In
1487 5429 1674 5501 Bibliis
1744 5429 1821 5485 le-

244 5499 660 5577 gitittﬁxotasv,
714 5500 915 5577 id-es_t,
973 5516 993 5550 ‹
1034 5500 1381 5577 habentus,_t
1418 5515 1524 5577 pro
1577 5499 1810 5577 ἔχοντες.

314 5570 429 5641 (58)
456 5568 753 5636 Quatenus.
783 5568 893 5641 Vel,
915 5588 940 5641 ι
965 5571 1223 5641 quandiu.
1264 5590 1283 5622 ι
1320 5569 1498 5626 Codex
1543 5568 1818 5638 mendose,

245 5639 532 5712 Μίδωνι-ο
557 5643 614 5712 έν
638 5642 768 5711 ὅσῳ.
792 5640 963 5694 Simili
994 5639 1150 5695 modo
1183 5641 1440 5712 Didymus
1476 5643 1541 5694 ad
1575 5656 1694 5712 cap.
1729 5656 1819 5707 xv,

247 5726 389 5764 vers.
424 5711 517 5776 29,
548 5711 668 5766 Jobi
699 5709 842 5779 (pag.
890 5711 994 5764 295
1033 5721 1237 5765 calente
1269 5709 1321 5764 in
1346 5710 1537 5764 Jobum
1575 5723 1606 5763 a
1635 5709 1820 5779 Niceta

249 5783 604 5852 concinnatae)
633 5799 646 5835 :

1476 4519 1640 4585 αὐτός
1713 4535 1813 4591 pro

724 5781 760 5834 dt
787 5778 894 5852 γὰρ
908 5781 1121 5854 δένδρα,
1146 5783 1203 5837 ὲν
1219 5781 1328 5853 ὅσῳ
1347 5781 1446 5853 μὲν
1471 5781 1706 5848 ἵσταται,
1728 5778 1823 5835 καὶ

1899 1949 2074 1989 smum
2120 1948 2225 1987 non
2273 1933 2347 1987 sit
2393 1941 2739 1999 consecutus,
2776 1931 3049 1996 carnalem
3098 1947 3237 1993 esse,
3286 1931 3338 1985 id
3375 1939 3479 1994 est,

1902 2027 2146 2082 coalestis
2192 2025 2330 2080 lucis
2368 2026 2683 2094 participem
2717 2041 2821 2080 non
2866 2025 3132 2079 exsistere
3171 2025 3318 2096 (nam
3361 2039 3482 2092 per-

1902 2118 2149 2189 spicuum
2186 2127 2291 2182 est,
2319 2132 2562 2181 carnem,
2604 2125 2870 2186 quatenus
2899 2115 3011 2183 (38)
3041 2116 3170 2170 vivit
3203 2131 3324 2169 cum
3359 2130 3484 2184 pro-

1900 2211 2016 2282 pria
2051 2210 2256 2272 anima,
2287 2209 2376 2264 hic
2407 2209 2475 2263 ab
2501 2224 2566 2264 eo
2607 2207 2800 2279 accipi)
2842 2226 2855 2262 :
2895 2208 2984 2276 qui
3017 2218 3197 2262 autem
3239 2207 3484 2276 baptiza-

1908 2313 1994 2357 tus
2033 2304 2157 2367 l'uit,
2195 2301 2498 2371 spiritalem
2540 2316 2681 2366 esse,
2735 2303 2833 2354 hoc
2869 2309 2955 2354 est
3002 2299 3320 2370 participem
3361 2302 3486 2352 vitae

1904 2396 2244 2451 immortalis.
2275 2393 2376 2449 Ubi
2403 2408 2531 2448 vero
2557 2394 2752 2462 inquit,
2785 2411 2802 2443 ι
2832 2392 3068 2460 Spiritus
3092 2392 3180 2447 ubi
3207 2391 3320 2445 vult
3370 2390 3486 2459 Spi—

1905 2498 2010 2551 rat,
2037 2506 2055 2539 ι
2083 2486 2320 2541 ostendit
2345 2485 2488 2539 hunc
2510 2486 2724 2555 propria
2749 2491 3015 2553 potestate
3035 2481 3318 2552 prmditum
3340 2497 3484 2546 esse,

1903 2594 2066 2650 atque
2095 2579 2543 2648 omnipotentem.
2583 2576 2835 2646 lnquieus
2881 2585 3086 2640 autem,
3143 2594 3162 2627 ι
3193 2575 3261 2629 Et
3299 2590 3485 2629 vocem

1903 2673 2022 2742 ejus
2065 2671 2244 2737 audis,
2281 2672 2377 2727 sed
2435 2672 2615 2726 nescis
2652 2670 2795 2724 unde
2823 2669 2992 2734 venit,
3023 2677 3078 2723 et
3122 2683 3230 2737 quo
3264 2669 3430 2734 vadit,
3459 2685 3484 2721 ι

1906 2765 2108 2821 indicat
2153 2779 2214 2819 se
2259 2778 2367 2818 non
2401 2762 2576 2817 solum
2625 2761 2975 2817 Nicodentum
3023 2761 3096 2815 ibi
3139 2760 3360 2830 alloqui,
3393 2760 3487 2816 sed

1909 2837 2218 2920 etArium,
2253 2863 2304 2910 et
2334 2854 2683 2916 Eunomium,
2713 2863 2767 2905 et
2789 2851 3160 2906 Macedonium
3196 2850 3492 2919 anticipate

1907 2947 2183 3011 incusare,
2221 2947 2313 3015 qui
2351 2946 2587 3016 Spiritus
2627 2943 2804 2999 sancti
2841 2957 3025 2998 vocem
3054 2958 3150 3011 per
3175 2942 3489 3012 Scripturas

1905 3040 2161 3104 audiunt,
2187 3054 2250 3094 ac
2282 3040 2557 3113 nesciunt,
2589 3040 2730 3106 quod
2757 3037 2870 3106 ipse
2892 3034 3090 3102 ubique
3113 3049 3330 3104 semper
3359 3050 3494 3104 prte-

1907 3147 2035 3190 sens
2069 3131 2236 3196 venit,
2265 3131 2383 3184 sine
2419 3129 2572 3183 initio
2604 3128 2906 3196 procedens
2950 3142 2979 3179 a
3022 3124 3205 3186 Patre.
3256 3135 3308 3180 et
3339 3126 3492 3180 vadit

1911 3224 1977 3278 ad
2008 3238 2153 3289 eum,
2187 3231 2374 3292 utpote
2404 3220 2641 3290 Spiritus
2671 3219 2856 3288 ipsius.
2893 3227 2950 3272 et
2975 3218 3176 3274 deitate
3217 3217 3285 3271 ab
3308 3232 3373 3272 eo
3405 3217 3490 3272 iu—

1913 3315 2236 3384 separahilis
2282 3314 2552 3368 exsiSIens
2591 3309 2977 3366 :inell‘abiliter
3029 3309 3172 3366 enim
3225 3310 3495 3379 processit

1913 3417 2106 3459 natura
2135 3404 2248 3474 (59)
2275 3420 2341 3458 ex
2383 3405 2522 3473 ipso,
2548 3401 2710 3472 252
2736 3410 2791 3456 et
2821 3415 3071 3456 reversus
3098 3400 3278 3455 estad
3314 3417 3436 3455 eum
3465 3420 3480 3456 :

1910 3507 1960 3551 et
2007 3511 2351 3567 progressum
2396 3494 2613 3564 quidem
2661 3509 2728 3548 ex
2765 3493 2924 3549 Patre
2966 3491 3149 3558 habet,
3195 3501 3380 3561 utpote
3425 3508 3491 3547 ex

1913 3589 2030 3679 ipso
2081 3589 2416 3656 procedens;
2473 3586 2643 3640 solam
2677 3584 2791 3655 (40)
2821 3595 3000 3639 autem
3055 3585 3491 3655 progressionem

1915 3677 1970 3734 in
2013 3681 2228 3735 Patrem
2277 3680 2463 3744 habet,
2517 3688 2704 3743 utpote
2743 3679 2833 3750 qui
2881 3692 3047 3732 unum
3097 3686 3153 3732 et
3196 3677 3336 3732 idem
3367 3692 3491 3731 cum

1915 3775 2032 3844 ipso
2076 3783 2161 3828 est
2205 3772 2540 3828 :revertitur
2589 3782 2768 3826 autem
2817 3770 2883 3825 ad
2926 3769 3236 3826 Genitorem
3279 3769 3392 3840 (M)
3425 3769 3492 3834 lin

1917 3865 2280 3934 procedendo,
2332 3873 2516 3932 utpote
2565 3865 2655 3933 qui
2703 3873 2758 3918 et
2805 3874 2889 3917 est
2934 3863 3098 3917 unius
3142 3862 3495 3930 ejusdemque

1919 3972 2042 4014 cum
2090 3957 2181 4011 illo
2232 3958 2502 4019 essentiaa,
2537 3970 2712 4023 neque
2742 3969 2864 4010 esse
2899 3962 3078 4024 potest
3108 3966 3265 4007 eattra
3315 3950 3494 4007 Patris

1921 4048 2384 4105 coexsistentiam.
2439 4047 2676 4101 Dicendo
2720 4056 2925 4111 autem,
2975 4063 2995 4096 ‹
3026 4043 3120 4099 Sic
3163 4051 3250 4098 est
3295 4045 3492 4109 omnis,

1921 4139 2013 4210 qui
2038 4139 2248 4210 genitus
2277 4145 2450 4192 estex
2482 4134 2707 4203 Spiritu,
2736 4152 2754 4186 ›
2791 4133 2948 4188 docet
2970 4147 2999 4186 a
3025 4131 3231 4203 Spiritu
3257 4129 3350 4185 Dei
3384 4130 3495 4198 spi-

1917 4379 2074 4434 σκιὰν
2103 4382 2265 4433 ποιεῖ·
2294 4373 2990 4448 dmo1p110év1a8é,06}cé1t'
3024 4371 3074 4426 id
3106 4378 3250 4448 e3t,_¢
3277 4368 3498 4423 arbores

1919 4451 2064 4505 enim
2093 4451 2330 4519 quandiu
2359 4442 2529 4512 sta'nt',
2564 4448 2814 4501 umbram
2841 4445 3082 4508 faciunt;
3116 4442 3313 4495 excisa:
3345 4454 3448 4491 νυιί
3473 4477 3493 4506 ,

1919 4535 2282 4589 nequaquaun
2328 4539 2347 4572 ι

1914 4579 2376 4716 eig59fNutm-a.
2403 4587 2532 4656 Seu,
2559 4606 2578 4639 ι
2620 4601 2769 4643 vere.
2807 4603 2826 4637 ι
2881 4583 3015 4640 Vide
3060 4589 3174 4636 not.
3235 4579 3328 4644 64,
3367 4594 3489 4650 pag.

1990 4730 2112 4803 (40);
2131 4728 2333 4803 Solam,
2360 4738 2464 4785 etc.
2498 4727 2576 4784 Ne
2614 4727 2812 4803 in[e_rat
2840 4725 2967 4803 hinc
2995 4721 3373 4803 schismaticus
3403 4719 3496 4775 ali-

1918 4791 2060 4870 quis,
2084 4791 2350 4868 Spiritum
2375 4809 2645 4863 sanctum,
2674 4797 2881 4870 Didymi
2918 4793 3210 4870 sententia,
3239 4807 3304 4846 ex
3339 4791 3495 4870 Patre

1922 4862 2294 4925 tantummodo
2345 4862 2660 4938 procedere,
2701 4862 2843 4937 quod
2905 4865 2952 4920 ei
3011 4863 3225 4938 tribuat-
3255 4881 3274 4914 ι
3324 4862 3492 4915 solam

1918 4931 2362 5012 progressionem
2383 4941 2436 4993 in
2473 4931 2734 5012 Patremf
2779 4955 2798 4989 ι
2849 4950 2971 4988 nam
3010 4933 3143 5012 ratio
3176 4931 3286 4996 illa,
3328 4946 3492 5012 quam

1921 5003 2234 5080 subiungit,
2274 5029 2294 5062 ι
2345 5019 2528 5076 utpote
2580 5010 2670 5079 qui
2726 5021 2890 5080 unum
2932 5013 3000 5080 ⁸οι
3045 5003 3184 5056 idem
3224 5003 3494 5080 (κιαι-ξιξεο

1921 5071 2039 5147 est;
2067 5099 2084 5132 ι
2118 5071 2423 5149 huiusmodi
2483 5071 2700 5134 sensum
2752 5075 3014 5149 excludit,
3075 5087 3198 5126 cum
3239 5073 3310 5149 de
3344 5071 3495 5149 .Filio

1921 5143 2136 5221 quoque
2158 5143 2274 5204 eam
2322 5150 2502 5204 valere
2544 5159 2751 5221 certum
2790 5144 3036 5221 sit..ld_eo
3063 5143 3494 5221 ergmhgolqgus

1923 5211 2110 5276 noster
2135 5240 2153 5272 ι
2192 5221 2360 5274 solam
2391 5220 2827 5290 progressionem
2861 5216 2913 5290 in
2957 5213 3170 5290 Patrem
3209 5231 3233 5290 ε
3264 5211 3494 5290 Spiritui

1922 5301 2111 5347 sancto
2140 5292 2348 5355 trihnit,
2392 5283 2452 5344 ut
2493 5283 2613 5355 eius
2655 5308 2672 5340 ι
2719 5288 3106 5355 creationem»
3149 5283 3489 5355 iniicietur.»

1995 5361 2107 5431 (41)
2147 5361 2230 5414 Ad
2270 5352 2573 5432 genitorem.
2630 5358 2685 5412 In
2722 5359 2939 5432 AGrzccn,
2976 5352 3120 5432 πρὸς.
3164 5353 3256 5406 τὸν
3288 5353 3494 5432 ,γεννή-

1924 5423 2114 5496 σαντα,
2147 5433 2198 5486 id
2233 5423 2314 5486 est
2351 5449 2370 5483 ι
2405 5431 2472 5488 ad
2501 5445 2624 5482 eum
2643 5430 2734 5498 qui
2750 5426 2954 5499 genuit,
2995 5423 3145 5499 Hel,
3178 5443 3196 5474 ι
3224 5423 3300 5499 _ad
3329 5438 3495 5499 gene—

1924 5493 2153 5555 rantem.
2203 5521 2222 5556 ι
2277 5501 2442 5555 Miror
2498 5493 2676 5553 autem
2735 5493 3018 5568 Uidymum
3070 5493 3183 5568 hac
3224 5493 3493 5568 locutione

1925 5572 2000 5625 uti
2027 5583 2132 5626 tam
2158 5570 2483 5640 impropria.
2517 5568 2644 5631 Sed,
2692 5569 2794 5624 nisi
2817 5562 3070 5640 mendum
3117 5563 3330 5640 aliquod
3366 5562 3496 5640 sub:

1925 5643 2016 5706 sit,
2048 5656 2108 5696 ea
2131 5643 2208 5696 sic
2230 5629 2414 5710 procul
2445 5641 2607 5710 dubio
2635 5629 2943 5710 accipienda
2969 5645 3072 5710 est,
3109 5645 3167 5689 ut
3197 5629 3326 5689 nihil
3346 5629 3498 5710 aliud

1925 5700 2134 5775 valeat,
2167 5700 2325 5783 quam
2365 5709 2498 5783 πρὸς
2549 5710 2642 5765 τὸν
2704 5700 2943 5781 Πατέρα,
3002 5705 3054 5762 id
3086 5717 3190 5775 est,
3235 5722 3254 5759 ι
3294 5703 3360 5759 ad
3390 5700 3496 5757 Pa-

1929 5790 2084 5838 trem.
2123 5799 2141 5834 ι
