4082 6406
314 358 421 413 677

1334 354 1422 411 DE
1458 355 1835 414 TRINITATE
1874 358 2077 418 LIBER
2116 358 2502 421 SECUNDUS.

3444 371 3550 428 678

312 474 543 548 Πρὸςδὲ
588 472 839 537 Γαλάτας
878 472 1007 545 περὶ
1061 471 1171 526 τῶν
1225 470 1624 543 βαπτισθέντων
1671 476 1795 549 [117
1828 496 1858 531 a

1989 478 2043 532 In
2087 479 2325 551 Epistola
2369 497 2500 536 vero
2548 480 2615 536 ad
2647 480 2867 538 Galatas
2915 484 2982 539 de
3026 484 3096 540 iis
3159 485 3251 557 qui
3298 486 3553 558 baptizati

310 568 502 639 φησίν
562 586 580 618 ι
618 568 732 620 Οὐκ
781 566 861 618 ἔτι
899 563 949 618 εἶ
996 565 1197 629 δοῦλος,
1230 565 1364 619 ἀλλὰ
1410 568 1541 631 υἱός·
1578 571 1627 621 εί
1656 570 1713 622 δέ
1748 570 1881 634 υἱὸς,

311 662 409 713 καὶ
442 658 781 729 κληρονόμος
820 656 953 709 Θεοῦ
984 656 1070 709 διὰ
1103 657 1358 727 Χριστοῦ.
1401 677 1419 710 ι
1465 659 1770 731 Κορινθίοις
1826 659 1884 713 δὲ

307 753 378 805 τὰ
412 753 503 804 ἴσα
546 748 871 803 ἐπιστέλλει·
909 766 927 799 ι
981 748 1138 802 Ἀλλὰ
1173 748 1561 814 ἀπελούσασθε,
1588 750 1701 804 ἀλλ’
1726 752 1885 822 ἡγιά-

309 848 497 917 σθητε,
556 846 670 899 ἀλλ’
702 844 1049 915 ἐδικαιώθητε
1082 846 1138 897 ἐν
1166 844 1245 914 τῷ
1296 844 1519 916 ὀνόματι
1543 845 1637 898 τοῦ
1677 847 1881 917 Κυρίου

306 939 465 1009 ἡμῶν
508 936 682 1008 Ἰησοῦ
721 935 977 1007 Χριστοῦ,
1019 936 1110 989 καὶ
1145 937 1202 989 ἐν
1222 936 1300 1007 τῷ
1336 936 1610 1007 Πνεύματι
1632 936 1726 991 τοῦ
1748 938 1881 992 Θεοῦ

263 1062 269 1067 -
307 1031 486 1101 ἡμῶν.
532 1050 552 1082 ι
602 1031 790 1101 Ἀθρει
842 1026 932 1082 οὖν
967 1029 1061 1082 καὶ
1090 1030 1154 1082 ἐκ
1186 1030 1292 1082 τῶν
1327 1030 1506 1101 ῥητῶν
1543 1030 1768 1096 τούτων,
1806 1031 1883 1094 ὡς

306 1130 341 1197 ἡ
371 1124 769 1196 ἀπολύτρωσις,
793 1123 887 1176 καὶ
918 1124 946 1175 ὁ
967 1121 1257 1191 ἁγιασμὸς,
1295 1122 1387 1176 καὶ
1419 1124 1452 1191 ἡ
1479 1123 1758 1187 δικαίωσις
1782 1125 1882 1177 οὐκ

309 1220 433 1272 ἄνευ
466 1216 563 1271 τοῦ
593 1216 854 1287 ὀνόματος
874 1214 966 1267 τοῦ
995 1213 1174 1268 θεῖκοῦ
1218 1214 1533 1285 Πνεύματος
1560 1215 1875 1287 παρέχεται.

312 1308 418 1361 Καὶ
437 1306 603 1359 πάλιν
637 1308 693 1359 ἐν
721 1308 837 1367 ταῖς
866 1303 1131 1372 Πράξεσιν
1163 1302 1463 1375 ἠρώτησεν,
1519 1306 1700 1375 φησιν,
1727 1304 1880 1368 τινὰς

310 1398 576 1469 μαθητὰς,
604 1396 790 1450 εἰπών·
829 1414 847 1447 ι
888 1397 948 1448 Et
993 1395 1216 1465 Πνεῦμα
1242 1396 1392 1462 ἆγιον
1420 1396 1640 1449 ἐλάϐετε
1670 1396 1879 1450 πιστεύ-

306 1506 533 1554 σαντες;
580 1509 599 1540 ι
661 1487 780 1540 Τῶν
829 1486 885 1540 δὲ
944 1487 1615 1557 άτιοκριναμένων,‹Ἀλλ’
1648 1488 1770 1541 οὐδὲ
1830 1490 1878 1542 εί

302 1582 529 1651 Πνεῦμα
544 1580 698 1648 ἅγιόν
724 1580 891 1642 ἐστιν,
927 1576 1257 1646 ἠκούσαμεν’
1291 1595 1308 1627 ι
1344 1576 1467 1647 ἔφη’
1498 1596 1517 1628 ι
1563 1578 1656 1640 Εἰς
1683 1578 1736 1630 τί
1785 1574 1878 1632 οὖν

301 1672 670 1742 ἐϐαπτίσθητε
694 1688 708 1735 ;
744 1690 761 1720 ι
813 1669 887 1731 ὡς
910 1668 1062 1720 οὐδὲν
1088 1667 1273 1736 ὄφελος
1310 1668 1619 1737 ἐσχηκότων
1646 1669 1755 1721 ἀπὸ
1782 1668 1874 1722 τοῦ

304 1765 380 1836 μὴ
412 1765 509 1816 καὶ
564 1764 645 1824 είς
675 1762 737 1814 τὸ
793 1761 946 1828 ἆγιον
977 1757 1199 1827 Πνεῦμα
1246 1757 1304 1822 ἐξ
1339 1758 1450 1811 ἴσου
1479 1759 1761 1811 πιστεῦσαι
1784 1760 1876 1812 καὶ

1989 582 2116 625 sunt
2169 575 2343 643 inquit
2374 592 2388 629 :
2428 593 2446 625 ε
2476 574 2590 631 Non
2621 576 2732 646 jam
2762 575 2875 647 (55)
2916 592 2975 633 es
3001 592 3208 643 servus,
3248 582 3341 635 sed
3371 581 3552 638 ﬁlius:

1988 662 2034 717 si
2078 675 2254 718 autem
2298 665 2458 729 ﬁlius,
2497 668 2659 721 etiam
2702 668 2877 724 haeres
2921 668 3013 724 Dei
3060 686 3157 739 per
3185 671 3491 739 Christum;
3530 691 3552 728 θ

1991 761 2046 805 et
2074 752 2372 808 Corinthiis
2396 754 2574 809 aliinia
2603 758 2794 812 scribit
2824 776 2837 812 :
2876 775 2895 809 ι
2926 759 3031 812 Sed
3059 760 3226 814 abluti
3257 760 3369 831 (54)
3401 766 3551 827 estis,

1987 842 2078 896 sed
2108 844 2433 899 sanctiﬁcati
2469 846 2623 909 estis,
2659 846 2751 901 scd
2775 846 3059 915 jnstilicati
3092 849 3222 903 estis
3252 849 3303 903 in
3333 850 3553 905 nomine

1983 934 2195 989 Domini
2243 938 2409 991 nostri
2455 936 2583 992 Jesu
2617 938 2839 1005 Christi,
2887 948 2941 995 et
2973 940 3026 994 in
3063 939 3269 1010 Spiritu
3316 943 3409 997 Dei
3455 960 3548 997 no-

1983 1026 2103 1079 stri.
2138 1045 2156 1077 I
2188 1027 2425 1083 Observa
2453 1044 2636 1098 porro,
2664 1030 2789 1085 illud
2823 1046 2887 1086 ex
2918 1032 3003 1088 his
3028 1034 3193 1089 etiam
3224 1037 3405 1089 verbis
3431 1034 3547 1090 col-

1983 1115 2095 1187 ligi,
2133 1119 2578 1188 redemptionem,
2633 1132 2683 1176 et
2735 1123 3239 1188 sanctificationem,
3280 1124 3551 1193 etjnstiﬂ-

1982 1208 2246 1263 catiuuem
2280 1224 2383 1264 non
2418 1211 2535 1266 sine
2568 1214 2787 1269 nomine
2819 1214 2982 1268 divini
3031 1213 3265 1284 Spiritus
3296 1216 3545 1285 praeberi.

1982 1292 2048 1347 Et
2080 1310 2269 1351 rursus
2318 1300 2370 1353 in
2418 1301 2570 1355 Actis
2617 1302 2985 1372 interrogavit,
3038 1303 3234 1373 inquit,
3282 1306 3545 1374 quosdam

1980 1384 2317 1457 discipulos:
2357 1407 2377 1440 ι
2412 1389 2468 1445 Si
2522 1392 2778 1463 Spiritum
2827 1394 2939 1465 (55)
2972 1406 3216 1450 sanctum
3259 1397 3547 1462 accepistis

1978 1480 2302 1535 credentes?
2331 1500 2349 1533 ι
2381 1482 2514 1536 Cum
2549 1498 2676 1539 vero
2701 1485 2773 1539 illi
2807 1487 3230 1555 respondissent,
3268 1506 3286 1539 ι
3318 1488 3422 1543 Sed
3452 1503 3549 1544 ne-

1978 1581 2083 1637 que
2131 1571 2174 1624 si
2234 1571 2472 1641 Spiritus
2513 1586 2732 1631 sanctus
2783 1587 2888 1643 est,
2933 1580 3253 1645 audivimus,
3297 1600 3315 1632 ι
3364 1582 3541 1637 dixit:

1984 1677 2003 1710 ι
2037 1659 2091 1713 III
2123 1677 2233 1731 quo
2277 1680 2404 1733 ergo
2433 1667 2687 1735 baptizali
2743 1671 2953 1725 estis?»
2993 1673 3115 1741 quia
3166 1674 3373 1728 sciliCct
3412 1672 3546 1728 nihil

1979 1748 2107 1817 ipsis
2136 1756 2408 1821 proderat,
2450 1758 2550 1811 nisi
2596 1760 2757 1813 etiam
2788 1760 2840 1813 in
2884 1760 3143 1830 Spiritum
3187 1775 3429 1818 sanctum
3475 1779 3542 1819 ex

303 1856 693 1928 βαπτισθῆναι,
729 1854 803 1917 ὡς
828 1854 1148 1905 ἐπίστευσαν
1182 1852 1261 1912 είς
1286 1850 1375 1902 τὸν
1422 1850 1637 1919 Πατέρα
1674 1852 1765 1904 καὶ
1786 1852 1864 1905 τοι

1977 1855 2131 1909 mque
2163 1846 2467 1909 crederent,
2492 1858 2545 1900 et
2580 1850 3006 1917 baptizarentur,
3038 1852 3177 1906 sicut
3202 1854 3543 1908 crediderant

296 1950 449 2002 Υἱόν.
475 1947 586 2000 Καὶ
610 1946 690 1999 ἔτι
717 1943 1142 2012 ἀπαγγέλλουσιν
1165 1944 1220 1995 αἱ
1250 1942 1483 2013 Πράξεις
1513 1943 1785 2011 ἀνωφελὲς
1815 1944 1875 1996 τὸ

295 2038 607 2110 βάπτισμα,
636 2034 757 2104 δίχα
787 2034 884 2103 τῆς
909 2031 1002 2084 τοῦ
1035 2031 1213 2085 θεϊκοῦ
1266 2031 1579 2101 Πνεύματος
1602 2033 1875 2103 ἐπιφοιτή-

296 2146 459 2191 σεως,
494 2126 588 2179 καὶ
617 2123 709 2177 τοῦ
733 2121 1001 2192 ἁγιασμοῦ
1052 2120 1236 2177 αὑτοῦ.
1278 2123 1333 2173 ἐν
1379 2120 1666 2184 συλλαϐαῖς
1691 2120 1873 2173 τοιαύ-

292 2234 437 2279 ταις·
474 2234 495 2267 ι
538 2213 890 2275 Ἀκούσαντες
918 2212 974 2264 δὲ
1009 2213 1056 2264 ot
1082 2213 1137 2263 ἐν
1153 2209 1539 2280 Ἰεροσολύμοις
1563 2211 1883 2285 ἀπόστολοι,

292 2312 375 2364 ὅτι
399 2309 641 2361 δέδεκται
666 2308 698 2376 ἡ
732 2305 1008 2375 Σαμάρεια
1039 2304 1127 2357 τὸν
1148 2302 1301 2371 λόγον
1326 2303 1416 2355 τοῦ
1440 2302 1593 2366 Θεοῦ,
1620 2302 1866 2355 ἀπέστει-

292 2406 392 2458 λαν
416 2403 555 2473 πρὸς
585 2401 779 2462 αὑτοὺς
809 2399 1008 2469 Πέτρον
1038 2398 1130 2450 καὶ
1167 2397 1434 2465 Ἰωάννην·
1462 2396 1654 2459 οἵτινες
1698 2413 1866 2449 κατα-

293 2494 490 2554 ϐάντες
550 2489 925 2560 προσηύξαντο
967 2488 1093 2556 περὶ
1120 2486 1319 2549 αὑτῶν,
1354 2488 1501 2549 ὅπως
1537 2486 1602 2540 ἂν
1631 2486 1867 2540 λάϐωσιν

292 2586 521 2655 Πνεῦμα
578 2583 754 2650 ἅγιον.
813 2580 1062 2633 Οὐδέπω
1091 2580 1199 2648 γὰρ
1224 2575 1291 2651 ἦν
1336 2581 1421 2632 ἐπ’
1460 2579 1635 2632 οὐδενὶ
1692 2580 1868 2633 αὐτῶν

290 2674 699 2736 ἐπιπεπτωκός,
739 2673 897 2743 μόνον
932 2672 989 2725 δέ
1040 2672 1459 2741 βεϐαπτισμένοι
1489 2673 1730 2745 ὑπῆρχον
1787 2674 1866 2736 εἰς

286 2770 349 2823 τὸ
400 2770 573 2836 δνομα
610 2765 706 2819 τοῦ
759 2764 959 2836 Κυρίου
1023 2764 1216 2833 Ἰησοῦ.
1245 2766 1377 2817 Τότε
1405 2765 1720 2819 ἐπετίθεσαν
1768 2764 1865 2828 τὰς

286 2864 479 2931 χεῖρας
531 2860 617 2912 ἐπ’
652 2857 869 2922 αὑτοὺς,
906 2857 998 2909 xai.
1043 2856 1342 2926 ἐλάμϐανον
1376 2858 1602 2927 Πνεῦμα
1630 2858 1802 2926 ἅγιον.
1840 2877 1858 2910 ι

285 2954 361 3006 Τὸ
394 2954 505 3023 γὰρ
576 2950 739 3020 ἔχειν’
776 2968 795 2999 ι
839 2949 1015 3001 Μόνον
1056 2948 1110 3001 δὲ
1148 2948 1566 3018 βεϐαπτισμένοι
1612 2949 1860 3020 ὑπῆρχον

284 3047 367 3108 εἰς
397 3044 460 3096 τὸ
512 3042 682 3112 δνομα
711 3040 803 3093 τοῦ
832 3041 1037 3112 Κυρίου
1082 3040 1277 3110 Ἰησοῦ,
1312 3060 1330 3092 ι
1355 3040 1528 3094 καὶτὸ
1575 3042 1863 3111 μετέπειτα

1977 1932 2029 1986 in
2067 1932 2278 1988 Patrem
2321 1947 2373 1988 et
2398 1937 2612 1992 Filium.
2649 1939 2915 1994 Praeterea
2956 1942 3146 1996 inutile
3206 1958 3327 1998 esse
3366 1944 3541 2013 bapti-

1974 2038 2088 2078 sma
2118 2026 2235 2080 sine
2262 2028 2424 2081 divini
2453 2029 2687 2098 Spiritus
2713 2033 2944 2085 adventu
2973 2047 3036 2087 ac
3077 2034 3531 2101 sanctiﬁcatione,

1974 2118 2293 2171 annnnIiaut
2352 2121 2485 2173 Acta
2540 2120 2624 2174 bis
2673 2122 2855 2177 verbis
2906 2141 2919 2175 :
2966 2142 2985 2173 ι
3017 2124 3149 2177 Cum
3201 2137 3379 2181 autem
3428 2126 3539 2200 (56)

1972 2207 2135 2279 254
2168 2210 2445 2265 audissent
2495 2214 2759 2280 apostoli,
2806 2217 2895 2284 qui
2953 2228 3109 2271 erant
3154 2216 3537 2289 Jerosolymis,

1972 2302 2112 2366 quod
2157 2302 2448 2369 recepisset
2485 2303 2726 2357 Samaria
2772 2307 2994 2360 verbum
3027 2305 3145 2373 Dei,
3180 2309 3442 2363 miserunt
3471 2309 3539 2364 ad

1970 2406 2063 2445 eos
2110 2392 2329 2446 Petrum
2372 2405 2424 2447 et
2458 2394 2738 2461 Joannem,
2790 2400 2879 2467 qui
2923 2400 3540 2457 descendentes-orave-

1972 2495 2097 2540 runt
2129 2502 2226 2556 pro
2276 2489 2429 2557 ipsis,
2481 2500 2540 2542 ut
2596 2492 2904 2559 accipereut
2942 2492 3202 2561 Spiritum
3244 2506 3535 2551 sanctum:

1972 2581 2205 2632 nondum
2251 2581 2391 2633 enim
2447 2582 2499 2635 in
2534 2596 2857 2652 quemquam
2904 2584 3115 2639 illorum
3147 2595 3393 2654 venerat,
3439 2588 3535 2642 sed

1968 2670 2231 2739 baptizatl
2282 2681 2490 2727 tantum
2547 2685 2701 2729 erant
2746 2677 2801 2730 in
2857 2677 3074 2731 nomine
3123 2679 3332 2733 Domini
3383 2678 3533 2734 Jesu.

1965 2761 2118 2816 Tunc
2159 2765 2504 2832 imponebant
2536 2767 2646 2838 (57)
2683 2785 2869 2822 manus
2920 2785 3082 2840 super
3130 2771 3271 2830 illos.
3305 2784 3356 2827 el
3394 2774 3535 2827 acci-

1966 2856 2183 2922 piebant
2220 2858 2480 2925 Spiritum
2523 2868 2792 2913 sanctmn.
2828 2878 2846 2910 »
2896 2860 2971 2913 Ex
3021 2862 3124 2916 illis
3151 2864 3296 2919 enim
3330 2866 3533 2931 Verbis,

1971 2964 1989 2995 ι
2021 2944 2123 2999 Sed
2178 2948 2429 3013 baptizati
2480 2958 2684 3002 tantum
2744 2963 2899 3006 erant
2946 2953 2997 3005 in
3054 2956 3271 3009 nomine
3320 2956 3532 3011 Domini

1963 3034 2109 3101 Jesn,
2144 3055 2161 3086 ι
2201 3047 2363 3104 atque
2404 3053 2469 3090 ex
2520 3054 2585 3092 co
2612 3040 2753 3108 quod
2789 3049 2973 3108 postea
3013 3044 3321 3111 acceperint
3360 3044 3533 3112 Spiri-

283 3135 587 3206 λαμϐάνειν
615 3133 675 3185 τὸ
708 3130 949 3200 Πνεῦμα,
989 3130 1157 3200 δηλοῖ,
1189 3130 1264 3193 ὡς
1296 3132 1452 3199 μόνον
1482 3131 1603 3199 οὐχὶ
1648 3132 1861 3185 ἔλειπεν

1967 3137 2102 3191 ι-ιιηι,
2156 3138 2397 3197 apparet,
2456 3146 2559 3183 non
2617 3132 2773 3185 modo
2826 3133 2958 3201 ipsis
2999 3133 3235 3187 defuisse
3274 3136 3527 3205 cognitio-

287 3201 470 3288 αὐτοῖς
517 3227 549 3294 ἡ
608 3225 735 3295 περὶ
776 3221 867 3275 τοῦ
913 3220 1228 3290 Πνεύματος
1275 3221 1590 3290 θεογνωσίω
1620 3222 1741 3294 [H7
1783 3223 1856 3295 (11'

1966 3235 2110 3281 nem,
2146 3236 2248 3286 qua
2287 3220 2448 3273 Deum
2490 3221 2748 3289 Spiritum
2788 3231 3212 3292 cognoscerent,
3248 3201 3530 3280 sedvetiam

292 3317 401 3369 ἀλλ’
431 3319 517 3369 ὅτι
555 3317 648 3369 καὶ
682 3317 777 3368 σὺν
798 3313 874 3383 τῷ
906 3313 1018 3383 Υἱῴ
1053 3314 1147 3366 κα).
1179 3312 1255 3382 τῷ
1285 3313 1560 3384 Πνεύματι
1611 3316 1861 3387 συμπάρ-

294 3427 459 3469 εστιν,
486 3408 580 3461 καὶ
614 3405 1142 3476 συμμνημονεύεται,
1172 3407 1265 3458 καὶ
1295 3409 1669 3477 συνευεργετεῖ
1693 3409 1720 3460 ὁ
1745 3408 1859 3459 Πα-

296 3501 397 3570 τὴρ
426 3500 516 3551 καὶ
542 3499 695 3561 Θεὸς,
726 3497 826 3549 κάν
864 3514 991 3550 ποτε
1042 3495 1223 3558 ἱδικῶς
1265 3496 1337 3566 μὴ
1392 3496 1685 3567 ὀνομασθῆ·
1719 3497 1751 3568 ἢ
1786 3496 1860 3560 ὡς

297 3591 343 3643 δ’
373 3588 439 3643 αὖ
474 3590 644 3656 πάλιν,
703 3588 806 3640 κᾶν
856 3586 1153 3661 σιωπηθείη
1206 3587 1282 3658 τῷ
1320 3587 1481 3657 λόγῳ,
1519 3587 1612 3641 καὶ
1671 3586 1744 3659 μὴ
1791 3591 1855 3658 τῇ

298 3681 494 3744 πίστει,
526 3683 551 3730 ὁ
590 3681 738 3744 Υἱὸς,
790 3678 822 3748 ἢ
872 3678 931 3730 τὸ
992 3679 1240 3749 Πνεῦμα,
1307 3681 1702 3749 συμπάρεστιν,
1765 3682 1858 3732 καὶ

292 3773 827 3844 συμμνημονεύεται,
865 3772 957 3824 καὶ
1004 3768 1266 3832 συνσώζει
1324 3769 1439 3841 ἅμα
1484 3770 1561 3839 τῷ
1595 3770 1713 3839 Θεῷ
1765 3772 1858 3824 καὶ

285 3864 480 3934 Πατρί.
517 3862 626 3914 Καὶ
664 3861 841 3913 πάλιν·
883 3881 899 3911 ι
936 3862 1043 3913 Καὶ
1071 3858 1533 3930 συναυλιζομένοις
1559 3862 1857 3931 παρήγγειο

277 3957 372 4009 λεν
408 3956 613 4017 αὐτοῖς,
644 3954 751 4006 ἀπὸ
788 3951 1169 4022 Ἰεροσολύμων
1228 3950 1302 4021 μὴ
1340 3950 1685 4022 χωρίζεσθαι*
1720 3952 1855 4004 ἀλλὰ

276 4046 602 4117 περιμένειν
631 4044 728 4114 τὴν
760 4043 1088 4112 ἐπαγγελίαν
1132 4045 1224 4095 τοῦ
1260 4043 1490 4113 Πατρὸς,
1527 4043 1592 4112 ἢν
1617 4044 1855 4112 ἠκούσα-

272 4139 335 4192 τέ
372 4154 499 4207 μου·
538 4138 661 4189 Ὀτι
703 4135 954 4205 Ἰωάννης
1011 4134 1108 4204 μὲν
1155 4134 1446 4187 ἐϐάπτισεν
1478 4133 1650 4199 ὕδατι,
1701 4136 1856 4206 ὑμεῖς

268 4234 413 4288 δὲέν
442 4231 722 4301 Πνεύματι
753 4230 892 4299 ἁγίῳ
932 4229 1386 4300 βαπτισθήσεσθε.
1435 4231 1495 4282 οὑ
1545 4231 1681 4299 μετὰ
1727 4232 1854 4283 πολ-

268 4326 376 4386 ιὰς
406 4321 611 4382 ταύτας
656 4319 884 4391 ἡμέρας·
938 4338 957 4371 ι
1015 4320 1107 4371 καὶ
1163 4318 1321 4371 πάλιν
1358 4318 1463 4371 ἀπὸ
1499 4320 1590 4372 τοῦ
1644 4321 1851 4391 Πέτρου

266 4415 408 4486 περὶ
473 4411 583 4463 τῶν
627 4411 685 4462 ἐν
730 4410 1033 4480 Καισαρείᾳ
1066 4409 1485 4480 βαπτισθέντων
1517 4428 1535 4460 ι
1577 4411 1662 4463 Ἐν
1694 4411 1748 4463 δὲ
1774 4411 1853 4482 τῷ

1960 3325 2079 3364 cum
2130 3311 2261 3365 Filio
2320 3322 2372 3365 el
2411 3311 2613 3382 Spiritu
2655 3316 2811 3367 simul
2845 3316 3058 3378 adesse,
3087 3324 3139 3370 et
3181 3316 3339 3371 simul
3381 3333 3530 3372 com-

1960 3402 2274 3464 memorari,
2322 3411 2375 3456 et
2424 3404 2583 3457 simul
2642 3406 2900 3459 benelicia
2956 3406 3137 3475 largiri
3191 3408 3407 3463 Patrem
3466 3424 3529 3466 ac

1962 3490 2150 3555 Demn,
2180 3494 2280 3545 etsi
2310 3494 2603 3558 aliquando
2628 3496 2673 3549 is
2722 3497 3067 3563 peculiariter
3095 3513 3200 3552 non
3234 3499 3392 3552 fuerit
3428 3516 3525 3555 no-

1960 3583 2196 3635 minatus
2235 3593 2366 3635 :aut
2406 3584 2520 3636 vice
2550 3600 2724 3647 versa,
2766 3588 2863 3639 etsi
2899 3596 3143 3641 taceatur
3172 3589 3371 3655 verbis,
3417 3606 3524 3644 non

1961 3671 2062 3725 ﬁde
2099 3672 2288 3737 Filius,
2324 3683 2417 3726 aut
2466 3674 2724 3743 Spiritus,
2760 3678 2920 3729 simul
2966 3692 3086 3731 cum
3134 3679 3241 3733 Deo
3272 3691 3325 3733 et
3367 3682 3524 3737 Patre

1959 3764 2151 3817 adesse
2198 3771 2483 3833 utramque
2523 3781 2829 3833 personam,
2881 3779 2936 3822 et
2985 3770 3144 3822 simul
3190 3787 3521 3828 connncmo-

1960 3856 2105 3920 rari,
2162 3865 2215 3909 et
2275 3858 2432 3909 simul
2498 3858 2704 3911 salvarc
2758 3859 2891 3929 (58).
2950 3862 3028 3914 Ac
3091 3877 3275 3915 rursus
3324 3879 3339 3916 :
3403 3881 3421 3913 ι
3460 3863 3521 3919 ΕΙ

1957 3963 2078 4001 cum
2112 3948 2222 4015 (59)
2258 3961 2441 4002 essent
2493 3953 2800 4017 congregati
2861 3953 2913 4004 in
2966 3954 3154 4006 eadem
3200 3956 3357 4008 domo
3388 3957 3520 4026 (60),

1958 4042 2212 4109 praecepit
2259 4043 2359 4105 eis,
2398 4045 2464 4094 ab
2507 4040 2859 4112 Jerosolymis
2915 4058 2981 4095 ne
3030 4045 3389 4108 discederent,
3426 4046 3521 4099 sed

1955 4143 2331 4202 exspectarent
2362 4134 2775 4201 promissionem
2818 4133 3016 4198 Patris,
3048 4152 3205 4203 quam
3238 4138 3465 4192 audistis
3489 4154 3519 4191 a

1954 4240 2040 4279 me
2072 4243 2084 4278 :
2114 4226 2237 4295 quia
2266 4223 2500 4278 Joannes
2535 4226 2749 4294 quidem
2783 4225 3075 4293 baptizavit
3108 4243 3269 4296 aqua,
3302 4244 3396 4284 vos
3423 4244 3522 4283 au-

1955 4324 2060 4370 tem
2099 4316 2152 4368 in
2183 4316 2388 4384 Spiritu
2417 4327 2604 4370 sancto
2632 4318 3056 4386 baptizabimini,
3092 4337 3194 4375 non
3230 4334 3350 4391 post
3377 4324 3515 4377 mul-

1955 4415 2039 4460 tos
2077 4406 2173 4460 hos
2206 4409 2355 4471 dies;
2388 4425 2406 4457 ι
2446 4418 2500 4459 et
2531 4421 2718 4461 rursus
2756 4423 2822 4462 ex
2870 4424 3097 4477 persona
3147 4412 3292 4465 Petri
3329 4414 3394 4468 de
3426 4414 3516 4481 iis,

264 4504 548 4579 ἄρξασθαί
603 4522 667 4575 με
697 4504 894 4566 λαλεῖν,
943 4503 1207 4555 ἐπέπεσεν
1235 4502 1295 4554 τὸ
1343 4502 1563 4572 Πνεῦμα
1607 4503 1665 4555 τὸ
1696 4504 1848 4571 ἅγιον

1966 4499 2041 4567 lui
2102 4498 2154 4551 in
2207 4498 2448 4552 Cmsarea
2498 4498 2751 4565 baptizziti
2806 4508 2997 4565 erant,
3058 4503 3314 4570 scriptum
3379 4516 3513 4559 est:

260 4602 356 4654 ἐπ’
385 4597 604 4659 αὐτοὺς,
661 4594 848 4665 ὥσπερ
871 4597 962 4649 καὶ
1004 4595 1095 4663 ἐφ’
1132 4596 1276 4664 ἡμᾶς
1303 4596 1359 4647 ἐν
1385 4595 1544 4665 ἀρχῇ·
1571 4596 1845 4666 ἐμνήσθην

259 4694 315 4746 δὲ
354 4689 457 4743 τοῦ
497 4689 737 4759 ῥήματος
772 4686 862 4738 τοῦ
896 4686 1120 4757 Κυρίου,
1142 4686 1217 4747 ὡς
1239 4685 1441 4754 ἔλεγεν·
1481 4686 1730 4756 Ἰωάννης
1749 4687 1844 4756 μὲν

257 4785 572 4837 ἐϐάπτισεν
600 4777 771 4839 ὖδατι,
810 4778 963 4848 ὑμεῖς
996 4778 1053 4830 δὲ
1106 4775 1537 4847 βαπτισθήσεσθε
1579 4778 1636 4829 ἐν
1685 4775 1847 4827 Πνεῦ-

258 4890 407 4945 ματι
463 4870 625 4939 ἁγίῳ.
666 4888 683 4920 ι
737 4868 799 4920 0i
857 4864 947 4920 οὖν
1007 4869 1064 4921 ἐν
1095 4865 1234 4936 ψιλῷ
1267 4864 1487 4934 ὀνόματι
1540 4863 1631 4916 τοῦ
1691 4864 1845 4931 ἁγίου

257 4964 611 5031 Πνεύματος,
666 4958 759 5011 καὶ
787 4958 884 5028 οὐχ
911 4958 986 5020 ὡς
1038 4959 1096 5009 ἐν
1127 4956 1346 5026 ὀνόματι
1376 4953 1509 5008 Θεοῦ
1560 4954 1652 5008 καὶ
1678 4953 1848 5008 Πνεύ-

258 5072 440 5126 ματος
486 5050 645 5113 Θεοῦ,
690 5050 847 5119 φύσει
895 5050 1045 5114 ὄντος
1089 5047 1405 5119 Πνεύματος
1430 5046 1616 5111 αὑτοῦ,
1652 5045 1845 5117 βαπτι-

327 5236 452 5305 (55)
486 5233 608 5305 [Yon
622 5233 755 5302 jam.
792 5234 968 5290 σηιξη.
992 5249 1068 5298 Iv,
1096 5233 1151 5288 7.

326 5302 451 5375 (5.5)
486 5303 607 5375 Sed,
638 5308 822 5358 abluti.
860 5306 877 5358 1
912 5306 1036 5360 Cor.
1074 5320 1148 5367 vr,
1178 5302 1264 5375 ll.

328 5372 452 5447 (55)
496 5374 555 5447 Si
582 5374 863 5441 Spiritum.
885 5377 1016 5447 (Act.
1040 5373 1222 5447 XIx,_2_
1244 5372 1377 5447 et}.

326 5442 453 5513 (56)
487 5446 616 5496 Cum
649 5455 845 5497 autem.
867 5446 984 5498 Act.
1006 5460 1121 5507 VIII,
1164 5442 1355 5498 14-17.

320 5511 444 5583 (57)
486 5513 849 5579 lmpnnebam.
884 5515 1066 5569 Graeca
1101 5514 1263 5584 editio
1303 5529 1315 5563 ε
1352 5511 1650 5567 ὲπετίθουν.
1682 5512 1836 5584 Didy-

250 5582 379 5639 mus
397 5596 456 5637 ct
492 5586 575 5663 hic
609 5582 1412 5663 et‘segm.219_b,_énsci0wq~i.
1506 5652 1560 5663 Ν
1731 5653 1743 5663 ι

323 5658 448 5725 (58)
504 5652 678 5707 Simul
703 5654 924 5706 salvare.
956 5656 1156 5725 Codex,
1190 5653 1472 5716 συνσώζει.
1505 5652 1834 5725 Elegantius,

250 5721 506 5791 nt'puto,
568 5725 898 5777 scriberetur
937 5721 1220 5787 συσσώζει·
1260 5739 1362 5791 qua
1416 5724 1617 5776 ratione
1650 5724 1839 5777 scribi-

250 5810 382 5850 mus
444 5794 722 5858 σύσσιτος,
747 5793 1078 5857 συσπένδειν,
1109 5806 1212 5848 cIc.
1258 5792 1312 5847 lu
1351 5791 1841 5862 Philosophumenis

1955 4609 1974 4641 ι
2014 4589 2147 4644 Cum
2196 4603 2320 4643 vero
2346 4586 2767 4658 (til)cmpissem
2824 4589 3007 4657 loqui,
3055 4592 3249 4645 cecidit
3284 4593 3517 4663 Spiritus

1954 4692 2178 4737 sanctus
2205 4695 2366 4750 super
2393 4696 2506 4745 eos,
2549 4681 2688 4736 sicut
2718 4691 2770 4735 et
2800 4683 2849 4734 in
2880 4698 2977 4736 nos
3006 4683 3057 4736 in
3098 4684 3250 4738 initio
3281 4704 3294 4740 :
3330 4703 3515 4742 recor-

1954 4775 2110 4827 datus
2169 4788 2286 4826 sum
2340 4783 2514 4825 autem
2575 4774 2723 4826 verbi
2778 4772 3012 4841 Domini,
3067 4778 3207 4829 sicut
3256 4779 3512 4837 dicebat:

1951 4863 2185 4919 Joannes
2212 4864 2426 4933 quidem
2459 4864 2753 4932 baptizavit
2796 4881 2957 4934 aqua,
3004 4882 3097 4922 vos
3126 4880 3302 4923 autem
3334 4872 3513 4941 bapti-

1952 4957 2208 5011 zabimini
2258 4956 2314 5010 in
2365 4954 2567 5025 Spiritu
2615 4966 2823 5011 sancto.
2854 4976 2871 5007 ι
2916 4958 3017 5024 Qui
3061 4975 3190 5031 ergo
3229 4963 3511 5033 baptizan-

1948 5058 2041 5103 tur
2078 5045 2191 5117 (62)
2225 5046 2277 5100 in
2334 5047 2476 5099 nudo
2521 5047 2739 5100 nomine
2787 5047 3021 5116 Spiritus
3064 5054 3254 5121 sancti,
3295 5065 3348 5111 et
3402 5072 3507 5112 non

1948 5239 2148 5307 tamen,
2174 5250 2307 5307 ‘cap.
2332 5235 2390 5301 2,
2420 5237 2670 5307 legimus,
2702 5233 3168 5307 cuvgao'qppévng.

2017 5302 2128 5372 (59)
2165 5304 2229 5357 Et
2254 5302 2390 5361 cum.
2427 5302 2545 5362 Act.
2577 5320 2615 5369 ι,
2644 5305 2678 5357 4
2707 5316 2763 5358 et
2792 5305 2846 5359 5.

2011 5371 2120 5445 (60)
2152 5374 2608 5445 Congregali,elc.
2629 5374 2919 5445 Bibliorum
2952 5374 3119 5429 editio
3149 5376 3349 5430 habet:
3382 5391 3507 5430 συν-

1938 5442 2306 5513 αυλιζόμενος,
2356 5442 2414 5500 id
2467 5455 2568 5509 est,
2605 5464 2624 5496 ι
2654 5460 2775 5499 cum
2834 5444 2900 5498 iis
2945 5458 3171 5502 versans
3222 5449 3275 5499 in
3319 5447 3505 5501 eadem

1937 5512 2114 5566 domo.
2134 5512 2172 5565 ν»

2014 5581 2123 5651 (6i)
2159 5582 2291 5636 Cum
2318 5600 2454 5638 vero.
2486 5586 2608 5640 Act.
2645 5600 2723 5648 XI,
2753 5584 2819 5639 15
2849 5595 2902 5638 et
2925 5584 3007 5641 l6.

2012 5654 2125 5721 (ϐξ)
2154 5654 2322 5717 Qui...
2362 5654 2716 5721 baptizantur.
2751 5656 2802 5708 Id
2833 5666 2935 5717 est,
2979 5674 2997 5706 ι
3036 5655 3125 5723 qui
3169 5654 3494 5723 baptismum

1943 5716 2234 5789 acCipiunt,
2294 5716 2504 5801 inanem
2559 5740 2707 5801 spem
2759 5727 2976 5801 habent,
3018 5716 3067 5801 »ξ
3096 5726 3196 5801 nisi
3240 5716 3502 5801 Spiritum

1947 5801 2191 5850 sanctum
2218 5796 2440 5852 credant
2471 5811 2590 5853 esse
2621 5795 2808 5852 Deum.
2855 5798 2946 5852 Sic
2976 5796 3121 5851 enim
3154 5797 3379 5864 benigne
3428 5795 3509 5846 vi-
