  <div class='ocr_page' id='page_1' title='image "/cluster/home/n/w/nwhite01/storage/ocr_20150623/39/hvd.32044037979440/351.png"; bbox 0 0 4082 6406; ppageno 0'>
   <div class='ocr_carea' id='block_1_1' title="bbox 625 338 818 419">
    <p class='ocr_par' dir='ltr' id='par_1_1' title="bbox 625 338 818 419">
     <span class='ocr_line' id='line_1_1' title="bbox 625 338 818 419; baseline 0 -26"><span class='ocrx_word' id='word_1_1' title='bbox 625 338 730 394; x_wconf 80' lang='lat'><strong>679</strong></span> <span class='ocrx_word' id='word_1_2' title='bbox 809 412 818 419; x_wconf 25' lang='grc' dir='ltr'><em>ί</em></span> 
     </span>
    </p>
   </div>
   <div class='ocr_carea' id='block_1_2' title="bbox 627 544 2190 622">
    <p class='ocr_par' dir='ltr' id='par_1_2' title="bbox 627 544 2190 622">
     <span class='ocr_line' id='line_1_2' title="bbox 627 544 2190 622; baseline -0.008 -12"><span class='ocrx_word' id='word_1_3' title='bbox 627 567 747 610; x_wconf 89' lang='lat' dir='ltr'><strong>tura</strong></span> <span class='ocrx_word' id='word_1_4' title='bbox 787 561 874 608; x_wconf 90' lang='lat' dir='ltr'><strong>est</strong></span> <span class='ocrx_word' id='word_1_5' title='bbox 902 551 1136 622; x_wconf 76' lang='lat' dir='ltr'><strong>Spiritus</strong></span> <span class='ocrx_word' id='word_1_6' title='bbox 1160 550 1301 618; x_wconf 88' lang='lat' dir='ltr'><strong>ejus,</strong></span> <span class='ocrx_word' id='word_1_7' title='bbox 1328 550 1363 604; x_wconf 87' lang='lat' dir='ltr'><strong>ii</strong></span> <span class='ocrx_word' id='word_1_8' title='bbox 1398 557 1587 618; x_wconf 90' lang='lat' dir='ltr'><strong>utpote</strong></span> <span class='ocrx_word' id='word_1_9' title='bbox 1635 562 1782 602; x_wconf 87' lang='lat' dir='ltr'><strong>mera</strong></span> <span class='ocrx_word' id='word_1_10' title='bbox 1823 561 1962 617; x_wconf 86' lang='lat' dir='ltr'><strong>aqua</strong></span> <span class='ocrx_word' id='word_1_11' title='bbox 1997 544 2190 608; x_wconf 89' lang='lat' dir='ltr'><strong>abluti,</strong></span> 
     </span>
    </p>
   </div>
   <div class='ocr_carea' id='block_1_3' title="bbox 624 638 2192 715">
    <p class='ocr_par' dir='ltr' id='par_1_3' title="bbox 624 638 2192 715">
     <span class='ocr_line' id='line_1_3' title="bbox 624 638 2192 715; baseline -0.005 -15"><span class='ocrx_word' id='word_1_12' title='bbox 624 661 818 702; x_wconf 86' lang='lat' dir='ltr'><strong>vanam</strong></span> <span class='ocrx_word' id='word_1_13' title='bbox 851 654 1012 715; x_wconf 88' lang='lat' dir='ltr'><strong>atque</strong></span> <span class='ocrx_word' id='word_1_14' title='bbox 1054 643 1296 698; x_wconf 77' lang='lat' dir='ltr'><strong>inutilem</strong></span> <span class='ocrx_word' id='word_1_15' title='bbox 1326 655 1475 711; x_wconf 84' lang='lat' dir='ltr'><strong>spem</strong></span> <span class='ocrx_word' id='word_1_16' title='bbox 1524 640 1747 694; x_wconf 86' lang='lat' dir='ltr'><strong>habent.</strong></span> <span class='ocrx_word' id='word_1_17' title='bbox 1779 638 1914 692; x_wconf 89' lang='lat' dir='ltr'><strong>Cum</strong></span> <span class='ocrx_word' id='word_1_18' title='bbox 1955 639 2099 692; x_wconf 91' lang='lat' dir='ltr'><strong>enim</strong></span> <span class='ocrx_word' id='word_1_19' title='bbox 2139 638 2192 692; x_wconf 93' lang='lat' dir='ltr'><strong>in</strong></span> 
     </span>
    </p>
   </div>
   <div class='ocr_carea' id='block_1_4' title="bbox 627 727 2196 807">
    <p class='ocr_par' dir='ltr' id='par_1_4' title="bbox 627 727 2196 807">
     <span class='ocr_line' id='line_1_4' title="bbox 627 727 2196 807; baseline -0.006 -17"><span class='ocrx_word' id='word_1_20' title='bbox 627 737 832 807; x_wconf 87' lang='lat' dir='ltr'><strong>piscina</strong></span> <span class='ocrx_word' id='word_1_21' title='bbox 875 733 1287 803; x_wconf 86' lang='lat' dir='ltr'><strong>immergimur,</strong></span> <span class='ocrx_word' id='word_1_22' title='bbox 1334 728 1724 800; x_wconf 90' lang='lat' dir='ltr'><strong>complaceutia</strong></span> <span class='ocrx_word' id='word_1_23' title='bbox 1778 727 1871 782; x_wconf 88' lang='lat' dir='ltr'><strong>Dei</strong></span> <span class='ocrx_word' id='word_1_24' title='bbox 1914 737 1970 781; x_wconf 90' lang='lat' dir='ltr'><strong>et</strong></span> <span class='ocrx_word' id='word_1_25' title='bbox 2019 727 2196 781; x_wconf 90' lang='lat' dir='ltr'><strong>Patris</strong></span> 
     </span>
    </p>
   </div>
   <div class='ocr_carea' id='block_1_5' title="bbox 627 817 2199 897">
    <p class='ocr_par' dir='ltr' id='par_1_5' title="bbox 627 817 2199 897">
     <span class='ocr_line' id='line_1_5' title="bbox 627 817 2199 897; baseline -0.006 -16"><span class='ocrx_word' id='word_1_26' title='bbox 627 842 722 895; x_wconf 89' lang='lat' dir='ltr'><strong>per</strong></span> <span class='ocrx_word' id='word_1_27' title='bbox 758 826 986 897; x_wconf 89' lang='lat' dir='ltr'><strong>gratiam</strong></span> <span class='ocrx_word' id='word_1_28' title='bbox 1037 823 1274 894; x_wconf 87' lang='lat' dir='ltr'><strong>Spiritus</strong></span> <span class='ocrx_word' id='word_1_29' title='bbox 1317 822 1460 891; x_wconf 85' lang='lat' dir='ltr'><strong>ejus,</strong></span> <span class='ocrx_word' id='word_1_30' title='bbox 1493 820 1728 890; x_wconf 86' lang='lat' dir='ltr'><strong>peccatis</strong></span> <span class='ocrx_word' id='word_1_31' title='bbox 1769 820 2058 882; x_wconf 90' lang='lat' dir='ltr'><strong>nudamur,</strong></span> <span class='ocrx_word' id='word_1_32' title='bbox 2102 817 2199 872; x_wconf 83' lang='lat' dir='ltr'><strong>de—</strong></span> 
     </span>
    </p>
   </div>
   <div class='ocr_carea' id='block_1_6' title="bbox 627 910 2196 990">
    <p class='ocr_par' dir='ltr' id='par_1_6' title="bbox 627 910 2196 990">
     <span class='ocr_line' id='line_1_6' title="bbox 627 910 2196 990; baseline -0.006 -15"><span class='ocrx_word' id='word_1_33' title='bbox 627 928 885 990; x_wconf 88' lang='lat' dir='ltr'><strong>ponentes</strong></span> <span class='ocrx_word' id='word_1_34' title='bbox 916 917 1076 988; x_wconf 81' lang='lat'><strong>255</strong></span> <span class='ocrx_word' id='word_1_35' title='bbox 1127 925 1361 970; x_wconf 80' lang='lat' dir='ltr'><strong>veterem</strong></span> <span class='ocrx_word' id='word_1_36' title='bbox 1410 913 1703 976; x_wconf 86' lang='lat' dir='ltr'><strong>hominem,</strong></span> <span class='ocrx_word' id='word_1_37' title='bbox 1742 920 1796 966; x_wconf 90' lang='lat' dir='ltr'><strong>et</strong></span> <span class='ocrx_word' id='word_1_38' title='bbox 1833 911 1974 980; x_wconf 90' lang='lat' dir='ltr'><strong>regia</strong></span> <span class='ocrx_word' id='word_1_39' title='bbox 2022 910 2196 980; x_wconf 89' lang='lat' dir='ltr'><strong>ipsius</strong></span> 
     </span>
    </p>
   </div>
   <div class='ocr_carea' id='block_1_7' title="bbox 628 1003 2195 1081">
    <p class='ocr_par' dir='ltr' id='par_1_7' title="bbox 628 1003 2195 1081">
     <span class='ocr_line' id='line_1_7' title="bbox 628 1003 2195 1081; baseline -0.006 -15"><span class='ocrx_word' id='word_1_40' title='bbox 628 1013 866 1081; x_wconf 89' lang='lat' dir='ltr'><strong>potentia</strong></span> <span class='ocrx_word' id='word_1_41' title='bbox 943 1022 1326 1078; x_wconf 88' lang='lat' dir='ltr'><strong>regeneramur</strong></span> <span class='ocrx_word' id='word_1_42' title='bbox 1384 1016 1544 1074; x_wconf 90' lang='lat' dir='ltr'><strong>atque</strong></span> <span class='ocrx_word' id='word_1_43' title='bbox 1610 1003 2009 1074; x_wconf 90' lang='lat' dir='ltr'><strong>obsignamur;</strong></span> <span class='ocrx_word' id='word_1_44' title='bbox 2074 1016 2195 1056; x_wconf 89' lang='lat' dir='ltr'><strong>cum</strong></span> 
     </span>
    </p>
   </div>
   <div class='ocr_carea' id='block_1_8' title="bbox 628 1093 2197 1159">
    <p class='ocr_par' dir='ltr' id='par_1_8' title="bbox 628 1093 2197 1159">
     <span class='ocr_line' id='line_1_8' title="bbox 628 1093 2197 1159; baseline -0.004 -6"><span class='ocrx_word' id='word_1_45' title='bbox 628 1118 758 1157; x_wconf 85' lang='lat' dir='ltr'><strong>vero</strong></span> <span class='ocrx_word' id='word_1_46' title='bbox 826 1119 891 1156; x_wconf 85' lang='lat' dir='ltr'><strong>ex</strong></span> <span class='ocrx_word' id='word_1_47' title='bbox 945 1101 1034 1155; x_wconf 90' lang='lat' dir='ltr'><strong>illa</strong></span> <span class='ocrx_word' id='word_1_48' title='bbox 1094 1097 1476 1159; x_wconf 86' lang='lat' dir='ltr'><strong>ascendimus,</strong></span> <span class='ocrx_word' id='word_1_49' title='bbox 1540 1095 1810 1148; x_wconf 85' lang='lat' dir='ltr'><strong>induimur</strong></span> <span class='ocrx_word' id='word_1_50' title='bbox 1861 1093 2197 1148; x_wconf 82' lang='lat' dir='ltr'><strong>Salvatorem</strong></span> 
     </span>
    </p>
   </div>
   <div class='ocr_carea' id='block_1_9' title="bbox 627 1185 2199 1256">
    <p class='ocr_par' dir='ltr' id='par_1_9' title="bbox 627 1185 2199 1256">
     <span class='ocr_line' id='line_1_9' title="bbox 627 1185 2199 1256; baseline -0.006 -6"><span class='ocrx_word' id='word_1_51' title='bbox 627 1195 900 1250; x_wconf 85' lang='lat' dir='ltr'><strong>Christum</strong></span> <span class='ocrx_word' id='word_1_52' title='bbox 935 1200 994 1246; x_wconf 87' lang='lat' dir='ltr'><strong>ut</strong></span> <span class='ocrx_word' id='word_1_53' title='bbox 1032 1191 1228 1245; x_wconf 89' lang='lat' dir='ltr'><strong>stolam</strong></span> <span class='ocrx_word' id='word_1_54' title='bbox 1265 1186 1755 1256; x_wconf 89' lang='lat' dir='ltr'><strong>incorruptibilem,</strong></span> <span class='ocrx_word' id='word_1_55' title='bbox 1787 1196 1844 1241; x_wconf 91' lang='lat' dir='ltr'><strong>et</strong></span> <span class='ocrx_word' id='word_1_56' title='bbox 1879 1185 2070 1254; x_wconf 67' lang='lat' dir='ltr'><strong>aequali</strong></span> <span class='ocrx_word' id='word_1_57' title='bbox 2103 1187 2199 1240; x_wconf 87' lang='lat' dir='ltr'><strong>lio-</strong></span> 
     </span>
    </p>
   </div>
   <div class='ocr_carea' id='block_1_10' title="bbox 627 1281 2197 1353">
    <p class='ocr_par' dir='ltr' id='par_1_10' title="bbox 627 1281 2197 1353">
     <span class='ocr_line' id='line_1_10' title="bbox 627 1281 2197 1353; baseline -0.007 -14"><span class='ocrx_word' id='word_1_58' title='bbox 627 1300 762 1340; x_wconf 90' lang='lat' dir='ltr'><strong>nore</strong></span> <span class='ocrx_word' id='word_1_59' title='bbox 809 1285 1045 1353; x_wconf 84' lang='lat' dir='ltr'><strong>dignam,</strong></span> <span class='ocrx_word' id='word_1_60' title='bbox 1077 1298 1142 1336; x_wconf 91' lang='lat' dir='ltr'><strong>ac</strong></span> <span class='ocrx_word' id='word_1_61' title='bbox 1185 1282 1274 1335; x_wconf 89' lang='lat' dir='ltr'><strong>ille</strong></span> <span class='ocrx_word' id='word_1_62' title='bbox 1310 1282 1504 1351; x_wconf 88' lang='lat' dir='ltr'><strong>dignus</strong></span> <span class='ocrx_word' id='word_1_63' title='bbox 1539 1289 1642 1342; x_wconf 87' lang='lat' dir='ltr'><strong>est,</strong></span> <span class='ocrx_word' id='word_1_64' title='bbox 1671 1281 1760 1348; x_wconf 89' lang='lat' dir='ltr'><strong>qui</strong></span> <span class='ocrx_word' id='word_1_65' title='bbox 1790 1293 1887 1332; x_wconf 91' lang='lat' dir='ltr'><strong>nos</strong></span> <span class='ocrx_word' id='word_1_66' title='bbox 1911 1292 2197 1348; x_wconf 89' lang='lat' dir='ltr'><strong>regenera-</strong></span> 
     </span>
    </p>
   </div>
   <div class='ocr_carea' id='block_1_11' title="bbox 627 1367 2193 1447">
    <p class='ocr_par' dir='ltr' id='par_1_11' title="bbox 627 1367 2193 1447">
     <span class='ocr_line' id='line_1_11' title="bbox 627 1367 2193 1447; baseline -0.005 -17"><span class='ocrx_word' id='word_1_67' title='bbox 627 1379 709 1433; x_wconf 86' lang='lat' dir='ltr'><strong>vit</strong></span> <span class='ocrx_word' id='word_1_68' title='bbox 731 1387 785 1433; x_wconf 85' lang='lat' dir='ltr'><strong>et</strong></span> <span class='ocrx_word' id='word_1_69' title='bbox 805 1376 1129 1447; x_wconf 82' lang='lat' dir='ltr'><strong>obsignavit,</strong></span> <span class='ocrx_word' id='word_1_70' title='bbox 1167 1383 1386 1430; x_wconf 87' lang='lat' dir='ltr'><strong>sanctus</strong></span> <span class='ocrx_word' id='word_1_71' title='bbox 1411 1373 1645 1442; x_wconf 86' lang='lat' dir='ltr'><strong>Spiritus</strong></span> <span class='ocrx_word' id='word_1_72' title='bbox 1677 1390 1690 1425; x_wconf 92' lang='lat'>:</span> <span class='ocrx_word' id='word_1_73' title='bbox 1729 1389 1748 1422; x_wconf 83' lang='grc' dir='ltr'><strong>ι</strong></span> <span class='ocrx_word' id='word_1_74' title='bbox 1779 1371 2055 1439; x_wconf 83' lang='lat' dir='ltr'><strong>Quotquot</strong></span> <span class='ocrx_word' id='word_1_75' title='bbox 2081 1367 2193 1440; x_wconf 79' lang='lat'><strong>(6&#39;5)</strong></span> 
     </span>
    </p>
   </div>
   <div class='ocr_carea' id='block_1_12' title="bbox 628 1457 2196 1536">
    <p class='ocr_par' dir='ltr' id='par_1_12' title="bbox 628 1457 2196 1536">
     <span class='ocr_line' id='line_1_12' title="bbox 628 1457 2196 1536; baseline -0.006 -12"><span class='ocrx_word' id='word_1_76' title='bbox 628 1472 825 1532; x_wconf 80' lang='lat' dir='ltr'><strong>enim,i</strong></span> <span class='ocrx_word' id='word_1_77' title='bbox 854 1468 1024 1534; x_wconf 90' lang='lat' dir='ltr'><strong>inquit</strong></span> <span class='ocrx_word' id='word_1_78' title='bbox 1043 1457 1374 1536; x_wconf 75' lang='lat' dir='ltr'><strong>Scriptura,t</strong></span> <span class='ocrx_word' id='word_1_79' title='bbox 1399 1466 1450 1519; x_wconf 92' lang='lat' dir='ltr'><strong>in</strong></span> <span class='ocrx_word' id='word_1_80' title='bbox 1473 1465 1747 1520; x_wconf 86' lang='lat' dir='ltr'><strong>Christum</strong></span> <span class='ocrx_word' id='word_1_81' title='bbox 1772 1463 2027 1532; x_wconf 83' lang='lat' dir='ltr'><strong>baptizati</strong></span> <span class='ocrx_word' id='word_1_82' title='bbox 2047 1462 2196 1525; x_wconf 89' lang='lat' dir='ltr'><strong>estis,</strong></span> 
     </span>
    </p>
   </div>
   <div class='ocr_carea' id='block_1_13' title="bbox 629 1554 2202 1624">
    <p class='ocr_par' dir='ltr' id='par_1_13' title="bbox 629 1554 2202 1624">
     <span class='ocr_line' id='line_1_13' title="bbox 629 1554 2202 1624; baseline -0.006 -10"><span class='ocrx_word' id='word_1_83' title='bbox 629 1559 901 1614; x_wconf 88' lang='lat' dir='ltr'><strong>Christum</strong></span> <span class='ocrx_word' id='word_1_84' title='bbox 952 1557 1235 1619; x_wconf 91' lang='lat' dir='ltr'><strong>induistis;</strong></span> <span class='ocrx_word' id='word_1_85' title='bbox 1272 1576 1290 1609; x_wconf 84' lang='lat' dir='ltr'><strong>i</strong></span> <span class='ocrx_word' id='word_1_86' title='bbox 1341 1567 1396 1611; x_wconf 93' lang='lat' dir='ltr'><strong>et</strong></span> <span class='ocrx_word' id='word_1_87' title='bbox 1438 1571 1582 1620; x_wconf 91' lang='lat' dir='ltr'><strong>eam,</strong></span> <span class='ocrx_word' id='word_1_88' title='bbox 1626 1555 1693 1610; x_wconf 90' lang='lat' dir='ltr'><strong>de</strong></span> <span class='ocrx_word' id='word_1_89' title='bbox 1746 1570 1850 1624; x_wconf 90' lang='lat' dir='ltr'><strong>qua</strong></span> <span class='ocrx_word' id='word_1_90' title='bbox 1907 1554 2202 1622; x_wconf 91' lang='lat' dir='ltr'><strong>loquuntur</strong></span> 
     </span>
    </p>
   </div>
   <div class='ocr_carea' id='block_1_14' title="bbox 629 1645 2196 1720">
    <p class='ocr_par' dir='ltr' id='par_1_14' title="bbox 629 1645 2196 1720">
     <span class='ocr_line' id='line_1_14' title="bbox 629 1645 2196 1720; baseline -0.006 -14"><span class='ocrx_word' id='word_1_91' title='bbox 629 1652 944 1720; x_wconf 70' lang='lat' dir='ltr'><strong>Scriptum,</strong></span> <span class='ocrx_word' id='word_1_92' title='bbox 980 1650 1311 1720; x_wconf 70' lang='lat' dir='ltr'><strong>«imaginem</strong></span> <span class='ocrx_word' id='word_1_93' title='bbox 1343 1647 1455 1720; x_wconf 66' lang='grc'>(64)</span> <span class='ocrx_word' id='word_1_94' title='bbox 1492 1664 1558 1704; x_wconf 86' lang='lat' dir='ltr'><strong>ac</strong></span> <span class='ocrx_word' id='word_1_95' title='bbox 1605 1646 2016 1704; x_wconf 86' lang='lat' dir='ltr'><strong>similitudinem</strong></span> <span class='ocrx_word' id='word_1_96' title='bbox 2056 1645 2146 1699; x_wconf 91' lang='lat' dir='ltr'><strong>Dei</strong></span> <span class='ocrx_word' id='word_1_97' title='bbox 2177 1664 2196 1697; x_wconf 73' lang='grc' dir='ltr'><strong>ο</strong></span> 
     </span>
    </p>
   </div>
   <div class='ocr_carea' id='block_1_15' title="bbox 629 1736 2200 1812">
    <p class='ocr_par' dir='ltr' id='par_1_15' title="bbox 629 1736 2200 1812">
     <span class='ocr_line' id='line_1_15' title="bbox 629 1736 2200 1812; baseline -0.003 -16"><span class='ocrx_word' id='word_1_98' title='bbox 629 1744 944 1812; x_wconf 79' lang='lat' dir='ltr'><strong>accipimus,</strong></span> <span class='ocrx_word' id='word_1_99' title='bbox 1003 1759 1162 1812; x_wconf 92' lang='lat' dir='ltr'><strong>quam</strong></span> <span class='ocrx_word' id='word_1_100' title='bbox 1203 1756 1589 1810; x_wconf 84' lang='lat' dir='ltr'><strong>acceperamus</strong></span> <span class='ocrx_word' id='word_1_101' title='bbox 1630 1755 1729 1811; x_wconf 88' lang='lat' dir='ltr'><strong>per</strong></span> <span class='ocrx_word' id='word_1_102' title='bbox 1763 1737 1999 1792; x_wconf 87' lang='lat' dir='ltr'><strong>divinam</strong></span> <span class='ocrx_word' id='word_1_103' title='bbox 2029 1736 2200 1792; x_wconf 77' lang='lat' dir='ltr'><strong>insqu</strong></span> 
     </span>
    </p>
   </div>
   <div class='ocr_carea' id='block_1_16' title="bbox 1856 325 3805 396">
    <p class='ocr_par' dir='ltr' id='par_1_16' title="bbox 1856 325 3805 396">
     <span class='ocr_line' id='line_1_16' title="bbox 1856 325 3805 396; baseline 0.006 -12"><span class='ocrx_word' id='word_1_104' title='bbox 1856 329 2089 386; x_wconf 79' lang='lat' dir='ltr'><strong>DIDYMI</strong></span> <span class='ocrx_word' id='word_1_105' title='bbox 2130 325 2605 384; x_wconf 76' lang='lat' dir='ltr'><strong>ALEXANDRINI</strong></span> <span class='ocrx_word' id='word_1_106' title='bbox 3720 341 3805 396; x_wconf 71' lang='lat'><strong>686</strong></span> 
     </span>
    </p>
   </div>
   <div class='ocr_carea' id='block_1_17' title="bbox 626 450 2272 531">
    <p class='ocr_par' dir='ltr' id='par_1_17' title="bbox 626 450 2272 531">
     <span class='ocr_line' id='line_1_17' title="bbox 626 450 2272 531; baseline -0.007 -14"><span class='ocrx_word' id='word_1_107' title='bbox 626 471 888 531; x_wconf 82' lang='lat' dir='ltr'><strong>tanquam</strong></span> <span class='ocrx_word' id='word_1_108' title='bbox 919 455 973 514; x_wconf 90' lang='lat' dir='ltr'><strong>in</strong></span> <span class='ocrx_word' id='word_1_109' title='bbox 1013 456 1234 514; x_wconf 87' lang='lat' dir='ltr'><strong>nomine</strong></span> <span class='ocrx_word' id='word_1_110' title='bbox 1280 454 1396 520; x_wconf 90' lang='lat' dir='ltr'><strong>Dei,</strong></span> <span class='ocrx_word' id='word_1_111' title='bbox 1442 463 1499 512; x_wconf 92' lang='lat' dir='ltr'><strong>et</strong></span> <span class='ocrx_word' id='word_1_112' title='bbox 1539 450 1924 524; x_wconf 45' lang='lat' dir='ltr'><strong>Spiritus&#39;Dei,</strong></span> <span class='ocrx_word' id='word_1_113' title='bbox 1962 469 2054 524; x_wconf 87' lang='lat' dir='ltr'><strong>qm</strong></span> <span class='ocrx_word' id='word_1_114' title='bbox 2095 469 2196 506; x_wconf 88' lang='lat' dir='ltr'><strong>na-</strong></span> <span class='ocrx_word' id='word_1_115' title='bbox 2225 461 2272 518; x_wconf 76' lang='grc' dir='ltr'>Α</span> 
     </span>
    </p>
   </div>
   <div class='ocr_carea' id='block_1_18' title="bbox 2298 447 3817 526">
    <p class='ocr_par' dir='ltr' id='par_1_18' title="bbox 2298 447 3817 526">
     <span class='ocr_line' id='line_1_18' title="bbox 2298 447 3817 526; baseline 0.005 -21"><span class='ocrx_word' id='word_1_116' title='bbox 2298 449 2537 523; x_wconf 80' lang='grc' dir='ltr'>ζόμενοι,</span> <span class='ocrx_word' id='word_1_117' title='bbox 2570 451 2644 514; x_wconf 87' lang='grc' dir='ltr'><strong>ὡς</strong></span> <span class='ocrx_word' id='word_1_118' title='bbox 2669 449 2824 504; x_wconf 74' lang='grc' dir='ltr'>ὖδατι</span> <span class='ocrx_word' id='word_1_119' title='bbox 2866 448 3009 521; x_wconf 78' lang='grc' dir='ltr'><strong>ψιλῷ</strong></span> <span class='ocrx_word' id='word_1_120' title='bbox 3046 447 3349 521; x_wconf 82' lang='grc' dir='ltr'>λουόμενοι,</span> <span class='ocrx_word' id='word_1_121' title='bbox 3396 450 3631 524; x_wconf 81' lang='grc' dir='ltr'>ἀνόνητον</span> <span class='ocrx_word' id='word_1_122' title='bbox 3661 454 3817 526; x_wconf 71' lang='grc' dir='ltr'><strong>ἔχουσι</strong></span> 
     </span>
    </p>
   </div>
   <div class='ocr_carea' id='block_1_19' title="bbox 2293 541 3815 618">
    <p class='ocr_par' dir='ltr' id='par_1_19' title="bbox 2293 541 3815 618">
     <span class='ocr_line' id='line_1_19' title="bbox 2293 541 3815 618; baseline -0.004 -22"><span class='ocrx_word' id='word_1_123' title='bbox 2293 541 2390 615; x_wconf 84' lang='grc' dir='ltr'><strong>τὴν</strong></span> <span class='ocrx_word' id='word_1_124' title='bbox 2435 542 2647 596; x_wconf 80' lang='grc' dir='ltr'>ἐλπίδα.</span> <span class='ocrx_word' id='word_1_125' title='bbox 2711 541 3081 605; x_wconf 81' lang='grc' dir='ltr'>Καταδύοντες</span> <span class='ocrx_word' id='word_1_126' title='bbox 3137 541 3236 612; x_wconf 85' lang='grc' dir='ltr'>μὲν</span> <span class='ocrx_word' id='word_1_127' title='bbox 3285 542 3394 613; x_wconf 82' lang='grc' dir='ltr'>γὰρ</span> <span class='ocrx_word' id='word_1_128' title='bbox 3449 543 3503 598; x_wconf 83' lang='grc' dir='ltr'>ἐν</span> <span class='ocrx_word' id='word_1_129' title='bbox 3553 545 3613 616; x_wconf 70' lang='grc' dir='ltr'><strong>τῇ</strong></span> <span class='ocrx_word' id='word_1_130' title='bbox 3647 542 3815 618; x_wconf 73' lang='grc' dir='ltr'>κολυμ.</span> 
     </span>
    </p>
   </div>
   <div class='ocr_carea' id='block_1_20' title="bbox 2294 631 3819 706">
    <p class='ocr_par' dir='ltr' id='par_1_20' title="bbox 2294 631 3819 706">
     <span class='ocr_line' id='line_1_20' title="bbox 2294 631 3819 706; baseline -0.003 -20"><span class='ocrx_word' id='word_1_131' title='bbox 2294 634 2511 706; x_wconf 73' lang='grc' dir='ltr'>δήθρᾳ,</span> <span class='ocrx_word' id='word_1_132' title='bbox 2568 633 2785 703; x_wconf 74' lang='grc' dir='ltr'>εὐδοκία</span> <span class='ocrx_word' id='word_1_133' title='bbox 2839 632 2932 686; x_wconf 80' lang='grc' dir='ltr'><strong>τοῦ</strong></span> <span class='ocrx_word' id='word_1_134' title='bbox 2999 631 3134 686; x_wconf 84' lang='grc' dir='ltr'><strong>Θεοῦ</strong></span> <span class='ocrx_word' id='word_1_135' title='bbox 3201 631 3295 686; x_wconf 80' lang='grc' dir='ltr'><strong>καὶ</strong></span> <span class='ocrx_word' id='word_1_136' title='bbox 3353 633 3552 705; x_wconf 62' lang='grc' dir='ltr'>Πατρός</span> <span class='ocrx_word' id='word_1_137' title='bbox 3613 637 3819 706; x_wconf 79' lang='grc' dir='ltr'>γυμνού.</span> 
     </span>
    </p>
   </div>
   <div class='ocr_carea' id='block_1_21' title="bbox 2298 722 3820 800">
    <p class='ocr_par' dir='ltr' id='par_1_21' title="bbox 2298 722 3820 800">
     <span class='ocr_line' id='line_1_21' title="bbox 2298 722 3820 800; baseline 0.003 -22"><span class='ocrx_word' id='word_1_138' title='bbox 2298 726 2459 797; x_wconf 88' lang='grc' dir='ltr'>μεθα,</span> <span class='ocrx_word' id='word_1_139' title='bbox 2515 728 2581 796; x_wconf 76' lang='grc' dir='ltr'><strong>τῇ</strong></span> <span class='ocrx_word' id='word_1_140' title='bbox 2637 725 2818 796; x_wconf 79' lang='grc' dir='ltr'><strong>χάριτι</strong></span> <span class='ocrx_word' id='word_1_141' title='bbox 2851 722 2943 778; x_wconf 82' lang='grc' dir='ltr'><strong>τοῦ</strong></span> <span class='ocrx_word' id='word_1_142' title='bbox 2996 723 3309 795; x_wconf 71' lang='grc' dir='ltr'>Πνεῦματος</span> <span class='ocrx_word' id='word_1_143' title='bbox 3347 725 3525 792; x_wconf 81' lang='grc' dir='ltr'>αὑτοῦ,</span> <span class='ocrx_word' id='word_1_144' title='bbox 3546 726 3644 781; x_wconf 86' lang='grc' dir='ltr'><strong>τῶν</strong></span> <span class='ocrx_word' id='word_1_145' title='bbox 3668 730 3820 800; x_wconf 83' lang='grc' dir='ltr'>ἀμαρ-</span> 
     </span>
    </p>
   </div>
   <div class='ocr_carea' id='block_1_22' title="bbox 2293 816 3820 890">
    <p class='ocr_par' dir='ltr' id='par_1_22' title="bbox 2293 816 3820 890">
     <span class='ocr_line' id='line_1_22' title="bbox 2293 816 3820 890; baseline 0.001 -19"><span class='ocrx_word' id='word_1_146' title='bbox 2293 817 2444 881; x_wconf 85' lang='grc' dir='ltr'>τιῶν,</span> <span class='ocrx_word' id='word_1_147' title='bbox 2497 817 2878 888; x_wconf 80' lang='grc' dir='ltr'><strong>ἀποτιθέμενοι</strong></span> <span class='ocrx_word' id='word_1_148' title='bbox 2918 816 3010 870; x_wconf 82' lang='grc' dir='ltr'><strong>τὸν</strong></span> <span class='ocrx_word' id='word_1_149' title='bbox 3055 817 3283 870; x_wconf 87' lang='grc' dir='ltr'>παλαιὸν</span> <span class='ocrx_word' id='word_1_150' title='bbox 3325 817 3618 889; x_wconf 82' lang='grc' dir='ltr'>ἄνθρωπον,</span> <span class='ocrx_word' id='word_1_151' title='bbox 3653 820 3734 873; x_wconf 75' lang='grc' dir='ltr'><strong>καὶ</strong></span> <span class='ocrx_word' id='word_1_152' title='bbox 3765 823 3820 890; x_wconf 77' lang='grc' dir='ltr'><strong>τῇ</strong></span> 
     </span>
    </p>
   </div>
   <div class='ocr_carea' id='block_1_23' title="bbox 2298 907 3821 981">
    <p class='ocr_par' dir='ltr' id='par_1_23' title="bbox 2298 907 3821 981">
     <span class='ocr_line' id='line_1_23' title="bbox 2298 907 3821 981; baseline 0.001 -18"><span class='ocrx_word' id='word_1_153' title='bbox 2298 909 2548 981; x_wconf 76' lang='grc' dir='ltr'><strong>βασιλικῇ</strong></span> <span class='ocrx_word' id='word_1_154' title='bbox 2588 910 2749 963; x_wconf 79' lang='grc' dir='ltr'>αὑτοῦ</span> <span class='ocrx_word' id='word_1_155' title='bbox 2783 909 3008 979; x_wconf 82' lang='grc' dir='ltr'><strong>δυνάμει</strong></span> <span class='ocrx_word' id='word_1_156' title='bbox 3043 907 3458 980; x_wconf 85' lang='grc' dir='ltr'>ἀναγεννώμεθα</span> <span class='ocrx_word' id='word_1_157' title='bbox 3489 911 3578 963; x_wconf 76' lang='grc' dir='ltr'><strong>καὶ</strong></span> <span class='ocrx_word' id='word_1_158' title='bbox 3621 912 3821 981; x_wconf 82' lang='grc' dir='ltr'>σφράγι-</span> 
     </span>
    </p>
   </div>
   <div class='ocr_carea' id='block_1_24' title="bbox 2296 1001 3826 1075">
    <p class='ocr_par' dir='ltr' id='par_1_24' title="bbox 2296 1001 3826 1075">
     <span class='ocr_line' id='line_1_24' title="bbox 2296 1001 3826 1075; baseline 0.001 -19"><span class='ocrx_word' id='word_1_159' title='bbox 2296 1001 2529 1074; x_wconf 75' lang='grc' dir='ltr'>ζόμεθαο</span> <span class='ocrx_word' id='word_1_160' title='bbox 2571 1003 2812 1066; x_wconf 83' lang='grc' dir='ltr'><strong>ἀνιόντες</strong></span> <span class='ocrx_word' id='word_1_161' title='bbox 2861 1002 2918 1055; x_wconf 83' lang='grc' dir='ltr'><strong>δὲ</strong></span> <span class='ocrx_word' id='word_1_162' title='bbox 2963 1002 3256 1074; x_wconf 78' lang='grc' dir='ltr'>ἐνδυόμεθοὶ</span> <span class='ocrx_word' id='word_1_163' title='bbox 3288 1020 3346 1056; x_wconf 86' lang='grc' dir='ltr'>τε</span> <span class='ocrx_word' id='word_1_164' title='bbox 3367 1004 3455 1056; x_wconf 83' lang='grc' dir='ltr'><strong>τὸν</strong></span> <span class='ocrx_word' id='word_1_165' title='bbox 3481 1004 3692 1075; x_wconf 81' lang='grc' dir='ltr'><strong>Σωτῆρα</strong></span> <span class='ocrx_word' id='word_1_166' title='bbox 3719 1007 3826 1066; x_wconf 81' lang='grc' dir='ltr'><strong>Χρι-</strong></span> 
     </span>
    </p>
   </div>
   <div class='ocr_carea' id='block_1_25' title="bbox 2298 1093 3826 1167">
    <p class='ocr_par' dir='ltr' id='par_1_25' title="bbox 2298 1093 3826 1167">
     <span class='ocr_line' id='line_1_25' title="bbox 2298 1093 3826 1167; baseline -0.001 -19"><span class='ocrx_word' id='word_1_167' title='bbox 2298 1095 2442 1159; x_wconf 83' lang='grc' dir='ltr'>στὸν,</span> <span class='ocrx_word' id='word_1_168' title='bbox 2490 1093 2681 1166; x_wconf 82' lang='grc' dir='ltr'>στολὴν</span> <span class='ocrx_word' id='word_1_169' title='bbox 2710 1093 2986 1165; x_wconf 77' lang='grc' dir='ltr'><strong>ἄφθαρτον</strong></span> <span class='ocrx_word' id='word_1_170' title='bbox 3020 1094 3112 1146; x_wconf 80' lang='grc' dir='ltr'><strong>καὶ</strong></span> <span class='ocrx_word' id='word_1_171' title='bbox 3150 1093 3391 1163; x_wconf 75' lang='grc' dir='ltr'><strong>ἰσότιμον</strong></span> <span class='ocrx_word' id='word_1_172' title='bbox 3434 1093 3524 1147; x_wconf 79' lang='grc' dir='ltr'><strong>τοῦ</strong></span> <span class='ocrx_word' id='word_1_173' title='bbox 3569 1095 3826 1167; x_wconf 80' lang='grc' dir='ltr'>ἀναγεννή-</span> 
     </span>
    </p>
   </div>
   <div class='ocr_carea' id='block_1_26' title="bbox 2299 1183 3828 1258">
    <p class='ocr_par' dir='ltr' id='par_1_26' title="bbox 2299 1183 3828 1258">
     <span class='ocr_line' id='line_1_26' title="bbox 2299 1183 3828 1258; baseline -0.003 -17"><span class='ocrx_word' id='word_1_174' title='bbox 2299 1204 2491 1250; x_wconf 81' lang='grc' dir='ltr'>σαντος</span> <span class='ocrx_word' id='word_1_175' title='bbox 2535 1187 2629 1240; x_wconf 73' lang='grc' dir='ltr'><strong>καὶ</strong></span> <span class='ocrx_word' id='word_1_176' title='bbox 2680 1185 3082 1258; x_wconf 82' lang='grc' dir='ltr'>σφραγίσαντος</span> <span class='ocrx_word' id='word_1_177' title='bbox 3125 1187 3274 1256; x_wconf 80' lang='grc' dir='ltr'><strong>ἡμᾶς</strong></span> <span class='ocrx_word' id='word_1_178' title='bbox 3313 1183 3464 1253; x_wconf 83' lang='grc' dir='ltr'>ἁγίου</span> <span class='ocrx_word' id='word_1_179' title='bbox 3510 1184 3828 1255; x_wconf 81' lang='grc' dir='ltr'>Πνεύματος,</span> 
     </span>
    </p>
   </div>
   <div class='ocr_carea' id='block_1_27' title="bbox 2299 1275 3827 1350">
    <p class='ocr_par' dir='ltr' id='par_1_27' title="bbox 2299 1275 3827 1350">
     <span class='ocr_line' id='line_1_27' title="bbox 2299 1275 3827 1350; baseline -0.001 -19"><span class='ocrx_word' id='word_1_180' title='bbox 2299 1280 2356 1348; x_wconf 83' lang='grc' dir='ltr'><strong>(ι</strong></span> <span class='ocrx_word' id='word_1_181' title='bbox 2393 1281 2546 1333; x_wconf 86' lang='grc' dir='ltr'>Ὅσοι</span> <span class='ocrx_word' id='word_1_182' title='bbox 2579 1277 2709 1350; x_wconf 82' lang='grc' dir='ltr'>γὰρ,</span> <span class='ocrx_word' id='word_1_183' title='bbox 2764 1296 2782 1328; x_wconf 77' lang='grc' dir='ltr'>ι</span> <span class='ocrx_word' id='word_1_184' title='bbox 2821 1278 3011 1349; x_wconf 74' lang='grc' dir='ltr'><strong>φησὶν,</strong></span> <span class='ocrx_word' id='word_1_185' title='bbox 3045 1296 3062 1328; x_wconf 81' lang='grc' dir='ltr'><strong>ι</strong></span> <span class='ocrx_word' id='word_1_186' title='bbox 3106 1278 3185 1341; x_wconf 79' lang='grc' dir='ltr'><strong>εἰς</strong></span> <span class='ocrx_word' id='word_1_187' title='bbox 3218 1275 3449 1348; x_wconf 76' lang='grc' dir='ltr'><strong>Χριστὸν</strong></span> <span class='ocrx_word' id='word_1_188' title='bbox 3479 1276 3827 1349; x_wconf 77' lang='grc' dir='ltr'><strong>ἐϐαπτίσθητε.</strong></span> 
     </span>
    </p>
   </div>
   <div class='ocr_carea' id='block_1_28' title="bbox 2297 1366 3832 1441">
    <p class='ocr_par' dir='ltr' id='par_1_28' title="bbox 2297 1366 3832 1441">
     <span class='ocr_line' id='line_1_28' title="bbox 2297 1366 3832 1441; baseline -0.004 -16"><span class='ocrx_word' id='word_1_189' title='bbox 2297 1369 2532 1441; x_wconf 84' lang='grc' dir='ltr'><strong>Χριστὸν</strong></span> <span class='ocrx_word' id='word_1_190' title='bbox 2586 1367 2939 1422; x_wconf 72' lang='grc' dir='ltr'>ἐνεδύσασθε·</span> <span class='ocrx_word' id='word_1_191' title='bbox 2980 1367 3040 1436; x_wconf 79' lang='grc' dir='ltr'><strong>ι)</strong></span> <span class='ocrx_word' id='word_1_192' title='bbox 3081 1368 3173 1420; x_wconf 82' lang='grc' dir='ltr'>καὶ</span> <span class='ocrx_word' id='word_1_193' title='bbox 3212 1367 3310 1437; x_wconf 80' lang='grc' dir='ltr'><strong>τὴν</strong></span> <span class='ocrx_word' id='word_1_194' title='bbox 3360 1366 3728 1438; x_wconf 78' lang='grc' dir='ltr'><strong>γεγραμμένην</strong></span> <span class='ocrx_word' id='word_1_195' title='bbox 3770 1368 3832 1420; x_wconf 80' lang='grc' dir='ltr'><strong>εἱ-</strong></span> 
     </span>
    </p>
   </div>
   <div class='ocr_carea' id='block_1_29' title="bbox 2299 1454 3833 1528">
    <p class='ocr_par' dir='ltr' id='par_1_29' title="bbox 2299 1454 3833 1528">
     <span class='ocr_line' id='line_1_29' title="bbox 2299 1454 3833 1528; baseline -0.004 -14"><span class='ocrx_word' id='word_1_196' title='bbox 2299 1459 2430 1514; x_wconf 85' lang='grc' dir='ltr'>κόνα</span> <span class='ocrx_word' id='word_1_197' title='bbox 2476 1459 2570 1512; x_wconf 75' lang='grc' dir='ltr'><strong>καὶ</strong></span> <span class='ocrx_word' id='word_1_198' title='bbox 2626 1458 2883 1528; x_wconf 83' lang='grc' dir='ltr'>ὁμοίωσιν</span> <span class='ocrx_word' id='word_1_199' title='bbox 2937 1456 3030 1510; x_wconf 81' lang='grc' dir='ltr'><strong>τοῦ</strong></span> <span class='ocrx_word' id='word_1_200' title='bbox 3088 1454 3221 1509; x_wconf 85' lang='grc' dir='ltr'>Θεοῦ</span> <span class='ocrx_word' id='word_1_201' title='bbox 3280 1456 3740 1527; x_wconf 68' lang='grc' dir='ltr'>ἀπολαμϐάνομεν,</span> <span class='ocrx_word' id='word_1_202' title='bbox 3779 1456 3833 1526; x_wconf 77' lang='grc' dir='ltr'>ἢν</span> 
     </span>
    </p>
   </div>
   <div class='ocr_carea' id='block_1_30' title="bbox 2299 1547 3836 1621">
    <p class='ocr_par' dir='ltr' id='par_1_30' title="bbox 2299 1547 3836 1621">
     <span class='ocr_line' id='line_1_30' title="bbox 2299 1547 3836 1621; baseline -0.003 -18"><span class='ocrx_word' id='word_1_203' title='bbox 2299 1550 2599 1621; x_wconf 74' lang='grc' dir='ltr'>ἐδεξάμεθα</span> <span class='ocrx_word' id='word_1_204' title='bbox 2633 1549 2724 1603; x_wconf 61' lang='grc' dir='ltr'><strong>διὰ</strong></span> <span class='ocrx_word' id='word_1_205' title='bbox 2748 1548 2842 1602; x_wconf 76' lang='grc' dir='ltr'>τοῦ</span> <span class='ocrx_word' id='word_1_206' title='bbox 2872 1547 3055 1602; x_wconf 80' lang='grc' dir='ltr'>θεῖκοῦ</span> <span class='ocrx_word' id='word_1_207' title='bbox 3084 1548 3479 1618; x_wconf 79' lang='grc' dir='ltr'>ὲμφυσήματος</span> <span class='ocrx_word' id='word_1_208' title='bbox 3498 1586 3512 1610; x_wconf 86' lang='grc'><strong>,</strong></span> <span class='ocrx_word' id='word_1_209' title='bbox 3540 1549 3630 1600; x_wconf 71' lang='grc' dir='ltr'>καὶ</span> <span class='ocrx_word' id='word_1_210' title='bbox 3653 1547 3836 1600; x_wconf 80' lang='grc' dir='ltr'><strong>ἀπωλέ-</strong></span> 
     </span>
    </p>
   </div>
   <div class='ocr_carea' id='block_1_31' title="bbox 2303 1637 3834 1715">
    <p class='ocr_par' dir='ltr' id='par_1_31' title="bbox 2303 1637 3834 1715">
     <span class='ocr_line' id='line_1_31' title="bbox 2303 1637 3834 1715; baseline -0.005 -17"><span class='ocrx_word' id='word_1_211' title='bbox 2303 1662 2475 1715; x_wconf 88' lang='grc' dir='ltr'>σαμεν</span> <span class='ocrx_word' id='word_1_212' title='bbox 2501 1643 2589 1698; x_wconf 82' lang='grc' dir='ltr'>διὰ</span> <span class='ocrx_word' id='word_1_213' title='bbox 2613 1641 2707 1696; x_wconf 77' lang='grc' dir='ltr'>τοῦ</span> <span class='ocrx_word' id='word_1_214' title='bbox 2735 1641 3269 1713; x_wconf 74' lang='grc' dir='ltr'>ἁμαρτήματοςοοκαὶ</span> <span class='ocrx_word' id='word_1_215' title='bbox 3299 1637 3455 1704; x_wconf 77' lang='grc' dir='ltr'>αὖθις</span> <span class='ocrx_word' id='word_1_216' title='bbox 3481 1639 3834 1711; x_wconf 77' lang='grc' dir='ltr'><strong>εὑρισκόμεθα,</strong></span> 
     </span>
    </p>
   </div>
   <div class='ocr_carea' id='block_1_32' title="bbox 2303 1731 3838 1810">
    <p class='ocr_par' dir='ltr' id='par_1_32' title="bbox 2303 1731 3838 1810">
     <span class='ocr_line' id='line_1_32' title="bbox 2303 1731 3838 1810; baseline -0.003 -17"><span class='ocrx_word' id='word_1_217' title='bbox 2303 1738 2432 1810; x_wconf 77' lang='lat' dir='ltr'><strong>[HS</strong></span> <span class='ocrx_word' id='word_1_218' title='bbox 2471 1737 2528 1809; x_wconf 78' lang='grc' dir='ltr'>α]</span> <span class='ocrx_word' id='word_1_219' title='bbox 2576 1731 2678 1790; x_wconf 77' lang='grc' dir='ltr'>οἷοί</span> <span class='ocrx_word' id='word_1_220' title='bbox 2723 1753 2827 1808; x_wconf 88' lang='grc' dir='ltr'>περ</span> <span class='ocrx_word' id='word_1_221' title='bbox 2861 1736 2953 1788; x_wconf 77' lang='grc' dir='ltr'><strong>ἐπὶ</strong></span> <span class='ocrx_word' id='word_1_222' title='bbox 3006 1733 3100 1789; x_wconf 77' lang='grc' dir='ltr'>τοῦ</span> <span class='ocrx_word' id='word_1_223' title='bbox 3145 1735 3566 1807; x_wconf 83' lang='grc' dir='ltr'><strong>πρωτοπλάστου</strong></span> <span class='ocrx_word' id='word_1_224' title='bbox 3613 1736 3838 1807; x_wconf 78' lang='grc' dir='ltr'>ἐγενήθη-</span> 
     </span>
    </p>
   </div>
   <div class='ocr_carea' id='block_1_33' title="bbox 629 1819 2204 1904">
    <p class='ocr_par' dir='ltr' id='par_1_33' title="bbox 629 1833 2194 1904">
     <span class='ocr_line' id='line_1_33' title="bbox 629 1833 2194 1904; baseline -0.003 -14"><span class='ocrx_word' id='word_1_225' title='bbox 629 1835 922 1902; x_wconf 73' lang='lat' dir='ltr'><strong>liationem,</strong></span> <span class='ocrx_word' id='word_1_226' title='bbox 958 1842 1014 1889; x_wconf 89' lang='lat' dir='ltr'><strong>et</strong></span> <span class='ocrx_word' id='word_1_227' title='bbox 1047 1835 1400 1888; x_wconf 87' lang='lat' dir='ltr'><strong>amiseramiis</strong></span> <span class='ocrx_word' id='word_1_228' title='bbox 1451 1833 1563 1904; x_wconf 83' lang='lat'><strong>(65)</strong></span> <span class='ocrx_word' id='word_1_229' title='bbox 1608 1847 1706 1901; x_wconf 89' lang='lat' dir='ltr'><strong>per</strong></span> <span class='ocrx_word' id='word_1_230' title='bbox 1765 1843 2084 1901; x_wconf 81' lang='lat' dir='ltr'><strong>peccatum:</strong></span> <span class='ocrx_word' id='word_1_231' title='bbox 2133 1845 2194 1885; x_wconf 87' lang='lat' dir='ltr'><strong>ac</strong></span> 
     </span>
    </p>
   </div>
   <div class='ocr_carea' id='block_1_34' title="bbox 2309 1819 3839 1904">
    <p class='ocr_par' dir='ltr' id='par_1_34' title="bbox 2309 1825 3839 1903">
     <span class='ocr_line' id='line_1_34' title="bbox 2309 1825 3839 1903; baseline -0.003 -19"><span class='ocrx_word' id='word_1_232' title='bbox 2309 1831 2436 1903; x_wconf 85' lang='grc' dir='ltr'>μεν,’</span> <span class='ocrx_word' id='word_1_233' title='bbox 2462 1828 2836 1900; x_wconf 82' lang='grc' dir='ltr'><strong>ἀναμάρτητοι</strong></span> <span class='ocrx_word' id='word_1_234' title='bbox 2885 1827 2980 1880; x_wconf 75' lang='grc' dir='ltr'><strong>καὶ</strong></span> <span class='ocrx_word' id='word_1_235' title='bbox 3021 1825 3390 1892; x_wconf 65' lang='grc' dir='ltr'><strong>αὐτεξούσιον</strong></span> <span class='ocrx_word' id='word_1_236' title='bbox 3423 1827 3596 1882; x_wconf 78' lang='grc' dir='ltr'>ταῦτα</span> <span class='ocrx_word' id='word_1_237' title='bbox 3629 1827 3728 1898; x_wconf 84' lang='grc' dir='ltr'>γὰρ</span> <span class='ocrx_word' id='word_1_238' title='bbox 3758 1843 3839 1896; x_wconf 85' lang='grc' dir='ltr'><strong>ση-</strong></span> 
     </span>
    </p>
   </div>
   <div class='ocr_carea' id='block_1_35' title="bbox 630 1922 2191 1995">
    <p class='ocr_par' dir='ltr' id='par_1_35' title="bbox 630 1922 2191 1995">
     <span class='ocr_line' id='line_1_35' title="bbox 630 1922 2191 1995; baseline -0.005 -14"><span class='ocrx_word' id='word_1_239' title='bbox 630 1926 810 1981; x_wconf 90' lang='lat' dir='ltr'><strong>denuo</strong></span> <span class='ocrx_word' id='word_1_240' title='bbox 865 1925 1051 1995; x_wconf 84' lang='lat' dir='ltr'><strong>quales</strong></span> <span class='ocrx_word' id='word_1_241' title='bbox 1109 1925 1161 1978; x_wconf 92' lang='lat' dir='ltr'><strong>in</strong></span> <span class='ocrx_word' id='word_1_242' title='bbox 1215 1924 1546 1993; x_wconf 83' lang='lat' dir='ltr'><strong>protoplasto</strong></span> <span class='ocrx_word' id='word_1_243' title='bbox 1596 1923 1819 1986; x_wconf 80' lang='lat' dir='ltr'><strong>fuimus,</strong></span> <span class='ocrx_word' id='word_1_244' title='bbox 1867 1922 2191 1983; x_wconf 86' lang='lat' dir='ltr'><strong>invenimur,</strong></span> 
     </span>
    </p>
   </div>
   <div class='ocr_carea' id='block_1_36' title="bbox 632 2010 2192 2085">
    <p class='ocr_par' dir='ltr' id='par_1_36' title="bbox 632 2010 2192 2085">
     <span class='ocr_line' id='line_1_36' title="bbox 632 2010 2192 2085; baseline 0 -18"><span class='ocrx_word' id='word_1_245' title='bbox 632 2016 837 2085; x_wconf 84' lang='lat' dir='ltr'><strong>peccati</strong></span> <span class='ocrx_word' id='word_1_246' title='bbox 868 2024 1138 2085; x_wconf 83' lang='lat' dir='ltr'><strong>expertes,</strong></span> <span class='ocrx_word' id='word_1_247' title='bbox 1175 2022 1231 2069; x_wconf 92' lang='lat' dir='ltr'><strong>et</strong></span> <span class='ocrx_word' id='word_1_248' title='bbox 1269 2012 1484 2083; x_wconf 86' lang='lat' dir='ltr'><strong>propria</strong></span> <span class='ocrx_word' id='word_1_249' title='bbox 1517 2012 1722 2083; x_wconf 62' lang='lat' dir='ltr'><strong>praediti</strong></span> <span class='ocrx_word' id='word_1_250' title='bbox 1750 2020 2016 2082; x_wconf 88' lang='lat' dir='ltr'><strong>potestate</strong></span> <span class='ocrx_word' id='word_1_251' title='bbox 2044 2010 2192 2083; x_wconf 90' lang='lat'><strong>(66):</strong></span> 
     </span>
    </p>
   </div>
   <div class='ocr_carea' id='block_1_37' title="bbox 634 2212 2195 2286">
    <p class='ocr_par' dir='ltr' id='par_1_37' title="bbox 634 2212 2195 2286">
     <span class='ocr_line' id='line_1_37' title="bbox 634 2212 2195 2286; baseline -0.006 -13"><span class='ocrx_word' id='word_1_252' title='bbox 634 2219 829 2273; x_wconf 85' lang='lat' dir='ltr'><strong>dentur</strong></span> <span class='ocrx_word' id='word_1_253' title='bbox 859 2217 974 2272; x_wconf 60' lang='lat' dir='ltr'><strong>hare</strong></span> <span class='ocrx_word' id='word_1_254' title='bbox 999 2215 1329 2286; x_wconf 84' lang='lat' dir='ltr'><strong>accipienda,</strong></span> <span class='ocrx_word' id='word_1_255' title='bbox 1354 2222 1412 2268; x_wconf 91' lang='lat' dir='ltr'><strong>ut</strong></span> <span class='ocrx_word' id='word_1_256' title='bbox 1432 2214 1498 2270; x_wconf 91' lang='lat' dir='ltr'><strong>de</strong></span> <span class='ocrx_word' id='word_1_257' title='bbox 1521 2214 1848 2284; x_wconf 84' lang='lat' dir='ltr'><strong>suscipiente</strong></span> <span class='ocrx_word' id='word_1_258' title='bbox 1869 2212 2195 2286; x_wconf 85' lang='lat' dir='ltr'><strong>baptismum</strong></span> 
     </span>
    </p>
   </div>
   <div class='ocr_carea' id='block_1_38' title="bbox 636 2284 2195 2356">
    <p class='ocr_par' dir='ltr' id='par_1_38' title="bbox 636 2284 2195 2356">
     <span class='ocr_line' id='line_1_38' title="bbox 636 2284 2195 2356; baseline -0.005 -15"><span class='ocrx_word' id='word_1_259' title='bbox 636 2290 889 2356; x_wconf 85' lang='lat' dir='ltr'><strong>loquatur</strong></span> <span class='ocrx_word' id='word_1_260' title='bbox 919 2284 1194 2356; x_wconf 81' lang='lat' dir='ltr'><strong>Didymus,</strong></span> <span class='ocrx_word' id='word_1_261' title='bbox 1221 2301 1324 2338; x_wconf 92' lang='lat' dir='ltr'><strong>non</strong></span> <span class='ocrx_word' id='word_1_262' title='bbox 1350 2300 1477 2356; x_wconf 86' lang='lat' dir='ltr'><strong>vero</strong></span> <span class='ocrx_word' id='word_1_263' title='bbox 1511 2287 1576 2339; x_wconf 91' lang='lat' dir='ltr'><strong>de</strong></span> <span class='ocrx_word' id='word_1_264' title='bbox 1620 2286 1870 2356; x_wconf 89' lang='lat' dir='ltr'><strong>ministro</strong></span> <span class='ocrx_word' id='word_1_265' title='bbox 1897 2284 2195 2356; x_wconf 74' lang='lat' dir='ltr'><strong>baptismi,</strong></span> 
     </span>
    </p>
   </div>
   <div class='ocr_carea' id='block_1_39' title="bbox 635 2353 2199 2428">
    <p class='ocr_par' dir='ltr' id='par_1_39' title="bbox 635 2353 2199 2428">
     <span class='ocr_line' id='line_1_39' title="bbox 635 2353 2199 2428; baseline -0.004 -17"><span class='ocrx_word' id='word_1_266' title='bbox 635 2353 790 2428; x_wconf 81' lang='lat' dir='ltr'><strong>quasi</strong></span> <span class='ocrx_word' id='word_1_267' title='bbox 825 2353 1138 2428; x_wconf 82' lang='lat' dir='ltr'><strong>invalidum,</strong></span> <span class='ocrx_word' id='word_1_268' title='bbox 1171 2364 1261 2428; x_wconf 80' lang='lat' dir='ltr'><strong>aut</strong></span> <span class='ocrx_word' id='word_1_269' title='bbox 1290 2355 1480 2409; x_wconf 85' lang='lat' dir='ltr'><strong>saltem</strong></span> <span class='ocrx_word' id='word_1_270' title='bbox 1509 2355 1842 2428; x_wconf 77' lang='lat' dir='ltr'><strong>suscipienti</strong></span> <span class='ocrx_word' id='word_1_271' title='bbox 1883 2353 2103 2428; x_wconf 67' lang='lat' dir='ltr'><strong>inutile</strong></span> <span class='ocrx_word' id='word_1_272' title='bbox 2127 2353 2199 2405; x_wconf 93' lang='lat' dir='ltr'><strong>sit</strong></span> 
     </span>
    </p>
   </div>
   <div class='ocr_carea' id='block_1_40' title="bbox 635 2421 2197 2497">
    <p class='ocr_par' dir='ltr' id='par_1_40' title="bbox 635 2421 2197 2497">
     <span class='ocr_line' id='line_1_40' title="bbox 635 2421 2197 2497; baseline -0.004 -16"><span class='ocrx_word' id='word_1_273' title='bbox 635 2421 903 2497; x_wconf 78' lang='lat' dir='ltr'><strong>liaptisnia</strong></span> <span class='ocrx_word' id='word_1_274' title='bbox 931 2427 1081 2497; x_wconf 84' lang='lat' dir='ltr'><strong>abeo</strong></span> <span class='ocrx_word' id='word_1_275' title='bbox 1110 2425 1388 2497; x_wconf 82' lang='lat' dir='ltr'><strong>collatum,</strong></span> <span class='ocrx_word' id='word_1_276' title='bbox 1433 2425 1522 2497; x_wconf 84' lang='lat' dir='ltr'><strong>qui</strong></span> <span class='ocrx_word' id='word_1_277' title='bbox 1555 2421 1834 2497; x_wconf 77' lang='lat' dir='ltr'><strong>perperam</strong></span> <span class='ocrx_word' id='word_1_278' title='bbox 1864 2424 1930 2478; x_wconf 90' lang='lat' dir='ltr'><strong>de</strong></span> <span class='ocrx_word' id='word_1_279' title='bbox 1964 2421 2197 2497; x_wconf 68' lang='lat' dir='ltr'><strong>Spiritus</strong></span> 
     </span>
    </p>
   </div>
   <div class='ocr_carea' id='block_1_41' title="bbox 635 2491 2198 2559">
    <p class='ocr_par' dir='ltr' id='par_1_41' title="bbox 635 2491 2198 2559">
     <span class='ocr_line' id='line_1_41' title="bbox 635 2491 2198 2559; baseline -0.003 -8"><span class='ocrx_word' id='word_1_280' title='bbox 635 2491 811 2551; x_wconf 80' lang='lat' dir='ltr'><strong>sancti</strong></span> <span class='ocrx_word' id='word_1_281' title='bbox 860 2496 1143 2549; x_wconf 83' lang='lat' dir='ltr'><strong>divinitate</strong></span> <span class='ocrx_word' id='word_1_282' title='bbox 1171 2496 1390 2559; x_wconf 89' lang='lat' dir='ltr'><strong>sentiat,</strong></span> <span class='ocrx_word' id='word_1_283' title='bbox 1426 2491 1526 2549; x_wconf 70' lang='lat' dir='ltr'><strong>eisi</strong></span> <span class='ocrx_word' id='word_1_284' title='bbox 1560 2491 1853 2548; x_wconf 77' lang='lat' dir='ltr'><strong>lorinulani</strong></span> <span class='ocrx_word' id='word_1_285' title='bbox 1908 2509 1937 2546; x_wconf 92' lang='lat' dir='ltr'><strong>a</strong></span> <span class='ocrx_word' id='word_1_286' title='bbox 1979 2491 2198 2546; x_wconf 89' lang='lat' dir='ltr'><strong>Christo</strong></span> 
     </span>
    </p>
   </div>
   <div class='ocr_carea' id='block_1_42' title="bbox 637 2560 2203 2636">
    <p class='ocr_par' dir='ltr' id='par_1_42' title="bbox 637 2560 2203 2636">
     <span class='ocr_line' id='line_1_42' title="bbox 637 2560 2203 2636; baseline -0.003 -17"><span class='ocrx_word' id='word_1_287' title='bbox 637 2567 1004 2636; x_wconf 67' lang='lat' dir='ltr'><strong>praescriptam</strong></span> <span class='ocrx_word' id='word_1_288' title='bbox 1053 2565 1365 2636; x_wconf 86' lang='lat' dir='ltr'><strong>pronuntiet</strong></span> <span class='ocrx_word' id='word_1_289' title='bbox 1404 2565 1554 2618; x_wconf 75' lang='lat' dir='ltr'><strong>inter</strong></span> <span class='ocrx_word' id='word_1_290' title='bbox 1611 2560 2203 2636; x_wconf 73' lang='lat' dir='ltr'><strong>baptizandum._(Vide</strong></span> 
     </span>
    </p>
   </div>
   <div class='ocr_carea' id='block_1_43' title="bbox 636 2631 2200 2707">
    <p class='ocr_par' dir='ltr' id='par_1_43' title="bbox 636 2631 2200 2707">
     <span class='ocr_line' id='line_1_43' title="bbox 636 2631 2200 2707; baseline -0.006 -15"><span class='ocrx_word' id='word_1_291' title='bbox 636 2631 975 2707; x_wconf 37' lang='lat' dir='ltr'><strong>segm._’l28</strong></span> <span class='ocrx_word' id='word_1_292' title='bbox 1026 2631 1120 2705; x_wconf 72' lang='grc' dir='ltr'>α’).</span> <span class='ocrx_word' id='word_1_293' title='bbox 1183 2638 1493 2707; x_wconf 66' lang='lat' dir='ltr'><strong>Quanquam</strong></span> <span class='ocrx_word' id='word_1_294' title='bbox 1551 2644 1746 2707; x_wconf 81' lang='lat' dir='ltr'><strong>norunt</strong></span> <span class='ocrx_word' id='word_1_295' title='bbox 1810 2631 2063 2707; x_wconf 70' lang='lat' dir='ltr'><strong>theologi</strong></span> <span class='ocrx_word' id='word_1_296' title='bbox 2096 2645 2200 2707; x_wconf 80' lang='lat' dir='ltr'><strong>non</strong></span> 
     </span>
    </p>
   </div>
   <div class='ocr_carea' id='block_1_44' title="bbox 637 2699 2201 2772">
    <p class='ocr_par' dir='ltr' id='par_1_44' title="bbox 637 2699 2201 2772">
     <span class='ocr_line' id='line_1_44' title="bbox 637 2699 2201 2772; baseline -0.004 -12"><span class='ocrx_word' id='word_1_297' title='bbox 637 2699 875 2761; x_wconf 64' lang='lat' dir='ltr'><strong>deiuisse</strong></span> <span class='ocrx_word' id='word_1_298' title='bbox 907 2699 1223 2772; x_wconf 61' lang='lat' dir='ltr'><strong>etiain&#39;post</strong></span> <span class='ocrx_word' id='word_1_299' title='bbox 1260 2699 1528 2757; x_wconf 72' lang='lat' dir='ltr'><strong>Niciennm</strong></span> <span class='ocrx_word' id='word_1_300' title='bbox 1550 2703 1836 2757; x_wconf 87' lang='lat' dir='ltr'><strong>concilium</strong></span> <span class='ocrx_word' id='word_1_301' title='bbox 1862 2701 2072 2772; x_wconf 86' lang='lat' dir='ltr'><strong>Patres,</strong></span> <span class='ocrx_word' id='word_1_302' title='bbox 2108 2699 2201 2770; x_wconf 91' lang='lat' dir='ltr'><strong>qui</strong></span> 
     </span>
    </p>
   </div>
   <div class='ocr_carea' id='block_1_45' title="bbox 639 2771 2200 2846">
    <p class='ocr_par' dir='ltr' id='par_1_45' title="bbox 639 2771 2200 2846">
     <span class='ocr_line' id='line_1_45' title="bbox 639 2771 2200 2846; baseline -0.004 -16"><span class='ocrx_word' id='word_1_303' title='bbox 639 2778 963 2846; x_wconf 82' lang='lat' dir='ltr'><strong>baptismum</strong></span> <span class='ocrx_word' id='word_1_304' title='bbox 996 2779 1064 2828; x_wconf 89' lang='lat' dir='ltr'><strong>ab</strong></span> <span class='ocrx_word' id='word_1_305' title='bbox 1092 2771 1358 2846; x_wconf 61' lang='lat' dir='ltr'><strong>liwreticis</strong></span> <span class='ocrx_word' id='word_1_306' title='bbox 1397 2773 1651 2846; x_wconf 80' lang='lat' dir='ltr'><strong>collatum</strong></span> <span class='ocrx_word' id='word_1_307' title='bbox 1693 2781 1752 2825; x_wconf 90' lang='lat' dir='ltr'><strong>ut</strong></span> <span class='ocrx_word' id='word_1_308' title='bbox 1786 2771 2074 2846; x_wconf 78' lang='lat' dir='ltr'><strong>invalidum</strong></span> <span class='ocrx_word' id='word_1_309' title='bbox 2104 2772 2200 2846; x_wconf 87' lang='lat' dir='ltr'><strong>li_a_-</strong></span> 
     </span>
    </p>
   </div>
   <div class='ocr_carea' id='block_1_46' title="bbox 639 2838 2202 2900">
    <p class='ocr_par' dir='ltr' id='par_1_46' title="bbox 639 2838 2202 2900">
     <span class='ocr_line' id='line_1_46' title="bbox 639 2838 2202 2900; baseline -0.006 0"><span class='ocrx_word' id='word_1_310' title='bbox 639 2838 822 2900; x_wconf 79' lang='lat' dir='ltr'><strong>buere.</strong></span> <span class='ocrx_word' id='word_1_311' title='bbox 861 2845 1034 2899; x_wconf 78' lang='lat' dir='ltr'><strong>Meum</strong></span> <span class='ocrx_word' id='word_1_312' title='bbox 1063 2859 1165 2896; x_wconf 93' lang='lat' dir='ltr'><strong>non</strong></span> <span class='ocrx_word' id='word_1_313' title='bbox 1216 2852 1299 2897; x_wconf 90' lang='lat' dir='ltr'><strong>est</strong></span> <span class='ocrx_word' id='word_1_314' title='bbox 1328 2844 1428 2897; x_wconf 88' lang='lat' dir='ltr'><strong>hac</strong></span> <span class='ocrx_word' id='word_1_315' title='bbox 1458 2843 1523 2894; x_wconf 91' lang='lat' dir='ltr'><strong>de</strong></span> <span class='ocrx_word' id='word_1_316' title='bbox 1554 2857 1612 2895; x_wconf 90' lang='lat' dir='ltr'><strong>re</strong></span> <span class='ocrx_word' id='word_1_317' title='bbox 1641 2857 1782 2895; x_wconf 92' lang='lat' dir='ltr'><strong>nunc</strong></span> <span class='ocrx_word' id='word_1_318' title='bbox 1813 2841 2099 2895; x_wconf 87' lang='lat' dir='ltr'><strong>disserere.</strong></span> <span class='ocrx_word' id='word_1_319' title='bbox 2135 2838 2202 2892; x_wconf 87' lang='lat' dir='ltr'><strong>ll-</strong></span> 
     </span>
    </p>
   </div>
   <div class='ocr_carea' id='block_1_47' title="bbox 639 2909 2202 2976">
    <p class='ocr_par' dir='ltr' id='par_1_47' title="bbox 639 2909 2202 2976">
     <span class='ocr_line' id='line_1_47' title="bbox 639 2909 2202 2976; baseline -0.004 -8"><span class='ocrx_word' id='word_1_320' title='bbox 639 2915 729 2970; x_wconf 87' lang='lat' dir='ltr'><strong>liid</strong></span> <span class='ocrx_word' id='word_1_321' title='bbox 765 2924 973 2968; x_wconf 90' lang='lat' dir='ltr'><strong>tantum</strong></span> <span class='ocrx_word' id='word_1_322' title='bbox 1023 2913 1415 2976; x_wconf 87' lang='lat' dir='ltr'><strong>animadverto,</strong></span> <span class='ocrx_word' id='word_1_323' title='bbox 1471 2909 1528 2967; x_wconf 88' lang='lat' dir='ltr'><strong>S.</strong></span> <span class='ocrx_word' id='word_1_324' title='bbox 1566 2911 1922 2964; x_wconf 79' lang='lat' dir='ltr'><strong>Athanasium</strong></span> <span class='ocrx_word' id='word_1_325' title='bbox 1952 2913 2202 2965; x_wconf 88' lang='lat' dir='ltr'><strong>oratione</strong></span> 
     </span>
    </p>
   </div>
   <div class='ocr_carea' id='block_1_48' title="bbox 638 2980 2202 3047">
    <p class='ocr_par' dir='ltr' id='par_1_48' title="bbox 638 2980 2202 3047">
     <span class='ocr_line' id='line_1_48' title="bbox 638 2980 2202 3047; baseline -0.004 -9"><span class='ocrx_word' id='word_1_326' title='bbox 638 2985 674 3038; x_wconf 75' lang='grc'><strong>2</strong></span> <span class='ocrx_word' id='word_1_327' title='bbox 723 2995 904 3038; x_wconf 85' lang='lat' dir='ltr'><strong>contra</strong></span> <span class='ocrx_word' id='word_1_328' title='bbox 950 2983 1197 3046; x_wconf 79' lang='lat' dir='ltr'><strong>Arianos,</strong></span> <span class='ocrx_word' id='word_1_329' title='bbox 1230 2998 1380 3036; x_wconf 92' lang='lat' dir='ltr'><strong>num.</strong></span> <span class='ocrx_word' id='word_1_330' title='bbox 1411 2981 1480 3034; x_wconf 71' lang='grc'><strong>42</strong></span> <span class='ocrx_word' id='word_1_331' title='bbox 1513 2991 1566 3035; x_wconf 89' lang='lat' dir='ltr'><strong>et</strong></span> <span class='ocrx_word' id='word_1_332' title='bbox 1590 2983 1678 3043; x_wconf 74' lang='grc'><strong>45,</strong></span> <span class='ocrx_word' id='word_1_333' title='bbox 1707 2982 1758 3033; x_wconf 91' lang='lat' dir='ltr'><strong>in</strong></span> <span class='ocrx_word' id='word_1_334' title='bbox 1793 2996 1854 3035; x_wconf 88' lang='lat' dir='ltr'><strong>ea</strong></span> <span class='ocrx_word' id='word_1_335' title='bbox 1887 2981 2053 3033; x_wconf 87' lang='lat' dir='ltr'><strong>videri</strong></span> <span class='ocrx_word' id='word_1_336' title='bbox 2089 2980 2202 3047; x_wconf 85' lang='lat' dir='ltr'><strong>Opi-</strong></span> 
     </span>
    </p>
   </div>
   <div class='ocr_carea' id='block_1_49' title="bbox 641 3050 2202 3120">
    <p class='ocr_par' dir='ltr' id='par_1_49' title="bbox 641 3050 2202 3120">
     <span class='ocr_line' id='line_1_49' title="bbox 641 3050 2202 3120; baseline -0.006 -11"><span class='ocrx_word' id='word_1_337' title='bbox 641 3054 802 3109; x_wconf 90' lang='lat' dir='ltr'><strong>nione</strong></span> <span class='ocrx_word' id='word_1_338' title='bbox 830 3053 1016 3114; x_wconf 81' lang='lat' dir='ltr'><strong>fuisse.</strong></span> <span class='ocrx_word' id='word_1_339' title='bbox 1071 3064 1127 3105; x_wconf 92' lang='lat' dir='ltr'><strong>ut</strong></span> <span class='ocrx_word' id='word_1_340' title='bbox 1177 3066 1337 3120; x_wconf 77' lang='lat' dir='ltr'><strong>prava</strong></span> <span class='ocrx_word' id='word_1_341' title='bbox 1371 3051 1743 3119; x_wconf 90' lang='lat' dir='ltr'><strong>interpretatio</strong></span> <span class='ocrx_word' id='word_1_342' title='bbox 1766 3062 1929 3118; x_wconf 87' lang='lat' dir='ltr'><strong>atque</strong></span> <span class='ocrx_word' id='word_1_343' title='bbox 1957 3050 2202 3120; x_wconf 84' lang='lat' dir='ltr'><strong>acceptio</strong></span> 
     </span>
    </p>
   </div>
   <div class='ocr_carea' id='block_1_50' title="bbox 645 3119 2198 3190">
    <p class='ocr_par' dir='ltr' id='par_1_50' title="bbox 645 3119 2198 3190">
     <span class='ocr_line' id='line_1_50' title="bbox 645 3119 2198 3190; baseline -0.006 -12"><span class='ocrx_word' id='word_1_344' title='bbox 645 3125 890 3178; x_wconf 75' lang='lat' dir='ltr'><strong>formula:</strong></span> <span class='ocrx_word' id='word_1_345' title='bbox 919 3138 948 3175; x_wconf 89' lang='lat' dir='ltr'><strong>a</strong></span> <span class='ocrx_word' id='word_1_346' title='bbox 990 3119 1208 3175; x_wconf 82' lang='lat' dir='ltr'><strong>Christo</strong></span> <span class='ocrx_word' id='word_1_347' title='bbox 1257 3123 1582 3190; x_wconf 71' lang='lat' dir='ltr'><strong>praescripta:</strong></span> <span class='ocrx_word' id='word_1_348' title='bbox 1619 3120 1944 3190; x_wconf 84' lang='lat' dir='ltr'><strong>baptismum</strong></span> <span class='ocrx_word' id='word_1_349' title='bbox 1988 3119 2198 3172; x_wconf 91' lang='lat' dir='ltr'><strong>irritum</strong></span> 
     </span>
    </p>
   </div>
   <div class='ocr_carea' id='block_1_51' title="bbox 643 3189 2196 3254">
    <p class='ocr_par' dir='ltr' id='par_1_51' title="bbox 643 3189 2196 3254">
     <span class='ocr_line' id='line_1_51' title="bbox 643 3189 2196 3254; baseline -0.006 -7"><span class='ocrx_word' id='word_1_350' title='bbox 643 3195 936 3248; x_wconf 84' lang='lat' dir='ltr'><strong>redderet:</strong></span> <span class='ocrx_word' id='word_1_351' title='bbox 978 3194 1052 3245; x_wconf 85' lang='lat' dir='ltr'><strong>ait</strong></span> <span class='ocrx_word' id='word_1_352' title='bbox 1082 3193 1226 3245; x_wconf 91' lang='lat' dir='ltr'><strong>enim</strong></span> <span class='ocrx_word' id='word_1_353' title='bbox 1261 3189 1409 3246; x_wconf 83' lang='lat' dir='ltr'><strong>num.</strong></span> <span class='ocrx_word' id='word_1_354' title='bbox 1461 3189 1552 3254; x_wconf 79' lang='grc'>45,</span> <span class='ocrx_word' id='word_1_355' title='bbox 1609 3208 1628 3241; x_wconf 78' lang='grc' dir='ltr'><strong>ι</strong></span> <span class='ocrx_word' id='word_1_356' title='bbox 1665 3189 1860 3243; x_wconf 88' lang='lat' dir='ltr'><strong>multas</strong></span> <span class='ocrx_word' id='word_1_357' title='bbox 1912 3190 2140 3242; x_wconf 73' lang='lat' dir='ltr'><strong>hazreses</strong></span> <span class='ocrx_word' id='word_1_358' title='bbox 2177 3205 2196 3238; x_wconf 74' lang='grc' dir='ltr'>ι</span> 
     </span>
    </p>
   </div>
   <div class='ocr_carea' id='block_1_52' title="bbox 647 3258 2206 3333">
    <p class='ocr_par' dir='ltr' id='par_1_52' title="bbox 647 3258 2206 3333">
     <span class='ocr_line' id='line_1_52' title="bbox 647 3258 2206 3333; baseline -0.003 -17"><span class='ocrx_word' id='word_1_359' title='bbox 647 3265 807 3316; x_wconf 92' lang='lat' dir='ltr'><strong>trium</strong></span> <span class='ocrx_word' id='word_1_360' title='bbox 864 3275 1214 3333; x_wconf 80' lang='lat' dir='ltr'><strong>personarum</strong></span> <span class='ocrx_word' id='word_1_361' title='bbox 1265 3279 1283 3312; x_wconf 83' lang='lat' dir='ltr'><strong>t</strong></span> <span class='ocrx_word' id='word_1_362' title='bbox 1328 3261 1545 3333; x_wconf 91' lang='lat' dir='ltr'><strong>nomina</strong></span> <span class='ocrx_word' id='word_1_363' title='bbox 1587 3278 1607 3311; x_wconf 74' lang='grc' dir='ltr'>ι</span> <span class='ocrx_word' id='word_1_364' title='bbox 1661 3259 1714 3312; x_wconf 94' lang='lat' dir='ltr'><strong>in</strong></span> <span class='ocrx_word' id='word_1_365' title='bbox 1753 3258 2022 3328; x_wconf 87' lang='lat' dir='ltr'><strong>baptismo</strong></span> <span class='ocrx_word' id='word_1_366' title='bbox 2087 3259 2206 3325; x_wconf 86' lang='lat' dir='ltr'><strong>qui-</strong></span> 
     </span>
    </p>
   </div>
   <div class='ocr_carea' id='block_1_53' title="bbox 645 3332 2205 3402">
    <p class='ocr_par' dir='ltr' id='par_1_53' title="bbox 645 3332 2205 3402">
     <span class='ocr_line' id='line_1_53' title="bbox 645 3332 2205 3402; baseline -0.005 -16"><span class='ocrx_word' id='word_1_367' title='bbox 645 3335 767 3386; x_wconf 86' lang='lat' dir='ltr'><strong>dem</strong></span> <span class='ocrx_word' id='word_1_368' title='bbox 819 3349 839 3383; x_wconf 79' lang='lat' dir='ltr'><strong>t</strong></span> <span class='ocrx_word' id='word_1_369' title='bbox 871 3332 1286 3402; x_wconf 78' lang='lat' dir='ltr'><strong>pronuntiare;</strong></span> <span class='ocrx_word' id='word_1_370' title='bbox 1349 3332 1440 3402; x_wconf 86' lang='lat' dir='ltr'><strong>sed</strong></span> <span class='ocrx_word' id='word_1_371' title='bbox 1505 3344 1628 3402; x_wconf 82' lang='lat' dir='ltr'><strong>eum</strong></span> <span class='ocrx_word' id='word_1_372' title='bbox 1695 3337 1842 3402; x_wconf 79' lang='lat' dir='ltr'><strong>recte</strong></span> <span class='ocrx_word' id='word_1_373' title='bbox 1889 3344 2016 3402; x_wconf 32' lang='lat' dir='ltr'><strong>‘non</strong></span> <span class='ocrx_word' id='word_1_374' title='bbox 2072 3344 2205 3402; x_wconf 79' lang='lat' dir='ltr'><strong>sen-</strong></span> 
     </span>
    </p>
   </div>
   <div class='ocr_carea' id='block_1_54' title="bbox 645 3396 2207 3470">
    <p class='ocr_par' dir='ltr' id='par_1_54' title="bbox 645 3396 2207 3470">
     <span class='ocr_line' id='line_1_54' title="bbox 645 3396 2207 3470; baseline -0.004 -15"><span class='ocrx_word' id='word_1_375' title='bbox 645 3403 812 3464; x_wconf 88' lang='lat' dir='ltr'><strong>tiant,</strong></span> <span class='ocrx_word' id='word_1_376' title='bbox 860 3396 1123 3469; x_wconf 55' lang='lat' dir='ltr'><strong>i&#39;inquit,</strong></span> <span class='ocrx_word' id='word_1_377' title='bbox 1163 3398 1470 3463; x_wconf 81' lang='grc' dir='ltr'><strong>ἀλυσιτελὲς</strong></span> <span class='ocrx_word' id='word_1_378' title='bbox 1509 3398 1691 3470; x_wconf 78' lang='grc' dir='ltr'>ἔχουσι</span> <span class='ocrx_word' id='word_1_379' title='bbox 1728 3397 1821 3451; x_wconf 79' lang='grc' dir='ltr'><strong>καὶ</strong></span> <span class='ocrx_word' id='word_1_380' title='bbox 1855 3396 1916 3449; x_wconf 85' lang='grc' dir='ltr'>τὸ</span> <span class='ocrx_word' id='word_1_381' title='bbox 1955 3399 2086 3470; x_wconf 63' lang='grc' dir='ltr'>παρ’</span> <span class='ocrx_word' id='word_1_382' title='bbox 2111 3397 2207 3450; x_wconf 86' lang='grc' dir='ltr'><strong>αὐ-</strong></span> 
     </span>
    </p>
   </div>
   <div class='ocr_carea' id='block_1_55' title="bbox 644 3466 2201 3542">
    <p class='ocr_par' dir='ltr' id='par_1_55' title="bbox 644 3466 2201 3542">
     <span class='ocr_line' id='line_1_55' title="bbox 644 3466 2201 3542; baseline -0.003 -18"><span class='ocrx_word' id='word_1_383' title='bbox 644 3469 935 3542; x_wconf 77' lang='grc' dir='ltr'><strong>τῶνῦδωρ,</strong></span> <span class='ocrx_word' id='word_1_384' title='bbox 960 3466 1012 3524; x_wconf 93' lang='lat' dir='ltr'><strong>id</strong></span> <span class='ocrx_word' id='word_1_385' title='bbox 1042 3466 1148 3535; x_wconf 89' lang='lat' dir='ltr'><strong>est,</strong></span> <span class='ocrx_word' id='word_1_386' title='bbox 1169 3489 1188 3520; x_wconf 75' lang='grc' dir='ltr'><strong>ι</strong></span> <span class='ocrx_word' id='word_1_387' title='bbox 1206 3471 1416 3542; x_wconf 73' lang='lat' dir='ltr'><strong>inutilis</strong></span> <span class='ocrx_word' id='word_1_388' title='bbox 1447 3466 1702 3542; x_wconf 53' lang='lat' dir='ltr'><strong>est:&#39;aqua</strong></span> <span class='ocrx_word' id='word_1_389' title='bbox 1748 3482 1909 3538; x_wconf 86' lang='lat' dir='ltr'><strong>quam</strong></span> <span class='ocrx_word' id='word_1_390' title='bbox 1936 3466 2159 3523; x_wconf 76' lang='lat' dir='ltr'><strong>donant.</strong></span> <span class='ocrx_word' id='word_1_391' title='bbox 2181 3483 2201 3518; x_wconf 74' lang='grc' dir='ltr'>ι</span> 
     </span>
    </p>
   </div>
   <div class='ocr_carea' id='block_1_56' title="bbox 719 3539 1615 3612">
    <p class='ocr_par' dir='ltr' id='par_1_56' title="bbox 719 3539 1615 3612">
     <span class='ocr_line' id='line_1_56' title="bbox 719 3539 1615 3612; baseline -0.003 -17"><span class='ocrx_word' id='word_1_392' title='bbox 719 3540 832 3612; x_wconf 79' lang='grc'>(65)</span> <span class='ocrx_word' id='word_1_393' title='bbox 874 3539 1154 3612; x_wconf 76' lang='lat' dir='ltr'><strong>Quotquot.</strong></span> <span class='ocrx_word' id='word_1_394' title='bbox 1193 3539 1370 3612; x_wconf 72' lang='lat' dir='ltr'><strong>Galat.</strong></span> <span class='ocrx_word' id='word_1_395' title='bbox 1398 3555 1488 3612; x_wconf 82' lang='lat' dir='ltr'><strong>iii,</strong></span> <span class='ocrx_word' id='word_1_396' title='bbox 1525 3539 1615 3594; x_wconf 73' lang='grc'><strong>27.</strong></span> 
     </span>
    </p>
   </div>
   <div class='ocr_carea' id='block_1_57' title="bbox 719 3608 2210 3682">
    <p class='ocr_par' dir='ltr' id='par_1_57' title="bbox 719 3608 2210 3682">
     <span class='ocr_line' id='line_1_57' title="bbox 719 3608 2210 3682; baseline -0.003 -16"><span class='ocrx_word' id='word_1_397' title='bbox 719 3608 833 3682; x_wconf 78' lang='grc'>(64)</span> <span class='ocrx_word' id='word_1_398' title='bbox 870 3608 1181 3682; x_wconf 76' lang='lat' dir='ltr'><strong>Imaginem.</strong></span> <span class='ocrx_word' id='word_1_399' title='bbox 1243 3609 1497 3682; x_wconf 80' lang='lat' dir='ltr'><strong>Imaginis</strong></span> <span class='ocrx_word' id='word_1_400' title='bbox 1522 3625 1610 3682; x_wconf 82' lang='lat' dir='ltr'><strong>ac</strong></span> <span class='ocrx_word' id='word_1_401' title='bbox 1647 3608 2015 3682; x_wconf 76' lang='lat' dir='ltr'><strong>similitudinis</strong></span> <span class='ocrx_word' id='word_1_402' title='bbox 2049 3622 2210 3663; x_wconf 89' lang='lat' dir='ltr'><strong>voca-</strong></span> 
     </span>
    </p>
   </div>
   <div class='ocr_carea' id='block_1_58' title="bbox 645 3679 2204 3748">
    <p class='ocr_par' dir='ltr' id='par_1_58' title="bbox 645 3679 2204 3748">
     <span class='ocr_line' id='line_1_58' title="bbox 645 3679 2204 3748; baseline -0.003 -12"><span class='ocrx_word' id='word_1_403' title='bbox 645 3679 789 3736; x_wconf 84' lang='lat' dir='ltr'><strong>bulis</strong></span> <span class='ocrx_word' id='word_1_404' title='bbox 814 3679 938 3734; x_wconf 60' lang='lat' dir='ltr'><strong>&#39;nou</strong></span> <span class='ocrx_word' id='word_1_405' title='bbox 977 3680 1219 3734; x_wconf 89' lang='lat' dir='ltr'><strong>eamdem</strong></span> <span class='ocrx_word' id='word_1_406' title='bbox 1274 3679 1385 3734; x_wconf 90' lang='lat' dir='ltr'><strong>rein</strong></span> <span class='ocrx_word' id='word_1_407' title='bbox 1422 3681 1687 3748; x_wconf 84' lang='lat' dir='ltr'><strong>designari</strong></span> <span class='ocrx_word' id='word_1_408' title='bbox 1729 3680 1780 3733; x_wconf 93' lang='lat' dir='ltr'><strong>in</strong></span> <span class='ocrx_word' id='word_1_409' title='bbox 1825 3681 1961 3735; x_wconf 88' lang='lat' dir='ltr'><strong>Gen.</strong></span> <span class='ocrx_word' id='word_1_410' title='bbox 2001 3693 2119 3747; x_wconf 87' lang='lat' dir='ltr'><strong>cap.</strong></span> <span class='ocrx_word' id='word_1_411' title='bbox 2165 3693 2204 3732; x_wconf 87' lang='grc' dir='ltr'><strong>ι.</strong></span> 
     </span>
    </p>
   </div>
   <div class='ocr_carea' id='block_1_59' title="bbox 646 3749 2205 3819">
    <p class='ocr_par' dir='ltr' id='par_1_59' title="bbox 646 3749 2205 3819">
     <span class='ocr_line' id='line_1_59' title="bbox 646 3749 2205 3819; baseline -0.003 -15"><span class='ocrx_word' id='word_1_412' title='bbox 646 3765 790 3807; x_wconf 82' lang='lat' dir='ltr'><strong>vers.</strong></span> <span class='ocrx_word' id='word_1_413' title='bbox 826 3750 920 3813; x_wconf 76' lang='lat'><strong>26,</strong></span> <span class='ocrx_word' id='word_1_414' title='bbox 951 3759 1138 3819; x_wconf 89' lang='lat' dir='ltr'><strong>putant</strong></span> <span class='ocrx_word' id='word_1_415' title='bbox 1170 3749 1320 3803; x_wconf 91' lang='lat' dir='ltr'><strong>inulti</strong></span> <span class='ocrx_word' id='word_1_416' title='bbox 1354 3749 1559 3812; x_wconf 83' lang='lat' dir='ltr'><strong>Patres,</strong></span> <span class='ocrx_word' id='word_1_417' title='bbox 1585 3751 1673 3803; x_wconf 83' lang='lat' dir='ltr'><strong>alii</strong></span> <span class='ocrx_word' id='word_1_418' title='bbox 1699 3765 1729 3804; x_wconf 91' lang='lat' dir='ltr'><strong>e</strong></span> <span class='ocrx_word' id='word_1_419' title='bbox 1752 3750 2022 3804; x_wconf 86' lang='lat' dir='ltr'><strong>contrario</strong></span> <span class='ocrx_word' id='word_1_420' title='bbox 2048 3763 2205 3819; x_wconf 83' lang='lat' dir='ltr'><strong>unam</strong></span> 
     </span>
    </p>
   </div>
   <div class='ocr_carea' id='block_1_60' title="bbox 647 3817 2209 3890">
    <p class='ocr_par' dir='ltr' id='par_1_60' title="bbox 647 3817 2209 3890">
     <span class='ocr_line' id='line_1_60' title="bbox 647 3817 2209 3890; baseline -0.004 -14"><span class='ocrx_word' id='word_1_421' title='bbox 647 3817 1016 3888; x_wconf 83' lang='lat' dir='ltr'><strong>eamdemque.</strong></span> <span class='ocrx_word' id='word_1_422' title='bbox 1040 3819 1155 3890; x_wconf 18' lang='lat' dir='ltr'><strong>illis</strong></span> <span class='ocrx_word' id='word_1_423' title='bbox 1197 3820 1446 3873; x_wconf 85' lang='lat' dir='ltr'><strong>assentiri</strong></span> <span class='ocrx_word' id='word_1_424' title='bbox 1479 3820 1690 3890; x_wconf 87' lang='lat' dir='ltr'><strong>videtur</strong></span> <span class='ocrx_word' id='word_1_425' title='bbox 1728 3819 2004 3890; x_wconf 88' lang='lat' dir='ltr'><strong>Didymus.</strong></span> <span class='ocrx_word' id='word_1_426' title='bbox 2051 3817 2209 3890; x_wconf 66' lang='grc' dir='ltr'><strong>ριιωτ</strong></span> 
     </span>
    </p>
   </div>
   <div class='ocr_carea' id='block_1_61' title="bbox 649 3887 2206 3958">
    <p class='ocr_par' dir='ltr' id='par_1_61' title="bbox 649 3887 2206 3958">
     <span class='ocr_line' id='line_1_61' title="bbox 649 3887 2206 3958; baseline -0.002 -15"><span class='ocrx_word' id='word_1_427' title='bbox 649 3901 774 3944; x_wconf 91' lang='lat' dir='ltr'><strong>runt</strong></span> <span class='ocrx_word' id='word_1_428' title='bbox 819 3887 979 3943; x_wconf 82' lang='lat' dir='ltr'><strong>etiam</strong></span> <span class='ocrx_word' id='word_1_429' title='bbox 1027 3889 1250 3954; x_wconf 84' lang='lat' dir='ltr'><strong>Patres,</strong></span> <span class='ocrx_word' id='word_1_430' title='bbox 1301 3890 1430 3957; x_wconf 90' lang='lat' dir='ltr'><strong>quid</strong></span> <span class='ocrx_word' id='word_1_431' title='bbox 1482 3889 1607 3942; x_wconf 90' lang='lat' dir='ltr'><strong>illud</strong></span> <span class='ocrx_word' id='word_1_432' title='bbox 1652 3891 1758 3952; x_wconf 89' lang='lat' dir='ltr'><strong>sit,</strong></span> <span class='ocrx_word' id='word_1_433' title='bbox 1806 3887 2020 3958; x_wconf 83' lang='lat' dir='ltr'><strong>propter</strong></span> <span class='ocrx_word' id='word_1_434' title='bbox 2065 3887 2206 3956; x_wconf 85' lang='lat' dir='ltr'><strong>quod</strong></span> 
     </span>
    </p>
   </div>
   <div class='ocr_carea' id='block_1_62' title="bbox 650 3958 2210 4026">
    <p class='ocr_par' dir='ltr' id='par_1_62' title="bbox 650 3958 2210 4026">
     <span class='ocr_line' id='line_1_62' title="bbox 650 3958 2210 4026; baseline -0.002 -12"><span class='ocrx_word' id='word_1_435' title='bbox 650 3960 824 4014; x_wconf 89' lang='lat' dir='ltr'><strong>dictus</strong></span> <span class='ocrx_word' id='word_1_436' title='bbox 847 3968 927 4012; x_wconf 90' lang='lat' dir='ltr'><strong>est</strong></span> <span class='ocrx_word' id='word_1_437' title='bbox 947 3959 1107 4011; x_wconf 87' lang='lat' dir='ltr'><strong>homo</strong></span> <span class='ocrx_word' id='word_1_438' title='bbox 1137 3976 1158 4010; x_wconf 79' lang='grc' dir='ltr'><strong>ι</strong></span> <span class='ocrx_word' id='word_1_439' title='bbox 1193 3961 1259 4011; x_wconf 91' lang='lat' dir='ltr'><strong>ad</strong></span> <span class='ocrx_word' id='word_1_440' title='bbox 1290 3958 1574 4026; x_wconf 80' lang='lat' dir='ltr'><strong>imaginem</strong></span> <span class='ocrx_word' id='word_1_441' title='bbox 1601 3959 1713 4012; x_wconf 89' lang='lat' dir='ltr'><strong>Dei.</strong></span> <span class='ocrx_word' id='word_1_442' title='bbox 1746 3978 1765 4011; x_wconf 78' lang='grc' dir='ltr'>ι</span> <span class='ocrx_word' id='word_1_443' title='bbox 1803 3963 1881 4013; x_wconf 86' lang='lat' dir='ltr'><strong>Ac</strong></span> <span class='ocrx_word' id='word_1_444' title='bbox 1911 3963 1962 4011; x_wconf 90' lang='lat' dir='ltr'><strong>in</strong></span> <span class='ocrx_word' id='word_1_445' title='bbox 1987 3971 2210 4020; x_wconf 86' lang='lat' dir='ltr'><strong>corpore</strong></span> 
     </span>
    </p>
   </div>
   <div class='ocr_carea' id='block_1_63' title="bbox 649 4027 2203 4098">
    <p class='ocr_par' dir='ltr' id='par_1_63' title="bbox 649 4027 2203 4098">
     <span class='ocr_line' id='line_1_63' title="bbox 649 4027 2203 4098; baseline -0.003 -14"><span class='ocrx_word' id='word_1_446' title='bbox 649 4030 865 4098; x_wconf 87' lang='lat' dir='ltr'><strong>quidem</strong></span> <span class='ocrx_word' id='word_1_447' title='bbox 888 4043 1007 4082; x_wconf 90' lang='lat' dir='ltr'><strong>eam</strong></span> <span class='ocrx_word' id='word_1_448' title='bbox 1046 4031 1306 4081; x_wconf 88' lang='lat' dir='ltr'><strong>rationein</strong></span> <span class='ocrx_word' id='word_1_449' title='bbox 1336 4035 1677 4097; x_wconf 72' lang='lat' dir='ltr'><strong>quaerendam</strong></span> <span class='ocrx_word' id='word_1_450' title='bbox 1717 4043 1820 4082; x_wconf 89' lang='lat' dir='ltr'><strong>non</strong></span> <span class='ocrx_word' id='word_1_451' title='bbox 1850 4042 1992 4090; x_wconf 90' lang='lat' dir='ltr'><strong>esse,</strong></span> <span class='ocrx_word' id='word_1_452' title='bbox 2021 4030 2116 4081; x_wconf 90' lang='lat' dir='ltr'><strong>sed</strong></span> <span class='ocrx_word' id='word_1_453' title='bbox 2152 4027 2203 4098; x_wconf 87' lang='lat' dir='ltr'><strong>in</strong></span> 
     </span>
    </p>
   </div>
   <div class='ocr_carea' id='block_1_64' title="bbox 651 4097 2212 4162">
    <p class='ocr_par' dir='ltr' id='par_1_64' title="bbox 651 4097 2212 4162">
     <span class='ocr_line' id='line_1_64' title="bbox 651 4097 2212 4162; baseline -0.001 -12"><span class='ocrx_word' id='word_1_454' title='bbox 651 4097 860 4161; x_wconf 88' lang='lat' dir='ltr'><strong>anima,</strong></span> <span class='ocrx_word' id='word_1_455' title='bbox 916 4101 1263 4152; x_wconf 86' lang='lat' dir='ltr'><strong>consentiunt</strong></span> <span class='ocrx_word' id='word_1_456' title='bbox 1322 4113 1544 4162; x_wconf 90' lang='lat' dir='ltr'><strong>omnes,</strong></span> <span class='ocrx_word' id='word_1_457' title='bbox 1592 4113 1689 4152; x_wconf 92' lang='lat' dir='ltr'><strong>nec</strong></span> <span class='ocrx_word' id='word_1_458' title='bbox 1730 4100 1798 4152; x_wconf 90' lang='lat' dir='ltr'><strong>ab</strong></span> <span class='ocrx_word' id='word_1_459' title='bbox 1841 4100 1918 4152; x_wconf 92' lang='lat' dir='ltr'><strong>eis</strong></span> <span class='ocrx_word' id='word_1_460' title='bbox 1963 4097 2212 4150; x_wconf 83' lang='lat' dir='ltr'><strong>dissentit</strong></span> 
     </span>
    </p>
   </div>
   <div class='ocr_carea' id='block_1_65' title="bbox 653 4169 2209 4238">
    <p class='ocr_par' dir='ltr' id='par_1_65' title="bbox 653 4169 2209 4238">
     <span class='ocr_line' id='line_1_65' title="bbox 653 4169 2209 4238; baseline -0.003 -16"><span class='ocrx_word' id='word_1_461' title='bbox 653 4169 932 4238; x_wconf 88' lang='lat' dir='ltr'><strong>Didymus,</strong></span> <span class='ocrx_word' id='word_1_462' title='bbox 972 4176 1030 4221; x_wconf 94' lang='lat' dir='ltr'><strong>ut</strong></span> <span class='ocrx_word' id='word_1_463' title='bbox 1055 4177 1280 4236; x_wconf 88' lang='lat' dir='ltr'><strong>apparet</strong></span> <span class='ocrx_word' id='word_1_464' title='bbox 1308 4182 1384 4238; x_wconf 15' lang='lat' dir='ltr'><strong>ex,</strong></span> <span class='ocrx_word' id='word_1_465' title='bbox 1407 4169 1582 4238; x_wconf 77' lang='lat' dir='ltr'><strong>verbis</strong></span> <span class='ocrx_word' id='word_1_466' title='bbox 1619 4169 1723 4221; x_wconf 89' lang='lat' dir='ltr'><strong>illis</strong></span> <span class='ocrx_word' id='word_1_467' title='bbox 1751 4186 1765 4221; x_wconf 89' lang='lat'>:</span> <span class='ocrx_word' id='word_1_468' title='bbox 1806 4185 1825 4218; x_wconf 79' lang='grc' dir='ltr'><strong>ι</strong></span> <span class='ocrx_word' id='word_1_469' title='bbox 1857 4183 2018 4235; x_wconf 86' lang='lat' dir='ltr'><strong>quam</strong></span> <span class='ocrx_word' id='word_1_470' title='bbox 2051 4181 2209 4219; x_wconf 88' lang='lat' dir='ltr'><strong>acce-</strong></span> 
     </span>
    </p>
   </div>
   <div class='ocr_carea' id='block_1_66' title="bbox 653 4236 2210 4307">
    <p class='ocr_par' dir='ltr' id='par_1_66' title="bbox 653 4236 2210 4307">
     <span class='ocr_line' id='line_1_66' title="bbox 653 4236 2210 4307; baseline -0.001 -17"><span class='ocrx_word' id='word_1_471' title='bbox 653 4236 906 4307; x_wconf 80' lang='lat' dir='ltr'><strong>peramus</strong></span> <span class='ocrx_word' id='word_1_472' title='bbox 955 4252 1050 4305; x_wconf 87' lang='lat' dir='ltr'><strong>per</strong></span> <span class='ocrx_word' id='word_1_473' title='bbox 1096 4238 1328 4290; x_wconf 88' lang='lat' dir='ltr'><strong>divinam</strong></span> <span class='ocrx_word' id='word_1_474' title='bbox 1375 4236 1805 4291; x_wconf 83' lang='lat' dir='ltr'><strong>insulllationem.</strong></span> <span class='ocrx_word' id='word_1_475' title='bbox 1848 4256 1867 4288; x_wconf 75' lang='grc' dir='ltr'>ι</span> <span class='ocrx_word' id='word_1_476' title='bbox 1920 4237 2116 4291; x_wconf 80' lang='lat' dir='ltr'><strong>Verum</strong></span> <span class='ocrx_word' id='word_1_477' title='bbox 2143 4250 2210 4290; x_wconf 79' lang='lat' dir='ltr'><strong>ex</strong></span> 
     </span>
    </p>
   </div>
   <div class='ocr_carea' id='block_1_67' title="bbox 651 4307 2211 4378">
    <p class='ocr_par' dir='ltr' id='par_1_67' title="bbox 651 4307 2211 4378">
     <span class='ocr_line' id='line_1_67' title="bbox 651 4307 2211 4378; baseline -0.002 -16"><span class='ocrx_word' id='word_1_478' title='bbox 651 4309 1119 4378; x_wconf 67' lang='lat' dir='ltr'><strong>qiiaiiamanimaa</strong></span> <span class='ocrx_word' id='word_1_479' title='bbox 1160 4307 1485 4378; x_wconf 86' lang='lat' dir='ltr'><strong>proprietate</strong></span> <span class='ocrx_word' id='word_1_480' title='bbox 1526 4317 1617 4359; x_wconf 92' lang='lat' dir='ltr'><strong>aut</strong></span> <span class='ocrx_word' id='word_1_481' title='bbox 1651 4309 1908 4378; x_wconf 89' lang='lat' dir='ltr'><strong>attributo</strong></span> <span class='ocrx_word' id='word_1_482' title='bbox 1957 4322 2018 4361; x_wconf 87' lang='lat' dir='ltr'><strong>ea</strong></span> <span class='ocrx_word' id='word_1_483' title='bbox 2076 4308 2211 4359; x_wconf 90' lang='lat' dir='ltr'><strong>ratio</strong></span> 
     </span>
    </p>
   </div>
   <div class='ocr_carea' id='block_1_68' title="bbox 656 4377 2207 4446">
    <p class='ocr_par' dir='ltr' id='par_1_68' title="bbox 656 4377 2207 4446">
     <span class='ocr_line' id='line_1_68' title="bbox 656 4377 2207 4446; baseline -0.003 -14"><span class='ocrx_word' id='word_1_484' title='bbox 656 4377 942 4446; x_wconf 78' lang='lat' dir='ltr'><strong>repetenda</strong></span> <span class='ocrx_word' id='word_1_485' title='bbox 974 4379 1063 4438; x_wconf 87' lang='lat' dir='ltr'><strong>sit,</strong></span> <span class='ocrx_word' id='word_1_486' title='bbox 1093 4392 1200 4430; x_wconf 89' lang='lat' dir='ltr'><strong>non</strong></span> <span class='ocrx_word' id='word_1_487' title='bbox 1232 4377 1593 4442; x_wconf 88' lang='lat' dir='ltr'><strong>consentiunt,</strong></span> <span class='ocrx_word' id='word_1_488' title='bbox 1623 4378 1732 4431; x_wconf 92' lang='lat' dir='ltr'><strong>imo</strong></span> <span class='ocrx_word' id='word_1_489' title='bbox 1761 4379 1811 4430; x_wconf 91' lang='lat' dir='ltr'><strong>in</strong></span> <span class='ocrx_word' id='word_1_490' title='bbox 1849 4377 2046 4446; x_wconf 86' lang='lat' dir='ltr'><strong>plures,</strong></span> <span class='ocrx_word' id='word_1_491' title='bbox 2085 4390 2207 4429; x_wconf 86' lang='lat' dir='ltr'><strong>eas-</strong></span> 
     </span>
    </p>
   </div>
   <div class='ocr_carea' id='block_1_69' title="bbox 652 4447 2210 4518">
    <p class='ocr_par' dir='ltr' id='par_1_69' title="bbox 652 4447 2210 4518">
     <span class='ocr_line' id='line_1_69' title="bbox 652 4447 2210 4518; baseline -0.001 -17"><span class='ocrx_word' id='word_1_492' title='bbox 652 4463 759 4518; x_wconf 89' lang='lat' dir='ltr'><strong>que</strong></span> <span class='ocrx_word' id='word_1_493' title='bbox 789 4449 928 4501; x_wconf 90' lang='lat' dir='ltr'><strong>inter</strong></span> <span class='ocrx_word' id='word_1_494' title='bbox 951 4461 1008 4501; x_wconf 90' lang='lat' dir='ltr'><strong>se</strong></span> <span class='ocrx_word' id='word_1_495' title='bbox 1039 4447 1278 4500; x_wconf 88' lang='lat' dir='ltr'><strong>diversas</strong></span> <span class='ocrx_word' id='word_1_496' title='bbox 1305 4447 1486 4500; x_wconf 90' lang='lat' dir='ltr'><strong>abiere</strong></span> <span class='ocrx_word' id='word_1_497' title='bbox 1514 4447 1809 4501; x_wconf 89' lang='lat' dir='ltr'><strong>sententias</strong></span> <span class='ocrx_word' id='word_1_498' title='bbox 1834 4464 1848 4503; x_wconf 88' lang='lat'><strong>:</strong></span> <span class='ocrx_word' id='word_1_499' title='bbox 1888 4461 2021 4516; x_wconf 89' lang='lat' dir='ltr'><strong>quas</strong></span> <span class='ocrx_word' id='word_1_500' title='bbox 2050 4461 2210 4518; x_wconf 87' lang='lat' dir='ltr'><strong>accu-</strong></span> 
     </span>
    </p>
   </div>
   <div class='ocr_carea' id='block_1_70' title="bbox 655 4517 2202 4586">
    <p class='ocr_par' dir='ltr' id='par_1_70' title="bbox 655 4517 2202 4586">
     <span class='ocr_line' id='line_1_70' title="bbox 655 4517 2202 4586; baseline -0.001 -15"><span class='ocrx_word' id='word_1_501' title='bbox 655 4517 772 4571; x_wconf 76' lang='lat' dir='ltr'><strong>rate</strong></span> <span class='ocrx_word' id='word_1_502' title='bbox 819 4519 1084 4585; x_wconf 89' lang='lat' dir='ltr'><strong>docteque</strong></span> <span class='ocrx_word' id='word_1_503' title='bbox 1146 4524 1389 4571; x_wconf 88' lang='lat' dir='ltr'><strong>recenset</strong></span> <span class='ocrx_word' id='word_1_504' title='bbox 1433 4531 1496 4571; x_wconf 91' lang='lat' dir='ltr'><strong>ac</strong></span> <span class='ocrx_word' id='word_1_505' title='bbox 1559 4518 1810 4586; x_wconf 82' lang='lat' dir='ltr'><strong>expendit</strong></span> <span class='ocrx_word' id='word_1_506' title='bbox 1863 4521 1945 4570; x_wconf 86' lang='lat' dir='ltr'><strong>vir</strong></span> <span class='ocrx_word' id='word_1_507' title='bbox 1995 4517 2202 4586; x_wconf 82' lang='lat' dir='ltr'><strong>clariss.</strong></span> 
     </span>
    </p>
   </div>
   <div class='ocr_carea' id='block_1_71' title="bbox 657 4585 2205 4657">
    <p class='ocr_par' dir='ltr' id='par_1_71' title="bbox 657 4585 2205 4657">
     <span class='ocr_line' id='line_1_71' title="bbox 657 4585 2205 4657; baseline -0.001 -17"><span class='ocrx_word' id='word_1_508' title='bbox 657 4587 889 4657; x_wconf 76' lang='lat' dir='ltr'><strong>D.Jt_ian.</strong></span> <span class='ocrx_word' id='word_1_509' title='bbox 920 4588 1113 4657; x_wconf 84' lang='lat' dir='ltr'><strong>Chrys.</strong></span> <span class='ocrx_word' id='word_1_510' title='bbox 1141 4585 1496 4657; x_wconf 79' lang='lat' dir='ltr'><strong>Trombellius</strong></span> <span class='ocrx_word' id='word_1_511' title='bbox 1513 4585 1898 4641; x_wconf 84' lang='lat' dir='ltr'><strong>Dissertatiotie</strong></span> <span class='ocrx_word' id='word_1_512' title='bbox 1923 4586 2031 4657; x_wconf 70' lang='grc' dir='ltr'><strong>δίη</strong></span> <span class='ocrx_word' id='word_1_513' title='bbox 2051 4585 2205 4638; x_wconf 82' lang='lat' dir='ltr'><strong>Hila-</strong></span> 
     </span>
    </p>
   </div>
   <div class='ocr_carea' id='block_1_72' title="bbox 657 4655 2206 4726">
    <p class='ocr_par' dir='ltr' id='par_1_72' title="bbox 657 4655 2206 4726">
     <span class='ocr_line' id='line_1_72' title="bbox 657 4655 2206 4726; baseline -0.001 -16"><span class='ocrx_word' id='word_1_514' title='bbox 657 4659 725 4710; x_wconf 83' lang='lat' dir='ltr'><strong>rii</strong></span> <span class='ocrx_word' id='word_1_515' title='bbox 761 4655 1046 4726; x_wconf 78' lang='lat' dir='ltr'><strong>Epistolani</strong></span> <span class='ocrx_word' id='word_1_516' title='bbox 1084 4657 1138 4710; x_wconf 91' lang='lat' dir='ltr'><strong>in</strong></span> <span class='ocrx_word' id='word_1_517' title='bbox 1180 4655 1458 4709; x_wconf 79' lang='lat' dir='ltr'><strong>Anecdotis</strong></span> <span class='ocrx_word' id='word_1_518' title='bbox 1494 4659 1692 4711; x_wconf 89' lang='lat' dir='ltr'><strong>nostris</strong></span> <span class='ocrx_word' id='word_1_519' title='bbox 1716 4658 1880 4711; x_wconf 88' lang='lat' dir='ltr'><strong>edita.</strong></span> <span class='ocrx_word' id='word_1_520' title='bbox 1914 4656 2092 4710; x_wconf 86' lang='lat' dir='ltr'><strong>Facile</strong></span> <span class='ocrx_word' id='word_1_521' title='bbox 2124 4667 2206 4708; x_wconf 87' lang='lat' dir='ltr'><strong>ta-</strong></span> 
     </span>
    </p>
   </div>
   <div class='ocr_carea' id='block_1_73' title="bbox 656 4727 2204 4796">
    <p class='ocr_par' dir='ltr' id='par_1_73' title="bbox 656 4727 2204 4796">
     <span class='ocr_line' id='line_1_73' title="bbox 656 4727 2204 4796; baseline -0.001 -14"><span class='ocrx_word' id='word_1_522' title='bbox 656 4743 778 4782; x_wconf 91' lang='lat' dir='ltr'><strong>men</strong></span> <span class='ocrx_word' id='word_1_523' title='bbox 804 4729 944 4780; x_wconf 88' lang='lat' dir='ltr'><strong>inter</strong></span> <span class='ocrx_word' id='word_1_524' title='bbox 973 4743 1052 4792; x_wconf 88' lang='lat' dir='ltr'><strong>se,</strong></span> <span class='ocrx_word' id='word_1_525' title='bbox 1083 4737 1140 4779; x_wconf 94' lang='lat' dir='ltr'><strong>ut</strong></span> <span class='ocrx_word' id='word_1_526' title='bbox 1168 4742 1309 4793; x_wconf 82' lang='lat' dir='ltr'><strong>reor,</strong></span> <span class='ocrx_word' id='word_1_527' title='bbox 1339 4727 1526 4782; x_wconf 83' lang='lat' dir='ltr'><strong>l’atres</strong></span> <span class='ocrx_word' id='word_1_528' title='bbox 1550 4727 1622 4781; x_wconf 91' lang='lat' dir='ltr'><strong>illi</strong></span> <span class='ocrx_word' id='word_1_529' title='bbox 1646 4727 1924 4781; x_wconf 89' lang='lat' dir='ltr'><strong>conciliari</strong></span> <span class='ocrx_word' id='word_1_530' title='bbox 1949 4735 2204 4796; x_wconf 84' lang='lat' dir='ltr'><strong>possunt:</strong></span> 
     </span>
    </p>
   </div>
   <div class='ocr_carea' id='block_1_74' title="bbox 659 4797 2211 4865">
    <p class='ocr_par' dir='ltr' id='par_1_74' title="bbox 659 4797 2211 4865">
     <span class='ocr_line' id='line_1_74' title="bbox 659 4797 2211 4865; baseline -0.002 -14"><span class='ocrx_word' id='word_1_531' title='bbox 659 4812 757 4852; x_wconf 90' lang='lat' dir='ltr'><strong>nec</strong></span> <span class='ocrx_word' id='word_1_532' title='bbox 787 4797 930 4850; x_wconf 92' lang='lat' dir='ltr'><strong>enim</strong></span> <span class='ocrx_word' id='word_1_533' title='bbox 967 4812 1191 4850; x_wconf 86' lang='lat' dir='ltr'><strong>necesse</strong></span> <span class='ocrx_word' id='word_1_534' title='bbox 1241 4805 1323 4850; x_wconf 90' lang='lat' dir='ltr'><strong>est</strong></span> <span class='ocrx_word' id='word_1_535' title='bbox 1362 4807 1420 4851; x_wconf 91' lang='lat' dir='ltr'><strong>ut</strong></span> <span class='ocrx_word' id='word_1_536' title='bbox 1451 4812 1515 4850; x_wconf 81' lang='lat' dir='ltr'><strong>ex</strong></span> <span class='ocrx_word' id='word_1_537' title='bbox 1552 4812 1658 4850; x_wconf 89' lang='lat' dir='ltr'><strong>una</strong></span> <span class='ocrx_word' id='word_1_538' title='bbox 1694 4807 1900 4851; x_wconf 90' lang='lat' dir='ltr'><strong>tantum</strong></span> <span class='ocrx_word' id='word_1_539' title='bbox 1935 4811 1992 4848; x_wconf 88' lang='lat' dir='ltr'><strong>re</strong></span> <span class='ocrx_word' id='word_1_540' title='bbox 2022 4797 2211 4865; x_wconf 87' lang='lat' dir='ltr'><strong>imagi-</strong></span> 
     </span>
    </p>
   </div>
   <div class='ocr_carea' id='block_1_75' title="bbox 659 4866 2208 4935">
    <p class='ocr_par' dir='ltr' id='par_1_75' title="bbox 659 4866 2208 4935">
     <span class='ocr_line' id='line_1_75' title="bbox 659 4866 2208 4935; baseline -0.002 -14"><span class='ocrx_word' id='word_1_541' title='bbox 659 4869 745 4921; x_wconf 88' lang='lat' dir='ltr'><strong>nis</strong></span> <span class='ocrx_word' id='word_1_542' title='bbox 775 4882 837 4920; x_wconf 89' lang='lat' dir='ltr'><strong>ac</strong></span> <span class='ocrx_word' id='word_1_543' title='bbox 867 4867 1232 4920; x_wconf 87' lang='lat' dir='ltr'><strong>similitudinis</strong></span> <span class='ocrx_word' id='word_1_544' title='bbox 1262 4866 1408 4920; x_wconf 92' lang='lat' dir='ltr'><strong>notio</strong></span> <span class='ocrx_word' id='word_1_545' title='bbox 1452 4877 1760 4934; x_wconf 85' lang='lat' dir='ltr'><strong>repetatur;</strong></span> <span class='ocrx_word' id='word_1_546' title='bbox 1788 4869 1894 4920; x_wconf 91' lang='lat' dir='ltr'><strong>imo</strong></span> <span class='ocrx_word' id='word_1_547' title='bbox 1919 4881 2025 4935; x_wconf 92' lang='lat' dir='ltr'><strong>quo</strong></span> <span class='ocrx_word' id='word_1_548' title='bbox 2057 4869 2208 4933; x_wconf 87' lang='lat' dir='ltr'><strong>plura</strong></span> 
     </span>
    </p>
   </div>
   <div class='ocr_carea' id='block_1_76' title="bbox 659 4937 2212 5006">
    <p class='ocr_par' dir='ltr' id='par_1_76' title="bbox 659 4937 2212 5006">
     <span class='ocr_line' id='line_1_76' title="bbox 659 4937 2212 5006; baseline -0.001 -16"><span class='ocrx_word' id='word_1_549' title='bbox 659 4946 789 4991; x_wconf 88' lang='lat' dir='ltr'><strong>sunt</strong></span> <span class='ocrx_word' id='word_1_550' title='bbox 838 4951 957 5005; x_wconf 75' lang='lat' dir='ltr'><strong>qua:</strong></span> <span class='ocrx_word' id='word_1_551' title='bbox 997 4937 1266 4991; x_wconf 85' lang='lat' dir='ltr'><strong>hominem</strong></span> <span class='ocrx_word' id='word_1_552' title='bbox 1309 4937 1417 4990; x_wconf 89' lang='lat' dir='ltr'><strong>Deo</strong></span> <span class='ocrx_word' id='word_1_553' title='bbox 1459 4939 1806 5006; x_wconf 71' lang='lat' dir='ltr'><strong>aliquatenus</strong></span> <span class='ocrx_word' id='word_1_554' title='bbox 1842 4938 2071 4991; x_wconf 84' lang='lat' dir='ltr'><strong>similem</strong></span> <span class='ocrx_word' id='word_1_555' title='bbox 2135 4939 2212 4988; x_wconf 83' lang='lat' dir='ltr'><strong>t&#39;a-</strong></span> 
     </span>
    </p>
   </div>
   <div class='ocr_carea' id='block_1_77' title="bbox 659 5005 2209 5076">
    <p class='ocr_par' dir='ltr' id='par_1_77' title="bbox 659 5005 2209 5076">
     <span class='ocr_line' id='line_1_77' title="bbox 659 5005 2209 5076; baseline -0.001 -16"><span class='ocrx_word' id='word_1_556' title='bbox 659 5007 827 5074; x_wconf 89' lang='lat' dir='ltr'><strong>ciunt,</strong></span> <span class='ocrx_word' id='word_1_557' title='bbox 861 5022 925 5060; x_wconf 87' lang='lat' dir='ltr'><strong>eo</strong></span> <span class='ocrx_word' id='word_1_558' title='bbox 955 5009 1123 5076; x_wconf 85' lang='lat' dir='ltr'><strong>magis</strong></span> <span class='ocrx_word' id='word_1_559' title='bbox 1157 5021 1340 5061; x_wconf 84' lang='lat' dir='ltr'><strong>verum</strong></span> <span class='ocrx_word' id='word_1_560' title='bbox 1369 5017 1452 5061; x_wconf 87' lang='lat' dir='ltr'><strong>est</strong></span> <span class='ocrx_word' id='word_1_561' title='bbox 1490 5005 1630 5075; x_wconf 78' lang='lat' dir='ltr'><strong>quod</strong></span> <span class='ocrx_word' id='word_1_562' title='bbox 1676 5009 1728 5060; x_wconf 90' lang='lat' dir='ltr'><strong>in</strong></span> <span class='ocrx_word' id='word_1_563' title='bbox 1772 5005 1967 5060; x_wconf 84' lang='lat' dir='ltr'><strong>Genesi</strong></span> <span class='ocrx_word' id='word_1_564' title='bbox 1991 5008 2209 5074; x_wconf 87' lang='lat' dir='ltr'><strong>dicitur,</strong></span> 
     </span>
    </p>
   </div>
   <div class='ocr_carea' id='block_1_78' title="bbox 660 5076 2014 5147">
    <p class='ocr_par' dir='ltr' id='par_1_78' title="bbox 660 5076 2014 5147">
     <span class='ocr_line' id='line_1_78' title="bbox 660 5076 2014 5147; baseline -0.001 -18"><span class='ocrx_word' id='word_1_565' title='bbox 660 5078 728 5130; x_wconf 87' lang='lat' dir='ltr'><strong>ad</strong></span> <span class='ocrx_word' id='word_1_566' title='bbox 767 5078 1050 5147; x_wconf 79' lang='lat' dir='ltr'><strong>imaginem</strong></span> <span class='ocrx_word' id='word_1_567' title='bbox 1078 5076 1171 5131; x_wconf 88' lang='lat' dir='ltr'><strong>Dei</strong></span> <span class='ocrx_word' id='word_1_568' title='bbox 1208 5078 1480 5147; x_wconf 82' lang='lat' dir='ltr'><strong>conditum</strong></span> <span class='ocrx_word' id='word_1_569' title='bbox 1523 5077 2014 5147; x_wconf 82' lang='lat' dir='ltr'><strong>liominenil&#39;uisse.</strong></span> 
     </span>
    </p>
   </div>
   <div class='ocr_carea' id='block_1_79' title="bbox 733 5145 2210 5218">
    <p class='ocr_par' dir='ltr' id='par_1_79' title="bbox 733 5145 2210 5218">
     <span class='ocr_line' id='line_1_79' title="bbox 733 5145 2210 5218; baseline -0.001 -17"><span class='ocrx_word' id='word_1_570' title='bbox 733 5147 847 5218; x_wconf 83' lang='lat'><strong>(65)</strong></span> <span class='ocrx_word' id='word_1_571' title='bbox 884 5145 1274 5218; x_wconf 53' lang='lat' dir='ltr'><strong>&#39;Amiseramus.</strong></span> <span class='ocrx_word' id='word_1_572' title='bbox 1319 5145 1674 5217; x_wconf 85' lang='lat' dir='ltr'><strong>Hieronymus</strong></span> <span class='ocrx_word' id='word_1_573' title='bbox 1722 5148 1772 5200; x_wconf 93' lang='lat' dir='ltr'><strong>in</strong></span> <span class='ocrx_word' id='word_1_574' title='bbox 1802 5145 1937 5200; x_wconf 87' lang='lat' dir='ltr'><strong>libro</strong></span> <span class='ocrx_word' id='word_1_575' title='bbox 1959 5147 2210 5218; x_wconf 59' lang='lat' dir='ltr'><strong>adversus</strong></span> 
     </span>
    </p>
   </div>
   <div class='ocr_carea' id='block_1_80' title="bbox 661 5215 2211 5287">
    <p class='ocr_par' dir='ltr' id='par_1_80' title="bbox 661 5215 2211 5287">
     <span class='ocr_line' id='line_1_80' title="bbox 661 5215 2211 5287; baseline 0 -17"><span class='ocrx_word' id='word_1_576' title='bbox 661 5215 918 5270; x_wconf 64' lang='lat' dir='ltr'><strong>Joannem</strong></span> <span class='ocrx_word' id='word_1_577' title='bbox 945 5216 1436 5286; x_wconf 80' lang='lat' dir='ltr'><strong>Jerosolymitanum</strong></span> <span class='ocrx_word' id='word_1_578' title='bbox 1471 5215 1786 5287; x_wconf 74' lang='lat' dir='ltr'><strong>episcopum,</strong></span> <span class='ocrx_word' id='word_1_579' title='bbox 1813 5231 1977 5287; x_wconf 60' lang='grc' dir='ltr'><strong>ιιιιιιι.Δ</strong></span> <span class='ocrx_word' id='word_1_580' title='bbox 1997 5215 2051 5279; x_wconf 85' lang='grc'><strong>7,</strong></span> <span class='ocrx_word' id='word_1_581' title='bbox 2088 5216 2211 5270; x_wconf 86' lang='lat' dir='ltr'><strong>Ori-</strong></span> 
     </span>
    </p>
   </div>
   <div class='ocr_carea' id='block_1_81' title="bbox 662 5284 2211 5357">
    <p class='ocr_par' dir='ltr' id='par_1_81' title="bbox 662 5284 2211 5357">
     <span class='ocr_line' id='line_1_81' title="bbox 662 5284 2211 5357; baseline -0.002 -15"><span class='ocrx_word' id='word_1_582' title='bbox 662 5289 922 5357; x_wconf 83' lang='lat' dir='ltr'><strong>geniauos</strong></span> <span class='ocrx_word' id='word_1_583' title='bbox 949 5284 1164 5340; x_wconf 81' lang='lat' dir='ltr'><strong>errores</strong></span> <span class='ocrx_word' id='word_1_584' title='bbox 1196 5284 1554 5354; x_wconf 81' lang='lat' dir='ltr'><strong>enumerans,</strong></span> <span class='ocrx_word' id='word_1_585' title='bbox 1608 5289 1675 5340; x_wconf 90' lang='lat' dir='ltr'><strong>de</strong></span> <span class='ocrx_word' id='word_1_586' title='bbox 1726 5289 1920 5355; x_wconf 90' lang='lat' dir='ltr'><strong>quibus</strong></span> <span class='ocrx_word' id='word_1_587' title='bbox 1950 5284 2211 5340; x_wconf 80' lang='lat' dir='ltr'><strong>Joannem</strong></span> 
     </span>
    </p>
   </div>
   <div class='ocr_carea' id='block_1_82' title="bbox 667 5357 2210 5426">
    <p class='ocr_par' dir='ltr' id='par_1_82' title="bbox 667 5357 2210 5426">
     <span class='ocr_line' id='line_1_82' title="bbox 667 5357 2210 5426; baseline -0.001 -16"><span class='ocrx_word' id='word_1_588' title='bbox 667 5373 837 5426; x_wconf 88' lang='lat' dir='ltr'><strong>ipsum</strong></span> <span class='ocrx_word' id='word_1_589' title='bbox 863 5367 916 5410; x_wconf 90' lang='lat' dir='ltr'><strong>et</strong></span> <span class='ocrx_word' id='word_1_590' title='bbox 933 5367 1168 5422; x_wconf 89' lang='lat' dir='ltr'><strong>accusat,</strong></span> <span class='ocrx_word' id='word_1_591' title='bbox 1191 5367 1244 5410; x_wconf 91' lang='lat' dir='ltr'><strong>et</strong></span> <span class='ocrx_word' id='word_1_592' title='bbox 1265 5373 1293 5409; x_wconf 93' lang='lat' dir='ltr'><strong>a</strong></span> <span class='ocrx_word' id='word_1_593' title='bbox 1323 5357 1381 5410; x_wconf 91' lang='lat' dir='ltr'><strong>S.</strong></span> <span class='ocrx_word' id='word_1_594' title='bbox 1409 5358 1706 5426; x_wconf 74' lang='lat' dir='ltr'><strong>Epiphanio</strong></span> <span class='ocrx_word' id='word_1_595' title='bbox 1727 5367 2032 5410; x_wconf 84' lang='lat' dir='ltr'><strong>accusatum</strong></span> <span class='ocrx_word' id='word_1_596' title='bbox 2063 5358 2210 5420; x_wconf 87' lang='lat' dir='ltr'><strong>dicit,</strong></span> 
     </span>
    </p>
   </div>
   <div class='ocr_carea' id='block_1_83' title="bbox 665 5426 2213 5497">
    <p class='ocr_par' dir='ltr' id='par_1_83' title="bbox 665 5426 2213 5497">
     <span class='ocr_line' id='line_1_83' title="bbox 665 5426 2213 5497; baseline -0.001 -17"><span class='ocrx_word' id='word_1_597' title='bbox 665 5430 744 5481; x_wconf 88' lang='lat' dir='ltr'><strong>sic</strong></span> <span class='ocrx_word' id='word_1_598' title='bbox 764 5429 999 5495; x_wconf 89' lang='lat' dir='ltr'><strong>loquitur</strong></span> <span class='ocrx_word' id='word_1_599' title='bbox 1029 5443 1044 5479; x_wconf 86' lang='lat'><strong>:</strong></span> <span class='ocrx_word' id='word_1_600' title='bbox 1087 5443 1106 5477; x_wconf 78' lang='grc' dir='ltr'>ι</span> <span class='ocrx_word' id='word_1_601' title='bbox 1139 5429 1428 5497; x_wconf 82' lang='lat' dir='ltr'><strong>Imaginem</strong></span> <span class='ocrx_word' id='word_1_602' title='bbox 1467 5438 1521 5483; x_wconf 88' lang='lat' dir='ltr'><strong>et</strong></span> <span class='ocrx_word' id='word_1_603' title='bbox 1551 5427 1953 5482; x_wconf 86' lang='lat' dir='ltr'><strong>similitudinem</strong></span> <span class='ocrx_word' id='word_1_604' title='bbox 1982 5426 2071 5481; x_wconf 81' lang='lat' dir='ltr'><strong>Dei</strong></span> <span class='ocrx_word' id='word_1_605' title='bbox 2099 5465 2114 5490; x_wconf 95' lang='lat'><strong>,</strong></span> <span class='ocrx_word' id='word_1_606' title='bbox 2147 5431 2213 5479; x_wconf 89' lang='lat' dir='ltr'><strong>ad</strong></span> 
     </span>
    </p>
   </div>
   <div class='ocr_carea' id='block_1_84' title="bbox 664 5496 2212 5566">
    <p class='ocr_par' dir='ltr' id='par_1_84' title="bbox 664 5496 2212 5566">
     <span class='ocr_line' id='line_1_84' title="bbox 664 5496 2212 5566; baseline -0.001 -17"><span class='ocrx_word' id='word_1_607' title='bbox 664 5513 823 5566; x_wconf 86' lang='lat' dir='ltr'><strong>quam</strong></span> <span class='ocrx_word' id='word_1_608' title='bbox 867 5499 1026 5552; x_wconf 87' lang='lat' dir='ltr'><strong>homo</strong></span> <span class='ocrx_word' id='word_1_609' title='bbox 1058 5496 1304 5551; x_wconf 87' lang='lat' dir='ltr'><strong>conditus</strong></span> <span class='ocrx_word' id='word_1_610' title='bbox 1341 5496 1553 5562; x_wconf 82' lang='lat' dir='ltr'><strong>fuerat,</strong></span> <span class='ocrx_word' id='word_1_611' title='bbox 1583 5498 1715 5551; x_wconf 87' lang='lat' dir='ltr'><strong>dicit</strong></span> <span class='ocrx_word' id='word_1_612' title='bbox 1739 5502 1806 5551; x_wconf 86' lang='lat' dir='ltr'><strong>ab</strong></span> <span class='ocrx_word' id='word_1_613' title='bbox 1835 5511 1899 5550; x_wconf 90' lang='lat' dir='ltr'><strong>eo</strong></span> <span class='ocrx_word' id='word_1_614' title='bbox 1931 5499 2212 5566; x_wconf 87' lang='lat' dir='ltr'><strong>perditam,</strong></span> 
     </span>
    </p>
   </div>
   <div class='ocr_carea' id='block_1_85' title="bbox 663 5566 2217 5636">
    <p class='ocr_par' dir='ltr' id='par_1_85' title="bbox 663 5566 2217 5636">
     <span class='ocr_line' id='line_1_85' title="bbox 663 5566 2217 5636; baseline -0.001 -14"><span class='ocrx_word' id='word_1_615' title='bbox 663 5569 796 5622; x_wconf 85' lang='lat' dir='ltr'><strong>etin</strong></span> <span class='ocrx_word' id='word_1_616' title='bbox 826 5569 1040 5622; x_wconf 88' lang='lat' dir='ltr'><strong>homine</strong></span> <span class='ocrx_word' id='word_1_617' title='bbox 1067 5577 1184 5635; x_wconf 89' lang='lat' dir='ltr'><strong>post</strong></span> <span class='ocrx_word' id='word_1_618' title='bbox 1212 5571 1515 5636; x_wconf 90' lang='lat' dir='ltr'><strong>paradisum</strong></span> <span class='ocrx_word' id='word_1_619' title='bbox 1553 5583 1658 5621; x_wconf 92' lang='lat' dir='ltr'><strong>non</strong></span> <span class='ocrx_word' id='word_1_620' title='bbox 1691 5569 1874 5623; x_wconf 77' lang='lat' dir='ltr'><strong>fuisse.</strong></span> <span class='ocrx_word' id='word_1_621' title='bbox 1908 5586 1927 5618; x_wconf 74' lang='grc' dir='ltr'>ι</span> <span class='ocrx_word' id='word_1_622' title='bbox 1961 5566 2118 5619; x_wconf 80' lang='lat' dir='ltr'><strong>Paria</strong></span> <span class='ocrx_word' id='word_1_623' title='bbox 2150 5569 2217 5620; x_wconf 89' lang='lat' dir='ltr'><strong>de</strong></span> 
     </span>
    </p>
   </div>
   <div class='ocr_carea' id='block_1_86' title="bbox 663 5637 2213 5707">
    <p class='ocr_par' dir='ltr' id='par_1_86' title="bbox 663 5637 2213 5707">
     <span class='ocr_line' id='line_1_86' title="bbox 663 5637 2213 5707; baseline -0.003 -14"><span class='ocrx_word' id='word_1_624' title='bbox 663 5637 897 5706; x_wconf 84' lang='lat' dir='ltr'><strong>Origene</strong></span> <span class='ocrx_word' id='word_1_625' title='bbox 936 5637 1121 5691; x_wconf 87' lang='lat' dir='ltr'><strong>scribit</strong></span> <span class='ocrx_word' id='word_1_626' title='bbox 1160 5637 1484 5706; x_wconf 75' lang='lat' dir='ltr'><strong>Epiphanius</strong></span> <span class='ocrx_word' id='word_1_627' title='bbox 1517 5639 1629 5707; x_wconf 88' lang='lat' dir='ltr'><strong>ipse</strong></span> <span class='ocrx_word' id='word_1_628' title='bbox 1673 5640 1862 5692; x_wconf 71' lang='lat' dir='ltr'><strong>literesi</strong></span> <span class='ocrx_word' id='word_1_629' title='bbox 1893 5651 2016 5690; x_wconf 80' lang='lat' dir='ltr'><em>wa</em></span> <span class='ocrx_word' id='word_1_630' title='bbox 2041 5673 2056 5700; x_wconf 93' lang='lat'><strong>,</strong></span> <span class='ocrx_word' id='word_1_631' title='bbox 2095 5652 2213 5705; x_wconf 83' lang='lat' dir='ltr'><strong>pag.</strong></span> 
     </span>
    </p>
   </div>
   <div class='ocr_carea' id='block_1_87' title="bbox 666 5707 2216 5777">
    <p class='ocr_par' dir='ltr' id='par_1_87' title="bbox 666 5707 2216 5777">
     <span class='ocr_line' id='line_1_87' title="bbox 666 5707 2216 5777; baseline -0.001 -16"><span class='ocrx_word' id='word_1_632' title='bbox 666 5707 790 5762; x_wconf 77' lang='grc'><strong>528.</strong></span> <span class='ocrx_word' id='word_1_633' title='bbox 823 5711 890 5761; x_wconf 81' lang='lat' dir='ltr'><strong>At</strong></span> <span class='ocrx_word' id='word_1_634' title='bbox 918 5707 1162 5777; x_wconf 88' lang='lat' dir='ltr'><strong>quamvis</strong></span> <span class='ocrx_word' id='word_1_635' title='bbox 1194 5712 1305 5761; x_wconf 69' lang='lat' dir='ltr'><strong>liaic</strong></span> <span class='ocrx_word' id='word_1_636' title='bbox 1339 5710 1406 5760; x_wconf 89' lang='lat' dir='ltr'><strong>ita</strong></span> <span class='ocrx_word' id='word_1_637' title='bbox 1437 5710 1547 5761; x_wconf 91' lang='lat' dir='ltr'><strong>sint</strong></span> <span class='ocrx_word' id='word_1_638' title='bbox 1569 5747 1585 5770; x_wconf 93' lang='lat'><strong>,</strong></span> <span class='ocrx_word' id='word_1_639' title='bbox 1623 5724 1728 5761; x_wconf 93' lang='lat' dir='ltr'><strong>non</strong></span> <span class='ocrx_word' id='word_1_640' title='bbox 1757 5710 2012 5761; x_wconf 89' lang='lat' dir='ltr'><strong>continuo</strong></span> <span class='ocrx_word' id='word_1_641' title='bbox 2039 5718 2216 5759; x_wconf 87' lang='lat' dir='ltr'><strong>tamen</strong></span> 
     </span>
    </p>
   </div>
   <div class='ocr_carea' id='block_1_88' title="bbox 666 5777 2219 5848">
    <p class='ocr_par' dir='ltr' id='par_1_88' title="bbox 666 5777 2219 5848">
     <span class='ocr_line' id='line_1_88' title="bbox 666 5777 2219 5848; baseline -0.001 -14"><span class='ocrx_word' id='word_1_642' title='bbox 666 5779 1138 5848; x_wconf 79' lang='lat' dir='ltr'><strong>reprehendendus</strong></span> <span class='ocrx_word' id='word_1_643' title='bbox 1160 5778 1365 5835; x_wconf 84' lang='lat' dir='ltr'><strong>videtur</strong></span> <span class='ocrx_word' id='word_1_644' title='bbox 1389 5778 1643 5846; x_wconf 84' lang='lat' dir='ltr'><strong>Didymus</strong></span> <span class='ocrx_word' id='word_1_645' title='bbox 1669 5787 1889 5833; x_wconf 88' lang='lat' dir='ltr'><strong>noster:</strong></span> <span class='ocrx_word' id='word_1_646' title='bbox 1921 5792 2039 5832; x_wconf 87' lang='lat' dir='ltr'><strong>nam</strong></span> <span class='ocrx_word' id='word_1_647' title='bbox 2069 5777 2219 5847; x_wconf 84' lang='lat' dir='ltr'><strong>quid-</strong></span> 
     </span>
    </p>
   </div>
   <div class='ocr_carea' id='block_1_89' title="bbox 2305 1918 3841 1994">
    <p class='ocr_par' dir='ltr' id='par_1_89' title="bbox 2305 1918 3841 1994">
     <span class='ocr_line' id='line_1_89' title="bbox 2305 1918 3841 1994; baseline -0.002 -20"><span class='ocrx_word' id='word_1_648' title='bbox 2305 1922 2481 1994; x_wconf 81' lang='grc' dir='ltr'>μαίνει</span> <span class='ocrx_word' id='word_1_649' title='bbox 2552 1921 2585 1991; x_wconf 81' lang='grc' dir='ltr'><strong>ἡ</strong></span> <span class='ocrx_word' id='word_1_650' title='bbox 2648 1918 2812 1973; x_wconf 76' lang='grc' dir='ltr'>εἰκὼν</span> <span class='ocrx_word' id='word_1_651' title='bbox 2861 1919 2954 1973; x_wconf 77' lang='grc' dir='ltr'>καὶ</span> <span class='ocrx_word' id='word_1_652' title='bbox 3012 1920 3306 1990; x_wconf 82' lang='grc' dir='ltr'>ὁμοίωσις·</span> <span class='ocrx_word' id='word_1_653' title='bbox 3349 1919 3427 1985; x_wconf 85' lang='grc' dir='ltr'><strong>ὡς</strong></span> <span class='ocrx_word' id='word_1_654' title='bbox 3471 1920 3720 1991; x_wconf 73' lang='grc' dir='ltr'>ἁρμόζειν</span> <span class='ocrx_word' id='word_1_655' title='bbox 3759 1919 3841 1990; x_wconf 81' lang='grc' dir='ltr'><strong>τὴν</strong></span> 
     </span>
    </p>
   </div>
   <div class='ocr_carea' id='block_1_90' title="bbox 2300 2010 3843 2084">
    <p class='ocr_par' dir='ltr' id='par_1_90' title="bbox 2300 2010 3843 2084">
     <span class='ocr_line' id='line_1_90' title="bbox 2300 2010 3843 2084; baseline 0 -18"><span class='ocrx_word' id='word_1_656' title='bbox 2300 2013 2512 2066; x_wconf 81' lang='grc' dir='ltr'>Παύλου</span> <span class='ocrx_word' id='word_1_657' title='bbox 2551 2011 2678 2082; x_wconf 78' lang='grc' dir='ltr'>περὶ</span> <span class='ocrx_word' id='word_1_658' title='bbox 2713 2010 2820 2064; x_wconf 84' lang='grc' dir='ltr'>τῶν</span> <span class='ocrx_word' id='word_1_659' title='bbox 2867 2010 3274 2082; x_wconf 77' lang='grc' dir='ltr'><strong>βαπτιζομένων</strong></span> <span class='ocrx_word' id='word_1_660' title='bbox 3323 2012 3570 2084; x_wconf 72' lang='grc' dir='ltr'>Γοαφήν·</span> <span class='ocrx_word' id='word_1_661' title='bbox 3621 2031 3640 2064; x_wconf 78' lang='grc' dir='ltr'><strong>ι</strong></span> <span class='ocrx_word' id='word_1_662' title='bbox 3677 2013 3843 2074; x_wconf 84' lang='grc' dir='ltr'><strong>Ὅπως</strong></span> 
     </span>
    </p>
   </div>
   <div class='ocr_carea' id='block_1_91' title="bbox 2304 2207 3847 2280">
    <p class='ocr_par' dir='ltr' id='par_1_91' title="bbox 2304 2207 3847 2280">
     <span class='ocr_line' id='line_1_91' title="bbox 2304 2207 3847 2280; baseline 0.001 -19"><span class='ocrx_word' id='word_1_663' title='bbox 2304 2209 2433 2280; x_wconf 90' lang='lat' dir='ltr'><strong>quid</strong></span> <span class='ocrx_word' id='word_1_664' title='bbox 2471 2210 2544 2265; x_wconf 92' lang='lat' dir='ltr'><strong>sit</strong></span> <span class='ocrx_word' id='word_1_665' title='bbox 2591 2210 2658 2264; x_wconf 93' lang='lat' dir='ltr'><strong>de</strong></span> <span class='ocrx_word' id='word_1_666' title='bbox 2700 2209 2947 2278; x_wconf 87' lang='lat' dir='ltr'><strong>Origenis</strong></span> <span class='ocrx_word' id='word_1_667' title='bbox 2977 2209 3267 2276; x_wconf 84' lang='lat' dir='ltr'><strong>sententia,</strong></span> <span class='ocrx_word' id='word_1_668' title='bbox 3302 2209 3576 2265; x_wconf 85' lang='lat' dir='ltr'><strong>catholico</strong></span> <span class='ocrx_word' id='word_1_669' title='bbox 3607 2207 3847 2280; x_wconf 13' lang='lat' dir='ltr'><strong>sensu.ﬁni</strong></span> 
     </span>
    </p>
   </div>
   <div class='ocr_carea' id='block_1_92' title="bbox 2305 2279 3846 2349">
    <p class='ocr_par' dir='ltr' id='par_1_92' title="bbox 2305 2279 3846 2349">
     <span class='ocr_line' id='line_1_92' title="bbox 2305 2279 3846 2349; baseline -0.002 -15"><span class='ocrx_word' id='word_1_670' title='bbox 2305 2279 2483 2342; x_wconf 79' lang='lat' dir='ltr'><strong>fallor,</strong></span> <span class='ocrx_word' id='word_1_671' title='bbox 2515 2281 2622 2334; x_wconf 89' lang='lat' dir='ltr'><strong>dici</strong></span> <span class='ocrx_word' id='word_1_672' title='bbox 2663 2291 2836 2349; x_wconf 84' lang='lat' dir='ltr'><strong>pctest</strong></span> <span class='ocrx_word' id='word_1_673' title='bbox 2857 2319 2872 2341; x_wconf 93' lang='lat'><strong>,</strong></span> <span class='ocrx_word' id='word_1_674' title='bbox 2927 2282 3215 2349; x_wconf 75' lang='lat' dir='ltr'><strong>imaginem</strong></span> <span class='ocrx_word' id='word_1_675' title='bbox 3247 2294 3311 2333; x_wconf 90' lang='lat' dir='ltr'><strong>ac</strong></span> <span class='ocrx_word' id='word_1_676' title='bbox 3341 2281 3741 2335; x_wconf 86' lang='lat' dir='ltr'><strong>similitudinem</strong></span> <span class='ocrx_word' id='word_1_677' title='bbox 3771 2279 3846 2332; x_wconf 87' lang='lat' dir='ltr'><strong>Dei</strong></span> 
     </span>
    </p>
   </div>
   <div class='ocr_carea' id='block_1_93' title="bbox 2342 2350 3847 2422">
    <p class='ocr_par' dir='ltr' id='par_1_93' title="bbox 2342 2350 3847 2422">
     <span class='ocr_line' id='line_1_93' title="bbox 2342 2350 3847 2422; baseline -0.003 -18"><span class='ocrx_word' id='word_1_678' title='bbox 2342 2367 2402 2422; x_wconf 87' lang='lat' dir='ltr'><strong>er</strong></span> <span class='ocrx_word' id='word_1_679' title='bbox 2433 2361 2740 2422; x_wconf 81' lang='lat' dir='ltr'><strong>peccatum</strong></span> <span class='ocrx_word' id='word_1_680' title='bbox 2775 2350 3037 2422; x_wconf 76' lang='lat' dir='ltr'><strong>originale</strong></span> <span class='ocrx_word' id='word_1_681' title='bbox 3073 2351 3141 2404; x_wconf 82' lang='lat' dir='ltr'><strong>ab</strong></span> <span class='ocrx_word' id='word_1_682' title='bbox 3171 2350 3389 2405; x_wconf 90' lang='lat' dir='ltr'><strong>homine</strong></span> <span class='ocrx_word' id='word_1_683' title='bbox 3443 2353 3697 2422; x_wconf 72' lang='lat' dir='ltr'><strong>amissam</strong></span> <span class='ocrx_word' id='word_1_684' title='bbox 3727 2363 3847 2404; x_wconf 87' lang='lat' dir='ltr'><strong>esse.</strong></span> 
     </span>
    </p>
   </div>
   <div class='ocr_carea' id='block_1_94' title="bbox 2301 2366 3850 2489">
    <p class='ocr_par' dir='ltr' id='par_1_94' title="bbox 2301 2366 3850 2489">
     <span class='ocr_line' id='line_1_94' title="bbox 2302 2366 3847 2474; baseline -0.003 -70"><span class='ocrx_word' id='word_1_685' title='bbox 2302 2366 2402 2474; x_wconf 40' lang='grc' dir='ltr'><strong>ζει·</strong></span> <span class='ocrx_word' id='word_1_686' title='bbox 2455 2366 2740 2422; x_wconf 87' lang='lat' dir='ltr'><strong>peccatum</strong></span> <span class='ocrx_word' id='word_1_687' title='bbox 2775 2366 3037 2415; x_wconf 78' lang='lat' dir='ltr'><strong>originaie</strong></span> <span class='ocrx_word' id='word_1_688' title='bbox 3073 2366 3141 2404; x_wconf 81' lang='lat' dir='ltr'><strong>an</strong></span> <span class='ocrx_word' id='word_1_689' title='bbox 3172 2366 3389 2405; x_wconf 92' lang='lat' dir='ltr'><strong>nomine</strong></span> <span class='ocrx_word' id='word_1_690' title='bbox 3443 2366 3697 2404; x_wconf 81' lang='lat' dir='ltr'><strong>amissam</strong></span> <span class='ocrx_word' id='word_1_691' title='bbox 3727 2366 3847 2404; x_wconf 87' lang='lat' dir='ltr'><strong>esse.</strong></span> 
     </span>
     <span class='ocr_line' id='line_1_95' title="bbox 2301 2420 3850 2489; baseline -0.002 -14"><span class='ocrx_word' id='word_1_692' title='bbox 2301 2437 2322 2475; x_wconf 88' lang='lat' dir='ltr'><strong>i</strong></span> <span class='ocrx_word' id='word_1_693' title='bbox 2354 2421 2566 2475; x_wconf 91' lang='lat' dir='ltr'><strong>imirum</strong></span> <span class='ocrx_word' id='word_1_694' title='bbox 2626 2421 2743 2489; x_wconf 85' lang='lat' dir='ltr'><strong>ejus</strong></span> <span class='ocrx_word' id='word_1_695' title='bbox 2807 2420 2951 2474; x_wconf 77' lang='lat' dir='ltr'><strong>eﬁ&#39;ati</strong></span> <span class='ocrx_word' id='word_1_696' title='bbox 2999 2422 3237 2480; x_wconf 86' lang='lat' dir='ltr'><strong>veritas.</strong></span> <span class='ocrx_word' id='word_1_697' title='bbox 3296 2431 3393 2474; x_wconf 91' lang='lat' dir='ltr'><strong>aut</strong></span> <span class='ocrx_word' id='word_1_698' title='bbox 3452 2420 3656 2475; x_wconf 81' lang='lat' dir='ltr'><strong>falsitas</strong></span> <span class='ocrx_word' id='word_1_699' title='bbox 3698 2435 3756 2473; x_wconf 77' lang='lat' dir='ltr'><strong>ex</strong></span> <span class='ocrx_word' id='word_1_700' title='bbox 3797 2434 3850 2472; x_wconf 87' lang='lat' dir='ltr'><strong>eo</strong></span> 
     </span>
    </p>
   </div>
   <div class='ocr_carea' id='block_1_95' title="bbox 2301 2490 3850 2560">
    <p class='ocr_par' dir='ltr' id='par_1_95' title="bbox 2301 2490 3850 2560">
     <span class='ocr_line' id='line_1_96' title="bbox 2301 2490 3850 2560; baseline -0.003 -16"><span class='ocrx_word' id='word_1_701' title='bbox 2301 2505 2466 2545; x_wconf 89' lang='lat' dir='ltr'><strong>sensu</strong></span> <span class='ocrx_word' id='word_1_702' title='bbox 2499 2491 2723 2560; x_wconf 88' lang='lat' dir='ltr'><strong>pendet,</strong></span> <span class='ocrx_word' id='word_1_703' title='bbox 2777 2507 2885 2558; x_wconf 85' lang='lat' dir='ltr'><strong>quo</strong></span> <span class='ocrx_word' id='word_1_704' title='bbox 2915 2491 3170 2544; x_wconf 71' lang='lat' dir='ltr'><strong>vocabula</strong></span> <span class='ocrx_word' id='word_1_705' title='bbox 3210 2490 3297 2544; x_wconf 89' lang='lat' dir='ltr'><strong>illa</strong></span> <span class='ocrx_word' id='word_1_706' title='bbox 3338 2510 3359 2541; x_wconf 71' lang='grc' dir='ltr'>ι</span> <span class='ocrx_word' id='word_1_707' title='bbox 3413 2491 3661 2560; x_wconf 80' lang='lat' dir='ltr'><strong>imaginis</strong></span> <span class='ocrx_word' id='word_1_708' title='bbox 3703 2505 3761 2544; x_wconf 85' lang='lat' dir='ltr'><strong>ac</strong></span> <span class='ocrx_word' id='word_1_709' title='bbox 3786 2491 3850 2542; x_wconf 81' lang='lat' dir='ltr'><strong>si-</strong></span> 
     </span>
    </p>
   </div>
   <div class='ocr_carea' id='block_1_96' title="bbox 2304 2560 3854 2630">
    <p class='ocr_par' dir='ltr' id='par_1_96' title="bbox 2304 2560 3854 2630">
     <span class='ocr_line' id='line_1_97' title="bbox 2304 2560 3854 2630; baseline -0.001 -17"><span class='ocrx_word' id='word_1_710' title='bbox 2304 2561 2624 2614; x_wconf 90' lang='lat' dir='ltr'><strong>militudinis</strong></span> <span class='ocrx_word' id='word_1_711' title='bbox 2655 2578 2674 2611; x_wconf 74' lang='grc' dir='ltr'>ι</span> <span class='ocrx_word' id='word_1_712' title='bbox 2710 2561 3051 2627; x_wconf 86' lang='lat' dir='ltr'><strong>accipiuntur</strong></span> <span class='ocrx_word' id='word_1_713' title='bbox 3077 2580 3089 2614; x_wconf 90' lang='lat'><strong>:</strong></span> <span class='ocrx_word' id='word_1_714' title='bbox 3116 2561 3159 2614; x_wconf 91' lang='lat' dir='ltr'><strong>si</strong></span> <span class='ocrx_word' id='word_1_715' title='bbox 3177 2560 3298 2628; x_wconf 89' lang='lat' dir='ltr'><strong>quis</strong></span> <span class='ocrx_word' id='word_1_716' title='bbox 3324 2561 3475 2614; x_wconf 92' lang='lat' dir='ltr'><strong>enim</strong></span> <span class='ocrx_word' id='word_1_717' title='bbox 3539 2577 3627 2615; x_wconf 75' lang='lat' dir='ltr'><strong>ex.</strong></span> <span class='ocrx_word' id='word_1_718' title='bbox 3656 2575 3732 2630; x_wconf 88' lang='lat' dir='ltr'><strong>gr.</strong></span> <span class='ocrx_word' id='word_1_719' title='bbox 3756 2560 3854 2626; x_wconf 75' lang='lat' dir='ltr'><strong>eius</strong></span> 
     </span>
    </p>
   </div>
   <div class='ocr_carea' id='block_1_97' title="bbox 2305 2629 3852 2698">
    <p class='ocr_par' dir='ltr' id='par_1_97' title="bbox 2305 2629 3852 2698">
     <span class='ocr_line' id='line_1_98' title="bbox 2305 2629 3852 2698; baseline -0.003 -14"><span class='ocrx_word' id='word_1_720' title='bbox 2305 2630 2554 2698; x_wconf 77' lang='lat' dir='ltr'><strong>imaginis</strong></span> <span class='ocrx_word' id='word_1_721' title='bbox 2586 2631 2858 2684; x_wconf 91' lang='lat' dir='ltr'><strong>notionem</strong></span> <span class='ocrx_word' id='word_1_722' title='bbox 2901 2631 2951 2683; x_wconf 92' lang='lat' dir='ltr'><strong>in</strong></span> <span class='ocrx_word' id='word_1_723' title='bbox 2996 2632 3096 2684; x_wconf 91' lang='lat' dir='ltr'><strong>hoc</strong></span> <span class='ocrx_word' id='word_1_724' title='bbox 3126 2631 3284 2685; x_wconf 87' lang='lat' dir='ltr'><strong>sitam</strong></span> <span class='ocrx_word' id='word_1_725' title='bbox 3322 2629 3579 2692; x_wconf 78' lang='lat' dir='ltr'><strong>afﬁrmet,</strong></span> <span class='ocrx_word' id='word_1_726' title='bbox 3612 2629 3673 2683; x_wconf 84' lang='lat' dir='ltr'><strong>ut</strong></span> <span class='ocrx_word' id='word_1_727' title='bbox 3695 2632 3852 2682; x_wconf 78' lang='lat' dir='ltr'><strong>anima</strong></span> 
     </span>
    </p>
   </div>
   <div class='ocr_carea' id='block_1_98' title="bbox 2305 2699 3852 2770">
    <p class='ocr_par' dir='ltr' id='par_1_98' title="bbox 2305 2699 3852 2770">
     <span class='ocr_line' id='line_1_99' title="bbox 2305 2699 3852 2770; baseline -0.004 -15"><span class='ocrx_word' id='word_1_728' title='bbox 2305 2700 2375 2755; x_wconf 87' lang='lat' dir='ltr'><strong>sit</strong></span> <span class='ocrx_word' id='word_1_729' title='bbox 2407 2699 2746 2770; x_wconf 68' lang='lat' dir='ltr'><strong>immortalis,</strong></span> <span class='ocrx_word' id='word_1_730' title='bbox 2781 2715 2844 2753; x_wconf 90' lang='lat' dir='ltr'><strong>ac</strong></span> <span class='ocrx_word' id='word_1_731' title='bbox 2884 2699 3076 2755; x_wconf 86' lang='lat' dir='ltr'><strong>deinde</strong></span> <span class='ocrx_word' id='word_1_732' title='bbox 3113 2699 3424 2770; x_wconf 80' lang='lat' dir='ltr'><strong>subiungat,</strong></span> <span class='ocrx_word' id='word_1_733' title='bbox 3473 2701 3736 2770; x_wconf 88' lang='lat' dir='ltr'><strong>hominem</strong></span> <span class='ocrx_word' id='word_1_734' title='bbox 3772 2712 3852 2770; x_wconf 81' lang='lat' dir='ltr'><strong>per</strong></span> 
     </span>
    </p>
   </div>
   <div class='ocr_carea' id='block_1_99' title="bbox 2302 2767 3858 2839">
    <p class='ocr_par' dir='ltr' id='par_1_99' title="bbox 2302 2767 3858 2839">
     <span class='ocr_line' id='line_1_100' title="bbox 2302 2767 3858 2839; baseline -0.002 -17"><span class='ocrx_word' id='word_1_735' title='bbox 2302 2779 2580 2837; x_wconf 87' lang='lat' dir='ltr'><strong>peccatum</strong></span> <span class='ocrx_word' id='word_1_736' title='bbox 2614 2769 2705 2822; x_wconf 90' lang='lat' dir='ltr'><strong>Dei</strong></span> <span class='ocrx_word' id='word_1_737' title='bbox 2732 2769 3020 2839; x_wconf 81' lang='lat' dir='ltr'><strong>imaginem</strong></span> <span class='ocrx_word' id='word_1_738' title='bbox 3055 2767 3332 2832; x_wconf 62' lang='lat' dir='ltr'><strong>amisisse,</strong></span> <span class='ocrx_word' id='word_1_739' title='bbox 3359 2772 3407 2826; x_wconf 90' lang='lat' dir='ltr'><strong>is</strong></span> <span class='ocrx_word' id='word_1_740' title='bbox 3447 2771 3568 2825; x_wconf 88' lang='lat' dir='ltr'><strong>sine</strong></span> <span class='ocrx_word' id='word_1_741' title='bbox 3593 2769 3746 2824; x_wconf 88' lang='lat' dir='ltr'><strong>dubio</strong></span> <span class='ocrx_word' id='word_1_742' title='bbox 3769 2767 3858 2821; x_wconf 91' lang='lat' dir='ltr'><strong>erit</strong></span> 
     </span>
    </p>
   </div>
   <div class='ocr_carea' id='block_1_100' title="bbox 2306 2839 3856 2908">
    <p class='ocr_par' dir='ltr' id='par_1_100' title="bbox 2306 2839 3856 2908">
     <span class='ocr_line' id='line_1_101' title="bbox 2306 2839 3856 2908; baseline -0.004 -14"><span class='ocrx_word' id='word_1_743' title='bbox 2306 2841 2596 2894; x_wconf 70' lang='lat' dir='ltr'><strong>haereticus</strong></span> <span class='ocrx_word' id='word_1_744' title='bbox 2626 2856 2641 2892; x_wconf 88' lang='lat'><strong>:</strong></span> <span class='ocrx_word' id='word_1_745' title='bbox 2675 2853 2833 2894; x_wconf 88' lang='lat' dir='ltr'><strong>secus</strong></span> <span class='ocrx_word' id='word_1_746' title='bbox 2865 2855 2991 2894; x_wconf 88' lang='lat' dir='ltr'><strong>vero</strong></span> <span class='ocrx_word' id='word_1_747' title='bbox 3014 2855 3075 2894; x_wconf 89' lang='lat' dir='ltr'><strong>se</strong></span> <span class='ocrx_word' id='word_1_748' title='bbox 3114 2856 3199 2894; x_wconf 90' lang='lat' dir='ltr'><strong>res</strong></span> <span class='ocrx_word' id='word_1_749' title='bbox 3226 2841 3450 2895; x_wconf 86' lang='lat' dir='ltr'><strong>habebit</strong></span> <span class='ocrx_word' id='word_1_750' title='bbox 3473 2880 3489 2903; x_wconf 95' lang='lat'><strong>,</strong></span> <span class='ocrx_word' id='word_1_751' title='bbox 3518 2842 3563 2894; x_wconf 89' lang='lat' dir='ltr'><strong>si</strong></span> <span class='ocrx_word' id='word_1_752' title='bbox 3595 2842 3644 2893; x_wconf 93' lang='lat' dir='ltr'><strong>in</strong></span> <span class='ocrx_word' id='word_1_753' title='bbox 3671 2839 3856 2908; x_wconf 89' lang='lat' dir='ltr'><strong>justitia</strong></span> 
     </span>
    </p>
   </div>
   <div class='ocr_carea' id='block_1_101' title="bbox 2301 2908 3855 2979">
    <p class='ocr_par' dir='ltr' id='par_1_101' title="bbox 2301 2908 3855 2979">
     <span class='ocr_line' id='line_1_102' title="bbox 2301 2908 3855 2979; baseline -0.003 -16"><span class='ocrx_word' id='word_1_754' title='bbox 2301 2909 2583 2979; x_wconf 77' lang='lat' dir='ltr'><strong>originali,</strong></span> <span class='ocrx_word' id='word_1_755' title='bbox 2618 2919 2712 2962; x_wconf 90' lang='lat' dir='ltr'><strong>aut</strong></span> <span class='ocrx_word' id='word_1_756' title='bbox 2743 2909 2918 2977; x_wconf 85' lang='lat' dir='ltr'><strong>gratia</strong></span> <span class='ocrx_word' id='word_1_757' title='bbox 2967 2910 3342 2979; x_wconf 70' lang='lat' dir='ltr'><strong>sanctiﬁcante</strong></span> <span class='ocrx_word' id='word_1_758' title='bbox 3366 2951 3384 2977; x_wconf 94' lang='lat'><strong>,</strong></span> <span class='ocrx_word' id='word_1_759' title='bbox 3416 2921 3514 2964; x_wconf 91' lang='lat' dir='ltr'><strong>aut</strong></span> <span class='ocrx_word' id='word_1_760' title='bbox 3555 2911 3658 2964; x_wconf 88' lang='lat' dir='ltr'><strong>alia</strong></span> <span class='ocrx_word' id='word_1_761' title='bbox 3702 2908 3855 2976; x_wconf 80' lang='lat' dir='ltr'><strong>aliqua</strong></span> 
     </span>
    </p>
   </div>
   <div class='ocr_carea' id='block_1_102' title="bbox 2303 2977 3860 3048">
    <p class='ocr_par' dir='ltr' id='par_1_102' title="bbox 2303 2977 3860 3048">
     <span class='ocr_line' id='line_1_103' title="bbox 2303 2977 3860 3048; baseline -0.002 -19"><span class='ocrx_word' id='word_1_762' title='bbox 2303 2977 2465 3048; x_wconf 79' lang='lat' dir='ltr'><strong>simili</strong></span> <span class='ocrx_word' id='word_1_763' title='bbox 2500 2993 2556 3032; x_wconf 91' lang='lat' dir='ltr'><strong>re</strong></span> <span class='ocrx_word' id='word_1_764' title='bbox 2584 2979 2743 3030; x_wconf 91' lang='lat' dir='ltr'><strong>sitam</strong></span> <span class='ocrx_word' id='word_1_765' title='bbox 2787 2993 2911 3048; x_wconf 12' lang='lat' dir='ltr'><strong>eam,</strong></span> <span class='ocrx_word' id='word_1_766' title='bbox 2951 2990 3120 3048; x_wconf 89' lang='lat' dir='ltr'><strong>putet.</strong></span> <span class='ocrx_word' id='word_1_767' title='bbox 3182 2977 3323 3032; x_wconf 83' lang='lat' dir='ltr'><strong>Hinc</strong></span> <span class='ocrx_word' id='word_1_768' title='bbox 3372 2981 3434 3034; x_wconf 83' lang='lat' dir='ltr'><strong>lit</strong></span> <span class='ocrx_word' id='word_1_769' title='bbox 3496 2991 3557 3034; x_wconf 94' lang='lat' dir='ltr'><strong>ut</strong></span> <span class='ocrx_word' id='word_1_770' title='bbox 3590 2981 3676 3033; x_wconf 90' lang='lat' dir='ltr'><strong>alii</strong></span> <span class='ocrx_word' id='word_1_771' title='bbox 3718 2981 3860 3048; x_wconf 57' lang='lat' dir='ltr'><strong>etiam</strong></span> 
     </span>
    </p>
   </div>
   <div class='ocr_carea' id='block_1_103' title="bbox 2305 3045 3851 3121">
    <p class='ocr_par' dir='ltr' id='par_1_103' title="bbox 2305 3045 3851 3121">
     <span class='ocr_line' id='line_1_104' title="bbox 2305 3045 3851 3121; baseline -0.001 -20"><span class='ocrx_word' id='word_1_772' title='bbox 2305 3046 2494 3121; x_wconf 75' lang='lat' dir='ltr'><strong>Patres</strong></span> <span class='ocrx_word' id='word_1_773' title='bbox 2529 3049 2802 3121; x_wconf 76' lang='lat' dir='ltr'><strong>id_ips_t_im</strong></span> <span class='ocrx_word' id='word_1_774' title='bbox 2835 3045 3183 3121; x_wconf 72' lang='lat' dir='ltr'><strong>alﬁrinarint,</strong></span> <span class='ocrx_word' id='word_1_775' title='bbox 3224 3051 3369 3117; x_wconf 89' lang='lat' dir='ltr'><strong>quod</strong></span> <span class='ocrx_word' id='word_1_776' title='bbox 3416 3051 3698 3121; x_wconf 84' lang='lat' dir='ltr'><strong>Didymus.</strong></span> <span class='ocrx_word' id='word_1_777' title='bbox 3740 3045 3851 3121; x_wconf 76' lang='lat' dir='ltr'><strong>Ter-</strong></span> 
     </span>
    </p>
   </div>
   <div class='ocr_carea' id='block_1_104' title="bbox 2308 3115 3863 3188">
    <p class='ocr_par' dir='ltr' id='par_1_104' title="bbox 2308 3115 3863 3188">
     <span class='ocr_line' id='line_1_105' title="bbox 2308 3115 3863 3188; baseline -0.001 -19"><span class='ocrx_word' id='word_1_778' title='bbox 2308 3117 2563 3171; x_wconf 88' lang='lat' dir='ltr'><strong>tullianus</strong></span> <span class='ocrx_word' id='word_1_779' title='bbox 2598 3115 2657 3170; x_wconf 86' lang='lat' dir='ltr'><strong>in</strong></span> <span class='ocrx_word' id='word_1_780' title='bbox 2682 3118 2818 3171; x_wconf 90' lang='lat' dir='ltr'><strong>libro</strong></span> <span class='ocrx_word' id='word_1_781' title='bbox 2855 3117 2927 3170; x_wconf 85' lang='lat' dir='ltr'><strong>De</strong></span> <span class='ocrx_word' id='word_1_782' title='bbox 2971 3115 3255 3182; x_wconf 75' lang='lat' dir='ltr'><strong>baptismo,</strong></span> <span class='ocrx_word' id='word_1_783' title='bbox 3285 3134 3414 3188; x_wconf 90' lang='lat' dir='ltr'><strong>cap.</strong></span> <span class='ocrx_word' id='word_1_784' title='bbox 3445 3122 3480 3176; x_wconf 82' lang='lat'><strong>5</strong></span> <span class='ocrx_word' id='word_1_785' title='bbox 3514 3115 3538 3174; x_wconf 76' lang='grc' dir='ltr'>Ξ</span> <span class='ocrx_word' id='word_1_786' title='bbox 3567 3137 3587 3170; x_wconf 75' lang='grc' dir='ltr'><strong>ι</strong></span> <span class='ocrx_word' id='word_1_787' title='bbox 3631 3120 3702 3172; x_wconf 88' lang='lat' dir='ltr'><strong>lia</strong></span> <span class='ocrx_word' id='word_1_788' title='bbox 3728 3115 3863 3170; x_wconf 83' lang='lat' dir='ltr'><strong>resti-</strong></span> 
     </span>
    </p>
   </div>
   <div class='ocr_carea' id='block_1_105' title="bbox 2306 3187 3858 3258">
    <p class='ocr_par' dir='ltr' id='par_1_105' title="bbox 2306 3187 3858 3258">
     <span class='ocr_line' id='line_1_106' title="bbox 2306 3187 3858 3258; baseline 0.001 -19"><span class='ocrx_word' id='word_1_789' title='bbox 2306 3189 2472 3258; x_wconf 89' lang='lat' dir='ltr'><strong>tuitur</strong></span> <span class='ocrx_word' id='word_1_790' title='bbox 2519 3187 2766 3258; x_wconf 79' lang='lat' dir='ltr'><strong>(inquit)</strong></span> <span class='ocrx_word' id='word_1_791' title='bbox 2816 3189 2974 3241; x_wconf 89' lang='lat' dir='ltr'><strong>homo</strong></span> <span class='ocrx_word' id='word_1_792' title='bbox 3016 3188 3122 3242; x_wconf 93' lang='lat' dir='ltr'><strong>Deo</strong></span> <span class='ocrx_word' id='word_1_793' title='bbox 3149 3192 3233 3258; x_wconf 80' lang='lat' dir='ltr'><strong>ad</strong></span> <span class='ocrx_word' id='word_1_794' title='bbox 3281 3187 3700 3244; x_wconf 86' lang='lat' dir='ltr'><strong>similitudinem</strong></span> <span class='ocrx_word' id='word_1_795' title='bbox 3727 3191 3858 3258; x_wconf 77' lang='lat' dir='ltr'><strong>ejus.</strong></span> 
     </span>
    </p>
   </div>
   <div class='ocr_carea' id='block_1_106' title="bbox 2305 3255 3862 3328">
    <p class='ocr_par' dir='ltr' id='par_1_106' title="bbox 2305 3255 3862 3328">
     <span class='ocr_line' id='line_1_107' title="bbox 2305 3255 3862 3328; baseline 0 -20"><span class='ocrx_word' id='word_1_796' title='bbox 2305 3257 2396 3328; x_wconf 85' lang='lat' dir='ltr'><strong>qui</strong></span> <span class='ocrx_word' id='word_1_797' title='bbox 2416 3255 2571 3328; x_wconf 74' lang='lat' dir='ltr'><strong>retro</strong></span> <span class='ocrx_word' id='word_1_798' title='bbox 2609 3255 2674 3328; x_wconf 85' lang='lat' dir='ltr'><strong>ad</strong></span> <span class='ocrx_word' id='word_1_799' title='bbox 2701 3255 2988 3327; x_wconf 87' lang='lat' dir='ltr'><strong>imaginem</strong></span> <span class='ocrx_word' id='word_1_800' title='bbox 3021 3260 3113 3312; x_wconf 86' lang='lat' dir='ltr'><strong>Dei</strong></span> <span class='ocrx_word' id='word_1_801' title='bbox 3139 3257 3334 3312; x_wconf 86' lang='lat' dir='ltr'><strong>fuerat.</strong></span> <span class='ocrx_word' id='word_1_802' title='bbox 3379 3260 3572 3328; x_wconf 80' lang='lat' dir='ltr'><strong>Imago</strong></span> <span class='ocrx_word' id='word_1_803' title='bbox 3607 3261 3658 3311; x_wconf 90' lang='lat' dir='ltr'><strong>in</strong></span> <span class='ocrx_word' id='word_1_804' title='bbox 3689 3255 3862 3328; x_wconf 82' lang='lat' dir='ltr'><strong>elligie,</strong></span> 
     </span>
    </p>
   </div>
   <div class='ocr_carea' id='block_1_107' title="bbox 2304 3326 3863 3395">
    <p class='ocr_par' dir='ltr' id='par_1_107' title="bbox 2304 3326 3863 3395">
     <span class='ocr_line' id='line_1_108' title="bbox 2304 3326 3863 3395; baseline -0.003 -15"><span class='ocrx_word' id='word_1_805' title='bbox 2304 3326 2600 3380; x_wconf 88' lang='lat' dir='ltr'><strong>similitudo</strong></span> <span class='ocrx_word' id='word_1_806' title='bbox 2650 3326 2702 3380; x_wconf 93' lang='lat' dir='ltr'><strong>in</strong></span> <span class='ocrx_word' id='word_1_807' title='bbox 2769 3326 3072 3381; x_wconf 67' lang='lat' dir='ltr'><strong>aeternitate</strong></span> <span class='ocrx_word' id='word_1_808' title='bbox 3126 3340 3410 3384; x_wconf 84' lang='lat' dir='ltr'><strong>censetur.</strong></span> <span class='ocrx_word' id='word_1_809' title='bbox 3475 3326 3694 3395; x_wconf 76' lang='lat' dir='ltr'><strong>Recipit</strong></span> <span class='ocrx_word' id='word_1_810' title='bbox 3738 3327 3863 3381; x_wconf 87' lang='lat' dir='ltr'><strong>enini</strong></span> 
     </span>
    </p>
   </div>
   <div class='ocr_carea' id='block_1_108' title="bbox 2310 3395 3869 3465">
    <p class='ocr_par' dir='ltr' id='par_1_108' title="bbox 2310 3395 3869 3465">
     <span class='ocr_line' id='line_1_109' title="bbox 2310 3395 3869 3465; baseline 0.001 -17"><span class='ocrx_word' id='word_1_811' title='bbox 2310 3396 2458 3449; x_wconf 91' lang='lat' dir='ltr'><strong>illum</strong></span> <span class='ocrx_word' id='word_1_812' title='bbox 2515 3395 2608 3449; x_wconf 91' lang='lat' dir='ltr'><strong>Dei</strong></span> <span class='ocrx_word' id='word_1_813' title='bbox 2665 3396 2959 3464; x_wconf 79' lang='lat' dir='ltr'><strong>Spiritum,</strong></span> <span class='ocrx_word' id='word_1_814' title='bbox 3007 3411 3166 3465; x_wconf 89' lang='lat' dir='ltr'><strong>quem</strong></span> <span class='ocrx_word' id='word_1_815' title='bbox 3227 3409 3353 3452; x_wconf 90' lang='lat' dir='ltr'><strong>tunc</strong></span> <span class='ocrx_word' id='word_1_816' title='bbox 3413 3399 3486 3454; x_wconf 90' lang='lat' dir='ltr'><strong>de</strong></span> <span class='ocrx_word' id='word_1_817' title='bbox 3540 3399 3722 3452; x_wconf 83' lang='lat' dir='ltr'><strong>aﬂlatu</strong></span> <span class='ocrx_word' id='word_1_818' title='bbox 3768 3395 3869 3465; x_wconf 81' lang='lat' dir='ltr'><strong>ejus</strong></span> 
     </span>
    </p>
   </div>
   <div class='ocr_carea' id='block_1_109' title="bbox 2305 3465 3864 3536">
    <p class='ocr_par' dir='ltr' id='par_1_109' title="bbox 2305 3465 3864 3536">
     <span class='ocr_line' id='line_1_110' title="bbox 2305 3465 3864 3536; baseline -0.003 -18"><span class='ocrx_word' id='word_1_819' title='bbox 2305 3475 2612 3535; x_wconf 88' lang='lat' dir='ltr'><strong>acceperat,</strong></span> <span class='ocrx_word' id='word_1_820' title='bbox 2639 3469 2734 3520; x_wconf 92' lang='lat' dir='ltr'><strong>sed</strong></span> <span class='ocrx_word' id='word_1_821' title='bbox 2757 3477 2877 3533; x_wconf 89' lang='lat' dir='ltr'><strong>post</strong></span> <span class='ocrx_word' id='word_1_822' title='bbox 2901 3467 3159 3521; x_wconf 86' lang='lat' dir='ltr'><strong>amiserat</strong></span> <span class='ocrx_word' id='word_1_823' title='bbox 3182 3482 3277 3536; x_wconf 89' lang='lat' dir='ltr'><strong>per</strong></span> <span class='ocrx_word' id='word_1_824' title='bbox 3309 3470 3604 3524; x_wconf 87' lang='lat' dir='ltr'><strong>delicium.</strong></span> <span class='ocrx_word' id='word_1_825' title='bbox 3636 3487 3655 3518; x_wconf 75' lang='grc' dir='ltr'>ι</span> <span class='ocrx_word' id='word_1_826' title='bbox 3691 3465 3864 3519; x_wconf 85' lang='lat' dir='ltr'><strong>Eadem</strong></span> 
     </span>
    </p>
   </div>
   <div class='ocr_carea' id='block_1_110' title="bbox 2306 3537 3867 3599">
    <p class='ocr_par' dir='ltr' id='par_1_110' title="bbox 2306 3537 3867 3599">
     <span class='ocr_line' id='line_1_111' title="bbox 2306 3537 3867 3599; baseline -0.003 -9"><span class='ocrx_word' id='word_1_827' title='bbox 2306 3539 2470 3590; x_wconf 88' lang='lat' dir='ltr'><strong>sentit</strong></span> <span class='ocrx_word' id='word_1_828' title='bbox 2513 3546 2702 3589; x_wconf 89' lang='lat' dir='ltr'><strong>auctor</strong></span> <span class='ocrx_word' id='word_1_829' title='bbox 2743 3537 2975 3590; x_wconf 75' lang='lat' dir='ltr'><strong>liomilite</strong></span> <span class='ocrx_word' id='word_1_830' title='bbox 3033 3552 3152 3599; x_wconf 80' lang='lat' dir='ltr'><strong>quae</strong></span> <span class='ocrx_word' id='word_1_831' title='bbox 3197 3545 3340 3591; x_wconf 87' lang='lat' dir='ltr'><strong>hunc</strong></span> <span class='ocrx_word' id='word_1_832' title='bbox 3393 3541 3567 3593; x_wconf 87' lang='lat' dir='ltr'><strong>habet</strong></span> <span class='ocrx_word' id='word_1_833' title='bbox 3633 3537 3867 3591; x_wconf 79' lang='lat' dir='ltr'><strong>tilulum&#39;</strong></span> 
     </span>
    </p>
   </div>
   <div class='ocr_carea' id='block_1_111' title="bbox 2312 3605 3866 3676">
    <p class='ocr_par' dir='ltr' id='par_1_111' title="bbox 2312 3605 3866 3676">
     <span class='ocr_line' id='line_1_112' title="bbox 2312 3605 3866 3676; baseline -0.002 -19"><span class='ocrx_word' id='word_1_834' title='bbox 2312 3623 2330 3657; x_wconf 88' lang='grc' dir='ltr'><strong>ι</strong></span> <span class='ocrx_word' id='word_1_835' title='bbox 2375 3605 2525 3672; x_wconf 86' lang='lat' dir='ltr'><strong>Quod</strong></span> <span class='ocrx_word' id='word_1_836' title='bbox 2553 3607 2712 3676; x_wconf 88' lang='lat' dir='ltr'><strong>homo</strong></span> <span class='ocrx_word' id='word_1_837' title='bbox 2740 3607 3024 3675; x_wconf 85' lang='lat' dir='ltr'><strong>imaginem</strong></span> <span class='ocrx_word' id='word_1_838' title='bbox 3056 3607 3144 3659; x_wconf 89' lang='lat' dir='ltr'><strong>Dei</strong></span> <span class='ocrx_word' id='word_1_839' title='bbox 3179 3622 3274 3675; x_wconf 90' lang='lat' dir='ltr'><strong>per</strong></span> <span class='ocrx_word' id='word_1_840' title='bbox 3301 3621 3594 3676; x_wconf 88' lang='lat' dir='ltr'><strong>peccatum</strong></span> <span class='ocrx_word' id='word_1_841' title='bbox 3624 3606 3823 3676; x_wconf 81' lang='lat' dir='ltr'><strong>abiecit.</strong></span> <span class='ocrx_word' id='word_1_842' title='bbox 3850 3621 3866 3653; x_wconf 87' lang='lat' dir='ltr'><strong>i</strong></span> 
     </span>
    </p>
   </div>
   <div class='ocr_carea' id='block_1_112' title="bbox 2309 3674 3871 3743">
    <p class='ocr_par' dir='ltr' id='par_1_112' title="bbox 2309 3674 3871 3743">
     <span class='ocr_line' id='line_1_113' title="bbox 2309 3674 3871 3743; baseline 0 -14"><span class='ocrx_word' id='word_1_843' title='bbox 2309 3676 2506 3729; x_wconf 88' lang='lat' dir='ltr'><strong>Eadem</strong></span> <span class='ocrx_word' id='word_1_844' title='bbox 2540 3675 2614 3728; x_wconf 92' lang='lat' dir='ltr'><strong>illi</strong></span> <span class='ocrx_word' id='word_1_845' title='bbox 2645 3674 2869 3737; x_wconf 83' lang='lat' dir='ltr'><strong>Patres,</strong></span> <span class='ocrx_word' id='word_1_846' title='bbox 2902 3679 2990 3743; x_wconf 86' lang='lat' dir='ltr'><strong>qui</strong></span> <span class='ocrx_word' id='word_1_847' title='bbox 3026 3680 3076 3729; x_wconf 92' lang='lat' dir='ltr'><strong>in</strong></span> <span class='ocrx_word' id='word_1_848' title='bbox 3110 3674 3313 3730; x_wconf 82' lang='lat' dir='ltr'><strong>virtute</strong></span> <span class='ocrx_word' id='word_1_849' title='bbox 3337 3683 3508 3731; x_wconf 87' lang='lat' dir='ltr'><strong>sitam</strong></span> <span class='ocrx_word' id='word_1_850' title='bbox 3558 3674 3742 3731; x_wconf 88' lang='lat' dir='ltr'><strong>volunt</strong></span> <span class='ocrx_word' id='word_1_851' title='bbox 3773 3674 3871 3742; x_wconf 82' lang='lat' dir='ltr'><strong>ejus</strong></span> 
     </span>
    </p>
   </div>
   <div class='ocr_carea' id='block_1_113' title="bbox 2307 3746 3876 3817">
    <p class='ocr_par' dir='ltr' id='par_1_113' title="bbox 2307 3746 3876 3817">
     <span class='ocr_line' id='line_1_114' title="bbox 2307 3746 3876 3817; baseline 0.001 -19"><span class='ocrx_word' id='word_1_852' title='bbox 2307 3746 2597 3817; x_wconf 9' lang='lat' dir='ltr'><strong>iiiiaginisg</strong></span> <span class='ocrx_word' id='word_1_853' title='bbox 2638 3747 2933 3799; x_wconf 90' lang='lat' dir='ltr'><strong>notionem.</strong></span> <span class='ocrx_word' id='word_1_854' title='bbox 3001 3747 3195 3817; x_wconf 81' lang='lat' dir='ltr'><strong>Eadem</strong></span> <span class='ocrx_word' id='word_1_855' title='bbox 3245 3749 3597 3817; x_wconf 79' lang='lat' dir='ltr'><strong>Augustinus</strong></span> <span class='ocrx_word' id='word_1_856' title='bbox 3661 3749 3790 3802; x_wconf 89' lang='lat' dir='ltr'><strong>libro</strong></span> <span class='ocrx_word' id='word_1_857' title='bbox 3831 3757 3876 3817; x_wconf 53' lang='grc' dir='ltr'><strong>γι</strong></span> 
     </span>
    </p>
   </div>
   <div class='ocr_carea' id='block_1_114' title="bbox 2313 3812 3875 3887">
    <p class='ocr_par' dir='ltr' id='par_1_114' title="bbox 2313 3812 3875 3887">
     <span class='ocr_line' id='line_1_115' title="bbox 2313 3812 3875 3887; baseline 0.002 -22"><span class='ocrx_word' id='word_1_858' title='bbox 2313 3815 2384 3887; x_wconf 71' lang='lat' dir='ltr'><strong>l_)e</strong></span> <span class='ocrx_word' id='word_1_859' title='bbox 2413 3812 2600 3868; x_wconf 82' lang='lat' dir='ltr'><strong>Genesi</strong></span> <span class='ocrx_word' id='word_1_860' title='bbox 2631 3818 2702 3887; x_wconf 11' lang='lat' dir='ltr'><strong>ad,</strong></span> <span class='ocrx_word' id='word_1_861' title='bbox 2731 3817 2980 3882; x_wconf 75' lang='lat' dir='ltr'><strong>litteram,</strong></span> <span class='ocrx_word' id='word_1_862' title='bbox 3009 3816 3226 3887; x_wconf 72' lang='lat' dir='ltr'><strong>cap.27</strong></span> <span class='ocrx_word' id='word_1_863' title='bbox 3257 3827 3312 3870; x_wconf 93' lang='lat' dir='ltr'><strong>et</strong></span> <span class='ocrx_word' id='word_1_864' title='bbox 3334 3812 3438 3873; x_wconf 53' lang='lat'><strong>&#39;28.</strong></span> <span class='ocrx_word' id='word_1_865' title='bbox 3467 3819 3659 3887; x_wconf 84' lang='lat' dir='ltr'><strong>Neque</strong></span> <span class='ocrx_word' id='word_1_866' title='bbox 3687 3812 3875 3887; x_wconf 80' lang='lat' dir='ltr'><strong>veroin</strong></span> 
     </span>
    </p>
   </div>
   <div class='ocr_carea' id='block_1_115' title="bbox 2310 3882 3877 3954">
    <p class='ocr_par' dir='ltr' id='par_1_115' title="bbox 2310 3882 3877 3954">
     <span class='ocr_line' id='line_1_116' title="bbox 2310 3882 3877 3954; baseline 0.004 -18"><span class='ocrx_word' id='word_1_867' title='bbox 2310 3882 2803 3949; x_wconf 74' lang='lat' dir='ltr'><strong>Retractaiionibus,</strong></span> <span class='ocrx_word' id='word_1_868' title='bbox 2844 3901 2966 3954; x_wconf 88' lang='lat' dir='ltr'><strong>cap.</strong></span> <span class='ocrx_word' id='word_1_869' title='bbox 3002 3882 3096 3948; x_wconf 59' lang='grc' dir='ltr'>Ἡ,</span> <span class='ocrx_word' id='word_1_870' title='bbox 3132 3886 3324 3940; x_wconf 79' lang='lat' dir='ltr'><strong>falsum</strong></span> <span class='ocrx_word' id='word_1_871' title='bbox 3374 3882 3609 3942; x_wconf 75' lang='lat' dir='ltr'><strong>omnino</strong></span> <span class='ocrx_word' id='word_1_872' title='bbox 3639 3903 3757 3942; x_wconf 86' lang='lat' dir='ltr'><strong>esse</strong></span> <span class='ocrx_word' id='word_1_873' title='bbox 3785 3885 3877 3942; x_wconf 79' lang='lat' dir='ltr'><strong>ait.</strong></span> 
     </span>
    </p>
   </div>
   <div class='ocr_carea' id='block_1_116' title="bbox 2308 3955 3874 4023">
    <p class='ocr_par' dir='ltr' id='par_1_116' title="bbox 2308 3955 3874 4023">
     <span class='ocr_line' id='line_1_117' title="bbox 2308 3955 3874 4023; baseline 0.001 -18"><span class='ocrx_word' id='word_1_874' title='bbox 2308 3955 2450 4022; x_wconf 90' lang='lat' dir='ltr'><strong>quod</strong></span> <span class='ocrx_word' id='word_1_875' title='bbox 2487 3955 2558 4008; x_wconf 93' lang='lat' dir='ltr'><strong>ibi</strong></span> <span class='ocrx_word' id='word_1_876' title='bbox 2600 3955 2931 4023; x_wconf 86' lang='lat' dir='ltr'><strong>scripserat,</strong></span> <span class='ocrx_word' id='word_1_877' title='bbox 2973 3971 3038 4010; x_wconf 92' lang='lat' dir='ltr'><strong>ac</strong></span> <span class='ocrx_word' id='word_1_878' title='bbox 3084 3957 3253 4010; x_wconf 91' lang='lat' dir='ltr'><strong>multo</strong></span> <span class='ocrx_word' id='word_1_879' title='bbox 3309 3961 3503 4012; x_wconf 86' lang='lat' dir='ltr'><strong>minus</strong></span> <span class='ocrx_word' id='word_1_880' title='bbox 3553 3960 3874 4013; x_wconf 66' lang='lat' dir='ltr'><strong>liaereticuui.</strong></span> 
     </span>
    </p>
   </div>
   <div class='ocr_carea' id='block_1_117' title="bbox 2317 4024 3876 4096">
    <p class='ocr_par' dir='ltr' id='par_1_117' title="bbox 2317 4024 3876 4096">
     <span class='ocr_line' id='line_1_118' title="bbox 2317 4024 3876 4096; baseline -0.001 -20"><span class='ocrx_word' id='word_1_881' title='bbox 2317 4043 2334 4075; x_wconf 82' lang='grc' dir='ltr'><strong>ι</strong></span> <span class='ocrx_word' id='word_1_882' title='bbox 2377 4024 2430 4076; x_wconf 91' lang='lat' dir='ltr'><strong>lii</strong></span> <span class='ocrx_word' id='word_1_883' title='bbox 2459 4037 2611 4096; x_wconf 80' lang='lat' dir='ltr'><strong>sexto</strong></span> <span class='ocrx_word' id='word_1_884' title='bbox 2639 4025 2857 4094; x_wconf 84' lang='lat' dir='ltr'><strong>(inquit)</strong></span> <span class='ocrx_word' id='word_1_885' title='bbox 2893 4024 3050 4087; x_wconf 92' lang='lat' dir='ltr'><strong>liliro,</strong></span> <span class='ocrx_word' id='word_1_886' title='bbox 3085 4028 3225 4096; x_wconf 86' lang='lat' dir='ltr'><strong>quod</strong></span> <span class='ocrx_word' id='word_1_887' title='bbox 3258 4029 3396 4093; x_wconf 82' lang='lat' dir='ltr'><strong>dixi,</strong></span> <span class='ocrx_word' id='word_1_888' title='bbox 3438 4047 3459 4080; x_wconf 74' lang='grc' dir='ltr'>ι</span> <span class='ocrx_word' id='word_1_889' title='bbox 3496 4032 3672 4083; x_wconf 84' lang='lat' dir='ltr'><strong>Adam</strong></span> <span class='ocrx_word' id='word_1_890' title='bbox 3705 4024 3876 4092; x_wconf 80' lang='lat' dir='ltr'><strong>imagi—</strong></span> 
     </span>
    </p>
   </div>
   <div class='ocr_carea' id='block_1_118' title="bbox 2312 4094 3878 4167">
    <p class='ocr_par' dir='ltr' id='par_1_118' title="bbox 2312 4094 3878 4167">
     <span class='ocr_line' id='line_1_119' title="bbox 2312 4094 3878 4167; baseline -0.002 -20"><span class='ocrx_word' id='word_1_891' title='bbox 2312 4108 2432 4147; x_wconf 87' lang='lat' dir='ltr'><strong>nem</strong></span> <span class='ocrx_word' id='word_1_892' title='bbox 2477 4094 2598 4159; x_wconf 85' lang='lat' dir='ltr'><strong>Dei,</strong></span> <span class='ocrx_word' id='word_1_893' title='bbox 2633 4098 2925 4167; x_wconf 85' lang='lat' dir='ltr'><strong>secundum</strong></span> <span class='ocrx_word' id='word_1_894' title='bbox 2970 4094 3129 4164; x_wconf 86' lang='lat' dir='ltr'><strong>quam</strong></span> <span class='ocrx_word' id='word_1_895' title='bbox 3179 4095 3352 4152; x_wconf 82' lang='lat' dir='ltr'><strong>lactus</strong></span> <span class='ocrx_word' id='word_1_896' title='bbox 3408 4110 3538 4161; x_wconf 89' lang='lat' dir='ltr'><strong>est,</strong></span> <span class='ocrx_word' id='word_1_897' title='bbox 3597 4097 3878 4167; x_wconf 80' lang='lat' dir='ltr'><strong>perdidisse</strong></span> 
     </span>
    </p>
   </div>
   <div class='ocr_carea' id='block_1_119' title="bbox 2313 4165 3879 4238">
    <p class='ocr_par' dir='ltr' id='par_1_119' title="bbox 2313 4165 3879 4238">
     <span class='ocr_line' id='line_1_120' title="bbox 2313 4165 3879 4238; baseline 0 -22"><span class='ocrx_word' id='word_1_898' title='bbox 2313 4175 2553 4238; x_wconf 81' lang='lat' dir='ltr'><strong>peccato,</strong></span> <span class='ocrx_word' id='word_1_899' title='bbox 2597 4185 2615 4216; x_wconf 74' lang='grc' dir='ltr'>ι</span> <span class='ocrx_word' id='word_1_900' title='bbox 2656 4165 2873 4238; x_wconf 90' lang='lat' dir='ltr'><strong>non_sic</strong></span> <span class='ocrx_word' id='word_1_901' title='bbox 2905 4167 3275 4238; x_wconf 85' lang='lat' dir='ltr'><strong>accipiendum</strong></span> <span class='ocrx_word' id='word_1_902' title='bbox 3303 4177 3413 4230; x_wconf 87' lang='lat' dir='ltr'><strong>est,</strong></span> <span class='ocrx_word' id='word_1_903' title='bbox 3451 4165 3716 4238; x_wconf 82' lang='lat' dir='ltr'><strong>tanquam</strong></span> <span class='ocrx_word' id='word_1_904' title='bbox 3752 4169 3805 4238; x_wconf 77' lang='lat' dir='ltr'><strong>in_</strong></span> <span class='ocrx_word' id='word_1_905' title='bbox 3823 4177 3879 4216; x_wconf 86' lang='lat' dir='ltr'><strong>eo</strong></span> 
     </span>
    </p>
   </div>
   <div class='ocr_carea' id='block_1_120' title="bbox 2312 4233 3878 4305">
    <p class='ocr_par' dir='ltr' id='par_1_120' title="bbox 2312 4233 3878 4305">
     <span class='ocr_line' id='line_1_121' title="bbox 2312 4233 3878 4305; baseline -0.001 -19"><span class='ocrx_word' id='word_1_906' title='bbox 2312 4233 2456 4287; x_wconf 86' lang='lat' dir='ltr'><strong>nulla</strong></span> <span class='ocrx_word' id='word_1_907' title='bbox 2496 4235 2843 4297; x_wconf 86' lang='lat' dir='ltr'><strong>remanserit,</strong></span> <span class='ocrx_word' id='word_1_908' title='bbox 2872 4235 2966 4290; x_wconf 91' lang='lat' dir='ltr'><strong>sed</strong></span> <span class='ocrx_word' id='word_1_909' title='bbox 2992 4233 3132 4305; x_wconf 83' lang='lat' dir='ltr'><strong>quod</strong></span> <span class='ocrx_word' id='word_1_910' title='bbox 3165 4245 3273 4289; x_wconf 86' lang='lat' dir='ltr'><strong>tam</strong></span> <span class='ocrx_word' id='word_1_911' title='bbox 3306 4233 3610 4302; x_wconf 74' lang='lat' dir='ltr'><strong>deformis,</strong></span> <span class='ocrx_word' id='word_1_912' title='bbox 3647 4250 3705 4290; x_wconf 90' lang='lat' dir='ltr'><strong>ut</strong></span> <span class='ocrx_word' id='word_1_913' title='bbox 3728 4235 3878 4289; x_wconf 78' lang='lat' dir='ltr'><strong>refor-</strong></span> 
     </span>
    </p>
   </div>
   <div class='ocr_carea' id='block_1_121' title="bbox 2314 4304 3882 4375">
    <p class='ocr_par' dir='ltr' id='par_1_121' title="bbox 2314 4304 3882 4375">
     <span class='ocr_line' id='line_1_122' title="bbox 2314 4304 3882 4375; baseline 0.003 -21"><span class='ocrx_word' id='word_1_914' title='bbox 2314 4306 2551 4375; x_wconf 86' lang='lat' dir='ltr'><strong>matione</strong></span> <span class='ocrx_word' id='word_1_915' title='bbox 2595 4320 2730 4372; x_wconf 88' lang='lat' dir='ltr'><strong>opus</strong></span> <span class='ocrx_word' id='word_1_916' title='bbox 2779 4304 3023 4375; x_wconf 80' lang='lat' dir='ltr'><strong>haberet.</strong></span> <span class='ocrx_word' id='word_1_917' title='bbox 3073 4304 3190 4359; x_wconf 83' lang='lat' dir='ltr'><strong>Non</strong></span> <span class='ocrx_word' id='word_1_918' title='bbox 3241 4307 3411 4375; x_wconf 85' lang='lat' dir='ltr'><strong>igitur</strong></span> <span class='ocrx_word' id='word_1_919' title='bbox 3450 4308 3513 4362; x_wconf 86' lang='lat' dir='ltr'><strong>in</strong></span> <span class='ocrx_word' id='word_1_920' title='bbox 3559 4310 3687 4363; x_wconf 85' lang='lat' dir='ltr'><strong>lidei</strong></span> <span class='ocrx_word' id='word_1_921' title='bbox 3724 4315 3882 4375; x_wconf 75' lang='lat' dir='ltr'><strong>reten-</strong></span> 
     </span>
    </p>
   </div>
   <div class='ocr_carea' id='block_1_122' title="bbox 2315 4373 3884 4447">
    <p class='ocr_par' dir='ltr' id='par_1_122' title="bbox 2315 4373 3884 4447">
     <span class='ocr_line' id='line_1_123' title="bbox 2315 4373 3884 4447; baseline 0.001 -22"><span class='ocrx_word' id='word_1_922' title='bbox 2315 4373 2458 4428; x_wconf 89' lang='lat' dir='ltr'><strong>tione</strong></span> <span class='ocrx_word' id='word_1_923' title='bbox 2482 4415 2498 4440; x_wconf 96' lang='lat'><strong>,</strong></span> <span class='ocrx_word' id='word_1_924' title='bbox 2533 4373 2988 4447; x_wconf 86' lang='lat' dir='ltr'><strong>contemplatione</strong></span> <span class='ocrx_word' id='word_1_925' title='bbox 3012 4414 3030 4441; x_wconf 89' lang='lat'><strong>,</strong></span> <span class='ocrx_word' id='word_1_926' title='bbox 3086 4373 3379 4447; x_wconf 78' lang='lat' dir='ltr'><strong>dilectione</strong></span> <span class='ocrx_word' id='word_1_927' title='bbox 3402 4418 3419 4441; x_wconf 91' lang='lat'><strong>,</strong></span> <span class='ocrx_word' id='word_1_928' title='bbox 3479 4394 3610 4447; x_wconf 63' lang='lat' dir='ltr'><strong>quae</strong></span> <span class='ocrx_word' id='word_1_929' title='bbox 3649 4394 3748 4431; x_wconf 89' lang='lat' dir='ltr'><strong>non</strong></span> <span class='ocrx_word' id='word_1_930' title='bbox 3794 4373 3884 4447; x_wconf 82' lang='lat' dir='ltr'><strong>erit</strong></span> 
     </span>
    </p>
   </div>
   <div class='ocr_carea' id='block_1_123' title="bbox 2315 4444 3881 4514">
    <p class='ocr_par' dir='ltr' id='par_1_123' title="bbox 2315 4444 3881 4514">
     <span class='ocr_line' id='line_1_124' title="bbox 2315 4444 3881 4514; baseline -0.001 -19"><span class='ocrx_word' id='word_1_931' title='bbox 2315 4457 2551 4513; x_wconf 84' lang='lat' dir='ltr'><strong>semper,</strong></span> <span class='ocrx_word' id='word_1_932' title='bbox 2589 4446 2681 4499; x_wconf 90' lang='lat' dir='ltr'><strong>sed</strong></span> <span class='ocrx_word' id='word_1_933' title='bbox 2728 4444 2780 4514; x_wconf 89' lang='lat' dir='ltr'><strong>in</strong></span> <span class='ocrx_word' id='word_1_934' title='bbox 2816 4458 2917 4510; x_wconf 89' lang='lat' dir='ltr'><strong>eo,</strong></span> <span class='ocrx_word' id='word_1_935' title='bbox 2959 4446 3099 4514; x_wconf 89' lang='lat' dir='ltr'><strong>quod</strong></span> <span class='ocrx_word' id='word_1_936' title='bbox 3147 4461 3366 4514; x_wconf 88' lang='lat' dir='ltr'><strong>semper</strong></span> <span class='ocrx_word' id='word_1_937' title='bbox 3399 4444 3540 4514; x_wconf 74' lang='lat' dir='ltr'><strong>erii,</strong></span> <span class='ocrx_word' id='word_1_938' title='bbox 3582 4444 3881 4514; x_wconf 85' lang='lat' dir='ltr'><strong>invenienda</strong></span> 
     </span>
    </p>
   </div>
   <div class='ocr_carea' id='block_1_124' title="bbox 2315 4513 3888 4584">
    <p class='ocr_par' dir='ltr' id='par_1_124' title="bbox 2315 4513 3888 4584">
     <span class='ocr_line' id='line_1_125' title="bbox 2315 4513 3888 4584; baseline 0 -17"><span class='ocrx_word' id='word_1_939' title='bbox 2315 4523 2417 4576; x_wconf 90' lang='lat' dir='ltr'><strong>est,</strong></span> <span class='ocrx_word' id='word_1_940' title='bbox 2452 4529 2611 4582; x_wconf 84' lang='lat' dir='ltr'><strong>quam</strong></span> <span class='ocrx_word' id='word_1_941' title='bbox 2644 4513 2750 4567; x_wconf 87' lang='lat' dir='ltr'><strong>dici</strong></span> <span class='ocrx_word' id='word_1_942' title='bbox 2782 4513 3028 4580; x_wconf 78' lang='lat' dir='ltr'><strong>oporteat</strong></span> <span class='ocrx_word' id='word_1_943' title='bbox 3058 4513 3346 4584; x_wconf 84' lang='lat' dir='ltr'><strong>imaginem</strong></span> <span class='ocrx_word' id='word_1_944' title='bbox 3385 4513 3531 4572; x_wconf 61' lang='lat' dir='ltr'><strong>Dei.</strong></span> <span class='ocrx_word' id='word_1_945' title='bbox 3562 4539 3583 4571; x_wconf 73' lang='grc' dir='ltr'>ι</span> <span class='ocrx_word' id='word_1_946' title='bbox 3616 4519 3753 4584; x_wconf 80' lang='lat' dir='ltr'><strong>Quin</strong></span> <span class='ocrx_word' id='word_1_947' title='bbox 3787 4513 3888 4567; x_wconf 54' lang='lat' dir='ltr'><strong>Hie</strong></span> 
     </span>
    </p>
   </div>
   <div class='ocr_carea' id='block_1_125' title="bbox 2316 4584 3884 4657">
    <p class='ocr_par' dir='ltr' id='par_1_125' title="bbox 2316 4584 3884 4657">
     <span class='ocr_line' id='line_1_126' title="bbox 2316 4584 3884 4657; baseline 0 -23"><span class='ocrx_word' id='word_1_948' title='bbox 2316 4598 2570 4657; x_wconf 72' lang='lat' dir='ltr'><strong>ronymus</strong></span> <span class='ocrx_word' id='word_1_949' title='bbox 2617 4585 2729 4657; x_wconf 75' lang='lat' dir='ltr'><strong>ipse</strong></span> <span class='ocrx_word' id='word_1_950' title='bbox 2791 4584 2842 4636; x_wconf 93' lang='lat' dir='ltr'><strong>in</strong></span> <span class='ocrx_word' id='word_1_951' title='bbox 2892 4585 3192 4657; x_wconf 10' lang='lat' dir='ltr'><strong>Coriiiment.</strong></span> <span class='ocrx_word' id='word_1_952' title='bbox 3222 4588 3275 4638; x_wconf 87' lang='lat' dir='ltr'><strong>in</strong></span> <span class='ocrx_word' id='word_1_953' title='bbox 3311 4585 3500 4655; x_wconf 76' lang='lat' dir='ltr'><strong>Epist.</strong></span> <span class='ocrx_word' id='word_1_954' title='bbox 3529 4594 3602 4642; x_wconf 81' lang='lat' dir='ltr'><strong>ad</strong></span> <span class='ocrx_word' id='word_1_955' title='bbox 3625 4586 3884 4657; x_wconf 62' lang='lat' dir='ltr'><strong>Ephesios,</strong></span> 
     </span>
    </p>
   </div>
   <div class='ocr_carea' id='block_1_126' title="bbox 2313 4652 3890 4722">
    <p class='ocr_par' dir='ltr' id='par_1_126' title="bbox 2313 4652 3890 4722">
     <span class='ocr_line' id='line_1_127' title="bbox 2313 4652 3890 4722; baseline 0 -18"><span class='ocrx_word' id='word_1_956' title='bbox 2313 4652 2406 4706; x_wconf 90' lang='lat' dir='ltr'><strong>lib.</strong></span> <span class='ocrx_word' id='word_1_957' title='bbox 2438 4668 2477 4716; x_wconf 90' lang='lat' dir='ltr'><strong>i,</strong></span> <span class='ocrx_word' id='word_1_958' title='bbox 2524 4669 2644 4722; x_wconf 86' lang='lat' dir='ltr'><strong>cap.</strong></span> <span class='ocrx_word' id='word_1_959' title='bbox 2671 4652 2726 4719; x_wconf 74' lang='grc'><strong>2,</strong></span> <span class='ocrx_word' id='word_1_960' title='bbox 2757 4668 2879 4722; x_wconf 88' lang='lat' dir='ltr'><strong>pag.</strong></span> <span class='ocrx_word' id='word_1_961' title='bbox 2915 4653 3018 4707; x_wconf 76' lang='lat'><strong>58&#39;2</strong></span> <span class='ocrx_word' id='word_1_962' title='bbox 3038 4657 3124 4710; x_wconf 91' lang='lat' dir='ltr'><strong>ed.</strong></span> <span class='ocrx_word' id='word_1_963' title='bbox 3156 4652 3386 4721; x_wconf 45' lang='lat' dir='ltr'><strong>Veroni,</strong></span> <span class='ocrx_word' id='word_1_964' title='bbox 3431 4660 3636 4713; x_wconf 83' lang='lat' dir='ltr'><strong>eadem</strong></span> <span class='ocrx_word' id='word_1_965' title='bbox 3669 4652 3890 4714; x_wconf 81' lang='lat' dir='ltr'><strong>tradidit,</strong></span> 
     </span>
    </p>
   </div>
   <div class='ocr_carea' id='block_1_127' title="bbox 2315 4724 3892 4798">
    <p class='ocr_par' dir='ltr' id='par_1_127' title="bbox 2315 4724 3892 4798">
     <span class='ocr_line' id='line_1_128' title="bbox 2315 4724 3892 4798; baseline -0.001 -20"><span class='ocrx_word' id='word_1_966' title='bbox 2315 4739 2434 4791; x_wconf 70' lang='lat' dir='ltr'><strong>quae</strong></span> <span class='ocrx_word' id='word_1_967' title='bbox 2478 4724 2733 4798; x_wconf 83' lang='lat' dir='ltr'><strong>Didymus</strong></span> <span class='ocrx_word' id='word_1_968' title='bbox 2770 4727 2872 4798; x_wconf 84' lang='lat' dir='ltr'><strong>hoc</strong></span> <span class='ocrx_word' id='word_1_969' title='bbox 2912 4724 2964 4776; x_wconf 91' lang='lat' dir='ltr'><strong>in</strong></span> <span class='ocrx_word' id='word_1_970' title='bbox 2992 4726 3132 4798; x_wconf 83' lang='lat' dir='ltr'><strong>loco.</strong></span> <span class='ocrx_word' id='word_1_971' title='bbox 3167 4744 3211 4798; x_wconf 16' lang='grc' dir='ltr'><strong>«Α</strong></span> <span class='ocrx_word' id='word_1_972' title='bbox 3239 4726 3489 4798; x_wconf 71' lang='lat' dir='ltr'><strong>Sicsua:</strong></span> <span class='ocrx_word' id='word_1_973' title='bbox 3528 4726 3892 4798; x_wconf 64' lang='lat' dir='ltr'><strong>intelligentia:</strong></span> 
     </span>
    </p>
   </div>
   <div class='ocr_carea' id='block_1_128' title="bbox 2314 4794 3890 4868">
    <p class='ocr_par' dir='ltr' id='par_1_128' title="bbox 2314 4794 3890 4868">
     <span class='ocr_line' id='line_1_129' title="bbox 2314 4794 3890 4868; baseline 0.003 -19"><span class='ocrx_word' id='word_1_974' title='bbox 2314 4796 2588 4862; x_wconf 85' lang='lat' dir='ltr'><strong>coaptabit</strong></span> <span class='ocrx_word' id='word_1_975' title='bbox 2620 4794 2879 4868; x_wconf 65' lang='lat' dir='ltr'><strong>(inquit)</strong></span> <span class='ocrx_word' id='word_1_976' title='bbox 2919 4803 2977 4846; x_wconf 81' lang='lat' dir='ltr'><strong>ut</strong></span> <span class='ocrx_word' id='word_1_977' title='bbox 3010 4796 3155 4868; x_wconf 72' lang='lat' dir='ltr'><strong>dicat</strong></span> <span class='ocrx_word' id='word_1_978' title='bbox 3181 4796 3496 4868; x_wconf 62' lang='lat' dir='ltr'><strong>hominem</strong></span> <span class='ocrx_word' id='word_1_979' title='bbox 3523 4799 3687 4868; x_wconf 80' lang='lat' dir='ltr'><strong>juxta</strong></span> <span class='ocrx_word' id='word_1_980' title='bbox 3717 4794 3890 4861; x_wconf 69' lang='lat' dir='ltr'><strong>imagi-</strong></span> 
     </span>
    </p>
   </div>
   <div class='ocr_carea' id='block_1_129' title="bbox 2317 4863 3892 4934">
    <p class='ocr_par' dir='ltr' id='par_1_129' title="bbox 2317 4863 3892 4934">
     <span class='ocr_line' id='line_1_130' title="bbox 2317 4863 3892 4934; baseline 0.003 -18"><span class='ocrx_word' id='word_1_981' title='bbox 2317 4879 2438 4916; x_wconf 89' lang='lat' dir='ltr'><strong>nem</strong></span> <span class='ocrx_word' id='word_1_982' title='bbox 2484 4874 2538 4919; x_wconf 90' lang='lat' dir='ltr'><strong>et</strong></span> <span class='ocrx_word' id='word_1_983' title='bbox 2587 4865 2990 4918; x_wconf 88' lang='lat' dir='ltr'><strong>similitudinem</strong></span> <span class='ocrx_word' id='word_1_984' title='bbox 3042 4863 3135 4918; x_wconf 90' lang='lat' dir='ltr'><strong>Dei</strong></span> <span class='ocrx_word' id='word_1_985' title='bbox 3176 4865 3380 4919; x_wconf 81' lang='lat' dir='ltr'><strong>factum</strong></span> <span class='ocrx_word' id='word_1_986' title='bbox 3410 4906 3429 4932; x_wconf 94' lang='lat'><strong>,</strong></span> <span class='ocrx_word' id='word_1_987' title='bbox 3486 4863 3742 4923; x_wconf 72' lang='lat' dir='ltr'><strong>eamdem</strong></span> <span class='ocrx_word' id='word_1_988' title='bbox 3785 4869 3892 4934; x_wconf 66' lang='lat' dir='ltr'><strong>post</strong></span> 
     </span>
    </p>
   </div>
   <div class='ocr_carea' id='block_1_130' title="bbox 2316 4935 3894 5008">
    <p class='ocr_par' dir='ltr' id='par_1_130' title="bbox 2316 4935 3894 5008">
     <span class='ocr_line' id='line_1_131' title="bbox 2316 4935 3894 5008; baseline -0.001 -22"><span class='ocrx_word' id='word_1_989' title='bbox 2316 4935 2810 5008; x_wconf 84' lang='lat' dir='ltr'><strong>reconciliationem</strong></span> <span class='ocrx_word' id='word_1_990' title='bbox 2836 4937 3062 5008; x_wconf 79' lang='lat' dir='ltr'><strong>formam</strong></span> <span class='ocrx_word' id='word_1_991' title='bbox 3091 4945 3472 5008; x_wconf 82' lang='lat' dir='ltr'><strong>recepturum,</strong></span> <span class='ocrx_word' id='word_1_992' title='bbox 3500 4955 3675 5008; x_wconf 90' lang='lat' dir='ltr'><strong>quam</strong></span> <span class='ocrx_word' id='word_1_993' title='bbox 3696 4949 3750 4992; x_wconf 89' lang='lat' dir='ltr'><strong>et</strong></span> <span class='ocrx_word' id='word_1_994' title='bbox 3769 4949 3894 4990; x_wconf 87' lang='lat' dir='ltr'><strong>nunc</strong></span> 
     </span>
    </p>
   </div>
   <div class='ocr_carea' id='block_1_131' title="bbox 2316 5004 3895 5075">
    <p class='ocr_par' dir='ltr' id='par_1_131' title="bbox 2316 5004 3895 5075">
     <span class='ocr_line' id='line_1_132' title="bbox 2316 5004 3895 5075; baseline 0.001 -21"><span class='ocrx_word' id='word_1_995' title='bbox 2316 5006 2492 5075; x_wconf 75' lang='lat' dir='ltr'><strong>angeli</strong></span> <span class='ocrx_word' id='word_1_996' title='bbox 2535 5005 2774 5070; x_wconf 89' lang='lat' dir='ltr'><strong>habent,</strong></span> <span class='ocrx_word' id='word_1_997' title='bbox 2812 5013 2868 5056; x_wconf 92' lang='lat' dir='ltr'><strong>et</strong></span> <span class='ocrx_word' id='word_1_998' title='bbox 2913 5004 3027 5071; x_wconf 90' lang='lat' dir='ltr'><strong>ipse</strong></span> <span class='ocrx_word' id='word_1_999' title='bbox 3062 5005 3382 5072; x_wconf 84' lang='lat' dir='ltr'><strong>perdiderit.</strong></span> <span class='ocrx_word' id='word_1_1000' title='bbox 3443 5028 3465 5060; x_wconf 72' lang='grc' dir='ltr'>ι</span> <span class='ocrx_word' id='word_1_1001' title='bbox 3511 5004 3693 5075; x_wconf 77' lang='lat' dir='ltr'><strong>Quem</strong></span> <span class='ocrx_word' id='word_1_1002' title='bbox 3738 5008 3895 5060; x_wconf 88' lang='lat' dir='ltr'><strong>locum</strong></span> 
     </span>
    </p>
   </div>
   <div class='ocr_carea' id='block_1_132' title="bbox 2320 5073 3896 5146">
    <p class='ocr_par' dir='ltr' id='par_1_132' title="bbox 2320 5073 3896 5146">
     <span class='ocr_line' id='line_1_133' title="bbox 2320 5073 3896 5146; baseline 0.004 -23"><span class='ocrx_word' id='word_1_1003' title='bbox 2320 5073 2643 5146; x_wconf 81' lang='lat' dir='ltr'><strong>l_l_ieronymo</strong></span> <span class='ocrx_word' id='word_1_1004' title='bbox 2683 5075 3233 5146; x_wconf 35' lang='lat' dir='ltr'><strong>exprobrat‘lliitinus</strong></span> <span class='ocrx_word' id='word_1_1005' title='bbox 3262 5075 3363 5146; x_wconf 92' lang='lat' dir='ltr'><strong>lib.</strong></span> <span class='ocrx_word' id='word_1_1006' title='bbox 3418 5093 3437 5131; x_wconf 93' lang='grc' dir='ltr'>ι</span> <span class='ocrx_word' id='word_1_1007' title='bbox 3493 5073 3692 5133; x_wconf 79' lang='lat' dir='ltr'><strong>contra</strong></span> <span class='ocrx_word' id='word_1_1008' title='bbox 3743 5080 3896 5146; x_wconf 83' lang='lat' dir='ltr'><strong>ipsmn</strong></span> 
     </span>
    </p>
   </div>
   <div class='ocr_carea' id='block_1_133' title="bbox 2319 5141 3899 5216">
    <p class='ocr_par' dir='ltr' id='par_1_133' title="bbox 2319 5141 3899 5216">
     <span class='ocr_line' id='line_1_134' title="bbox 2319 5141 3899 5216; baseline 0 -21"><span class='ocrx_word' id='word_1_1009' title='bbox 2319 5141 2721 5212; x_wconf 66' lang='lat' dir='ltr'><strong>Hieronymum,</strong></span> <span class='ocrx_word' id='word_1_1010' title='bbox 2752 5141 2899 5216; x_wconf 80' lang='lat' dir='ltr'><strong>iiuui.</strong></span> <span class='ocrx_word' id='word_1_1011' title='bbox 2943 5141 3033 5196; x_wconf 80' lang='lat'><strong>59.</strong></span> <span class='ocrx_word' id='word_1_1012' title='bbox 3066 5142 3293 5216; x_wconf 74' lang='lat' dir='ltr'><strong>Demuui</strong></span> <span class='ocrx_word' id='word_1_1013' title='bbox 3323 5145 3389 5199; x_wconf 87' lang='lat' dir='ltr'><strong>S.</strong></span> <span class='ocrx_word' id='word_1_1014' title='bbox 3418 5148 3605 5216; x_wconf 87' lang='lat' dir='ltr'><strong>Zeno,</strong></span> <span class='ocrx_word' id='word_1_1015' title='bbox 3644 5141 3899 5216; x_wconf 72' lang='lat' dir='ltr'><strong>Verdnen-</strong></span> 
     </span>
    </p>
   </div>
   <div class='ocr_carea' id='block_1_134' title="bbox 2319 5212 3896 5282">
    <p class='ocr_par' dir='ltr' id='par_1_134' title="bbox 2319 5212 3896 5282">
     <span class='ocr_line' id='line_1_135' title="bbox 2319 5212 3896 5282; baseline -0.002 -15"><span class='ocrx_word' id='word_1_1016' title='bbox 2319 5216 2456 5267; x_wconf 90' lang='lat' dir='ltr'><strong>siiim</strong></span> <span class='ocrx_word' id='word_1_1017' title='bbox 2490 5218 2796 5282; x_wconf 77' lang='lat' dir='ltr'><strong>episCOpus,</strong></span> <span class='ocrx_word' id='word_1_1018' title='bbox 2827 5212 2920 5266; x_wconf 91' lang='lat' dir='ltr'><strong>lib.</strong></span> <span class='ocrx_word' id='word_1_1019' title='bbox 2952 5228 3015 5278; x_wconf 91' lang='lat' dir='ltr'><strong>ii,</strong></span> <span class='ocrx_word' id='word_1_1020' title='bbox 3049 5222 3208 5268; x_wconf 82' lang='lat' dir='ltr'><strong>tract.</strong></span> <span class='ocrx_word' id='word_1_1021' title='bbox 3237 5214 3325 5282; x_wconf 82' lang='lat' dir='ltr'><strong>l9,</strong></span> <span class='ocrx_word' id='word_1_1022' title='bbox 3357 5224 3572 5274; x_wconf 84' lang='lat' dir='ltr'><strong>eodem</strong></span> <span class='ocrx_word' id='word_1_1023' title='bbox 3592 5212 3724 5274; x_wconf 65' lang='lat' dir='ltr'><strong>iere</strong></span> <span class='ocrx_word' id='word_1_1024' title='bbox 3754 5213 3896 5269; x_wconf 87' lang='lat' dir='ltr'><strong>modo</strong></span> 
     </span>
    </p>
   </div>
   <div class='ocr_carea' id='block_1_135' title="bbox 2319 5282 3008 5352">
    <p class='ocr_par' dir='ltr' id='par_1_135' title="bbox 2319 5282 3008 5352">
     <span class='ocr_line' id='line_1_136' title="bbox 2319 5282 3008 5352; baseline -0.001 -15"><span class='ocrx_word' id='word_1_1025' title='bbox 2319 5285 2556 5350; x_wconf 89' lang='lat' dir='ltr'><strong>loquitur</strong></span> <span class='ocrx_word' id='word_1_1026' title='bbox 2583 5298 2690 5351; x_wconf 93' lang='lat' dir='ltr'><strong>quo</strong></span> <span class='ocrx_word' id='word_1_1027' title='bbox 2731 5282 3008 5352; x_wconf 85' lang='lat' dir='ltr'><strong>Didymus.</strong></span> 
     </span>
    </p>
   </div>
   <div class='ocr_carea' id='block_1_136' title="bbox 2389 5352 3901 5423">
    <p class='ocr_par' dir='ltr' id='par_1_136' title="bbox 2389 5352 3901 5423">
     <span class='ocr_line' id='line_1_137' title="bbox 2389 5352 3901 5423; baseline 0 -17"><span class='ocrx_word' id='word_1_1028' title='bbox 2389 5352 2502 5423; x_wconf 85' lang='lat'><strong>(66)</strong></span> <span class='ocrx_word' id='word_1_1029' title='bbox 2562 5352 3295 5423; x_wconf 78' lang='lat' dir='ltr'><strong>Potestate._&#39;l‘ertullianus,</strong></span> <span class='ocrx_word' id='word_1_1030' title='bbox 3347 5354 3504 5413; x_wconf 88' lang='lat' dir='ltr'><strong>libro</strong></span> <span class='ocrx_word' id='word_1_1031' title='bbox 3565 5375 3603 5414; x_wconf 90' lang='lat' dir='ltr'><strong>ii</strong></span> <span class='ocrx_word' id='word_1_1032' title='bbox 3670 5360 3901 5412; x_wconf 75' lang='lat' dir='ltr'><strong>adversus</strong></span> 
     </span>
    </p>
   </div>
   <div class='ocr_carea' id='block_1_137' title="bbox 2320 5421 3903 5501">
    <p class='ocr_par' dir='ltr' id='par_1_137' title="bbox 2320 5421 3903 5501">
     <span class='ocr_line' id='line_1_138' title="bbox 2320 5421 3903 5501; baseline -0.002 -24"><span class='ocrx_word' id='word_1_1033' title='bbox 2320 5421 2808 5501; x_wconf 63' lang='lat' dir='ltr'><strong>Mureioiiem,_cap.</strong></span> <span class='ocrx_word' id='word_1_1034' title='bbox 2846 5421 2968 5501; x_wconf 29' lang='grc' dir='ltr'><strong>ἕξει(</strong></span> <span class='ocrx_word' id='word_1_1035' title='bbox 2994 5424 3285 5501; x_wconf 63' lang='lat' dir='ltr'><strong>Oportebat</strong></span> <span class='ocrx_word' id='word_1_1036' title='bbox 3315 5429 3593 5501; x_wconf 78' lang='lat' dir='ltr'><strong>(inquit)</strong></span> <span class='ocrx_word' id='word_1_1037' title='bbox 3629 5431 3903 5499; x_wconf 84' lang='lat' dir='ltr'><strong>imaginem</strong></span> 
     </span>
    </p>
   </div>
   <div class='ocr_carea' id='block_1_138' title="bbox 2321 5493 3905 5568">
    <p class='ocr_par' dir='ltr' id='par_1_138' title="bbox 2321 5493 3905 5568">
     <span class='ocr_line' id='line_1_139' title="bbox 2321 5493 3905 5568; baseline 0.003 -22"><span class='ocrx_word' id='word_1_1038' title='bbox 2321 5505 2375 5546; x_wconf 90' lang='lat' dir='ltr'><strong>et</strong></span> <span class='ocrx_word' id='word_1_1039' title='bbox 2408 5493 2810 5568; x_wconf 84' lang='lat' dir='ltr'><strong>similitudinem</strong></span> <span class='ocrx_word' id='word_1_1040' title='bbox 2857 5495 2986 5556; x_wconf 87' lang='lat' dir='ltr'><strong>Dei,</strong></span> <span class='ocrx_word' id='word_1_1041' title='bbox 3016 5495 3169 5568; x_wconf 85' lang='lat' dir='ltr'><strong>liberi</strong></span> <span class='ocrx_word' id='word_1_1042' title='bbox 3210 5493 3478 5562; x_wconf 56' lang='lat' dir='ltr'><strong>arbitrii&#39;,</strong></span> <span class='ocrx_word' id='word_1_1043' title='bbox 3525 5493 3585 5554; x_wconf 76' lang='lat' dir='ltr'><strong>et</strong></span> <span class='ocrx_word' id='word_1_1044' title='bbox 3624 5493 3905 5568; x_wconf 57' lang='lat' dir='ltr'><strong>suas&#39;pole-</strong></span> 
     </span>
    </p>
   </div>
   <div class='ocr_carea' id='block_1_139' title="bbox 2320 5565 3902 5639">
    <p class='ocr_par' dir='ltr' id='par_1_139' title="bbox 2320 5565 3902 5639">
     <span class='ocr_line' id='line_1_140' title="bbox 2320 5565 3902 5639; baseline -0.001 -22"><span class='ocrx_word' id='word_1_1045' title='bbox 2320 5566 2474 5639; x_wconf 76' lang='lat' dir='ltr'><strong>Statis</strong></span> <span class='ocrx_word' id='word_1_1046' title='bbox 2497 5565 2756 5639; x_wconf 34' lang='lat' dir='ltr'><strong>‘institui,</strong></span> <span class='ocrx_word' id='word_1_1047' title='bbox 2793 5565 2844 5616; x_wconf 92' lang='lat' dir='ltr'><strong>in</strong></span> <span class='ocrx_word' id='word_1_1048' title='bbox 2879 5579 2984 5632; x_wconf 88' lang='lat' dir='ltr'><strong>qua</strong></span> <span class='ocrx_word' id='word_1_1049' title='bbox 3022 5568 3122 5639; x_wconf 87' lang='lat' dir='ltr'><strong>hoc</strong></span> <span class='ocrx_word' id='word_1_1050' title='bbox 3152 5567 3350 5639; x_wconf 83' lang='lat' dir='ltr'><strong>ipsum,</strong></span> <span class='ocrx_word' id='word_1_1051' title='bbox 3389 5569 3590 5639; x_wconf 79' lang='lat' dir='ltr'><strong>imago</strong></span> <span class='ocrx_word' id='word_1_1052' title='bbox 3633 5583 3689 5624; x_wconf 89' lang='lat' dir='ltr'><strong>et</strong></span> <span class='ocrx_word' id='word_1_1053' title='bbox 3722 5565 3902 5622; x_wconf 80' lang='lat' dir='ltr'><strong>simili-</strong></span> 
     </span>
    </p>
   </div>
   <div class='ocr_carea' id='block_1_140' title="bbox 2323 5634 3906 5702">
    <p class='ocr_par' dir='ltr' id='par_1_140' title="bbox 2323 5634 3906 5702">
     <span class='ocr_line' id='line_1_141' title="bbox 2323 5634 3906 5702; baseline 0.001 -17"><span class='ocrx_word' id='word_1_1054' title='bbox 2323 5636 2451 5687; x_wconf 88' lang='lat' dir='ltr'><strong>tudo</strong></span> <span class='ocrx_word' id='word_1_1055' title='bbox 2494 5634 2586 5688; x_wconf 88' lang='lat' dir='ltr'><strong>Dei</strong></span> <span class='ocrx_word' id='word_1_1056' title='bbox 2618 5636 2986 5702; x_wconf 89' lang='lat' dir='ltr'><strong>dcpntaretur,</strong></span> <span class='ocrx_word' id='word_1_1057' title='bbox 3038 5636 3249 5689; x_wconf 86' lang='lat' dir='ltr'><strong>arbitrii</strong></span> <span class='ocrx_word' id='word_1_1058' title='bbox 3300 5634 3545 5694; x_wconf 60' lang='lat' dir='ltr'><strong>scilicei</strong></span> <span class='ocrx_word' id='word_1_1059' title='bbox 3590 5644 3817 5695; x_wconf 75' lang='lat' dir='ltr'><strong>libertas</strong></span> <span class='ocrx_word' id='word_1_1060' title='bbox 3858 5642 3906 5688; x_wconf 82' lang='lat' dir='ltr'><strong>et</strong></span> 
     </span>
    </p>
   </div>
   <div class='ocr_carea' id='block_1_141' title="bbox 2321 5708 3901 5778">
    <p class='ocr_par' dir='ltr' id='par_1_141' title="bbox 2321 5708 3901 5778">
     <span class='ocr_line' id='line_1_142' title="bbox 2321 5708 3901 5778; baseline 0.003 -20"><span class='ocrx_word' id='word_1_1061' title='bbox 2321 5710 2578 5778; x_wconf 85' lang='lat' dir='ltr'><strong>potestas.</strong></span> <span class='ocrx_word' id='word_1_1062' title='bbox 2617 5723 2637 5757; x_wconf 73' lang='grc' dir='ltr'>ι</span> <span class='ocrx_word' id='word_1_1063' title='bbox 2660 5708 2937 5778; x_wconf 57' lang='lat' dir='ltr'><strong>Caeterum</strong></span> <span class='ocrx_word' id='word_1_1064' title='bbox 2964 5721 3069 5773; x_wconf 89' lang='lat' dir='ltr'><strong>quo</strong></span> <span class='ocrx_word' id='word_1_1065' title='bbox 3095 5721 3253 5760; x_wconf 87' lang='lat' dir='ltr'><strong>sensu</strong></span> <span class='ocrx_word' id='word_1_1066' title='bbox 3283 5711 3629 5778; x_wconf 86' lang='lat' dir='ltr'><strong>accipienda</strong></span> <span class='ocrx_word' id='word_1_1067' title='bbox 3659 5713 3771 5766; x_wconf 89' lang='lat' dir='ltr'><strong>sint</strong></span> <span class='ocrx_word' id='word_1_1068' title='bbox 3794 5722 3901 5778; x_wconf 73' lang='lat' dir='ltr'><strong>quae</strong></span> 
     </span>
    </p>
   </div>
   <div class='ocr_carea' id='block_1_142' title="bbox 2324 5775 3896 5852">
    <p class='ocr_par' dir='ltr' id='par_1_142' title="bbox 2324 5775 3896 5852">
     <span class='ocr_line' id='line_1_143' title="bbox 2324 5775 3896 5852; baseline 0.001 -25"><span class='ocrx_word' id='word_1_1069' title='bbox 2324 5777 2612 5851; x_wconf 28' lang='lat' dir='ltr'><strong>hic‘docet</strong></span> <span class='ocrx_word' id='word_1_1070' title='bbox 2657 5775 2954 5845; x_wconf 87' lang='lat' dir='ltr'><strong>Didymus,</strong></span> <span class='ocrx_word' id='word_1_1071' title='bbox 3005 5778 3041 5831; x_wconf 88' lang='lat' dir='ltr'><strong>ii</strong></span> <span class='ocrx_word' id='word_1_1072' title='bbox 3075 5788 3306 5841; x_wconf 86' lang='lat' dir='ltr'><strong>norunt,</strong></span> <span class='ocrx_word' id='word_1_1073' title='bbox 3356 5775 3462 5848; x_wconf 65' lang='grc' dir='ltr'><strong>ιιὑὶ</strong></span> <span class='ocrx_word' id='word_1_1074' title='bbox 3503 5775 3896 5852; x_wconf 62' lang='grc' dir='ltr'>Δυευειίιιίόυ</span> 
     </span>
    </p>
   </div>
  </div>
