4082 6406
607 377 715 436 683

1833 377 2068 433 DIDYMI
2107 377 2571 434 ALEXANDRINI

3719 380 3812 437 683

603 506 769 552 terra.
800 511 820 546 ι
857 493 930 548 De
956 493 1058 548 hac
1095 506 1154 549 re
1179 492 1230 547 iu
1249 491 1455 562 psalmo
1485 491 1644 547 etiam
1675 508 1844 548 xxviii
1875 496 1952 549 sic
1975 494 2151 549 docet:

2264 497 2320 548 ἐν
2351 501 2420 557 ος¹
2447 490 2675 563 ψαλμῷ·
2710 510 2727 543 i
2762 492 2913 562 Φωνὴ
2944 493 3041 563 τῆς
3068 492 3292 564 βροντῆς
3321 509 3412 545 σου
3443 495 3499 546 ἐν
3528 493 3604 564 τῷ
3624 494 3812 567 τροχῷ.

608 606 629 641 α
653 587 769 641 Vox
805 583 1053 649 Domini(
1083 585 1148 656 '6)
1179 600 1336 654 super
1367 586 1527 656 257
1554 599 1744 654 aquas,
1796 587 1934 640 Deus
1976 587 2161 657 gloria:

605 679 741 748 (sive
791 677 1076 744 claritatis)
1139 677 1367 730 intonuit
1407 696 1418 731 :
1458 677 1712 732 Dominus
1773 693 1935 746 super
1987 693 2154 747 aquas

605 770 838 832 multas;
872 789 890 822 ι
928 778 981 824 et
1029 769 1079 821 in
1130 783 1285 822 1.xva
1319 767 1524 836 psalmo
1565 785 1578 822 :
1611 788 1628 819 ι
1659 767 1767 820 Vox
1797 770 2016 822 tonitrui
2045 769 2158 839 (77)

605 862 683 913 tui
715 861 766 913 in
797 868 934 914 rota.
965 859 1259 912 llluxerunt
1297 858 1407 926 (78)
1463 859 1864 912 coruscationes
1896 869 1996 914 tute
2034 859 2153 913 orbi

606 962 766 1007 terra:
794 969 808 1004 :
840 953 972 1004 vidit
1003 962 1052 1005 et
1075 963 1340 1004 commOta
1367 960 1449 1003 est
1475 958 1641 1002 terra.
1674 969 1692 1001 ι
1723 948 1853 1002 Nam
1882 965 1976 1018 per
1997 965 2161 1018 aquas

602 1045 924 1114 baptismum
950 1043 1235 1112 signiﬁcat,
1262 1043 1310 1095 in
1334 1057 1438 1110 quo
1465 1042 1522 1095 lit
1544 1059 1572 1095 a
1601 1043 1990 1106 sacerdotibus,
2015 1043 2154 1096 sicut

601 1136 744 1189 idem
775 1135 981 1190 Psaltes
1027 1135 1194 1197 canit,
1233 1153 1250 1182 ι
1301 1134 1542 1201 Operatio
1593 1132 1754 1186 multa
1803 1131 1946 1202 (79);
1992 1150 2009 1182 ι
2067 1146 2160 1200 per

607 1226 908 1279 tonitruum
965 1233 1176 1287 autem,
1234 1223 1484 1292 baptismi
1555 1225 1782 1289 gratiam
1835 1235 2159 1290 quocunque

603 1317 1007 1392 pertingeutem
1036 1315 1170 1385 (80),
1217 1323 1270 1368 ct
1311 1331 1430 1368 cum
1465 1314 1657 1368 timore
1691 1324 1984 1382 receptam,
2018 1313 2158 1365 indi-

601 1419 710 1472 cat;
760 1423 856 1476 per
907 1417 1075 1462 rotam
1115 1421 1259 1466 vero,
1327 1407 1488 1458 vitam
1573 1404 1888 1462 instabilem.
1926 1418 1988 1456 ac
2024 1401 2157 1456 mire

601 1499 836 1563 variam;
866 1514 962 1568 per
994 1499 1391 1551 coruscatioiies
1440 1506 1640 1560 autem,
1697 1494 1989 1561 spiritalem
2042 1492 2157 1560 pul-

601 1588 954 1644 chritudinem
986 1586 1123 1659 (8|),
1164 1601 1324 1654 quam
1367 1600 1546 1639 coram
1577 1585 1683 1638 Deo
1722 1583 1921 1637 habent
1951 1582 2156 1635 illumi-

604 1680 739 1744 nati,
795 1678 851 1733 id
877 1688 980 1742 est,
1013 1677 1304 1746 baptizati;
1377 1691 1472 1742 per
1525 1677 1932 1729 commotionem
2002 1685 2157 1728 terra:

599 1772 848 1839 denique,
890 1779 1188 1840 promptam
1220 1768 1569 1821 humanitatis
1622 1767 1908 1822 motionem
1956 1767 2009 1820 in
2061 1767 2152 1819 Dei

2267 587 2507 654 Ἔφαναν
2551 586 2607 637 αί
2642 584 2915 655 ἀστραπαί
2971 601 3063 637 σου
3102 586 3166 654 τῇ
3201 585 3490 657 οἰκουμένῃ
3513 602 3527 616 ·
3559 586 3691 652 ἴδεν,
3733 588 3822 644 καὶ

2263 674 2524 744 ἐσαλεύθη
2567 677 2600 744 ἡ
2635 674 2726 743 γῆ.
2765 693 2783 726 i
2817 673 2913 726 Διὰ
2956 674 3052 743 μὲν
3092 674 3198 745 γὰρ
3239 674 3348 726 τῶν
3400 675 3604 729 ὑδάτων
3637 677 3698 729 τὸ
3726 676 3821 745 βά·-

2266 783 2474 836 πτισμα
2515 767 2798 836 σημαίνει,
2851 768 2908 818 ἐν
2955 759 3000 832 ᾧ
3035 766 3240 834 γίνεται
3284 766 3432 838 παρὰ
3463 767 3570 820 τῶν
3610 767 3818 838 ἱερέων.

2262 857 2400 910 καθὰ
2415 857 2690 927 ψαλμῳδεί
2709 859 2734 908 ὁ
2757 857 2935 922 αὐτὸς,
2969 877 2986 907 t
3017 858 3245 928 ἐργασία
3271 859 3434 930 πολλή
3452 877 3500 910 ο»
3531 859 3617 912 διὰ
3637 861 3694 913 δὲ
3726 861 3819 927 τῆς

2263 946 2484 1018 βροντῆς
2535 947 2632 1017 τὴν
2688 946 2960 1016 πανταχοῦ
3004 947 3285 1015 φθὰσασαν
3345 951 3438 1001 καὶ
3486 950 3624 1018 μετὰ
3656 950 3818 1018 φόϐου

2261 1038 2640 1107 ύπώεχθείσαν
2666 1038 2823 1107 χάριν
2859 1037 2950 1091 τοῦ
2985 1037 3353 1108 βαπτίσματος
3379 1040 3670 1092 αἰνίττεται
3695 1057 3708 1070 °
3733 1041 3820 1094 διὰ

2259 1130 2314 1182 δὲ
2369 1129 2461 1181 τοῦ
2509 1129 2702 1202 τροχοῦ
2723 1173 2736 1194 ,
2776 1130 2866 1182 τὸν
2912 1131 3135 1184 ἄστατον
3192 1132 3285 1184 καὶ
3329 1131 3620 1203 ¹ἀλλόκοτον
3663 1133 3777 1202 βίον
3801 1149 3813 1161 ·

2258 1221 2344 1275 διὰ
2382 1221 2437 1273 δέ
2475 1221 2578 1275 τῶν
2604 1221 2915 1291 ἀστραπῶν,
2944 1222 3011 1274 τὰ
3037 1222 3176 1274 κατὰ
3216 1222 3346 1274 Θεὸν
3374 1223 3544 1293 κάλλη
3577 1223 3685 1275 τῶν
3711 1241 3820 1291 φω-

2258 1312 2570 1381 τιζομένων·
2595 1313 2696 1366 sia
2729 1313 2784 1366 δὲ
2813 1313 2906 1365 τού
2945 1313 3261 1383 σαλευθῆναι
3303 1314 3398 1385 τὴν
3447 1314 3552 1382 γῆν
3578 1313 3639 1367 τὸ
3667 1332 3819 1384 κινη-

2259 1402 2413 1472 θῆναι
2462 1405 2558 1456 σὺν
2602 1403 2877 1474 προθυμίᾳ
2913 1403 3010 1474 τὴν
3044 1404 3432 1474 ἀνθρωπότητα
3471 1407 3547 1468 εἰς
3587 1404 3818 1473 θεογνω-

2260 1494 2378 1547 σίαν
2400 1494 2563 1566 δηλοῖ.
2600 1497 2707 1548 Καὶ
2730 1495 2823 1548 τοῦ
2851 1497 3116 1548 Δεσπότου
3155 1495 3209 1548 δὲ
3245 1497 3639 1568 βαπτιζομένου
3669 1499 3726 1550 ἐν
3751 1499 3815 1568 τῇ

2257 1587 2535 1658 οἰκονομίᾳ
2567 1587 2658 1639 ἐπὶ
2681 1586 2757 1657 τῷ
2785 1587 2873 1640 τόν
2899 1589 2954 1639 τε
2981 1587 3264 1658 δράκοντα,
3290 1588 3380 1642 τὸν
3408 1590 3498 1642 ἐπὶ
3520 1592 3632 1651 τοῖς
3661 1589 3817 1643 ὕδασι

2255 1677 2544 1748 δεξάμενον
2574 1678 2663 1730 τὸν
2713 1679 3000 1748 Ἰορδάνην,
3037 1681 3092 1731 ἐν
3124 1678 3199 1749 τῷ
3226 1681 3473 1748 στόματι,
3504 1681 3579 1744 ὼς
3610 1682 3818 1751 ἱστορεῖ

2257 1770 2665 1840 αἰνιγματωδῶς
2691 1771 2720 1822 ὁ
2770 1770 2918 1835 Ἰὼϐ,
2955 1771 3296 1836 θανατῶσαι,
3329 1773 3420 1824 τόν
3455 1789 3512 1824 τε
3550 1772 3816 1844 ἡμέτερον

600 1860 962 1929 cognitionem
1009 1860 1263 1913 declarat.
1308 1860 1437 1911 Dum
1487 1873 1614 1912 vero
1657 1867 1776 1926 post
1810 1856 2144 1910 incarnatio-

2259 1860 2566 1931 ἀποσμῆξαι
2625 1861 2813 1933 ῥύπον,
2879 1864 2971 1915 καὶ
3017 1865 3115 1932 τὴν
3166 1863 3398 1918 παλαιὰν
3463 1865 3815 1935 συγχωρῆσαι

602 1969 723 2007 nem
773 1952 1034 2007 Dominus
1067 1950 1460 2020 baptizabatnr,
1486 1949 1610 2002 dum
1641 1949 1925 2003 draconem
1959 1947 2068 2017 (82)
2101 1949 2152 2000 in

603 2044 762 2113 aquis
805 2043 917 2113 (85)
968 2043 1339 2103 exsistentem,
1375 2040 1776 2110 Jordanemque
1809 2055 1904 2094 ore
1931 2041 2152 2109 capien-

603 2145 735 2199 tem,
766 2145 822 2189 ut
843 2135 1179 2202 tenigmatice
1216 2132 1382 2188 Johns
1433 2142 1638 2197 narrat,
1669 2132 1989 2198 occidebat;
2023 2133 2148 2186 dum

600 2229 789 2282 sordes
823 2238 1035 2280 nostras
1061 2224 1430 2294 abstergebat,
1455 2233 1510 2278 et
1541 2233 1694 2279 vetus
1723 2233 2000 2294 peccatum
2039 2223 2151 2293 (84)

599 2317 926 2381 dimittebat,
975 2315 1136 2386 258
1171 2324 1223 2369 et
1253 2329 1412 2370 suoer
1457 2325 1756 2384 serpentes,
1799 2325 1854 2370 et
1907 2315 2144 2385 scorpio-

669 2518 779 2589 (76)
827 2517 939 2571 Vox
987 2517 1213 2574 Domini.
1256 2519 1391 2573 Psal.
1445 2533 1633 2581 xxvni,
1690 2532 1826 2571 vers.
1882 2518 1935 2571 5.
2001 2517 2152 2571 Hunc

599 2587 775 2642 locum
832 2591 894 2642 ad
938 2589 1196 2655 baptisma
1251 2591 1410 2640 refcrt
1454 2590 1766 2642 Ambrosius
1827 2603 2039 2656 quoque
2092 2589 2144 2640 in

598 2659 734 2712 libro
766 2657 838 2710 De
861 2658 1114 2726 mysteriis
1143 2674 1258 2726 t-iip.
1303 2658 1354 2712 5.

671 2727 782 2796 (77)
834 2725 941 2779 vos
979 2725 1218 2780 tonitrui'.
1254 2726 1394 2780 Psal.
1442 2743 1634 2792 um,
1676 2741 1816 2780 vers.
1862 2726 1924 2779 17
1972 2734 2021 2781 et
2083 2725 2146 2780 18

599 2797 710 2866 (seu
741 2798 806 2851 19
826 2804 862 2862 ).

669 2867 780 2934 (78)
820 2867 1130 2919 “luxerunt.
1182 2867 1287 2919 Aut
1329 2866 1576 2921 librarius
1626 2867 1759 2919 inter
1807 2867 2143 2922 scribendum

599 2936 948 2989 similitudine
999 2951 1185 2990 vocant
1241 2937 1490 3005 deceptus
1541 2953 1604 2990 ex
1660 2934 1866 2990 duobus
1919 2941 2142 2989 duorum

604 3005 931 3076 psalmorum
965 3006 1239 3076 versiculis
1264 3021 1290 3056 a
1330 3005 1814 3076 Didymolortasse
1847 3007 1930 3057 hic
1969 3005 2142 3059 allatis

600 3089 763 3145 tinum
805 3074 964 3132 fecit:
1002 3084 1093 3145 aut
1128 3074 1402 3145 Didyniiiiii
1432 3074 1629 3127 'fel'ellit
1671 3076 1977 3127 earumdem
2027 3091 2144 3129 ver-

599 3143 888 3196 siculorum
921 3143 1237 3197 sniiilitudo.
1275 3144 1531 3197 Nimirum
1589 3145 1638 3196 in
1685 3145 1890 3206 psalmo
1929 3146 2140 3210 quidem

599 3228 780 3284 Limn,
809 3212 906 3284 (sic
965 3213 1195 3284 legitur:
1238 3215 1477 3283 ’Έφαναν
1521 3215 1576 3265 αἰ
1621 3199 1896 3284 ἀστραπαί
1941 3199 2031 3266 σου
2079 3217 2146 3284 τῇ
2174 3199 2215 3256 C

599 3281 889 3354 οἰκουμένῃ
911 3299 925 3312 ’
952 3281 1213 3351 ἐσαλεύθη
1238 3281 1332 3336 καί
1363 3284 1615 3353 ἔντρομος
1640 3281 1867 3353 ἐγενήθη
1908 3285 1934 3353 ιι
1977 3285 2068 3354 γῆ.
2093 3281 2146 3338 id

599 3363 714 3406 est:
749 3371 768 3404 t
809 3353 1096 3406 lll’uxerunt
1125 3356 1521 3407 coruscatioaes
1585 3363 1686 3405 tua:
1741 3361 1892 3422 (si-ii,
1936 3353 2146 3420 {titgiira

603 3432 690 3475 tua
741 3423 761 3493 )
836 3423 1185 3493 orbigterrai:
1228 3433 1490 3476 commota
1532 3432 1632 3482 est,
1659 3433 1707 3475 et
1746 3433 1978 3493 tremens
2009 3425 2146 3476 ficta

599 3502 683 3544 est
716 3491 876 3545 terra.
900 3510 917 3540 ι
959 3491 1012 3544 In
1049 3492 1250 3560 psalmo
1273 3509 1396 3545 vero
1413 3508 1530 3546 xcvi
1557 3533 1571 3556 ,
1606 3505 1746 3560 vers.
1788 3491 1819 3543 4
1852 3509 1865 3544 :
1909 3493 2149 3558 Ἐφαναν

599 3563 664 3636 αξ
676 3561 948 3636 ἀστραπαὶ
969 3558 1131 3636 assos
1156 3564 1218 3632 τῇ
1245 3564 1551 3636 οἰκουμένῃ·
1579 3558 1683 3614 εἶδε
1709 3562 1798 3636 διαὶ
1829 3561 2090 3636 ἐσαλεύθη
2115 3565 2149 3633 ἡ

598 3630 690 3701 γῆ,
725 3630 894 3688 idest:
927 3651 944 3682 t
976 3630 1674 3686 llluxeriintcoruscaiiones
1689 3632 1802 3700 ejus
1821 3633 1935 3686 orbi
1953 3630 2106 3687 terra:
2133 3630 2146 3687 ξ

601 3703 751 3766 v'mit,
788 3711 840 3754 et
877 3712 1140 3755 cummota
1173 3711 1257 3755 est
1286 3711 1446 3755 terra.
1480 3721 1497 3753 i

671 3769 780 3842 (79)
823 3769 1069 3842 Operatio
1106 3772 1290 3826 multa.
1339 3771 1458 3824 Ha’c
1490 3771 1602 3841 ipsa
1629 3770 1802 3842 (verba
1844 3786 1951 3842 non
1990 3771 2150 3825 habet

599 3837 824 3911 Psaltes.
860 3837 1120 3911 Existimo
1156 3852 1328 3911 autem
1384 3842 1477 3911 hic,
1500 3837 1690 3911 respici
1732 3841 2046 3911 versiculum
2081 3842 2150 3895 25

603 3909 791 3980 psalmi
815 3925 924 3971 ενι,
955 3909 1042 3961 ubi
1071 3909 1294 3980 legit_tir:
1320 3909 1603 3972 Ποιοῢντεζ
1633 3911 1891 3980 ἐργασίαν
1916 3912 1972 3962 ἐν
1998 3909 2150 3964 ὕδασι

601 3977 846 4100 πολὶλοῖς,
891 3980 940 4032 id
970 3992 1079 4032 est:
1125 3995 1143 4028 t
1176 3977 1455 4034 Facienies
1493 3977 1854 4048 operationem
1910 3981 1961 4033 in
1999 3982 2152 4050 aquis

602 4063 688 4099 tiiu
716 4059 800 4100 iis.
839 4068 857 4099 ι

602 4052 800 4105 multis.
839 4068 857 4099 ι

675 4117 786 4188 (80)
828 4117 1146 4188 Quocunque
1173 4119 1559 4188 pertingcnlem.
1595 4123 1734 4188 Lege
1766 4133 1932 4184 segni.
1967 4118 2066 4170 123
2099 4121 2146 4172 b.

673 4187 782 4258 (81)
841 4187 1549 4258 Piilchrilndiiiem._Graeca
1603 4187 1792 4257 plurali
1865 4205 2086 4241 numero
2132 4209 2146 4244 :

601 4256 790 4328 κάλλη.
853 4258 1060 4328 Eodem
1110 4257 1268 4310 modo
1324 4256 1751 4328 Chrysostomus
1797 4259 1847 4310 in
1907 4259 2151 4313 oratione

602 4327 768 4396 prima
809 4340 991 4380 cont-ra
1030 4327 1302 4396 Auomwos
1349 4341 1490 4380 anno
1527 4327 1630 4381 386
1672 4327 1846 4380 habita
1903 4332 2066 4395 (tom.
2111 4329 2150 4391 l,

603 4395 720 4467 pag.
755 4396 891 4464 448)
949 4398 1117 4466 inquit
1147 4415 1159 4450 :
1195 4395 1400 4448 Κιόνων
1421 4396 1607 4466 κάλλη.
1628 4398 1677 4450 id
1707 4409 1804 4451 est:
1827 4415 1844 4446 t
1868 4397 2153 4452 Columna-

603 4483 721 4521 rem
750 4468 1220 4530 pulchritudinem.
1261 4485 1279 4516 ι

2258 1954 2563 2024 ἁμαρτίαν,
2615 1955 2708 2006 καὶ
2755 1954 2974 2023 ποιῆσαι
3017 1956 3207 2008 πατεῖν
3250 1956 3435 2008 ἐπάνω
3486 1955 3664 2024 ὄφεων
3721 1958 3815 2009 καὶ

2259 2044 2529 2114 ωιορπίων
2549 2084 2563 2108 ,
2595 2045 2689 2096 καὶ
2722 2046 2814 2097 ἐπὶ
2843 2047 3020 2098 πᾶσαν
3057 2047 3152 2117 τὴν
3194 2046 3420 2116 δύναμιν
3446 2049 3538 2100 τοῦ
3590 2048 3812 2120 ἐχθροῦ,

2257 2135 2372 2206 ἃμα
2395 2135 2450 2188 δὲ
2471 2136 2564 2188 καὶ
2597 2135 2802 2198 διδάξαι
2847 2136 3074 2200 πάντας,
3121 2137 3220 2208 τὴν
3262 2137 3679 2206 παλιγγενεσίαν
3725 2140 3815 2190 ἁν-

2256 2226 2490 2298 θρώποις
2513 2223 2646 2280 εἶναι
2677 2227 2946 2298 σωτηρίαν
2964 2244 2978 2258 ⁸
3007 2228 3188 2299 παρῆν
3211 2229 3268 2281 τὸ
3300 2228 3520 2299 Πνεῦμα
3542 2230 3603 2282 τὸ
3636 2231 3810 2297 ἅγιον.

2253 2317 2328 2380 ὡς
2351 2319 2380 2369 ὁ
2410 2318 2615 2389 Πατήρ.
2655 2317 2712 2371 '0
2757 2319 2854 2389 μὲν
2890 2319 2998 2391 γὰρ
3041 2319 3099 2384 ἐξ
3135 2320 3374 2392 οὐρανῶν
3417 2321 3719 2393 ἐμαρτύρει
3747 2325 3812 2394 τῇ

2260 2515 2452 2571 Norisii
2481 2531 2602 2586 pag.
2635 2516 2756 2572 825.
2789 2516 3101 2585 Quanquam
3134 2517 3276 2571 haud
3306 2518 3439 2571 satis
3467 2517 3644 2582 video,
3679 2535 3812 2583 quo-

2255 2588 2414 2640 modo
2445 2586 2704 2641 catholica
2740 2588 2806 2641 de
2837 2599 3052 2652 peccato
3078 2588 3323 2656 originali
3354 2587 3594 2641 doctrina
3623 2592 3808 2644 conci-

2254 2656 2414 2710 lietur
2453 2672 2571 2709 cum
2619 2657 2858 2710 doctrina
2893 2659 2957 2711 de
2996 2659 3290 2711 animarum
3334 2658 3760 2722 prmexsistentia
3789 2701 3806 2724 ,

2252 2735 2306 2778 et
2362 2726 2594 2794 antiquis
2649 2727 2884 2794 lapsibus
2941 2728 3171 2779 admissa
3223 2729 3289 2779 ab
3339 2727 3591 2796 Origene,
3639 2746 3668 2794 _i
3719 2733 3806 2793 qni

2253 2797 2516 2876 practerita
2557 2797 2610 2849 in
2661 2797 2844 2858 cadis,
2883 2807 2936 2876 et
2974 2797 3188 2876 antiqua
3249 2796 3628 2876 itelictansolvi
3677 2799 3808 2851 dicit

2253 2864 2305 2936 in
2359 2867 2658 2936 baptismo,
2716 2884 2735 2917 ι
2783 2877 2839 2918 ut
2888 2871 2952 2920 de
2996 2864 3118 2932 ipso
3164 2866 3398 2936 loquitur
3447 2864 3805 2936 Hieronymus

2263 2934 2315 2987 in
2376 2935 2520 2989 calce
2561 2935 2895 3001 Dialogorum
2943 2948 3120 2989 contra
3173 2933 3503 2996 Pelagianos.
3543 2933 3802 2990 Sed—mit-

2252 3013 2426 3059 tamus
2484 3003 2790 3072 Origenein.
2841 3005 3093 3075 Didymus
3161 3015 3343 3059 noster
3398 3007 3587 3073 dogma
3643 3007 3804 3059 bocre

2251 3076 2442 3140 sacpius
2499 3075 2723 3137 indicat,
2777 3085 2835 3144 ut
2881 3085 2934 3126 et
2979 3077 3135 3136 paulo
3189 3085 3346 3136 ante,
3395 3084 3448 3128 et
3499 3089 3673 3144 segni.
3728 3076 3796 3129 56

2250 3159 2301 3207 a,
2345 3155 2400 3197 et
2432 3144 2532 3197 175
2564 3160 2616 3204 a,
2656 3155 2704 3198 et
2747 3143 2848 3198 179
2878 3145 2926 3196 b.
2960 3144 3096 3211 Quin
3131 3145 3292 3197 etiam
3344 3144 3468 3198 illud
3513 3143 3578 3196 ad
3631 3149 3800 3199 versi-

2250 3213 2428 3283 culum
2469 3213 2534 3268 18
2570 3229 2688 3279 cap.
2718 3230 2748 3267 χ
2789 3213 2907 3268 Jobi
2957 3220 3099 3283 (pag.
3152 3214 3258 3268 256
3301 3214 3580 3283 cateiiteiii
3609 3213 3799 3267 Jobiini

2251 3297 2278 3332 a
2319 3282 2500 3355 Niceta
2545 3287 2814 3355 collectae)
2851 3281 3126 3355 proﬁtetur
3167 3285 3439 3355 Didymus.
3473 3301 3492 3333 ι
3536 3281 3668 3339 Vide
3705 3302 3797 3335 aii-

2253 3359 2373 3424 tem_
2398 3353 2662 3424 (inquit),
2692 3355 2832 3421 quod
2872 3353 3288 3407 incumbentium
3327 3355 3679 3407 tentationuin
3710 3369 3793 3408 re-

2251 3422 2520 3490 cordatus,
2550 3422 2628 3474 ad'
2647 3426 2870 3490 primam
2899 3424 3154 3476 malorum
3184 3439 3425 3483 causam,
3454 3424 3504 3475 id
3531 3433 3614 3476 est
3643 3439 3797 3476 man-

2249 3489 2358 3543 dati
2415 3489 2926 3559 transgressionem,
2979 3505 3033 3546 et
3071 3509 3132 3546 ex
3188 3494 3533 3560 corruptione
3573 3508 3796 3560 genera-

2250 3561 2448 3630 tionem
2512 3573 2785 3623 recurrat;
2845 3578 3102 3629 nusquam
3162 3571 3342 3615 tamen
3397 3573 3584 3614 contra
3639 3563 3794 3630 primi

2254 3629 2485 3686 hominis
2535 3633 2854 3685 creationem
2925 3633 3262 3700 indignanter
3317 3635 3580 3699 queritur.
3642 3629 3795 3687 Uieri

2251 3710 2379 3776 aera
2409 3711 2462 3754 et
2492 3701 2692 3776 ventris
2726 3701 3045 3776 mentionem
3087 3701 3321 3763 faciens,
3359 3704 3497 3776 quod
3531 3702 3652 3776 vitae
3699 3701 3798 3754 hii-

2244 3771 2332 3839 jiis
2363 3772 2756 3839 corruptionem
2788 3771 3143 3837 experiretur,
3198 3787 3358 3834 grave
3413 3772 3690 3824 existimat
3721 3788 3736 3823 :
3772 3791 3792 3822 ι

2262 3837 2450 3921 Ἡμεῖς
2483 3837 2615 3921 “γᾲρ
2652 3841 2870 3921 ’ἑαυτοῖς
2892 3843 2976 3921 ,τῇ
3027 3841 3329 3921 παραϐάσει
3386 3839 3494 3921 τὴν.
3529 3839 3798 3920 ὀδυνηρὰν

2251 3909 2448 3979 ταύτην
2479 3909 2618 3980 ζωὴν
2649 3909 3179 3980 ἐπεισηγαγόμενζίιί
3210 3921 3316 3965 est:
3353 3929 3370 3961 t
3396 3911 3655 3978 lpsienini
3676 3909 3797 3964 nos-

2253 3980 2507 4047 iiietipsos
2551 3995 2644 4048 per
2670 3984 3142 4046 transgressionem
3181 3980 3230 4031 in
3263 3993 3615 4032 aerumnosam
3655 3981 3795 4048 hanc

2253 4048 2412 4101 vitam
2445 4047 2790 4118 conjeciiniis.
2831 4070 2848 4099 ι
2888 4049 2939 4102 lii
2972 4051 3371 4118 cuiiiiiietitariis
3406 4064 3528 4118 vero
3558 4050 3608 4098 in
3651 4047 3791 4102 Psal-

2253 4132 2365 4169 mtis
2396 4121 2458 4169 ad
2497 4117 2636 4172 vers.
2655 4118 2688 4172 9
2719 4119 2904 4186 psalmi
2933 4135 2994 4173 cx
3027 4137 3037 4171 :
3065 4117 3152 4188 Τῷ
3175 4118 3336 4188 αὑτοῦ
3359 4117 3485 4185 γοῦν
3514 4119 3680 4187 τιμίῳ
3705 4119 3793 4171 αἴ-

2254 4202 2382 4254 ματι
2411 4188 2689 4259 (inquit)...
2733 4188 3108 4259 ἐλυτρώθημεν
3139 4189 3201 4240 ἐκ
3240 4187 3339 4259 τῆς
3379 4189 3794 4258 πατροπαραδό-

2251 4273 2342 4308 του
2377 4258 2718 4328 ἀναστροφῆς
2741 4257 2914 4328 ήμῶν,
2940 4257 3106 4312 idest
3136 4275 3186 4311 :t
3215 4257 3338 4322 Ejus
3371 4257 3528 4326 igitur
3558 4262 3795 4326 pretioso

2253 4330 2529 4394 sanguine.
2560 4367 2572 4380 .
2609 4367 2623 4380 .
2658 4330 2910 4397 redempti
2941 4343 3126 4380 sumtis
3151 4345 3178 4379 a
3211 4329 3555 4397 subversioiie
3585 4337 3792 4393 nostra,

2253 4412 2370 4463 quae
2422 4412 2449 4448 a
2505 4408 2652 4464 patre
2709 4395 2890 4451 nostro
2935 4400 3134 4451 Adamo
3181 4399 3334 4450 nobis
3389 4395 3548 4450 veluti
3597 4399 3792 4451 tradita

2254 4476 2352 4520 est.
2404 4485 2420 4517 i
2463 4466 2682 4520 Deinuin
2727 4469 2779 4519 in
2815 4467 2951 4520 libro
2990 4469 3106 4520 adv.
3163 4467 3478 4534 Manio-limati
3514 4481 3632 4534 pag.
3664 4467 3789 4522 ‘209:

681 4537 792 4604 (82)
835 4535 1138 4590 Dranoiiem.
1183 4535 1311 4607 Vide
1346 4534 1570 4607 John,
1613 4535 1813 4599 i8—20,
1866 4537 1952 4590 iilii
1987 4537 2145 4607 (Vulg.
2183 4535 2224 4588 D
2257 4554 2274 4585 t
2344 4534 2397 4590 Si
2447 4551 2638 4603 corpus
2681 4552 2746 4591 ex
2801 4538 2941 4590 coitu
3000 4538 3312 4604 sumpsisset
3364 4533 3794 4605 (Doniimis),..

603 4607 815 4676 quidem
871 4609 1134 4675 interpres
1172 4606 1350 4666 habet,
1397 4625 1415 4656 t
1448 4605 1759 4668 Leviatlian,
1797 4624 1815 4656 ι
1846 4611 1938 4659 sed
1969 4605 2150 4662 Grzeca

602 4680 784 4740 editio,
817 4676 1103 4746 δράκοντα.
1142 4676 1192 4728 id
1223 4684 1305 4727 est
1336 4695 1353 4725 t
1393 4677 1711 4730 draconem:
1738 4696 1767 4746 ί»
1795 4692 1897 4746 qua
1924 4679 2152 4732 dicti0ne

609 4745 927 4817 tiliaboluiii
976 4765 994 4797 ι
1033 4761 1173 4817 stirpe
1210 4746 1473 4815 designari
1527 4748 1681 4800 docet
1731 4745 1986 4816 Didymus
2032 4763 2152 4817 pag.

605 4815 706 4870 125
736 4827 937 4869 calente
970 4817 1023 4869 in
1061 4813 1276 4868 Jobum.

679 4884 789 4954 (85)
825 4885 891 4938 1η
913 4890 1080 4954 aquis.
1131 4885 1317 4938 Aﬂinia
1353 4892 1614 4954 suntquae
1644 4885 1876 4954 dictavit
1899 4884 2152 4954 Didymus

603 4950 888 5021 atlpsaliiii
954 4950 1117 5008 Lxxiit
1177 4953 1492 5007 versiculum
1512 4950 1594 5009 ’13
1625 4973 1638 5008 :
1673 4955 1781 5016 Τὰς
1819 4950 1911 5006 οὖν
1955 4950 2152 5019 πολλὰς

600 5024 708 5094 τῶν
743 5022 1046 5092 δρακόντων
1087 5025 1181 5077 καὶ
1221 5023 1314 5076 τοῦ
1343 5023 1630 5094 δράκοντος
1665 5023 1904 5092 κεφαλὰς
1943 5027 2033 5094 ἐπὶ
2059 5025 2148 5078 τοῦ

603 5093 1131 5166 ὓδατος-συνέτριψεν
1170 5096 1198 5146 ὁ
1247 5093 1456 5166 Σωτήρ.
1491 5097 1555 5148 Et
1586 5110 1771 5166 paucis
1804 5093 2143 5166 interiectis:

602 5164 736 5237 Καθ’
775 5159 847 5217 ῶν
882 5159 1192 5234 ἐνεργοῦσιν
1217 5159 1607 5237 οἰᾼδρὰξὶοντεςζγ
1630 5164 1722 5216 καὶ
1751 5165 1779 5237 δ
1815 5163 2035 5237 τούτων,
2075 5165 2148 5237 ὡς

639 5234 941 5305 έγραπται,
973 5232 1231 5305 ἔξαρχος,
1267 5232 1561 5303 βασιλεύων
1595 5236 1652 5286 ἐν
1693 5232 2004 5305 τοῖςαῦδασι
2051 5236 2144 5289 καὶ

599 5250 941 5356 ἔεγραπται,
989 5250 1231 5305 εςαρχος,
1267 5250 1561 5303 βασιλεύων
1595 5250 1652 5286 εν
1693 5250 1804 5296 τοις
1853 5250 2004 5286 υοασι
2051 5250 2144 5289 και

634 5303 887 5374 ιατρίὸων
925 5306 984 5356 ἐν
1029 5308 1096 5375 τῇ
1137 5304 1396 5375 θαλάσσῃ.
1441 5307 1494 5358 ltl
1545 5313 1630 5358 est
1669 5321 1683 5358 :
1735 5321 1754 5355 t
1783 5303 1964 5356 Multa
2021 5319 2147 5374 ergo

600 5377 929 5437 draconum,
983 5384 1038 5428 et
1086 5376 1333 5428 draconis
1384 5375 1558 5442 capita
1614 5376 1665 5427 in
1711 5388 1846 5442 aqua
1893 5375 2147 5428 contrivit

598 5442 913 5498 Salvator...
963 5444 1157 5498 Contra
1218 5459 1350 5511 quos
1397 5454 1687 5512 operantur
1746 5449 2039 5502 dracones,
2092 5455 2146 5496 et

597 5526 782 5565 eorum
812 5515 1096 5576 exarchus,
1130 5522 1185 5566 iit
1215 5514 1488 5579 Scriptura
1525 5515 1778 5583 loquitur,
1819 5527 2046 5580 regnans
2091 5515 2143 5566 in

598 5584 776 5650 aquis,
806 5593 861 5652 et
878 5587 1083 5652 degens
1117 5585 1169 5636 in
1211 5584 1364 5634 mari.
1403 5602 1421 5632 ι

673 5652 784 5723 (δτι)
850 5651 1006 5706 Vetus
1056 5663 1334 5720 peccatum.
1395 5655 1469 5706 En
1518 5664 1794 5721 peccatum
1850 5651 2138 5722 originale,

601 5722 852 5789 qutidah
896 5724 1121 5786 Origene
1169 5724 1329 5774 etiam
1373 5725 1661 5776 admis'sttiii
1713 5725 1877 5777 fuisse
1921 5734 2142 5776 Conten-

604 5796 736 5849 iluiit
773 5791 1037 5848 Ballerinii
1077 5794 1267 5848 fratres
1293 5791 1588 5849 doctissimi
1627 5804 1753 5850 toni.
1804 5791 1866 5848 IV
1907 5790 2137 5862 Operutu

2256 4607 2589 4660 existimatus
2621 4616 2673 4658 et
2725 4607 2836 4674 ipse
2878 4607 3064 4660 fuisset
3109 4607 3179 4659 illi
3230 4614 3450 4672 peccato
3501 4607 3792 4669 obnoxius,

2253 4677 2336 4728 cui
2382 4691 2601 4738 omnes,
2645 4678 2732 4744 qui
2775 4692 2839 4728 ex
2883 4675 3088 4730 Adanio
3138 4675 3396 4796 originem
3437 4677 3658 4736 ducunt,
3698 4691 3798 4744 per

2253 4750 2641 4796 Sticcesmonem
2693 4747 2908 4796 obnoxii
2963 4756 3103 4796 sunt.
3144 4764 3161 4795 ι
3258 4759 3366 4796 iror
3420 4745 3599 4796 itaque
3638 4745 3791 4796 Jaco-

2253 4750 2641 4800 successionem
2693 4747 2908 4798 obnoxii
2963 4756 3103 4799 sunt.
3144 4764 3161 4795 i
3201 4745 3366 4796 Miror
3420 4745 3599 4811 itaque
3638 4745 3791 4798 Jaco-

2253 4815 2374 4868 liuui
2405 4813 2724 4884 Basuagium
2762 4816 2810 4866 in
2847 4815 3412 4868 Aniinadversionibus
3441 4815 3504 4866 ad
3531 4815 3672 4867 hunc
3703 4814 3796 4865 Di-

2251 4886 2392 4955 dymi
2421 4886 2610 4938 librum
2645 4896 2749 4938 tom
2781 4884 2992 4955 l_l.ectt.
3022 4886 3216 4952 aniiqq.
3260 4885 3455 4955 Canisii
3506 4898 3627 4951 pag.
3667 4885 3794 4950 199,

2249 4952 2361 5008 hiec
2389 4955 2666 5022 scripsisse
2699 4972 2712 5009 :
2760 4972 2778 5004 t
2823 4952 3104 5008 Peccatum
3146 4952 3407 5019 originale
3444 4967 3675 5022 negasse,
3714 4958 3802 5006 vi-

2250 5024 2401 5078 detur
2434 5021 2754 5094 Didyiiitisin
2778 5027 2911 5079 libro
2941 5027 3180 5094 adversus
3211 5022 3584 5075 Manichwos.»
3635 5021 3794 5076 Nulla

2249 5103 2425 5147 autem
2457 5092 2560 5148 alia
2598 5105 2802 5148 ratione
2852 5096 3093 5146 innititur
3133 5092 3446 5157 Basnagius,
3473 5107 3632 5160 quam
3666 5096 3795 5157 ista,

2248 5166 2386 5231 quod
2416 5178 2606 5232 nempe
2635 5167 2718 5216 illa
2749 5164 2895 5218 Pauli
2938 5167 3120 5232 verba,
3163 5179 3182 5212 t
3243 5174 3428 5214 natura
3472 5162 3564 5213 lilii
3599 5163 3725 5226 irae,
3773 5185 3796 5212 ι

2248 5236 2323 5286 sic
2344 5231 2570 5302 explicat
2601 5234 2872 5304 Didymus,
2903 5244 2958 5288 ut
2979 5231 3158 5301 φύσει,
3189 5245 3278 5285 seu
3317 5249 3335 5283 t
3367 5243 3610 5304 natura,»
3652 5235 3798 5284 idem

2247 5305 2315 5354 sit
2340 5317 2401 5356 at:
2434 5321 2453 5354 t
2485 5318 2626 5357 vere.
2664 5303 2797 5358 {At
2827 5320 2930 5356 non
2961 5306 3060 5355 alia
3094 5305 3159 5356 de
3185 5316 3344 5354 causa
3373 5316 3489 5353 eam
3523 5303 3796 5368 interpre-

2250 5373 2498 5426 tationem
2535 5373 2810 5438 amplexus
2851 5381 2933 5426 est
2983 5373 3256 5440 theologus
3289 5379 3489 5434 noster,
3540 5386 3700 5439 quam
3736 5381 3803 5423 tit

2246 5439 2548 5496 Manicliazis
2612 5441 2758 5496 Pauli
2814 5451 2957 5496 textu
3015 5439 3373 5503 abtiteiitibus,
3431 5447 3486 5493 et
3541 5450 3800 5493 naturain

2249 5531 2266 5560 ι
2301 5528 2395 5578 per
2419 5527 2476 5566 se
2516 5513 2709 5564 malam
2741 5530 2760 5564 ι
2795 5527 2915 5566 esse
2939 5511 3386 5566 contendentibus
3414 5523 3533 5563 sese
3563 5509 3800 5562 validius

2242 5591 2552 5648 Opponeret,
2589 5585 2712 5636 dum
2757 5584 3020 5636 neminem
3064 5599 3082 5630 t
3114 5589 3302 5634 natura
3349 5597 3368 5631 ι
3408 5579 3608 5633 malum
3646 5592 3799 5638 esse,

2241 5659 2331 5703 sed
2361 5669 2379 5702 t
2418 5667 2483 5707 ex
2517 5655 2810 5707 mutatione
2843 5653 3026 5706 libera:
3060 5649 3346 5704 voluntatis
3382 5667 3402 5701 ι
3445 5650 3646 5702 malum
3675 5648 3799 5704 ﬁeri

2240 5722 2484 5776 dot'ebai.
