4082 6406
289 416 393 471 685

1303 411 1389 465 DE
1427 410 1800 466 TRINITATE
1839 410 2035 467 LIBER
2078 411 2461 469 SECUNDUS.

3408 422 3515 478 686

281 525 591 597 γνησιότητι
625 523 718 578 τοῦ
752 523 949 577 οἰκείου
995 522 1173 575 τόκου·
1200 522 1261 574 τὸ
1308 521 1364 574 δὲ
1393 523 1546 591 ἅγιον
1587 522 1838 594 Πνεῦμα,

1956 539 2069 589 nes,
2112 539 2175 577 ac
2235 540 2396 593 supra
2424 538 2637 579 omnem
2691 525 2893 581 inimici
2942 535 3264 597 potestatem
3318 534 3511 588 ambu—

280 615 633 686 ἀνοιχθέντων
683 614 860 682 αὐτῷ,
921 613 996 676 ὡς
1045 613 1252 683 βασιλεί
1292 614 1383 667 καὶ
1440 613 1694 683 ἀνωτέρω
1752 615 1849 683 τῆς

278 707 524 776 ἀγγέλων
548 706 760 774 φύσεως
800 706 942 769 ὄντι,
970 705 1079 758 τῶν
1110 704 1372 775 οὐρανῶν,
1434 706 1708 765 κατελθὸν,
1743 707 1843 759 ἐπ’

279 802 469 870 ἐμενεν
513 800 605 851 ἐπὶ
643 799 735 851 τὸν
780 798 907 851 Υὲὸν
948 798 1041 850 τοῦ
1084 796 1239 851 Θεοῦ.
1266 799 1432 867 Φησὶν
1459 799 1566 870 γάρ
1591 815 1604 828 δ
1645 818 1663 849 ι
1718 800 1847 853 Ἰδοὺ

278 890 632 960 ἀνεῴχθησαν
660 890 707 942 οἱ
729 890 965 959 οὐρανοὶ,
1002 889 1093 942 καὶ
1127 889 1235 943 ἴδον
1257 890 1316 942 τὸ
1337 890 1558 960 Πνεῦμα
1585 889 1678 943 τοῦ
1712 890 1847 943 Θεοῦ

278 984 608 1037 καταϐαῖνον
656 982 729 1043 ὡς
769 979 1113 1051 περιστεράν.
1158 998 1176 1031 ι
1206 978 1332 1050 [H9
1380 978 1436 1050 a]
1464 979 1590 1032 Νόει
1642 974 1753 1043 οῦν,
1798 978 1851 1030 τε

276 1076 422 1126 ἐστιν
456 1073 519 1125 τὸ
563 1073 715 1139 ᾰγιον
752 1071 993 1141 Πνεῦμα,
1029 1071 1124 1124 ἆτε
1161 1071 1253 1123 τὸν
1284 1070 1475 1123 ἑαυτοῦ
1505 1069 1648 1135 ναὸν,
1681 1071 1846 1141 ἡμᾶς,

275 1164 350 1234 τῷ
388 1164 599 1233 ὑψίστῳ
631 1161 748 1232 Θεῷ
780 1162 1209 1233 συγκαθεσθῆναι
1228 1201 1243 1225 ,
1275 1162 1371 1215 καὶ
1405 1161 1846 1232 συνδοξασθῆναι,

277 1255 369 1305 καὶ
399 1251 830 1322 συμϐασιλεῦσαι
874 1254 1052 1314 ποιεῖ,
1080 1252 1172 1305 καὶ
1193 1252 1282 1304 ὅτε
1319 1251 1469 1321 μένει
1505 1252 1597 1305 ἐπὶ
1625 1253 1715 1304 τὸν
1749 1269 1846 1323 μο-

279 1345 465 1414 νογενῆ
510 1345 675 1397 Θεόν·
723 1345 815 1397 καὶ⁸
858 1345 907 1396 εἰ
964 1342 1125 1406 ὁσίως
1173 1342 1423 1410 λέγουσιν
1471 1343 1737 1414 αἱρετικοὶ
1773 1342 1847 1414 μὴ

276 1436 707 1504 συγκαθέζεσθαι
769 1436 919 1501 αὐτὸ,
981 1436 1075 1489 καὶ
1135 1435 1701 1507 συμπροσκυνεῖσθαι,
1744 1434 1846 1489 καὶ

274 1527 692 1598 συμϐασιλεύειν
731 1526 808 1598 τῷ
847 1527 965 1599 Θεῷ
990 1529 1186 1599 Πατρί.
1226 1528 1317 1598 Μὴ
1356 1528 1555 1599 ὁμοίως
1583 1528 1640 1581 δὲ
1670 1528 1844 1598 ἡμῶν,

268 1621 379 1673 τῶν
413 1618 672 1680 κτιπιῖιν,
714 1619 808 1673 καὶ
836 1621 892 1672 ὲν
922 1619 1158 1690 τοσαύτῃ
1191 1618 1410 1687 ἀγαθῶν
1433 1619 1608 1691 ἔργων
1642 1619 1844 1689 γυμνό⁹

266 1729 393 1783 τητι
412 1710 715 1782 τηλικαῦτα
738 1711 1085 1776 ἐλπιζόντων,
1108 1709 1321 1781 νοηθείη
1361 1710 1421 1762 τὸ
1444 1710 1595 1778 ἅγιον
1616 1709 1847 1780 Πνεῦμα

266 1800 364 1853 τοῦ
410 1800 550 1852 Θεοῦ
605 1800 1065 1868 συγκαθέζεσθαι,
1116 1802 1208 1855 καὶ
1257 1798 1707 1864 συνδοξάζεσθαι,
1750 1799 1845 1851 καὶ

1953 614 2063 669 lare
2090 616 2221 683 (85),
2258 626 2420 685 atque
2450 617 2565 670 haec
2608 617 2785 671 omnia
2832 618 3155 675 conculcare
3202 637 3303 677 nos
3352 623 3515 681 faeie-

1951 706 2077 768 bat;
2120 714 2175 757 et
2195 705 2318 757 dum
2361 705 2518 758 simul
2563 704 2788 759 docebat
2829 721 3040 770 omnes,
3084 708 3377 764 salutarem
3416 712 3517 765 ho-

1958 798 2193 852 minibus
2259 813 2379 852 esse
2440 800 2904 865 regenerationem
2956 819 2969 853 :
3024 800 3212 857 aderat
3280 801 3517 872 Spiritus

1951 900 2170 942 sanctus
2224 889 2351 942 item
2397 898 2455 942 ut
2500 889 2701 943 Pater:
2732 891 2818 945 hic
2870 892 3015 945 enim
3047 907 3078 947 e
3108 893 3261 949 caelis
3296 897 3517 966 proprio

1952 980 2086 1034 Filio
2120 983 2492 1036 testimonium
2520 983 2856 1051 perhibebat,
2886 1001 2948 1040 ac
2970 1002 3090 1041 eum
3119 1003 3303 1042 verum
3341 1001 3395 1045 et
3424 1007 3517 1062 ge-

1953 1070 2175 1123 nuinum
2208 1086 2331 1125 eSse
2381 1074 2810 1138 testificabatur;
2843 1075 3075 1144 Spiritus
3114 1094 3244 1133 vero
3270 1091 3515 1145 sanctus,

1951 1161 2154 1227 apertis
2200 1161 2297 1215 sibi
2348 1162 2500 1217 cmlis
2530 1170 2587 1216 ut
2619 1163 2751 1231 regi,
2791 1174 2843 1217 et
2866 1180 3026 1233 supra
3061 1167 3373 1237 angelorum
3421 1184 3517 1222 ua-

1952 1260 2125 1305 turam
2148 1254 2451 1317 exsistenti,
2496 1255 2827 1309 descendens
2853 1256 3106 1310 manebat
3129 1272 3289 1328 supra
3321 1259 3517 1314 Filium

1952 1343 2065 1397 Dei.
2100 1344 2353 1397 Aitenim
2403 1344 2723 1414 Scriptura:
2765 1366 2782 1397 ι
2813 1347 2952 1402 Ecce
3005 1348 3117 1419 (86)
3173 1351 3344 1417 aperti
3392 1361 3517 1406 sunt

1951 1434 2099 1499 caeli,
2132 1444 2185 1488 et
2212 1436 2462 1490 viderunt
2495 1437 2756 1504 Spiritum
2791 1438 2880 1493 Dei
2926 1439 3338 1494 descendentem
3368 1443 3513 1495 sicut

1952 1527 2272 1580 columbam.
2292 1546 2308 1579 ι
2337 1526 2628 1583 Considera
2656 1545 2782 1598 ergo
2813 1539 2973 1600 atque
2996 1531 3253 1601 intellige,
3295 1533 3421 1601 quid
3439 1535 3513 1588 sit

1952 1617 2187 1687 Spiritus
2220 1629 2460 1684 sanctus,
2492 1620 2601 1691 (87)
2636 1624 2727 1690 qui
2759 1638 2912 1675 suum
2946 1623 3114 1691 ipsius
3147 1625 3426 1691 templum,
3461 1627 3513 1679 id

1949 1717 2032 1762 est
2058 1725 2175 1777 nos,
2205 1725 2324 1763 cum
2354 1712 2617 1766 altissimo
2662 1714 2769 1768 Deo
2808 1715 3125 1780 consedere,
3159 1725 3210 1771 et
3242 1718 3516 1786 eonglori-

1953 1799 2123 1861 ﬁcari,
2174 1811 2228 1854 et
2266 1816 2599 1873 conregnare
2655 1804 2803 1870 facit,
2859 1816 2911 1859 et
2966 1822 3128 1875 super
3182 1809 3515 1878 unigenitutn

266 1889 695 1961 συμϐασιλεύειν
726 1892 803 1961 τῷ
842 1892 979 1962 Θεῷ·
1007 1892 1117 1945 ἀλλ’
1147 1892 1221 1956 ὡς
1265 1890 1489 1961 Πνεῦμα
1528 1890 1723 1953 αὐτοῦ,
1750 1890 1838 1942 καὶ

1948 1896 2109 1949 Deum
2130 1907 2341 1952 manet:
2364 1914 2427 1952 ac
2451 1899 2587 1964 vide,
2610 1915 2735 1953 num
2760 1902 2904 1969 pium
2929 1913 3282 1973 sanctumque
3300 1904 3355 1958 tit
3375 1906 3517 1974 quod

263 1984 431 2053 φύσει
454 1984 591 2047 Θεὸς
612 1984 703 2037 καὶ
729 1984 1005 2046 Βασιλεὺς.
1028 1985 1120 2037 καὶ
1143 1984 1325 2047 ἀῖδίως
1355 1982 1843 2052 συγκαθεζόμενος,

263 2080 365 2131 καὶ
409 2077 631 2148 πλήρης
656 2077 918 2149 ἀχράντου
948 2077 1104 2147 δόξης
1156 2077 1435 2148 ὑπάρχων.
1478 2076 1538 2128 Οἱ
1576 2075 1685 2146 γὰρ
1732 2091 1846 2127 κτι-

264 2170 407 2234 στιίι,
432 2169 582 2221 κατά
627 2168 788 2238 χάριν
818 2168 957 2237 μετὰ
992 2167 1089 2239 τὴν
1126 2169 1421 2222 ἀνάστασιν
1454 2167 1657 2220 τούτων
1682 2167 1847 2232 ἀξιω-

263 2261 565 2331 θήσονται,
615 2258 972 2322 ἀπολαύοντες
1012 2259 1117 2313 τῶν
1166 2258 1383 2328 ἀγαθῶν
1423 2260 1519 2329 τῆς
1563 2257 1843 2329 βαιλείας,

262 2354 371 2406 οὐκ
393 2353 554 2415 ὄντες
578 2352 633 2405 δὲ
660 2352 913 2423 βασιλεῖς.
940 2349 1091 2406 Οἶδεν
1114 2352 1221 2425 γὰρ
1254 2354 1286 2424 ἡ
1311 2352 1523 2424 Γραφὴ,
1552 2352 1719 2424 ἄλλην
1745 2352 1845 2423 μὲν

263 2445 420 2515 ἡλίου
473 2443 655 2509 δόξαν,
696 2443 858 2513 ἄλλην
905 2444 960 2496 δὲ
1010 2443 1236 2515 σελήνης
1286 2444 1378 2497 καὶ
1432 2443 1705 2515 ἀστέρων*
1751 2443 1845 2496 καὶ

262 2538 479 2591 τούτων
502 2536 665 2590 πάλιν
686 2536 937 2606 διάφορον
958 2535 1132 2600 δόξαν.
1165 2554 1182 2585 ‹
1228 2535 1424 2605 Ἀστὴρ
1449 2534 1577 2606 γὰρ,
1613 2554 1631 2585 ι
1659 2535 1846 2605 φησὶν,

271 2649 289 2681 ι
322 2631 567 2701 ἀστέρος
592 2629 831 2700 διαφέρει
856 2631 913 2682 ὲν
938 2627 1081 2701 δόξῃ.
1098 2647 1116 2679 ι
1142 2627 1252 2681 Καὶ
1276 2628 1303 2680 ὀ
1327 2627 1600 2697 ὀφθαλμὸς
1620 2626 1712 2680 τοῦ
1744 2628 1848 2680 σώ-

270 2742 447 2794 ματος
501 2723 613 2776 τῶν
636 2724 807 2777 ἄλλων
837 2722 1013 2793 μελῶν
1044 2721 1365 2792 τιμιώτερος
1421 2722 1557 2773 ἐστι’
1587 2722 1725 2793 πλὴν
1752 2721 1847 2776 καὶ

268 2816 434 2880 αὐτὸς
483 2815 653 2886 σῶμα·
691 2818 864 2868 ἐστιν⁸
904 2814 1044 2868 ὥστε
1086 2813 1337 2868 τοσοῦτον
1371 2815 1517 2885 ἡμᾶς
1562 2814 1843 2867 ἀνακαινι-

270 2908 503 2970 σθὲντας
567 2906 670 2976 τῆς
738 2906 886 2969 θείας
928 2906 1217 2960 ἀπολαύειν
1248 2905 1577 2975 οἰκειότητος
1602 2945 1616 2967 ,
1654 2904 1776 2956 ὅσον
1806 2904 1839 2974 ἡ

269 3001 369 3068 τῆς
400 2998 680 3069 ἡμετέρας
707 2998 915 3067 φύσεως
956 2997 1224 3068 ἐνδέχεται
1253 2997 1481 3067 δύναμις
1504 3036 1519 3058 ,
1551 2994 1733 3059 καθὼς
1761 2994 1847 3047 λέ-

269 3108 487 3158 γουσιν.

1953 1991 2104 2044 aiunt
2135 1991 2397 2055 haeretici,
2433 1991 2607 2062 ipsum
2641 1994 2802 2047 simul
2842 2010 2945 2049 non
2989 1996 3197 2063 sedere,
3230 2012 3327 2051 nec
3358 1998 3516 2052 simul

1954 2081 2184 2146 adorari,
2218 2098 2316 2137 nee
2339 2083 2497 2137 simul
2536 2099 2765 2156 regnare
2795 2102 2917 2140 cum
2964 2087 3072 2141 Deo
3120 2087 3301 2142 Patre.
3350 2087 3518 2143 Nemo

1953 2182 2131 2226 autem
2166 2183 2333 2242 putet,
2372 2183 2617 2228 sanctum
2654 2175 2747 2229 Dei
2788 2177 3053 2247 Spiritum
3081 2193 3204 2233 cum
3239 2178 3349 2233 Deo
3378 2194 3513 2233 con-

1954 2263 2161 2325 sedere,
2202 2274 2257 2318 ct
2298 2265 2719 2333 conglorificari,
2773 2276 2828 2321 et
2871 2283 3199 2339 conregnare
3239 2285 3303 2325 eo
3338 2272 3516 2333 modo.

1954 2368 2060 2422 quo
2096 2369 2215 2420 nos,
2265 2357 2355 2423 qui
2392 2356 2613 2411 increati
2662 2343 2764 2412 non
2812 2373 3020 2424 sumus,
3072 2370 3234 2430 atque
3274 2362 3327 2415 in
3368 2369 3519 2417 tanta

1950 2448 2211 2501 bonorum
2264 2462 2486 2515 operum
2531 2449 2773 2505 nuditate
2825 2451 2975 2517 talia,
3023 2468 3085 2506 ac
3124 2464 3230 2508 tam
3262 2455 3518 2509 sublimia

1952 2550 2261 2607 speramus;
2306 2553 2429 2591 nam
2470 2540 2736 2605 considet,
2784 2541 3240 2611 conglorificatur,
3292 2556 3347 2599 et
3391 2562 3520 2601 con-

1951 2638 2138 2696 regnat
2190 2644 2310 2683 eum
2352 2629 2461 2685 Deo
2497 2639 2556 2684 ut
2588 2631 2820 2702 Spiritus
2861 2632 2996 2699 eius,
3044 2643 3103 2687 ut
3136 2646 3326 2689 natura
3349 2636 3514 2704 Deus,

1951 2729 2009 2774 ut
2042 2720 2176 2785 Rex,
2224 2730 2282 2773 ut
2315 2721 2382 2775 ab
2422 2731 2621 2777 aeterno
2666 2724 2973 2787 considens,
3006 2734 3065 2778 ut
3101 2724 3290 2791 plenus
3336 2728 3515 2783 incor—

1956 2822 2108 2881 rupta
2165 2823 2325 2881 atque
2379 2814 2726 2870 immaculata
2775 2818 2964 2887 gloria.
3022 2818 3121 2885 Qui
3174 2820 3316 2874 enim
3348 2820 3518 2876 creati

1951 2912 2096 2967 sunt,
2131 2904 2204 2958 illi
2232 2920 2326 2973 per
2356 2907 2588 2976 gratiam
2637 2909 2752 2963 hare
2801 2920 3200 2980 consequentur
3249 2923 3369 2981 post
3420 2928 3509 2967 re-

1954 2997 2343 3052 surrectionem
2379 2999 2512 3068 (88),
2560 3000 2652 3054 sed
2686 3001 2756 3054 ita
2802 3010 2862 3055 ut
2903 3003 3052 3071 regni
3099 3004 3316 3072 quidem
3356 3005 3516 3059 bonis

1955 3085 2169 3141 fruituri
2224 3090 2352 3154 sint,
2409 3105 2561 3160 reges
2615 3106 2740 3146 vero
2791 3091 2952 3147 futuri
3005 3109 3108 3147 non
3168 3096 3297 3150 sint.
3350 3095 3513 3151 Novit

273 3201 513 3256 namque
563 3184 841 3254 Scriptura
872 3185 1031 3238 aliam
1059 3200 1181 3241 esse
1223 3174 1351 3238 solis
1412 3182 1659 3253 gloriam,
1736 3182 1787 3235 id
1851 3190 1934 3236 est
1972 3181 2297 3249 claritatem,
2350 3185 2509 3239 aliam
2570 3185 2729 3254 lunm,
2784 3198 2944 3257 atque
2986 3190 3303 3247 stellarum:
3351 3203 3406 3247 et
3433 3194 3518 3248 bis

274 3292 466 3333 rursus
522 3277 765 3332 eamdem
812 3293 917 3331 non
973 3291 1093 3331 esse
1143 3276 1367 3346 gloriam
1399 3292 1411 3329 :
1454 3294 1472 3327 ι
1496 3275 1659 3330 Stella
1717 3273 1827 3345 (89)
1865 3274 2028 3339 enim,
2070 3293 2089 3325 ι
2115 3276 2308 3345 inquit,
2346 3296 2364 3329 ι
2400 3293 2429 3331 a
2468 3278 2620 3332 stella
2650 3278 2827 3334 differt
2861 3282 2909 3333 in
2943 3281 3111 3351 gloria
3139 3299 3154 3346 ;
3180 3302 3199 3333 ι
3237 3292 3292 3336 et
3325 3300 3517 3354 corpu-

281 3370 353 3424 ris
395 3370 589 3424 oculus
617 3368 735 3425 aliis
768 3368 929 3439 259
966 3369 1226 3423 membris
1266 3369 1494 3422 nobilior
1534 3376 1646 3430 est;
1680 3374 1918 3420 attamen
1945 3380 2139 3436 corpus
2196 3378 2254 3423 et
2316 3370 2430 3438 ipse
2497 3380 2579 3425 est
2642 3370 2774 3441 (90).
2813 3371 2996 3442 Itaque
3063 3389 3159 3429 nos
3195 3373 3517 3443 baptismate

286 3462 523 3517 renovati
585 3462 765 3516 divina
836 3462 1198 3517 familiaritate
1266 3470 1470 3515 tantum
1550 3460 1816 3515 fruimur.
1856 3469 2113 3529 quantum
2146 3472 2349 3517 natura:
2425 3474 2620 3519 nostra:
2684 3466 2824 3520 vires
2885 3466 3406 3537 sinunt:quomodo
3439 3474 3518 3527 ait

289 3554 499 3623 quidam
521 3570 534 3605 :

404 3669 696 3723 Ὀππόσον
722 3669 964 3738 ἠμέριόν
1001 3686 1067 3723 κε
1106 3668 1227 3735 Θεῷ
1263 3669 1434 3737 γένος
1470 3667 1740 3729 ὶσάζοιτο.

276 3824 383 3877 Καὶ
412 3823 615 3893 Πέτρος
640 3822 929 3887 ἐκθειάζων
961 3824 1022 3877 τὸ
1058 3824 1356 3896 βάπτισμα,
1421 3825 1497 3887 ὡς
1535 3824 1667 3878 Θεοῦ
1698 3824 1847 3889 ὄντος

268 3915 363 3967 τοῦ
390 3915 773 3979 ἀνακτίζοντος
821 3917 967 3986 ἡμᾶς
1001 3917 1154 3985 ἀγίου
1202 3917 1534 3985 Πνεῦματος,
1564 3916 1847 3970 καθολικδν

264 4005 353 4059 διὰ
381 4006 485 4075 τῆς
512 4006 732 4076 πρώτης
766 4006 1076 4077 Ἐπιστολῆς
1103 4006 1403 4078 ὲξεφώνησε
1422 4010 1699 4079 κήρυγμα,
1727 4008 1845 4061 δια-

263 4098 498 4169 γορεῦον
546 4098 729 4151 ταυτί·
790 4098 1359 4169 ι’Λναγεγεννημένοι,
1410 4101 1508 4153 οὐκ
1534 4102 1599 4153 ἐκ
1633 4103 1842 4172 σπορᾶς

296 4320 459 4405 ’(85)
502 4319 800 4375 Ambulare.
840 4319 1075 4389 Respicit
1130 4319 1354 4377 fortasse
1381 4322 1513 4390 psal.
1562 4338 1648 4390 xc,
1678 4338 1819 4377 vers.

262 4390 458 4527 ’θέλω
505 4457 657 4514 Ecce.
701 4460 887 4515 Matth.
921 4475 974 4512 ιιι
999 4498 1015 4524 ,
1060 4459 1144 4513 16.
1196 4460 1361 4513 Biblia
1392 4462 1589 4515 habent
1618 4482 1632 4518 :
1664 4463 1837 4527 ἀνεῴ-

1874 3670 1918 3729 c
2023 3664 2284 3731 Quantum
2332 3663 2440 3733 (9|)
2496 3665 2712 3718 mortale
2751 3683 2911 3733 genus
2949 3667 3059 3721 Dea
3110 3671 3427 3739 azquiparari

2622 3745 2807 3803 potest.

1948 3825 2014 3880 Et
2063 3825 2251 3881 Petrus
2301 3826 2564 3895 baptisma
2615 3828 2853 3881 divinum
2914 3844 3034 3882 esse
3092 3831 3312 3894 docens,
3375 3835 3502 3902 quia

1950 3917 2183 3984 Spiritus
2232 3927 2475 3981 sanctus,
2507 3933 2535 3969 a
2570 3933 2675 3986 quo
2709 3935 2895 3973 rursus
2925 3935 3193 3985 creamur,
3235 3924 3372 3976 Deus
3400 3933 3508 3987 est,

1949 4009 2267 4062 catholicam
2340 4008 2414 4079 (id
2502 4018 2583 4063 est
2663 4010 3041 4079 universalem)
3101 4011 3400 4065 doctrinam
3456 4013 3508 4065 iu

1953 4101 2123 4167 prima
2172 4098 2434 4152 catholica
2495 4098 2733 4168 Epistola
2787 4099 3101 4167 praedicavit
3156 4100 3242 4155 bis
3284 4101 3507 4156 verbis:

1935 4333 1993 4375 ut
2020 4323 2151 4386 dixi,
2187 4322 2443 4392 Didymus
2472 4342 2489 4372 ι
2528 4322 2959 4377 consessioncmr
2992 4323 3158 4389 illam,
3188 4332 3268 4377 eti
3295 4324 3509 4392 conglo-

1943 4393 2295 4446 rificationem
2321 4431 2336 4454 ,
2366 4401 2420 4445 et
2460 4394 2934 4462 conregnationern
2960 4432 2975 4452 ,
3016 4402 3070 4446 et
3113 4397 3506 4462 eonresuscita-

1945 4464 2142 4515 tionem
2169 4477 2289 4515 cum
2320 4462 2557 4526 Christo,
2595 4480 2614 4513 ιι
2637 4461 2726 4515 οε
2754 4478 2857 4529 qua
2891 4463 3088 4530 saepius
3118 4461 3315 4516 Paulus
3340 4500 3355 4523 ,
3390 4464 3507 4517 ideo

258 4516 482 4601 χθὴσαν
527 4529 784 4611 affini-id
814 4540 896 4583 est
940 4549 957 4579 ι
1000 4516 1168 4611 aperti
1200 4540 1325 4611 sunt
1361 4533 1429 4585 ei.
1462 4550 1479 4582 ι
1526 4516 1658 4611 ⁵Ριέο
1726 4516 1834 4585 ῐδξὶν

1944 4534 2008 4585 de
2042 4533 2106 4585 iis
2134 4532 2286 4611 bonis
2309 4516 2579 4611 loquitur,
2624 4548 2743 4600 qua:
2774 4516 2946 4611 'simul
2970 4516 3172 4584 'omnia
3204 4516 3373 4586 sancti
3408 4516 3503 4586 eit—

260 4594 479 4654 liabent
521 4594 658 4663 εἶδε,
700 4603 750 4655 id
783 4610 864 4654 est
915 4618 933 4651 ι
971 4594 1121 4654 vidit.
1172 4620 1190 4652 ι
1230 4601 1295 4654 Et
1353 4617 1448 4670 pro
1511 4603 1585 4665 ὡς
1638 4605 1835 4658 habent

256 4670 423 4723 ὡσεί.

342 4739 461 4810 (87)
504 4736 627 4810 Qui.
661 4739 862 4800 Codex,
894 4740 1008 4793 ἆτε.
1039 4740 1340 4810 Legendum
1371 4739 1598 4796 fortasse
1623 4743 1733 4796 ὅτε.

344 4809 460 4878 (83)
502 4807 623 4860 Post
652 4812 1095 4865 resurrectionem.
1129 4807 1264 4863 'ldeo
1296 4812 1407 4865 hinc
1446 4812 1628 4880 adjicit
1681 4816 1832 4868 theo-

264 4880 429 4945 logus
460 4891 662 4939 noster,
694 4880 833 4945 quod
867 4882 1187 4934 sententiam
1220 4881 1361 4933 illam
1392 4880 1542 4934 Pauli
1579 4885 1830 4949 respiciat

263 4950 527 5015 superius
564 4964 593 5000 a
619 4964 675 5001 se
704 4949 918 5001 allatam
951 4967 965 5003 :
995 4969 1013 5000 ι
1057 4951 1521 5015 conresuscitavit,
1553 4961 1607 5004 et
1637 4967 1830 5005 conse-

262 5022 399 5072 dere
443 5018 573 5089 fecit
620 5019 671 5071 in
715 5019 1065 5074 cmlestibus:
1103 5040 1121 5071 ι
1170 5036 1276 5089 qua
1327 5034 1437 5072 rem
1475 5020 1708 5073 futuram
1741 5024 1833 5076 de-

264 5089 447 5141 notari
486 5087 632 5149 vult,
667 5089 875 5140 tametsi
908 5092 1163 5157 praneriti
1190 5087 1462 5157 temporis
1492 5092 1670 5143 verbis
1704 5092 1827 5145 elle-

262 5170 445 5218 ratur,
486 5176 504 5208 ι
541 5158 936 5229 consessioneru
974 5178 992 5209 ι
1029 5175 1235 5228 nempe,
1265 5174 1383 5228 qua:
1415 5160 1589 5212 futura
1618 5160 1688 5212 sit
1712 5171 1831 5229 post

268 5247 288 5277 ι
320 5226 932 5281 conresuscitatiouem.
966 5247 984 5278 ι
1024 5226 1189 5283 Porro
1229 5226 1537 5283 sanctorum
1590 5226 1824 5293 animas,

260 5298 427 5350 simul
462 5312 525 5349 ac
560 5307 796 5366 purgata:
827 5300 962 5359 sint,
994 5310 1123 5363 aut,
1153 5299 1196 5353 si
1238 5298 1377 5351 nulla
1405 5301 1678 5368 indigeant
1709 5315 1827 5365 pur-

261 5371 510 5436 gatione,
542 5371 720 5437 statim
762 5380 882 5436 post
909 5370 1201 5423 discessum
1240 5384 1271 5422 e
1296 5384 1545 5437 corpore,
1580 5369 1825 5422 iutuitiva

262 5438 358 5490 Dei
388 5437 600 5508 visione
628 5436 751 5503 frui,
779 5440 964 5505 dogma
996 5439 1313 5491 catholicum
1343 5436 1425 5492 est
1450 5455 1464 5489 :
1494 5438 1633 5506 quod
1665 5440 1825 5508 vulgo

262 5508 524 5574 rejiciuut
553 5506 725 5560 Grmci
774 5508 1105 5562 heterodoxi.
1140 5508 1243 5561 Pro
1294 5508 1399 5562 illis
1447 5517 1646 5575 pugnat
1692 5506 1827 5561 Mat-

260 5578 443 5630 tbaeus
470 5578 717 5641 Quaestor
751 5578 984 5644 Angelus
1014 5579 1306 5632 Panaretus
1337 5579 1617 5631 catholica:
1645 5578 1826 5632 Eccle-

256 5649 357 5699 εἰη
389 5648 627 5699 maxime
668 5646 907 5700 infensus
930 5687 945 5709 ,
976 5649 1225 5701 antithesi
1254 5650 1289 5701 ‘2
1319 5648 1563 5701 adversus
1592 5648 1649 5702 S.
1686 5646 1825 5701 Tho-

258 5716 773 5787 mam_Aquinatem.
814 5715 1032 5771 Frustra
1061 5732 1189 5770 vero
1226 5732 1322 5786 pro
1357 5734 1451 5783 sua
1481 5719 1729 5787 opinione
1756 5733 1821 5771 ex

261 5788 369 5837 hoc
418 5785 626 5855 Didymi
675 5787 790 5839 loco
829 5798 1200 5856 argumentum
1229 5785 1569 5841 schismatici
1605 5788 1691 5841 isti
1726 5788 1822 5841 ho-

259 5856 441 5909 mines
469 5867 735 5925 peterent.
783 5856 914 5912 Cum
952 5858 1092 5914 enim
1138 5873 1247 5929 pra:
1279 5859 1448 5915 oculis
1482 5858 1569 5913 hic
1602 5858 1818 5928 habeat,

1941 4610 2111 4655 tremo
2157 4601 2343 4667 judicii
2412 4601 2497 4653 die
2547 4603 2809 4654 duntaxat
2860 4601 3013 4665 plene
3081 4612 3502 4668 consequentur.

1938 4669 2073 4736 Quid
2104 4681 2186 4724 est
2219 4671 2360 4725 enim
2408 4670 2823 4735 συνδοξάζεσθαι
2856 4668 3098 4739 Χριστῷ,
3147 4683 3238 4722 seu
3284 4689 3303 4720 ι
3340 4671 3507 4739 glori-

1937 4742 2085 4795 ﬁcari
2134 4756 2240 4794 una
2286 4756 2408 4794 cum
2460 4741 2708 4805 Christo,
2750 4759 2767 4790 ι
2828 4738 2929 4793 nisi
2986 4738 3275 4807 glorificari
3332 4738 3505 4795 instar

1935 4812 2181 4864 Christi?
2227 4810 2377 4876 cujus
2409 4825 2605 4877 corpus
2651 4820 2770 4878 post
2810 4810 3259 4861 resurrectionem
3301 4810 3505 4876 gloriﬁ-

1937 4891 2115 4934 catum
2157 4889 2272 4941 est,
2315 4896 2408 4933 seu
2438 4881 2768 4947 gloriosum,
2813 4894 2876 4930 ae
2922 4878 3271 4946 reSplendens
3298 4881 3499 4933 factum

1936 4950 2057 5004 fuit.
2094 4949 2404 5015 Huiusmodi
2440 4964 2566 5003 vero
2597 4968 2614 4999 (
2646 4949 3086 5017 glorificatiouem
3120 4966 3137 4997 ι
3186 4958 3498 5003 sanctorum

1934 5036 2036 5072 non
2066 5022 2222 5073 modo
2254 5020 2535 5072 animabus
2558 5059 2572 5079 ,
2614 5020 2705 5072 sed
2753 5018 3318 5088 corporibusquoque
3348 5035 3501 5074 coui—

1934 5091 2310 5142 municandam
2383 5088 2436 5141 in
2499 5089 2898 5142 resurrectione
2955 5087 3226 5154 respicere
3283 5090 3498 5143 videtur

1931 5160 2108 5211 verbis
2134 5159 2256 5223 illis,
2281 5173 2400 5226 quae
2431 5172 2553 5210 mox
2591 5158 2808 5211 subdit:
2840 5176 2857 5207 ε
2890 5156 2954 5210 Et
2973 5157 3216 5226 corporis
3235 5161 3441 5213 oculus.
3473 5179 3493 5210 ι

1929 5238 2035 5282 etc.
2070 5225 2201 5282 Vide
2238 5225 2406 5296 segm.
2433 5226 2539 5280 206
2568 5228 2616 5291 b,
2655 5238 2709 5279 et
2734 5225 2804 5280 40
2841 5229 2890 5281 b.

2002 5297 2133 5364 ('89).
2177 5297 2362 5352 Stella.
2404 5297 2419 5349 1
2478 5297 2605 5351 Cor.
2647 5313 2736 5361 xv,
2776 5298 2865 5350 41.

2000 5367 2111 5437 (90)
2144 5367 2343 5436 Corpus
2366 5376 2414 5421 et
2443 5369 2549 5436 ipse
2572 5376 2667 5422 est.
2701 5366 2813 5421 Hoc
2842 5366 3072 5421 fortasse
3107 5366 3221 5421 vult
3258 5385 3273 5422 :
3315 5368 3498 5422 Sancti

1930 5435 2100 5491 Deum
2126 5435 2402 5508 corporeis
2428 5438 2599 5491 oculis
2636 5452 2701 5491 ue
2749 5448 2874 5490 tunc
2903 5438 3117 5505 quidem
3146 5439 3328 5491 videre
3380 5452 3501 5508 pot-

1926 5516 2102 5568 erunt,
2126 5523 2246 5559 cum
2282 5526 2299 5557 ‹
2331 5507 2561 5573 gloriosa
2596 5526 2614 5557 ν
2641 5515 2800 5560 erunt
2823 5523 3008 5561 eorum
3030 5522 3279 5575 corpora.

1998 5576 2106 5645 (9i)
2140 5576 2427 5641 Quantum.
2489 5577 2768 5630 Librarius
2798 5578 2938 5631 hunc
2973 5592 3184 5630 versum
3219 5578 3269 5629 in
3298 5578 3504 5630 codicis

1924 5649 2165 5725 margine
2196 5648 2272 5700 sic
2296 5648 2527 5725 esplicat
2552 5646 2955 5725 εΛΣημείωσαιζ
2973 5648 3169 5725 ῥπόσον
3197 5646 3256 5699 τὸ
3290 5646 3505 5725 ἀνθρω-

1925 5734 2077 5769 πινον
2104 5715 2256 5784 γένος
2304 5720 2372 5787 τῇ
2398 5716 2512 5787 ᾼτοῦ
2564 5715 2697 5768 Θεοῦ
2731 5716 2887 5786 φύσει
2928 5716 3145 5771 δύναται
3208 5718 3503 5787 προσεγγίστ

1926 5803 2037 5849 σαι,
2076 5788 2126 5840 id
2170 5798 2255 5841 est
2309 5785 2528 5848 (Nota,
2582 5785 2839 5855 quantum
2892 5788 3184 5843 humanum
3219 5800 3409 5855 genus
3434 5785 3502 5839 ad

1924 5857 2016 5912 Dei
2047 5868 2293 5914 naturam
2328 5868 2501 5928 potest
2539 5859 2818 5914 accedere.
2843 5876 2861 5908 ι
