4082 6406
631 383 737 437 681

1863 374 2100 430 DlDYMl
2133 377 2604 433 ALEXANDRINI

3722 388 3810 445 G83

640 511 660 544 ι
684 489 1001 560 Regenerati
1039 488 1152 560 (92)
1202 501 1306 541 non
1339 501 1405 542 ex
1435 485 1640 542 semine
1685 488 2042 557 corruptibili,
2085 492 2182 544 sed

2296 489 2557 562 φθαρτῆς,
2579 490 2693 544 ἀλλ’
2724 490 3018 563 ἀφθάρτου,
3074 491 3162 546 διὰ
3191 493 3348 562 λόγου
3376 492 3563 558 ζῶντος
3586 497 3704 551 Θεοῦ
3736 503 3812 554 καὶ

631 584 1046 652 incorruptibili,
1094 598 1190 651 per
1224 583 1442 636 verbum
1480 581 1570 636 Dei
1613 582 1738 646 vivi,
1783 591 1837 636 et
1877 597 2192 650 permanen-

631 679 722 732 tis.
754 694 773 727 ι
811 675 1121 729 Verebatur
1158 675 1300 727 enim
1333 688 1478 736 eum,
1510 673 1596 740 qui
1632 674 1887 742 praecepit
1929 674 1982 728 in
2013 674 2192 729 Evan-

630 769 770 838 gelio
795 767 1088 821 secundum
1118 765 1354 818 Marcum
1381 780 1395 816 :
1434 781 1452 814 ι
1482 763 1678 817 Euutes
1708 763 1818 834 (95)
1853 765 1904 818 ἱιι
1932 765 2190 819 mundum

629 861 966 919 universum,
1015 856 1300 925 praedicata
1338 855 1682 924 Evangelium
1720 855 1865 908 omni
1909 862 2191 909 creaturae.

630 949 733 1016 Qui
803 948 1114 1011 crediderit,
1164 956 1218 1000 et
1263 947 1570 1014 baptizatus
1608 945 1786 1012 fuerit,
1819 946 2000 1000 salvus
2044 949 2189 1001 erit:

628 1041 719 1109 qui
778 1054 909 1092 vero
959 1053 1067 1092 non
1114 1039 1427 1101 crediderit,
1484 1037 1958 1092 condemnabitur.
1992 1057 2010 1090 ι
2053 1038 2192 1105 Quid

629 1143 712 1186 est
758 1141 936 1185 autem
985 1146 1046 1183 ea
1102 1131 1454 1198 praedicatio?
1525 1130 1773 1184 tEnntes
1839 1131 2024 1189 docete
2077 1131 2191 1202 (94)

629 1239 816 1280 omnes
848 1232 1055 1292 gentes,
1099 1223 1430 1290 baptizsintes
1465 1236 1558 1276 eos
1587 1223 1638 1276 in
1667 1222 1881 1276 nomine
1908 1221 2104 1284 Patris,
2139 1233 2193 1276 ct

630 1315 778 1379 Filii,
811 1324 865 1368 et
902 1312 1137 1382 Spiritus
1179 1313 1372 1368 sancti.
1407 1331 1426 1364 ›
1472 1313 1622 1378 Quod
1666 1323 1721 1366 et
1770 1311 1965 1366 Paulus
2003 1312 2192 1366 obser-

628 1420 760 1458 vans
815 1405 1030 1473 scripsit
1063 1423 1076 1459 :
1109 1423 1125 1454 ι
1161 1403 1345 1457 Gratia
1381 1403 1493 1472 (95)
1556 1402 1766 1458 Domini
1835 1404 2002 1457 nostri
2065 1403 2189 1458 Jcsu

628 1494 853 1559 Christi,
887 1506 941 1548 et
975 1495 1213 1548 Charitas
1267 1495 1354 1547 Dei
1381 1505 1432 1548 et
1465 1494 1658 1557 Patris,
1693 1502 1745 1548 et
1773 1493 2192 1547 communicatio

629 1587 867 1656 Spiritus
909 1587 1106 1648 sancti,
1139 1601 1260 1639 cum
1289 1586 1540 1639 omnibus
1573 1585 1748 1638 vobis.
1779 1604 1799 1637 ι
1836 1585 2005 1651 Quam
2029 1585 2190 1653 spiri-

627 1679 787 1732 talem
838 1679 1378 1732 comnmnicationem
1436 1676 1717 1730 catholica:
1744 1677 1908 1732 etiam
1941 1676 2190 1744 Epistolte

626 1771 706 1825 sic
761 1779 916 1825 antea
967 1769 1076 1841 (96)
1127 1771 1536 1824 nominaverant
1579 1786 1594 1824 :
1636 1769 1748 1825 «Ut
1805 1768 1922 1824 sitis
1968 1767 2078 1839 (97)
2109 1769 2190 1822 di-

2297 579 2566 649 μένοντος.
2599 598 2617 630 ι
2664 580 2946 634 Ἐδεδοίκει
2981 580 3087 652 γὰρ
3114 581 3241 652 [119
3265 581 3317 655 bJ
3342 583 3428 634 τὸν
3457 587 3816 651 παρακελευσά-

2297 687 2454 740 μενον
2482 672 2538 723 ὲν
2565 669 2642 740 τῷ
2677 669 2815 724 κατά
2839 672 3062 744 Μάρκον
3085 674 3396 742 Εύαγγελίῳ
3418 689 3432 704 ο
3460 693 3476 724 ι
3499 675 3815 746 Πορευθέντες

2293 764 2370 826 είς
2391 762 2479 815 τὸν
2510 762 2709 832 κόσμον
2735 763 2928 827 πάντα,
2967 764 3238 836 κηρύξατε
3265 766 3324 818 τὸ
3362 767 3664 836 Εὐαγγέλιον
3690 770 3816 842 πάσῃ

2291 857 2356 925 τῇ
2379 855 2569 910 κτίσει.
2620 856 2676 908 '0
2699 856 2990 920 πιστεύσας
3017 858 3110 909 καὶ
3153 858 3462 927 βαπτισθεὶς
3521 859 3814 930 σωθήσεταιο

2291 949 2319 999 ὁ
2347 946 2403 999 δὲ
2447 947 2754 1017 ἀπιστήσας
2787 948 3266 1020 κατακριθήσεται.
3297 970 3314 1000 ι
3346 950 3410 1002 Τί
3439 951 3569 1004 δὲτὸ
3593 953 3816 1022 κήρυγμά

2291 1037 2469 1101 ὲστιν;
2510 1037 2910 1108 «Πορευθέντες
2963 1039 3340 1110 μαθητεύσατε
3390 1043 3556 1094 πάντα
3605 1041 3666 1094 τά
3690 1042 3814 1113 ἔθνη,

2295 1127 2638 1197 βαπτίζοντες
2662 1127 2855 1190 αὐτοὺς
2882 1130 2960 1191 είς
2989 1128 3048 1181 τὺ
3079 1129 3246 1199 ὄνομα
3271 1129 3364 1182 τοῦ
3385 1130 3603 1200 Πατρὸς,
3635 1131 3718 1182 καὶ
3738 1130 3814 1183 τοῦ

2295 1216 2440 1280 Υίοῦ,
2468 1217 2560 1270 καὶ
2588 1217 2679 1270 τοῦ
2706 1219 2860 1286 ἀγίου
2893 1219 3228 1288 Πνεύματος.
3257 1237 3274 1270 ι
3309 1220 3484 1289 Ὅπερ
3523 1220 3609 1272 καὶ
3640 1218 3816 1281 Παῦλος

2292 1310 2571 1378 φυλάττων
2599 1309 2862 1380 ἔγραψεν
2906 1329 2923 1361 ι
2947 1310 3009 1362 Ἡ
3035 1311 3190 1381 χάρις
3212 1309 3305 1362 τοῦ
3335 1310 3532 1381 Κυρίου
3562 1310 3701 1379 ἡμῶν
3731 1311 3816 1377 ’1ης

2293 1403 2385 1456 σοῦ
2413 1403 2665 1474 Χριστοῦ,
2698 1405 2791 1456 καὶ
2827 1405 2859 1473 ή
2885 1403 3070 1472 ἀγάπη
3103 1401 3194 1455 τοῦ
3218 1401 3351 1454 Θεοῦ
3384 1402 3475 1454 καὶ
3504 1401 3713 1472 Πατρὸς,
3739 1401 3816 1453 καὶ

2289 1498 2320 1562 ή
2376 1495 2625 1547 κοινωνία
2685 1493 2778 1546 τοῦ
2850 1494 3003 1560 ἁγίου
3061 1494 3392 1563 Πνεύματος,
3449 1491 3579 1562 μετά
3629 1493 3816 1544 πάντων

2291 1585 2463 1655 ὑμῶν.
2504 1604 2521 1636 ›
2581 1585 2807 1637 ’Ήντινα
2861 1586 3233 1654 πνευματικὴν
3290 1583 3566 1636 κοινωνίαν
3631 1581 3712 1633 καὶ
3760 1582 3816 1632 τά

2289 1675 2566 1730 Καθολικά
2596 1676 3088 1746 προκατωνόμασεν
3112 1675 3441 1745 χαράγματα
3467 1672 3627 1735 οὕτως
3644 1689 3656 1701 ο
3684 1691 3700 1721 ι
3723 1673 3816 1724 Ἵνα

2289 1767 2514 1837 γένησθε
2546 1766 2694 1829 θείας
2745 1767 2986 1818 κοινωνοὶ
3033 1766 3264 1835 φύσεως.
3297 1785 3315 1818 ι
3353 1767 3504 1828 Τίνες
3534 1765 3587 1816 δὲ
3634 1766 3678 1816 oi
3707 1765 3813 1816 ἀπι-

626 1862 764 1916 vinte
787 1863 1245 1916 communicantes
1271 1859 1386 1932 (seu
1419 1860 1730 1931 participes)
1756 1870 1980 1916 naturae.
2014 1879 2033 1912 ι
2068 1860 2182 1928 Qui-

2291 1857 2560 1920 στοῦντες,
2594 1857 2687 1910 καὶ
2712 1856 2800 1908 διὰ
2825 1856 2982 1910 τοῦτο
3033 1857 3479 1926 κατακρινόμενοι
3504 1872 3516 1920 ;
3561 1857 3618 1907 Οί
3644 1853 3816 1921 ταύτην

629 1967 752 2005 nam
793 1967 921 2006 vero
961 1961 1085 2005 sunt
1124 1966 1230 2005 non
1277 1953 1584 2014 eredeutes,
1613 1960 1666 2004 et
1706 1953 1844 2004 hanc
1872 1953 1940 2005 ob
1965 1964 2184 2005 causam

626 2043 1007 2097 condemnati?
1042 2042 1139 2108 Qui
1176 2044 1312 2097 hanc
1350 2059 1453 2096 non
1501 2051 1720 2097 servant
1761 2043 1982 2096 honoris
2008 2055 2187 2109 aequa-

627 2133 832 2187 litatem
860 2134 1088 2188 debitam
1119 2144 1318 2187 sancta:
1348 2131 1620 2186 'l'riuitati.
1650 2131 1854 2198 Quibus
1880 2147 2066 2185 rursus
2093 2145 2187 2199 per

629 2223 854 2279 Paulum
899 2226 1265 2280 denuntiatum
1318 2233 1401 2281 est
1447 2225 1500 2279 in
1549 2225 1787 2294 Epistola
1829 2223 1894 2278 ad
1929 2222 2180 2279 Galatas:

637 2317 821 2372 iSunt
851 2318 1013 2387 aliqui
1043 2317 1184 2390 (98),
1241 2318 1331 2388 qui
1379 2333 1476 2373 vos
1531 2319 1886 2383 conturbant,
1946 2315 2183 2372 volentes

627 2417 842 2463 vertere
875 2408 1220 2477 Evangelium
1250 2408 1473 2464 Christi.
1527 2407 1630 2462 Sed
1679 2408 1780 2462 etsi
1825 2407 2046 2476 angelus
2087 2420 2181 2460 vos

629 2501 696 2554 de
731 2499 871 2554 coelo
900 2500 1057 2554 aliter
1095 2500 1511 2569 evangelizuret,
1547 2509 1739 2569 prazter
1775 2499 1824 2553 id
1860 2499 2000 2566 quod
2029 2512 2185 2550 evan-

624 2591 840 2660 gelizati
897 2593 1046 2655 estis,
1097 2592 1382 2646 anathema
1433 2592 1525 2645 sit.
1576 2592 1640 2644 lit
1688 2591 1882 2645 iterum
1931 2591 2054 2645 dico
2085 2607 2098 2643 :
2127 2587 2182 2643 Si

625 2683 750 2751 quis
780 2697 873 2736 vos
903 2682 1357 2752 evangelizaverit
1386 2694 1580 2750 prater
1605 2682 1654 2735 id
1685 2683 1826 2750 quod
1876 2682 2181 2750 accepistis,

627 2775 910 2827 anathema
945 2774 1038 2828 sit.
1073 2791 1092 2825 ι
1152 2771 1514 2828 Traditionem
1549 2788 1675 2827 vero
1711 2772 2011 2842 traIISgredi
2048 2773 2176 2828 dum

625 2865 788 2934 260
815 2873 979 2929 vetat,
1012 2865 1340 2918 antedictum
1378 2866 1449 2918 ibi
1487 2865 1732 2933 intelligit
1769 2864 2006 2918 divinum
2035 2880 2184 2919 man-

627 2957 834 3019 datum,
891 2970 995 3009 non
1051 2957 1396 3010 traditionem
1440 2954 1786 3019 Arianorum,
1812 2963 1863 3008 et
1895 2955 2183 3008 Eunomia-

624 3059 836 3111 norum,
871 3054 924 3099 et
955 3045 1485 3110 Macedonianorum,
1517 3045 1605 3113 qui
1647 3046 1745 3099 has
1789 3045 2182 3099 denominatio-

2290 1949 2363 2019 μὴ
2409 1948 2761 2017 φυλάττοντες
2800 1947 2897 2018 τὴν
2947 1947 3212 2016 ἰσοτιμίαν
3251 1947 3348 2016 τῆς
3401 1946 3554 2013 ἁγίας
3588 1944 3813 2015 Τριάδοςο

2284 2037 2477 2094 οἷστισι
2555 2040 2648 2093 καὶ
2705 2035 2859 2102 αὖθις
2906 2039 2992 2092 διὰ
3048 2039 3258 2092 Παύλου
3294 2037 3649 2110 παρήγγειλεν
3692 2039 3741 2089 ἐν
3762 2038 3814 2104 τῇ

2285 2133 2420 2204 πρὸς
2448 2132 2686 2195 Γαλάτας
2735 2132 2986 2202 ἐπιστολῇ
3008 2150 3023 2165 ο
3057 2151 3074 2182 ι
3118 2131 3237 2184 Εἰσί
3293 2149 3456 2194 τινες,
3491 2133 3671 2193 οἵτινες
3698 2129 3816 2197 ὑμᾶς

2285 2221 2573 2295 θορυϐοῦσι
2604 2263 2618 2286 ,
2683 2223 2924 2285 θέλοντες
2984 2223 3208 2292 στρέψαι
3271 2224 3330 2275 τὸ
3378 2221 3818 2289 ΕὑαγγέλιονΧρι-

2286 2314 2408 2367 στοῦ
2432 2332 2444 2344 ’
2473 2315 2584 2367 ἀλλ’
2612 2316 2659 2367 εί
2710 2315 2803 2367 καὶ
2844 2313 3070 2380 ἄγγελος
3123 2314 3265 2383 ὑμᾶς
3312 2315 3406 2366 ἀπ’
3435 2311 3650 2383 ούρανοῦ
3672 2309 3817 2369 ἄλλως

2284 2405 2718 2476 εὐαγγελίσηται,
2747 2406 2872 2476 παρ’
2895 2407 2922 2458 ὃ
2949 2405 3391 2476 εύαγγελίσθητε,
3417 2405 3652 2473 ἀνάθεμα
3680 2402 3813 2452 ἔστω.

2284 2495 2390 2546 Καὶ
2423 2493 2580 2548 πάλιν
2643 2494 2784 2561 λέγω
2805 2509 2817 2522 ⁸
2860 2494 2926 2547 Εἴ
2956 2512 3038 2558 τις
3074 2495 3215 2564 ὑμᾶς
3245 2494 3672 2563 εὐαγγελίσηται,
3705 2490 3812 2558 παρ’

2282 2587 2310 2638 ὃ
2335 2587 2690 2656 παρελάϐετε,
2718 2586 2960 2656 ἀνάθεμα
2991 2587 3147 2639 ἔστω.
3173 2605 3191 2636 ι
3231 2585 3532 2654 Παράδοσιν
3559 2583 3611 2634 δὲ
3641 2581 3706 2651 μὴ
3727 2594 3816 2631 πα-

2285 2677 2650 2748 ραϐαίνεσθαι,
2706 2679 2803 2750 τὴν
2842 2677 3226 2750 προλεχθεῖσαν
3274 2675 3438 2730 αὐτοῦ
3489 2670 3603 2726 εἷπε
3658 2669 3806 2738 θεῖκὴι

2283 2769 2518 2839 ἐντολὴν,
2542 2770 2600 2822 ού
2624 2769 2720 2839 τὴν
2759 2771 3069 2840 ’Λρειανῶν,
3101 2771 3194 2822 καὶ
3215 2766 3578 2838 Εὑνομιανῶν,
3608 2763 3691 2817 καὶ
3718 2763 3815 2815 Μα-

2283 2860 2622 2924 κεδονιανῶν,
2655 2861 2764 2914 τῶν
2796 2861 2891 2932 τὴν
2932 2861 3297 2932 προσηγορίαν
3337 2859 3537 2929 ταύτην
3565 2857 3810 2925 κληρωσα·

2285 2951 2458 3020 μένων
2485 2952 2576 3004 ἀπ’
2620 2953 2862 3015 ἐκείνων,
2923 2946 2995 3005 ὧν
3027 2955 3091 3022 τῇ
3122 2951 3339 3025 δοκῄσει
3401 2947 3811 3021 ὲξηκολούθησαν,

2281 3043 2375 3096 καὶ
2405 3043 2508 3096 τῶν
2539 3043 2694 3096 θείων
2727 3044 3093 3115 κηρυγμάτων
3133 3045 3651 3114 καταφρονήσαντες,
3679 3037 3815 3104 νόμον

633 3151 731 3190 nes
759 3135 824 3193 ab
856 3136 961 3190 illis
989 3136 1164 3191 sortiti
1194 3146 1340 3202 sunt,
1388 3151 1613 3203 quorum
1667 3135 1973 3204 opinionem
2003 3136 2072 3188 ita
2101 3150 2182 3190 se-

2284 3134 2382 3204 τὴν
2433 3135 2650 3188 ἐκείνων
2679 3135 2987 3206 ἀδολεσχίαν
3035 3136 3375 3205 ἐποιήσαντο,
3404 3135 3521 3189 οὐδὲ
3543 3132 3642 3186 τῶν
3669 3127 3814 3184 ἄλλων

629 3235 909 3294 quuntur,
957 3237 1016 3280 ut
1067 3227 1274 3281 divinas
1315 3225 1721 3295 praedicationes
1757 3236 2178 3292 contemnentes,

2287 3221 2536 3276 ἁκούοντε
2544 3241 2589 3286 ς.

628 3316 842 3370 illorum
874 3318 1265 3386 garrulitatem,
1291 3335 1352 3372 ac
1381 3334 1547 3389 nugas
1570 3318 1701 3388 legis
1726 3318 1897 3372 instar
1926 3317 2181 3386 habeant,

628 3406 764 3460 alios
791 3422 918 3462 vero
944 3423 1008 3462 ne
1029 3408 1249 3462 audiant
1276 3409 1510 3478 quidem.

695 3497 958 3568 Quidquid
1022 3499 1131 3570 (99)
1191 3499 1497 3553 immortalis
1575 3498 1668 3552 Dei
1733 3499 1949 3579 consilia
2013 3501 2181 3552 mani-

689 3635 757 3690 Id
791 3646 868 3697 tu.
901 3639 991 3708 qui
1021 3637 1257 3691 mortalis
1296 3655 1368 3698 es.
1396 3637 1697 3705 ﬁrmissime
1731 3569 2109 3694 leuandum"

627 3704 1004 3786 Nemi-amenta
1032 3726 1061 3760 a
1093 3709 1284 3786 dolosis
1319 3704 1611 3786 hominibus
1635 3709 1874 3786 deceptus

693 3776 1032 3832 Cohibitiouis
1072 3781 1294 3832 nescium
1331 3779 1635 3831 immortalis
1687 3780 1912 3917 utimini:
1949 3780 2083 3831 iram
2125 3780 2180 3834 in

1772 3865 1816 3901 Ie
1843 3851 2092 3902 attrahas.

1879 3867 2092 3902 (trullas.

1195 3940 1418 3996 CAPUT
1473 3941 1606 3998 Xlll.

619 4030 699 4088 De
743 4033 807 4086 iis
841 4032 952 4099 qui,
996 4040 1050 4085 ut
1095 4032 1350 4096 Spiritum
1395 4033 1705 4098 deprimant,
1754 4032 1980 4100 a/ferunt
2023 4032 2178 4086 illud:

761 4101 872 4156 Nisi
906 4104 1027 4172 quis
1061 4113 1215 4154 natus
1240 4101 1399 4155 fuerit
1425 4116 1487 4155 ex
1519 4117 1656 4170 aqua
1691 4112 1744 4155 et
1775 4105 1996 4170 Spiritu.

689 4255 754 4311 lii
797 4265 976 4311 autem
1009 4269 1154 4310 mera
1193 4255 1449 4309 vocabula
1501 4265 1828 4324 aucupantes
1860 4256 1957 4328 (l).
1995 4272 2058 4313 ac
2091 4273 2175 4321 ea,

621 4362 741 4417 quae
770 4349 834 4402 de
873 4347 1070 4415 Spiritu
1101 4355 1288 4400 sancto
1317 4346 1455 4399 dicta
1489 4357 1635 4411 sunt,
1671 4346 1723 4399 in
1753 4361 1902 4400 suam
1941 4347 2174 4416 ipsorum

620 4438 915 4510 perniciem
963 4438 1289 4502 minuentes,
1325 4437 1574 4506 inquiunt
1606 4455 1619 4489 :
1650 4437 1798 4506 Aqua
1828 4451 1956 4508 ergo
1985 4439 2173 4508 aequali

2284 3478 2474 3532 Ὄσσα
2506 3496 2613 3532 κεν
2655 3479 2970 3534 ἀθανάτοιο
3019 3481 3166 3536 Θεοῦ
3211 3482 3600 3555 ,βουλεύματα
3625 3480 3814 3552 φαίνειν

2357 3614 2543 3668 Ίὶιῦτα
2575 3615 2677 3680 σὺ,
2700 3616 2913 3684 θνητὸς
2939 3616 3070 3683 ἐὼν,
3101 3619 3236 3688 ἴσχε
3253 3620 3399 3689 μάλ’
3426 3620 3550 3692 [120
3571 3617 3626 3703 μ]
3643 3619 3813 3703 ’ἀσφα-

2280 3753 2446 3820 Μηδὲ
2472 3755 2614 3808 νόον
2631 3754 2923 3825 deliciam
2955 3758 3052 3808 ὑπ’
3091 3758 3451 3825 ἀνθρώποισι

2354 3825 2636 3892 Ἀσχετον
2663 3824 2957 3878 ἀθανάτου
2973 3826 3160 3894 μῆνιν
3189 3824 3576 3885 smundat-xu.

2919 3935 3072 3987 ΚΕΦ.
3114 3937 3210 3991 Il".

2279 4027 2414 4093 Περὶ
2447 4025 2565 4079 τῶν
2588 4029 2736 4097 πρὸς
2789 4030 3093 4084 εὐτέλειαν
3118 4028 3222 4081 τοῦ
3270 4031 3611 4098 Πνεύματος
3639 4025 3813 4098 ἐπιρρεῖ

2341 4089 2571 4162 ἰδόντων
2611 4089 2726 4164 ἰὸ,⁷
2759 4101 2880 4153 Ἐὰν
2930 4101 3002 4171 μή
3033 4115 3115 4161 τις
3164 4099 3396 4171 γεννηθῇ
3426 4089 3495 4164 ’ἐξ
3525 4089 3701 4158 ὕδόιτος
3729 4089 3816 4145 imi

2351 4165 2679 4235 Πνεύματος.

2346 4251 2503 4310 Οῦτοι
2567 4259 2621 4312 δὲ
2684 4259 3106 4333 λεξιθηροῦντες,
3167 4262 3260 4316 καὶ
3287 4261 3355 4315 τά
3386 4263 3513 4333 περί
3543 4259 3632 4314 τοῦ
3678 4253 3814 4323 ἁγίου

2279 4350 2591 4421 Πνεύματος
2623 4354 2741 4406 καθ’
2771 4355 2975 4408 ἑαυτῶν
3011 4355 3415 4426 σμικρύνοντες,
3477 4353 3664 4423 φασίνο
3694 4347 3812 4401 Οὐκ-

2277 4441 2371 4495 οῦν
2405 4445 2717 4516 ίσοδύναμον
2748 4449 2839 4500 καὶ
2865 4447 3310 4518 συνδοξαζόμενον
3343 4447 3404 4500 τὸ
3431 4447 3571 4518 ὕδωρ
3598 4441 3669 4512 τῷ
3697 4434 3814 4506 ἁγίῳ

693 4574 800 4656 (θῖ)
831 4573 1151 4656 Regenerati.
1211 4572 1229 4626 I
1271 4571 1413 4628 Petr.
1449 4588 1501 4656 1,
1530 4572 1619 4626 23.
1659 4572 1924 4656 Qtueiiic
1957 4573 2172 4656 attingit
2205 4582 2246 4635 D
2346 4578 2456 4648 (96)
2481 4581 2664 4656 Antea.
2717 4584 2796 4656 An
2832 4584 3116 4653 Epistolam
3167 4583 3313 4637 Petri
3365 4583 3678 4656 secundant
3700 4575 3814 4655 sor-i-

621 4644 894 4715 Didymus,
930 4660 992 4698 ea
1029 4644 1193 4697 fusius
1238 4645 1575 4715 persequitur
1603 4644 1946 4715 enarratione
1971 4644 2022 4715 in
2063 4646 2171 4715 pri-

619 4711 759 4768 mum
790 4713 934 4767 Petri
967 4715 1031 4766 ad
1065 4715 1203 4766 hunc
1241 4713 1428 4764 locum.
1475 4731 1493 4763 ι
1529 4711 1620 4765 Est
1647 4713 1788 4765 enim
1823 4713 2038 4783 (inquit)
2075 4714 2176 4780 pri-

618 4801 709 4838 ma
767 4785 1019 4838 nativitas
1069 4787 1356 4837 secundum
1406 4783 1574 4835 Adam
1630 4783 1909 4847 mortalis,
1962 4792 2014 4836 et
2060 4784 2176 4837 ideo

622 4854 986 4919 corruptibilis
1007 4893 1022 4914 ,
1059 4853 1323 4921 posterior
1356 4863 1532 4905 autem
1557 4867 1619 4904 ex
1651 4851 1880 4921 Spiritu,
1914 4864 1966 4906 et
2001 4853 2174 4908 Verbo

620 4938 833 4992 semper
859 4920 1070 4976 vivente
1096 4922 1203 4974 Dei.
1238 4922 1300 4974 Et
1337 4923 1435 4974 hoc
1467 4936 1594 4990 ergo
1619 4920 1872 4988 Verbum,
1905 4923 2046 4990 quod
2081 4938 2175 4990 pro

620 4993 825 5046 semine
881 4995 1114 5062 ponitur,
1171 4993 1474 5059 incorrupta
1527 4995 1876 5062 demonstrat,
1932 4994 2054 5058 quia
2107 5008 2173 5048 ex

620 5064 840 5124 virtute,
891 5071 942 5114 et
976 5061 1172 5129 Spiritu
1220 5062 1267 5114 ei
1322 5070 1648 5128 congruente
1710 5061 2176 5117 diciturincorru-

620 5142 770 5198 ptum
797 5149 811 5185 :
850 5150 868 5183 ‹
894 5132 1078 5186 Omnis
1099 5149 1117 5182 ι
1147 5132 1313 5195 enim,
1350 5132 1478 5200 «qui
1513 5131 1754 5200 nascitur
1800 5145 1864 5183 ex
1898 5131 2028 5198 Deo,
2054 5147 2177 5200 pec-

619 5197 796 5254 catum
829 5217 933 5254 non
986 5200 1131 5263 facit,
1170 5197 1420 5267 quoniam
1471 5215 1652 5255 semen
1711 5197 1824 5266 ejus
1857 5201 1907 5253 in
1969 5197 2032 5254 eo
2055 5197 2176 5254 ma-

620 5281 713 5323 net
839 5289 856 5323 ι
893 5270 1078 5324 Vivum
1115 5283 1238 5322 vero
1268 5280 1322 5323 et
1348 5285 1666 5338 permanens
1693 5267 1923 5324 Verbum
1949 5271 2174 5328 dicimus

617 5341 910 5396 secundum
954 5340 1312 5405 evuiigelicatn
1339 5339 1691 5406 disciplinam.
1719 5357 1738 5389 ι

713 5409 1038 5480 95)-Euntes.
1076 5409 1238 5480 Marc.
1273 5424 1382 5480 xvi,
1420 5410 1486 5463 15
1511 5420 1563 5462 et
1596 5411 1679 5464 16.

715 5478 803 5550 94)
833 5479 1026 5532 Euntes
1056 5478 1248 5550 docete.
1274 5478 1484 5550 Matth.
1517 5495 1706 5542 xxvm,
1738 5480 1822 5535 19.
1852 5481 1903 5534 In
1929 5480 2065 5536 libro
2101 5480 2175 5535 De

627 5546 712 5621 Sp.
740 5546 941 5621 tarpeio,
973 5564 1118 5600 nmn.
1145 5546 1234 5621 2},
1273 5548 1529 5621 impressa
1551 5551 1895 5621 exemplaria,
1930 5560 1983 5621 et
2008 5552 2169 5605 codex

618 5618 807 5673 hoster
845 5619 1040 5672 habent
1072 5635 1084 5670 :
1129 5636 1146 5666 ‹
1176 5618 1370 5670 Euntes
1410 5619 1499 5682 ite,
1533 5628 1587 5672 et
1619 5620 1820 5674 dooete.
1850 5639 1868 5670 ι
1934 5620 2037 5674 Sed
2075 5636 2171 5675 ex-

620 5690 914 5760 pungendze
942 5687 1423 5760 videnturvo‘culm,
1467 5691 1610 5760 tite
1642 5697 1694 5742 et
1718 5708 1736 5740 ι
1776 5707 1789 5743 :
1839 5707 1969 5758 quas
1999 5709 2062 5748 ne
2085 5706 2173 5746 co-

620 5759 718 5812 dex
739 5757 954 5825 quidem
984 5773 1081 5811 ms.
1107 5773 1134 5809 a
1170 5757 1425 5810 Vallarsio
1466 5757 1532 5811 ibi
1567 5760 1760 5815 citatus
1787 5757 1966 5815 habet.

689 5830 798 5903 (95)
832 5830 1034 5884 Gratia.
1067 5827 1101 5880 ll
1132 5829 1196 5881 ad
1229 5827 1349 5881 Cor.
1380 5843 1497 5891 xm,
1527 5827 1609 5881 15.

2279 4645 2594 4771 ᾓξξὶὲιιζϊθεδε
2641 4653 2838 4708 indicat
2870 4645 2994 4708 ante
3027 4656 3314 4708 secundam
3363 4652 3519 4708 Pauli
3550 4651 3614 4705 ad
3643 4645 3811 4704 Coriuc

2493 4788 2560 4863 {It
2587 4791 2718 4863 sitis.
2756 4791 2798 4845 11
2836 4793 2978 4863 ΡΑθῑτ.
3020 4808 3057 4858 I,
3097 4793 3150 4848 4.
3650 4857 3662 4863 _
3773 4849 3783 4863 ,

2291 4858 2294 4862 ’
2348 4857 2459 4929 (98)
2486 4859 2614 4913 Sunt
2648 4862 2829 4931 aliqui.
2855 4861 3032 4916 Gnlat.
3059 4880 3095 4929 ι,
3142 4863 3254 4918 7-9.
3298 4863 3530 4919 Sensum
3563 4857 3723 4930 potius
3745 4857 3809 4906 ci-

2279 4935 2378 5000 tat,
2411 4944 2567 4996 quam
2595 4931 2703 4996 ipsa
2730 4933 2886 4985 verba
2918 4932 3086 4995 Pauli,
3146 4949 3264 5000 quse
3303 4934 3468 4989 veluti
3503 4935 3553 4987 in
3591 4938 3813 4994 compen-

2281 4998 2671 5080 dilllm‘rf’ﬁiigi-l.
2699 5003 3005 5080 tri-emoriter
3036 4998 3381 5080 eaAaﬂei-ens.

2348 5067 2456 5141 (99)
2492 5067 2772 5138 Quidquid.
2803 5070 3076 5124 Librarius
3107 5073 3158 5125 in
3211 5075 3450 5141 margine
3491 5071 3628 5124 hanc
3667 5073 3811 5131 atlI'O'

2275 5137 2382 5190 suit
2410 5137 2838 5205 explicationem,
2873 5156 3031 5211 quam
3070 5152 3124 5194 ut
3152 5137 3592 5204 Latinévertam,
3619 5145 3811 5190 necesse

2275 5222 2382 5259 non
2412 5218 2513 5260 est.

2276 5276 2417 5329 Ὅσα
2467 5276 2558 5328 τοῦ
2618 5277 2882 5332 ἀθανάτου
2941 5279 3072 5333 Θεοῦ
3113 5280 3182 5334 τὰ
3226 5279 3814 5393 βουλεύματαῐφανῗρθ·

3603 5361 3711 5393 ποιε

3227 5347 3237 5350 ⁷
3425 5347 3435 5351 ’
3691 5347 3734 5395 εἰ

2342 5416 2527 5472 Ταῦτα
2559 5419 2644 5484 σὺ,
2692 5419 2882 5490 θνητὸς
2904 5420 3181 5490 ὑπάρχων,
3239 5420 3434 5490 κάτεχε
3493 5347 3812 5557 πάιὲἔῖάέφα.

3638 5505 3704 5538 -ω
3747 5498 3758 5510 ’

2272 5557 2421 5632 Mals;
2443 5559 2532 5632 τὸν
2557 5558 2680 5632 νοῦν
2715 5576 2806 5611 σου
2841 5558 2944 5612 ὑπὸ
2986 5559 3182 5632 sane»
3233 5559 3533 5632 ἀνθρώπων
3559 5527 3814 5632 ⁸ὲόῖιῖἷεῖςὶςε

2343 5618 2452 5699 Τὴν
2508 5629 2872 5700 ἀκατάσχετον
2920 5629 3013 5681 τοῦ
3064 5618 3345 5685 άθανάτου¹
3383 5629 3521 5681 Θεοῦ
3549 5625 3706 5700 ὀργὴν
3737 5618 3808 5686 ἐφ’

2807 5695 2868 5772 .\\__
2961 5769 2986 5772 _
3209 5771 3214 5772 γ
3289 5700 3501 5772 filatim
3523 5695 3757 5764 ἑλκύσῃς-

2293 5791 2309 5805 -
2342 5766 2794 5840 (1)7Ancupantes.
2846 5767 2900 5840 In
2949 5769 3154 5840 Grmco,
3207 5766 3650 5840 λιεξιθηροῦντεςο
3679 5770 3814 5830 ’ςιιίε

2273 5851 2377 5891 vos
2407 5839 2551 5893 deest
2578 5841 2628 5894 in
2674 5839 2972 5910 vulgaribus
2999 5839 3224 5897 Lexicis.
