4082 6406
314 286 417 342 6.99

1345 289 1430 343 DE
1469 286 1839 345 TRINITATE
1879 284 2082 348 LIBER
2121 286 2502 353 SECUNDUS.

3435 298 3539 355 690

315 401 589 472 Πνεόματί
612 405 789 457 ἐστιν’
826 406 1010 478 ἐπειδὴ
1058 408 1255 479 γράφει
1280 424 1292 436 ·
1356 427 1373 458 ι
1398 408 1519 460 Ἐὰν
1552 410 1625 477 μή
1652 426 1735 471 τις
1766 426 1867 477 γενι

1990 422 2253 479 potestate
2280 414 2498 483 praedita
2526 422 2625 478 est,
2662 429 2724 468 ae
2761 413 2990 483 Spiritus
3019 422 3257 474 sanctus.
3291 423 3341 469 et
3378 416 3539 470 simul

314 493 450 565 νηθῇ
479 494 536 558 ἐξ
565 494 754 559 ὓδατος
775 500 869 549 καὶ
902 499 1233 569 Πνεῦματος.
1264 515 1286 551 ι
1316 498 1483 551 Τοῦτο
1504 498 1558 551 δὲ
1586 502 1884 572 κατηγορῆ-

1984 518 2105 556 cum
2160 504 2275 573 ipso
2318 504 2611 574 gloriﬁcata
2660 523 2673 559 :
2724 521 2843 559 cum
2907 506 3160 574 scriptum
3225 506 3331 561 sit:
3380 505 3537 567 {Nisi

313 586 583 639 σαί⁹ὲστιν
624 587 853 652 ἑαυτῶν,
916 589 991 653 ὡς
1031 590 1550 660 ἐπιλαμϐανομένων
1584 591 1675 643 τοῦ
1706 592 1867 655 καλῶς

1983 593 2103 659 quis
2147 604 2305 647 natus
2343 593 2503 647 fuerit
2529 609 2593 647 ex
2620 609 2758 663 aqua
2788 603 2843 649 et
2876 592 3100 661 Spiritu.
3134 612 3152 645 ι
3186 596 3256 649 At
3288 594 3389 650 hoc
3410 596 3534 664 qui-

312 676 685 747 φθεγξαμένου
717 680 854 749 αὐτὰ
900 681 1155 750 Χριστοῦ,
1198 682 1289 734 καὶ
1340 681 1631 747 διαϐαλεῖν,
1690 681 1723 735 ἃ.
1760 682 1881 753 μηδ’

308 767 339 819 6
361 767 568 837 Μῶμος
588 770 856 824 διαϐαλεῖν
889 770 1199 842 δυνήσεται·
1242 773 1301 825 οὐ
1334 774 1437 845 μὴν
1470 776 1598 828 ἴδιον
1626 776 1882 844 Χριστιαο

308 856 437 909 νῶν.
471 859 581 929 Οὐχ
605 860 678 923 ὼς
706 862 1050 915 συντάττεται
1090 863 1197 934 γὰρ
1232 865 1264 933 ἡ
1298 864 1426 932 ἁγία
1448 864 1615 935 Τριὰς
1644 866 1879 935 ὲμνημο⁶

309 947 475 1016 νεύθη
500 950 591 1001 καὶ
614 951 851 1024 τὸοῦδωρ
871 968 883 981 ’
945 952 1057 1006 ἀλλ’
1090 952 1163 1016 ὡς
1196 957 1223 1006 6
1254 953 1407 1022 λόγος
1454 955 1729 1019 ἀπέδωκε,
1786 955 1878 1008 καὶ

307 1036 385 1098 ὠς
414 1038 639 1109 ἑτέρωθι
671 1041 786 1111 ἅμα
836 1041 910 1113 τῷ
944 1043 1193 1114 ἀθανάτῳ
1244 1044 1359 1115 Θεῷ
1404 1044 1573 1115 θνητὰ
1615 1062 1877 1115 συνεμνη-

312 1129 570 1201 μονεῦθη.
619 1132 923 1203 Γέγραπται
959 1135 1097 1207 γάρ·
1138 1154 1155 1186 ι
1180 1137 1461 1207 Ἥμαρτον
1490 1140 1567 1200 είς
1592 1136 1680 1189 τὸν
1717 1137 1876 1207 οὐρα-

310 1218 398 1271 νὸν
450 1223 545 1273 καὶ
576 1225 654 1287 είς
714 1225 841 1277 σέ·›
880 1228 970 1278 καὶ
1002 1226 1190 1279 πάλιν·
1229 1246 1246 1277 ι
1289 1226 1633 1279 Ἐπὶστευσεν
1694 1229 1722 1280 6
1751 1227 1876 1291 λαὸς

312 1312 388 1381 τῷ
428 1313 550 1383 θεῷ
614 1316 705 1367 καὶ
747 1318 971 1370 Μωῦσεῖ
1023 1318 1097 1389 τῷ
1151 1318 1438 1390 θεράποντι
1490 1320 1687 1374 αὐτοῦ’
1716 1340 1733 1370 ι
1780 1319 1874 1373 καὶ

309 1403 509 1455 πάλινσ
575 1407 731 1469 «Πᾶς
766 1409 794 1460 6
847 1409 973 1471 λαὸς
1028 1408 1270 1477 ἐφοϐεῖτο
1311 1410 1400 1462 τὸν
1450 1410 1580 1462 Θεὸν
1626 1412 1717 1463 καὶ
1767 1412 1869 1463 Σα-

306 1494 485 1565 μουήλ
509 1511 523 1525 ·
551 1515 570 1547 ι
625 1499 718 1550 καὶ
750 1498 933 1551 πάλιν·
987 1519 1004 1550 ι
1028 1503 1133 1553 Καὶ
1182 1497 1247 1572 ἦν
1284 1501 1522 1573 ῥομφαία
1560 1501 1636 1572 τῷ
1688 1503 1872 1574 Κυρίῳ

301 1588 400 1638 καὶ
454 1588 531 1658 τῷ
580 1589 618 1640 Γ
621 1589 816 1642 εδεώνο
850 1611 868 1643 ι
934 1595 1027 1646 καὶ
1082 1594 1141 1645 τὸ
1197 1594 1776 1664 προσυφανθησόμενον
1813 1595 1871 1648 δὲ

295 1671 516 1735 τούτοις
564 1673 822 1745 θεώρημα
902 1678 1246 1747 καίριονλιαὶ
1297 1676 1515 1741 ἐπάξιον
1563 1678 1663 1747 τῆς
1703 1679 1868 1749 ὀρθῆς

1982 685 2101 736 dem
2132 693 2216 738 est
2238 684 2554 748 semetipsos
2579 698 2870 749 accusare;
2906 700 3024 738 nam
3054 684 3326 739 Christum
3356 686 3531 755 ipsum

1980 772 2282 842 obiurgant,
2340 774 2428 841 qui
2482 774 2616 828 scite
2678 775 2779 829 ista
2826 776 2988 829 verba
3055 776 3319 843 protulit:
3353 791 3416 831 ac
3468 791 3533 831 ea

1979 862 2398 928 calumniantur,
2440 879 2559 933 quae
2604 880 2669 919 ne
2707 864 2910 920 Momus
2950 865 3025 937 (2)
3071 866 3286 935 quidem
3326 867 3534 921 calum-

1978 954 2115 1007 niari
2146 963 2327 1024 queat.
2357 954 2409 1008 ld
2438 968 2613 1009 tamen
2638 955 2971 1011 Christianos
2996 956 3233 1011 dedecet.
3260 956 3369 1012 Nec
3391 959 3533 1013 enim

1978 1042 2163 1096 habita
2193 1045 2400 1098 ratione
2441 1045 2664 1111 ordinis,
2708 1060 2770 1100 ac
2816 1045 3091 1115 dignitatis
3131 1057 3425 1101 memorata
3459 1049 3537 1101 ibi

1975 1145 2056 1190 est
2090 1145 2208 1205 post
2235 1150 2476 1192 sanctam
2503 1137 2819 1193 Trinitatem
2848 1140 3007 1194 etiam
3042 1155 3222 1210 aqua;
3275 1143 3367 1195 sed
3404 1142 3533 1211 quia

1974 1228 2050 1282 sic
2109 1243 2283 1284 sermo
2332 1230 2483 1297 tulit;
2530 1230 2669 1286 sicut
2721 1232 2845 1286 alibi
2907 1247 3118 1301 quoque
3196 1234 3350 1289 simul
3408 1249 3533 1288 cum

1975 1313 2260 1366 immortali
2293 1315 2400 1369 Deo
2429 1317 2677 1369 mortalia
2723 1328 3143 1373 commemorata
3194 1330 3320 1373 sunt
3353 1338 3366 1371 :
3395 1322 3532 1375 scri-

1972 1404 2408 1471 ptumestenim:
2446 1422 2464 1455 t
2491 1404 2713 1460 Peccavi
2752 1406 2899 1477 (5)iu
2924 1407 3198 1471 etelum,et
3240 1409 3293 1462 in
3325 1418 3442 1471 ten
3478 1419 3533 1464 et

1975 1510 2202 1549 rursus:
2246 1495 2529 1550 «Credidit
2558 1496 2635 1567 (4)
2672 1498 2893 1566 populus
2951 1499 3080 1563 Deo,
3131 1510 3183 1554 et
3237 1498 3401 1570 Moysi
3448 1500 3529 1554 fa-

1972 1585 2114 1640 mulo
2184 1586 2383 1654 ejus“
2445 1596 2499 1641 et
2563 1603 2748 1643 rursus
2810 1609 2824 1644 :
2884 1607 2903 1641 ι
2960 1590 3143 1644 Omnis
3224 1592 3299 1662 (5)
3363 1607 3532 1661 popu~

1969 1676 2051 1729 lus
2084 1676 2301 1730 timebat
2326 1677 2511 1739 Deum,
2540 1687 2593 1731 et
2630 1678 2959 1739 Samuelem;
3005 1699 3024 1732 ι
3069 1690 3119 1734 et
3148 1696 3374 1735 rursus:
3414 1700 3432 1733 ι
3467 1684 3529 1736 Et

296 1762 541 1827 πίστεώς
560 1766 723 1817 ἐστιν.
749 1767 809 1818 Ei
831 1766 957 1837 γὰρ,
976 1768 1111 1820 κατὰ
1148 1770 1228 1822 τὸν
1253 1768 1516 1833 Παῦλον,‹
1552 1771 1629 1832 είς
1656 1770 1743 1821 τὸν
1775 1769 1867 1822 θά-

1970 1766 2171 1836 erat(6)
2189 1768 2455 1835 romphara
2483 1766 2728 1831 Domino,
2750 1779 2801 1822 et
2823 1768 3114 1826 Gedeoni.)
3150 1770 3356 1850 Sensus
3378 1786 3527 1837 vero,

291 1870 461 1907 νατον
508 1853 603 1906 τοῦ
653 1856 883 1926 Χριστοῦ
916 1859 1006 1909 καὶ
1040 1859 1118 1920 είς
1148 1860 1375 1929 Χριστὸν
1418 1878 1435 1910 ι
1464 1857 1867 1929 βαπτιζόμεθα,

290 1945 479 2016 ὀρθῶς
512 1948 856 2018 συνεφράσθη
889 1948 965 2018 τῷ
998 1948 1272 2019 Πνεὺματι
1304 1948 1363 2001 τὸ
1402 1948 1563 2019 ὕδωρ.
1608 1949 1737 2002 Ἀπὸ
1762 1949 1869 2021 γὰρ

286 2037 397 2104 τῆς
430 2034 672 2107 πλευρᾶς
700 2036 793 2089 τοῦ
828 2039 1075 2108 Σωτῆρος
1118 2038 1259 2110 ὕδωρ
1319 2040 1412 2093 καὶ
1444 2037 1583 2111 αἷμα
1608 2039 1742 2110 ὁμοῦ
1777 2041 1868 2111 έρ-

290 2128 517 2195 ρευσεν,
548 2125 621 2189 ὡς
652 2128 751 2180 οὐκ
787 2129 970 2195 ἀγνοεῖ
1016 2130 1047 2199 ἡ
1085 2127 1274 2200 λόγχη,
1318 2130 1412 2183 καὶ
1449 2130 1477 2181 6
1509 2129 1864 2200 στρατιώτης.

288 2211 445 2287 Πρὸς
471 2218 675 2288 τούτῳ,
701 2220 769 2280 εἰ,
792 2219 865 2281 ὡς
892 2219 1099 2282 Παῦλος
1125 2219 1352 2291 ἔγραψε,
1414 2219 1717 2291 Κορινθίοις
1748 2222 1863 2291 μέν·

294 2328 316 2361 ι
360 2310 573 2372 Πάντες
614 2309 807 2380 βρῶμα
834 2310 894 2362 τὸ
931 2312 1296 2380 πνευματικὸν
1342 2310 1541 2380 ἔφαγον
1562 2354 1575 2377 ,
1609 2314 1701 2366 καί
1736 2314 1869 2367 πάν-

283 2416 386 2460 τες
416 2399 480 2450 τὸ
522 2399 655 2451 αὐτὸ
686 2400 1051 2470 πνευματικὸν
1089 2402 1270 2454 ἔπινον
1301 2404 1467 2472 πόμα.
1509 2404 1728 2456 Ἐπινον
1760 2406 1868 2476 γὰρ

288 2490 361 2540 ἐκ
397 2490 779 2560 πνευματικῆς
812 2490 1209 2562 ἀκολουθούσης
1243 2492 1446 2563 πέτρας
1468 2510 1482 2524 ·
1517 2495 1549 2563 ἡ
1585 2493 1641 2546 δὲ
1694 2495 1866 2565 πέτρα

287 2577 361 2650 ἦν
388 2583 418 2632 6
453 2579 717 2649 Χριστός·
764 2601 781 2633 ι
821 2578 971 2644 αῦθίς
996 2599 1087 2633 τε·
1132 2602 1149 2633 ι
1190 2585 1298 2636 Καὶ
1334 2583 1530 2649 πάντες
1562 2584 1618 2637 ἓν
1647 2587 1867 2657 Πνεῦμα

286 2671 702 2743 ἐποτίσθησανθ
741 2692 759 2724 ι
804 2673 1066 2744 Ἑϐραίοις
1100 2672 1246 2745 [120
1278 2674 1350 2746 b]
1403 2676 1479 2729 δέ·
1521 2694 1538 2728 t
1587 2677 1867 2732 Ἀδύνατον

287 2764 401 2834 γὰρ
444 2765 578 2826 τοὺς
610 2764 754 2830 ἅπαξ
799 2765 1201 2832 φωτισθέντας,
1235 2767 1606 2837 γευσαμένους
1650 2786 1709 2820 τε
1765 2770 1865 2839 τῆς

282 2854 503 2922 δωρεᾶς
555 2853 654 2923 τῆς
704 2854 1057 2924 ἐπουρανίου,
1108 2855 1201 2907 καὶ
1250 2854 1504 2924 μετόχους
1540 2855 1866 2927 γενηθέντας

288 2944 618 3015 Πνεῦματος
684 2944 867 3012 ἁγίου,
930 2946 1023 2998 καὶ
1084 2944 1246 2999 καλὸν
1304 2946 1671 3017 γευσαμένους
1730 2946 1863 2999 Θεοῦ

291 3036 445 3105 ρἦα
486 3054 504 3085 ι
540 3035 643 3105 (τὸ
680 3035 735 3086 δὲ
796 3035 948 3102 ἆγιον
996 3035 1245 3105 Πνεῦμα,
1272 3035 1419 3107 ῥῆμα
1450 3034 1542 3087 τοῦ
1572 3035 1704 3089 Θεοῦ
1750 3037 1863 3088 Πα-

286 3127 419 3195 τρὸς
457 3126 819 3196 ἁνευφημήθη
844 3127 862 3195 )
883 3144 895 3155 ⁸
923 3127 1199 3199 ἀραρότως
1223 3131 1278 3182 ἓν
1301 3129 1377 3200 τῷ
1404 3127 1555 3182 ὕδατι
1584 3131 1610 3182 6
1634 3130 1865 3201 Χριστὸς

290 3220 386 3269 καὶ
416 3219 479 3269 τὸ
506 3217 661 3284 ἅγιον
692 3217 932 3288 Πνεῦμα,
966 3220 1057 3271 καὶ
1092 3219 1342 3273 οὐδέποτε
1373 3222 1502 3291 παρ’
1533 3221 1707 3274 οὐδενὶ
1737 3223 1863 3275 ἄνευ

293 3308 386 3360 τοῦ
448 3307 803 3377 βαπτιστικοῦ
860 3309 1048 3373 ὓδατος
1097 3311 1126 3361 6
1173 3310 1403 3380 Χριστὸς
1452 3313 1546 3364 καὶ
1604 3312 1666 3365 τὸ
1712 3312 1864 3381 ἆγιον

300 3400 543 3471 Πνεῦμα.
580 3401 753 3453 Ὅπου
780 3396 871 3454 οῦν
903 3401 962 3453 τὸ
992 3401 1131 3455 θεῖον
1163 3404 1480 3474 μυστήριον,
1508 3404 1581 3467 ὡς
1612 3404 1704 3457 τοῦ
1734 3405 1863 3458 Υἱοῦ

303 3493 394 3543 τοῦ
425 3492 580 3556 Θεοῦ,
623 3492 765 3545 οῦτω
796 3494 888 3545 καὶ
915 3493 1007 3545 τοῦ
1052 3493 1231 3546 θεῖκοῦ
1264 3494 1574 3565 Πνεῦματος
1606 3496 1864 3568 τεθεσμο-

306 3583 539 3654 θέτηται,
566 3586 661 3638 καὶ
691 3585 787 3646 τὴν
817 3585 934 3655 ἴσην
961 3588 1263 3657 μαρτυρίαν
1298 3588 1677 3658 ἀπηνέγκαντο
1700 3590 1865 3659 ἄμφω

305 3676 364 3726 αἱ
405 3677 665 3747 μακάριαι
709 3677 800 3728 καὶ
850 3678 1155 3740 αὐτοτελεῖς
1193 3679 1549 3742 ὑποστάσεις·
1601 3680 1717 3743 πῶς
1766 3682 1865 3734 οὐκ

299 3766 524 3833 ἀφθονία
560 3769 655 3820 καὶ
703 3766 874 3820 ταῦτα
916 3768 981 3820 δι’
1017 3768 1342 3833 ἀποδείξεων
1376 3770 1502 3840 περὶ
1545 3766 1643 3840 τῆς
1675 3773 1865 3840 όμοου-

296 3858 541 3928 σιότητος
576 3858 753 3910 αὐτῶν
798 3860 976 3924 ὲστιν;
1028 3858 1167 3926 Ἐγὼ
1204 3846 1295 3912 οὖν
1333 3856 1517 3930 οἶμαι,
1552 3860 1625 3924 ὡς
1655 3862 1746 3913 καὶ
1778 3861 1863 3915 διὰ

291 3949 451 4002 τοῦτο
481 3952 561 4012 είς
602 3944 760 4013 οἶνον,
796 3951 886 4003 καὶ
916 3949 1198 4020 κρείττονα
1227 3949 1392 4017 οἴνου,
1426 3952 1486 4005 τὸ
1530 3951 1669 4023 ὕδωρ
1734 3971 1862 4023 μετ-

289 4044 483 4105 έϐαλε,
501 4043 596 4095 καὶ
621 4042 955 4114 εὐφροσύνην
978 4042 1054 4112 τῷ
1076 4043 1297 4113 γαμικῷ
1319 4044 1516 4115 δείπνῳ
1538 4045 1859 4115 παρέσχετο’

284 4132 632 4203 ἀσυμφανῶς
686 4132 889 4197 διδάξαι
927 4132 1221 4203 βουληθεὶς,
1253 4135 1335 4186 ὅτι
1366 4136 1459 4187 καὶ
1499 4136 1559 4187 τὸ
1594 4134 1733 4205 ὕδωρ
1783 4137 1861 4198 είς

284 4226 566 4279 ἀθάνατον
591 4224 785 4294 χρῆσιν
805 4224 898 4277 τοῦ
924 4224 1292 4295 βαπτίσματος
1322 4226 1604 4297 μετέθηκε,
1659 4227 1752 4279 καὶ
1776 4226 1863 4279 διὰ

279 4318 387 4372 τοῦ
424 4316 799 4386 βαπτίσματος
836 4317 894 4369 τὸ
940 4317 1121 4371 λεῖπον
1150 4317 1250 4387 τῆς
1283 4318 1516 4381 πίστεως
1558 4317 1862 4389 ἀνθρώποις

1969 1870 2125 1923 quem
2160 1855 2485 1924 speculando
2524 1870 2589 1909 ex
2635 1857 2699 1910 iis
2744 1858 2919 1912 verbis
2953 1871 3221 1924 eruemus,
3251 1875 3522 1928 quemque

1968 1945 2124 2016 261
2158 1946 2243 2001 hic
2278 1946 2653 2015 subjiciemus,
2704 1961 2803 2000 nec
2844 1948 3249 2016 intempestivus
3289 1947 3363 2017 (7)
3400 1957 3524 2013 est,

1969 2046 2024 2090 et
2057 2046 2200 2105 recta
2235 2035 2336 2095 lide
2371 2037 2581 2106 dignus.
2632 2036 2686 2090 Si
2720 2038 2861 2090 enim
2887 2037 3037 2106 juxta
3073 2038 3293 2092 Paulum
3318 2038 3395 2110 (8)
3432 2058 3449 2090 ι
3474 2040 3527 2093 in

1970 2136 2195 2180 mortem
2219 2125 2420 2181 Christi
2445 2168 2458 2191 ,
2486 2136 2540 2182 et
2564 2127 2617 2181 in
2649 2126 2918 2182 Christum
2950 2146 2969 2179 ι
2993 2130 3347 2198 baptizamur,
3382 2141 3528 2185 recte

1969 2231 2073 2269 una
2094 2232 2213 2271 eum
2256 2216 2458 2288 Spiritu
2488 2219 2760 2274 nominata
2786 2230 2869 2273 est
2897 2234 3028 2288 aqua
3063 2236 3077 2272 :
3109 2235 3230 2274 nam
3260 2236 3326 2275 ex
3359 2221 3526 2275 latere

1969 2307 2262 2364 Salvatoris
2296 2325 2431 2378 aqua
2470 2319 2523 2364 et
2579 2312 2799 2380 sanguis
2839 2311 2999 2365 simul
3042 2310 3233 2378 ﬂuxit,
3287 2320 3345 2366 ut
3382 2314 3530 2367 novit

1967 2399 2150 2453 iancea
2181 2400 2291 2468 (9),
2321 2411 2375 2453 et
2406 2400 2577 2455 miles.
2615 2401 2880 2456 Praeterea
2921 2400 3119 2455 Paulus
3166 2402 3388 2472 scripsit
3417 2401 3525 2457 Co-

1968 2493 2184 2547 rinthiis
2223 2495 2482 2562 quidem:
2524 2513 2542 2545 ι
2577 2494 2776 2550 Omnes
2831 2494 2943 2565 (10)
3001 2509 3179 2550 escam
3234 2494 3526 2563 spiritalem

1969 2581 2387 2646 manducarunt,
2424 2592 2478 2637 et
2508 2598 2695 2637 onmes
2735 2585 2982 2638 eumdem
3032 2584 3329 2652 Spiritalem
3375 2585 3527 2639 bibe-

1967 2674 2097 2728 bant
2141 2682 2361 2743 potum:
2411 2674 2669 2728 bibebant
2708 2675 2849 2727 enim
2890 2676 2957 2729 de
2998 2675 3228 2743 spiritali
3268 2685 3527 2745 sequente

1966 2776 2157 2835 petra:
2215 2777 2363 2836 petra
2414 2778 2593 2821 autem
2642 2777 2761 2820 erat
2814 2766 3104 2833 Christus;
3140 2786 3160 2819 ι
3190 2778 3245 2823 et
3294 2782 3523 2823 rursus:

1972 2875 1990 2909 ‹
2022 2858 2087 2911 Et
2127 2871 2313 2910 omnes
2346 2856 2453 2926 (il)
2499 2872 2604 2911 uno
2638 2856 2828 2924 spiritu
2870 2857 3039 2926 potati
3076 2868 3238 2923 sunt;
3272 2877 3291 2909 ι
3318 2858 3385 2912 ad
3425 2856 3527 2913 He-

1966 2948 2135 3002 braaos
2169 2962 2293 3000 vero
2324 2965 2335 2999 :
2367 2966 2383 2998 ι
2423 2946 2752 3016 lmpossibile
2796 2948 2906 3019 (l2)
2955 2958 3039 3004 est
3076 2949 3218 3003 enim
3264 2964 3361 3003 eos
3388 2989 3404 3016 ,
3436 2950 3529 3017 qui

1967 3042 2130 3097 semel
2165 3051 2290 3096 sunt
2323 3042 2641 3107 illutninati,
2671 3049 3139 3110 gustaveruntque
3174 3040 3373 3093 donum
3412 3053 3528 3094 cm-

1965 3135 2133 3201 leste,
2169 3144 2223 3188 et
2256 3133 2546 3203 participes
2579 3131 2705 3184 facti
2756 3141 2883 3185 sunt
2931 3130 3163 3201 Spiritus
3206 3129 3426 3196 sancti,
3476 3138 3529 3184 et

1964 3225 2159 3279 bonum
2200 3231 2552 3296 gustaverunt
2594 3222 2685 3277 Dei
2728 3223 2995 3288 verbum;
3030 3241 3048 3275 ι
3084 3222 3320 3293 Spiritus
3352 3230 3529 3276 autem

1965 3324 2184 3370 sanctus
2238 3316 2458 3369 verbum
2510 3314 2603 3368 Dei
2650 3312 2826 3368 Patris
2873 3314 3050 3369 dictus
3098 3321 3179 3368 est
3209 3312 3343 3383 (l5).
3385 3314 3454 3366 At
3484 3312 3529 3366 si

1967 3406 2079 3459 haec
2114 3407 2183 3458 ita
2226 3420 2286 3459 se
2320 3406 2552 3468 habent,
2586 3413 2949 3472 congruenter
2974 3403 3086 3474 (14)
3124 3404 3176 3457 in
3207 3418 3344 3472 aqua
3370 3402 3526 3457 Chri-

1963 3506 2115 3559 st-us,
2152 3506 2204 3548 et
2235 3494 2470 3563 Spiritus
2499 3504 2721 3548 sanctus
2754 3493 3092 3563 intelligitur,
3139 3508 3238 3547 nee
3282 3508 3517 3562 unquam

1965 3587 2080 3641 sine
2110 3601 2248 3655 aqua
2290 3584 2595 3654 baptismali
2630 3583 2682 3637 in
2724 3585 2832 3638 ullo
2873 3584 3089 3639 homine
3127 3583 3337 3638 habitat
3369 3582 3517 3636 Chri.

1965 3683 2114 3739 stus,
2158 3682 2213 3727 et
2248 3672 2482 3742 Spiritus
2525 3679 2765 3726 sanctus.
2812 3672 2945 3727 Cmn
2989 3687 3118 3741 ergo
3160 3672 3327 3726 divini
3364 3670 3529 3739 hujus

1966 3766 2209 3839 mysterii
2265 3765 2533 3821 institutio
2584 3765 2726 3820 sicut
2778 3763 2900 3819 Filii
2953 3764 3085 3829 Dei,
3142 3764 3215 3818 ita
3254 3773 3309 3818 et
3363 3765 3527 3820 divini

1967 3859 2203 3929 Spiritus
2234 3874 2355 3914 esse
2388 3860 2600 3913 dicatur
2629 3859 2681 3911 in
2710 3857 3004 3927 Scripturis
3024 3896 3040 3923 ,
3066 3871 3296 3926 cumque
3325 3858 3529 3926 aequale

1968 3951 2330 4006 testimonium
2362 3953 2575 4018 utrique
2612 3950 2782 4003 beata:
2801 3989 2817 4015 ,
2843 3964 2907 4003 ac
2934 3963 3028 4016 per
3053 3963 3111 4003 se
3140 3947 3391 4017 perfecta:
3423 3948 3524 4017 hy-

1970 4043 2169 4114 postasi
2202 4043 2590 4111 perhibeatur:
2625 4041 2748 4109 quis
2784 4056 2981 4108 negare
3015 4050 3226 4111 potest,
3258 4040 3529 4095 uberrime

1965 4149 2147 4189 earum
2172 4131 2785 4188 consubstantialitatem
2813 4148 2842 4187 e
2871 4132 3164 4201 Scripturis
3191 4132 3529 4186 demonstra-

1965 4226 2053 4279 ri?
2078 4225 2188 4295 Ego
2215 4225 2379 4294 igitur
2400 4234 2549 4293 puto,
2576 4224 2647 4278 ob
2675 4224 2811 4278 hanc
2842 4226 3003 4277 etiam
3036 4223 3297 4277 rationem
3328 4238 3527 4293 aquam

1966 4317 2019 4371 in
2051 4318 2237 4371 vinum
2260 4356 2275 4382 ,
2302 4326 2357 4371 et
2387 4317 2439 4369 in
2472 4316 2524 4369 id
2551 4358 2565 4382 ,
2591 4315 2732 4383 quod
2763 4315 2953 4369 melius
2980 4326 3096 4369 erat
3125 4316 3248 4368 vino
3268 4354 3283 4377 ,
3315 4330 3345 4368 a
3371 4314 3531 4369 Chri-

282 4407 678 4477 ἀνεπλήρωσε,
729 4407 865 4476 μετὰ
891 4410 983 4461 τοῦ
1011 4408 1190 4461 θεῐκοῦ
1224 4407 1362 4460 Πνεὺ
1373 4426 1558 4478 ματος,
1582 4410 1867 4481 συμφωνίᾳ

1974 4417 2060 4462 sto
2089 4415 2346 4460 mutatam
2370 4420 2510 4471 esse,
2532 4421 2595 4460 ac
2621 4422 2741 4460 eum
2769 4404 2989 4474 nuptiali
3015 4418 3181 4459 cana:
3205 4404 3531 4458 hilaritatem

277 4500 385 4557 τοῦ
419 4499 560 4555 Θεοῦ
594 4500 688 4554 καὶ
716 4499 944 4570 Πατρός.
987 4501 1096 4553 Καὶ
1128 4501 1224 4570 τῆς
1259 4502 1415 4563 σκιᾶς
1448 4501 1555 4571 γὰρ
1583 4500 1675 4553 τοῦ
1715 4500 1859 4553 θείου

362 4660 444 4729 (2)
477 4657 707 4729 Hamus.
752 4658 953 4729 AVoces,
999 4659 1177 4722 καλῶς
1229 4666 1281 4710 et
1342 4655 1863 4729 Mtiipeg,_indirare

277 4726 548 4783 vitientur
576 4727 764 4793 respici
794 4742 821 4779 a
854 4727 1075 4797 Didyme
1107 4730 1348 4793 adagium
1384 4726 1506 4797 illud
1538 4745 1551 4778 :
1588 4726 1757 4778 Παντὶ
1786 4726 1863 4794 τῷ

278 4800 447 4869 καλῷ
484 4797 671 4867 μῶμος
700 4797 910 4860 ἕπεται,
954 4796 1130 4852 idest:
1175 4819 1190 4847 ε
1220 4796 1484 4869 Quidqnitl
1518 4807 1719 4847 rectum
1755 4804 1859 4857 est,

282 4865 718 4939 repr'ehienSione
768 4883 872 4919 non
898 4878 1044 4939 caret
1074 4886 1084 4920 :
1114 4888 1130 4920 ι
1172 4876 1251 4921 vel
1288 4884 1300 4919 :
1344 4885 1361 4915 ι
1393 4865 1676 4918 Pulchrum
1708 4869 1863 4933 quid-

282 4937 427 4995 liliet
455 4938 663 4991 Munius
697 4937 1053 5003 persequitur.
1082 4957 1099 4989 ι

366 5011 448 5077 (5)
484 5007 718 5077 Peccavi.
761 5004 891 5059 Luc.
931 5006 1130 5069 xv,18.
1196 5004 1357 5057 Biblia
1392 5020 1486 5073 pro
1512 5005 1590 5066 εἰς
1646 5004 1707 5056 σέ
1766 5005 1861 5058 ha-

282 5076 435 5137 bent,
487 5076 717 5128 ἐνώπιόν
747 5093 864 5136 σου,
893 5078 941 5127 id
974 5087 1055 5128 est
1087 5095 1104 5126 ι
1134 5090 1309 5127 coram
1339 5084 1408 5127 te.
1440 5095 1456 5125 ι

369 5150 446 5217 (4)
470 5148 724 5200 Credidit.
751 5146 919 5201 Exod.
953 5161 1063 5208 xiv,
1123 5147 1209 5200 51.
1263 5143 1471 5197 Biblia:
1540 5142 1862 5196 ἐπίστευσαν

284 5235 392 5291 pro
419 5220 764 5291 ἐπίστευσεν.

359 5291 442 5359 (5)
480 5288 683 5343 Omnis.
727 5286 896 5355 lReg.
930 5301 1025 5349 xu,
1072 5284 1137 5339 18
1192 5282 1437 5355 (seu-19).
1474 5284 1681 5337 (litatur
1740 5299 1862 5336 sen-

288 5378 408 5417 SUS.

362 5430 445 5497 (6)
482 5424 547 5480 Et
593 5436 727 5480 erat.
794 5424 1119 5497 Judic._vtt,
1155 5426 1245 5480 20.
1289 5424 1439 5497 Dure
1487 5422 1781 5497 vnculze.__r
1808 5432 1861 5475 et

289 5494 438 5561 erat,
466 5516 482 5548 ι
519 5512 623 5551 nen
660 5495 943 5549 exstantin
972 5494 1173 5558 Dibliis,
1209 5496 1300 5548 sed
1335 5495 1603 5547 adduntur
1634 5508 1663 5545 a
1697 5494 1859 5562 Didy-

292 5578 381 5625 Ito
411 5571 588 5623 locum
626 5565 936 5619 memoriter
967 5565 1219 5617 dictante.

369 5640 445 5703 (7)
491 5637 603 5690 Nec
634 5634 1031 5701 intempestivus.
1058 5634 1261 5695 Codex,
1293 5632 1490 5703 κέριον.
1528 5632 1671 5701 Lego
1734 5632 1855 5684 καί-

299 5724 435 5764 οιον.
466 5708 601 5765 Vide
626 5718 739 5762 not.
766 5705 859 5768 ⁸50.
890 5718 1010 5773 pag.
1042 5703 1133 5759 57.
1166 5705 1317 5773 Apud
1346 5703 1696 5759 Athanasium
1726 5717 1859 5769 quo-

1969 4498 2262 4570 praebuisse
2283 4540 2297 4564 ,
2327 4500 2455 4569 quia
2482 4499 2693 4555 occulte
2725 4514 2788 4553 ac
2830 4502 3060 4570 mystice
3096 4498 3289 4553 docere
3331 4497 3527 4567 voluit,

1970 4669 2075 4722 que
2129 4654 2182 4707 in
2233 4654 2491 4722 opusculo
2528 4652 2923 4723 pseudigrapho
2959 4661 3085 4705 tom.
3148 4652 3210 4715 ll,
3247 4665 3369 4723 pag.
3403 4652 3530 4711 360.

1971 4725 2186 4796 legitur_
2216 4722 2775 4796 ἁκεροπερίσπαστος,
2814 4740 2909 4793 pro
2939 4722 3528 4795 ἀκαιροπερίσπαστος.

2042 4794 2118 4861 (8)
2152 4793 2401 4847 Paulum.
2436 4793 2587 4847 Rern.
2626 4812 2700 4856 Vl,
2742 4795 2794 4848 5.

2042 4860 2117 4929 (9)
2158 4864 2381 4918 Lancea.
2419 4866 2589 4917 Simili
2626 4866 2782 4919 modo
2812 4860 3173 4916 Tertulliauus
3204 4862 3254 4915 in
3284 4862 3422 4915 libro
3455 4862 3531 4917 De

1971 4932 2223 5001 baptismo
2266 4951 2383 4999 cap.
2424 4934 2457 4987 9
2505 4953 2517 4987 :
2558 4953 2575 4984 ι
2614 4933 3032 5001 Νιιιιηιιιιηιμιὶι)
3058 4933 3175 4985 sine
3204 4947 3342 5001 aqua
3375 4932 3533 4984 Chri-

1970 5012 2085 5055 stus
2116 5042 2128 5055 .
2164 5044 2176 5055 .
2216 5042 2231 5056 .
2286 5004 2415 5058 Cum
2478 5005 2805 5066 vulneratur,
2832 5019 2968 5071 aqua
2998 5008 3065 5055 de
3090 5003 3253 5057 latere
3281 5016 3529 5055 urorum-

1969 5072 2045 5139 pit
2089 5091 2100 5124 :
2137 5074 2241 5124 scit
2276 5074 2455 5125 lancea
2497 5074 2699 5125 militis.
2738 5092 2755 5123 ι

2041 5140 2151 5211 (l0)
2193 5141 2401 5195 Omnes.
2461 5142 2480 5195 Ι
2536 5144 2659 5196 Cor.
2703 5157 2756 5203 χ,
2806 5142 2839 5194 5
2872 5152 2925 5193 et
2954 5140 3008 5195 4.
3062 5141 3228 5211 Biblia
3265 5160 3277 5194 :
3327 5140 3529 5203 πάντες

1968 5209 2058 5261 τε
2088 5211 2217 5309 αὐτὸ
2262 5212 2455 5282 βρῶμα
2506 5211 2901 5282 πνευματικόν,
2942 5228 2997 5264 x.
3033 5228 3083 5263 τ.
3122 5209 3171 5263 λ.
3226 5211 3310 5276 Ει,
3350 5212 3533 5263 ἔπινον

1990 5297 2066 5331 ΠῚ)
2104 5297 2275 5333 επιον.

1970 5295 2066 5349 pm
2104 5295 2275 5333 επιον.

2037 5350 2146 5422 (ll)
2189 5350 2255 5403 Et
2289 5368 2482 5405 omnes.
2515 5351 2531 5403 l
2561 5351 2684 5422 Cor.
2718 5366 2815 5413 ιιι,
2844 5349 2930 5422 ιζ’).

2068 5420 2148 5489 12)
2188 5423 2533 5485 lmpossibile.
2570 5421 2730 5473 Hebr.
2769 5436 2839 5483 γι,
2869 5420 2902 5473 4
2929 5430 2986 5475 et
3015 5421 3067 5477 ὅ.

2066 5492 2148 5561 l3)
2196 5491 2371 5561 Dictus
2399 5503 2493 5544 est.
2531 5491 2726 5561 Ephesi.
2758 5506 2832 5554 v1,
2858 5492 2962 5561 7l7.

2039 5558 2150 5628 (li)
2188 5558 2797 5631 ςρηρναειιιετζϐοιιυχ,
2844 5560 3140 5631 ἀρατότως.
3182 5558 3324 5626 Lego
3388 5560 3525 5629 ἀρα-

1972 5630 2163 5697 ρότως.
2200 5627 2423 5683 Videtur
2465 5646 2591 5687 vero
2623 5630 2839 5699 aliquod
2884 5627 3105 5687 verbum
3143 5631 3403 5686 omissum
3431 5627 3526 5685 hic

1968 5702 2133 5757 fuisse
2172 5717 2200 5756 ει
2234 5700 2473 5759 librario.
