4082 6406
290 312 389 367 693

1293 314 1381 369 DE
1420 312 1791 370 TRINITATE
1827 311 2028 366 LIBER
2069 309 2447 368 SECUNDUS.

3390 315 3495 371 ϐω

287 428 578 492 ταδίδωσιν,
624 428 689 480 ἶν’
743 428 911 492 οὕτως
962 431 1115 494 εἴπω,
1176 434 1489 503 ποιότητος,
1549 436 1642 487 καὶ
1693 435 1843 487 πᾶσα

1970 446 2005 485 χο
2047 433 2310 486 viviﬁcam
2355 432 2435 485 eis
2479 430 2584 484 vim
2611 470 2625 492 ,
2670 429 3165 503 fecunditatemque
3212 435 3489 491 tribuisse.

290 515 607 585 ὑποκειμένη
641 514 760 586 ὕλη,
790 516 891 586 τῆς
922 516 1013 570 τοῦ
1044 521 1388 591 ἐπικειμένου
1421 523 1563 591 φιλεῖ
1591 541 1705 586 πως
1735 524 1835 594 ἁρο

288 609 471 672 πάζειν
504 608 779 677 ἰδιότητος.
815 608 974 664 Ὅθεν
1004 606 1328 684 ἀδιακρίτως
1354 616 1514 668 παντὶ
1540 615 1713 679 ὕδατι,
1745 618 1838 669 καὶ

288 702 341 754 ἐν
385 701 619 773 θαλάττῃ
643 703 719 773 δὲ,
750 703 991 772 ἀνάγκης
1015 704 1418 776 καταλαϐούσης
1450 706 1728 776 βάπτισμα
1756 706 1837 773 γί-

288 812 429 847 νεται
449 836 464 857 ,
493 795 567 858 ὡς
595 797 722 865 μιᾶς
761 813 819 847 τε
847 796 1014 866 οὔσης
1047 795 1259 864 φύσεως
1298 797 1501 851 ὑδάτων
1538 797 1630 851 καὶ
1662 798 1841 869 πάσης

287 885 655 955 ἀγιασϐείσης.
694 886 879 949 Ὅπως
920 886 975 939 δὲ
1012 887 1073 939 τὸ
1100 886 1379 941 Θαλάττιον
1423 887 1564 960 ὕδωρ
1605 888 1843 959 ἁλμυρὸν

286 977 617 1047 εὑρίσκεται,
660 977 753 1028 τοῦ
805 976 920 1040 ἐνὸς
966 978 1155 1045 γένους
1185 979 1292 1033 τῶν
1340 979 1544 1034 ὑδάτων
1579 980 1840 1051 ὑπάρχον,

285 1068 444 1138 ἑτέρα
466 1066 715 1131 ἐπιδείξει
747 1070 841 1121 σὺν
862 1069 979 1139 Θεῷ
996 1073 1159 1139 φάναι
1177 1070 1543 1142 πραγματεία.
1566 1070 1845 1142 Αὑταρκες

286 1158 359 1221 δὲ,
398 1158 481 1218 είς
509 1156 571 1208 τὸ
617 1157 927 1228 κινούμενον
971 1159 1086 1213 νυνὶ
1129 1160 1443 1229 κεφάλαιον,
1478 1159 1844 1231 μνημονεῦσαι

288 1248 376 1300 τοῦ
424 1265 485 1299 τε
516 1250 900 1319 κοσμογράφου
938 1250 1250 1314 Μωῦσέως,
1296 1250 1659 1321 ἐξηγουμένου
1707 1250 1846 1302 κατὰ

289 1339 431 1402 λέξιν
461 1338 666 1401 οὔτως
716 1357 733 1390 ι
775 1341 884 1393 Καὶ
916 1340 1137 1411 Πνεῦμα
1184 1343 1387 1413 Κυρίου
1426 1343 1720 1414 ἐπεφέρετο
1756 1344 1848 1395 ἐπὶ

283 1430 393 1482 τῶν
428 1430 667 1483 ὑδάτων·
716 1450 735 1482 ι
772 1430 865 1485 τοῦ
896 1449 954 1484 τε
997 1434 1439 1504 πνευματοφόρου
1496 1436 1675 1498 Δαυῖδ,
1715 1434 1849 1504 ψάλ-

284 1522 501 1585 λοντος’
542 1542 561 1573 ι
611 1522 814 1594 Κύριος
864 1524 953 1576 ἐπὶ
1000 1524 1207 1579 ὑδάτων
1252 1525 1479 1579 πολλῶν.
1527 1544 1546 1577 ι
1582 1525 1748 1579 Τοῦτο
1792 1526 1849 1580 δὲ

1937 524 2197 579 Omnibus
2228 525 2371 578 enim
2411 524 2867 579 manifestumest
2889 566 2904 589 ,
2940 525 3087 596 quod
3116 539 3178 580 ea
3216 540 3301 580 res
3334 567 3348 591 ,
3380 541 3501 596 qua:

1940 616 2094 669 alteri
2156 616 2496 684 supervenit,
2561 614 2685 669 huic
2750 612 2853 684 ipsi
2920 615 3178 685 subjectae
3234 616 3308 671 rei
3370 631 3503 685 pro-

1940 707 2140 773 priam,
2205 715 2261 760 ut
2320 706 2398 759 sic
2459 705 2662 770 dicam,
2723 706 3040 775 qualitatem
3098 708 3500 771 communicat,

1941 796 2189 864 quodque
2216 794 2393 849 omnis
2425 795 2664 865 subjecta
2699 795 2922 850 materia
2957 794 3065 866 (22)
3096 796 3335 864 arripere
3368 810 3503 865 quo-

1942 886 2063 939 dam
2109 885 2264 939 modo
2311 885 2588 940 consuevit
2634 886 2774 941 illius
2817 888 3237 956 proprietatem,
3268 886 3406 955 quod
3454 887 3502 939 ei

1945 978 2269 1046 supervenit.
2304 976 2457 1033 Unde
2486 979 2789 1046 promiscue
2818 978 3005 1046 quavis
3040 992 3215 1047 aqua,
3249 977 3411 1032 etiam
3450 976 3504 1031 in

1947 1071 2117 1135 mari,
2170 1072 2216 1124 si
2275 1071 2551 1140 repentina
2602 1070 2899 1126 necessitas
2947 1071 3158 1135 tulerit,
3211 1071 3505 1139 baptismus

1948 1164 2044 1226 ﬁt;
2077 1163 2215 1231 quod
2252 1178 2357 1216 una
2404 1163 2473 1216 sit
2519 1179 2778 1232 aquarum
2828 1173 3057 1228 natura,
3090 1174 3143 1217 et
3187 1171 3299 1217 tota
3344 1162 3507 1217 fuerit

1948 1255 2298 1309 Sanctiticata.
2370 1253 2647 1321 Quomodo
2708 1264 2885 1310 autem
2946 1255 3087 1309 salsa
3141 1256 3309 1309 maris
3368 1271 3506 1323 aqua

1949 1346 2108 1398 unius
2139 1360 2397 1413 aquarum
2425 1347 2638 1415 generis
2672 1361 2793 1401 esse
2828 1347 3155 1411 inveniatur,
3189 1346 3355 1400 altera
3391 1347 3507 1400 elu-

1950 1434 2216 1497 cubratio,
2273 1433 2380 1488 Deo
2427 1449 2580 1503 opem
2632 1433 2873 1499 ferente,
2927 1435 3320 1490 demonstrabit
3370 1432 3507 1506 (23).

1953 1526 2157 1579 Sntlicit
2202 1541 2331 1580 vero
2383 1527 2449 1580 ad
2498 1527 2639 1590 hoc,
2691 1527 2757 1580 de
2789 1542 2895 1596 quo
2931 1529 3171 1597 agimus,
3220 1527 3508 1596 capitulum

284 1616 728 1669 συνενδείκνυται
757 1615 816 1667 οὑ
856 1616 1087 1685 μικρῶς,
1119 1618 1212 1669 καὶ
1240 1617 1301 1669 τὸ
1327 1615 1559 1688 ὑπερθεν
1582 1617 1689 1670 τῶν
1724 1619 1853 1689 Ἰορ-

1976 1616 2367 1681 llustraudum,
2403 1625 2459 1669 ut
2503 1630 2992 1671 commemoremus
3033 1634 3154 1672 cum
3201 1634 3513 1688 cosmogra-

279 1706 517 1760 δανείων
555 1704 781 1777 ῥείθρων
816 1705 1142 1774 γεγενῆσθαι
1178 1707 1238 1758 τὸ
1274 1706 1426 1775 ἅγιον
1474 1707 1728 1777 Πνεῦμα,
1759 1706 1850 1760 τοῦ

1970 1709 2117 1761 ibunt
2153 1708 2351 1761 Mosem
2385 1709 2455 1760 ita
2482 1710 2545 1762 ad
2571 1709 2792 1761 verbum
2823 1719 3169 1764 euarrantem
3196 1726 3208 1762 :
3240 1728 3258 1761 ι
3292 1710 3359 1764 Ει
3391 1710 3513 1779 Spi-

278 1798 567 1851 Δεσπότου
592 1796 1006 1867 βαπτιζομένου,
1039 1799 1134 1851 καὶ
1169 1800 1527 1870 μεμενηκέναι
1562 1802 1646 1852 ἐπ’
1672 1799 1850 1853 αὑτόν.

1970 1803 2090 1854 -itus
2150 1799 2262 1869 (24)
2318 1801 2525 1853 Domini
2577 1800 2848 1854 ferebatur
2896 1816 3056 1870 super
3116 1817 3321 1871 aquas;
3354 1776 3512 1855 itum

283 1889 477 1959 Ὄφθη
504 1889 562 1941 δὲ
594 1890 653 1941 τὸ
681 1891 975 1961 τηνικαῦτα
1016 1894 1073 1944 ὲν
1102 1892 1228 1945 εῖδει
1256 1894 1599 1963 περιστερᾶς.
1644 1892 1857 1963 Ἐπειδὴ

1970 1890 2305 1960 spiritiferum
2356 1891 2607 1945 Davidem
2663 1891 2977 1959 psallentem
3008 1908 3020 1944 :
3059 1909 3077 1943 ι
3110 1892 3366 1948 Dominus
3400 1892 3514 1964 (25)

278 1983 354 2036 τὸ
385 1982 525 2046 ζῶον
547 1981 701 2036 τοῦτο
731 1983 986 2053 άκέραιόν
1012 1984 1070 2038 τέ
1102 1985 1332 2037 ἐστικαὶ
1362 1983 1522 2053 χολῆς
1548 1984 1854 2055 ἐπέρηται.

1970 2000 2115 2052 super
2170 1999 2335 2052 aquas
2396 1983 2607 2038 multas.
2648 1984 2761 2036 rAt
2811 1984 2859 2036 id
2908 1984 3081 2053 ipsum
3131 1985 3292 2039 simul
3341 2002 3407 2039 ex
3450 2000 3515 2038 eo

287 2095 307 2126 ι
374 2074 595 2127 Γίνεσθε
632 2093 650 2126 ι
698 2075 826 2148 γὰρ,
856 2075 1040 2145 φησὶν,
1082 2093 1099 2126 ι
1138 2075 1384 2146 ἀκέραιοι
1415 2076 1490 2138 ὡς
1519 2076 1573 2127 αί
1613 2093 1859 2146 περιστε-

1970 2077 2124 2129 etiam
2156 2077 2288 2129 satis
2316 2076 2635 2138 ostenditur,
2660 2075 2800 2143 quod
2827 2090 2988 2146 supra
3017 2075 3268 2131 Jordanis
3294 2075 3515 2138 ﬂuenta,
3585 2095 3596 2113 ι

282 2167 410 2240 ραι.
449 2186 468 2219 ι
501 2168 673 2238 Εἴπερ
699 2167 755 2220 δὲ
798 2168 893 2221 καὶ
931 2169 994 2220 ὲκ
1021 2167 1119 2237 τῆς
1147 2167 1516 2237 συναγομένης
1544 2167 1722 2237 ψήφου
1756 2169 1862 2221 ἀπὸ

1970 2170 2084 2220 dum
2141 2166 2397 2222 Dominus
2453 2168 2849 2234 baptizabatur,
2918 2168 3226 2237 apparuerit
3285 2166 3519 2236 Spiritus

279 2261 391 2313 τοῦ
415 2260 681 2330 ὀνόματος
705 2259 800 2312 τοῦ
832 2278 934 2331 μνη
944 2257 1299 2329 μονευΘέντος.
1321 2259 1522 2330 πτηνοῦ
1548 2260 1867 2330 ἐπικουρίαν

1970 2267 2219 2322 sanctus,
2269 2267 2322 2311 et
2372 2260 2630 2312 manserit
2683 2274 2845 2327 super
2885 2274 3026 2312 eum.
3069 2257 3235 2331 264
3262 2258 3523 2329 Apparuit

282 2351 419 2405 τινὰ
449 2350 533 2403 δεῖ
560 2350 639 2421 τῷ
683 2351 824 2421 λόγῳ
851 2349 1025 2420 τούτῳ
1063 2349 1397 2420 πορίζεσθαι,
1430 2351 1524 2403 κα).
1566 2350 1703 2421 αὑτὴ
1735 2352 1864 2403 ὑπο-

1970 2361 2140 2403 autem
2178 2360 2300 2403 tunc
2334 2351 2387 2404 in
2419 2349 2679 2404 columbae
2714 2352 2894 2419 specie
2923 2349 3057 2420 (26),
3091 2354 3215 2420 quia
3250 2350 3351 2405 hoc
3399 2349 3520 2402 ani-

287 2444 564 2515 σημαίνει
592 2460 707 2507 πως
742 2442 804 2495 τὸ
848 2442 1254 2513 ἀπερίγραπτον
1290 2442 1384 2495 τοῦ
1432 2441 1581 2511 ἁγίου
1626 2441 1864 2512 Πνεῦμα-

294 2667 482 2723 nullus
533 2666 722 2721 dubito
759 2688 770 2722 :
806 2682 912 2736 quo
954 2676 1108 2736 pacto
1147 2677 1320 2721 autem
1371 2668 1421 2721 id
1459 2667 1572 2720 ﬁeri
1609 2668 1860 2735 potuerit,

295 2740 565 2807 deinceps
601 2752 857 2807 queram.
911 2737 1128 2791 Interim
1191 2754 1309 2806 qua:
1354 2753 1420 2792 ex
1478 2752 1540 2791 eo
1594 2738 1865 2791 volumine

301 2806 838 2876 theologus’noster
899 2808 1226 2873 desumpsit,
1295 2807 1602 2861 summatim
1662 2808 1859 2861 indico.

299 2877 342 2931 1.
378 2878 527 2944 Ergo
555 2891 673 2945 qua:
702 2878 878 2945 capite
924 2878 957 2931 5
986 2888 1039 2931 et
1083 2879 1139 2941 4,
1171 2880 1235 2930 de
1262 2878 1431 2946 prima
1462 2892 1721 2945 aquarum
1755 2893 1873 2929 san-

302 2946 644 3000 ctiﬁcatione
677 2962 742 3000 ex
777 2946 971 3001 Genesi
1008 2947 1243 3011 disputat
1272 2947 1652 3011 Tertullianus,
1686 2960 1745 2998 ea
1784 2947 1872 2999 Di-

304 3018 503 3087 dymus
534 3019 973 3086 prasentisegm.
1013 3016 1105 3070 121
1151 3019 1178 3069 b
1242 3016 1594 3087 imitatum".
1626 3016 1869 3070 Probati-

306 3086 427 3139 cam
463 3087 727 3153 piscinam
763 3088 1011 3153 baptismi
1051 3089 1272 3156 Iiguram
1312 3087 1443 3141 dicit
1474 3086 1860 3146 Tertullianus,

308 3156 517 3209 cam-5
572 3173 586 3208 :
632 3155 684 3209 id
738 3156 909 3209 ipsum
962 3156 1131 3209 iusius
1184 3157 1340 3209 docet
1391 3157 1644 3209 Didvmus
1698 3171 1860 3209 seem.

308 3170 429 3221 cap.
455 3186 461 3191 -

310 3225 415 3277 125
444 3227 513 3289 b;
548 3225 621 3278 ita
681 3234 856 3280 tamen
897 3234 954 3278 ut
1002 3225 1193 3280 alicubi
1244 3225 1627 3280 Tertullianum
1669 3226 1868 3279 imitari

313 3297 587 3347 videatur.
608 3294 696 3347 Ill.
722 3295 849 3361 Quae
876 3297 939 3350 de
962 3296 1252 3350 chrismate
1271 3298 1483 3363 scripsit
1531 3297 1619 3350 ille
1665 3312 1782 3362 cap.
1817 3295 1868 3358 7,

314 3367 473 3435 plane
494 3364 690 3418 similia
720 3374 843 3435 sunt
870 3366 956 3430 iis,
985 3380 1102 3433 quae
1129 3367 1213 3419 hic
1242 3366 1465 3434 legimus
1496 3381 1662 3435 segni.
1699 3365 1798 3418 126
1818 3382 1869 3421 a.

324 3433 408 3485 Ν.
448 3435 581 3499 Quae
614 3436 680 3487 de
716 3433 968 3504 Spiritus,
994 3437 1167 3489 sancti
1213 3433 1472 3489 descensu
1509 3433 1671 3504 supra
1719 3435 1875 3504 Citrio

328 3514 462 3574 stum
492 3507 568 3557 ait
598 3507 875 3574 presbyter
902 3503 1028 3559 Afer
1058 3520 1174 3574 cap.
1210 3505 1261 3567 8,
1301 3506 1531 3572 aliquam
1567 3502 1763 3558 habent
1794 3502 1874 3555 af-

330 3572 609 3627 ﬁnitatem’
636 3572 775 3628 cum'
800 3575 918 3639 liis,
973 3590 1091 3644 qua:
1126 3572 1537 3629 'Alexandrinus
1584 3574 1872 3628 catechista

334 3644 496 3695 dictat
518 3659 684 3713 segni.
719 3644 813 3698 l2l
843 3648 892 3700 ὁ.
939 3645 1159 3700 Demum
1190 3659 1306 3713 quae
1340 3644 1495 3698 docet
1547 3644 1749 3711 primus
1788 3658 1877 3695 ca-

328 3713 439 3780 pite
464 3719 494 3765 ὅ
520 3712 666 3775 θιί9,
698 3715 766 3768 de
795 3716 1000 3777 diluvii,
1030 3730 1092 3769 ac
1121 3716 1186 3767 de
1208 3712 1383 3767 tuaris
1416 3713 1578 3767 Rubri
1613 3715 1786 3780 aquis,
1822 3721 1876 3765 et

326 3787 392 3857 de
415 3797 551 3850 aqua
589 3798 811 3857 amara,
842 3784 1265 3857 quaepoculenta
1313 3783 1453 3857 facta
1484 3792 1587 3849 est,
1619 3797 1684 3837 ea
1719 3782 1879 3851 paulo

321 3853 538 3922 longius
568 3852 906 3922 persequitur
938 3852 1072 3908 alter
1106 3869 1274 3922 segm.
1308 3852 1409 3905 122
1441 3872 1492 3905 a.

394 3921 512 3991 (22)
554 3921 799 3989 Subjec’ta
848 3924 1084 3977 materia.
1117 3921 1192 3976 Eat
1226 3921 1556 3976 Tertulliano
1589 3922 1701 3975 haec
1746 3921 1879 3991 hau-

319 3995 466 4048 sisse
496 3990 791 4062 Didymum
840 3996 1087 4047 arbitror.
1121 3992 1253 4046 Nam
1301 3993 1344 4045 is
1392 4008 1511 4060 cap.
1558 3992 1593 4045 4
1649 3992 1768 4046 libri
1806 3990 1881 4043 De

322 4064 588 4131 baptismo
620 4061 783 4131 plane
803 4064 975 4116 allinia
1002 4064 1157 4117 habet
1186 4078 1200 4115 :
1236 4081 1253 4112 ι
1289 4065 1543 4117 Sanctum
1565 4072 1764 4127 autem,
1797 4061 1880 4113 itt-

320 4135 469 4200 quit,
509 4133 692 4202 utique
728 4148 886 4202 super
926 4144 1166 4186 sanctum
1202 4131 1504 4197 ferebatur,
1556 4141 1647 4185 aut
1694 4134 1761 4185 ab
1795 4145 1879 4192 eo,

323 4206 476 4270 quod
512 4201 964 4268 superferebatur,
1015 4204 1067 4256 id
1105 4206 1244 4271 quod
1280 4202 1503 4268 ferebat,
1543 4203 1880 4256 sanetitatem

321 4271 703 4326 mutuabatur.
762 4272 1019 4338 Quoniam
1073 4272 1310 4340 subjecta
1366 4286 1593 4341 qumque
1637 4274 1880 4334 materia,

320 4342 451 4409 ejus
484 4355 603 4409 quae
637 4342 862 4410 desuper
907 4343 1167 4407 imminet,
1222 4341 1531 4409 qualitatem
1579 4343 1753 4409 rapiat
1791 4356 1885 4395 ne-

326 4426 491 4466 cesse
541 4420 671 4465 est.
709 4452 725 4465 .
778 4451 791 4464 .
829 4414 899 4465 Ita
960 4415 1026 4465 de
1076 4421 1259 4465 sancto
1310 4411 1640 4465 sanctificata
1692 4420 1880 4464 natura

1968 2443 2073 2495 mal
2129 2452 2182 2495 et
2232 2442 2452 2509 simplex
2483 2442 2593 2509 (27)
2626 2441 2754 2506 est,
2793 2451 2847 2495 et
2918 2441 3023 2495 bile
3063 2450 3213 2495 caret
3254 2440 3390 2512 (28).
3439 2441 3522 2494 Ακ

2032 2668 2153 2789 ἓξὲξ)
2194 2666 2595 2721 Demomtrabit.
2635 2666 2812 2722 Codex
2839 2707 2853 2730 ,
2891 2666 3151 2739 ἐπιδείξῃ.
3196 2666 3371 2738 Lego,
3403 2669 3525 2722 ἐπι-

1967 2739 2148 2803 δείξει.

2045 2807 2155 2877 (24)
2186 2806 2250 2860 Et
2280 2808 2513 2867 spiritus.
2533 2807 2666 2862 Gen.
2696 2825 2735 2867 ι.
2761 2807 2816 2861 2.
2844 2806 3017 2862 Editio
3040 2806 3224 2863 Graeca
3254 2826 3267 2863 :
3297 2806 3402 2861 Καὶ
3424 2809 3525 2863 Πν.

1968 2877 2100 2931 Θεοῦ
2131 2880 2288 2946 ὲπεφ.
2320 2878 2503 2931 ἐπάνω
2547 2878 2637 2932 τοῦ
2673 2879 2883 2945 ὕδατος,
2914 2879 2964 2931 id
3000 2887 3115 2933 est:
3147 2897 3164 2929 ι
3207 2878 3271 2931 Ει
3296 2878 3528 2944 Spiritus

1973 2950 2060 3002 Dei
2098 2948 2369 3002 ferebatur
2408 2963 2569 3018 super
2604 2964 2817 3016 aquam.
2864 2972 2882 3003 ι
2918 2949 3085 3014 Quem
3117 2948 3290 3002 locum
3337 2949 3526 3018 eodem

1971 3021 2126 3073 modo
2162 3034 2267 3086 quo
2299 3016 2570 3090 Didymus.
2587 3021 2792 3090 passim
2828 3020 3252 3090 interpretantur
3290 3018 3383 3090 alii
3420 3016 3525 3090 Pa-

1973 3098 2099 3152 tres,
2139 3089 2369 3159 maxﬁime
2398 3086 2794 3144 'Tertullianus.
2832 3090 3184 3159 Hieronymus
3219 3086 3529 3159 inibiaiogo

572 3173 586 3208 :
632 3155 684 3209 id
738 3156 909 3224 ipsum
962 3153 1152 3227 iusius
1184 3157 1340 3227 docet
1391 3157 1644 3227 Didymus
1671 3171 1863 3227 rsegm.
1895 3153 1936 3209 C
1970 3160 2210 3212 adversus
2240 3158 2600 3224 Luciferinuos
2659 3175 2804 3213 num.
2858 3161 2914 3223 6,
2958 3153 3145 3212 scribit
3176 3175 3191 3211 :
3225 3175 3243 3207 ι
3277 3156 3531 3223 Spiritus,

1976 3230 2147 3299 inquit
2206 3228 2435 3299 Moyses,
2502 3229 2706 3281 Domini
2770 3229 3038 3284 ferebatur
3069 3242 3231 3299 super
3269 3241 3467 3299 aquas.
3507 3244 3530 3277 ι

1977 3298 2049 3351 Ex
2095 3296 2467 3368 quo_apparet
2527 3299 2788 3368 baptisma
2846 3315 2949 3353 non
2999 3312 3122 3353 esse
3169 3298 3285 3351 sine
3329 3296 3533 3368 Spiritu

1975 3364 2178 3421 Sancto.
2222 3364 2403 3434 Itaque
2438 3364 2636 3435 legit,'r
2676 3366 2907 3436 Spiritus
2940 3368 3169 3429 Domini,
3213 3385 3232 3417 ι
3276 3374 3335 3436 ut
3375 3364 3534 3434 Didy-

1976 3453 2114 3558 rlt)iu_s.
2170 3436 2275 3492 Sed
2326 3434 2684 3492 Tertullian’us
2717 3434 2923 3508 legisse
2972 3438 3180 3491 videtur
3237 3453 3256 3487 ι
3298 3434 3534 3504 Spiritus

2024 3523 2089 3558 ΕΙ.
2126 3525 2145 3557 ι
2926 3534 2940 3555 ι

2024 3523 2089 3560 ΕΙ.
2126 3525 2145 3557 ι
2926 3534 2940 3555 I

2046 3575 2157 3641 (25)
2200 3575 2471 3629 Dominus.
2501 3577 2645 3634 Psal.
2677 3593 2867 3639 xxvru.
2899 3579 2952 3632 5.

2049 3645 2159 3716 (26)
2202 3646 2266 3698 In
2297 3646 2548 3701 columba:
2599 3649 2783 3715 specie.
2835 3647 3149 3716 Mattheus,
3200 3643 3537 3716 Marcus,_et

1977 3714 2209 3769 Joannes
2254 3716 2402 3769 aiunt
2444 3714 2830 3779 tantummodo,
2863 3715 3122 3784 Spiritum
3151 3725 3395 3768 sanctum
3441 3714 3535 3767 de-

1977 3787 2249 3857 scendisse
2286 3785 2416 3838 ὡσεὶ
2458 3785 2805 3857 περιστεράν,
2848 3788 2899 3841 id
2942 3797 3045 3857 est,
3084 3803 3104 3837 ι
3150 3785 3289 3857 sicut
3328 3784 3534 3837 colum-

1980 3855 2122 3928 bam.
2158 3875 2183 3928 r_
2212 3854 2449 3928 Respicit
2479 3853 2616 3928 ergo
2642 3853 2893 3928 Didymus
2936 3856 3023 3928 227
3046 3853 3365 3928 versiculum
3430 3861 3533 3928 ter-

1982 3926 2039 3976 tii
2068 3925 2258 3991 capitis
2293 3923 2449 3979 Lucae
2490 3944 2503 3979 :
2534 3922 2619 3980 ubi
2654 3922 2832 3981 tanien
2881 3941 2982 3981 nou
3014 3927 3209 3994 legitur
3258 3941 3271 3976 :
3317 3924 3375 3975 ἐν
3404 3922 3543 3975 εῖδει

1982 3996 2326 4063 περιστερᾶς,
2365 3996 2415 4048 id
2460 4007 2562 4058 est,
2610 4014 2629 4047 ι
2674 3997 2727 4050 ἰη
2768 3996 3026 4051 columba:
3064 3993 3275 4064 specie;
3324 4013 3342 4043 ι
3384 3993 3535 4064 sed):

1984 4062 2277 4137 σωματικῷ
2303 4066 2430 4118 εῖδει
2470 4065 2600 4118 ὼσεὶ
2639 4067 2985 4137 περιστεράν,
3036 4062 3105 4137 id
3138 4072 3241 4137 est,
3286 4074 3342 4116 ut
3379 4062 3541 4137 vertit

1982 4132 2139 4210 yulg.
2191 4132 2489 4210 interpres.
2531 4153 2549 4186 ι
2606 4132 2879 4210 corporali
2928 4135 3126 4210 specie,
3153 4135 3291 4187 sicut
3327 4132 3542 4210 colum-

1982 4200 2127 4258 bam.
2179 4223 2197 4257 ι
2241 4200 2778 4261 ΑειἈιηὺιόεἰιιεΊη
2826 4200 2971 4261 Ιὶὶπό
3011 4206 3085 4259 De
3125 4203 3408 4272 mysteriis,
3452 4200 3539 4255 ubi

1985 4274 2149 4328 multa
2185 4288 2306 4328 eum
2334 4276 2612 4342 scripsisse
2636 4291 2760 4329 mox
2798 4278 3036 4331 dicemus
3082 4274 3148 4327 iis
3180 4272 3394 4335 similia,
3423 4286 3545 4342 quat:

1986 4342 2089 4398 hoc
2119 4345 2187 4415 in
2210 4344 2326 4399 loco
2371 4339 2623 4415 Didymus
2656 4346 2976 4410 dictaverat,
3009 4359 3129 4415 cap.
3160 4342 3213 4408 4,
3247 4358 3414 4415 segni.
3448 4339 3538 4401 35.

1987 4414 2141 4484 quasi
2176 4414 2363 4482 legerit
2392 4411 2531 4484 apud
2574 4416 2795 4478 Lucam,
2843 4439 2860 4467 ι
2896 4417 2948 4469 in
2989 4411 3167 4484 specie
3195 4411 3538 4484 columbae,»

323 4496 630 4554 aquarum,
650 4491 703 4534 et
728 4480 839 4554 ipsa
866 4482 1200 4554 sanctiﬁcare
1224 4482 1493 4554 concepit.
1524 4500 1543 4533 ι
1580 4483 1878 4554 Atquinam
1913 4483 1956 4539 D
1986 4482 2065 4554 sic
2117 4480 2354 4554 loqu—itur
2400 4480 2470 4538 ε’(
2520 4486 2653 4540 Cum
2693 4486 2986 4539 secundum
3020 4480 3245 4554 Graecos
3278 4481 3330 4535 in
3366 4481 3547 4554 specie

326 4552 455 4607 ﬁeri
491 4552 663 4621 potuit
689 4562 743 4604 ut
772 4552 1158 4605 Alexandrinus
1190 4552 1347 4604 homo
1380 4552 1627 4604 Latinum
1651 4551 1880 4621 scripto-

326 4636 453 4677 κη)
490 4621 822 4674 imitaretur?
858 4623 1096 4690 Ignoscet
1140 4622 1325 4685 lector,
1366 4623 1409 4674 si
1444 4622 1510 4675 ad
1546 4620 1881 4688 conjecturas

330 4690 615 4758 confugio.
651 4691 725 4743 Ac
776 4692 1002 4757 primum
1040 4692 1250 4760 quidem
1302 4691 1504 4744 Latina:
1543 4690 1735 4759 lingua:
1762 4704 1880 4742 om-

329 4764 471 4815 nino
501 4776 693 4830 expers
724 4762 949 4815 fortasse
1008 4779 1110 4815 non
1144 4770 1259 4813 erat
1296 4763 1567 4831 Didymus,
1606 4775 1773 4831 eaque
1816 4759 1883 4812 de

328 4847 504 4885 causa
534 4831 752 4885 Latinas
790 4846 943 4885 voces
972 4847 1138 4900 segni.
1170 4831 1203 4883 6
1236 4846 1267 4882 α
1300 4829 1522 4885 inseruit
1562 4847 1575 4883 :
1622 4832 1721 4884 nisi
1749 4829 1885 4882 forte

328 4903 595 4955 ltulinum
629 4901 1019 4969 Aquileiensem
1041 4942 1055 4965 ,
1100 4903 1186 4970 qui
1219 4917 1333 4963 sex,
1375 4912 1536 4970 atque
1563 4916 1627 4952 eo
1659 4902 1885 4967 amplius

335 4972 504 5025 armis
536 4970 868 5024 Alexmtdria:
904 4969 1180 5040 Didymum
1221 4972 1456 5031 audivit,
1492 4969 1679 5023 Latina
1713 4970 1882 5040 ei_in-

336 5050 695 5109 terpretatum
724 5037 1142 5111 c0njicere'qnts
1173 5042 1340 5095 malit.
1378 5041 1576 5111 Deinde
1606 5054 1724 5092 cum
1755 5037 1887 5092 Ter-

336 5113 551 5164 tulliani
586 5126 778 5164 nomen
814 5112 866 5164 itt
896 5110 1150 5165 Orientali
1183 5117 1342 5165 etiam
1373 5110 1609 5164 Ecclesia
1654 5112 1888 5163 maxime

334 5191 526 5235 notum
559 5178 697 5234 foret
724 5180 882 5249 (eum
914 5185 1053 5235 enim
1083 5199 1101 5232 ι
1129 5183 1362 5234 omnium
1391 5181 1743 5249 Ecclesiarum
1769 5194 1887 5232 ser-

336 5267 500 5305 mone
536 5252 793 5304 celebrari
846 5270 865 5303 ι
904 5261 1126 5306 testatur
1158 5251 1414 5304 Eusebius
1455 5252 1509 5303 in
1553 5248 1807 5303 Chronico
1832 5249 1886 5318 ),

336 5323 545 5375 idcirco
568 5321 741 5389 aliqua
766 5320 952 5376 saltem
980 5324 1213 5387 ejusdem
1237 5335 1396 5388 opera
1425 5320 1609 5373 Graece
1634 5334 1891 5372 conversa

336 5392 511 5445 fuisse
536 5393 849 5446 incredibile
886 5408 989 5444 non
1017 5401 1119 5445 est.
1153 5392 1371 5443 Demum
1397 5406 1517 5444 cum
1546 5393 1679 5443 duos
1704 5389 1769 5442 de
1795 5390 1890 5442 ba-

339 5468 539 5530 ptismo
562 5461 729 5515 libros
749 5461 1106 5515 Tertulliauus
1126 5462 1384 5523 ediderit,
1425 5460 1651 5513 alterum
1686 5456 1891 5521 Latine,

340 5532 435 5600 qui
461 5540 665 5600 exalat,
692 5533 917 5584 alterum
950 5531 1152 5595 Graece,
1177 5541 1233 5583 ut
1266 5540 1492 5584 testatur
1525 5530 1747 5600 ipsemet
1771 5543 1889 5596 cap.

342 5599 411 5655 £5
453 5599 631 5655 Latini
654 5603 775 5654 libri
798 5600 872 5655 De
895 5602 1167 5667 bantismo,
1189 5603 1304 5655 ideo
1329 5600 1587 5669 suspicari
1609 5599 1749 5669 licet,
1769 5614 1897 5652 non-

1984 4549 2243 4623 columbte
2289 4554 2549 4623 Spiritum
2582 4556 2922 4610 descendisse
2968 4553 3040 4608 sit
3082 4552 3363 4623 scriptum.
3413 4549 3548 4623 r_Et

1985 4621 2125 4693 allini
2155 4625 2310 4679 modo
2331 4617 2568 4692 loquitur
2606 4641 2727 4693 cap.
2759 4625 2811 4689 Ἰ,
2846 4639 3019 4693 segm.
3045 4622 3133 4688 57,
3159 4617 3288 4675 item
3325 4629 3382 4673 ut
3413 4617 3548 4673 Ter-

1987 4691 2240 4747 tullianus
2287 4691 2419 4747 libro
2452 4693 2525 4748 De
2556 4691 2811 4762 baptismo
2847 4691 2963 4760 cap.
3001 4692 3054 4747 8.

2058 4763 2169 4834 (27)
2212 4762 2462 4834 Simplex.
2495 4758 2702 4829 Codex,
2740 4758 2965 4834 άκέρεον
3020 4775 3117 4832 pro
3154 4758 3550 4834 _d_xépattow__et

1986 4829 2384 4905 [νάῃςάκέρεοι
2419 4850 2514 4901 pro
2552 4834 2816 4905 ἀκέραιοι.
2844 4829 2980 4905 Vide
3008 4829 3133 4905 not.
3153 4831 3222 4905 ὅθ
3242 4870 3257 4893 ,
3281 4829 3409 4905 pag.
3458 4829 3547 4883 57.

1988 4902 2157 4957 Simili
2205 4900 2360 4957 modo
2388 4900 2429 4954 ε
2458 4919 2553 4973 pro
2593 4900 2975 4973 at'aliquando
3011 4900 3281 4973 ιιξιειήίιήιιιις⁸
3307 4903 3363 4973 _i_n
3397 4911 3549 4952 vetu-

1987 4974 2225 5028 stissimo
2248 4989 2309 5025 ac
2335 4967 2531 5026 celebri
2560 4975 2744 5029 codice
2772 4967 2969 5026 nostrae
3015 4972 3173 5036 hujus
3210 4967 3552 5022 bibliotheca:
3612 4984 3617 4987 '

1990 5043 2171 5096 Sancti
2216 5042 2510 5097 Salvatoris
2540 5043 2810 5107 Bononiae,
2850 5041 3117 5096 Lactantii
3163 5037 3551 5107 Institutiones,

1990 5112 2494 5236 “istitutionumque
2539 5116 2806 5184 epitomen
2854 5115 3182 5167 continente.
3231 5106 3308 5161 lta
3356 5124 3421 5162 ex
3467 5125 3547 5176 gr.

2034 5200 2078 5235 tc
2106 5196 2312 5236 versus.

2034 5200 2078 5235 tc
2106 5196 2312 5244 versus,

1991 5251 2380 5320 Καρποφόρον
2395 5250 2567 5321 γαῖάν
2584 5266 2645 5304 τε
2660 5252 2758 5305 καὶ
2792 5248 3007 5315 ὕδατος
3027 5248 3276 5319 οἴδματα
3304 5247 3550 5321 πόντου,

1992 5328 2079 5389 qut
2120 5341 2147 5372 a
2182 5319 2458 5375 Lactantio
2489 5320 2707 5376 allertur
2732 5322 2825 5376 lib.
2857 5337 2896 5385 ι,
2939 5334 3055 5389 cap.
3120 5330 3292 5387 sexto,
3346 5319 3425 5373 sic
3482 5322 3550 5369 im

1992 5393 2224 5460 scriptus
2248 5402 2330 5445 est
2353 5391 2444 5445 fol.
2471 5392 2503 5445 5
2530 5410 2543 5445 :

2270 5461 2995 5515 ΚΑΡΠυΦΟΡΟΝΓΕΔΝΤΕ

2272 5532 3108 5653 ξὸἶγΔΑΤυΟΟΙΔΜΑΤΑΠΟΝ

343 5671 488 5725 nulla
513 5686 578 5725 ex
617 5673 702 5735 iis,
732 5688 849 5740 qua:
888 5676 941 5728 in
973 5664 1164 5729 Latino
1194 5688 1331 5727 nunc
1359 5664 1602 5742 legimus,
1633 5670 1684 5723 in
1708 5667 1896 5724 Graeco
1996 5674 2062 5726 Et
2083 5673 2434 5743 locos,yquem
2460 5671 2513 5743 in
2539 5672 2696 5743 editis
2722 5672 3111 5743 exemplaribus
3133 5672 3268 5727 libro
3297 5683 3463 5738 t,cap.
3498 5664 3551 5731 7,

344 5748 501 5798 etiam
529 5742 820 5799 exstitisse.

1998 5744 2230 5802 inveniet
2261 5741 2445 5803 lcetor.
2484 5741 2538 5799 in
2569 5742 2757 5802 eodem
2785 5741 2968 5802 codice
2996 5758 3076 5800 su:
3113 5754 3362 5799 exaratos
3395 5750 3476 5793 est
3510 5754 3528 5793 ;
