4082 6406
618 247 719 300 095

1806 249 2033 304 DIDYMI
2070 250 2346 305 ALEXAN
2353 251 2509 305 οιιιΝ
2515 252 2534 304 ι

3704 251 3794 308 696

619 363 767 418 enim
815 360 1060 417 Christus
1087 379 1102 415 :
1131 381 1150 414 ι
1183 361 1364 418 Estote
1416 363 1527 434 (29)
1573 364 1843 434 simplices
1889 369 2026 422 sicut
2078 383 2173 422 co-

2219 380 2245 431 λ
2274 387 2382 433 τος.
2422 370 2576 420 Ἐστι
2609 367 2716 439 γὰρ
2777 367 3071 440 περιστερὰ
3102 369 3230 439 μιᾶς
3257 366 3347 420 καὶ
3374 366 3689 420 ὀκτακοσίων
3715 369 3798 438 οι,-

622 453 835 509 lumbae.
874 474 892 507 ι
917 456 1066 522 Quod
1120 457 1162 510 si
1214 458 1375 512 etiam
1429 474 1496 513 ex
1542 472 1811 530 numero,
1845 459 1933 528 qui
1969 458 2174 529 colligi-

626 557 710 601 tur
742 562 809 602 ex
843 558 1272 604 munnemorata:
1324 550 1556 606 volucris
1593 551 1836 618 nomine,
1881 552 2176 620 adjumeu-

625 647 736 689 tum
770 635 981 704 aliquod
1011 635 1128 708 (30}
1159 637 1388 691 orationi
1443 647 1638 692 nostrae
1667 653 1986 706 comparare
2011 653 2173 706 opor-

625 737 734 789 tet,
784 728 831 781 is
878 743 1088 797 quoque
1142 729 1446 783 subindicat
1497 728 1935 798 quodammodo,
2007 729 2176 797 Spiri-

627 828 739 871 tum
791 828 1033 872 sanctum
1088 834 1206 874 esse
1265 819 1832 887 incircumscriptum:
1889 834 2014 872 nam
2075 834 2177 873 vox

624 911 924 980 περιστερά
956 909 1112 979 (quae
1161 910 1462 964 columbam
1510 912 1792 980 designat)
1821 910 1962 964 valet
1999 909 2174 964 octin—

625 1010 785 1068 genta
830 1007 883 1055 et
931 1016 1092 1054 unum
1119 1002 1225 1072 (5|)
1258 1023 1268 1057 :
1302 1003 1390 1071 qui
1425 1018 1681 1058 numerus
1716 1003 2050 1073 signiﬁcatur
2079 1016 2173 1068 per

627 1109 660 1142 α
683 1133 697 1157 ,
727 1101 778 1146 et
804 1111 849 1146 ω
874 1111 886 1146 :
916 1093 1021 1146 duo
1064 1104 1238 1146 autem
1277 1094 1390 1148 hac
1432 1095 1694 1149 elementa
1727 1105 1852 1148 sunt
1885 1093 2093 1147 initium
2126 1101 2180 1146 et

627 1184 751 1238 ﬁnis
780 1184 1016 1238 omnium
1050 1184 1456 1239 elementorum.
1491 1183 1657 1238 Porro
1688 1185 1945 1239 diluvium
1983 1186 2177 1248 etiam,

632 1272 772 1339 quod
810 1273 1065 1326 mundmn
1103 1288 1132 1326 a
1165 1277 1330 1327 veteri
1368 1274 1651 1342 iniquitate
1682 1273 1995 1343 expurgavit
2028 1274 2138 1344 (52)
2163 1312 2179 1338 ,

634 1363 793 1433 265
834 1365 1058 1432 mystice
1115 1373 1274 1431 atque
1332 1366 1542 1420 occulte
1593 1366 1908 1420 delictorum
1953 1365 2180 1418 munda-

633 1455 827 1508 tionem
860 1471 889 1507 a
940 1455 1117 1508 divina
1149 1453 1354 1524 piscina
1408 1456 1726 1520 faciendam,
1780 1455 2178 1524 quodammodo

630 1545 1036 1613 praenuntiabat.
1069 1545 1134 1599 Et
1159 1563 1279 1601 arca
1296 1549 1429 1615 ipsa,
1451 1565 1568 1615 quae
1585 1547 1704 1602 illos
1726 1547 1983 1609 servavit,
2008 1547 2100 1615 qui
2126 1546 2179 1601 in

631 1649 748 1688 eam
779 1634 994 1687 admissi
1021 1643 1164 1700 sunt,
1187 1636 1359 1705 imago
1381 1637 1490 1705 (55)
1517 1647 1633 1693 erat
1661 1637 1974 1690 veneranda:
1999 1636 2185 1692 Eccle-

2276 476 2400 528 φου,
2440 459 2639 521 αἵτινες
2673 457 2954 528 δηλοῦνται
2990 458 3076 512 διὰ
3113 458 3207 512 τοῦ
3250 459 3391 528 ἄλφα
3434 457 3524 511 καὶ
3552 473 3621 510 ω’
3654 457 3714 510 τὰ
3752 457 3797 510 δὲ

2277 551 2512 619 στοιχεῖα
2539 546 2710 602 ταῦτα
2755 549 2896 618 ἁρχὴ
2934 548 3028 601 καὶ
3053 548 3204 610 τέλος
3225 548 3358 600 ὅλων
3393 547 3682 616 καθέστηκε
3709 547 3800 598 τῶν

2280 642 2574 710 στοιχείων.
2604 642 2710 694 Καὶ
2738 641 2769 692 ὁ
2791 639 3170 710 κατακλυσμὸς
3193 639 3369 691 τοίνυν
3386 679 3400 700 ,
3422 641 3450 690 ὁ
3473 637 3566 707 τὴν
3593 637 3798 708 ἀρχαίαν

2275 730 2488 784 ἀδικίαν
2513 728 2826 800 ἐκκαθάρας
2852 728 2945 782 τοῦ
2970 728 3194 798 κόσμου,
3214 726 3576 798 προεφήτευεν
3597 724 3715 795 [lii
3752 723 3798 794 ιι]

2276 821 2433 872 οίονεί
2455 836 2570 881 πως
2599 816 3077 888 ὲπικεκρυμμένως
3096 817 3185 869 τὸν
3211 815 3317 869 ἀπὸ
3340 814 3438 884 τῆς
3467 813 3608 876 θείας
3635 813 3800 882 κολυμ-

2278 909 2485 981 ϐήθρας
2535 909 2643 961 τῶν
2669 908 2951 980 ἁμαρτιῶν
2985 907 3352 977 καθαρισμόνο
3389 906 3483 957 καὶ
3528 907 3560 974 ἡ
3603 904 3800 966 κιὸωτδς

2279 1000 2440 1072 αὑτὴ.
2477 998 2693 1052 σώσασα
2719 1000 2844 1062 τοὺς
2901 1001 2958 1051 ὲν
3029 1001 3163 1068 αὐτῇ
3209 997 3621 1066 είσφρήσαντας,
3663 994 3802 1048 εἰκὼν

2278 1091 2376 1161 τῆς
2406 1092 2606 1160 σεπτῆς
2639 1090 2933 1159 ἐτύγχανεν
2967 1088 3288 1158 Ἐκκλησίας
3320 1090 3411 1141 καὶ
3442 1089 3538 1158 τῆς
3585 1089 3801 1141 ὲντείϐεν

2281 1178 2628 1249 ὑπαρχούσης
2667 1181 2797 1248 ἡμῖν
2825 1177 3033 1248 ἀγαθῆς
3067 1179 3296 1243 ὲλπίδος-
3333 1181 3425 1234 καὶ
3452 1181 3486 1249 ἡ
3519 1179 3801 1248 περιστερὰ,

2281 1270 2470 1323 κλάδον
2497 1270 2679 1333 ἐλαίας
2711 1269 2984 1339 κομίσασα
3015 1273 3074 1323 ὲν
3098 1273 3162 1341 τῇ
3197 1270 3432 1342 κιϐωτῷ,
3473 1270 3564 1323 καὶ
3608 1269 3697 1339 τῆς
3719 1270 3802 1338 γῆς

2279 1362 2375 1431 τὴν
2397 1358 2660 1425 ἀνάδειξιν
2695 1360 2999 1430 μηνύσασα,
3067 1363 3327 1432 ἐσήμαινε
3355 1360 3448 1414 τοῦ
3487 1359 3634 1428 ἁγίου
3662 1359 3803 1412 Πνεύ-

2283 1471 2451 1524 ματος
2481 1453 2578 1524 τὴν
2635 1455 2976 1525 ὲπιφοίτησιν
3009 1455 3102 1507 καὶ
3132 1455 3232 1525 τὴν
3283 1453 3490 1508 ἄνωθεν
3527 1453 3802 1523 διαλλαγὴν·

2284 1545 2547 1616 σύμϐολον
2579 1545 2748 1616 γὰρὴ
2807 1545 2962 1598 ἐλαία
3008 1545 3106 1613 τῆς
3158 1547 3401 1615 είρήνης.
3452 1543 3606 1597 Ἀλλὰ
3653 1543 3736 1596 καὶ
3775 1545 3801 1612 ή

2283 1637 2486 1708 ἐρυθρὰ
2513 1636 2744 1689 Θάλαττα
2772 1635 3120 1706 είσδεξαμένη
3156 1635 3507 1706 Ἰσραηλίτας,
3528 1633 3632 1687 οὐτ’
3656 1634 3803 1686 ἑνδυά-

631 1726 744 1786 sire,
773 1740 835 1778 ac
863 1727 1033 1788 bona).
1059 1741 1176 1793 quae
1204 1727 1327 1779 inde
1360 1726 1511 1779 nobis
1535 1737 1636 1790 cst,
1665 1727 1797 1794 spei.
1827 1726 1891 1779 Et
1915 1725 2181 1789 columba,

2219 1721 2256 1778 B
2286 1745 2502 1792 σαντας,
2532 1727 2744 1781 οὖτ¹ὲπ’
2775 1727 2954 1798 ἀδήλῳ
2971 1725 3382 1791 πιστεύσαντας,
3419 1726 3511 1779 καὶ
3539 1724 3642 1778 τῶν
3666 1726 3803 1793 ἐπηρ-

630 1831 748 1885 qua:
771 1831 975 1869 ramum
996 1817 1146 1870 olivae
1173 1817 1222 1869 in
1251 1832 1425 1869 arcam
1455 1816 1668 1873 tulit.ac
1694 1816 1893 1871 telluris
1924 1815 2182 1870 detectio-

632 1923 752 1959 nem
785 1907 1056 1970 indicavit,
1106 1908 1335 1975 Spiritus
1377 1911 1545 1962 sancti
1588 1907 1871 1961 adventum
1913 1906 2181 1976 signiﬁca-

631 1999 743 2064 bat,
767 2000 1143 2066 caelestemque
1169 2000 1685 2064 reconciliationem;
1711 1998 2010 2068 symbolum
2037 2000 2181 2052 enim

632 2088 782 2156 pacis
807 2098 888 2142 est
919 2089 1055 2142 olea.
1089 2089 1226 2155 Quin
1263 2089 1423 2142 etiam
1460 2103 1607 2143 mare
1635 2088 1896 2150 Rubrum,
1934 2088 2072 2156 quod
2095 2103 2187 2142 eos

634 2179 906 2232 lsraelitas
933 2181 1167 2248 excepit,
1202 2180 1294 2247 qui
1326 2195 1498 2248 neque
1526 2177 1786 2247 ancipites
1811 2178 1920 2248 (54)
1947 2177 2184 2241 fuerunt,

637 2284 812 2337 neque
836 2271 886 2323 in
917 2272 1123 2325 incerto
1159 2271 1789 2338 crediderunt,quodque
1823 2270 1986 2324 illosa
2011 2269 2186 2332 malis,

637 2375 755 2432 qua:
783 2363 911 2432 ipsis
947 2363 999 2417 in
1036 2363 1266 2434 Egypto
1293 2379 1322 2416 a
1348 2361 1626 2417 Pharaone
1689 2362 1912 2432 ejusque
1945 2361 2184 2417 exercitu

785 2612 1853 2670 DEVS’BESPONDITVIGINTIETVNO

817 2683 1163 2736 vensmvs
1185 2683 1764 2751 QVORVMIIOCPMN

815 2753 1174 2807 tnptvnesr

913 2843 1695 2896 ΑΥἹῸΦΥΕΟΑΔΙΔᾹΚΤΟΟΑ

917 2913 1289 2967 MHTUPACT
1299 2914 1734 2966 ΥΛΗΙΚΤΟΟΟΥ

914 2981 1709 3035 ΝΟΜΑΜΗΤΕΛΟΓΩΧΟΡΟΥ

916 3050 1734 3104 ΜΕΝΟΟΕΝΠΥΡΙΝΕΟΝΤΟΥ

917 3119 1662 3174 ΊῸΘΕΟΟΜΙΚΡΑΔΕΘΕΟΥ

919 3190 1568 3244 MEPICANTEAOIHQC

712 3281 1729 3342 NVMOUISPOTESTSVSPICABIDE

784 3350 1366 3407 IOVEESSEDICTVM
1399 3393 1414 3407 .
1458 3392 1472 3406 .
1516 3391 1531 3405 .
1577 3394 1592 3408 .
1635 3395 1649 3408 .

646 3443 985 3512 lluncporro
1003 3443 1238 3499 codicem
1271 3461 1289 3493 ι
1319 3443 1741 3512 insignissimum
1781 3461 1800 3492 ι
1827 3440 2017 3494 merito
2040 3450 2193 3512 vocat

646 3511 1056 3567 Monlfaucmtus
1107 3514 1156 3565 in
1211 3513 1392 3566 Diario
1432 3511 1662 3573 'ltalico,
1712 3526 1942 3578 eumque
1997 3511 2194 3567 saeculo

645 3591 822 3649 sexto,
877 3593 968 3636 aut
1016 3583 1243 3648 septimo
1282 3592 1557 3636 eXaratum
1597 3581 1727 3634 dicit
1773 3596 2000 3634 :verum
2045 3581 2196 3646 equi-

646 3653 799 3714 dem,
832 3651 934 3705 nisi
977 3655 1105 3705 tanti
1151 3653 1252 3706 viri
1297 3654 1614 3706 auctoritate
1651 3653 1974 3713 deterrerer,
2010 3651 2196 3717 quinto

646 3723 820 3791 potius
850 3722 1044 3776 saiculo
1076 3723 1334 3791 scriptum
1365 3722 1717 3791 arbitrarer}:
1751 3735 1811 3791 ea
1859 3735 1987 3791 sane
2026 3721 2194 3772 inter-

645 3790 948 3858 punctionis
995 3789 1327 3860 signa,'qua:
1355 3790 1589 3844 Isidorus
1619 3789 1947 3858 llispalensis
1994 3804 2195 3860 memo-

647 3869 748 3925 rat,
782 3859 923 3913 nulla
956 3860 1026 3913 ibi
1050 3859 1376 3925 occurrunt,
1423 3866 1514 3914 sed
1551 3863 1809 3913 duntaxat
1858 3859 2059 3928 virgula
2101 3875 2195 3912 su-

645 3943 815 3996 perne
847 3929 1106 3997 apposita,
1134 3945 1290 3996 quam
1323 3930 1598 3998 superiore
1624 3930 1676 3982 in
1711 3929 2001 3998 specimine
2028 3929 2197 3982 lector

571 4003 577 4007 ’
646 3999 969 4067 observavit.
1004 3998 1131 4063 Qua:
1157 4014 1276 4052 cum
1311 3999 1382 4052 ita
1411 3999 1537 4064 sint,
1570 4000 1692 4067 quis
1721 3999 1977 4067 miretur,
1994 3999 2196 4052 codicis

645 4081 857 4135 quoque
921 4066 1282 4121 Passioneiani
1361 4066 1674 4136 scriptorem
1761 4068 1814 4122 in
1895 4066 2194 4132 hujusmodi

647 4137 836 4189 menda
870 4137 1154 4192 incidisse?
1177 4139 1469 4205 praesertim
1500 4153 1619 4204 cum
1657 4151 1793 4206 Opus
1821 4139 1986 4191 hocce
2013 4153 2076 4190 ex
2105 4152 2194 4190 ve-

646 4206 958 4275 tustissimis
989 4208 1314 4261 membranis
1341 4208 1665 4275 descriptum
1691 4209 1757 4260 ab
1789 4221 1851 4260 eo
1882 4207 2046 4259 fuisse.
2065 4221 2195 4260 cou-

642 4274 809 4342 jicere
847 4276 1026 4338 liceat,
1067 4287 1123 4328 ut
1155 4277 1328 4330 dicam
1377 4277 1428 4330 in
1469 4274 1608 4331 netis
1643 4275 1708 4329 ad
1738 4291 1906 4344 segni.
1945 4275 2042 4329 1'59
2070 4277 2120 4328 b.

719 4345 830 4415 (28)
861 4344 975 4415 Bi_le
1006 4359 1164 4398 caret.
1201 4346 1256 4399 In
1295 4346 1428 4399 libro
1456 4345 1531 4399 De
1572 4345 1845 4415 baptismo,
1887 4360 2008 4412 cap.
2038 4345 2090 4408 8,
2125 4360 2187 4415 ea

2284 1820 2533 1889 τημένων
2565 1819 2746 1880 αὐτοῖς
2781 1819 2963 1872 κακῶν
2991 1819 3048 1871 ὲν
3080 1817 3340 1888 Αἰγύπτῳ
3386 1817 3493 1870 ἀπὸ
3522 1814 3705 1887 Φαραὼ
3730 1816 3803 1868 καὶ

2285 1909 2379 1963 τοῦ
2407 1909 2808 1980 στρατεύματος
2836 1907 2997 1961 αὐτοῦ
3031 1907 3404 1974 ἀπαλλάξασα,
3433 1909 3524 1960 καὶ
3548 1909 3686 1960 πᾶσα
3709 1905 3805 1973 δὲὴ

2289 1999 2540 2063 ὑπόθεσις
2564 1999 2665 2068 τῆς
2698 1999 2806 2051 ἀπὸ
2860 1998 3133 2066 Αἰγύπτου
3181 1998 3360 2052 αὐτῶν
3389 1997 3529 2062 ὀδοῦ,
3565 1996 3718 2058 τύπος
3754 1991 3806 2064 ἦν

2287 2093 2383 2160 τῆς
2437 2093 2494 2144 ὲν
2550 2090 2628 2161 τῷ
2675 2091 3007 2161 βαπτίσματι
3065 2090 3356 2160 σωτηρίας.
3429 2090 3652 2158 Ἐμήνυε
3701 2085 3805 2157 γὰρ,

2288 2184 2555 2250 Αἴγυπτος
2585 2182 2682 2252 μὲν
2706 2182 2816 2235 τὸν.
2837 2182 3059 2252 κόσμον.
3086 2183 3143 2235 ὲν
3170 2173 3213 2247 ᾧ
3239 2182 3298 2233 ού
3323 2180 3498 2243 καλῶς
3522 2179 3806 2249 βιοτεύοντες

2291 2274 2597 2344 πράττομεν
2625 2271 2830 2336 κακῶςο
2847 2275 2876 2325 ὁ
2898 2272 2954 2325 δὲ
2977 2273 3124 2337 λαὸς,
3152 2274 3278 2336 τοὺς
3306 2273 3402 2326 νῦν
3431 2271 3791 2343 φωτιζομὲνους

2293 2366 2360 2418 τὰ
2387 2365 2442 2418 δὲ
2483 2364 2668 2429 ὕδατα,
2728 2365 3115 2436 μεσιτεύσαντα
3141 2365 3220 2435 τῷ
3255 2365 3369 2436 λαῷ
3395 2365 3490 2437 τὴν
3527 2365 3806 2434 ἀσφάλειαν,

2291 2634 2408 2672 rum
2433 2620 2598 2684 vocis,
2629 2620 2938 2690 περιστερά,
2969 2618 3137 2688 prima
3162 2618 3334 2673 littera
3355 2638 3399 2690 π
3417 2619 3552 2673 valet
3571 2633 3718 2681 un,
3743 2615 3806 2668 ει.

2293 2699 2402 2740 tera
2434 2704 2486 2751 v,
2515 2697 2568 2741 et
2610 2691 2681 2742 ita
2703 2688 2878 2757 'porro
2914 2707 2928 2740 :
2970 2698 3026 2742 ut
3068 2690 3278 2743 tandem
3319 2688 3582 2745 efﬁciatur
3626 2701 3800 2757 summa

2289 2754 2800 2826 octingetttorurnet
2829 2762 2987 2812 unius
3017 2775 3030 2811 :
3062 2759 3150 2826 qui
3179 2774 3438 2812 numerus
3464 2773 3493 2812 ε
3521 2758 3710 2826 duobus
3735 2754 3804 2826 iti-

2291 2828 2408 2879 dem
2435 2824 2712 2880 elementis
2733 2843 2768 2880 α
2790 2837 2842 2880 et
2861 2847 2906 2880 ω
2924 2824 3113 2896 magno
3137 2827 3291 2880 simul
3319 2828 3546 2896 sumptis
3568 2824 3804 2896 coalescit.

2294 2897 2544 2965 Didymus
2574 2912 2732 2965 porro
2775 2898 2888 2951 haec
2920 2893 3211 2964 sumpsisse
3255 2893 3465 2952 videtur
3508 2913 3575 2950 ex
3617 2893 3806 2965 Irenaeo.

2293 2963 2588 3036 qni‘tameti
2633 2981 2694 3019 ea
2731 2981 2834 3020 non
2875 2982 2936 3020 ex
2976 2963 3211 3036 propria,
3258 2968 3351 3020 sed
3399 2983 3466 3021 ex
3499 2963 3806 3036 delirantium

2219 3045 2260 3100 ο
2295 3034 2668 3089 haereticorum
2727 3037 2989 3090 sententia
3039 3032 3351 3104 scripserat.
3401 3036 3586 3104 Capite
3615 3032 3806 3104 quidem

2295 3104 2366 3157 14
2425 3105 2579 3170 primi
2615 3105 2737 3158 libri
2797 3121 2810 3158 :
2871 3123 2890 3157 ι
2929 3105 3096 3170 Quem
3149 3099 3362 3173 (inquit)
3420 3099 3538 3159 cuiu
3567 3099 3808 3173 adibapti-

2293 3189 2465 3228 smmn
2523 3174 2857 3230 accessisset.
2915 3170 3170 3228 columba:
3231 3170 3520 3229 descensus
3571 3170 3810 3241 perspicue

2292 3243 2544 3305 ostendit,
2591 3259 2711 3312 qua:
2744 3246 2954 3309 quidem
2993 3253 3074 3297 est
3110 3262 3155 3296 ω
3183 3253 3236 3297 et
3269 3261 3326 3298 α.
3379 3244 3543 3310 llujus
3567 3242 3699 3312 enim
3731 3253 3809 3312 nu-

2293 3326 2473 3364 merus
2500 3323 2583 3365 est
2608 3306 2778 3366 unum
2818 3323 2870 3366 et
2899 3313 3200 3381 octingenta
3248 3306 3474 3381 (ϐπ-ιιιοὲ
3507 3330 3521 3365 :
3549 3311 3659 3381 ἥτις
3687 3306 3806 3381 ἐστὶν

2291 3398 2337 3432 ω
2381 3381 2470 3453 καὶ
2513 3384 2649 3453 α·ᾲὸ
2696 3383 2805 3453 γὰρ
2845 3375 3073 3452 ἀριθμὸξ
3120 3375 3308 3452 αὖτῆξς
3352 3383 3448 3452 μία
3499 3375 3588 3434 καὶ
3621 3375 3810 3453 ὀὲταέκὰ

2297 3451 2465 3519 σιαι).
2510 3469 2528 3501 ι
2569 3447 2755 3520 Capite
2777 3447 2920 3505 ’νει-ὸ
2953 3447 3191 3517 proxime
3225 3447 3471 3520 sequenti
3509 3467 3522 3502 :
3573 3469 3590 3501 ι
3643 3447 3808 3501 Eodem

2296 3523 2454 3573 modo
2495 3519 2740 3574 Christus
2790 3531 2990 3590 septem
3029 3519 3340 3590 litterarum
3389 3531 3471 3576 est
3513 3559 3528 3573 .
3571 3557 3584 3572 .
3623 3556 3637 3570 .
3663 3519 3808 3590 Atque

2295 3590 2394 3643 bac
2429 3591 2638 3643 ratione
2683 3591 2798 3656 ipse
2842 3584 2900 3644 se
2939 3589 3067 3642 dicit
3101 3607 3154 3654 ct,
3193 3601 3244 3643 et
3285 3609 3352 3657 ω,
3387 3599 3446 3644 ιιι
3496 3584 3805 3659 περιστεράν,

2296 3661 2344 3730 id
2381 3666 2483 3725 est,
2537 3659 2835 3714 columbam
2887 3660 3083 3713 indicet
3130 3679 3142 3713 :
3199 3660 3341 3713 hunc
3388 3662 3527 3730 enim
3568 3668 3807 3730 numerum

2295 3728 2452 3801 habet
2479 3732 2594 3801 [nec
2619 3730 2751 3784 avis.
2792 3748 2810 3801 ρ
2860 3731 2936 3801 Ac
2956 3739 3085 3801 post
3113 3730 3370 3801 irenaiuin
3407 3728 3803 3801 'l‘ertulliaiiu_s_ilt

2295 3798 2430 3851 libro
2470 3798 2542 3852 De
2592 3791 3062 3867 praescriptionibus
3119 3800 3478 3852 haereticorum
3536 3811 3645 3863 eap.
3693 3791 3752 3845 50
3794 3806 3805 3842 ε

2300 3886 2318 3918 ι
2357 3867 2565 3923 Marcus
2595 3869 2830 3936 gquidam
2881 3867 3116 3937 (inquit)
3170 3879 3223 3921 et
3293 3867 3616 3921 Colarbasus
3647 3873 3805 3916 acvant

2298 3937 2538 3991 haeresim
2570 3953 2637 3991 ex
2669 3939 2974 3992 Graecorum
3006 3937 3288 4004 alphabeto
3326 3944 3695 4006 componentes
3719 3966 3768 4006 ._.
3797 3965 3807 3976 -

2294 4006 2517 4076 Propter
2562 4008 2697 4062 hanc
2731 4008 2870 4062 enim
2897 3998 3410 4076 causain_Cbristnm
3447 3998 3689 4076 (tixissegt
3719 3998 3808 4064 E30

2294 4073 2416 4129 suni
2458 4094 2492 4128 α
2541 4088 2596 4130 et
2638 4095 2701 4130 ω.
2763 4095 2781 4128 ι
2837 4077 3068 4142 Denique
3122 4073 3302 4128 Jesnm
3337 4076 3599 4130 Christum
3628 4074 3810 4124 descen-

2295 4146 2464 4210 disse,
2513 4146 2565 4199 id
2612 4157 2714 4211 est,
2759 4147 3057 4200 columbam
3117 4147 3167 4197 in
3217 4143 3401 4198 Jesum
3445 4147 3808 4211 venisse,_q_ttt£

2295 4207 2490 4288 Graeco
2513 4207 2725 4270 nomine
2758 4231 2876 4270 cum
2918 4214 3214 4288 περιστερά
3243 4215 3608 4288 prnntnitietur
3628 4207 3811 4288 ,_ltabei

2295 4287 2586 4338 secundum
2621 4300 2921 4348 numerum,
2971 4275 3185 4338 DCCCi.
3226 4275 3253 4335 ι’
3279 4283 3458 4338 Simili
3487 4282 3632 4336 modo
3655 4275 3808 4348 Hiero:

2295 4370 2486 4424 nyznus
2517 4354 2608 4407 ltb.
2641 4370 2676 4406 ll
2713 4357 2763 4408 in
2797 4341 3109 4407 Zachariam
3125 4367 3255 4424 rcap.
3294 4352 3348 4413 8.
3388 4353 3571 4424 St't'ibil
3595 4367 3616 4424 :_
3638 4366 3654 4398 ι
3687 4341 3809 4410 θυοδ

649 4409 1284 4490 scripsit_Tertu‘l‘lianus,
1307 4432 1452 4490 ,ιιι-ιω
1492 4417 1578 4490 bis
1617 4409 1970 4490 aliquantum:
1995 4414 2188 4468 similia

2219 4409 2269 4468 D
2294 4409 2476 4478 autem
2509 4440 2789 4478 munerum
2824 4436 3029 4490 septem
3064 4409 3288 4476 millium
3324 4409 3388 4476 ad
3422 4422 3808 4490 Christianorum

650 4494 794 4538 sunt.
825 4484 1005 4538 (Tunc
1041 4485 1127 4540 ille
1149 4485 1519 4541 sanctissimus
1547 4485 1796 4554 Spiritus,
1826 4484 2018 4553 inquit.
2061 4523 2075 4536 .
2119 4520 2137 4537 .
2177 4524 2192 4538 .

649 4569 814 4621 super
847 4555 1092 4622 baptismi
1146 4569 1349 4622 aquas,
1396 4565 1645 4624 tanquam
1688 4555 1966 4624 pristinam
2015 4555 2195 4624 sedem

650 4638 1060 4692 recognoscens,
1093 4625 1446 4692 conquiescit,
1473 4622 1734 4678 columba:
1758 4622 1922 4685 ﬁgura
1951 4623 2197 4691 delapsus

651 4693 707 4744 in
736 4690 1055 4764 Dominum,"
1074 4705 1126 4748 ut
1161 4690 1350 4747 natura
1375 4692 1606 4762 Spiritus
1630 4694 1802 4764 sancti
1834 4690 2197 4748 declararetur

652 4775 747 4829 per
767 4762 962 4834 animal
993 4765 1369 4834 simplicitatis,
1398 4774 1451 4818 et
1481 4763 1838 4834 innocentiae:
1869 4764 2007 4834 quod
2035 4763 2197 4817 etiam

653 4833 1006 4902 corporaliter
1061 4831 1175 4902 ipso
1225 4835 1344 4886 l'elle
1392 4843 1576 4887 careat
1631 4831 1896 4902 columba.
1945 4833 2194 4900 Ideoque,

562 4968 566 4974 ἰ
657 4918 678 4951 c
712 4901 912 4974 Estote,
953 4920 973 4954 ι
1006 4900 1197 4972 inquit,
1229 4903 1565 4974 t_siir:plices,
1590 4900 2023 4974 sicut_columb:c.
2053 4903 2200 4974 iCy-

657 4972 871 5040 prianus
900 4971 1110 5040 quoque
1141 4976 1192 5026 in
1225 4972 1362 5025 libro
1392 4973 1467 5025 De
1504 4974 1700 5026 unitate
1725 4971 1970 5024 Ecclesim
1999 4972 2198 5025 colum-

653 5039 775 5091 bam
813 5051 970 5094 vocat
1008 5039 1037 5092 «ί
1065 5042 1259 5096 animal
1292 5058 1392 5096 non
1430 5041 1551 5097 felle
1587 5056 1849 5095 amarum.
1887 5059 1907 5092 ι
1942 5041 2011 5096 Ει
2051 5041 2200 5096 Ruﬁ-

653 5125 768 5180 nus_
797 5109 853 5180 in
886 5111 1141 5180 psalmum
1172 5127 1315 5166 vau
1368 5111 1562 5166 similia
1589 5112 1772 5168 habet.

725 5178 836 5246 (ΞΩ)
878 5179 1076 5234 Estote.
1109 5180 1292 5234 Matth.
1341 5197 1396 5247 Χ,
1431 5181 1518 5234 16.

727 5249 840 5319 (δυ)
879 5249 1124 5318 Aliquod.
1161 5251 1387 5305 Vocibus
1415 5252 1538 5315 illis,
1567 5271 1584 5302 ι
1615 5249 1848 5319 aliquod,
1873 5250 2197 5316 subindicat,

653 5318 1068 5390 quodammodo,
1105 5338 1124 5370 ι
1156 5336 1258 5373 non
1287 5322 1468 5390 magni
1489 5337 1545 5374 se
1574 5318 1750 5375 facere
1779 5321 1915 5374 hanc
1941 5323 2198 5376 rationem

657 5387 1543 5460 manifestopostenditiDidyinus:
1585 5406 1649 5445 ac
1693 5390 1885 5443 merito
1925 5391 2137 5460 quidem
2182 5411 2197 5445 :

654 5471 781 5527 nam
811 5467 864 5510 et
903 5458 1093 5527 frigida
1139 5459 1268 5513 satis
1303 5458 1402 5525 est,
1447 5471 1501 5513 et.
1532 5476 1596 5514 ex
1625 5460 1836 5514 turbido
1863 5460 2026 5514 etiam
2056 5459 2201 5517 fonte

655 5526 894 5579 derivata
927 5526 1157 5591 videtur,
1191 5537 1249 5581 ut
1292 5545 1413 5582 mox
1447 5530 1640 5584 dicam.

726 5595 838 5666 (31)
879 5596 1184 5665 Octingenla
1229 5609 1275 5651 et
1322 5614 1499 5653 unum.
1532 5600 1573 5653 Ε
1602 5600 1789 5655 Graeco
1829 5598 1895 5652 ad
1931 5600 2152 5653 verbum
2183 5619 2196 5656 :

661 5680 682 5718 ι
718 5676 798 5724 est
835 5667 1159 5725 calculorum
1197 5669 1624 5738 octingentorum
1653 5681 1707 5727 et
1746 5670 1922 5726 unius.
1966 5687 1986 5722 ›
2030 5668 2200 5726 Nimi-

2296 4510 2490 4548 nomen
2525 4494 2757 4547 diximus
2791 4485 3076 4562 pertinere,
3115 4503 3340 4560 supputa
3377 4493 3558 4547 Graece
3590 4485 3810 4540 ἑπτάκεις

2297 4563 2519 4634 χιλίους,
2552 4575 2605 4616 et
2628 4563 3002 4633 Χριστιανούς,
3032 4573 3084 4616 et
3113 4562 3360 4634 eumdem
3387 4573 3670 4619 numerum,
3694 4567 3808 4634 sutu-

2297 4624 2548 4702 iiiamque
2582 4624 2834 4702 reperies,
2871 4635 2922 4687 id
2951 4624 3053 4697 est,
3087 4633 3232 4685 mille
3277 4640 3567 4701 nongentos
3605 4624 3804 4692 quadra-

2298 4705 2441 4772 ginta
2476 4715 2530 4756 et
2564 4719 2747 4754 unum.
2785 4721 2803 4752 ι
3303 4769 3312 4773 ,
3350 4772 3354 4773 ν
3494 4769 3520 4773 _
3596 4768 3604 4773 _
3687 4761 3714 4773 ..

2370 4773 2480 4842 (33)
2511 4773 2856 4842 Expurgavit.
2900 4771 3267 4842 Tertullianus
3303 4769 3442 4825 libro
3484 4768 3804 4842 Debaptispto

2299 4831 2416 4909 cap.
2457 4831 2534 4896 8:
2575 4831 2606 4894 ι’
2659 4831 2786 4895 Post
2852 4858 3019 4910 aquas
3092 4841 3270 4894 diluvii
3349 4839 3589 4912 {inquiti
3649 4831 3808 4912 quibus

2301 4904 2554 4982 iniquitas
2595 4914 2813 4980 antiqua
2851 4904 3072 4981 purgata
3111 4920 3213 4976 est,
3264 4904 3384 4979 post
3412 4909 3733 4981 baptismum,
3762 4904 3805 4949 ιιι

2300 4983 2370 5036 ita
2401 4984 2648 5046 dixerim,
2687 4983 2887 5045 mundi,
2934 5002 2952 5031 ι
2989 4991 3094 5034 etc.
3746 5037 3757 5046 _
3815 5017 3819 5026 ,

2370 5037 2714 5120 (55)Ιιηορο.’
2736 5037 2963 5106 Constat
2998 5052 3048 5103 id
3084 5065 3157 5121 ex,
3182 5048 3325 5103 Petri
3361 5047 3667 5121 testimonio.
3685 5057 3710 5121 ,ι
3735 5037 3808 5121 A'j

2300 5114 2502 5176 ca'No'e
2524 5114 2722 5191 (inquit
2751 5121 3108 5191 Hieronymus
3149 5119 3240 5191 lib.
3268 5114 3799 5191 contra-buei[e_r_iuan

2299 5207 2421 5261 pag.
2461 5184 2581 5256 t95‘,
2620 5184 2716 5245 'ed.
2775 5184 2994 5260 Verani)
3051 5187 3302 5261 Ecclesiae
3329 5200 3482 5261 typus
3504 5186 3612 5261 fuit,
3635 5184 3807 5261 dlce“?

2301 5253 2458 5314 i’eiro
2501 5253 2757 5330 Apostolo
2787 5277 2798 5311 :
2837 5279 2855 5311 ι
2883 5261 2938 5313 In
2974 5253 3098 5313 arca
3147 5257 3258 5312 Noe
3290 5253 3462 5327 pauci,
3503 5257 3551 5309 id
3578 5259 3676 5330 _est
3703 5253 3800 5330 colt}

2300 5331 2492 5384 animae
2538 5322 2698 5385 salvae
2724 5331 2876 5384 facta:
2906 5339 3030 5382 sunt
3067 5341 3161 5396 per
3185 5322 3375 5396 aquam
3414 5324 3591 5396 :qnod
3617 5330 3668 5396 et
3719 5322 3798 5396 "of

2302 5415 2442 5452 ltltltc
2471 5401 2660 5454 similis
2698 5400 2880 5454 forma:
2909 5387 3171 5466 baptisma
3217 5387 3388 5450 salvus
3429 5387 3569 5466 fecit.
3608 5410 3625 5441 ι
3655 5387 3806 5466 Ιιῖιίμξξ

2303 5448 2663 5524 nuntiasti;
2691 5448 3186 5537 ἀξιδῗξςϊῖῑήῖυέ
3219 5448 3478 5535 baptismi:
3525 5464 3638 5518 είιε
3691 5448 3804 5508 ίυδί

2303 5538 2540 5592 Ecclesia
2566 5550 2648 5594 est
2676 5554 2799 5593 arca
2836 5539 3081 5606 ﬁgurata.
3115 5555 3134 5586 ι

2373 5609 2484 5680 (54)
2519 5610 2797 5665 Anciuites.
2823 5603 2953 5664 Vide
2983 5616 3091 5662 not.
3126 5607 3179 5673 5,
3211 5619 3328 5676 pag.
3359 5603 3484 5656 9.53.
