4082 6406
322 276 420 333 691

1335 279 1423 335 DE
1461 281 1830 336 TRINITATE
1867 282 2065 336 LIBER
2105 283 2486 342 SECUNDUS.

3423 289 3525 348 698

321 389 504 458 ἐδήλου
542 386 604 440 τὸ
642 385 944 457 βάπτισμαο
984 389 1011 441 6
1055 387 1110 441 δὲ
1173 389 1370 460 Φαραὼ
1409 391 1501 442 καὶ
1551 393 1600 443 οἱ
1647 392 1864 444 ὁπλῖται

1986 392 2353 456 imminebant,
2411 394 2675 458 liberavit,
2725 405 2890 466 alque
2923 397 3056 452 adeo
3097 405 3202 452 tota
3242 397 3378 467 fuge
3415 402 3526 455 illu-

316 479 408 529 τὸν
436 474 615 527 sum
669 476 923 538 καὶτοὺς
968 476 1242 547 ὑπηρέτας
1288 478 1471 530 αὑτοῦ·
1512 481 1748 549 Μωῦσῆς
1793 483 1870 545 δὲ,

313 569 381 636 τῇ
416 565 599 636 ῥάϐδῳ
625 565 686 618 τὸ
718 566 913 635 πικρὸν
961 566 1102 637 ’ύδωρ
1160 568 1426 638 χρήσιμον
1476 572 1725 638 ποιήσας,
1767 589 1870 624 σω-

314 657 510 725 τηρίαν
535 655 826 726 καθολικὴν
880 659 1263 728 προηγόρευεν.
1317 660 1485 723 Αὐτὸς
1546 661 1652 732 γὰρ
1707 662 1873 716 τύπον

314 749 506 817 ἐῳερεν
545 745 642 799 τοῦ
695 747 949 819 Χριστοῦο
991 751 1025 818 ὴ
1052 749 1107 801 δὲ
1143 748 1355 820 ῥάϐδος,
1402 751 1493 803 τοῦ
1524 751 1776 822 σταυροῢο
1813 753 1874 805 τὸ

311 837 369 889 δὲ
399 837 596 908 πικρὸν
627 836 792 908 ὕδωρ,
837 838 930 891 τοῦ
976 839 1352 908 εὑλογηθέντος
1408 841 1593 904 ὓδατος
1640 843 1740 912 τῆς
1785 860 1873 895 κο-

310 925 652 997 λυμϐήθρας,
693 928 787 981 τοῦ
815 929 1150 998 δυσχρήστου
1175 929 1271 998 μέν
1305 947 1431 982 ποτε
1485 931 1738 1000 φανέντος
1760 935 1872 996 τοῖς

309 1019 583 1082 ἀπίστοις,
617 1020 927 1090 εὑρεθέντος
948 1021 1002 1072 δὲ
1031 1023 1142 1082 τοῖς
1167 1024 1372 1086 πιστοῖς
1401 1024 1479 1086 είς
1533 1025 1708 1075 πᾶσαν
1744 1024 1873 1077 ἀνά-

307 1107 487 1177 ψυξιν,
521 1111 617 1162 καὶ
665 1129 684 1160 t
746 1111 832 1173 Ὧς
861 1110 1045 1182 δρόσος
1088 1110 1353 1180 ’Λερμὼν,
1399 1115 1431 1183 ὴ
1479 1115 1870 1170 καταϐαίνουσα

312 1198 406 1248 ἐπὶ
435 1197 505 1250 τὰ
543 1198 645 1268 ὅρη
685 1199 842 1253 Σιών.
885 1219 906 1251 ι
962 1199 1153 1252 Δίδωσι
1223 1203 1278 1256 δὲ
1316 1205 1444 1274 ἡμῖν
1481 1205 1559 1266 εἰς
1595 1205 1751 1257 τοῦτο
1782 1207 1872 1257 εὑ-

313 1289 506 1357 πορίαν
535 1291 836 1361 μαρτυρίας
861 1294 953 1345 καὶ
987 1296 1018 1365 ἡ
1051 1295 1230 1365 βίϐλος
1281 1297 1386 1349 τῶν
1422 1296 1735 1362 Βασιλειῶν,
1777 1300 1870 1350 καὶ

308 1379 444 1449 αὑτὴ
466 1381 524 1430 ἐν
555 1379 682 1450 [1'22
707 1381 758 1452 ΙΙ]
779 1384 1070 1456 ἀπορρήτῳ
1096 1387 1164 1440 τὰ
1190 1389 1346 1457 ὃμοια
1369 1387 1475 1440 τῶν
1501 1389 1868 1459 προκειμένων

304 1470 703 1539 ὑποφαίνουσα,
753 1475 808 1526 ὲν
843 1477 994 1546 ῥήσει
1025 1479 1118 1530 καὶ
1151 1478 1401 1531 ὑποθέσει
1425 1481 1490 1548 τῇ
1520 1480 1869 1550 ὑπογεγραμ-

301 1561 468 1633 μένῃο
501 1580 521 1614 ι
594 1564 911 1632 Ἐλισσαῖος,
969 1570 1159 1639 φησὶν,
1190 1571 1456 1640 ἐπορεύθη
1504 1573 1616 1641 μετ’
1666 1571 1864 1625 αὐτῶν

297 1653 397 1706 καὶ
439 1650 604 1723 ἦλθον
634 1657 710 1719 είς
757 1658 848 1712 τὸν
884 1660 1171 1730 Ἰορδάνην,
1230 1663 1323 1716 καὶ
1367 1663 1587 1732 ἔτεμνον
1613 1663 1680 1715 τὰ
1708 1663 1858 1729 ξύλα.

294 1743 414 1794 Καὶ
446 1744 558 1797 ἰδοὺ
588 1748 616 1798 6
655 1741 733 1809 εἷς
755 1747 830 1810 ὡς
863 1728 1184 1803 καταϐάλλει
1221 1751 1314 1820 τὴν
1338 1728 1511 1814 δοκὸν,
1532 1750 1592 1802 τὸ
1629 1728 1861 1821 σιδήριον
1893 1728 1934 1781 Β

290 1832 565 1896 ἐξέπεσεν
598 1837 675 1898 είς
707 1837 766 1889 τὸ
791 1836 953 1910 ὕδωρο
989 1839 1082 1892 καὶ
1115 1840 1424 1910 ἀνεϐόησεν*
1447 1836 1515 1891 Ὦ
1560 1838 1733 1910 κύριε·
1771 1840 1864 1892 καὶ

285 1924 432 1976 αὐτὸ
485 1928 839 1997 κεχρημένον.
890 1931 997 1983 Καὶ
1017 1926 1163 1984 εἶπεν
1189 1935 1217 1984 6
1258 1931 1537 2004 ἄνθρωπος
1564 1930 1657 1983 τοῦ
1706 1929 1861 1983 Θεοῦ·

289 2015 411 2068 Ποῦ
445 2016 673 2081 ἕπεσεν;
709 2020 817 2072 Καὶ
870 2021 1134 2086 ἐπέδειξεν
1191 2023 1337 2093 αὐτῷ
1385 2024 1474 2076 τὸν
1518 2025 1699 2078 τόπον.
1755 2025 1864 2076 Καὶ

287 2106 579 2160 ἀπὲκλασε
641 2107 812 2173 ξύλον,
841 2111 932 2165 καὶ
961 2112 1179 2182 ἔρριψεν
1221 2114 1350 2166 αὑτὸ
1376 2116 1506 2178 ἐκεῖ,
1543 2117 1636 2168 καὶ
1664 2115 1863 2168 ἐπεπό-

287 2195 429 2248 λασε
489 2196 552 2248 τὸ
583 2197 838 2268 σιδήριον·
871 2201 963 2253 καὶ
987 2198 1156 2255 εἶπεν*
1203 2203 1451 2271 ’Υψωσον
1483 2205 1709 2276 σεαυτῷ.
1759 2205 1865 2258 Καὶ

291 2287 537 2354 ἐξέτεινε
598 2290 698 2360 τὴν
729 2293 885 2362 χεῖρα
910 2293 1093 2357 αὑτοῦ,
1147 2294 1242 2347 καὶ
1286 2294 1474 2349 ἐλαϐεν
1489 2296 1638 2349 αὑτό.
1665 2317 1683 2348 ι
1715 2297 1865 2368 Ἐδη-

291 2378 460 2431 λοῦτο
499 2377 629 2448 γὰρ,
662 2380 748 2433 διὰ
793 2382 890 2451 μὲν
933 2383 1232 2437 Ἐλισσαίου
1271 2385 1366 2438 τοῦ
1421 2384 1708 2456 ἀνθρώπου
1769 2386 1863 2441 τοῦ

292 2467 435 2520 Θεοῦ
467 2468 565 2520 τοῦ
594 2468 916 2540 πυθομένου,
949 2491 967 2523 ι
1001 2472 1108 2525 Ποῦ
1159 2473 1410 2539 ἐξέπεσεν
1467 2476 1498 2544 ἡ
1545 2476 1700 2547 ἀξίνη
1729 2494 1742 2542 ;
1792 2497 1810 2530 ι
1835 2480 1863 2530 6

297 2558 441 2628 μετὰ
504 2558 812 2627 ἀνθρώπων
861 2562 1149 2632 γενόμενος
1198 2564 1348 2628 Θεὸς,
1397 2568 1424 2618 6
1472 2566 1636 2620 πάλαι
1672 2567 1859 2621 εἰπών·

302 2667 321 2700 t
377 2650 572 2721 Ἀδάμ,
599 2651 701 2703 ποῦ
729 2647 806 2717 ei;
845 2672 864 2704 ι
897 2654 983 2706 διὰ
1007 2655 1062 2707 δὲ
1081 2654 1173 2706 τοῦ
1209 2655 1325 2717 ἑνὸς
1351 2655 1657 2728 προσώπου,
1688 2659 1780 2711 τοῦ
1803 2660 1864 2712 τὸ

298 2740 456 2805 ξύλον
491 2742 940 2808 καταϐάλλοντος,
972 2747 1063 2798 καὶ
1093 2748 1514 2814 ἐπιδεικνύοντος
1559 2751 1647 2806 τὸν
1678 2753 1861 2815 τόπον,

295 2833 358 2887 ἐν
502 2834 721 2906 ήάξίνη
765 2834 974 2901 ἔπεσεν,
1002 2841 1030 2890 6
1065 2837 1232 2910 Ἀδὰμ
1257 2841 1285 2891 6
1315 2840 1392 2911 τῷ
1446 2843 1698 2914 ἁλαθήτῳ
1747 2845 1864 2915 Θεῷ

296 2925 754 2996 ἀποκρινάμενος·
787 2945 806 2979 t
843 2929 1048 2999 Γυμνός
1070 2933 1202 3001 είμι,
1229 2932 1321 2986 καὶ
1346 2933 1600 3006 ἐκρύϐην,
1634 2956 1651 2988 ι
1675 2938 1767 2990 xai.
1787 2939 1864 3010 τῷ

297 3016 487 3086 τοιῷδε
545 3019 748 3087 ῥήματι
802 3018 979 3082 δείξας
1019 3021 1109 3073 τὸν
1162 3023 1344 3086 τόπον,
1381 3023 1506 3078 ἔνθα
1555 3026 1864 3097 αἰδούμενος

301 3106 631 3178 ἐκρύπτετο,
677 3108 756 3160 ἔτι
787 3109 842 3161 δὲ
875 3109 1123 3180 ἐδηλοῦτο
1162 3115 1253 3166 καὶ
1289 3115 1348 3167 τὸ
1379 3116 1563 3183 φυτὸν,
1589 3112 1648 3171 οὗ
1691 3117 1866 3188 ἥψατο

301 3197 397 3249 οὑκ
426 3201 508 3261 είς
535 3198 675 3251 δέοψ
707 3199 791 3253 διὰ
820 3200 877 3253 δὲ
921 3201 1013 3255 τοῦ
1045 3204 1297 3268 πεσόντος
1329 3207 1542 3277 σιδήρου
1573 3209 1651 3272 είς
1682 3209 1740 3261 τὸ
1773 3209 1868 3279 βά-

307 3289 392 3352 θος
417 3289 480 3341 τὸ
508 3291 734 3358 ἀφανὲς,
788 3295 819 3363 ἡ
862 3292 1086 3365 δύναμις
1124 3295 1222 3366 τῆς
1263 3296 1600 3369 ἀνθρωπείας
1658 3299 1868 3368 φύσεως

312 3379 649 3446 ἐσημαίνετο,
683 3382 716 3450 η
743 3383 1045 3436 ἐκπεσοῦσα
1077 3381 1169 3436 τοῦ
1203 3385 1375 3452 φωτὸς
1417 3387 1577 3441 ἕνεκα
1608 3388 1701 3440 τοῦ
1746 3391 1856 3441 ἐπι-

315 3468 490 3520 εαλεῐν
522 3474 680 3542 χεῖρα
710 3473 790 3535 είς
815 3472 873 3526 τὸ
903 3474 1054 3537 ξύλον
1104 3476 1204 3545 τῆς
1251 3476 1414 3547 ζωῆς·
1441 3477 1527 3531 διὰ
1560 3479 1614 3530 δὲ
1642 3478 1735 3531 τοῦ
1767 3479 1868 3548 φά-

315 3577 399 3612 ναι
457 3562 531 3613 ὅτι
580 3558 650 3633 ἦν
703 3563 795 3615 καὶ
823 3565 951 3616 αὐτὸ
1002 3568 1354 3637 κεχρημένον,
1413 3568 1474 3620 τὸ
1539 3568 1677 3622 δόσει
1732 3569 1866 3623 Θεοῦ

311 3653 592 3721 ἐσχηκέναι
625 3652 716 3706 τὸν
745 3657 1178 3726 πρωτόπλαστον,
1223 3661 1289 3729 ἢν
1315 3659 1492 3730 ἀφῆκε
1527 3660 1772 3730 δύναμιν,
1799 3663 1866 3732 ἣν

305 3746 394 3797 καὶ
441 3745 548 3798 ἔδει
581 3746 658 3816 τῷ
691 3747 960 3812 δεδωκότι,
990 3751 1105 3802 οἵαν
1156 3751 1376 3822 εἴληφεν
1425 3753 1731 3807 ἀποδοῦναι·
1780 3754 1867 3808 διὰ

296 3836 349 3890 δὲ
383 3837 483 3889 τοῦ
533 3836 830 3907 ληφθέντος
861 3839 1036 3904 ξύλου,
1072 3843 1164 3895 καὶ
1199 3843 1448 3914 ῥιφέντος
1477 3845 1616 3898 κατὰ
1648 3845 1741 3898 τοῦ
1781 3846 1866 3899 τό-

296 3946 398 3982 που
425 3929 524 3982 τοῦ
557 3929 770 4000 ἔχοντος
796 3931 856 3984 τὸ
886 3932 1231 4004 ζητούμενον,
1252 3938 1279 3989 6
1313 3935 1681 4007 πολυύμνητος
1713 3954 1867 3989 σταυ-

295 4021 407 4091 ρός·
443 4020 535 4072 διὰ
563 4020 620 4072 δὲ
665 4021 759 4073 τοῦ
795 4019 922 4092 [125
953 4023 1006 4094 α]
1050 4023 1331 4092 Ἰορδάνου,
1367 4025 1428 4078 τὸ
1455 4026 1719 4079 ἀθάνατον
1765 4025 1864 4096 βά-

292 4127 530 4180 πτισμα·
562 4112 620 4163 ὲν
643 4113 750 4182 γὰρ
776 4111 851 4182 τῷ
887 4113 1121 4185 Ἰορδάνῃ
1150 4116 1280 4168 ότὸν
1318 4117 1585 4186 Ἰορδάνην
1614 4117 1860 4187 ποιήσας,

291 4201 656 4271 βαπτισθῆναι
685 4203 748 4255 δι’
777 4205 923 4274 ἡμᾶς
947 4205 1296 4276 κατηξίωσεν.
1330 4207 1425 4260 Διὰ
1459 4207 1514 4260 δὲ
1550 4207 1642 4260 τοῦ
1674 4209 1865 4262 ἐπιπο-

289 4297 459 4348 λάσαι
495 4297 607 4358 τοῖς
648 4294 800 4348 ὕδασι
837 4296 926 4348 τὸν
957 4297 1189 4370 σίδηρον,
1225 4298 1316 4349 καὶ
1356 4296 1529 4349 ἐλθεῖν
1585 4297 1721 4368 πρὸς
1771 4297 1862 4349 τὸν

1975 497 2090 535 rum
2133 498 2198 536 ex
2238 483 2472 554 Egypto
2517 485 2764 552 historia,
2811 496 2965 556 typus
3013 496 3128 541 erat
3159 488 3270 558 (55)
3320 489 3526 557 salutis,

1973 590 2134 642 quam
2171 575 2222 628 in
2261 576 2524 644 baptismo
2547 577 2946 645 consequimur.
2983 577 3262 645 Signilical
3285 590 3340 634 at
3384 581 3526 634 enim

1973 665 2241 735 Egyptus
2269 666 2482 734 quidem
2512 669 2788 733 mundum,
2816 669 2868 721 in
2900 683 3028 736 quo,
3062 669 3166 722 nisi
3198 679 3341 723 recte
3379 671 3527 722 viva-

1973 773 2118 821 mus,
2152 757 2288 810 male
2341 758 2616 811 nobiscum
2663 761 2868 829 agitur;
2925 762 3146 830 populus
3190 771 3364 816 autem
3411 779 3524 830 eos,

1971 843 2062 909 qui
2091 842 2358 910 baptismo
2395 860 2534 897 nunc
2565 845 2977 913 illuminantur;
3010 865 3162 918 aqua:
3214 866 3362 916 vero,
3407 869 3524 920 qua:

1970 932 2167 1000 populo
2215 933 2520 987 securitatis
2558 935 2721 989 veluti
2757 939 3100 993 mediatrices
3133 938 3368 1006 fuerunt,
3438 943 3524 995 ba-

1970 1021 2222 1090 ptismum
2249 1025 2628 1093 designabant;
2680 1025 2891 1082 Pharao
2935 1039 3133 1092 autem,
3180 1045 3243 1083 ac
3285 1031 3478 1086 milites
3505 1073 3519 1095 ,

1973 1111 2244 1177 Satanam,
2278 1112 2497 1182 ejusque
2530 1115 2832 1180 ministros;
2860 1118 3068 1186 Moyses
3085 1131 3232 1181 vero,
3265 1119 3351 1186 qui
3380 1134 3525 1172 ama-

1971 1218 2084 1255 ram
2112 1202 2222 1271 (56)
2250 1219 2440 1271 aquam
2472 1207 2620 1274 virga
2652 1207 2833 1260 utilem
2863 1206 3005 1274 fecit,
3033 1209 3256 1262 salutem
3300 1211 3516 1264 univer-

1969 1289 2135 1343 salem
2209 1293 2618 1359 prtenuntiabat.
2689 1294 2805 1363 Ipse
2871 1298 3011 1351 enim
3069 1310 3248 1368 typum
3306 1301 3523 1369 gerebat

1967 1377 2202 1442 Christi;
2261 1379 2403 1446 virga
2477 1396 2622 1444 vero,
2671 1384 2885 1447 crucis,
2928 1401 3062 1454 aqua
3111 1398 3289 1440 autem
3338 1404 3521 1443 amara

1969 1469 2299 1523 benedictum
2358 1470 2580 1538 piscinae
2637 1487 2829 1541 aquam
2888 1479 3369 1542 praemonstrabat:
3406 1494 3523 1548 qua:

1969 1575 2104 1628 aqua
2135 1562 2339 1616 inutilis
2369 1563 2584 1632 quidem
2624 1565 2910 1635 aliquando
2936 1567 3052 1620 visa
3075 1577 3159 1622 est
3194 1569 3521 1636 inﬁdelibus,

1970 1651 2212 1706 lidelibus
2235 1668 2364 1707 vero
2396 1655 2541 1708 utilis
2564 1657 2628 1710 ad
2651 1670 2864 1710 omnem
2895 1657 3355 1728 refrigerationem
3384 1675 3525 1714 com-

1963 1753 2109 1811 perta
2129 1755 2226 1810 est,
2257 1754 2310 1798 et
2336 1763 2354 1794 ι
2381 1744 2656 1814 Tanquam
2695 1761 2781 1801 ros
2797 1749 3026 1801 Aermon
3061 1749 3169 1818 (57)
3197 1750 3524 1806 descendens

1963 1846 2123 1900 super
2145 1844 2350 1888 montes
2375 1833 2523 1889 Sion.
2538 1855 2557 1885 ι
2589 1835 2693 1890 Sed
2711 1836 2845 1892 liber
2865 1852 3076 1906 quoque
3098 1838 3401 1906 Regnorum
3441 1841 3525 1893 lu-

1965 1923 2232 1978 culentum
2287 1926 2441 1979 nobis
2491 1927 2592 1981 hac
2637 1927 2704 1981 de
2756 1942 2813 1981 re
2873 1931 3078 1997 praebet
3131 1931 3516 1995 testimonium,

1965 2027 2086 2066 cum
2114 2021 2169 2066 et
2202 2013 2316 2082 ipse
2348 2015 2545 2069 similia
2577 2018 3002 2086 praicedentibus
3037 2033 3234 2073 arcane
3276 2020 3519 2073 subindi-

1965 2113 2047 2158 oet
2082 2105 2132 2157 in
2158 2105 2393 2174 capitulo
2423 2115 2585 2176 atque
2610 2108 2850 2175 historia,
2882 2123 2998 2177 qua:
3018 2109 3115 2174 hic
3141 2111 3518 2165 subscribitur.

1970 2214 1989 2246 ι
2017 2195 2238 2250 Elisteus
2299 2197 2510 2269 (inquit)
2553 2199 2643 2252 ivit
2683 2199 2792 2269 (58)
2828 2215 2948 2254 cum
3002 2203 3083 2256 eis
3118 2220 3133 2256 :
3172 2211 3227 2256 et
3263 2210 3525 2255 venerunt

1964 2289 2030 2339 ad
2053 2285 2357 2354 Jordanem,
2389 2299 2444 2344 et
2470 2289 2747 2345 caedebant
2773 2291 2934 2361 ligna.
2968 2291 3035 2346 Et
3065 2306 3196 2347 ecce
3227 2309 3363 2346 unus
3389 2293 3514 2346 dum

1965 2378 2150 2448 dejicit
2198 2381 2428 2446 trabem,
2499 2381 2700 2436 ferrum
2747 2384 2941 2438 cecidit
2990 2385 3153 2454 266
3199 2385 3250 2437 in
3306 2399 3519 2454 aquam.

1965 2469 2030 2522 Et
2085 2470 2444 2525 exclamavit:
2487 2488 2520 2526 ο
2573 2472 2832 2528 domine:
2870 2485 2917 2528 el
2959 2474 3090 2528 illud
3124 2476 3520 2528 commodatum

1965 2561 2208 2632 (fuerat).
2241 2563 2306 2616 Et
2336 2563 2470 2617 dixit
2495 2563 2662 2618 homo
2690 2564 2820 2619 Dei:
2855 2564 2951 2618 Ubi
2983 2565 3214 2619 cecidit?
3251 2567 3314 2618 Et
3339 2575 3520 2619 osten-

1964 2651 2039 2704 dit
2067 2653 2115 2705 ei
2171 2651 2367 2717 locum;
2427 2661 2482 2706 et
2535 2652 2694 2722 fregit
2744 2653 2972 2724 lignum,
3021 2662 3074 2707 et
3113 2653 3241 2706 illud
3297 2653 3522 2722 prujecit

1963 2741 2107 2805 illuc,
2137 2751 2190 2796 et
2219 2743 2480 2797 innatavit
2513 2743 2734 2797 ferrum.
2765 2745 2830 2803 Et
2862 2744 2997 2799 dixit
3023 2761 3038 2798 :
3067 2743 3270 2798 Attolle
3296 2744 3412 2797 tibi.
3452 2741 3521 2797 Et

1961 2833 2203 2888 extendit
2254 2849 2692 2898 manumosuani,
2740 2844 2792 2889 et
2837 2837 3046 2905 accepit
3085 2835 3233 2889 illud.
3261 2853 3280 2886 ι
3309 2833 3518 2889 Etenim

1965 2940 2059 2994 per
2087 2924 2335 2979 Elisaaum
2368 2927 2584 2995 quidem
2621 2927 2889 2982 hominem
2933 2929 3048 2992 Dei,
3093 2936 3147 2981 et
3190 2927 3522 2996 interrogan-

1971 3024 2097 3078 tem,
2161 3035 2180 3067 ι
2207 3017 2306 3071 Ubi
2357 3018 2552 3072 cecidit
2583 3036 2602 3070 ι
2643 3019 2886 3074 securis?
2919 3020 3322 3089 signiﬁcabatur
3359 3017 3519 3085 Deus,

1967 3108 2056 3177 qui
2089 3125 2208 3162 cum
2240 3110 2546 3164 hominibhs
2571 3119 2816 3165 versatus
2842 3120 2944 3176 est,
2977 3111 3177 3179 quique
3207 3110 3334 3166 olim
3355 3110 3519 3165 dixit:

1969 3200 2613 3271 «Adam(39),ubies?a
2670 3201 2774 3256 l’er
2831 3217 2989 3268 unam
3041 3216 3167 3256 vero
3220 3214 3518 3272 personam,

1964 3304 2083 3358 quae
2118 3290 2314 3360 lignum
2355 3292 2561 3360 dejicit,
2614 3302 2667 3346 et
2716 3293 2954 3348 ostendit
2998 3293 3194 3356 locum,
3246 3292 3296 3345 in
3347 3305 3510 3359 quem

1964 3385 2166 3438 securis
2216 3385 2428 3448 cecidit,
2480 3385 2718 3440 Adamus
2774 3386 3186 3456 designabatur,
3243 3385 3333 3452 qui
3390 3382 3524 3438 Deo~

1964 3490 2123 3544 quem
2182 3475 2314 3529 nihil
2371 3475 2518 3539 latet,
2576 3475 2872 3542 respondit,
2906 3491 2925 3525 ι
2951 3474 3132 3528 Nudus
3160 3473 3271 3542 (40)
3297 3489 3435 3534 sum,
3467 3479 3522 3526 et

1964 3579 2050 3618 me
2105 3565 2378 3630 abscondi,
2417 3585 2435 3615 ι
2492 3573 2652 3632 atque
2703 3564 2787 3618 his
2826 3565 3005 3618 verbis
3054 3563 3225 3616 locum
3262 3563 3516 3626 ostendit,

1963 3656 2052 3709 ubi
2107 3671 2216 3726 prae
2269 3655 2592 3710 verecundia
2652 3670 2768 3710 sese
2826 3655 3188 3709 abscondebat
3237 3671 3249 3707 :
3305 3655 3520 3721 insuper

1963 3762 2091 3801 vero
2148 3746 2494 3800 indicabatur
2547 3745 2708 3799 etiam
2772 3747 2992 3815 planta,
3049 3760 3208 3815 quam
3265 3746 3518 3814 tetigerat

1963 3848 2146 3892 contra
2181 3838 2260 3890 fas
2287 3855 2300 3903 ;
2328 3853 2422 3905 per
2452 3837 2653 3891 ferrum
2695 3847 2896 3902 autem,
2945 3838 3086 3907 quod
3116 3837 3307 3891 cecidit
3335 3837 3385 3889 in
3419 3839 3520 3890 ob-

1963 3945 2172 3984 scuram
2204 3931 2650 3999 profunditatem,
2685 3930 2765 3984 vis
2795 3932 3042 3984 humana:
3065 3939 3271 3984 natura:
3299 3931 3521 3984 denota-

1963 4022 2138 4087 hatur,
2178 4038 2297 4092 qua:
2343 4023 2546 4076 excidit
2571 4037 2600 4075 a
2633 4021 2771 4087 luce,
2816 4032 3099 4090 propterea
3131 4022 3271 4090 quod
3305 4035 3518 4074 manum

1963 4114 2203 4180 iniecerit
2258 4114 2417 4167 homo
2479 4115 2533 4167 in
2579 4114 2779 4182 lignum
2820 4115 2973 4178 vitae;
3016 4128 3112 4182 per
3148 4113 3198 4167 id
3225 4126 3352 4166 vero
3377 4113 3520 4180 quod

1962 4203 2118 4267 dixit,
2165 4222 2183 4255 ι
2212 4205 2275 4258 Et
2305 4205 2437 4258 illud
2469 4204 2867 4258 commodatum
2901 4208 3094 4268 fuerat,
3129 4222 3147 4254 ι
3183 4202 3521 4273 signiﬁcaba-

1965 4303 2070 4359 tur,
2105 4309 2170 4348 ex
2199 4296 2338 4349 dono
2366 4297 2458 4349 Dei
2491 4295 2742 4350 habuisse
2760 4295 3145 4365 prot0plastum
3176 4310 3318 4358 eam,
3355 4309 3516 4361 quam

289 4385 662 4450 ἀπολέσαντα,
694 4385 753 4436 τὸ
785 4385 871 4437 διὰ
909 4385 1003 4437 τοῦ
1033 4387 1374 4456 φωτίσματος
1403 4389 1483 4450 είς
1525 4389 1586 4440 τὸ
1613 4388 1858 4458 οὐράνιον

1966 4386 2144 4440 amisit
2171 4387 2508 4454 vini;quam
2562 4387 2723 4440 etiam
2769 4387 2916 4439 illum
2971 4386 3254 4453 oportebat
3306 4384 3375 4445 ei,
3426 4384 3518 4451 qui

219 4528 230 4540 ,
287 4476 666 4548 ἀναφέρεσθαι
701 4477 916 4546 ὑψωμα,
963 4479 1052 4530 καὶ
1081 4479 1180 4548 τὴν
1209 4481 1473 4550 προτέραν
1501 4479 1855 4548 ἀποδέχεσθαι

286 4571 478 4644 χάριν,
500 4569 594 4622 καὶ
635 4567 732 4639 τὴν
779 4569 1008 4640 ἀρχαίαν
1047 4569 1445 4640 ἀπολαμϐάνειν
1483 4571 1732 4641 πατρίδαο
1770 4570 1856 4624 διὰ

361 4791 486 4858 (55)
523 4788 694 4856 Typus
722 4799 857 4843 erat.
893 4787 1015 4843 Hch
1060 4791 1145 4844 vix
1210 4791 1428 4859 attingit
1485 4790 1850 4846 Tertullianus

289 4862 384 4917 lib.
416 4860 496 4912 De
523 4862 664 4922 bapt.
687 4875 803 4927 cap.
828 4861 880 4915 9.
914 4861 1074 4915 Valde
1109 4862 1300 4914 similia
1334 4875 1458 4914 vero
1488 4861 1648 4914 habet
1678 4861 1852 4915 Theo-

292 4935 520 4984 doretua
551 4931 603 4982 in
626 4930 1032 4984 Commentariis
1060 4932 1110 4982 in
1144 4931 1312 4997 Epist.
1345 4929 1453 4983 lad
1481 4927 1604 4984 Cor.
1635 4945 1751 4995 cap.
1792 4946 1849 4993 Χ,

292 5015 443 5054 τετε.
474 5000 524 5061 i,
558 5009 686 5052 tom.
723 4998 805 5061 Ill,
843 5016 962 5068 pag.
1003 5000 1122 5054 166.
1159 4999 1316 5068 Lege,
1343 5000 1384 5052 si
1422 4999 1613 5066 placet,
1639 5016 1756 5067 qua:
1785 5002 1851 5053 de

293 5039 464 5124 senisu
494 5039 718 5138 mystico
747 5039 881 5123 bitrio
906 5039 981 5123 iiii
1018 5081 1198 5122 contra
1230 5039 1493 5122 i‘a’ustti'm
1535 5039 1746 5138 ca’pii‘i'l
1798 5080 1852 5124 et

295 5155 458 5208 seqq.
501 5140 718 5210 scripsit
761 5140 1093 5206 Augustinus
1129 5155 1144 5192 :
1174 5139 1246 5194 ibi
1299 5140 1442 5194 enim
1503 5140 1618 5193 hate
1648 5149 1704 5194 et
1746 5141 1860 5210 ipse

292 5207 545 5275 exempla
565 5207 783 5277 profert.

365 5279 484 5348 (56)
521 5276 788 5332 Ainaram.
816 5276 1174 5332 Tertullianus
1200 5278 1433 5334 breviter
1477 5278 1591 5334 haec
1617 5282 1857 5347 exponit.

298 5367 320 5401 ι
360 5347 494 5402 ltem
523 5347 640 5421 (ait)
693 5365 831 5421 aqua
888 5349 954 5421 de
995 5351 1370 5421 amaritudinis
1418 5349 1550 5402 vitio
1579 5350 1648 5401 in
1703 5366 1857 5421 usum

298 5417 644 5472 commodum
678 5419 960 5472 suavitatis
1008 5417 1170 5472 Musei
1209 5419 1348 5487 ligno
1387 5421 1734 5474 remediatur.
1765 5419 1857 5472 Li-

298 5504 463 5556 gnum
500 5488 627 5542 illud
657 5498 775 5542 erat
807 5488 1074 5552 Christus,
1108 5500 1379 5542 venenata:
1407 5498 1461 5543 et
1500 5504 1697 5544 amara:
1722 5501 1866 5544 retro

301 5569 506 5611 natura:
521 5573 681 5613 venas
723 5559 774 5613 in
802 5559 1177 5612 saluberrimas
1195 5574 1358 5626 aquas
1374 5559 1642 5626 baptismi,
1659 5560 1864 5615 scilicet

299 5645 368 5680 ex
417 5643 544 5697 sese,
587 5630 907 5683 remedians.
946 5647 966 5680 ι
1002 5629 1130 5693 Quae
1183 5644 1312 5682 vero
1351 5630 1606 5696 Didymus
1644 5629 1858 5697 subjicit

301 5712 471 5768 usque
485 5696 551 5752 ad
572 5715 739 5770 segni.
766 5699 867 5754 1‘25
886 5698 936 5764 ὁ,
951 5701 1017 5754 de
1033 5700 1097 5755 iis
1109 5715 1213 5755 non
1230 5697 1462 5768 loquitur
1477 5696 1849 5754 Tertullianus.

1964 4478 2134 4547 ipsam
2163 4477 2410 4539 dederat,
2439 4477 2598 4530 talem
2637 4477 2916 4530 restituere
2955 4478 3166 4545 qualem
3209 4484 3512 4544 acceperat.

1962 4569 2065 4623 Per
2097 4568 2294 4639 lignum
2345 4583 2496 4634 vero,
2537 4569 2678 4637 quod
2704 4579 2982 4637 acceptum
3006 4576 3106 4632 est,
3134 4578 3186 4622 et
3219 4567 3516 4637 projectum

2029 4790 2139 4858 (57)
2169 4787 2436 4858 Tanquam
2470 4805 2555 4842 ros
2612 4789 2856 4842 Aermon.
2888 4787 2966 4841 Ex
3029 4786 3169 4842 Psal.
3207 4803 3411 4852 cxxxtt,
3461 4789 3515 4844 5.

1958 4859 2238 4913 Hebraeum
2277 4861 2569 4928 exemplar,
2617 4870 2668 4912 et
2716 4859 2932 4926 Vulgata
2958 4858 3235 4910 translatio
3273 4859 3516 4914 habent:

1961 4949 1979 4980 ι
2017 4929 2246 4983 llermon
2274 4945 2287 4979 :
2327 4947 2345 4979 ι
2379 4928 2561 4983 Graeca
2585 4929 2752 4982 Biblia
2785 4939 2837 4981 et
2878 4929 3130 4996 Didymus
3160 4943 3173 4978 :
3199 4929 3514 4994 «Ammon,»

1955 5015 2138 5054 vocem
2182 5000 2388 5053 scilicet
2416 4999 2584 5054 tribus
2615 5007 2945 5053 constantem
2976 4998 3212 5066 syllabis.

2037 5070 2148 5138 (58)
2217 5067 2340 5132 luit,
2400 5079 2506 5122 etc.
2561 5067 2622 5121 IV
2687 5069 2946 5138 Beg.dv1,
3007 5066 3521 5138 4:7.7Coinpluten-

1964 5136 2230 5193 siseditio
2286 5140 2463 5195 aliter.
2504 5141 2572 5190 At
2607 5136 2786 5190 Biblia‘
2813 5136 3153 5206 Francoi'urti
3182 5138 3322 5190 edita
3360 5138 3523 5206 υἱόν-

1967 5209 2039 5261 ini
2065 5209 2348 5262 lectionem
2378 5211 2429 5261 in
2466 5209 2648 5261 multis
2687 5209 2966 5261 exhibent.
3003 5205 3297 5274 Utramque
3324 5205 3519 5260 editio-

1965 5293 2084 5332 nem
2111 5285 2353 5333 conl‘erat
2380 5279 2543 5332 lector
2575 5294 2694 5332 cum
2736 5280 2836 5330 hoc
2865 5275 3073 5346 Didymi
3107 5276 3241 5329 loco.

2037 5349 2149 5420 (59)
2202 5350 2393 5420 Adam.
2453 5348 2586 5420 Gen.
2636 5363 2719 5420 tit,
2765 5347 2819 5400 9.
2864 5348 3071 5420 Piorunt
3123 5355 3300 5420 autem
3334 5359 3521 5400 omnes

1975 5416 2233 5489 theologi,
2271 5418 2397 5485 quid
2433 5419 2498 5470 de
2530 5419 2686 5472 Verbi
2727 5430 2849 5471 ante
2879 5416 3309 5489 hicat-nationem
3351 5429 3516 5489 appa-

1974 5484 2259 5542 ritiunibus
2291 5484 2556 5540 Senseriut
2581 5490 2899 5541 vetustiores
2931 5485 3139 5549 Patres,
3166 5497 3304 5551 quos
3341 5484 3518 5554 sequi-

1971 5569 2060 5612 tur
2094 5558 2270 5627 hocin
2300 5557 2725 5627 loco_l)idymus,
2762 5567 2821 5614 ut
2850 5567 2905 5615 et
2929 5571 3098 5627 segni.
3129 5555 3197 5609 52
3223 5554 3274 5609 lt.

2039 5627 2152 5698 (40)
2178 5625 2385 5685 Nudus.
2415 5623 2565 5684 Gen.
2586 5641 2666 5694 ut,
2704 5628 2788 5684 10.
