4082 6406
615 256 720 311 699

1812 214 2052 307 nmth
2094 250 2551 306 ALEXANDRINI
3711 255 3801 311 τοο

618 374 671 426 in
721 385 842 424 eum
895 370 1092 434 locum,
1147 370 1236 424 ubi
1263 377 1378 425 erat
1402 369 1542 441 quod
1577 369 1938 439 quaerebatur,
1967 380 2173 430 sancta,
2205 374 2230 426 Α

2205 374 2248 427 Α
2276 367 2331 419 δὲ
2373 364 2463 418 τοῦ
2497 365 2745 436 γράφειν,
2779 383 2797 416 ι
2823 365 3071 435 ’Υψωσον
3131 365 3359 437 σεαυτῷ,
3397 385 3414 418 ι
3459 366 3549 419 καὶ
3575 366 3655 420 διὰ
3698 369 3801 435 τοῦ,

619 462 938 531 hynmisqne
1015 465 1230 529 semper
1289 462 1608 516 celebranda
1673 477 1807 516 crux
1867 462 2179 530 designaba-

620 561 707 602 tur
757 549 891 620 (ii);
943 563 1036 618 per
1089 550 1379 603 Jordanem
1435 550 1596 620 267
1655 565 1817 616 vero,
1881 549 2182 603 immortale

619 642 919 708 baptisma;
960 656 1082 694 nam
1130 642 1182 694 in
1221 639 1454 694 Jordane
1512 643 1556 696 is
1597 643 1684 710 qui
1718 623 2002 695 Iordanem
2035 639 2179 714 face:

622 741 725 796 rat,
760 733 1020 799 baptizari
1067 742 1284 801 propter
1320 749 1415 787 nos
1471 733 1716 802 dignatus
1755 743 1854 787 est.
1894 733 2045 787 Ferri
2087 747 2181 785 au-

624 830 728 873 tem
780 821 1040 875 innatatio
1081 824 1136 876 in
1184 824 1359 890 aquis,
1395 823 1619 892 ejusque
1659 837 1906 876 accessus
1950 823 2015 875 ad
2061 837 2181 876 eum

622 911 712 978 qui
749 909 876 964 illud
903 912 1180 975 amiserat,
1208 912 1566 980 signiﬁcabat,
1599 927 1696 966 nos
1729 927 1824 980 per
1861 913 2180 980 baptismum

626 1002 677 1054 in
713 1001 988 1055 cmlestem
1025 1003 1410 1056 sublimitatem
1441 1003 1646 1066 extolli,
1672 1010 1727 1056 et
1757 1002 2032 1070 pristinam
2065 1015 2182 1063 gra-

623 1093 755 1144 tiam
783 1094 1078 1161 suscipere,
1112 1102 1166 1146 et
1190 1103 1423 1147 veterem
1451 1093 1676 1160 patriam
1712 1093 1966 1158 recipere.
2008 1090 2180 1144 Verba

623 1197 752 1236 vero
795 1183 903 1242 illa,
938 1203 955 1234 ι
989 1184 1173 1237 attolle
1220 1184 1336 1248 tibi,
1365 1205 1382 1234 ι
1423 1195 1580 1252 atque
1612 1185 1725 1237 haec
1763 1183 1888 1246 alia,
1936 1201 1954 1232 ι
1987 1183 2184 1236 Exten-

623 1273 703 1327 dit
739 1289 952 1326 manum
983 1283 1038 1326 et
1084 1275 1320 1342 accepit,
1358 1293 1376 1325 ι
1411 1273 1707 1342 signiticant
1731 1313 1746 1337 ,
1790 1289 1923 1341 opus
1961 1288 2081 1326 esse
2130 1284 2186 1326 ut

629 1366 889 1430 sciamus,
933 1367 1076 1434 quod
1103 1365 1188 1420 ille
1226 1366 1339 1434 ipse
1368 1407 1382 1430 ,
1426 1366 1518 1434 qui
1548 1367 1613 1420 ad
1653 1366 1972 1434 baptismum
2004 1382 2185 1420 acces-

624 1456 722 1520 sit,
751 1459 970 1511 credere
1008 1458 1184 1524 debet,
1225 1466 1280 1511 et
1327 1458 1591 1521 attollere,
1642 1458 1694 1510 id
1741 1467 1846 1520 est,
1883 1456 2187 1525 gloriﬁcare

623 1547 736 1618 (42)
773 1563 837 1602 eo
869 1551 1046 1615 modo,
1083 1549 1172 1617 qui
1219 1548 1468 1618 baptismi
1530 1550 1644 1619 lege
1685 1565 1743 1603 ac
1772 1549 1998 1603 formula
2049 1565 2185 1614 pra:-

625 1643 859 1708 scriptus
899 1641 1017 1707 fuit,
1066 1651 1120 1696 et
1175 1642 1292 1697 illas
1335 1657 1524 1696 manus
1565 1656 1707 1695 nunc
1751 1654 1894 1696 reete
1918 1641 1983 1694 ad
2015 1641 2180 1695 Deum

2289 474 2307 506 ι
2362 457 2618 520 Ἐξέτεινε
2646 455 2742 526 τὴν
2772 459 2945 526 χεῖρα,
2979 457 3071 510 καὶ
3095 457 3269 520 ἔλαϐε,
3327 477 3346 509 ›
3385 457 3445 509 τὸ
3480 457 3584 510 δεῖν
3609 459 3802 524 εἰδέναι,

2281 546 2355 610 ὡς
2389 547 2547 599 αὑτὸν
2581 547 2670 598 τὸν
2724 548 3011 616 προσιόντα
3067 547 3143 616 τῷ
3177 549 3498 618 φωτῖσματι,
3547 549 3806 604 πιστεῦσαι

2284 637 2474 708 χρεὼν,
2505 637 2599 689 καῖ⁹
2642 635 2872 706 ὑψῶσαι,
2901 637 3040 690 τοῦτ’
3081 637 3194 690 ἔστι
3248 637 3483 703 δοξάσαι,
3515 637 3693 704 οὕτως,
3741 643 3804 705 ὡς

2285 728 2642 798 βαπτισθῆναι
2681 730 3095 799 προστέτακται,
3123 729 3215 781 καὶ
3244 729 3476 782 ἐκτεῖναι
3495 728 3586 781 νῦν
3604 729 3693 794 τὰς
3707 735 3803 800 χεῖ-

2285 836 2383 891 ρας
2412 819 2588 882 καλῶς
2616 822 2695 883 είς
2741 819 2831 870 τὸν
2859 819 3008 883 Θεὸν,
3045 820 3108 882 ἃς
3142 820 3329 881 πάλαι,
3370 819 3448 890 τῷ
3489 821 3644 890 κοινῷ
3681 823 3805 892 λόγῳ

2281 909 2376 978 τῆς
2415 909 2549 980 πρὸς
2581 911 2670 962 τὸν
2714 910 2882 980 Ἀδὰμ
2917 910 3148 978 φυσικῆς
3175 909 3434 972 ὲνώσεως,
3459 911 3517 963 οὐ
3552 911 3715 975 x1156;
3739 916 3806 976 εἰς

2282 1000 2342 1052 τὸ
2370 1002 2533 1070 φυτὸν
2579 1004 2674 1072 τῆς
2709 1003 2851 1071 ζωῆς
2874 1002 3150 1055 ἐπέϐαλεν.
3191 1002 3292 1054 Τὸν
3321 1001 3375 1054 δὲ
3415 1002 3678 1056 ἀνανεύειν
3705 1004 3808 1055 ἐθέ-

2283 1089 2456 1153 λοντα,
2513 1091 2591 1143 ὅτι
2625 1091 2717 1144 καὶ
2762 1092 2820 1144 τὸ
2848 1093 3042 1161 χωρίον
3072 1090 3227 1143 τοῦτο
3257 1092 3555 1162 προφητεία
3583 1093 3699 1162 περί
3725 1092 3805 1145 τοῦ

2287 1179 2654 1250 βαπίσματὸς
2697 1185 2862 1244 ἐστιν,
2909 1182 3055 1248 ἄξιον
3101 1183 3365 1244 ἀπαιτεῖν,
3411 1181 3461 1234 τί
3487 1182 3544 1234 τὸ
3573 1186 3808 1253 χρήσιμον

2283 1272 2390 1323 τῶν
2419 1273 2632 1325 τοιῶνδε
2681 1274 2936 1344 ῥημάτων
2981 1274 3072 1326 καὶ
3104 1272 3470 1343 διηγημάτων,
3495 1273 3623 1344 πρὸς
3649 1275 3674 1326 ὃ
3709 1275 3808 1343 βλέ-

2286 1379 2401 1414 πων
2434 1363 2461 1413 ὁ
2493 1365 2632 1433 ἱερὸς
2687 1366 3032 1434 συγγραφεὺς
3071 1364 3242 1416 ταῦτα
3294 1363 3552 1420 τέθεικεν.
3581 1367 3682 1418 Καὶ
3723 1365 3808 1435 τῆς

2286 1455 2342 1505 ἐν
2372 1455 2576 1526 Ἱεριχὼ
2601 1457 2656 1508 δὲ
2686 1458 2866 1526 πηγῆς
2887 1457 2948 1508 τὸ
2986 1457 3176 1528 πικρὸν
3211 1458 3302 1510 καὶ
3334 1457 3640 1524 ἀγονοποιὸν
3666 1458 3805 1528 ὕδωρ,

2288 1546 2554 1615 προσηνὲς
2580 1548 2671 1599 καὶ
2697 1547 2912 1616 γόνιμον
2941 1547 3264 1610 ἀποτελέσας
3291 1549 3320 1599 ό
3350 1547 3510 1610 αὐτὸς
3535 1548 3810 1617 προφήτης,

2289 1635 2346 1687 ἐν
2370 1635 2447 1705 τῷ
2485 1636 2616 1699 άλας
2638 1639 2730 1690 καὶ
2761 1637 2922 1708 ὕδωρ,
2951 1638 3043 1690 καὶ
3076 1639 3154 1700 εἰς
3183 1638 3364 1710 ὑδρίαν
3395 1639 3580 1709 καινὴν
3637 1638 3807 1707 βαλεῖν,

622 1733 932 1796 extendere,
964 1749 1100 1801 quas
1125 1733 1250 1787 olim
1287 1733 1554 1787 communi
1590 1732 1849 1784 naturalis
1881 1747 2001 1785 cum
2037 1729 2181 1783 Ada-
2214 1708 2234 1762 Ῑ

2214 1708 2255 1762 Β
2290 1727 2381 1780 καὶ
2406 1728 2498 1778 ἀπ’
2521 1729 2685 1797 αὐτῆς
2712 1731 2789 1792 εἰς
2812 1730 2872 1781 τὸ
2899 1733 3124 1799 πηγαῖον
3157 1729 3318 1799 ὕδωρ,
3348 1731 3441 1782 καὶ
3471 1731 3648 1797 φάναι,
3684 1748 3699 1781 ι
3722 1729 3810 1784 τά·

627 1839 715 1876 mo
749 1813 960 1878 unionis
995 1825 1203 1878 ratione
1237 1840 1340 1879 non
1381 1833 1528 1878 recte
1564 1824 1616 1876 in
1648 1823 1878 1892 plantam
1914 1823 2032 1876 vitae
2057 1822 2186 1890 inje-

626 1915 719 1967 cit.
757 1913 909 1980 Quod
936 1916 981 1968 si
1016 1916 1136 1983 quis
1168 1932 1419 1979 renuens,
1463 1930 1528 1968 ac
1569 1931 1631 1970 ea
1662 1931 1781 1984 qua:
1812 1915 2058 1979 dicimus,
2086 1915 2188 1969 im-

624 2005 857 2072 probans
890 2007 1212 2074 baptismum
1253 2007 1305 2060 in
1341 2007 1442 2060 hoc
1473 2005 1764 2074 Scriptura:
1790 2006 1908 2058 loco
1939 2020 2188 2074 praenun-

626 2097 746 2149 tiari
781 2098 1069 2164 inlicietur,
1109 2099 1174 2152 ab
1220 2097 1311 2152 illo
1355 2098 1615 2152 sciscitari
1655 2114 1751 2168 par
1794 2107 1907 2164 est,
1943 2112 2186 2166 quamam

623 2184 698 2238 sit
755 2185 938 2238 talium
994 2185 1278 2242 verborum
1356 2202 1421 2241 ac
1505 2190 1869 2242 narrationum
1945 2187 2184 2255 utilitas,

623 2289 784 2344 quam
821 2276 931 2345 (‘3)
958 2277 1262 2345 respexerit
1302 2292 1460 2332 sacer
1498 2279 1750 2348 scriptor,
1783 2280 1906 2332 dum
1946 2278 2058 2332 hzec
2088 2293 2186 2346 po-

626 2366 753 2420 suit.
797 2365 932 2420 Cum
974 2382 1104 2422 vero
1144 2368 1285 2424 idem
1324 2371 1584 2438 propheta
1639 2369 1824 2434 fontis,
1864 2371 1955 2438 Qui
2011 2369 2063 2422 in
2100 2367 2188 2424 Je-

624 2456 778 2510 richo
807 2465 943 2522 erat,
982 2472 1174 2527 aquam
1215 2474 1281 2514 ex
1323 2475 1505 2514 amara
1546 2469 1600 2514 et
1638 2461 1811 2515 sterili
1852 2475 2096 2526 suavem,
2133 2471 2188 2517 et

623 2550 906 2604 fecundam
951 2548 1105 2616 fecit,
1159 2551 1328 2604 salem
1368 2559 1422 2604 et
1469 2566 1670 2620 aquam
1742 2561 1852 2605 tum
1896 2552 1949 2606 in
1991 2567 2183 2606 novam

626 2639 740 2710 (44)
793 2640 1065 2712 hydriam,
1100 2649 1211 2694 tum
1261 2656 1324 2695 ex
1373 2656 1434 2696 ea
1474 2642 1528 2695 in
1573 2642 1731 2697 fontis
1773 2658 1965 2712 aquam
2015 2643 2186 2712 proji-

623 2732 796 2798 eiens,
837 2743 890 2788 et
931 2733 1175 2803 inquiens
1202 2733 1336 2804 (45),
1368 2751 1386 2784 ι
1410 2733 1532 2789 llaec
1565 2735 1695 2789 dicit
1725 2735 2016 2790 Dominus:
2045 2736 2188 2792 Sarno

625 2837 796 2892 aquas
834 2823 991 2889 istas;
1022 2843 1040 2874 ι
1085 2825 1460 2893 praenuntiavit
1491 2839 1584 2894 per
1613 2827 2012 2881 renovationem
2066 2829 2189 2897 qui-

629 2915 750 2966 dem
788 2913 992 2984 hydriaa
1029 2923 1083 2967 et
1123 2929 1297 2983 aquae,
1353 2929 1546 2968 novam
1596 2917 1715 2970 novi
1757 2915 1976 2972 {dederis
2015 2919 2185 2986 pisci-

626 3020 790 3067 nam;
849 3020 945 3075 per
992 3007 1158 3060 salem
1213 3022 1362 3070 vero,
1423 3007 1600 3072 (idem,
1647 3019 1701 3061 et
1742 3023 1882 3073 eam,
1923 3025 2080 3078 quam
2119 3026 2183 3065 ex

627 3095 730 3149 hac
777 3097 1122 3164 percipimus,
1183 3098 1506 3162 utilitatem;
1562 3113 1657 3167 per
1711 3114 1901 3167 aquam
1951 3102 2184 3167 demum,

629 3197 770 3250 quae,
798 3197 918 3235 cum
948 3193 1092 3236 esset
1118 3184 1392 3252 qualitatis
1437 3201 1649 3253 expers,
1689 3185 1938 3252 fecunda,
1976 3200 2028 3244 et
2060 3206 2186 3245 sua-

627 3273 710 3326 vis
738 3273 986 3328 omnibus
1043 3272 1188 3328 facta
1247 3286 1348 3341 est,
1404 3279 1761 3346 prophetarit,
1811 3280 1949 3348 quod
1999 3283 2088 3350 qui
2122 3283 2187 3336 ad

628 3364 950 3434 baptismum
1019 3366 1318 3432 accedunt,
1381 3371 1577 3423 veteris
1651 3372 1922 3428 lliCBSlilia£
1993 3376 2190 3431 tunicis

627 3465 926 3522 exuuntur,
984 3464 1040 3510 et
1092 3472 1258 3512 onera
1320 3459 1628 3526 deponunt,
1689 3471 1737 3516 et
1800 3479 1951 3517 nova:
2002 3468 2190 3532 gratia:

631 3547 772 3601 dono
826 3547 1139 3613 induuntur,
1203 3561 1257 3604 et
1310 3549 1558 3604 salutaris
1611 3551 1846 3622 Spiritus
1901 3556 2191 3625 participa-

640 3638 783 3693 tione
835 3629 1106 3705 l'ruuntur,
1170 3651 1332 3712 atque
1384 3645 1670 3714 adoptione
1715 3646 1765 3698 in
1807 3646 1964 3700 tilios.
2025 3647 2193 3703 Porro

637 3728 872 3796 Spiritus
916 3731 1088 3783 sancti
1131 3745 1340 3784 summe
1375 3732 1673 3787 inell'abiles
1705 3733 1756 3786 in
1788 3734 2192 3800 baptismalibus

635 3822 792 3892 aquis
830 3824 1066 3890 divitias,
1113 3833 1166 3878 et
1203 3826 1636 3895 pr0pitiationem
1667 3827 1775 3897 (46)
1807 3829 2024 3897 pulchre
2053 3829 2192 3884 idem

630 3915 890 3983 propheta
919 3916 1282 3983 praadocuisse
1315 3918 1546 3981 videtur,
1593 3935 1657 3972 ac
1702 3920 1827 3973 illud
1867 3921 2021 3974 simul
2053 3921 2194 3974 indi-

630 4021 802 4070 casse,
833 4006 899 4060 ad
931 4021 1142 4068 omnes,
1174 4009 1262 4074 qui
1298 4020 1708 4072 convertuntur,
1737 4021 1790 4064 et
1821 4014 1886 4064 ad
1919 4013 2196 4066 universas

631 4098 894 4151 humanas
929 4097 1066 4149 vitas
1100 4097 1318 4150 extendi
1359 4099 1722 4152 universalem
1756 4101 1989 4169 Spiritus
2021 4101 2195 4155 sancti

630 4187 1043 4254 providentiam,
1093 4187 1226 4240 adeo
1272 4197 1331 4240 ut
1377 4203 1534 4240 neruo
1579 4204 1789 4255 eorum,
1849 4193 1936 4258 qui
1988 4193 2195 4256 nolunt,

633 4275 870 4344 rejectns
915 4275 1259 4339 inveniatur;
1313 4293 1437 4328 cum
1497 4275 1856 4331 Nehemanum
1897 4280 2060 4349 268
2093 4280 2196 4350 Sy-

2288 1822 2343 1874 δε
2363 1822 2506 1890 λέγει
2531 1821 2750 1894 Κύριοςο
2795 1826 2979 1893 Ἰαμαι
3005 1824 3072 1876 τὰ
3123 1823 3286 1875 ὕδατα
3316 1823 3508 1876 ταῦτα’
3551 1843 3569 1874 ι
3609 1821 3811 1890 προηγό-

2291 1930 2469 1983 ρευσε,
2526 1913 2611 1966 διὰ
2645 1915 2740 1984 μὲν
2769 1915 2866 1985 τῆς
2885 1916 3228 1986 καινουργίας
3247 1915 3432 1985 ὑδρίας
3462 1915 3554 1968 καὶ
3599 1914 3683 1967 τοῦ
3711 1914 3812 1969 τιδι-

2287 2022 2396 2068 τος,
2442 2005 2540 2075 τὴν
2571 2005 2696 2058 νέαν
2727 2005 3126 2077 κολυμϐήθραν
3159 2007 3245 2060 διὰ
3285 2007 3341 2059 δέ
3385 2007 3492 2059 τῶν
3529 2007 3680 2069 ἀλῶν,
3729 2006 3811 2075 τὴν

2288 2097 2468 2149 πίστιν
2491 2098 2583 2150 καὶ
2608 2098 2706 2168 τὴν
2735 2097 2792 2162 ἐξ
2818 2099 2986 2169 αὐτῆς
3018 2098 3220 2168 δνησιψ
3257 2099 3342 2152 διὰ
3371 2098 3428 2150 δὲ
3457 2099 3549 2151 τοῦ
3577 2098 3634 2151 τὸ
3653 2099 3813 2154 ἄποιον

2289 2187 2450 2258 ὕδωρ,
2485 2189 2702 2259 γόνιμον
2732 2191 2824 2242 καὶ
2847 2190 3095 2259 νόστιμον
3148 2192 3279 2243 πᾶσι
3313 2189 3653 2259 γεγενῆσθαι,
3691 2205 3804 2258 προ-

2291 2281 2608 2350 εφήτευσεν,
2630 2279 2704 2342 ὡς
2725 2281 2773 2331 οἱ
2800 2279 3245 2350 προσομιλοῦντες
3271 2279 3346 2350 τῷ
3381 2279 3811 2350 βαπτίσματι,τῆς

2287 2371 2518 2433 παλαιᾶς
2546 2369 2670 2441 [125
2695 2368 2744 2441 b]
2778 2370 3127 2441 στυγνότητος
3165 2369 3491 2425 ἀποδύονται
3526 2371 3643 2434 τοὺς
3677 2369 3812 2439 χιτῶ-

2287 2479 2404 2524 νας,
2426 2463 2519 2514 καὶ
2540 2461 2883 2514 ἀποτίθενται
2903 2459 2971 2512 τὰ
3003 2461 3214 2531 φορτία,
3235 2462 3327 2514 καὶ
3358 2463 3456 2532 τῆς
3482 2462 3602 2525 νέας
3626 2461 3812 2531 χάριτος

2287 2552 2557 2606 ἐνδύονται
2574 2552 2672 2623 τὴν
2685 2551 2908 2622 δωρεὰν,
2922 2553 3013 2604 καὶ
3028 2551 3458 2623 ἀπολαύουσιτῆς
3470 2552 3561 2606 τοῦ
3583 2552 3812 2623 σωτηρίου

2288 2644 2427 2699 Πνεύ
2437 2661 2600 2715 ματος
2623 2642 2908 2714 μετουσίας
2941 2645 3032 2696 καὶ
3049 2642 3333 2706 υἱοθεσίας.
3348 2647 3507 2697 Δοκεῖ
3529 2661 3613 2714 μοι
3641 2641 3811 2704 καλῶς,

2287 2735 2367 2788 δτι
2393 2735 2483 2788 τοῦ
2504 2735 2656 2802 ἁγίου
2674 2733 2810 2786 Πνεύ
2819 2750 2982 2804 ματος
3003 2731 3090 2786 τὸν
3107 2734 3197 2785 ἐπὶ
3218 2736 3327 2797 τοῖς
3343 2734 3697 2803 βαπτιστικοῖς
3715 2731 3812 2784 ὓδα-

2290 2843 2372 2881 σιν
2397 2826 2760 2897 ἀρρητότατον
2784 2824 3008 2878 πλοῦτον
3031 2825 3122 2877 καὶ
3155 2824 3382 2896 ἱλασμὸν
3429 2824 3769 2896 προδιδάσκων
3789 2824 3815 2872 ὁ

2287 2917 2467 2980 αὐτὸς,
2503 2917 2596 2970 καὶ
2629 2917 2709 2969 ὅτι
2737 2918 2814 2980 εἰς
2837 2917 3042 2978 πάντας
3059 2915 3182 2978 τοὺς
3197 2918 3615 2987 ἐπιστρέφοντας
3640 2916 3722 2969 καὶ
3750 2917 3813 2976 εἰς

2291 3008 2493 3070 πάντας
2511 3008 2635 3070 τοὺς
2651 3006 3016 3078 ἀνθρωπίνους
3036 3005 3179 3074 βίους
3201 3006 3500 3078 διατείνειή
3532 3009 3617 3060 ἐπὶ
3633 3008 3812 3060 πάντων

2294 3095 2631 3166 πνευματικὴ
2650 3098 2891 3165 πρόνοια.
2918 3095 2992 3158 ὼς
3021 3095 3218 3165 μηδένα
3232 3093 3338 3146 τῶν
3359 3095 3422 3146 οὐ
3442 3093 3685 3147 θελόντων
3707 3089 3814 3143 dmi-

2289 3187 2479 3256 6λητον
2497 3186 2858 3256 εὑρίσκεσθαι,
2891 3186 3102 3255 Νεεμάν
3124 3184 3212 3236 τὸν
3231 3183 3299 3235 Σύ
3310 3201 3401 3253 ρον
3420 3183 3509 3236 τὸν
3537 3178 3815 3252 λεπρὸν,τδν

2289 3277 2601 3346 ἀλλόφυλον,
2627 3275 2881 3346 δεηθέντα
2901 3275 3059 3327 αὐτοῦ
3078 3274 3174 3344 τῆς
3198 3273 3493 3343 περιοδίας,
3514 3276 3587 3336 εἰς
3601 3273 3681 3324 τὸν
3705 3270 3814 3338 Ἰορ-

2289 3369 2452 3438 δάνην
2493 3368 2716 3430 ἑπτάκις
2771 3364 3273 3434 καταϐαπτισθῆναι
3303 3364 3568 3435 ἔπεμψεν·
3614 3363 3736 3416 ὥστε
3761 3362 3813 3428 τῇ

2292 3460 2384 3512 ἐπὶ
2429 3459 2534 3511 τῶν
2579 3458 2782 3511 ὑδάτων
2817 3457 2908 3509 τοῦ
2938 3456 3142 3527 Κυρίου
3173 3458 3320 3526 φωνῇ
3347 3457 3411 3508 τὸ
3444 3455 3605 3518 πάθος
3627 3455 3710 3506 ἀπ’
3740 3452 3816 3503 a0-

2291 3551 2381 3604 τοῦ
2412 3550 2751 3615 ἐξαναλῦσαι,
2781 3549 2872 3602 καὶ
2917 3549 3034 3601 ὅλον
3065 3547 3224 3600 αὐτὸν
3263 3547 3354 3599 ἐπὶ
3396 3548 3456 3600 τὸ
3482 3546 3704 3616 καθαρὸν
3743 3541 3816 3594 καὶ

2292 3643 2433 3701 ὅσιον
2454 3637 2590 3704 εἶδος
2609 3641 2705 3710 τῆς
2729 3640 2901 3709 ψυχῆς
2949 3639 3294 3710 ἀναδραμεῖν.
3334 3638 3592 3702 Ἐπτάκις
3641 3636 3691 3688 δέ
3719 3629 3816 3685 εἷπε

2296 3730 2734 3802 βαπτίσασθαι,ἢ
2781 3730 2864 3782 ἵνα
2893 3728 3084 3781 εἰδέναι
3132 3729 3241 3797 ἔχοι
3271 3731 3298 3780 ὁ
3327 3728 3634 3798 ἀλλοεθνὴς,
3678 3725 3742 3786 ὡς
3771 3723 3817 3771 ὲν

2292 3824 2358 3891 τῇ
2395 3821 2595 3892 ἐϐδόμῃ
2647 3819 2828 3892 ἡμέρᾳ
2867 3821 2900 3892 ό
2945 3818 3075 3882 Θεὸς
3126 3818 3232 3871 τῶν
3279 3818 3456 3889 ἔργων
3527 3818 3816 3872 κατέπαυσε,

2295 3914 2388 3965 καὶ
2449 3891 2925 3982 εὐλόγησενίᾶπερ
2983 3912 3039 3962 ἐν
3097 3912 3215 3972 ταῖς
3277 3908 3336 3972 ἓξ
3391 3909 3634 3978 ἐποίησεν
3691 3903 3819 3975 (ὅθεν

2296 4003 2604 4072 ἑπτάμυξον
2658 4005 2722 4072 τῇ
2778 4004 3063 4072 συναγωγῇ
3121 4001 3177 4052 ἒν
3236 3997 3304 4072 ἦν
3348 4002 3459 4055 τῶν
3505 3995 3818 4071 κειμηλίων),

2295 4095 2389 4147 καὶ
2454 4095 2528 4156 ὼς
2589 4093 3008 4164 πληρωματικὸς
3073 4095 3186 4146 ἐστι
3249 4093 3342 4146 καὶ
3406 4094 3605 4157 τέλειος
3656 4093 3681 4143 ό
3725 4090 3821 4155 ἀρι-

2298 4185 2430 4256 θμὸς
2488 4188 2515 4237 ό
2576 4186 2752 4238 ἐπτά’
2803 4184 2835 4255 ἢ
2903 4185 3136 4256 μᾶλλον,
3197 4187 3276 4238 ὅτι
3337 4187 3402 4239 τὸ
3461 4186 3631 4239 θεῖκὸν
3683 4177 3815 4235 Ilvch

2304 4297 2376 4349 μα
2404 4277 2640 4347 ᾐνίξατο.
2684 4277 2910 4339 Ἡσαΐας
2938 4276 3044 4347 γὰρ
3078 4277 3136 4329 τὸ
3180 4277 3440 4342 παντελὲς
3480 4278 3572 4331 καὶ
3601 4275 3721 4348 πρὸς
3746 4271 3820 4323 τὸν

632 4383 752 4420 rum
787 4365 900 4435 (47)
937 4365 1209 4433 leprosum
1250 4366 1624 4436 alienigenam,
1679 4371 1768 4437 qui
1811 4371 1877 4424 ab
1927 4386 1991 4423 eo
2035 4373 2244 4451 petie-l

2228 4396 2272 4451 Β
2304 4371 2416 4422 υἱὸν
2448 4368 2862 4439 ἀπαράλλακτον
2894 4369 2992 4439 τῆς
3022 4362 3233 4437 φ’ύσεως
3262 4369 3426 4421 αὑτοῦ
3457 4372 3522 4439 τῇ
3556 4370 3720 4420 πίστει
3745 4363 3820 4428 ἐγ·

633 4469 739 4524 rat,
770 4467 829 4512 ut
855 4456 1190 4512 curationem
1229 4457 1341 4530 (48)
1390 4460 1488 4516 sibi
1545 4460 1841 4527 adhiberet,
1894 4462 1962 4516 ad
2000 4460 2191 4517 Jorda-

707 4642 817 4712 (Μ)
856 4642 1429 4716 ϐτιιωννάεεὶσηαίιαιιιν.
1478 4644 1676 4700 Locum
1729 4644 1848 4701 libri
1887 4647 2065 4716 quarti
2098 4647 2202 4701 Re-

634 4728 780 4786 gum,
845 4715 934 4780 qui
969 4715 1253 4784 allegorice
1311 4715 1400 4768 hic
1455 4716 1780 4786 explicatur.
1817 4719 2041 4786 eodem,
2091 4733 2198 4786 quo

637 4784 914 4862 Didymus,
970 4787 1128 4862 modo
1184 4786 1567 4862 interpretatus
1599 4785 1775 4862 fuerat
1815 4785 2053 4862 Irenaeus
2083 4784 2200 4841 :‘ut

635 4852 862 4917 proinde
896 4859 1037 4908 hunc
1070 4854 1156 4908 ille
1186 4855 1428 4908 imitatus
1459 4855 1626 4908 videri
1651 4867 1830 4919 queat.
1868 4857 2053 4910 lrenaei
2081 4871 2200 4909 ver-

637 4924 701 4994 ba
732 4925 1135 4994 necdumetlita
1164 4934 1309 4977 sunt.
1345 4925 1614 4994 Exscripsi
1645 4925 1728 4976 illa
1767 4940 1796 4978 e
1834 4928 2016 4980 codice
2049 4926 2192 4989 XVI,

635 4991 824 5046 Graeco
879 4993 1210 5047 bibliothccm
1291 4994 1504 5048 Veneta:
1538 4991 1620 5049 'S.
1652 4994 1832 5055 Marci,
1863 5011 1968 5062 quo
2011 4997 2197 5050 codice

638 5076 824 5113 catena
855 5063 906 5133 in
925 5075 1160 5133 quatuor
1187 5065 1351 5116 libros
1381 5064 1583 5133 Regum
1622 5066 1942 5118 continetur.
1969 5065 2192 5118 Exstant

639 5143 817 5182 autem
846 5131 971 5182 folio
1003 5133 1098 5184 '2'.“
1137 5136 1200 5184 ad
1235 5131 1552 5186 versiculum
1593 5133 1622 5184 7
1684 5134 1877 5199 capitis
1907 5136 2043 5187 sexti
2075 5135 2196 5188 llbl‘i

639 5215 724 5254 Iv:
754 5209 808 5251 et
836 5203 904 5252 ita
921 5217 998 5271 _se
1030 5203 1261 5254 habent:
1286 5204 1600 5271 Εἱρηναίου
1623 5204 1890 5271 μαθητοῦ
1911 5203 2030 5257 τῶν
2056 5205 2200 5258 ἀπο-

637 5271 891 5322 στόλων.
921 5263 1047 5323 Ὧδε
1073 5271 1139 5323 δι’
1181 5263 1365 5342 ἔργον,
1413 5263 1523 5327 etc.
1561 5263 1696 5342 llgec
1731 5263 1851 5325 cum
1885 5273 2054 5326 altero
2090 5278 2203 5326 t’ra-

639 5349 856 5408 gmento
903 5343 1043 5407 quod
1102 5341 1223 5394 mox
1271 5359 1333 5395 ex
1388 5345 1571 5397 codice
1611 5341 1701 5396 XV
1734 5342 1975 5409 ejusdem
2009 5344 2204 5397 biblio-

643 5413 816 5478 thecae
874 5410 1028 5464 atfert
1083 5409 1400 5478 Mingarelli,
1432 5414 1696 5474 edidimus
1743 5414 1794 5466 in
1826 5412 2089 5467 Addendis
2137 5414 2204 5468 ad

638 5476 918 5542 Irenaeum,
952 5489 1080 5533 tom.
1127 5476 1214 5534 Vll
1245 5481 1336 5535 litt.
1371 5482 1526 5537 Εοιτ.

717 5547 830 5619 (42)
858 5549 1136 5613 Attollere,
1165 5551 1214 5605 id
1239 5562 1324 5604 est
1357 5552 1674 5620 gloriﬁcare.
1699 5551 1775 5607 Ne
1802 5553 2001 5607 insulsa
2033 5553 2208 5606 videa-

646 5626 733 5670 tur
770 5620 1165 5687 interpretatio,
1218 5622 1751 5678 animadvertendum
1805 5632 1904 5680 est.
1946 5622 2205 5686 δοξάζειν.

646 5690 701 5744 id
728 5702 808 5744 est
854 5710 870 5734 ε
910 5690 1229 5761 gloriﬁcare,
1277 5710 1294 5742 ι
1333 5692 1468 5747 idem
1503 5707 1637 5758 csse
1677 5709 1737 5748 ac
1759 5692 1855 5763 τὴν
1888 5693 2042 5758 δόξαν
2075 5695 2202 5748 ἁνα-

2303 4461 2620 4534 χωρούντως
2667 4463 2967 4533 θεωρήσας,
3019 4461 3157 4515 ἐπτά
3198 4460 3470 4531 σημασίας
3521 4460 3640 4530 περὶ
3686 4450 3819 4509 αὐτοῦ

2310 4646 2640 4718 πέμπεσθαι,
2677 4645 2816 4715 quod
2873 4653 2974 4707 est,
3025 4645 3090 4718 all
3145 4645 3391 4711 verbum,
3443 4661 3461 4694 ι
3496 4639 3704 4711 gloriam
3729 4646 3822 4687 sur-

2306 4713 2423 4771 sunt
2456 4713 2707 4781 mittere,
2731 4735 2750 4768 ι
2785 4731 2974 4781 netnpe
3003 4713 3216 4766 otferro'.

2374 4789 2485 4856 (45)
2520 4787 2711 4856 Quam.
2745 4786 2947 4847 Codex,
2975 4784 3110 4855 πρὸς
3141 4783 3192 4836 ἆυ
3219 4783 3360 4852 ιιθεο
3388 4781 3522 4852 ""9bc
3545 4781 3590 4856 δῖ

2375 4842 2487 4924 (44)
2525 4842 2775 4909 “Novam.
2833 4842 3031 4909 Codex.
3061 4842 3344 4916 mendose,
3425 4842 3645 4905 καινεῖν.
3702 4842 3816 4909 Lego

2304 4930 2517 4980 καινήν.

2377 4947 2642 5068 (gabinae
2661 4991 2904 5068 dicit.‘IV
2936 4993 3156 5068 Reg._lt,_
3185 4991 3276 5046 21.

2517 5046 2996 5186 Ἶλιὲμίιὶαιὲοηεηι.
3014 5046 3230 5117 "Codex
3304 5059 3576 5127 mendose,
3635 5046 3822 5120 ἱλασμὸν

2377 5155 2405 5186 ῐ)
2487 5151 2614 5186 ,ασμ
2647 5152 2694 5186 ν.

2363 5155 2405 5188 ’0
2449 5137 2694 5188 ἱλασμὸν.

2306 5153 2405 5206 pro
2449 5153 2694 5204 ιλασμον.
3714 5191 3722 5203 _

2527 5205 2739 5281 Syrum.
2769 5201 2972 5281 Codex,
3030 5202 3084 5281 τὸ
3111 5199 3316 5281 νοῦρον.
3355 5199 3498 5281 Lego
3542 5193 3820 5281 tot

2381 5212 2468 5276 (47
2527 5212 2739 5273 Syrum.
2769 5212 2972 5264 Codex,
3030 5212 3084 5254 τὸ
3111 5217 3316 5281 νουρον.
3357 5212 3498 5269 Lego
3542 5212 3632 5270 rov
3666 5212 3820 5260 mpm.

2381 5212 2492 5345 (48;
2527 5275 2883 5345 Curationem.
2934 5273 3138 5345 (lodex,
3169 5288 3264 5345 της
3293 5271 3584 5345 περιοδξας,
3610 5268 3824 5345 Quit-9‘s

2310 5324 2560 5400 deestlin
2579 5324 2894 5410 vulgaribus
2941 5324 3175 5396 Lexicis.
3217 5324 3734 5410 Mode‘stinus'mihi5
3765 5324 3825 5410 Ψ

2313 5415 2633 5468 excusation.
2673 5403 2786 5465 bare
2825 5413 3075 5480 scripsit:
3117 5429 3136 5462 ι
3172 5409 3540 5480 Grannnatici,
3591 5403 3823 5480 sophislﬁlv

2315 5486 2578 5545 rhetores,
2609 5483 2824 5544 medici,
2863 5471 2952 5550 qui
2979 5479 3338 5552 περιοδευταί,
3377 5479 3430 5552 id
3465 5489 3548 5533 est
3584 5471 3826 5552 circulato-

2314 5570 2400 5608 res
2429 5540 2715 5615 vocantur,
2755 5540 3201 5620 quemadmodum
3225 5565 3254 5603 a
3289 5540 3511 5614 reliquis
3538 5540 3824 5620 uulneribus}

2314 5624 2388 5678 ita
2443 5633 2497 5677 et
2554 5638 2582 5676 a
2632 5611 2835 5685 tutela,
2895 5630 2950 5676 et
3010 5636 3038 5674 a
3092 5636 3216 5675 cura
3283 5611 3520 5687 requiem
3572 5611 3765 5688 habent.
3807 5618 3822 5646 ι

2312 5696 2499 5765 Itaque
2552 5692 2782 5759 conjicio
2816 5689 3151 5749 Alexandria:
3189 5703 3382 5746 nomen
3419 5689 3536 5755 hoc,
3588 5688 3826 5752 περιοοευ·
