4082 6406
312 302 402 356 701

1342 312 1429 367 DE
1465 312 1835 369 TRINITATE
1876 314 2076 370 LIBER
2117 315 2505 375 SECUNDUS.

3450 320 3552 374 702

306 414 592 479 κατέλεξεν
623 418 682 469 ὲν
711 420 894 488 ῥητοῖς
925 421 1147 474 τοιοῖσδε
1168 439 1180 452 ο
1216 440 1237 475 ι
1286 426 1652 491 Ἐξελεύσεται
1689 428 1875 498 ῥάϐδος

1989 446 2112 483 nem
2150 432 2315 496 misit,
2349 448 2413 486 ac
2439 430 2639 502 septies
2672 431 2723 484 in
2753 445 2817 486 eo
2840 431 3083 501 immergi
3106 432 3267 503 jussit
3294 450 3306 485 :
3347 442 3403 486 ut
3424 449 3553 488 vove

304 504 368 557 ἐκ
402 504 501 574 τῆς
545 507 704 577 ῥίζης
757 510 977 574 Ἰεσσαὶ,
1011 512 1104 564 καὶ
1133 513 1290 577 ἄνθος
1325 514 1383 579 ἐξ
1419 517 1587 586 αὐτῆς
1616 518 1881 588 ἀναϐήσε-

300 608 389 646 ται
414 610 427 623 ’
463 596 558 647 καὶ
595 599 1045 655 ὲπαναπαύσεται
1091 604 1177 655 ἐπ’
1234 606 1393 657 αὑτὸν
1438 607 1660 677 Πνεῦμα
1694 609 1883 677 σοφίας

302 685 396 737 καὶ
436 687 730 755 συνέσεως,
778 693 1002 761 Πνεῦμα
1036 695 1231 763 βουλῆς
1279 698 1372 749 καὶ
1408 698 1609 766 ἰσχύος,
1658 699 1881 770 Πνεῦμα

304 780 558 847 γνώσεως
612 784 707 836 καὶ
762 784 1079 850 εὐσεϐείας,
1158 786 1286 858 [124
1332 786 1387 859 a]
1442 788 1665 857 Πνεῦμα
1713 788 1880 856 φόϐου

300 872 436 925 Θεοῦ
492 893 512 924 ι
561 874 849 947 Ἀναφέροι
882 876 937 929 δέ
964 895 1048 940 τις
1078 877 1143 930 ἂν
1181 878 1355 949 ὀρθῶς
1386 882 1463 942 εἰς
1492 879 1665 933 ταῦτα
1696 884 1788 934 καὶ
1818 882 1886 935 τὰ

301 962 772 1034 ἀποκεκρυμμένα
803 967 900 1036 τῆς
929 969 1199 1039 Ζαχαρίου
1238 969 1505 1036 διανοίας,
1540 971 1607 1025 τὰ
1642 974 1767 1044 τῇδε
1800 974 1885 1027 λέ-

301 1071 503 1122 γοντα·
555 1074 574 1106 ι
615 1057 760 1110 Διὸτι
798 1058 906 1111 nos
943 1059 1053 1127 ἐγὼ
1084 1061 1202 1129 ἄγω
1233 1061 1324 1114 τὸν
1366 1062 1551 1117 δοῦλόν
1590 1082 1689 1134 μου
1734 1066 1889 1119 Ἀνα-

301 1146 461 1218 τολήν
480 1163 495 1176 °
536 1148 671 1201 διότι
697 1152 725 1202 ὁ
756 1150 919 1214 λίθος,
949 1151 1006 1205 ὃν
1035 1152 1208 1206 ἔδωκα
1235 1171 1340 1224 προ
1364 1154 1544 1208 σώπου
1592 1157 1764 1227 Ἰησοῦ
1794 1160 1884 1213 ἐπὶ

302 1238 395 1290 τὸν
435 1239 587 1293 λίθον
626 1240 715 1294 τὸν
744 1241 861 1303 ἕνα,
901 1242 1041 1295 ἑπτὰ
1072 1243 1337 1315 ὀφθαλμοί
1376 1248 1531 1298 εἰσιν.
1573 1265 1593 1298 ι
1637 1247 1821 1301 Ταῦτα
1853 1250 1881 1301 ὀ

306 1326 441 1392 Θεὸς
460 1331 600 1401 πρὸς
652 1332 855 1401 Ἰησοῦν
888 1334 979 1385 τὸν
1017 1334 1162 1404 ἱερέα
1194 1335 1284 1387 τὸν
1322 1336 1494 1406 μέγαν
1527 1336 1658 1409 ἔφη’
1699 1341 1878 1408 Ἀγω,

302 1422 459 1490 φησὶ,
509 1422 602 1473 τὸν
657 1423 838 1476 δοῦλόν
876 1442 976 1494 μου
1018 1425 1108 1479 τὸν
1137 1426 1438 1496 Ζοροϐάϐελ
1465 1429 1543 1491 είς
1589 1430 1687 1500 τὴν
1732 1431 1881 1497 ἐξου-

301 1515 427 1567 σίαν
466 1516 569 1584 τῆς
602 1514 895 1586 βασιλείας,
931 1517 1024 1586 ἀφ’
1064 1513 1132 1588 ἧς
1163 1517 1313 1571 ἔσται
1341 1517 1415 1583 ὡς
1459 1520 1713 1573 Ἀνατολὺ
1743 1522 1881 1593 λαμ-

1990 522 2220 584 Domini,
2267 538 2385 591 qua:
2441 533 2524 577 est
2584 538 2745 591 super
2796 538 2963 592 aquas
3000 523 3133 595 (49),
3180 522 3298 591 ejus
3332 525 3552 578 morbus

1989 628 2213 681 prorsus
2272 624 2638 676 evanesceret.
2693 629 2755 669 ac
2810 624 2950 668 totus
3004 615 3122 683 ipse
3181 614 3431 668 mundam
3498 624 3552 666 et

1984 714 2224 758 salictam
2250 704 2360 775 (50)
2389 706 2582 759 animae
2623 706 2853 774 speciem
2884 705 3165 773 reciperet.
3198 704 3410 773 Septies
3441 705 3551 773 (5|)

1986 805 2162 849 autem
2219 812 2338 849 eum
2406 796 2550 851 ablui
2605 796 2795 866 jussit,
2847 806 2939 848 aut
2997 804 3055 848 ut
3102 794 3397 860 intelligere
3431 809 3554 861 pos-

1986 898 2066 941 set
2094 887 2391 958 alienigena
2433 888 2540 951 ille,
2602 888 2764 943 Deum
2818 887 3040 954 septima
3083 887 3169 939 die
3204 887 3271 941 ab
3302 885 3553 955 oneribus

1990 992 2253 1043 cessasse,
2320 994 2384 1032 ac
2441 979 2775 1045 requievisse
2806 977 2940 1048 (52),
3005 986 3059 1029 et
3103 978 3167 1031 iis
3208 977 3552 1030 benedixisse

1989 1084 2108 1139 qua:
2145 1084 2236 1123 sex
2260 1069 2448 1123 diebus
2481 1068 2683 1123 fecerat
2715 1069 2878 1138 (unde
2906 1068 3308 1131 candelabrum,
3346 1078 3549 1135 septem

1993 1160 2200 1215 habens
2228 1160 2531 1232 ellychnia,
2579 1176 2743 1215 unum
2791 1170 2908 1215 erat
2963 1177 3028 1214 ex
3102 1160 3327 1213 citneliis
3392 1176 3553 1230 syna-
3610 1192 3611 1195 η

1989 1252 2197 1324 gogte);
2276 1265 2438 1322 utque
2516 1264 2720 1321 nosset,
2795 1254 3179 1322 plenitudinem
3242 1254 3458 1318 habere,
3488 1268 3552 1307 ac

1989 1344 2287 1413 perfectum
2342 1346 2453 1417 (55)
2502 1361 2622 1401 esse
2686 1362 2968 1400 numerum
3018 1348 3379 1414 septenarium
3414 1363 3426 1399 :
3463 1354 3554 1397 aut

1987 1437 2150 1508 269
2172 1438 2347 1505 potius
2394 1438 2518 1506 quia
2550 1438 2765 1493 divinus
2811 1438 3045 1506 Spiritus
3070 1438 3407 1507 :cnigmatice
3438 1436 3551 1507 (δι)

1986 1527 2341 1584 indicabatur.
2376 1529 2543 1584 Isaias
2577 1531 2719 1583 enim
2752 1530 3131 1599 perfectionem
3170 1538 3375 1583 naturae
3429 1530 3551 1597 Spi-

2492 1656 2505 1688 λ

289 1762 423 1841 τῆς,
449 1761 503 1814 in
532 1761 727 1817 bonam
754 1767 1119 1841 partemsumi
1143 1768 1509 1841 consuevisse,
1530 1770 1880 1841 utnonrcir.
1915 1780 1956 1835 Β
1988 1771 2092 1824 tius
2120 1779 2199 1826 est
2220 1771 2752 1838 Itmninisimperitia,
2774 1787 2929 1841 quam
2956 1774 3214 1826 sententia
3240 1772 3544 1827 refutanda.

289 1834 631 1898 enlatorcm,
654 1852 672 1883 ι
709 1836 801 1888 sed
849 1837 1115 1891 medicum
1158 1856 1175 1886 ι
1206 1837 1649 1900 circumeuntem,
1674 1858 1691 1889 ι
1716 1840 1766 1892 id
1796 1855 1878 1896 est

288 1910 541 1971 aegrotos
590 1902 907 1976 invisenlem
950 1908 1262 1976 denotaret;
1292 1921 1516 1976 eamque
1552 1926 1571 1958 ι
1615 1908 1878 1963 visitatio-

287 1988 427 2025 nem
462 1990 482 2024 ι
514 1972 786 2034 περιοδίαν
811 1976 877 2030 ab
897 1972 1273 2030 Alexandrinis
1297 1972 1537 2031 vocaiam
1576 1992 1715 2033 esse.
1744 1977 1876 2034 Nam

287 2056 361 2116 ex
384 2041 485 2116 lib.
505 2040 572 2095 IV
590 2040 724 2111 Reg.
746 2059 864 2113 cap.
894 2060 1133 2109 v,verss.
1162 2045 1226 2100 lO
1255 2056 1307 2099 et
1326 2047 1412 2110 11,
1433 2056 1644 2101 constat
1662 2059 1878 2116 nptasse

286 2110 702 2178 Nahamanum,
751 2110 826 2168 ut“
853 2130 910 2170 se
960 2115 1182 2170 Elismtts
1215 2116 1484 2171 inviseret.
1528 2118 1604 2170 Ac
1640 2110 1771 2171 sane
1814 2135 1875 2174 ea

289 2198 412 2236 vox
473 2184 613 2251 apud
652 2183 1028 2255 Athanasium,
1085 2186 1174 2252 qui
1233 2195 1287 2241 et
1333 2187 1447 2255 ipse
1484 2186 1878 2244 Alexandrinus

288 2262 443 2317 erat,
478 2270 499 2303 ς
533 2256 866 2307 curationem
901 2273 920 2307 ι
962 2254 1227 2323 signiﬁcat
1266 2275 1280 2310 :
1316 2254 1362 2311 is
1392 2257 1535 2309 enim
1565 2255 1619 2311 in
1656 2257 1875 2312 homilia

289 2324 351 2375 in
389 2338 642 2395 aecumo
666 2325 943 2395 nativitate
975 2326 1053 2380 sic
1076 2326 1311 2393 loquitur
1342 2348 1353 2381 :
1392 2326 1485 2379 τὸν
1503 2327 1880 2395 περιοδεύσαν-

288 2408 369 2466 {ea
412 2391 476 2444 τὸ
505 2393 773 2463 ἡμέτερον
789 2394 998 2466 τέκνον,
1039 2395 1092 2466 id
1121 2391 1204 2450 est
1256 2414 1274 2447 ι
1305 2412 1428 2451 eum
1456 2398 1549 2466 qui
1578 2391 1787 2451 curavit
1817 2398 1877 2453 fi-

292 2462 436 2543 Iiltm
468 2475 793 2546 DOSIE'UIII..D.
831 2464 896 2518 Et
929 2464 1086 2546 paulo
1114 2467 1361 2535 superius
1394 2486 1407 2520 :
1438 2462 1660 2546 τῆνμὲν
1698 2469 1877 2522 αἰτίαν

290 2532 708 2606 τῇςῗπεριοδᾲίας
736 2533 901 2603 λέγω,
934 2532 985 2590 id
1039 2547 1121 2591 est
1160 2532 1196 2586 ι’
1221 2552 1437 2592 causam
1476 2532 1688 2606 quidem
1720 2555 1878 2593 cura-

294 2602 469 2655 tionis
507 2602 743 2670 profero.
771 2623 792 2655 ›

376 2671 493 2745 (49)
526 2670 697 2743 Super
742 2691 929 2745 aquas.
986 2673 1065 2728 Ex
1127 2675 1266 2745 psal.
1325 2691 1493 2731 xxviii
1530 2718 1545 2738 .
1624 2677 1677 2731 '5.
1742 2677 1875 2734 Gre-

297 2743 1043 2816 g_orius_qtioque_Nyssenus
1077 2743 1403 2801 in'oratione
1442 2749 1497 2800 in
1542 2746 1870 2816 Buptirmum

298 2812 693 2932 gaztﬁitihtotn.
748 2812 838 2881 Ill,
880 2830 1002 2887 pag.
1032 2815 1157 2880 378,
1188 2815 1302 2871 haec
1330 2816 1396 2871 de
1423 2812 1675 2887 baptismi
1721 2821 1876 2886 aquis

298 2892 582 2950 intelligit.

376 2952 495 3015 (50)
530 2951 596 3004 Et
621 2965 877 3009 sanctam.
909 2954 987 3008 Ex
1037 2954 1309 3009 idololatra
1335 2956 1546 3011 scilicet
1583 2956 1741 3011 unius
1781 2959 1872 3013 Dei

300 3024 486 3144 agnam
521 3022 733 3147 factu:5
749 3036 873 3081 tunc
903 3036 988 3079 est
1046 3023 1414 3091 Nabamanus,
1447 3035 1503 3080 ut
1553 3036 1768 3082 constat
1807 3044 1872 3083 ex

452 3108 538 3147 θα.
579 3109 630 3147 v.
739 3134 753 3147 .

452 3108 538 3162 eg.
563 3109 630 3162 _v,
668 3096 753 3147 15.

375 3160 509 3231 (51)*
548 3160 772 3235 Septies.
807 3163 953 3218 Inter
999 3180 1113 3229 eos,
1150 3164 1237 3232 qui
1280 3166 1354 3235 de
1402 3165 1593 3235 impari
1647 3181 1871 3222 numero

306 3231 677 3306 disputarunt,
701 3231 982 3306 Didymum
1012 3231 1254 3306 recenset
1280 3231 1635 3306 Hieronymus
1670 3237 1719 3289 in
1752 3236 1874 3303 Epi-

310 3306 444 3354 stola
474 3304 545 3355 ad
602 3301 1014 3358 Pamntnchium.
1049 3324 1066 3356 ι
1098 3304 1245 3358 Nunc
1286 3301 1705 3359 enumerandum
1743 3301 1872 3361 milii

313 3382 395 3425 est
420 3372 624 3443 (inquit
656 3389 800 3426 num.
839 3374 951 3443 19),
1001 3375 1094 3441 qui
1144 3374 1628 3443 ecclesiasticorum
1678 3376 1742 3429 de
1777 3377 1874 3429 im-

320 3442 437 3514 pari
490 3457 717 3514 numero
772 3442 1098 3514 disputarint
1141 3461 1154 3514 ς
1207 3442 1476 3514 Clemens,
1534 3444 1870 3514 Hippolytus,

322 3510 955 3584 Drigenes,_Dionysius,
1002 3513 1282 3584 Eusebius,
1329 3510 1871 3584 Dittytntts,”tio'stroé

327 3596 545 3654 rumque
601 3580 983 3654 '_l:e_rtullianus,
1011 3583 1334 3654 Cyprianus,
1392 3580 1715 3646 Victorinus,
1766 3584 1869 3638 La-

322 3651 567 3722 ctantius,
602 3650 881 3706 Hilarius:
915 3650 1141 3722 quorum
1175 3652 1475 3722 Cyprianus
1525 3657 1590 3707 de
1628 3664 1873 3721 septena-

319 3720 421 3783 rio,
451 3721 499 3773 id
525 3731 628 3785 est,
666 3723 854 3792 impari
899 3720 1120 3778 numero
1138 3720 1427 3784 disserens,
1459 3738 1597 3791 qttte,
1631 3720 1872 3792 eliquan-

314 3800 364 3841 ta
412 3791 611 3843 dixerit
658 3794 723 3845 ad
784 3791 1136 3846 Fortunatum
1194 3792 1330 3846 liber
1382 3792 1521 3845 illius
1563 3791 1873 3847 testimonio

306 3871 413 3931 est.
443 3880 464 3910 ›
492 3860 571 3913 Ex
590 3861 671 3931 his
699 3872 874 3915 autem
890 3863 1064 3917 verbis
1089 3862 1263 3931 colligi
1292 3878 1395 3915 non
1427 3876 1580 3930 posse
1600 3864 1870 3931 existimo,

302 3930 550 4003 libellum
593 3946 621 3983 a
640 3930 874 4003 _Didymo
912 3934 1109 3986 editum
1135 3930 1271 3998 esse,
1300 3933 1389 4000 qui
1414 3930 1657 4003 περὶτοῦ
1688 3949 1876 4003 περιτ-

299 4000 401 4054 τοῦ
428 3999 690 4069 ἀριθμοῦ,
718 3999 767 4054 id
800 4010 880 4054 est
906 4020 924 4053 ‹
966 4004 1031 4055 de
1071 4003 1258 4068 impari
1297 3999 1518 4056 numero
1557 4021 1575 4053 ι
1616 3999 1876 4056 inscribe-

302 4084 468 4123 retur
503 4086 517 4120 :
548 4071 780 4138 alioquin
805 4069 857 4122 id
904 4071 1074 4133 ipsum
1112 4073 1175 4125 de
1221 4072 1340 4125 aliis
1375 4070 1558 4134 etiam,
1590 4087 1723 4139 quos
1751 4072 1875 4127 Ilie-

301 4154 578 4210 ronymus
610 4141 869 4210 nominat,
913 4141 1194 4194 dicendum
1242 4140 1399 4195 foret.
1446 4142 1630 4208 Itaque
1658 4158 1779 4195 cum
1809 4157 1870 4194 ea

300 4209 625 4279 Hieronymi
667 4209 888 4277 epistola
911 4226 1050 4264 anno
1096 4210 1219 4275 595,
1264 4213 1486 4278 ideoque
1514 4212 1697 4280 paucis
1749 4220 1873 4265 ante

300 4281 526 4349 Didymi
561 4280 770 4350 (obitum
819 4282 1123 4350 annis,aut
1173 4290 1293 4348 post
1338 4282 1537 4334 editum
1579 4282 1681 4334 hoc
1717 4297 1871 4350 opus,

303 4348 525 4416 scripta
550 4348 731 4412 fuerit,
767 4349 1115 4416 improbabile
1141 4365 1244 4404 non
1278 4359 1381 4412 est,
1413 4350 1586 4405 locum
1614 4348 1873 4405 huncDi-

1983 1841 2081 1906 Qui
2120 1842 2216 1894 nisi
2274 1841 2548 1896 Hebraicas
2580 1842 2768 1911 linguae
2820 1845 3037 1895 omnino
3094 1844 3327 1911 ignarus
3374 1843 3534 1905 foret,

1982 1912 2238 1980 monitum
2270 1912 2370 1965 hoc
2409 1926 2530 1980 pag.
2572 1910 2673 1973 57,"
2691 1928 2793 1965 non
2827 1914 3160 1980 apposuisset
3194 1928 3206 1963 :
3252 1930 3270 1963 ‹
3303 1910 3377 1965 Ce
3436 1919 3547 1963 mot

1980 1979 2323 2047 (théocratie)
2383 1979 2591 2048 signitie
2623 1982 2669 2033 la
2697 1979 2872 2034 meme
2891 1982 3074 2047 chose,
3116 1985 3157 2036 si
3188 1997 3256 2035 on
3288 1983 3335 2035 Ie
3369 1980 3551 2034 dérive

1979 2050 2087 2101 snit
2118 2050 2481 2120 del'hébreu,
2509 2053 2614 2104 soit
2660 2051 2729 2120 du
2762 2066 2910 2120 grec,
2963 2051 3010 2103 la
3065 2052 3207 2114 ville,
3252 2051 3295 2104 la
3336 2050 3443 2105 cité
3472 2052 3540 2103 de

1980 2120 2132 2175 Dieu.
2157 2140 2173 2171 ι
2201 2119 2348 2174 Itane
2369 2121 2647 2188 ineptires.
2671 2119 2715 2174 si
2751 2119 2877 2189 Quid
2908 2136 3143 2189 saperes,
3180 2120 3549 2190 Boulaugere?

1977 2203 2040 2242 eo
2068 2191 2210 2242 enim
2249 2191 2538 2244 te‘nomine
2570 2190 2868 2258 appellabo,
2910 2207 3014 2258 quo
3048 2203 3095 2245 te
3129 2191 3373 2244 laudator
3419 2204 3541 2244 tuus

1976 2259 2201 2325 appellat
2231 2258 2536 2324 Voltairius,
2567 2261 2657 2328 qui
2694 2259 2887 2313 librum
2929 2268 3074 2313 tuum
3132 2260 3543 2328 Montesquieuo

1977 2328 2195 2399 dignum
2229 2339 2402 2383 vocat.
2437 2330 2541 2383 Sed
2567 2330 2885 2383 absurdiora
2909 2330 3082 2383 adhuc
3118 2339 3243 2384 sunt
3273 2346 3389 2396 quae
3424 2344 3545 2399 pag.

1978 2396 2059 2452 75⁷
2096 2398 2352 2467 legimus:
2398 2418 2417 2451 ι
2457 2400 2646 2461 David,
2691 2401 2822 2453 dont
2885 2400 2963 2453 Ies
3014 2399 3298 2454 véritables
3335 2396 3547 2453 racinés

1976 2477 2098 2536 sont
2120 2469 2289 2534 Aved,
2314 2471 2662 2533 Avaddon,et
2691 2469 2993 2531 Aveddach,
3024 2479 3192 2536 perte,
3225 2480 3278 2522 et
3308 2471 3547 2522 destruc-

1981 2535 2367 2609 tion,fsignifie
2411 2539 2947 2609 l‘exterminateur.__t
3004 2535 3047 2593 Ο
3083 2537 3400 2607 praeclarum
3440 2538 3545 2592 Hea

1977 2606 2143 2662 braici
2177 2606 2441 2663 sermonis
2472 2610 2846 2675 interpretem!
2895 2606 3142 2661 Hteccine
3166 2610 3307 2661 atati
3342 2619 3542 2662 nostra:

1978 2687 2248 2732 reservata
2275 2689 2430 2734 erant
2460 2682 2675 2733 iuventa
2700 2678 2722 2730 ?
2753 2676 2997 2732 Ilazccine
3025 2677 3429 2745 Moutesquieno
3461 2678 3544 2731 di-

1975 2747 2104 2868 gna?
2134 2748 2346 2802 Siccine
2382 2764 2473 2803 eos
2498 2747 2770 2811 confutas,
2822 2746 3172 2817 Boulangere,
3214 2747 3302 2816 qui
3345 2762 3538 2801 nomen

2024 2817 2143 2868 avtd
2183 2818 2250 2868 ab
2279 2819 2381 2868 alia
2418 2819 2620 2868 radice.
2674 2827 2769 2868 aut
2824 2818 3039 2868 nomine
3078 2819 3421 2868 deducentes.
3456 2816 3538 2868 Di-

2024 2817 2143 2869 avtd
2183 2818 2250 2871 ab
2279 2819 2381 2871 alia
2418 2819 2620 2883 radice,
2674 2827 2769 2869 aut
2824 2816 3049 2871 nomine
3078 2819 3421 2880 deducentcs,
3456 2816 3545 2869 Di-

1975 2885 2159 2939 lectum
2186 2887 2646 2957 interpretantur?
2664 2885 3014 2957 Tolerabilior
3041 2886 3278 2955 profecto
3309 2886 3355 2939 is
3381 2886 3544 2951 foret,

1974 2957 2063 3023 qui
2093 2972 2286 3011 nomen
2332 2956 2368 3009 “‹
2406 2958 2592 3012 asinus
2625 2976 2643 3009 ι
2701 2956 2862 3025 (absit
2896 2958 3058 3009 verbo
3094 2957 3313 3025 invidia)
3349 2971 3377 3009 a
3408 2972 3538 3009 voce

1981 3043 2000 3075 ι
2043 3028 2259 3093 sapiens
2288 3046 2307 3079 ι
2368 3028 2658 3081 derivaret.
2709 3024 2952 3091 Quatuor
3000 3026 3189 3080 saltem
3254 3040 3541 3079 numerare

1978 3106 2157 3163 posset
2183 3112 2497 3151 conununes
2528 3098 2740 3165 utrique
2765 3094 3020 3149 vocabulo
3053 3096 3278 3149 litteras.
3324 3094 3535 3165 Utinam

1979 3180 2106 3219 vero
2140 3166 2312 3220 discat
2341 3167 2631 3233 aliquando
2658 3164 2894 3234 ineptus
2940 3165 3245 3219 istiusmodi
3281 3164 3538 3233 disquisi-

1975 3234 2206 3299 tionum,
2247 3251 2342 3289 seu
2376 3236 2853 3291 deliramentorum
2885 3236 3081 3303 potius,
3117 3251 3179 3289 ac
3204 3234 3430 3287 futilium
3461 3250 3543 3287 ar-

1973 3306 2441 3370 gumentationum
2481 3306 2810 3362 architectus
2838 3305 3067 3357 litteram
3097 3305 3269 3357 daletlt
3294 3320 3322 3356 a
3363 3305 3543 3357 littera

1973 3374 2144 3441 aleph,
2180 3390 2243 3428 ac
2266 3376 2501 3429 litteram
2535 3376 2649 3428 beth
2685 3392 2713 3428 a
2742 3375 2920 3427 littera
2946 3390 3044 3427 vau
3074 3376 3422 3442 distinguere,
3460 3383 3543 3426 at-

1972 3456 2077 3509 que
2114 3445 2519 3509 internoscere;
2558 3446 2759 3499 videbit
2785 3444 2927 3497 enim
2961 3452 3086 3496 tunc
3110 3445 3330 3511 ipsemet
3379 3458 3539 3509 quam

1973 3512 2129 3582 longe
2161 3514 2323 3567 distet
2374 3529 2567 3568 nomen
2600 3521 2713 3575 τνττ
2748 3513 2964 3582 (David)
3006 3523 3114 3565 tum
3159 3531 3186 3565 a
3218 3514 3395 3566 radice
3431 3521 3543 3571 nn

1974 3580 2192 3649 (ab/md)
2227 3599 2344 3652 qua:
2382 3599 2502 3637 cum
2530 3586 2717 3639 eodem
2750 3580 2964 3635 nomine
2993 3597 3329 3635 coummnem
3380 3583 3541 3635 habet

1974 3662 2299 3718 postremam
2355 3656 2616 3707 duntaxat
2676 3654 2935 3715 litteram,
2997 3660 3106 3705 tum
3168 3668 3198 3705 a
3263 3652 3538 3705 vocabulis

1973 3721 2269 3782 abhaddon,
2299 3733 2353 3776 et
2373 3721 2662 3777 abheddah.

2046 3791 2155 3859 (53)
2186 3790 2501 3861 Perfectum.
2538 3791 2818 3846 Perfectus
2847 3790 3041 3844 dicitur
3087 3805 3339 3844 mnnerus
3366 3797 3542 3857 septo-

1975 3862 2164 3915 narius
2196 3860 2299 3915 non
2346 3862 2397 3915 in
2434 3862 2613 3928 seipso
2654 3862 3050 3923 consideratus,
3094 3860 3189 3913 sed
3234 3876 3417 3913 earum
3457 3875 3540 3912 ie-

1975 3944 2091 3983 rum
2122 3941 2384 3999 respectu,
2411 3946 2528 3999 qua:
2574 3935 2673 3985 hoc
2718 3946 2943 3983 numero
2991 3932 3039 3983 in
3089 3932 3369 3999 Scriptura
3412 3930 3538 3981 deti-

1976 4001 2212 4055 niuntttr.
2245 4002 2450 4054 Similia
2474 4001 2668 4069 paSsim
2697 4001 2895 4054 habent
2938 4001 3023 4053 alii
3052 4000 3238 4053 Patres
3263 4001 3327 4052 de
3357 4014 3536 4069 nume-

1976 4071 2050 4122 ris
2071 4072 2161 4133 ita,
2212 4082 2269 4124 ut
2297 4071 2427 4133 dixi,
2454 4072 2729 4135 Spectatis.
2753 4070 2893 4134 Quin
2925 4070 3256 4139 Epiphanius
3301 4068 3532 4121 libellum

1976 4140 2193 4207 scripsit
2220 4141 2292 4194 De
2320 4156 2651 4193 numerorum
2680 4139 2965 4208 mysteriis.
2991 4141 3205 4193 Ethnici
3240 4141 3533 4207 scriptores

1974 4223 2005 4262 e
2026 4212 2296 4264 contrario
2321 4212 2387 4263 de
2414 4225 2757 4264 numerorum
2782 4212 2830 4261 in
2857 4211 3049 4277 seipsis
3079 4208 3534 4263 consideraturum

1976 4279 2306 4345 perfectione
2348 4280 2495 4347 plura
2546 4280 2935 4345 disseruerunt,
2972 4296 3091 4347 quze
3135 4288 3289 4332 erant
3325 4278 3534 4331 illorum

1974 4358 2129 4402 tetatc
2154 4350 2371 4403 forsitan
2405 4350 2721 4413 tolerabilia,
2755 4364 2894 4401 nunc
2943 4359 3092 4403 certe
3126 4348 3245 4402 sine
3291 4358 3535 4401 contem-

300 4419 465 4490 dymi
492 4420 682 4511 respici
710 4419 776 4471 ab
805 4418 1153 4498 Ilicronymo;
1193 4420 1407 4511 namng
1432 4421 1736 4511 septenario
1770 4438 1873 4473 nu-
1907 4458 1949 4511 Β
1980 4429 2077 4511 ptuI
2115 4418 2213 4511 lgg‘l
2247 4423 2332 4511 vi‘x
2364 4428 2605 4511 possunt.
2653 4420 2727 4471 Ita
2770 4417 3014 4500 Julianus
3040 4420 3296 4511 qustata
3344 4418 3394 4468 in
3422 4417 3535 4494 epi-

299 4488 469 4542 mero
498 4488 586 4543 hic
612 4488 731 4543 fuse
757 4488 955 4557 agitur,
992 4488 1021 4542 a
1050 4492 1218 4558 Segm.
1238 4488 1340 4544 125
1372 4490 1399 4543 b
1418 4506 1585 4560 usque
1610 4491 1676 4544 ad
1702 4507 1871 4559 segm.

298 4559 413 4614 125
444 4575 500 4611 ιι.

374 4628 501 4699 (52)
564 4626 906 4697 Requievisre.
976 4627 1217 4697 Respicit
1280 4628 1414 4684 Gen.
1499 4646 1554 4693 ι,
1611 4630 1663 4684 5.
1727 4629 1877 4696 Quod

295 4706 458 4752 enim
492 4712 683 4752 omnes
714 4699 779 4751 ad
827 4713 986 4752 unum
1021 4700 1163 4753 docti
1201 4699 1298 4753 viri
1339 4699 1711 4765 tradiderunt,
1747 4716 1875 4754 voce

298 4768 579 4823 llebraica
643 4779 775 4827 mw
847 4768 1142 4891 (shabbat)
1198 4770 1431 4838 requiem
1496 4784 1560 4823 ac
1618 4772 1875 4824 cessatio-

298 4855 438 4891 nem
481 4837 772 4891 desitznari.
810 4837 861 4891 id
901 4848 954 4891 et
990 4842 1113 4891 theo
1136 4856 1268 4891 unus
1294 4852 1479 4891 noster
1500 4849 1717 4891 secutus
1770 4851 1871 4891 est.

297 4855 438 4892 nem
481 4837 772 4907 designari,
798 4837 863 4908 id
901 4848 954 4892 et
990 4837 1479 4908 theologusnoster
1500 4849 1717 4895 secutus
1770 4851 1871 4892 est.

299 4910 375 4961 At
416 4908 709 4978 genuinum
759 4907 874 4975 ejus
907 4910 1153 4962 vocabuli
1177 4907 1403 4964 sensum
1442 4910 1742 4978 ignoratum
1782 4910 1876 4962 Ita-

298 4976 511 5033 ctenus
541 4976 704 5033 fuisse
728 4989 908 5033 censet
940 4980 1133 5048 impius
1177 4980 1394 5048 quidam
1433 4976 1683 5047 scriptor,
1724 4978 1877 5047 cujus

301 5063 458 5117 opus
503 5050 809 5116 nuperrime
837 5064 867 5102 e
897 5049 1131 5102 tenebris
1158 5048 1209 5102 in
1254 5050 1424 5102 lucem
1454 5049 1648 5116 prodiit
1678 5049 1759 5102 sic
1790 5051 1873 5102 iu-

300 5119 579 5187 scriptum
614 5135 629 5171 :
675 5117 992 5171 Rccherches
1024 5134 1115 5170 sur
1147 5118 1385 5187 l‘ort‘gine
1432 5118 1503 5170 du
1561 5118 1875 5187 despotisme

300 5187 564 5241 oriental.
636 5206 657 5240 ι
715 5187 762 5241 ls
805 5188 1020 5241 nomine
1065 5207 1083 5238 ι
1124 5190 1349 5242 sltabbat
1380 5207 1400 5239 ι
1450 5202 1555 5241 non
1612 5190 1872 5257 requiem,

302 5274 421 5311 non
458 5259 816 5321 cessatimem
848 5258 1089 5311 denotari
1133 5257 1265 5321 vult,
1311 5260 1403 5311 sed
1451 5260 1870 5313 renovationem.

301 5328 470 5393 Quod
502 5326 547 5380 si
578 5342 683 5396 qua
713 5339 1075 5382 commentum
1104 5329 1203 5381 hoc
1235 5329 1446 5382 ratione
1479 5328 1669 5382 fulcire
1710 5343 1875 5383 cona-

306 5410 402 5451 tns
436 5407 603 5459 esset,
627 5413 743 5450 eam
792 5397 937 5451 facili
965 5398 1178 5464 negotio
1205 5398 1461 5467 refellere
1496 5398 1721 5453 forsitan
1748 5414 1873 5467 pos-

303 5481 529 5529 seruus;
562 5482 705 5520 nunc
748 5482 879 5521 vero
921 5481 1042 5520 cum
1077 5468 1120 5520 is
1148 5467 1345 5521 nullam
1391 5466 1600 5531 afferat,
1640 5466 1873 5536 cumque

304 5552 422 5591 non
456 5536 632 5589 solum
675 5536 988 5606 primigenia
1030 5539 1180 5590 radix
1212 5555 1230 5588 ι
1262 5538 1469 5602 shabat,
1512 5557 1531 5589 ι
1567 5537 1661 5592 sed
1699 5550 1755 5592 et
1785 5540 1875 5591 de-

305 5608 505 5659 rivata:
532 5622 599 5660 ex
622 5621 685 5660 ea
718 5607 976 5661 dictiones
1007 5625 1025 5657 ι
1060 5608 1295 5671 nishbat,
1336 5609 1663 5672 mishbatim,
1714 5608 1874 5660 shab-

307 5676 503 5740 baton,
545 5676 751 5731 hishbit
787 5696 807 5728 ι
842 5691 908 5731 ne
932 5677 1098 5731 semel
1126 5678 1339 5746 quidem
1380 5680 1433 5731 in
1470 5678 1664 5731 divinis
1690 5675 1873 5733 Bibliis

314 5763 340 5800 ι
378 5748 671 5803 renovandi
714 5766 735 5800 ι
762 5748 1203 5819 significationem
1242 5747 1498 5810 habeant.
1528 5748 1747 5804 ridenda
1775 5762 1869 5817 po-

1980 4488 2113 4540 stola
2136 4487 2206 4541 24
2242 4490 2309 4541 ad
2365 4488 2707 4557 Serapionem
2760 4492 2939 4544 nescio
2981 4504 3099 4557 qum
3133 4488 3197 4540 de
3222 4489 3535 4555 centenario

1979 4557 2171 4623 cffutit,
2212 4573 2370 4627 quem
2394 4559 2603 4627 caeteris
2648 4559 2886 4611 numeris
2924 4557 3349 4626 praestantiorem
3391 4570 3531 4618 esse,

1983 4626 2275 4697 eorumque
2302 4626 2681 4696 perfectionem
2718 4629 2769 4680 in
2814 4642 2872 4680 se
2906 4627 3121 4697 habere,
3155 4628 3295 4697 serio
3322 4638 3535 4697 conten-

1977 4696 2054 4749 dit
2085 4716 2099 4750 :
2130 4696 2278 4752 utde
2322 4697 2443 4750 aliis
2470 4698 2678 4760 sileant,
2723 4699 2953 4750 maxime
2996 4696 3389 4766 Pythagoricis,
3442 4696 3534 4763 qui

1977 4767 2150 4817 allinia
2178 4768 2243 4820 de
2278 4768 2514 4820 numeris
2545 4767 2898 4819 tradiderunt.
3402 4770 3403 4773 “

2048 4835 2158 4907 (54)
2188 4836 2561 4907 ίΕηὶρηιαιὶεε.
2596 4836 2768 4889 Simili
2819 4834 2975 4907 modo
3026 4836 3091 4889 ad
3123 4832 3533 4907 versiculum_2

1976 4905 2167 4972 capitis
2197 4908 2351 4974 primi
2377 4905 2493 4961 Jobi
2526 4908 2576 4959 in
2613 4915 2803 4959 catena
2829 4906 3135 4958 Grmrorum
3164 4905 3405 4965 Patrum,
3432 4905 3529 4967 Τίς

2011 4978 2080 5045 ὰρ
2103 4972 2209 5029 οῦκή
2232 4972 2359 5038 οἶδε,
2390 4978 2561 5044 inquit
2585 4976 2862 5045 Didymus,
2901 4974 2996 5043 τὴν
3034 4975 3278 5045 ἑϐδόμην
3330 4974 3534 5043 ἀπαρί-

2011 4994 2080 5045 αρ
2103 4994 2201 5029 ουκ
2232 4994 2359 5038 οιοε,
2390 4994 2561 5044 tnqntt
2585 4994 2862 5045 vtuytnus,
2901 4994 2996 5043 την
3040 4994 3278 5044 εοοομην
3330 4994 3531 5043 απαρι-

1974 4994 2199 5116 ἔμησιν,
2231 5046 2340 5116 δῶν
2370 5045 2507 5098 ἑπτὰ
2536 5045 2883 5116 χαρισμάτων
2908 5044 3128 5116 μηνύειν
3168 5046 3270 5116 τὴν
3297 5044 3531 5116 σύνοδον,

1974 5112 2161 5185 ὥστὲερ
2200 5112 2289 5169 οὖν
2315 5117 2407 5168 καὶ
2446 5112 2779 5236 silv-tgoth
2828 5112 3152 5185 ὲκφώνησιν,
3186 5112 3317 5184 πρὸς
3357 5115 3419 5166 τὸ
3451 5130 3535 5165 τε-

1974 5187 2238 5236 λειότερον
2276 5188 2407 5236 δοᾶν
2465 5185 2558 5236 καὶ
2643 5185 2907 5236 ειότεοονε
2937 5185 3020 5236 ἵνα
3065 5186 3323 5236 μάθωμεν
3355 5185 3535 5236 τὴνιὲν

1974 5187 2407 5258 λειότερονορᾷν
2465 5185 2558 5258 κει).
2609 5185 2907 5258 βε-ιρῖεροεη
2937 5185 3020 5258 ἵνα
3062 5186 3323 5255 μάθωμεν
3355 5185 3535 5254 τὴνιὲν

1975 5254 2405 5329 Τριάδιῄπίσίὲιν,
2460 5255 2557 5325 τῆς
2610 5254 2853 5329 ἒϐδὸμης
2911 5254 3173 5329 (fortune
3225 5254 3523 5329 legendum,

1973 5320 2293 5397 ἑϐδομαίας)
2333 5320 2549 5396 χάριτος
2583 5320 2720 5377 εἶναι
2747 5320 3092 5396 δη’μιοῦργὸν,
3126 5327 3175 5379 id
3212 5320 3310 5378 est:
3360 5342 3375 5373 ι
3399 5323 3533 5387 Qus

1973 5400 2113 5452 enim
2170 5400 2378 5466 ignorat
2428 5412 2706 5466 numerum
2745 5406 3103 5465 septettartum
3151 5410 3290 5466 esse
3320 5405 3528 5466 septeni

1973 5462 2363 5522 charismatum
2404 5464 2670 5519 indicem?
2719 5462 2871 5519 Sicut
2923 5469 3081 5519 trium
3125 5464 3425 5533 appellatio
3468 5462 3533 5533 ad

1974 5539 2025 5592 id
2063 5539 2203 5605 quod
2228 5548 2309 5591 est
2338 5534 2824 5605 perfectiusAatque
2848 5535 3101 5601 divinius,
3132 5530 3318 5589 referri
3352 5530 3531 5605 solet?

1973 5603 2233 5661 Nimirum
2273 5603 2597 5660 ut'sciamus
2627 5603 2906 5662 Trinitatis
2935 5606 3092 5662 fidem
3127 5615 3334 5675 septem
3363 5603 3535 5658 dono-

1975 5694 2089 5733 rum
2109 5678 2353 5748 opilicetu
2384 5689 2520 5733 esse.
2558 5694 2575 5727 ι
