4082 6406
598 239 700 296 705

1822 231 2062 287 DlDYMl
2101 230 2567 287 ALEXANDRlNI
3682 239 3768 295 704

598 353 732 405 ritus
780 349 976 414 sancti,
1007 349 1229 420 ejusque
1271 364 1393 404 cum
1450 347 1584 403 Filio
1641 348 1974 403 identitatem
2035 349 2158 412 fide,

2263 350 2426 420 πρόςο
2457 351 2520 400 ὲκ
2552 345 2644 399 τοῦ
2669 345 2987 416 πράγματος
3004 345 3065 400 τὸ
3085 346 3252 418 δνομα
3280 346 3502 411 καλέσας
3519 364 3532 379 ⁸
3555 349 3770 408 ἐντεῦθέν

601 451 862 511 quantum
907 452 1119 511 poterat
1167 442 1300 512 (55),
1326 441 1713 511 contemplans,
1753 451 1980 510 septem,
2031 440 2155 495 dum

596 537 661 590 de
713 534 829 602 ipso
885 533 1140 599 loquitur,
1183 542 1336 586 notas
1382 541 1630 586 recenset
1666 531 1718 584 in
1765 532 1851 585 his
1904 531 2080 586 verbis
2140 549 2155 584 :

602 642 621 676 ι
658 623 974 692 Egredietur
1009 622 1119 692 (56)
1152 622 1301 691 virga
1353 636 1416 674 ex
1457 621 1637 674 radice
1669 619 1842 684 Jesse,
1884 629 1938 674 et
1966 620 2062 674 llos
2091 637 2157 674 ex

598 714 710 781 ipsa
751 713 862 783 (57)
895 713 1187 766 ascendet:
1238 720 1290 764 et
1322 711 1622 779 requiescet
1664 724 1826 778 super
1873 725 1996 762 eum
2045 710 2155 780 (58)

596 805 834 871 Spiritus
867 803 1161 871 sapientize,
1215 812 1271 856 et
1318 800 1700 868 intelligentiae,
1744 799 1977 869 Spiritus
2024 783 2158 854 eon-

595 895 719 958 silii,
752 903 806 948 et
845 894 1195 955 fortitudinis,
1235 892 1471 960 Spiritus
1506 891 1765 958 scientiae,
1825 901 1879 946 et
1919 891 2154 960 pietatis.

596 985 824 1054 Spiritus
887 985 1093 1038 timoris
1157 983 1266 1054 (59)
1340 983 1455 1037 Dei.
1491 1001 1509 1034 ι
1581 981 1745 1036 Recte
1804 991 1982 1036 autem
2037 983 2158 1051 quis

597 1080 698 1131 huc
752 1077 996 1132 retulerit
1060 1092 1121 1130 ea
1187 1078 1369 1140 etiam,
1429 1091 1547 1144 quat
1583 1076 1636 1128 in
1675 1074 1946 1130 Zacharim
1993 1091 2156 1130 sensu

597 1167 908 1220 abscondita
981 1176 1148 1228 sunt,
1223 1166 1309 1219 ubi
1390 1166 1647 1231 scriptum
1724 1173 1874 1218 est:
1939 1181 1958 1215 ι
2021 1163 2156 1230 Quia

598 1273 726 1313 ecce
757 1258 865 1328 (60)
922 1273 1020 1328 ego
1078 1259 1284 1311 adduco
1339 1273 1552 1311 servum
1605 1272 1781 1309 meum
1821 1255 2093 1311 Orientem
2139 1273 2153 1309 :

600 1353 721 1420 quia
765 1351 920 1419 lapis,
959 1367 1114 1420 quem
1146 1352 1262 1405 dedi
1299 1359 1422 1404 ante
1451 1348 1643 1402 faciem
1677 1349 1786 1419 (6t)
1813 1348 1962 1415 Jesu,
1998 1363 2157 1416 super

597 1442 826 1509 lapidein
879 1457 1079 1506 unum,
1133 1451 1333 1509 septem
1391 1440 1532 1496 oculi
1573 1450 1719 1493 sunt.
1775 1459 1794 1492 ι
1848 1440 1973 1494 Πωο
2020 1439 2157 1494 Deus

597 1535 734 1587 «ﬁxit
770 1532 893 1588 Jesu
926 1533 1198 1587 sacerdoti
1259 1548 1474 1602 magno.
1523 1532 1766 1596 Adduco,
1809 1531 2005 1600 inquit,
2040 1546 2155 1585 ser-

597 1642 722 1680 vuin
774 1642 946 1679 meum
1000 1624 1382 1680 Zorohabeleni
1433 1624 1485 1678 in
1530 1632 1846 1692 potestatem
1889 1623 2057 1691 regni,
2089 1624 2157 1677 oh

598 1734 756 1787 quam
791 1718 1014 1772 illustris
1068 1717 1173 1770 erit
1233 1730 1296 1769 ac
1353 1715 1684 1783 Splendidus,
1728 1714 1891 1766 veluti
1944 1714 2154 1768 Oriens.

596 1811 860 1866 Nimirum
904 1819 1116 1878 sumpto
1141 1824 1206 1863 ex
1241 1809 1352 1878 ipsa
1395 1822 1454 1861 re
1486 1807 1702 1860 nomine
1733 1820 1854 1860 eum
1882 1813 2054 1858 vocat.
2092 1804 2158 1858 Et

596 1899 720 1956 inde
751 1902 1061 1956 continuum
1114 1913 1442 1963 sermonem,
1485 1912 1549 1951 ac
1605 1896 1722 1950 sine
1775 1895 2158 1964 interruptione

599 1992 833 2056 faciens,
918 1991 1146 2058 lapidem
1204 1990 1445 2043 nominat
1507 1987 1932 2052 Zorobabelem,
1997 2001 2158 2056 super

598 2097 753 2152 quem
786 2080 948 2134 facies
971 2079 1093 2133 Jesu
1128 2080 1331 2131 lii-mata
1364 2077 1557 2136 fuerat.
1586 2077 1826 2144 przebens
1855 2077 1955 2143 ipsi
1989 2091 2149 2145 opem

601 2187 694 2242 per
732 2172 1024 2233 orationes,
1063 2179 1117 2225 et
1161 2171 1392 2224 vicissim
1424 2169 1691 2240 accipiens
1719 2169 1786 2222 ab
1833 2183 1896 2223 eo
1948 2184 2155 2236 pacem,

599 2281 757 2334 quam
786 2279 1006 2332 regnum
1041 2272 1335 2331 comparat.
1387 2261 1677 2328 Postquam
1711 2271 1886 2315 autem
1939 2261 2158 2329 subjun-

599 2357 681 2410 xit
711 2372 725 2407 :
766 2373 784 2406 ι
819 2354 984 2407 Fodio
1021 2352 1129 2424 (69.)
1159 2353 1385 2414 foveam,
1443 2351 1573 2404 dicit
1624 2350 1880 2403 Dominus
1917 2351 2159 2416 omnipo-

603 2456 741 2510 tens,
763 2457 816 2498 et
842 2444 1189 2497 contrectabo
1218 2456 1428 2496 omnem
1459 2440 1796 2508 iniquitatem
1827 2449 1983 2493 terra:
2013 2439 2157 2493 illius

599 2537 656 2590 in
683 2537 766 2590 die
793 2549 893 2588 una
922 2533 1032 2604 (65)
1064 2550 1078 2586 :
1131 2543 1185 2587 et
1239 2531 1561 2588 convocabit
1591 2533 1960 2600 unusquisque
1986 2530 2159 2599 proxi-

599 2642 742 2681 mum
781 2641 932 2681 suum
981 2625 1080 2679 sub
1125 2626 1232 2678 vite
1280 2639 1375 2678 sua
1417 2622 1549 2692 (64),
1581 2630 1638 2677 et
1683 2625 1781 2676 sub
1814 2625 1915 2675 ticu
1961 2635 2097 2675 sua:
2131 2639 2150 2672 ι

604 2719 656 2774 id
685 2728 791 2781 est,
829 2727 1052 2771 mortem
1102 2715 1344 2770 hostibus
1394 2713 1568 2768 infero
1612 2728 1708 2783 per
1764 2712 2155 2781 expeditionem

599 2807 972 2870 Zurobabelis;
1013 2806 1146 2859 adeo
1203 2813 1259 2857 ut
1299 2818 1488 2858 omnes
1539 2805 1686 2858 omni
1728 2803 1969 2857 molestia
2023 2803 2156 2858 libe-

603 2901 730 2965 rati,
766 2910 819 2953 et
851 2900 904 2952 in
940 2912 1128 2966 magna
1183 2910 1358 2949 rerum
1407 2895 1729 2949 abundantia
1770 2896 1934 2949 vitam
1959 2896 2156 2965 degen-

2256 455 2315 490 τε
2346 438 2545 508 συνεχῆ
2586 437 2676 490 τὸν
2710 436 2866 504 λόγον
2901 436 2995 489 καὶ
3025 437 3343 491 ἀδιάστατον
3369 439 3679 510 ποιούμενος,
3705 443 3770 495 λί-

2258 527 2348 580 θον
2401 529 2489 581 τὸν
2531 526 2834 597 Ζοροϐάϐελ
2873 527 3149 598 ὀνομάζει,
3189 530 3272 598 ἐφ’
3314 529 3370 580 ὃν
3415 530 3473 582 τὸ
3517 533 3772 602 πρόσωπον

2271 616 2444 686 Ἰησοῦ
2476 618 2786 686 ἐστήρικτο,
2829 618 3061 688 παρέχον
3089 617 3236 688 αὑτῷ
3273 618 3369 689 τὴν
3407 621 3467 671 ὲκ
3494 621 3592 672 τῶν
3620 623 3773 691 εὐχῶν

2256 708 2596 779 ἐπικουρίαν,
2631 709 2725 762 καὶ
2751 708 3145 778 ἀντιλαμϐάνον
3180 708 3306 778 παρ’
3355 709 3512 762 αὑτοῦ
3556 710 3647 779 τῆν
3682 712 3774 764 ἀπὸ

2256 799 2354 869 τῆς
2412 799 2685 869 βασιλείας
2741 802 2980 871 εἰρήνην.
3034 798 3214 852 Εἰπὼν
3265 799 3320 852 δὲ
3374 802 3430 852 ἐν
3486 799 3559 870 τῷ
3614 802 3770 871 μέσῳο

2261 909 2280 942 ι
2332 890 2572 962 ὐρύσσω
2607 889 2818 962 βόθρον,
2849 892 2994 959 λέγει
3031 891 3233 962 Κύριος
3274 891 3666 963 παντοκράτωρ,
3696 894 3774 945 καὶ

2255 981 2561 1052 ψηλαφήσω
2605 984 2782 1036 πᾶσαν
2832 983 2928 1053 τὴν
2975 983 3185 1036 ἀδικίαν
3232 986 3332 1054 τῆς
3368 984 3468 1053 γῆς
3503 985 3696 1054 ἐκείνης
3727 987 3774 1037 έν

2257 1073 2438 1144 ἡμέρᾳ⁸
2482 1076 2578 1144 μιᾷ
2599 1090 2612 1104 ·
2645 1076 2740 1128 καὶ
2783 1075 3169 1142 συγκαλέσεται
3203 1074 3426 1137 ἕκαστος
3456 1075 3541 1127 τὸν
3583 1075 3774 1144 πλησίον

2256 1165 2419 1218 αὑτοῦ
2455 1166 2708 1219 ὑποκάτω
2735 1167 2976 1238 ἀμπέλου
3008 1166 3194 1228 αὑτοῦ,
3225 1168 3318 1219 καὶ
3357 1166 3603 1219 ὑποκάτω
3630 1167 3776 1235 συκῆς

2257 1256 2420 1310 αὑτοῦ
2441 1276 2455 1289 ·
2491 1275 2509 1308 ι
2564 1258 2683 1310 ἀντὶ
2714 1258 2827 1320 τοῦ,
2863 1259 3100 1312 Θάνατον
3128 1260 3314 1326 ἐπάγω
3343 1257 3428 1310 διὰ
3454 1259 3547 1328 τῆς
3571 1275 3776 1328 στρατη-

2256 1349 2381 1416 γίας
2429 1348 2522 1402 τοῦ
2569 1350 2871 1420 Ζοροϐάϐελ
2913 1354 3025 1414 τοῖς
3071 1351 3381 1421 πολεμίοις·
3422 1349 3557 1402 ῶστε
3600 1351 3779 1409 πάντας

2257 1440 2434 1510 πάσης
2465 1440 2871 1509 ἀπαλλαγέντας
2913 1444 3176 1514 ταραχῆς.
3227 1443 3322 1495 καὶ
3382 1445 3438 1495 ὲν
3480 1442 3676 1512 ἀφθόνῳ
3709 1441 3776 1493 δι-

2257 1531 2483 1600 άγοντας
2519 1533 2757 1604 εὑθηνίᾳ,
2790 1534 2924 1604 πρὸς
2957 1537 3221 1598 ἑστιάσεις
3245 1535 3497 1606 ἀλλήλους
3514 1534 3781 1605 προτρέπε-

2259 1621 2410 1675 σθαι*
2445 1623 2816 1693 μνημονεύσας
2874 1625 2929 1678 δὲ
2979 1626 3071 1678 καὶ
3122 1626 3340 1696 λυχνίας
3396 1627 3610 1698 χρυσῆς,
3657 1626 3778 1678 τοῦτ’

2257 1714 2370 1768 ἐστι
2399 1716 2496 1785 τῆς
2525 1716 2897 1789 καθαροτάτης
2938 1718 3191 1781 πίστεως,
3230 1720 3328 1788 τῆς
3369 1719 3663 1789 ἀρχομένης
3701 1717 3781 1788 μὲν

2258 1805 2315 1872 ἐξ
2357 1806 2540 1876 ἡμῶν,
2574 1807 2880 1878 ὑψουμένης
2910 1809 2966 1861 δὲ
2995 1810 3088 1862 καὶ
3129 1809 3292 1881 μέχρι
3341 1810 3444 1862 τῶν
3489 1809 3621 1880 ὑπὲρ
3658 1809 3781 1878 ἡμᾶς

2257 1899 2591 1969 πραγμάτων
2622 1899 2738 1968 (διὰ
2764 1900 2872 1970 γάρ
2896 1899 2988 1952 τοῦ
3021 1901 3222 1970 χρυσοῦ
3255 1902 3315 1953 τὸ
3346 1901 3576 1973 καθαρὸν
3609 1900 3692 1953 καὶ
3717 1899 3782 1952 τί·-

2259 2005 2379 2056 μιον
2409 1989 2922 2059 παραλαμϐάνεται’
2956 1991 3014 2043 οὑ
3041 1992 3150 2062 γὰρ
3185 1993 3426 2060 πέφυκεν
3457 1990 3652 2043 ίοῦσθαι
3675 2005 3761 2058 χρυ

2258 2079 2383 2146 σός)
2409 2096 2422 2108 ·
2469 2080 2637 2133 εἰπὼν
2669 2082 2725 2134 δὲ
2757 2079 2893 2136 εἶναι
2920 2086 3102 2139 ἐπάνω
3152 2087 3320 2156 αὑτῆς
3354 2085 3449 2137 καὶ
3492 2081 3783 2152 λαμπάδιον,

2254 2168 2395 2223 τοῦτ’
2435 2169 2547 2224 ἔστι
2593 2172 2689 2242 τὴν
2753 2173 2947 2242 ὑψόθεν
2993 2177 3166 2230 πάντα
3195 2176 3620 2244 καταφαίνουσαν
3660 2169 3784 2224 Θείαν

2256 2262 2434 2332 χάριν,
2475 2263 2568 2315 καὶ
2595 2265 2734 2316 ἑπτά
2764 2265 3006 2335 λύχνους,
3036 2269 3154 2321 ἀντὶ
3178 2267 3270 2320 τοῦ
3297 2269 3398 2337 τῆς
3423 2267 3545 2337 [124
3570 2265 3618 2337 b]
3655 2280 3785 2317 πνευ-

2261 2352 2497 2423 ματικῆς
2533 2352 2738 2423 δωρεᾶς
2763 2355 2860 2426 τὴν
2893 2357 3150 2426 ἀφθονίαν
3187 2359 3280 2411 κα)⁴
3306 2357 3640 2426 τελειότητα’
3671 2353 3785 2423 1:96;

2254 2442 2462 2504 τούτοις
2513 2441 2742 2515 ὕπερθεν
2785 2446 2921 2499 ἐπτά
2949 2446 3366 2516 ὲπαρυστρίδας,
3406 2434 3544 2497 τοῦτ’
3583 2443 3687 2496 ἔστι
3736 2439 3784 2492 τὸ

2257 2533 2517 2587 ἄσϐεστον
2547 2533 2638 2586 καὶ
2669 2535 2885 2606 διαρκὲς
2920 2538 3017 2607 τῆς
3046 2537 3252 2590 ἐκεῖθεν
3296 2536 3574 2609 ἐπιρροῆς,
3601 2534 3686 2588 καὶ
3711 2531 3786 2585 δύο

2256 2623 2474 2685 ἐλαίας·
2528 2623 2583 2675 αἳ
2613 2625 2876 2691 νοοῦνται,
2919 2627 3034 2696 ἢτοι
3080 2629 3344 2698 ἱερωσύνη
3401 2629 3494 2682 κα).
3537 2626 3784 2697 βασιλεία,

2256 2715 2373 2786 ἦτοι
2402 2713 2493 2767 δύο
2520 2716 2658 2777 λαοὶ,
2686 2716 2718 2787 ἦ
2749 2713 2883 2770 οἶκοι
2918 2719 3072 2781 θεοῦ,
3101 2723 3129 2772 ὁ
3167 2720 3515 2792 Ἰσραηλιτῶν
3543 2735 3664 2772 ποτε
3705 2716 3786 2769 καὶ

2255 2807 2283 2857 ὁ
2314 2805 2649 2875 Χριστιανῶν
2671 2821 2684 2836 ⁸
2731 2807 2821 2859 καὶ
2853 2807 3206 2879 διαναστήσας
3252 2810 3342 2862 τὸν
3381 2811 3679 2880 προφήτην.
3710 2804 3786 2857 καὶ

2258 2896 2391 2966 πρὸς
2431 2897 2820 2967 ἀκριϐεστέραν
2867 2899 2974 2951 τῶν
3023 2899 3456 2971 δειχθησομένων
3496 2896 3785 2964 κατανόησιν

604 3000 702 3055 tes,
737 2990 802 3042 ad
846 2987 1088 3042 conviVIa
1123 3000 1180 3039 se
1208 2983 1436 3038 invicem
1481 2982 1592 3054 (65)
1634 2983 1864 3038 invitare
1897 2993 2093 3052 queant
2139 3002 2152 3038 :

2259 2989 2612 3059 ἐγρηγορέναι
2673 2991 2766 3042 καὶ
2829 2990 3180 3044 συντετάσθαι
3243 2990 3407 3043 πλέον
3469 3006 3582 3051 πως
3637 3000 3789 3056 παρα·

604 3090 658 3134 et
685 3088 964 3148 postquam
999 3075 1438 3130 commemoravit
1457 3074 1618 3128 etiam
1648 3074 2028 3128 candelabrum
2064 3091 2158 3128 au-

2264 3081 2552 3143 σκευάσας,
2577 3080 2735 3132 πάλιν
2757 3081 3004 3151 ἐπιφέρει
3025 3099 3037 3111 ·
3073 3100 3091 3132 ι
3123 3082 3237 3134 υὺκ
3261 3081 3319 3133 ὲν
3339 3080 3566 3150 δυνάμει
3589 3074 3786 3148 μεγάλη,

602 3185 750 3225 reum
778 3168 909 3238 (66),
957 3167 1009 3221 id
1058 3175 1140 3220 est
1175 3165 1510 3235 purissimam
1567 3163 1744 3226 fidem,
1799 3179 1918 3233 qua:
1971 3165 2160 3231 incipit

2249 3170 2380 3222 ὀὐδὲ
2413 3172 2470 3222 ὲν
2497 3171 2656 3239 ἰσχύϊ,
2685 3170 2797 3222 ἀλλ’
2832 3172 2865 3241 ἦ
2896 3173 2952 3224 ἐν
2988 3171 3262 3242 Πνεύματί
3291 3188 3422 3241 μου,
3447 3171 3589 3238 λέγει
3616 3167 3789 3236 Κύριος

603 3261 814 3332 quidem
833 3275 860 3312 a
895 3259 1046 3313 nobis
1065 3257 1196 3329 (67),
1233 3256 1392 3325 2'70
1409 3254 1682 3308 extollitur
1701 3262 1876 3309 autem
1907 3270 2074 3321 usque
2093 3256 2159 3310 ad

603 3369 687 3421 ea,
713 3367 829 3420 quae
861 3359 985 3405 sunt
1016 3364 1174 3418 supra
1205 3363 1303 3402 nos
1341 3348 1486 3419 (nam
1544 3361 1639 3416 per
1667 3362 1856 3399 aurum
1909 3346 2128 3414 intelligi

604 3455 693 3498 tur
725 3453 809 3497 res
840 3441 1031 3496 munda
1068 3449 1123 3493 et
1182 3440 1449 3509 pretiosa;
1487 3453 1607 3491 cum
1642 3452 1830 3490 aurum
1859 3437 1929 3490 ita
1971 3447 2161 3490 natura

607 3541 972 3602 comparatum
1026 3529 1118 3595 sit,
1150 3538 1210 3583 ut
1241 3529 1531 3597 aeruginem
1564 3542 1668 3581 non
1703 3526 2005 3595 contrahat)
2054 3548 2065 3581 :
2109 3534 2165 3579 et

608 3635 886 3694 postquam
923 3621 1074 3686 dixit,
1111 3635 1231 3675 esse
1278 3634 1437 3690 super
1469 3619 1643 3688 ipsum
1701 3632 1920 3688 parvam
1955 3617 2164 3686 lampa-

609 3717 752 3781 dem,
781 3713 940 3768 idest
989 3713 1224 3766 divinam
1261 3711 1509 3780 gratiam,
1561 3725 1680 3780 qua:
1723 3725 1785 3764 ex
1845 3709 1952 3763 alto
1984 3709 2163 3762 omnia

607 3805 889 3868 illuminat,
919 3812 974 3858 et
1010 3811 1210 3872 septem
1235 3801 1502 3864 lucernas,
1533 3815 1722 3868 nempe
1753 3800 2008 3870 spiritalis
2033 3813 2160 3868 gra-

607 3897 695 3950 tiae
733 3894 1146 3956 abundantiam,
1197 3901 1251 3946 et
1301 3891 1723 3960 perfectionem;
1780 3905 1843 3945 ac
1902 3901 2160 3959 praeterea

607 3986 835 4056 desuper
863 3993 1064 4053 septem
1094 3996 1214 4038 esse
1247 3982 1584 4038 infundibula
1635 3982 1743 4053 (68)
1797 3981 1932 4052 (sive
1976 3995 2165 4035 emun-

683 4162 794 4234 (55)
835 4163 1097 4234 Quantum
1126 4171 1344 4234 poterat.
1369 4161 1441 4234 Δ1η
1492 4162 1694 4221 Graec.
1745 4160 2151 4234 ἐγχωρούντως,

611 4245 671 4289 ut
695 4231 1044 4303 ἀρκούντως,
1073 4242 1135 4303 _et
1182 4231 1541 4303 θαρρούντως,
1579 4247 1684 4303 quo
1729 4231 1982 4303 adverbio
2025 4231 2156 4303 usus

610 4301 1024 4394 est-Gregolqius
1071 4301 1500 4394 Thauinaturgus
1547 4304 1627 4394 in”
1658 4301 1871 4394 hoinniiia
1897 4301 2157 4394 Lnefdu‘m
2196 4338 2241 4394 Β

611 4373 752 4427 edita
803 4370 867 4426 iii
898 4371 1088 4425 Omnes
1143 4380 1370 4437 sanctos,
1398 4370 1516 4424 eum
1558 4370 1666 4424 ait:
1709 4370 1832 4423 Ἐπὶ
1864 4370 1960 4439 τὴν
1991 4371 2163 4440 ἀρχὴν

608 4442 703 4495 τοῦ
752 4443 908 4510 λόγου
957 4441 1298 4513 θαρρούντως
1351 4440 1718 4513 τραπήσομαι,
1759 4441 1810 4494 id
1863 4452 1965 4502 est,
2009 4441 2169 4494 «ιιιιι-

611 4527 757 4567 luose
780 4524 833 4566 et
855 4510 1185 4566 confidenter
1220 4510 1359 4580 loqui
1390 4510 1702 4579 incipiam.»

687 4583 797 4652 (56)
825 4581 1152 4652 Egredictnr.
1186 4580 1286 4634 lsa.
1314 4597 1389 4652 xl,
1423 4580 1535 4652 (lg-5.

682 4647 793 4721 (57)
828 4647 909 4704 Ea:
945 4652 1079 4718 ipsa.
1115 4650 1298 4721 (ἕνεκα
1327 4651 1491 4705 Biblia
1525 4669 1538 4703 :
1576 4650 1669 4703 Ἐκ
1696 4650 1794 4721 τῆς
1808 4647 1962 4721 ῥίζης
1980 4647 2164 4714 αὑτοῦ,

609 4722 665 4778 id
701 4719 803 4784 est,
846 4739 864 4771 ι
886 4737 949 4775 ex
972 4721 1152 4774 radice
1185 4719 1320 4784 ejus.
1359 4739 1378 4771 ι

683 4793 796 4858 (58)
827 4789 992 4855 Super
1018 4807 1153 4842 eum.
1197 4790 1322 4844 Post
1362 4791 1473 4843 luce
1503 4791 1668 4842 verba
1715 4790 1916 4842 addunt
1946 4787 2116 4844 Biblia
2148 4803 2163 4840 :

610 4859 1072 4930 Hvsﬁpaﬂupiou,
1097 4860 1146 4912 id
1180 4869 1281 4922 est,
1323 4879 1338 4910 ι
1363 4859 1592 4927 Spiritus
1617 4859 1885 4930 Dominiq

683 4926 793 5002 (59)
827 4926 1048 5002 Spir—ilus
1093 4931 1323 5002 timoris.
1345 4926 1482 5002 Ante
1516 4931 1628 5002 hafc
1656 4926 2040 5002 (verhabiblia
2071 4926 2167 4980 ad»

612 4998 765 5067 dunt,
800 4998 1064 5068 ἐμπλήσει
1091 4998 1268 5068 αὑτόν,
1311 4999 1362 5052 id
1401 5009 1502 5060 est,
1539 4998 1820 5067 «implebit
1853 4998 2046 5066 ipsum.
2073 5014 2093 5048 ›

683 5070 796 5138 (60)
829 5068 968 5133 Quia
1003 5085 1136 5121 ecce.
1167 5067 1329 5138 Zat-h.
1361 5083 1444 5131 ιιι,
1483 5070 1514 5122 8
1536 5069 1661 5138 et9.

686 5135 797 5225 (6-1)
825 5137 1204 5225 Λιιιελίιιςιερι,
1224 5137 1367 5225 hego
1388 5137 1743 5225 .eummGrzeea
1775 5136 2028 5225 editione,
2062 5135 2167 5218 πρὸ

614 5205 926 5282 προσώπου.
957 5205 1088 5260 Nam
1121 5208 1268 5274 illud,
1297 5207 1422 5277 πρὸ,
1456 5223 1483 5261 a
1513 5207 1733 5264 librario
1776 5215 1958 5262 nostro
2001 5205 2168 5260 omis-

611 5295 730 5337 sum
760 5287 904 5345 puto.
1991 5298 1995 5302 ~

686 5351 798 5418 (6'2)
832 5346 1022 5418 Ij‘odio.
1054 5346 1219 5400 Zach.
1243 5361 1332 5418 ιιι,
1365 5347 1481 5418 97et
1505 5347 1591 5400 ll).

573 5413 644 5457 7‘
689 5413 798 5489 (65)
837 5416 912 5489 In
938 5418 1036 5489 die,
1071 5433 1194 5489 una.
1239 5417 1363 5489 Post
1395 5415 1931 5489 Διιςιιο,’γἐνὶκιηοιιίιῑο
1977 5414 2165 5470 Graeca

617 5485 820 5544 habet:
861 5487 946 5538 ’Ev
981 5488 1045 5555 τῇ
1075 5486 1252 5556 ἡμέρᾳ
1293 5486 1493 5556 ἐκείνῃ,
1521 5486 1666 5554 λέγει
1711 5485 2170 5556 Κύριοςηπαντο-

617 5560 864 5639 κράτωρ·
891 5555 1526 5638 (ιυιιτιξιηιιιίιυιύγιιιυε,
1551 5560 1750 5613 addens
1779 5555 1874 5627 pro
1906 5555 2012 5613 illis
2038 5573 2168 5614 con-

614 5639 936 5700 ]uttcuonetn
969 5643 1076 5681 κον-ι.
1499 5646 1501 5649 -

2262 3260 2669 3331 παντοκράτωρ.
2713 3259 2807 3322 Τίς
2853 3255 2903 3312 εἷ
2933 3260 3019 3321 σὺ,
3078 3260 3138 3312 τὸ
3194 3259 3318 3330 ὄρος
3369 3258 3430 3310 τὸ
3498 3256 3649 3327 μέγα,

2267 3350 2555 3422 προσώπου
2591 3349 2909 3421 Ζοροϐάϐελ,
2956 3351 3047 3402 τοῦ
3096 3348 3444 3420 κατορθῶσαι
3486 3347 3578 3401 καὶ
3616 3344 3790 3409 ὲξοῖσαι

2273 3443 2352 3494 τὸν
2381 3441 2524 3494 λίθον
2550 3443 2646 3511 τῆς
2678 3440 3040 3511 κληρονομίας
3074 3442 3292 3510 ἰσότητα
3320 3440 3572 3509 χάριτος;
3607 3454 3624 3486 ι
3654 3435 3791 3502 Ὄρος

2264 3531 2494 3585 ἐνταῦθα
2528 3532 2616 3584 τὸν
2668 3531 2924 3602 πολέμιον
2967 3533 3139 3596 καλεῖ,
3171 3524 3214 3599 ᾧ
3249 3530 3574 3598 διαλέγεται,
3611 3527 3685 3578 ὃτι
3706 3522 3792 3574 Τὸν

2264 3619 2427 3682 λίθον,
2463 3621 2614 3689 φησὶ,
2659 3620 2757 3689 τῆς
2802 3619 3162 3689 κληρονομίας
3203 3620 3292 3672 τὸν
3326 3615 3646 3689 Ζοροϐάϐελ,
3686 3607 3790 3663 καθ’

2264 3705 2323 3764 οῦ
2348 3710 2753 3780 ἀντιπρόσωπος
2781 3709 2875 3762 καὶ
2917 3708 3153 3772 ἐναντίος
3179 3709 3375 3780 ὁρμᾷς,
3399 3705 3627 3775 τοσαύτη
3653 3717 3793 3754 πνεν-

2268 3802 2465 3871 ματικὴ
2511 3801 2689 3871 χάρις,
2735 3799 3101 3870 κατορθοῦντα
3135 3799 3231 3862 τὰς
3272 3799 3474 3870 μάχας,
3522 3790 3791 3866 περιϐαλεῖν

2266 3893 2340 3954 ὡς
2361 3891 2479 3944 ὅλον
2502 3891 2661 3944 αὑτὸν
2689 3891 2864 3943 δοκεῖν
2887 3889 3203 3960 αὐτόχρημα
3223 3889 3384 3959 χάριν
3407 3887 3680 3961 ὑπάρχειν.
3703 3878 3795 3932 Καὶ

2271 3984 2407 4054 μετὰ
2450 3983 2620 4054 βραχὺ
2653 3980 2882 4053 βεϐαιῶν
2910 3981 2989 4034 ἔτι
3019 3981 3211 4048 ταῦτα,
3246 3980 3580 4052 προφητεύει
3613 3973 3789 4033 οὑτως·

2332 4163 2443 4232 (64)
2475 4162 2608 4217 Sua.
2645 4163 2817 4217 Biblia
2847 4162 3057 4226 Graeca,
3093 4161 3305 4215 omissis
3325 4160 3544 4232 duobus
3565 4158 3661 4213 illis
3687 4168 3792 4225 pro-

2266 4231 2594 4292 nominibus.
2635 4235 2864 4287 habent:
2893 4232 2986 4285 sub
3017 4236 3137 4291 vite,
3170 4240 3216 4283 et
3247 4231 3342 4282 sub
3379 4231 3504 4299 ﬁcu.

2336 4302 2446 4370 (65)
2477 4301 2546 4355 Se
2576 4304 2810 4356 invicem.
2840 4299 3321 4371 Codextdnﬁkou.
3347 4297 3494 4368 Lego
3542 4297 3792 4370 ἀλλήλους.

2361 4374 2449 4440 66)
2482 4370 2723 4424 Aureum.
2750 4373 2912 4425 chli.
2941 4387 3012 4432 1v,
3036 4370 3090 4423 2.

2361 4375 2449 4440 66)
2482 4375 2723 4424 Aureum.
2750 4375 2912 4425 Zach.
2941 4387 3012 4432 1v,
3036 4375 3090 4423 2.

2337 4375 2454 4509 (67)
2478 4440 2666 4506 Incipit
2685 4444 2889 4508 quidem
2907 4459 2936 4493 a
2959 4440 3219 4507 nobis.fDe
3240 4438 3341 4492 hac
3356 4438 3641 4509 locutione,
3659 4446 3794 4509 quam

2268 4503 2614 4577 ex'Urigenis
2656 4503 2746 4564 lib.
2790 4525 2843 4563 Ix
2881 4512 2932 4562 in
2979 4503 3269 4578 Epistulam
3301 4513 3371 4562 ad
3423 4508 3676 4578 Romanos
3703 4503 3794 4578 for:

2270 4591 2410 4634 tasse
2459 4569 2682 4646 sumpsit
2735 4581 3007 4646 Didymus,
3027 4569 3166 4632 'satls
3218 4580 3325 4632 dixi
3381 4580 3433 4632 in
3487 4575 3707 4646 Epistola
3739 4569 3795 4623 ad

2267 4649 2468 4702 clariss.
2509 4645 2780 4716 priuaulem
2819 4645 3078 4702 Joannem
3113 4649 3437 4704 Archinlum.
3470 4647 3603 4702 Vide
3634 4645 3794 4700 etiam.

2268 4721 2313 4774 si
2343 4720 2536 4788 placet2
2570 4721 2814 4786 superius
2850 4717 3086 4788 1101285,
3121 4734 3238 4788 pag.
3273 4722 3358 4774 Η.

2339 4781 2449 4857 (68)
2508 4781 2871 4859 Infundibula.
2944 4781 3796 4859 Codex',varapus'rplGag._Lfgo

2268 4851 2683 4930 ἐπαρυστρίδας.
2712 4857 2839 4930 Quae
2865 4872 2970 4911 vox
2998 4858 3244 4926 ambigua
3294 4851 3378 4912 est
3407 4851 3472 4913 ιη’
3492 4856 3685 4930 Graecis
3711 4851 3798 4930 _Bi-

2269 4922 2405 4991 hliis',
2452 4922 2596 4980 LXX
2617 4922 2757 4982 enim
2805 4926 2932 4979 lutt.
2962 4941 3022 4978 ea
3058 4922 3280 4981 usisuiit
3311 4929 3377 4980 ad
3425 4922 3795 4996 exprimendam

2267 4998 2451 5084 Graece
2486 5009 2596 5052 tum
2652 5013 2783 5052 voce
2841 5005 3057 5084 mpm:
3096 4995 3443 5067 (muzakolh),
3500 5009 3608 5049 tum
3659 5003 3797 5084 voces

2267 5075 2496 5176 Dii-ips}:
2552 5075 2958 5157 (melkahhaini),
3009 5097 3062 5141 et
3086 5097 3255 5147 .1an
3306 5077 3799 5176 (mahhtah):modo

2269 5171 2484 5239 scilicet.
2509 5200 2526 5233 ι
2554 5179 2910 5244 infundibula,
2937 5197 2956 5231 ι
2988 5181 3124 5244 sive,
3160 5190 3217 5232 ut
3243 5178 3406 5232 vertit
3443 5175 3691 5243 Vulgatus
3728 5171 3798 5220 in-

2272 5265 2496 5322 terpres,
2535 5249 2857 5322 c_infusoria,
2890 5269 2909 5300 υ
2971 5249 3202 5322 vel_(u_t
3259 5248 3418 5322 vertit
3473 5245 3799 5322 llieronymus

2177 5346 2182 5366 ε
2269 5308 2368 5377 lib:
2402 5338 2418 5377 ι
2451 5308 2505 5374 in
2537 5308 2880 5382 Zachariam,
2912 5333 3032 5388 pag.
3063 5308 3197 5388 809)
3256 5335 3274 5368 ι
3295 5315 3588 5388 εσυεοιίαέ
3610 5331 3627 5364 ι
3658 5308 3798 5388 modo

2269 5407 2396 5446 vero
2423 5410 2440 5441 ι
2465 5390 2760 5458 forcipes,»
2800 5377 3340 5458 sive't‘einunc'toria.
3380 5403 3399 5437 ι
3453 5385 3506 5439 ln
3554 5377 3799 5438 Zachariae

2273 5463 2410 5526 loco,
2443 5457 2863 5528 quernexplieat
2889 5459 3166 5527 Didymus,
3195 5457 3388 5526 legitur
3411 5469 3615 5528 nomen
3635 5462 3792 5528 mitam

2270 5517 2409 5594 kat/2,
2440 5517 2580 5598 quod
2613 5543 2678 5583 ex
2705 5517 2920 5593 'radice,
2953 5517 3044 5582 seu
3082 5517 3368 5612 verboupr't
3401 5522 3620 5594 (jazalt)
3653 5517 3794 5612 ifun-

2275 5621 2455 5689 deudi,
2489 5639 2506 5672 ι
2543 5617 2654 5676 sive
2686 5636 2704 5671 ι
2726 5616 3032 5677 effundendi
3059 5638 3077 5670 ι
3111 5609 3552 5688 signiﬁcationem
3588 5609 3794 5670 habent:
