4082 6406
343 367 451 425 705

1359 372 1448 429 DE
1484 372 1855 430 TRINITATE
1891 374 2094 431 LIBER
2133 374 2518 434 SECUNDUS.

3461 374 3564 430 706

349 507 372 544 ς
406 487 520 544 Καὶ
548 483 910 562 χαρήσονται,
952 489 1045 544 καὶ
1083 489 1302 560 ὄψονται
1331 490 1421 544 τὸν
1460 491 1606 544 λίθον
1644 492 1733 544 τὸν
1774 507 1895 544 κασ-

2011 492 2226 562 ctoria),
2257 492 2308 546 id
2351 501 2434 547 est
2484 491 2990 562 inexstinguibilem,
3023 505 3085 546 ac
3121 502 3434 560 perennem,
3471 489 3565 561 qui

345 581 612 652 σιτέρινον
642 584 700 636 ἐν
730 582 876 654 χειρὶ
903 583 1224 654 Ζοροϐάϐελ.
1267 582 1437 636 Ἑπτὰ
1469 577 1612 637 οῦτοι
1643 583 1908 654 ὀφθαλμοὶ

342 675 554 745 Κυρίου
589 675 748 740 εἰσὶν,
775 678 822 730 οἱ
849 675 1229 739 ἐπιϐλέποντες
1271 677 1362 730 ἐπὶ
1390 676 1568 728 πᾶσαν
1593 675 1689 745 τὴν
1729 677 1850 744 γῆν.
1883 692 1901 725 ι

343 766 407 817 Οἱ
448 761 543 819 οὖν
569 767 668 837 τὴν
697 768 874 821 πᾶσαν
917 767 1093 820 κτίσιν
1125 767 1426 836 ἐφορῶντες
1453 765 1589 818 ἑπτὰ
1618 765 1904 835 ὀφθαλμοὶ,

343 857 391 908 οἱ
437 855 826 926 προλεχθέντες
870 857 1161 929 παράδοξοι
1206 857 1581 930 χρηματισμοὶ
1621 854 1714 908 τοῦ
1754 856 1904 924 ἁγίου

342 945 660 1016 Πνεύματός
687 950 841 1001 εἰσιν.
869 947 1253 1020 Κασσιτέρινον
1273 948 1328 1000 δὲ
1356 948 1501 1001 λίθον
1531 946 1701 1012 εἶπεν,
1727 946 1906 1018 ἐπειδὴ

343 1037 400 1088 ἐν
429 1037 510 1108 τῷ
539 1039 844 1109 κασσιτέρῳ
864 1038 932 1092 τὰ
960 1039 1262 1092 πεπονθότα
1294 1040 1484 1111 σκεύη,
1511 1041 1706 1111 σιδηρᾶ
1726 1058 1783 1094 τε
1813 1041 1906 1094 καὶ

342 1130 543 1200 χαλκᾶ,
576 1131 933 1202 θεραπεύεται
959 1132 1050 1184 καὶ
1078 1131 1502 1204 ἀναπληροῦται,
1534 1133 1628 1186 καὶ
1657 1133 1906 1198 ἐνωτικός

343 1221 490 1272 ἐστιν
536 1219 565 1271 ὁ
598 1219 935 1291 κασσίτερος.
984 1209 1120 1272 Φασὶ
1161 1219 1220 1273 δέ
1263 1237 1423 1286 τινες,
1473 1221 1553 1274 ὅτι
1623 1223 1716 1275 σὺν
1745 1221 1903 1292 τέχνῃ

345 1306 731 1378 καὶ.διακρῐνει
771 1308 829 1359 ἐν
859 1310 923 1378 τῇ
957 1307 1103 1378 χώνῃ
1137 1306 1265 1378 [125
1296 1307 1354 1380 α]
1414 1308 1520 1362 ἀπὸ
1553 1308 1645 1361 τοῦ
1675 1309 1904 1378 χρυσοῦ,

343 1398 374 1468 ῆ
399 1398 664 1469 ἀργύρου,
687 1400 720 1470 ἢ
762 1399 958 1470 χώκοῦ
984 1401 1044 1454 τὸ
1068 1402 1288 1472 δόκιμον
1314 1403 1407 1457 καὶ
1435 1402 1708 1474 ἀδόκιμον.
1738 1397 1906 1471 Ἐγῷ-

341 1508 464 1560 μαι,
496 1490 572 1552 ὡς
613 1492 706 1543 καὶ
757 1491 817 1544 τ’)
871 1491 975 1543 ὑπὸ
1027 1493 1334 1562 Σολομῶνος
1396 1493 1592 1564 ὁμοίως
1633 1494 1690 1546 ἐν
1731 1492 1903 1564 ἀπορ-

338 1582 495 1650 ρήτῳ
543 1579 751 1650 λεχθὲν,
791 1597 810 1632 t
875 1583 923 1634 Η
977 1583 1134 1652 σοφία
1155 1583 1497 1654 ᾠκοδόμησεν
1526 1585 1688 1654 ἑαυτῇ
1737 1579 1900 1645 οἷκον,

334 1671 436 1722 xui.
475 1671 738 1742 ὕπήρειτε
783 1671 1005 1736 στύλους
1062 1673 1236 1739 ἑπτὰ,
1267 1692 1285 1725 ι
1314 1673 1654 1744 παραδηλοῦν
1695 1675 1902 1742 ἐφίεται

331 1760 402 1814 τὸ
459 1765 528 1834 τῇ
591 1763 850 1836 Παρθένῳ
904 1765 1283 1835 εὐαγγελισθὲν
1332 1766 1436 1820 ὑπὸ
1488 1766 1581 1819 τοῦ
1629 1766 1895 1838 Γαϐριὴλ·

2009 584 2132 639 inde
2159 594 2264 652 est,
2307 584 2594 653 inﬂuxum;
2640 595 2695 640 et
2730 586 2862 639 duas
2893 584 3093 650 olivas;
3149 598 3267 652 quae
3297 586 3378 638 sic
3421 583 3564 637 acci-

2009 675 2247 744 piuntur,
2279 685 2336 730 ιιι
2369 677 2668 746 significent
2708 677 2820 749 (69)
2853 677 2934 730 vel
2986 675 3345 730 sacerdotium
3401 685 3456 730 et
3489 689 3568 728 re-

2006 779 2191 834 gnum,
2222 767 2307 820 vel
2363 767 2496 823 duos
2534 769 2774 838 populos,
2821 776 2911 819 aut
2953 769 3136 820 domos
3185 767 3298 831 Dei,
3335 767 3566 836 priscum

2008 871 2197 925 nempe
2227 859 2477 928 populum
2511 857 2899 923 Israelitarum,
2937 869 2991 912 et
3035 866 3273 912 nostrum
3300 856 3567 910 Christia-

2004 963 2194 1000 norum
2229 965 2242 1001 :
2278 957 2331 1002 et
2357 958 2633 1018 postquam
2689 952 3001 1019 prophetam
3037 951 3314 1010 excitavit,
3343 963 3407 1001 ac
3440 963 3564 1000 eum

2005 1039 2173 1108 magis
2200 1042 2433 1107 quodam
2461 1041 2619 1094 modo
2646 1041 2926 1108 disposuit,
2962 1049 3018 1092 nt
3046 1039 3110 1092 ad
3135 1053 3217 1103 ea,
3247 1053 3362 1108 qua:
3386 1047 3569 1090 osten-

2004 1142 2160 1185 surus
2191 1140 2327 1196 erat,
2399 1133 2704 1186 accuratius
2773 1131 2883 1202 (70)
2926 1131 3310 1185 consideranda
3356 1129 3568 1197 evigila-

2006 1230 2106 1284 ret,
2147 1229 2308 1290 atque
2356 1224 2764 1277 conniterelur:
2819 1224 3130 1291 Postquam,
3177 1221 3414 1289 inquam,
3450 1219 3567 1272 htec

2003 1312 2183 1366 omnia
2219 1312 2371 1377 dixit,
2424 1328 2609 1366 rursus
2654 1313 2828 1367 subdit
2863 1331 2878 1366 :
2922 1331 2940 1363 (
2980 1311 3092 1364 Non
3128 1311 3178 1364 in
3216 1313 3411 1363 virtute
3453 1308 3564 1378 (71)

2006 1418 2220 1474 magna,
2257 1417 2426 1473 neque
2462 1406 2512 1458 in
2574 1405 2903 1469 fortitudine,
2962 1403 3064 1455 nisi
3124 1399 3234 1471 (72)
3271 1402 3323 1453 in
3361 1399 3565 1468 Spiritu

2002 1509 2143 1558 meo,
2173 1494 2306 1549 dicit
2357 1495 2616 1550 Dominus
2656 1496 3013 1564 omnipotens.
3047 1492 3176 1557 Quis
3207 1506 3264 1544 es
3300 1500 3373 1554 tu,
3409 1503 3565 1543 mons

2004 1600 2210 1657 magne,
2240 1595 2362 1639 ante
2399 1585 2585 1639 faciem
2635 1584 2997 1647 Zorobahelis,
3050 1591 3106 1636 ut
3162 1592 3415 1649 pwspere
3464 1578 3561 1634 tibi

2001 1677 2269 1741 succedat,
2295 1685 2348 1731 et
2385 1680 2582 1731 educas
2618 1677 2726 1746 (75)
2761 1675 2986 1745 lapidem
3018 1671 3345 1727 literetlitatis
3377 1683 3560 1738 aequa-

2001 1767 2202 1823 litatem
2239 1770 2463 1839 gratim?
2505 1787 2523 1820 ι
2576 1768 2673 1823 llic
2699 1778 2932 1822 montem
2965 1774 3118 1820 vocat.
3145 1765 3374 1824 hostem,
3402 1773 3560 1829 quem

335 1874 359 1907 ς
396 1855 626 1926 Πνεῦμα
666 1857 821 1925 ἆγιον
857 1857 1136 1912 ἐλεύσεται
1176 1861 1267 1912 ἐπὶ
1308 1859 1398 1911 σέ·
1435 1878 1454 1912 ι
1497 1861 1632 1932 ὅπερ
1665 1861 1756 1913 καὶ
1793 1859 1895 1912 λει-

2001 1861 2304 1931 alloquitur,
2346 1861 2469 1930 quia
2525 1860 2773 1930 lapidem,
2821 1860 3009 1927 inquit,
3045 1856 3368 1910 baereditatis
3397 1853 3564 1906 Zoro-

326 1950 588 2018 τουργεῖν
616 1947 762 2018 αὐτῷ
785 1950 907 2013 τοὺς
929 1950 1189 2018 ἀγγέλους
1213 1951 1394 2022 δηλοῖ·
1425 1952 1518 2005 καὶ
1542 1951 1616 2014 ὡς
1637 1951 1743 2004 τῶν
1765 1951 1899 2004 ὅλων

327 2038 650 2109 ὑποστάτης
689 2039 828 2104 ἐστὶ,
872 2041 965 2094 καὶ
1026 2042 1125 2105 τὰς
1158 2042 1299 2106 ζωὰς
1328 2043 1549 2114 ἀρρήτῳ
1574 2043 1900 2114 φωταγωγίᾳ

324 2129 674 2200 περιλάμπει
716 2131 777 2182 τὸ
825 2130 1002 2184 θεῖκὸν
1034 2132 1291 2202 Πνεῦμα,
1339 2134 1434 2186 σὺν
1461 2132 1537 2203 τῷ
1583 2133 1757 2204 Πατρὶ
1806 2135 1899 2186 καὶ

323 2219 415 2289 τῷ
451 2219 587 2290 Υἱῷ,
640 2220 779 2290 μετὰ
819 2222 1095 2294 ἀφράστου
1149 2222 1392 2287 ὲνὼσεως
1435 2225 1528 2276 καὶ
1578 2224 1895 2293 συμπνοίας.

339 2308 657 2376 ’Δξιοῦσθαι
690 2307 782 2364 οὖν
819 2311 982 2364 αὑτοῦ
1027 2313 1154 2376 τοὺς
1195 2312 1589 2383 φωτιζομένους
1633 2314 1898 2366 παιδεύων

323 2401 485 2470 ἡμᾶς
528 2402 557 2452 ὁ
606 2401 943 2468 Ἀπόστολος,
990 2403 1252 2467 Γαλάταις
1297 2403 1528 2473 ἐχάραξε
1599 2404 1898 2474 γράμματα

326 2491 428 2543 καὶ
470 2491 682 2544 τοιάδεο
727 2513 744 2544 ι
780 2493 948 2546 Τοῦτο
990 2493 1146 2564 μόνον
1187 2493 1324 2546 θέλω
1361 2493 1550 2564 μαθεῖν
1585 2495 1676 2562 ἀφ’
1710 2493 1893 2564 ὑμῶν·

339 2583 440 2649 νεξ
490 2583 666 2655 ἔργων
716 2584 878 2654 νόμου
918 2585 980 2637 τὸ
1020 2584 1242 2655 Πνεῦμα
1278 2585 1518 2650 ἐλάϐετε,
1561 2585 1594 2657 ἢ
1640 2585 1697 2653 ἐξ
1731 2585 1898 2656 ἀκοῆς

326 2674 606 2738 πίστεωςς
643 2693 663 2725 ι
704 2674 888 2741 Ταῦτα
929 2675 1018 2729 καὶ
1051 2675 1212 2730 Δαυῖδ
1237 2677 1298 2729 ού
1338 2678 1511 2748 σιωπῇ
1545 2677 1890 2748 παρατρέχει.

327 2761 630 2815 Συνάπτων
671 2762 779 2833 γὰρ
825 2764 1115 2834 προφανῶς
1148 2764 1246 2836 τὴν
1283 2765 1440 2834 φύσιν
1469 2766 1562 2819 καὶ
1602 2766 1898 2838 ὁμοφροσύ-

326 2870 430 2922 νην
478 2852 573 2904 τεῦ
620 2854 683 2904 ἐκ
716 2855 889 2921 φωτὸς
929 2853 1043 2923 φῶς
1085 2855 1432 2926 γεννηθέντος
1476 2856 1628 2920 Υίοῦ,
1671 2857 1764 2910 καὶ
1800 2857 1894 2910 τοῦ

326 2943 562 3015 ἀληθείᾳ
582 2943 642 3008 ἐξ
657 2943 910 3015 ἀληθείας
939 2946 1354 3017 ἐκπορευθέντος
1376 2947 1529 3016 ἁγίου
1558 2949 1696 3002 Πνεύ
1705 2967 1892 3019 ματος,

326 3032 548 3103 ψάλλει,
600 3034 658 3085 ἐν
709 3035 805 3104 μὲν
845 3036 962 3106 μβ’⁶
1008 3053 1028 3088 ι
1088 3035 1492 3101 Ἐξαπόστειλον
1534 3038 1595 3091 τὸ
1650 3038 1763 3108 φῶς
1801 3057 1893 3092 σου

330 3127 428 3177 καὶ
458 3125 562 3194 τὴν
605 3124 860 3196 ἀλήθειάν
889 3143 1010 3180 σου·
1048 3147 1067 3180 ι
1106 3129 1162 3180 ἐν
1191 3128 1246 3180 δὲ
1279 3129 1418 3199 ρμζ’·
1455 3146 1474 3178 ι
1517 3128 1894 3192 Ἐξαποστελεί

2005 1952 2266 2017 habelem,
2297 1962 2483 2006 contra
2515 1968 2671 2022 quem
2709 1953 2891 2022 prodis
2923 1950 3032 2020 (74)
3061 1950 3110 2002 in
3135 1947 3321 2001 faciem
3345 1945 3391 1999 ei
3425 1943 3562 1997 resi-

2004 2053 2170 2106 stens,
2193 2053 2247 2098 et
2283 2045 2642 2110 adversarius,
2666 2053 2809 2097 tanta
2848 2041 3100 2111 spiritalis
3125 2039 3291 2109 gratia
3311 2049 3564 2106 prospere

2005 2135 2344 2190 dimicantem
2380 2133 2752 2196 circumdabit,
2785 2141 2842 2185 ιιι
2881 2133 2996 2200 ipse
3047 2138 3190 2181 totus
3224 2125 3392 2195 gratia
3441 2137 3562 2176 esse

2004 2224 2158 2292 plane
2183 2226 2397 2279 visurus
2434 2225 2524 2278 sit.
2564 2223 2628 2276 Et
2662 2222 2819 2292 paulo
2851 2231 2970 2292 post
3001 2235 3184 2275 rursus
3236 2219 3334 2271 ista
3364 2215 3562 2271 confir—

2003 2329 2174 2380 mans,
2212 2315 2291 2368 sic
2321 2316 2608 2383 prophetat
2639 2334 2652 2368 :
2699 2317 2726 2364 ι’
2767 2313 2832 2366 Et
2870 2313 3190 2366 laetabuntur
3237 2307 3368 2379 (75),
3399 2316 3453 2360 et
3478 2305 3560 2359 vi-

2003 2406 2200 2460 debunt
2240 2407 2467 2476 lapidem
2499 2415 2780 2460 stanneum
2817 2407 2868 2458 in
2901 2419 3056 2456 manu
3088 2399 3381 2454 Zorobabel
3422 2416 3436 2453 :
3473 2412 3562 2451 se-

2002 2508 2141 2565 ptem
2191 2499 2243 2553 hi
2273 2498 2412 2552 oculi
2463 2497 2674 2551 Domini
2705 2505 2850 2558 sunt,
2875 2496 2964 2564 qui
3017 2495 3304 2565 inspiciunt
3341 2493 3392 2545 in
3435 2490 3560 2543 uni-

2002 2604 2208 2644 versam
2241 2589 2396 2658 271
2433 2597 2653 2642 terram.
2690 2605 2708 2638 ι
2758 2584 2943 2654 Itaque
2999 2595 3201 2654 septem
3257 2581 3416 2644 oculi,
3465 2579 3559 2648 qui

2001 2695 2211 2733 omnem
2244 2692 2547 2733 creaturam
2589 2679 2906 2748 inSpiciunt,
2931 2688 3054 2732 sunt
3089 2674 3415 2728 admiranda:
3457 2670 3560 2724 illa!

2003 2769 2232 2838 Spiritus
2291 2770 2458 2824 sancti
2520 2770 2976 2823 denominationes
3035 2767 3182 2838 (76),
3225 2779 3356 2836 quas
3399 2773 3558 2816 antea

2000 2863 2249 2916 diximus.
2321 2862 2613 2915 Stannenm
2692 2876 2820 2915 vero
2898 2860 3127 2928 lapidem
3192 2857 3367 2922 dixit,
3433 2853 3562 2923 quia

2000 2969 2143 3018 vasa,
2173 2968 2290 3023 qum
2315 2953 2694 3008 detrimentum
2718 2967 2873 3022 passa
2906 2961 3049 3015 sunt,
3073 2965 3194 3003 cum
3221 2947 3415 3012 ferrea,
3447 2957 3558 2999 tum

1998 3061 2167 3110 aenea,
2204 3055 2395 3100 stanno
2426 3046 2818 3105 instaurantur,
2850 3052 3016 3112 atque
3064 3039 3477 3108 interpolantur,
3505 3045 3562 3091 et

1998 3145 2241 3188 stantium
2323 3135 2433 3206 (77)
2493 3134 2772 3204 copulandi
2821 3133 2927 3186 vim
2978 3131 3156 3186 habet.
3212 3131 3377 3182 Aiunt
3431 3142 3559 3180 vero

330 3217 418 3269 τὶν
445 3217 622 3284 Λόγον
652 3218 836 3282 αὑτοῦ,
857 3222 947 3274 καὶ
972 3221 1120 3291 τήξει
1144 3222 1281 3274 αύτὰ
1301 3237 1314 3252 ·
1348 3220 1564 3274 πνεύσει
1588 3220 1648 3273 τὸ
1678 3219 1895 3290 Πνεῦμα

1998 3227 2231 3296 quidam,
2257 3237 2450 3283 stanno
2488 3243 2678 3282 aurum
2742 3229 2926 3290 etiam,
2966 3235 3058 3279 aut
3105 3235 3420 3294 argentum,
3465 3230 3559 3275 aut

333 3308 523 3372 αὑτοῦ,
552 3310 646 3362 καὶ
678 3312 934 3381 ρυήσεται
976 3311 1162 3368 ὕδατα.
1199 3330 1217 3364 ι
1253 3306 1322 3382 ᾯ
1361 3313 1549 3366 ἕπεται
1590 3313 1650 3365 τὸ
1678 3314 1892 3367 Παύλου

340 3400 531 3468 ῥητόν·
575 3418 596 3452 ι
665 3402 837 3472 Ημεῖς
873 3404 1069 3467 πάντες
1098 3403 1154 3459 ἓν
1182 3403 1406 3476 Πνεῦμα
1450 3404 1831 3476 ἐποτίσθημεν.
1867 3423 1888 3459 ι

343 3579 627 3652 derivatur.
656 3581 834 3651 Atque
853 3583 953 3637 hoc
981 3581 1094 3648 ipso
1121 3596 1278 3635 sensu
1310 3595 1517 3644 vocem,
1549 3581 1893 3652 ἐπαρυστρί-

340 3649 457 3712 δας,
488 3666 516 3704 a
573 3649 821 3719 theologo
866 3662 1046 3705 nostro
1090 3652 1226 3704 sumi
1259 3657 1428 3720 patet,
1453 3665 1519 3704 ex
1548 3649 1750 3713 verbis,
1772 3649 1891 3720 quae

332 3721 512 3774 statim
538 3720 773 3789 subjicit.
804 3721 936 3774 Vide
959 3730 1068 3773 not.
1098 3719 1191 3784 28,
1212 3719 1333 3789 pag.
1363 3719 1452 3774 47.

403 3789 515 3860 (69)
548 3787 614 3842 Ut
639 3790 946 3858 signiﬁcent,
980 3801 1084 3844 etc.
1113 3787 1269 3844 Binas
1295 3790 1454 3860 hasce
1488 3790 1884 3860 interpretatio-

326 3858 426 3913 nes
481 3860 787 3923 verborum,
833 3860 992 3912 «dum
1058 3859 1276 3919 olivae,»
1325 3859 1478 3928 affert
1529 3858 1882 3928 Hieronymus

258 3945 267 3953 ·
325 3928 473 3983 libro
525 3929 700 3995 primo
748 3930 1249 3985 commentariorum
1301 3930 1356 3982 in
1389 3927 1738 3994 Zachariam,
1758 3944 1877 3995 cap.

322 4000 382 4061 4.
454 4013 595 4069 pag._
626 3997 749 4051 814.
784 4016 804 4049 ι
826 3999 965 4052 Duas
1013 3999 1183 4069 olivas
1215 3999 1452 4069 (inquit)
1479 3998 1751 4069 quidame
1783 4013 1881 4052 no-

321 4067 532 4122 stris...
565 4067 669 4123 duo
697 4069 992 4135 intelligunt
1025 4067 1388 4132 Testamenta,
1424 4067 1454 4122 a
1481 4068 1681 4122 dextris
1705 4067 1878 4120 Evan-

310 4139 555 4207 gelium,
589 4152 616 4190 a
649 4138 878 4192 sinistris
911 4137 1144 4202 legem...
1172 4138 1482 4207 Suntqui...
1521 4139 1882 4191 sacerdotium

320 4206 774 4273 interpretentur,
799 4219 854 4260 et
886 4207 1072 4275 legem.
1107 4225 1126 4259 ι
1169 4206 1318 4272 Quod
1349 4209 1392 4260 si
1425 4222 1544 4275 pro,
1593 4224 1612 4257 ι
1641 4207 1827 4273 legem,
1857 4225 1876 4257 ι

318 4278 679 4331 scribendum
718 4287 879 4341 esset,
936 4295 954 4327 ι
983 4292 1222 4346 regnum,
1247 4295 1265 4329 ι
1333 4276 1538 4346 Didymi
1577 4277 1883 4343 explicatio—

321 4363 454 4401 nem
507 4348 740 4416 apertins
791 4362 1227 4416 agnosceremus.
1273 4346 1470 4416 ibidem
1493 4361 1645 4416 _vero
1677 4359 1768 4416 eos
1796 4361 1880 4398 re-

318 4412 548 4484 darguit
576 4412 948 4484 Hieronymus,
977 4417 1065 4483 qui
1102 4434 1120 4465 ι
1145 4417 1276 4469 duas
1299 4415 1466 4470 olivas
1493 4412 1688 4468 Filium
1713 4415 1881 4484 inter-

317 4482 638 4554 pretantur,
677 4497 729 4540 et
761 4482 1018 4554 Spiritum
1069 4494 1413 4548 sanctum,et
1462 4485 1689 4554 mediam
1742 4482 1879 4536 latn-

314 4528 1888 4624 ὖὲῖιέιίὶ’ὗὲῖιὧῬῖιῖἓὲὶίἴὲᾶἶὶὶέὲὶἰῖ(ῖιὶοῶὃᾶἐῖζ’ἱηᾴἶιῖἰ)
1924 4528 1966 4581 ο

316 4623 537 4693 absque
576 4625 923 4693 blasphemia,
959 4627 1185 4677 alterum
1218 4641 1245 4676 a
1278 4625 1508 4693 dextris,
1537 4623 1764 4676 alterum
1796 4638 1890 4676 ac-

316 4692 536 4761 cipiant
571 4709 598 4745 a
622 4692 874 4748 sinistris.
902 4715 920 4745 ι
953 4695 1155 4757 Quibus
1186 4692 1364 4746 verbis
1397 4692 1679 4761 Origenem
1705 4703 1895 4746 notare

319 4766 570 4826 videtur,
591 4778 749 4831 quem
777 4775 953 4817 tamen
990 4764 1243 4832 Didymus
1277 4777 1344 4816 ne
1370 4763 1471 4816 hac
1506 4762 1720 4830 quidem
1759 4762 1808 4814 in
1836 4776 1894 4816 re

315 4843 552 4887 SCCIIIUS
581 4845 680 4886 CSI.

423 4903 517 4966 70)
544 4903 874 4956 Accuratius.
899 4902 1098 4965 Codex,
1122 4899 1693 4973 προσακριϐεστέραν.
1744 4899 1890 4971 Lego

318 4973 470 5044 apo;
494 4973 905 5044 ἀκριϐεστέραν.

391 5043 514 5106 (³11)
550 5038 670 5094 Non
697 5045 749 5094 in
780 5038 983 5096 uirtute.
1017 5041 1180 5096 Zach.
1218 5055 1292 5103 tv,
1328 5038 1361 5092 6
1388 5051 1445 5094 et
1473 5040 1525 5093 7.

389 5110 510 5181 (7‘2)
549 5111 690 5181 Nisi.
720 5111 904 5167 Graeca
938 5111 1106 5167 Biblia
1133 5126 1146 5162 :
1175 5109 1288 5164 ἀλλ’
1323 5111 1382 5163 ἐν
1413 5111 1511 5164 Πν.
1551 5126 1677 5181 μου.
1723 5109 1886 5180 Didy-

312 5180 469 5240 mus,
508 5180 680 5251 ἀλλ’ἢ
717 5183 774 5233 ἐν
811 5182 909 5235 Πν.
942 5198 1063 5250 μου.

314 5252 516 5374 ἐξὲξ)
551 5249 782 5306 Εάιιωε.
832 5249 1111 5321 Didymus,
1149 5249 1372 5317 ἐξοῐσαι.
1436 5250 1622 5306 Graeca
1682 5251 1890 5304 editio:

378 5336 536 5373 οισω.

346 5321 758 5460 Er(agilid’rodis.
786 5388 966 5444 Codex
995 5390 1158 5460 ὁρμᾷ.
1211 5387 1354 5459 Lego
1379 5390 1574 5461 ὁρμᾷς,
1607 5399 1668 5443 ιιι
1698 5390 1896 5445 clarior

314 5463 389 5518 sit
423 5460 711 5514 sententia.

391 5529 509 5598 (75)
541 5527 606 5598 Et
639 5528 969 5582 (relabuntur.
996 5529 1162 5598 Zach.
1195 5543 1268 5594 tv,
1306 5528 1390 5582 10.

390 5596 506 5670 (76)
541 5597 1020 5670 Denorrtinatt'ones.
1063 5597 1264 5664 Nempe
1301 5607 1507 5670 septem
1535 5596 1672 5651 dona
1708 5597 1890 5667 Spiri-

319 5667 412 5722 tus
438 5670 635 5723 sancti.
672 5667 913 5720 Notanda
961 5678 1140 5722 autem
1180 5668 1501 5736 significatio
1539 5670 1706 5732 vocis,
1745 5684 1888 5737 χρη-

319 5737 606 5808 ματισμοί,
639 5753 760 5808 qua:
793 5739 1124 5796 commodius
1170 5739 1258 5792 hic
1280 5737 1437 5809 ,νει-ιὶ
1469 5751 1570 5793 non
1600 5753 1763 5807 posse
1800 5741 1891 5793 vi-

322 5813 501 5862 detur.

1997 3332 2069 3371 aes
2117 3318 2166 3370 in
2203 3316 2406 3372 fusorio
2437 3331 2584 3382 vase,
2619 3317 2847 3370 artificio
2885 3315 3112 3384 qundam
3145 3313 3430 3378 adhibito,
3483 3312 3556 3366 ita

1998 3407 2236 3477 purgari,
2273 3417 2332 3463 ut
2353 3423 2544 3479 purum
2575 3409 2644 3462 ab
2675 3407 2882 3476 impuro
2907 3415 3220 3460 secernatur
3252 3405 3384 3475 (78).
3417 3404 3556 3471 Quin

2066 3580 2180 3651 (77)
2213 3579 2488 3636 Stamium.
2538 3581 2738 3644 Codex,
2773 3579 3119 3651 κασσίτηρος.
3174 3577 3316 3646 Lego
3369 3579 3554 3632 κασσίο

1994 3668 2171 3721 τερος.
2201 3651 2459 3704 Stannum
2490 3660 2666 3704 autem
2702 3652 2769 3702 ita
2811 3661 3000 3703 natura
3046 3659 3414 3721 comparatum
3446 3659 3552 3711 est,

1995 3719 2200 3773 ut'cum
2230 3721 2466 3788 plumbo,
2498 3729 2590 3772 aut
2623 3735 2814 3788 cupro,
2849 3731 2939 3771 aut
2978 3722 3246 3772 mercurio
3278 3719 3433 3771 facile
3457 3737 3550 3788 cn-

1989 3791 2205 3858 puletur
2227 3787 2242 3855 ξ
2267 3805 2370 3842 non
2387 3804 2515 3842 vero
2545 3803 2664 3843 Clllll
2697 3787 2848 3851 auro,
2869 3798 2960 3842 aut
2989 3799 3235 3857 argento,
3292 3799 3384 3842 aut
3445 3787 3554 3842 fcr-

1994 3876 2073 3912 ΓΟ.

2059 3928 2166 4051 (78)
2198 3925 2264 3982 Ut
2285 3936 2604 3982 secernatur.
2635 3927 2688 3981 Id
2724 3925 2912 3981 falsum
2937 3941 3053 3980 esse
3093 3928 3243 3981 aiunt
3289 3926 3548 3983 chemici:

2086 4001 2194 4051 lum
2242 3999 2383 4051 enim
2417 4013 2482 4051 ex
2536 3997 2766 4051 metallis
2802 4005 2992 4051 stanno
3018 4005 3312 4051 expurgant
3343 3998 3392 4049 in
3421 4011 3548 4050 vase

1986 3997 2194 4052 nullum
2242 3999 2383 4052 enim
2417 4013 2482 4052 ex
2536 3997 2766 4052 metallis
2802 4005 2992 4051 stanno
3018 4005 3312 4066 expurgant
3343 3998 3392 4049 in
3421 4011 3550 4050 vase

1987 4066 2374 4139 δοκιμαστικῷ,
2411 4068 2501 4122 sed
2554 4077 2854 4136 argenturm,
2878 4075 2934 4120 et
2975 4082 3161 4139 aurum
3199 4067 3458 4139 plumbo:
3482 4081 3549 4120 ex

1988 4137 2154 4208 cupro
2183 4148 2384 4208 autem,
2439 4152 2501 4208 ac
2554 4149 2747 4208 stanno
2799 4139 2856 4190 lit
2898 4151 2970 4208 tes
3024 4137 3154 4208 illud
3205 4137 3550 4208 statuarium,

1987 4205 2126 4275 Quod
2179 4207 2341 4277 vulgo
2402 4207 2598 4277 dicitur
2644 4207 2854 4260 bronzo.
2913 4205 3157 4277 Nunquid
3218 4221 3344 4277 ergo
3377 4205 3546 4271 pltttn-

1990 4278 2114 4332 bum
2161 4275 2364 4342 album,
2395 4276 2533 4346 quod
2557 4285 2641 4330 est
2663 4288 2938 4340 stantium,
2963 4290 3057 4346 pro
3085 4275 3300 4342 plumbo
3336 4277 3490 4340 nigro
3517 4289 3550 4326 ιι

1989 4347 2213 4416 Didyme
2239 4344 2508 4416 sumptum
2539 4344 3350 4416 suspicabimur?Hieronymus
3382 4358 3546 4411 porro

1990 4419 2044 4470 in
2073 4415 2472 4470 commentariis
2526 4418 2580 4469 in
2620 4415 2933 4468 Zachariam
2967 4415 3109 4484 (qua:
3153 4415 3224 4466 ita
3268 4427 3550 4484 ἥδε-ροη-

1994 4486 2195 4555 scripta
2226 4487 2443 4548 fatetur,
2481 4495 2538 4538 ιιι
2571 4488 2718 4555 prius
2753 4481 2983 4554 ltidynti'
3011 4481 3550 4555 QuinqueExplana-

1998 4552 2202 4609 lion—um
2257 4555 2423 4610 libros
2479 4555 2532 4606 in
2572 4552 3198 4622 eumdctn'prophetam
3250 4552 3457 4616 legerit,
3491 4557 3546 4603 et

2001 4625 2394 4679 «Hebraeorum
2460 4624 2696 4678 historia:
2759 4625 3104 4691 tropologiam
3166 4631 3545 4682 nostrorum,»

1995 4708 2221 4763 quorum
2250 4710 2385 4748 unus
2407 4703 2522 4748 erat
2552 4695 2824 4763 Didymus.
2851 4711 2877 4763 γι
2905 4692 3197 4756 miscuerit)
3220 4693 3380 4763 _i_lt:cc
3398 4691 3548 4763 scri-

1996 4758 2101 4834 psit
2129 4764 2264 4816 libro
2293 4780 2332 4827 t,
2374 4779 2492 4832 pag.
2540 4758 2667 4834 812,
2695 4764 2779 4834 ecl.
2821 4762 3011 4834 Veron.
3058 4770 3184 4834 tom.
3220 4758 3314 4834 Vf‘l:
3355 4759 3546 4812 «Sicut

1995 4828 2136 4887 enirn
2167 4828 2414 4887 stantium
2443 4828 2508 4884 ab
2543 4833 2662 4900 igne
2689 4833 2787 4884 alia
2826 4831 3030 4882 metalla
3065 4828 3317 4891 defendit,
3348 4839 3542 4881 etcum

1996 4905 2068 4956 sit
2121 4913 2308 4956 natura
2355 4917 2429 4957 tes
2475 4902 2782 4969 ferrumque
2841 4902 3204 4961 durissimum,
3248 4902 3290 4952 si
3343 4900 3547 4964 absque

1999 4982 2191 5026 stanno
2254 4973 2434 5034 fuerit,
2491 4973 2663 5024 uritur
2718 4978 2773 5022 et
2823 4981 3137 5028 crematur;
3190 4969 3290 5029 sic,
3336 4979 3543 5020 etc.....

1995 5041 2154 5111 Lapis
2218 5052 2395 5094 autem
2455 5041 2574 5111 iste,
2649 5040 2700 5092 id
2741 5050 2833 5111 est
2871 5054 3068 5101 massa,
3109 5039 3198 5105 qui
3255 5039 3394 5111 apud
3443 5037 3545 5111 lie-

2000 5105 2171 5166 brt'cos
2200 5111 2356 5164 Abdil
2403 5109 2677 5170 scribitur,
2739 5109 2788 5162 id
2836 5117 2938 5171 est,
2986 5105 3545 5174 ειιιιιιιευε,ἐτυμολο-

1995 5182 2169 5248 γεῖται
2217 5177 2620 5251 ἀποχωρίζωνη
2661 5180 2710 5230 id
2781 5187 2886 5240 est,
2945 5191 3203 5244 separatis
3237 5215 3311 5251 ,η
3350 5187 3404 5251 et
3457 5191 3544 5228 se-

1997 5247 2242 5314 cernens,
2279 5247 2357 5303 ut"
2393 5247 2659 5316 titiotnodo
2695 5257 2942 5302 stantium
2976 5250 3131 5298 mista
3168 5257 3220 5299 et
3249 5247 3546 5298 adulterata

1998 5321 2136 5373 inter
2161 5335 2219 5374 se
2248 5335 2341 5388 per
2380 5320 2550 5385 ignem
2600 5317 2811 5388 metalla
2839 5317 3141 5388 dissociat;
3174 5317 3244 5368 ita
3278 5316 3538 5388 Dominus

1996 5403 2154 5443 verus
2184 5386 2494 5458 probatorel
2521 5386 3040 5458 χωνευτήςειιιειιιυ,
3066 5396 3120 5438 et
3146 5396 3364 5454 argento
3380 5387 3545 5437 bono-

1998 5475 2116 5511 runt
2149 5455 2367 5525 operum
2398 5472 2471 5511 ais
2505 5455 2776 5516 vitiorum,
2831 5455 3212 5523 plumbumqne
3272 5461 3540 5525 secernat,

1997 5539 2054 5580 ut
2083 5522 2272 5595 purum
2323 5542 2511 5580 aurum
2543 5522 2843 5590 remaneat,
2867 5537 2920 5580 et
2943 5537 3292 5593 argentum...
3328 5522 3540 5589 Septem

1995 5609 2176 5650 autem
2223 5597 2526 5652 oculos.....
2573 5611 2732 5664 supra
2788 5599 3135 5663 exposuimus
3184 5604 3388 5662 septem
3421 5606 3542 5644 esse

1995 5668 2253 5735 Spiritus:
2311 5683 2522 5736 nempe,
2578 5678 2778 5736 septem
2843 5667 3046 5736 gratias
3089 5664 3373 5736 Spiritus;
3416 5676 3542 5716 san-

1996 5749 2087 5791 (ιι.
2123 5755 2141 5786 t
