4082 6406
619 303 725 360 707
1853 303 2078 359 DIDYMI
2121 305 2587 362 ALEXANDRINI
3707 302 3794 363 708

619 422 868 492 equidem
915 420 1510 492 ατιι1υοτ,ἱῑε“ίιιιοῳιε
1537 421 1736 485 verbis,
1786 438 1906 492 qua:
1949 439 1978 477 a
2033 423 2179 478 Salo-

2286 427 2348 478 Τί
2390 428 2450 479 ού
2486 427 2577 480 καὶ
2605 425 2730 480 ἄλλο
2761 423 2992 496 συνῳδόν
3018 442 3071 477 τι
3114 423 3207 477 καὶ
3234 419 3481 492 λαμπρὸν
3509 419 3798 491 ἐνδείξομαι,

623 529 782 569 mone
812 529 1008 567 arcano
1042 514 1244 583 pariter
1298 529 1458 568 sensu
1503 513 1646 567 dicta
1688 525 1832 578 sunt,
1888 533 1906 564 ι
1968 514 2181 583 εειρῑεηε

2286 515 2391 567 ὑπὸ
2421 515 2658 585 ἐξηγητῇ
2699 514 2941 584 Ζαχαρίιξι⁸
2971 512 3046 583 τῷ
3093 512 3306 581 ὑστάτῳ
3343 509 3605 581 προφήτῃ,
3635 508 3693 561 ἵν’
3733 508 3800 564 ἔτι

623 606 696 659 tia
743 604 853 673 (79‘!
884 604 1167 660 aediﬁcavit
1220 605 1322 659 sibi
1358 605 1595 670 domum,
1634 612 1688 658 et
1720 604 1950 660 suﬂ‘ulsit
1992 606 2181 660 colum-

2286 607 2375 658 καὶ
2414 605 2610 676 μᾶλλον
2653 604 3051 676 Θαυμάζωμεν;
3084 603 3275 664 Λύτοῖς
3318 600 3372 653 δὲ
3413 599 3688 669 ἀναμνήσω
3710 603 3802 664 τοῖς

624 710 723 748 nas
764 703 986 762 septem,
1027 713 1045 745 ι
1086 694 1212 747 illud
1258 693 1504 754 iudicari,
1541 695 1680 762 quod
1718 695 1920 764 Virgini
1967 696 2181 749 nuntia-

2286 699 2523 768 ῥήμασιν
2570 698 2755 763 αὑτοῦ,
2799 698 3009 768 ἔχουσιν
3055 690 3187 750 dios-
3233 713 3252 745 ‹
3310 693 3396 745 Ἐν
3439 694 3556 755 ταῖς
3599 691 3802 762 ἡμέραις

627 797 736 840 tum
768 793 849 839 est
881 801 910 838 a
943 785 1187 839 Gabriele
1221 805 1233 839 :
1280 803 1298 836 ‹
1337 785 1568 854 Spiritus
1595 786 1703 855 (80)
1755 795 1972 840 sanctus
2005 787 2181 841 veniet

2286 790 2515 852 ἐκείναις
2564 788 2901 853 ἐξελεύσεται
2942 788 3086 858 ὕδωρ
3136 785 3243 851 ζῶν
3289 784 3348 850 ἐξ
3407 783 3797 853 Ἰερουσαλήμ.ι

625 892 788 946 super
819 886 911 930 te:
949 897 966 927 ι
1013 876 1152 943 quod
1207 876 1440 930 ostendit
1486 876 1672 939 etiam,
1726 877 1898 931 eidem
1961 877 2181 944 Spiritui

2286 880 2355 932 Τὸ
2379 881 2435 933 δὲ
2472 900 2490 931 ‹
2515 879 2620 944 ζῶν
2669 880 2833 951 ὕδωρ,
2877 898 2894 931 ι
2920 882 3014 933 καὶ
3040 879 3106 932 ὲκ
3132 877 3230 947 τῆς
3262 878 3372 930 ἄνω
3415 873 3802 944 ἐκπορευόμενον

624 967 842 1036 angelos
894 966 1201 1020 ministrare
1265 972 1425 1033 atque
1475 965 1769 1029 inservire;
1817 981 1880 1020 ac
1930 974 2181 1034 prmterea

2293 969 2673 1040 Ἰερουσαλὴμ,
2697 969 2803 1041 ἄρα
2831 969 2924 1022 καὶ
2951 968 3156 1033 ζῶντας
3182 967 3362 1036 γεννᾷ.
3395 962 3652 1032 Εὖροιμεν
3675 959 3723 1012 δὲ
3751 958 3804 1012 ἂν

624 1062 982 1122 demonstrat,
1047 1058 1282 1112 divinum
1341 1055 1600 1127 Spiritum
1657 1056 1909 1111 ineffabili
1970 1058 2181 1128 conjun-

2286 1058 2416 1128 πρὸς
2444 1062 2553 1120 τοῖς
2585 1059 2712 1130 [125
2765 1058 2816 1130 b]
2853 1057 3268 1129 μνημονευθεῖσι
3297 1054 3389 1108 καὶ
3446 1053 3542 1124 τὴν
3568 1049 3806 1120 κολυμϐή-

625 1151 820 1216 ctione,
861 1159 915 1204 et
945 1149 1224 1203 concordia
1259 1163 1378 1202 cum
1442 1147 1601 1202 Patre
1651 1159 1703 1202 et
1741 1148 1876 1202 Filio
1907 1149 2181 1202 universa-

2286 1151 2428 1222 θραν’
2461 1153 2559 1223 τὴν
2597 1153 2654 1204 ὲν
2713 1152 3086 1222 Ἰερουσαλὴμ,
3202 1150 3370 1220 ὄνομα
3415 1144 3677 1216 Ἐϐραϊστὶ
3718 1142 3806 1208 Βη-

625 1259 742 1295 rum
772 1258 950 1296 rerum
988 1241 1213 1295 fulcrum
1250 1255 1388 1306 esse,
1444 1254 1507 1292 ac
1543 1239 1942 1293 subsistentiam
1976 1241 2056 1295 eis
2097 1240 2181 1294 tri-

2286 1242 2461 1307 θεσδὰ,
2491 1243 2935 1314 ὁμολογουμένως
2965 1242 3151 1296 εἰκόνα
3183 1239 3279 1293 τοῦ
3312 1237 3686 1310 βαπτίσματος,
3712 1231 3804 1284 ἀλλ’

624 1329 809 1392 buere,
841 1338 892 1383 et
923 1331 1058 1382 vitas
1095 1328 1160 1381 ad
1197 1327 1367 1381 lucem
1393 1327 1734 1382 inellaliiliter
1763 1329 2073 1384 deducendo
2122 1329 2181 1383 il-

2286 1337 2380 1389 οὐκ
2417 1337 2584 1407 αὐτὴν
2625 1337 2998 1406 τυγχάνουσαν
3027 1336 3125 1404 τὴν
3154 1333 3492 1404 ἀλήθεια-νή
3538 1330 3640 1400 γὰρ
3671 1325 3807 1380 εἰκὼν

627 1423 875 1477 lustrare.
919 1421 1063 1475 Illius
1091 1436 1218 1490 ergo
1261 1421 1450 1488 dignos
1474 1421 1588 1474 ﬁeri
1617 1436 1728 1484 eos,
1757 1422 1844 1489 qui
1877 1421 2181 1474 illuminan-

2286 1427 2418 1497 πρὸς
2448 1428 2658 1498 καιρὸν,
2687 1429 2720 1498 ὴ
2763 1429 2820 1482 δὲ
2848 1428 3071 1498 ἀλήθεια
3108 1428 3187 1488 εἰς
3230 1424 3550 1492 αἰωνιότητα
3576 1420 3805 1491 κρίνεται.

626 1524 734 1576 tur,
761 1529 851 1567 seu
882 1511 1244 1582 baptizantur,
1283 1515 1480 1566 docens
1519 1527 1614 1567 nos
1633 1512 1944 1580 Apostolus,
1977 1515 2042 1565 ad
2087 1512 2181 1567 Ga-

2286 1517 2371 1570 Διὸ
2417 1518 2510 1570 καὶ
2538 1517 2686 1583 ἅπαξ
2714 1517 2806 1571 τοῦ
2839 1516 3084 1570 ἐνιαυτοῦ
3116 1515 3220 1568 ὑπὸ
3261 1513 3495 1582 ἀγγέλου
3541 1509 3739 1580 κινηθὲν
3760 1506 3809 1559 τὸ

627 1605 762 1658 latas
803 1604 926 1657 talia
961 1604 1177 1671 scripsit
1209 1620 1223 1657 :
1271 1621 1290 1654 ι
1323 1604 1432 1658 lloc
1466 1603 1634 1657 solum
1677 1602 1786 1674 (81)
1819 1603 1936 1658 volo
1979 1605 2181 1660 discere

2286 1609 2342 1660 ὲν
2387 1609 2524 1680 αὐτῇ
2559 1608 2722 1678 ὕδωρ,
2760 1609 2852 1661 καὶ
2892 1608 2988 1660 ἕνα
3019 1606 3179 1677 μόνον
3204 1605 3296 1657 τὸν
3331 1602 3540 1674 πρῶτον
3567 1599 3807 1660 κατιόντα,

624 1712 653 1750 a
685 1697 834 1750 vobis
864 1716 876 1750 ε
919 1711 985 1750 ex
1015 1697 1267 1763 operibus
1299 1695 1432 1764 legis
1469 1694 1726 1764 Spiritum
1764 1696 2071 1764 accepistis,
2115 1711 2181 1749 an

2286 1699 2372 1752 καὶ
2423 1698 2732 1768 σωματικὸν
2763 1696 2960 1760 πάθος,
3003 1696 3126 1765 οὐχ).
3155 1695 3214 1747 δὲ
3243 1693 3340 1746 καὶ
3381 1689 3605 1761 ψυχικὸν
3651 1685 3810 1757 ὲθεράο

625 1804 687 1842 ex
714 1790 894 1842 auditu
920 1788 1074 1842 ﬁdei?
1109 1808 1126 1838 ι
1159 1788 1282 1842 llzec
1306 1803 1372 1841 ne
1404 1786 1568 1840 David
1601 1787 1763 1856 272
1791 1787 2010 1854 quidem
2035 1787 2181 1842 silea-

2288 1807 2472 1842 πευεν.
2501 1790 2574 1842 To
2600 1789 2707 1859 γὰρ
2737 1787 3050 1842 αύθεντικδν
3095 1786 3394 1856 βάπτισμα,
3442 1780 3578 1852 μετὰ
3610 1779 3702 1849 τὴν
3734 1775 3816 1830 si

627 1881 702 1932 tio
741 1880 1000 1947 praeterit.
1032 1877 1376 1947 Coniungens
1419 1878 1562 1930 enim
1598 1877 1881 1932 manifesto
1911 1887 2176 1941 naturam,

2286 1881 2412 1934 Υίοῦ
2461 1881 2554 1933 καὶ
2618 1879 2708 1933 τοῦ
2777 1881 2931 1948 ἁγίου
2985 1877 3297 1947 Πνεύματος
3353 1872 3680 1942 ἐπιφάνειαν,
3738 1869 3811 1920 καὶ

626 1981 682 2025 ει
717 1972 1058 2024 concordiam
1091 1969 1231 2033 Filii,
1283 1972 1372 2039 qui
1406 1971 1495 2023 lux
1548 1984 1612 2023 ex
1665 1969 1784 2024 luce
1823 1971 2034 2039 genitus
2075 1979 2176 2035 est,

2286 1972 2404 2024 καθ’
2460 1972 2694 2040 ἑκάστην
2757 1972 3002 2044 ἡμέραν,
3053 1969 3252 2041 μᾶλλον
3308 1967 3365 2020 δὲ
3421 1966 3604 2036 ῶραν·
3651 1959 3811 2030 ἀληθέ-

625 2070 678 2113 ει
713 2060 942 2129 Spiritus
969 2059 1160 2122 sancti,
1205 2060 1291 2126 qui
1328 2059 1526 2112 veritas
1561 2057 1669 2124 (82)
1711 2073 1775 2112 ex
1811 2060 2032 2113 veritate
2061 2074 2181 2128 pro-

2286 2079 2468 2133 στερον
2506 2063 2579 2126 δὲ,
2612 2063 2964 2125 ἀδιαλείπτως
2991 2063 3083 2115 καὶ
3115 2061 3319 2123 πάντας
3361 2059 3489 2120 τοὺς
3542 2053 3809 2113 κατιόντας,

627 2154 810 2216 cessit,
843 2152 894 2205 in
928 2152 1133 2220 psalmo
1183 2151 1394 2219 quidem
1449 2166 1558 2204 χιιι
1619 2151 1739 2204 ait:
1781 2170 1799 2201 ι
1832 2150 2028 2205 Emitte
2073 2151 2179 2222 (85)

2286 2151 2376 2202 καὶ
2425 2151 2530 2204 ἀπὸ
2575 2152 2754 2222 πάσης
2809 2150 3084 2222 ἁμαρτίας
3130 2149 3358 2210 αἱωνίως
3408 2145 3700 2214 ἐλευθεροῖ·
3739 2139 3813 2192 καὶ

627 2242 803 2297 lucem
841 2252 1003 2307 tuam,
1037 2251 1089 2296 et
1113 2244 1387 2296 veritatem
1413 2252 1587 2305 tuam;
1617 2261 1635 2292 ι
1670 2241 1720 2294 in
1750 2256 1926 2294 cxtvn
1957 2251 2136 2295 autem
2165 2258 2180 2296 :

2286 2234 2390 2292 τῶν
2424 2239 2632 2292 πολλῶν
2662 2241 2756 2292 καὶ
2776 2239 3065 2309 διαφόρων,
3086 2238 3178 2290 καὶ
3201 2234 3520 2304 ἀνωμάλων,
3546 2231 3635 2283 καὶ
3656 2225 3814 2282 δυσλύ-

630 2351 650 2384 t
714 2331 933 2386 Emittet
973 2332 1084 2404 (84)
1119 2331 1348 2386 Verbum
1390 2347 1578 2397 suum,
1623 2342 1679 2386 et
1735 2330 2040 2400 liquefaciet
2081 2345 2180 2399 ea;

2286 2346 2388 2381 των
2434 2327 2725 2380 διαθέσεων
2758 2327 3000 2398 ψυχικῶν
3039 2344 3096 2379 τε
3141 2326 3234 2379 κα)⁸
3275 2321 3596 2395 σωματικῶν
3632 2321 3663 2390 ἡ
3698 2316 3814 2377 ἴασις

626 2420 774 2477 ﬂabit
801 2421 1030 2493 Spiritus
1054 2423 1189 2490 ejus,
1215 2432 1268 2477 et
1287 2421 1448 2476 ﬂuent
1473 2437 1641 2491 aqua}.
1680 2440 1698 2473 ι
1741 2421 1834 2476 Cui
1865 2421 2028 2476 textui
2065 2436 2181 2475 con-

2286 2419 2594 2490 εὑρίσκεται
2627 2419 2742 2489 μία,
2774 2417 2868 2471 καὶ
2889 2417 3040 2470 οὐδὲν
3066 2414 3344 2469 καθοτιοῦν
3368 2413 3449 2467 ἔτι
3472 2409 3685 2464 παλαιὸν
3709 2407 3814 2459 ἒπε-

627 2491 936 2571 sentaneum
968 2525 1050 2569 est
1080 2513 1204 2568 illud
1230 2513 1381 2567 Pauli
1414 2513 1611 2567 dictum
1644 2529 1657 2564 :
1684 2529 1702 2588 ς
1727 2510 1834 2565 Nos
1865 2525 2050 2564 omnes
2075 2510 2181 2581 (85)

2286 2526 2372 2562 ται
2415 2508 2633 2579 ἄλγημα
2665 2507 2772 2560 τῶν
2802 2505 2971 2568 ἐντὸς,
3008 2505 3041 2576 ἢ
3082 2504 3188 2558 τῶν
3217 2503 3392 2566 ἐκτός.
3436 2498 3574 2573 Πρὸς
3610 2497 3693 2550 ἐπὶ
3714 2491 3813 2588 τούς

627 2621 733 2661 uno
802 2603 1005 2674 Spiritu
1063 2605 1227 2673 potati
1284 2618 1518 2657 sumus.»
1551 2583 1749 2668 Quidni
1812 2611 1988 2654 autem
2042 2601 2181 2654 aliud

2286 2617 2416 2664 τοις,
2443 2600 2646 2662 πάντας
2687 2601 2752 2651 ὲκ
2789 2599 3007 2670 χάριτος
3041 2594 3302 2665 ἀδελφοὺς
3347 2590 3708 2664 πρωτοτόκους
3741 2583 3815 2637 καὶ

625 2707 881 2766 praetcrea
913 2695 1024 2765 (86)
1068 2695 1152 2749 his
1193 2707 1504 2757 consonum,
1535 2702 1588 2746 et
1615 2690 1947 2759 splendidum
2006 2701 2181 2746 osten-

2286 2693 2618 2765 ἀρτιτόκους,
2643 2691 2737 2744 καὶ
2766 2691 2960 2754 αὐτοὺς
2990 2691 3110 2752 τοὺς
3141 2687 3395 2757 ἐξήλικας
3432 2683 3525 2738 κα).
3583 2679 3815 2750 ἀφήλικας

627 2799 756 2852 tem,
806 2789 941 2842 duce
982 2795 1141 2855 atque
1181 2792 1493 2840 enarratore
1526 2782 1783 2837 Zacharia
1809 2783 2181 2852 prephetarum

2286 2782 2643 2835 ἀναδείκνυσι·
2699 2781 2795 2835 καὶ
2835 2779 3040 2842 τούτοις
3068 2778 3266 2840 αὐτοῖς,
3296 2772 3377 2840 οἷς
3407 2773 3546 2828 κατά
3569 2771 3717 2843 νόμον
3743 2782 3816 2819 κο-

627 2877 833 2943 ultimo,
853 2885 910 2930 ut
928 2875 1095 2946 magis
1111 2875 1285 2928 adhuc
1302 2873 1559 2926 miremur
1573 2872 1597 2924 ?
1609 2871 1739 2940 Ipsis
1755 2882 1927 2927 autem
1946 2872 2062 2940 ejus
2077 2887 2181 2927 ver-

2288 2873 2480 2943 σμικὺν
2499 2871 2568 2925 τὰ
2590 2874 2752 2942 γήϊνα
2765 2873 2868 2944 χρή
2877 2888 3040 2942 ματα,
3067 2869 3221 2923 διὰτὸ
3237 2866 3546 2936 ἀνασφαλὲς
3567 2861 3668 2916 τῶν
3687 2857 3816 2918 ἐτῶν,

627 2967 709 3022 bis
725 2967 776 3022 id
798 2965 1246 3026 commemorabo,
1271 2978 1387 3031 qua:
1417 2963 1495 3017 sic
1516 2977 1575 3017 se
1603 2963 1800 3017 habent
1828 2981 1879 3018 ει
1917 2962 1973 3017 In
2003 2963 2181 3018 diebus

2286 2964 2320 3034 ἢ
2354 2963 2460 3017 τῶν
2492 2963 2704 3032 ὀλίγων,
2738 2964 2772 3034 ἢ
2811 2962 2919 3016 τῶν
2950 2960 3178 3025 πολλῶν,
3221 2960 3281 3012 ού
3326 2948 3818 3012 καταπιστεύεται,ὀ

627 3055 734 3110 illis
750 3056 858 3126 (87)
878 3054 1179 3123 egredietur
1194 3068 1330 3122 aqua
1355 3053 1467 3105 viva
1485 3065 1549 3106 ex
1567 3050 1882 3109 Jerusalem.
1897 3051 2181 3119 rQutevero

2289 3059 2430 3124 θεῖος
2470 3059 2617 3122 ἀπας
2648 3057 2803 3121 δλὸος
2831 3055 3088 3126 ἀσφαλῶς
3120 3049 3587 3125 παρακατατεθεὶς
3608 3044 3820 3118 εὑρίσκε-

635 3165 658 3198 ο
677 3162 812 3216 aqua
831 3145 948 3199 viva
994 3164 1013 3197 ι
1043 3152 1141 3207 est,
1166 3152 1218 3198 et
1243 3159 1306 3197 ex
1330 3143 1533 3198 caelesti
1556 3140 1848 3198 Jerusalem
1871 3145 2181 3213 procedens,

2288 3168 2376 3204 ται
2395 3167 2409 3181 ·
2445 3150 2520 3213 ὡς
2547 3148 2849 3220 γεγηθότας
2870 3147 3090 3217 ψάλλειν
3113 3163 3128 3176 ο
3169 3163 3190 3196 ‹
3225 3143 3431 3214 Κύριος
3460 3137 3719 3211 ποιμαίνει
3746 3147 3816 3203 με.

627 3254 689 3295 ea
707 3252 838 3293 sane
857 3239 1227 3306 vivosquoque
1239 3244 1458 3305 generat
1477 3233 1609 3306 (88).
1628 3234 1962 3290 Inveniemus
1983 3245 2179 3302 autem,

629 3337 823 3398 praeter
859 3328 948 3382 illa
996 3343 1112 3397 quae
1136 3335 1551 3382 commemorata
1572 3333 1716 3387 sunt.
1738 3325 1992 3394 piscinam
2021 3326 2182 3380 etiam

630 3419 978 3492 Jerosolymis
1006 3420 1132 3474 olim
1164 3419 1534 3482 exsistentem,
1570 3417 1655 3472 cui
1687 3431 1878 3471 nomen
1920 3416 2184 3473 Hebraice

628 3510 893 3568 Betbesda
920 3510 1052 3582 (89),
1085 3510 1300 3566 nemine
1321 3509 1579 3565 dilﬁtente
1609 3507 1899 3576 imaginem
1935 3507 2184 3578 baptismi

698 3765 810 3906 (79)
843 3763 1134 3833 Sapientia.
1172 3759 1330 3814 Prov.
1364 3777 1442 3827 Ix,
1470 3763 1522 3817 l.

722 3835 811 3906 80L
844 3834 1092 3906 Spiritus.
1121 3832 1253 3884 Luc.
1285 3845 1326 3892 ι,
1361 3831 1449 3887 55.
1500 3832 1522 3887 ί

631 3977 738 4039 hic,
771 3984 878 4027 tum
912 3988 1079 4040 segni.
1113 3970 1182 4040 59
1233 3969 1260 4020 ὁ
1295 3985 1313 4022 :
1343 3971 1640 4036 ἐλεύσεται,
1679 3972 1729 4024 id
1758 3969 1926 4034 est,'c
1951 3971 2179 4024 veniet.»

627 4045 697 4097 At
725 4045 776 4098 in
828 4045 962 4096 libro
981 4039 1062 4094 De
1107 4039 1310 4107 Spiritu
1344 4051 1542 4102 sancto,
1601 4056 1748 4095 num.
1777 4042 1864 4105 51,
1922 4041 2187 4094 videbitur

632 4116 864 4168 dictasse
898 4109 1268 4174 ἐπελεύσεται,
1297 4111 1339 4162 si
1375 4109 1699 4178 exemplaria
1741 4112 1878 4181 typis
1925 4112 2184 4181 impressa

630 4193 833 4236 tantum
872 4182 1217 4249 inspiciamus
1241 4189 1471 4249 :rcoutra
1503 4177 1736 4234 dictasse
1762 4177 2181 4243 ἤπιοι-,ἐλεύ-

630 4269 803 4316 σεται,
840 4253 881 4305 si
931 4248 1167 4306 codicem
1205 4248 1410 4302 calamo
1445 4261 1748 4312 exaratum,
1780 4255 1835 4302 et
1892 4251 1944 4302 in
2001 4249 2183 4303 biblio-

630 4324 782 4376 theca
824 4331 1002 4375 nostra
1037 4327 1364 4373 asservatum
1397 4319 1757 4374 consulamus.
1802 4318 1926 4372 Haec
1951 4320 2092 4371 enim
2127 4318 2182 4371 in

635 4394 700 4446 iis
731 4393 956 4459 legimus
985 4407 1039 4445 ει
1071 4386 1362 4459 Eqnalem
1383 4402 1510 4441 vero
1543 4387 1766 4456 Spiritui
1801 4389 2051 4442 virtutem
2078 4403 2181 4441 non

630 4456 914 4532 possumus
934 4461 1091 4532 aliam
1110 4468 1302 4532 praeter
1326 4456 1605 4532 Christum
1630 4459 1913 4532 Dominum
1942 4468 2182 4532 nostrum

631 4526 994 4598 interpretari.
1034 4531 1146 4594 Ipse
1185 4527 1326 4598 enim
1362 4526 1639 4598 discipulis
1692 4528 1806 4582 ait:
1841 4545 1860 4578 ‹
1889 4527 2181 4594 Accipietis

630 4596 1041 4654 enim—virtutem
1062 4597 1292 4666 Spiritus
1313 4596 1486 4650 sancti
1515 4598 1810 4651 venientem
1841 4611 2000 4666 super
2031 4611 2175 4650 vos.»

632 4671 699 4724 Et
731 4670 796 4722 ad
860 4670 1077 4723 Mariam
1112 4667 1351 4733 angelus,
1395 4683 1414 4716 ‹
1437 4667 1691 4733 Spiritus,
1727 4667 1921 4735 inquit,
1959 4675 2182 4720 sanctus

631 4740 972 4806 supervcniet
999 4740 1050 4791 in
1103 4747 1171 4794 te.
1200 4747 1254 4790 et
1281 4736 1450 4790 virtus
1499 4735 1766 4790 Altissimi
1831 4737 2181 4790 obumbrabit

633 4810 748 4862 tibi.
774 4827 791 4859 ι
823 4808 1065 4862 Creatrix
1100 4807 1464 4876 igiturﬁvirtus
1508 4806 1790 4876 Altissimi,
1823 4807 2023 4873 Spiritu
2051 4819 2177 4859 san-

631 4889 719 4931 cto
745 4874 1152 4944 superveniente
1181 4877 1232 4927 in
1268 4875 1534 4942 Virginem
1566 4874 2027 4936 Mariam,Christi
2057 4890 2180 4928 cor-

633 4963 730 5016 pus
767 4947 1111 5001 fabricavit...
1167 4945 1274 5000 Nec
1321 4949 1513 4999 mirum
1555 4946 1605 5016 isi
1660 4945 1923 5016 Dominici
1973 4953 2182 5016 tantum

633 5012 871 5084 corporis
905 5017 1138 5084 Spiritus
1169 5024 1386 5070 sanctus
1430 5015 1676 5069 conditor
1713 5015 1803 5074 sit,
1844 5029 1964 5067 cum
2009 5012 2181 5079 Patri,

633 5087 875 5153 Filioque
899 5088 1153 5150 sociatus,
1188 5085 1372 5154 eadem
1403 5089 1667 5154 potestate
1689 5085 1954 5138 creaverit
1975 5084 2179 5154 omnia,

633 5174 750 5224 quzc
777 5155 928 5209 Pater
952 5156 1173 5218 creavit,
1198 5164 1252 5208 et
1279 5153 1686 5224 FiliusaCodeX
1712 5169 1840 5208 vero
1877 5163 2058 5206 uoster
2088 5153 2184 5206 ha-

637 5223 723 5278 bet
751 5243 765 5278 :
800 5245 818 5276 ι
850 5227 1101 5294 Equidem
1142 5240 1270 5294 vero
1304 5225 1539 5292 Spiritus
1565 5223 1813 5294 virtutem
1856 5237 1961 5276 non
1997 5237 2185 5294 possu-

635 5313 753 5350 mus
783 5292 938 5348 aliam
969 5303 1162 5363 praeter
1185 5293 1459 5348 Christum
1489 5293 1770 5347 Dominum
1803 5292 2181 5363 interpretari.

637 5381 660 5416 ε
678 5361 983 5432 Accipietis‘
1012 5366 1151 5417 enim
1199 5364 1447 5417 virtutem
1505 5363 1736 5430 Spiritus
1763 5363 1935 5416 sancti
1962 5361 2184 5432 venien-

636 5444 738 5488 tem
768 5431 927 5502 super
951 5449 1064 5496 vos,
1090 5453 1107 5485 ι
1137 5434 1199 5486 ad
1229 5433 1500 5500 apostolos
1527 5433 1740 5487 dicitur.
1777 5433 1842 5486 Et
1869 5432 1935 5485 ad
1959 5431 2180 5484 Mariam

634 5501 1004 5574 archangelus,
1041 5521 1059 5554 ι
1087 5503 1336 5574 Spiritus,
1367 5504 1564 5574 inquit,
1618 5512 1836 5574 sanctus
1875 5501 2058 5574 veniet
2089 5516 2184 5554 su-

635 5588 730 5642 per
761 5569 914 5640 te,'et
951 5569 1411 5626 virtus'Altissimi
1442 5569 1814 5642 'obumbrabit
1867 5580 1981 5642 te.)
2014 5569 2181 5625 Crea-

638 5639 741 5696 trix
769 5639 893 5710 ergo
915 5645 1083 5697 virtus
1107 5642 1434 5697 Altissimi...
1457 5641 1656 5695 Christi
1688 5655 1886 5710 corpus
1915 5639 2176 5696 fabricata

638 5725 830 5768 ιδεμ...
875 5712 979 5768 Nec
1025 5716 1216 5768 mirum
1265 5715 1310 5768 si
1361 5712 1618 5766 Dominici
1675 5722 1880 5765 tantum
1938 5713 2179 5781 corporis

795 3830 810 3904 )
844 3830 1092 3904 Spiritus.
1121 3832 1253 3884 Luc.
1285 3845 1326 3892 ι,
1361 3831 1449 3887 55.
1500 3832 1685 3904 Graeca
1722 3831 1893 3904 Biblia
1943 3830 2188 3886 habent:

627 3902 996 3966 ἐπελεύσεται,
1039 3902 1090 3954 id
1119 3909 1249 3973 est,
1296 3903 1738 3973 «superveniet.»
1772 3902 2031 3973 Didymus
2055 3911 2188 3973 tum

2216 4438 2258 4494 υ
2287 4438 2476 4514 bilius.

2287 3243 2382 3297 κοι)⁵
2427 3242 2576 3296 οὐδέν
2629 3259 2696 3313 με
2746 3241 3062 3312 ὑστερήσει·
3117 3239 3195 3300 είς
3227 3235 3394 3289 τόπον
3429 3233 3608 3304 χλόης,
3637 3227 3739 3282 ἐκεῖ
3765 3238 3817 3294 με

2288 3335 2697 3402 κατεσκήνωσεν
2719 3349 2733 3363 ·
2791 3332 2883 3385 ἐπὶ
2939 3331 3126 3394 ὓδατος
3172 3328 3535 3390 ἀναπαύσεως
3601 3316 3819 3390 ἐξέθρεψέ

2293 3440 2360 3493 με
2381 3439 2395 3454 ’
2425 3441 2444 3474 ι
2487 3422 2602 3485 καὶ,
2632 3442 2650 3473 ι
2693 3421 3022 3494 Ἠτοίμασας
3057 3419 3285 3474 ἐνώπιόν
3327 3437 3433 3491 μου
3467 3414 3742 3489 τράπεζαν,
3773 3407 3820 3471 ἐξ

2290 3516 2536 3579 ὲναντίας
2563 3516 2683 3585 τῶν
2708 3515 2991 3570 θλιϐόντων
3022 3533 3110 3587 με.
3152 3515 3442 3578 Ἐλίπανας
3477 3514 3534 3567 ὲν
3565 3511 3716 3580 ἐλαίῳ
3742 3506 3819 3575 τὴν

2298 3760 2531 3844 Spiritus
2574 3772 2796 3820 sanctus
2839 3765 3104 3844 conditor,
3146 3765 3371 3844 sitcum
3428 3767 3583 3844 Patre
3610 3766 3819 3832 Filioque

2297 3837 2722 3911 sociatus_;___cum
2755 3837 2939 3911 eadem
2968 3846 3111 3889 creet
3137 3840 3338 3898 omnia,
3358 3853 3483 3911 mue
3505 3838 3658 3892 Pater
3685 3848 3811 3891 crea-

2295 3902 2478 3974 vit,_et
2511 3902 2695 3974 lf‘ilius.
2721 3923 2738 3955 ι
2777 3903 2909 3958 Vide
2937 3915 3116 3959 tamen
3144 3920 3311 3974 segni.
3343 3902 3450 3961 172
3490 3925 3541 3962 α.

2364 3971 2476 4041 (81)
2510 3971 2623 4041 [ioc
2641 3975 2829 4027 solum.
2865 3975 3044 4029 Galat.
3075 3991 3156 4035 Ill,
3194 3971 3248 4029 2.

2363 4039 2476 4110 (82)
2521 4039 2742 4097 Veritas.
2785 4043 3001 4115 Codex.
3050 4043 3294 4115 ἀληθεία,
3351 4047 3404 4100 id
3451 4055 3553 4103 est.
3604 4043 3816 4114 ἀληθείᾳ,

2291 4125 2481 4188 nempe
2510 4130 2540 4188 ε
2557 4127 2694 4188 vere.
2721 4112 2882 4188 [δεδι
2915 4115 3122 4188 videtur
3141 4112 3444 4185 legendum
3502 4112 3731 4188 ἀλήθεια.

2363 4180 2470 4250 (85)
2503 4180 2712 4237 Emitte.
2742 4183 2882 4237 Psal.
2918 4199 3047 4245 mi,
3080 4184 3134 4238 5.

2357 4251 2469 4442 (8ιέ
2503 4250 2733 4307 Emittet.
2761 4253 2902 4308 Psal.
2935 4270 3131 4317 chvIt,
3161 4255 3193 4307 7
3218 4254 3332 4324 (seu
3361 4255 3492 4379 18%.

2381 4321 2448 4376 85
2497 4319 2608 4373 Nos
2675 4339 2869 4377 omnes.
2912 4324 2926 4376 I
2967 4325 3091 4378 Cor.
3151 4341 3248 4389 xit,
3302 4326 3390 4378 13.
3483 4327 3562 4379 ide
3603 4333 3706 4378 not.
3749 4319 3801 4372 18

2360 4407 2411 4442 2.
2479 4389 2566 4442 74.
2606 4389 2800 4442 Vocem
2837 4394 3016 4442 ἡμεῖς-
3049 4395 3100 4442 id
3141 4405 3244 4442 εει-
3276 4415 3295 4442 ι
3325 4410 3445 4442 nos-
3470 4415 3488 4442 ι
3519 4411 3618 4442 non
3651 4394 3796 4442 haben

3481 4327 3562 4379 ide
3603 4333 3706 4378 not.
3749 4327 3816 4375 tu.

2381 4319 2467 4389 85)
2497 4319 2608 4373 Nos
2675 4339 2869 4377 omnes.
2912 4324 2926 4376 I
2967 4325 3091 4378 Cor.
3151 4319 3248 4389 xit,
3302 4326 3390 4378 13.

2479 4389 2566 4443 74.
2606 4389 2800 4446 Vocem
2837 4394 3016 4463 ήμεῖς,
3049 4395 3100 4448 id
3141 4405 3295 4460 est”:
3325 4410 3445 4459 nos,
3470 4415 3488 4446 ι
3519 4411 3618 4448 non
3651 4394 3820 4446 habent

2289 4405 2411 4459 P38-

2355 4530 2462 4602 (86_)
2509 4529 2770 4595 Quidni...
2806 4542 3079 4601 prieterea.
3133 4535 3311 4590 Codex
3347 4535 3488 4602 :Ti;
3525 4529 3582 4588 οὗ
3613 4534 3698 4587 καὶ
3744 4526 3820 4602 ἀλς

2281 4597 2394 4662 λος.
2427 4599 2736 4668 Legendum
2765 4597 3011 4657 videtur:
3051 4604 3117 4657 Τί
3149 4606 3210 4658 οὐ
3237 4607 3331 4658 καὶ
3361 4597 3558 4668 ἄλλως,
3590 4604 3687 4667 vel,
3707 4597 3818 4652 τίού

2284 4672 2377 4723 καὶ
2405 4669 2553 4733 ἄλλο,
2588 4679 2646 4722 ut
2675 4681 2729 4725 et
2757 4671 2881 4738 legi.

2357 4739 2469 4810 (87)
2499 4738 2566 4792 In
2590 4740 2767 4794 diebus
2813 4736 2942 4796 illis.
2972 4741 3138 4800 Zacli.
3188 4760 3302 4810 xiv,
3332 4736 3606 4799 δίει-ωειλ
3637 4739 3814 4796 editio:

2296 4810 2475 4892 ‘Evn'gij
2499 4810 2679 4892 ᾑμέρᾳ
2711 4811 2912 4892 ἐκείνῃ,
2939 4812 2988 4866 id
3014 4823 3168 4892 e_st,_r
3201 4817 3375 4892 in_die
3412 4815 3522 4892 ill_a_.
3551 4830 3568 4861 ο
3641 4878 3725 4892 Μ

2360 4878 2472 4950 (88)
2504 4878 2746 4952 umet—“al.
2787 4878 2986 4952 Νεῖιψε
3041 4883 3091 4935 in
3135 4885 3423 4952 baptismo.
3463 4883 3609 4936 Hauc
3640 4878 3818 4952 Didymi

2288 4948 2790 5023 interpretationem
2827 4950 3028 5023 iudicat
3063 4948 3426 5023 Hieronymus
3482 4954 3547 5023 ad
3605 4949 3818 5023 eugndein

2288 5016 2563 5070 Zachariae
2586 5017 2809 5089 _locum,
2850 5035 2971 5089 pag.
3007 5022 3137 5086 921,
3190 5016 3319 5076 tum.
3351 5021 3416 5075 Vl
3454 5021 3582 5076 edit.
3649 5017 3816 5089 Veron.

2293 5105 2311 5136 ι
2338 5089 2519 5154 Aquas
2553 5084 3034 5162 viventes_(inq'uit)
3061 5084 3215 5162 multi
3244 5093 3310 5145 ad
3349 5093 3669 5162 baptismum
3701 5084 3818 5162 rele-

2290 5167 2438 5218 runt,
2481 5172 2667 5224 quae...
2698 5159 2751 5210 in
2797 5157 3026 5222 Pascha,
3063 5171 3118 5215 et
3164 5157 3485 5215 Pentecoste
3542 5157 3819 5214 sitientibus

2288 5225 2576 5292 largiendaz
2616 5236 2760 5280 sunt.
2785 5246 2803 5279 ι
2834 5227 3038 5292 Quibus
3079 5232 3132 5286 in
3191 5231 3370 5284 verbis
3402 5244 3467 5284 ea
3517 5229 3728 5283 fortasse
3751 5237 3821 5276 re-

2287 5296 2444 5362 Spicit
2480 5294 2538 5348 S.
2575 5297 2778 5358 doctor,
2815 5313 2933 5365 quia:
2958 5301 3024 5354 ad
3055 5315 3176 5355 eum
3221 5300 3398 5354 locum
3424 5301 3482 5354 in
3522 5303 3820 5352 commenta-

2288 5365 2700 5437 riisAdietaverat
2725 5368 2997 5437 Didymus.

2355 5433 2468 5503 (89)
2500 5432 2785 5511 Bel/teadd.
2823 5432 2991 5511 'Joan.
3021 5455 3074 5506 v,
3104 5439 3159 5497 2.
3217 5441 3260 5494 Α
3297 5439 3531 5511 Vulgato
3583 5438 3822 5511 interpres

2286 5501 2511 5575 voeatur
2539 5503 2842 5575 Bethsaida.
2877 5507 2982 5562 Sed
3021 5501 3145 5575 vox,
3204 5530 3222 5562 ‹
3249 5501 3542 5570 Βειιιεὲόα,
3570 5528 3586 5559 r
3622 5501 3820 5575 Hebrai-

2287 5587 2400 5649 cas,
2432 5573 2542 5649 sive
2583 5573 2830 5644 Syriacas
2861 5593 3019 5649 voces
3067 5569 3216 5641 τιτι-ι
3251 5590 3355 5639 nt:
3403 5569 3542 5649 (betli
3573 5569 3819 5649 hliesdaﬁlo

2287 5645 2480 5711 quibus
2514 5643 2797 5697 denotatur
2847 5666 2863 5698 ‹
2889 5648 3082 5704 domus
3147 5643 3556 5712 misericordize,
3585 5666 3603 5699 ι
3648 5644 3819 5693 clarius

2287 5713 2556 5782 exprimit.
2594 5711 2954 5786 Hieronymus
3003 5719 3056 5774 in
3110 5722 3332 5789 Dialogo
3360 5722 3604 5775 adversus
3637 5712 3818 5773 ιυτιιι-
