4082 6406
691 340 790 397 7H

1919 333 2148 392 DIDYMI
2189 336 2255 392 AI

2353 334 2652 392 ιΑΝιιιιιιει
2758 301 2767 306 ’
3757 342 3841 397 ’ἵιὶ

691 457 768 526 (2)
809 457 860 512 in
907 463 1194 526 conspectu
1243 469 1363 509 meo
1431 467 1670 509 mensam
1722 453 1982 508 adversus
2028 467 2144 517 eos,
2220 453 2310 523 qui
2353 453 2608 508 tribulam
2683 450 2844 523 274
2896 465 3001 506 me.
3074 447 3416 521 lmpinguasti
3466 449 3516 504 in
3569 449 3672 506 oleo
3717 467 3845 522 caput

692 527 889 616 meum,
927 561 978 604 et
1010 550 1256 619 poculum
1293 560 1440 603 tuum
1497 549 1770 604 inebrians
1803 562 1889 602 me
1925 562 2085 617 quam
2116 548 2402 616 optimum.
2439 566 2462 602 ι

762 644 881 710 Ipse
914 657 1041 695 vero
1078 642 1318 710 angelus,
1348 640 1437 708 qui
1469 654 1660 708 aquam
1699 637 1972 702 turbabat,
2007 651 2246 706 praecur-

2421 638 2528 692 Καὶ
2560 636 2720 701 αὐτὸς
2748 637 2803 690 δὲ
2831 637 2859 690 ὁ
2889 635 3116 705 ἄγγελος
3143 638 3171 689 ὁ
3192 637 3250 688 τὸ
3281 636 3423 707 ὕδωρ
3446 636 3720 707 ταράσσων,
3744 640 3848 710 πρό.

691 755 781 794 sor
803 743 918 790 erat
959 735 1188 804 Spiritus
1224 732 1425 798 sancti;
1478 741 1637 799 atque
1695 730 1760 782 ad
1795 728 1910 798 ejus
1958 727 2130 797 angeli
2181 728 2254 783 si-

691 827 1046 885 militudinem
1081 825 1319 879 Joannes
1345 833 1400 879 et
1430 822 1653 892 angelus
1689 820 1896 874 Domini
1931 820 2008 890 i5)
2036 831 2256 876 vocatus

689 933 792 987 est,
823 932 876 976 et
905 933 1204 988 przccursor
1241 916 1448 969 Domini
1479 915 1557 985 (4)
1590 913 1763 969 factus
1797 910 1913 977 fuit,
1945 921 1999 966 et
2021 913 2073 965 in
2100 915 2254 981 aquis

689 1016 1000 1085 baptizavit.
1036 1012 1279 1066 Cbrisma
1317 1009 1394 1078 (5)
1441 1022 1590 1070 vero,
1624 1020 1731 1076 quo
1773 1005 1919 1058 uncti
1971 1014 2096 1059 sunt
2131 1020 2251 1058 cum

689 1108 870 1159 Aaron
921 1119 950 1156 a
998 1102 1162 1166 Mose,
1201 1110 1310 1153 tum
1356 1108 1617 1168 prmtcrea
1652 1111 1840 1151 omnes
1877 1095 2060 1159 etiam,
2101 1095 2190 1164 qui
2225 1107 2255 1149 e

692 1195 1010 1250 sacerdotali
1041 1208 1206 1247 cornu
1252 1189 1332 1259 (6)
1370 1189 1729 1257 ungebantur,
1761 1188 1958 1256 quique
1993 1200 2061 1239 ex
2111 1188 2254 1240 ebri-

692 1297 865 1340 smate
917 1285 1102 1339 cbristi
1142 1283 1239 1353 (7),
1282 1281 1334 1334 id
1399 1286 1480 1334 est
1519 1278 1686 1339 uncti,
1742 1276 2066 1331 denominati
2111 1283 2253 1337 sunt,

696 1389 879 1448 typum
924 1375 1144 1445 gerebat
1185 1370 1506 1427 sanctificati
1538 1369 1846 1423 chrismatis
1872 1367 1969 1437 (8),
1993 1367 2133 1436 quod
2160 1381 2256 1421 nos

698 1467 1010 1535 accipimus.
1072 1465 1180 1518 Etsi
1218 1463 1358 1516 enim
1413 1459 1766 1526 corporaliter
1816 1460 1917 1513 hoc.
1978 1457 2130 1522 ﬂuat,
2177 1467 2245 1510 ta-

696 1574 816 1612 men
855 1555 1162 1628 spiritaliter
1197 1555 1412 1621 prodest
1445 1552 1546 1622 (9).
1588 1551 1716 1604 Nam
1764 1549 1924 1603 simul
1959 1563 2021 1602 ac
2045 1549 2255 1601 venerit

699 1651 751 1703 in
782 1664 874 1704 eor
900 1657 1139 1701 nostrum
1185 1645 1314 1699 fides
1356 1645 1677 1699 beatissima:
1707 1641 2009 1705 Trinitatis,
2052 1648 2107 1694 et
2135 1655 2257 1694 ver-

694 1742 820 1798 bum
856 1739 1098 1808 spiritale
1130 1739 1182 1792 in
1215 1753 1276 1793 os
1332 1737 1466 1806 (10),
1507 1747 1562 1790 et
1616 1735 1916 1805 obsignatio
1963 1733 2164 1789 Christi
2201 1733 2254 1786 iu

696 1831 926 1883 frontem
993 1828 1126 1897 (11),
1192 1827 1352 1882 simul
1416 1836 1578 1894 atque
1634 1825 1933 1892 baptismus
1979 1831 2257 1891 susceptus

695 1921 874 1986 fuerit,
923 1931 976 1974 et
1013 1920 1246 1974 chrisma
1283 1935 1378 1974 nos
1416 1918 1820 1973 confirmaverit
1881 1917 2013 1988 (ιτ),
2051 1918 2254 1978 statim.

2353 729 2548 801 δρομος
2590 724 2656 799 ἦν
2706 727 2798 780 τοῦ
2842 728 2995 795 ἁγίου
3042 727 3383 798 Πνεύματος·
3421 721 3615 792 οὗτινος
3659 732 3847 798 ἀγγέλου

2354 821 2472 876 καθ’
2518 822 2807 890 ὁμοιότητα
2870 820 3118 890 Ἰωάννης
3170 820 3394 889 ἄγγελός
3447 837 3502 873 τε
3559 821 3644 874 τοῦ
3685 825 3850 894 Κυρίου

2353 913 2574 984 ἐκλήθη,
2607 912 2698 966 καὶ
2737 913 3035 984 πρόδρομος
3067 913 3280 980 ἐγένετο
3305 911 3396 965 τοῦ
3419 914 3684 974 Δεσπότου,
3711 916 3786 966 καὶ
3809 917 3851 967 ἐν

2355 1003 2537 1057 ὕδασιν
2571 1005 2878 1058 ἐϐάπτισεν.
2911 1005 3020 1057 Καὶ⁸
3063 1004 3121 1056 τὸ
3163 1004 3366 1074 χρίσμα
3399 1004 3474 1067 δὲ,
3496 1005 3622 1075 ὅπερ
3653 1005 3855 1075 ἐχρίσθη-

2353 1111 2451 1148 σαν
2491 1094 2698 1166 ’Δαρών
2727 1111 2785 1146 τε
2812 1095 2914 1147 ὑπὸ
2935 1093 3227 1156 Μωῦσέως,
3264 1093 3343 1146 ἔτι
3372 1094 3474 1164 μὴν
3507 1095 3591 1147 καὶ
3617 1096 3787 1157 πάντες
3817 1096 3852 1148 oi

2353 1185 2459 1238 ἀπὸ
2494 1185 2584 1237 τοῦ
2625 1184 2894 1257 ἱερατικοῦ
2924 1185 3171 1264 κέρατος,
3205 1185 3254 1237 οἱ
3280 1184 3646 1255 ἐπικληθέντες
3670 1186 3762 1238 άπὸ
3784 1186 3856 1238 τοῦ

2353 1277 2650 1347 χρίσματος
2696 1277 2937 1348 χρηστοὶ,
2978 1276 3143 1328 τύπον
3199 1277 3357 1348 ἔφερε
3437 1276 3527 1329 τοῦ
3579 1277 3859 1347 ἡγιασμένον

2353 1368 2671 1440 χρίσματος,
2703 1360 2763 1420 οἶ)
2796 1367 3141 1438 λαμϐάνομεν
3176 1368 3351 1436 ἡμεῖς.
3380 1367 3440 1419 Εἰ
3469 1366 3571 1436 γάρ
3597 1367 3683 1419 καὶ
3710 1383 3858 1434 σωμα-

2353 1461 2521 1524 τικῶς
2549 1461 2702 1514 τοῦτο
2729 1461 2928 1531 τρέχει,
2970 1460 3080 1513 ἀλλ’
3109 1456 3199 1513 οὖν
3223 1459 3465 1529 ψυχικῶς
3489 1459 3692 1526 ὠφελεῖ.
3724 1459 3862 1510 Μόνον

2353 1570 2412 1605 τε
2437 1552 2544 1623 γάρ
2575 1551 2701 1622 ἔλθῃ
2741 1551 2867 1621 περ).
2897 1552 2993 1620 τῆς
3027 1551 3422 1622 τρισμακαρίας
3473 1550 3685 1620 Τριάδος
3719 1548 3861 1607 πίστις

2356 1644 2412 1696 ἐν
2439 1641 2631 1713 καρδίᾳ
2664 1641 2840 1712 ἡμῶν,
2885 1643 2978 1694 καὶ
3007 1641 3156 1712 ρἦα
3181 1639 3540 1711 πνευματικὸν
3579 1641 3632 1691 ἐν
3661 1637 3864 1706 στόματι,

2356 1731 2448 1784 καὶ
2494 1731 2726 1801 σφραγὶς
2771 1729 3002 1800 Χριστοῦ
3049 1732 3105 1782 ἐν
3152 1728 3416 1800 μετώπῳ⁶
3448 1728 3601 1799 μόνον
3634 1726 3865 1796 βάπτισμα

2357 1820 2695 1889 ὑποδέξηται,
2731 1817 2907 1871 καὶτὸ
2939 1819 3145 1888 χρίσμα
3181 1819 3356 1888 ρώσῃο
3391 1815 3550 1879 εὐθὺς
3583 1814 3727 1875 ἵλεως
3752 1810 3868 1881 εὑρί-

2361 1911 2614 1980 σκεται,ἡ
2639 1909 2732 1978 τὴν
2755 1908 2914 1978 φύσιν
2939 1907 3252 1975 άταθοδότις
3277 1907 3590 1978 ὑπάρχουσα
3612 1902 3762 1974 Τριάς
3779 1919 3790 1931 ο
3809 1901 3869 1951 εὐ-

697 2014 936 2081 inquam,
963 2012 1192 2079 prapitia
1230 2011 1497 2064 invenitur
1521 2024 1641 2078 qua:
1667 2018 1860 2062 natura
1883 2018 1967 2063 est
1995 2009 2253 2062 bonorum

2358 2002 2453 2064 θὺς
2478 2003 2605 2072 παρ’
2641 2003 2770 2072 ἡμῖν
2795 2001 3052 2070 καταντᾷ,
3091 1999 3225 2070 αὐτῇ
3256 2002 3322 2070 τῇ
3366 2001 3507 2069 ῥοπῇ
3535 1997 3601 2050 τά
3634 1994 3871 2066 ἀκάθαρτα

697 2103 935 2172 largitrix
971 2103 1243 2165 Trinitas;
1286 2102 1468 2155 statim
1507 2115 1568 2155 ea
1599 2101 1740 2169 apud
1798 2114 1896 2154 nos
1922 2100 2108 2162 venit;
2153 2112 2254 2152 eo-

697 2194 818 2247 dem
851 2203 1122 2246 momento
1162 2193 1422 2246 immundi
1477 2191 1698 2261 spiritus
1748 2205 1777 2243 a
1825 2190 2036 2244 mundis
2078 2189 2254 2244 disce-

698 2283 852 2350 dunt,
881 2293 932 2338 et
981 2283 1261 2338 confestim
1317 2282 1584 2336 mundana
1639 2281 1849 2352 negotia
1893 2281 2167 2345 recedunt,
2203 2288 2256 2334 et

697 2376 1005 2444 corporales
1053 2374 1288 2443 cujusvis
1335 2375 1548 2444 generis
1578 2375 1853 2443 passiones
1883 2373 2039 2443 longe
2065 2358 2177 2444 (1⁸5)
2225 2387 2254 2426 ε

698 2469 854 2524 nobis
892 2467 1108 2533 abeunt,
1153 2468 1333 2522 omnia
1394 2468 1590 2522 delicta
1630 2466 1997 2532 dimittuntur,
2043 2465 2257 2519 nomina

701 2569 883 2615 nostra
941 2559 1311 2615 indeiebilibus
1363 2560 1415 2614 in
1468 2558 1619 2613 libris
1656 2558 2042 2621 inscribuntur,
2099 2556 2258 2626 275

697 2653 934 2707 coelestia
989 2652 1141 2706 nobis
1179 2652 1316 2706 bona
1371 2650 1802 2718 dispensantur:
1857 2649 1991 2701 adeo
2027 2657 2086 2701 ut
2140 2649 2253 2715 ipsa

698 2737 958 2804 Trinitas,
998 2749 1275 2808 propterea
1310 2739 1450 2808 quod
1507 2738 1848 2791 iiieﬂabiliter
1889 2745 2130 2806 prompta
2162 2737 2249 2800 sit,

698 2845 763 2886 ac
797 2831 1017 2901 provida
1049 2829 1178 2902 (14),
1197 2839 1357 2898 atque
1384 2830 1438 2884 in
1469 2829 1624 2884 bonis
1649 2829 1809 2883 rebus
1834 2828 2081 2883 omnibus
2103 2827 2253 2894 prin-

769 3023 846 3096 (2)
889 3023 1117 3080 Pararti.
1149 3024 1294 3080 Psat.
1333 3039 1468 3088 ml,
1498 3023 1675 3096 67(seu
1698 3025 1773 3095 5).
1798 3023 1961 3096 Lege.
1997 3024 2040 3078 si
2063 3023 2254 3093 placet.

769 3041 846 3096 (ι)
889 3041 1127 3108 raram.
1152 3041 1294 3080 rsai.
1333 3041 1468 3088 ml,
1498 3041 1531 3080 ιι
1562 3041 1675 3096 (seu
1698 3041 1773 3095 δ).
1802 3041 1961 3147 Le1ge.
1997 3041 2040 3078 SI
2063 3041 2254 3093 placet.

701 3094 760 3178 β.
795 3096 1059 3178 Zenonem
1094 3098 1186 3150 lib.
1220 3111 1281 3162 ιι,
1313 3103 1468 3149 tract.
1499 3095 1584 3164 14,
1617 3110 1736 3166 pag.
1788 3095 1856 3150 18
1899 3135 1914 3161 ,
1951 3095 2064 3149 inec
2097 3096 2256 3149 verba

700 3174 1158 3233 interpretantem.

772 3235 850 3305 (5)
891 3235 1109 3305 drigelus
1148 3235 1372 3290 Domini.
1404 3235 1566 3305 Marc.
1603 3252 1643 3301 ι,
1681 3235 1736 3288 2.

773 3300 1196 3388 (ΗΠΡνὶτειιι-εοι·
1231 3305 1460 3388 Domini:
1490 3300 2074 3388 Tertullianus.i_ib.nDc
2109 3303 2249 3384 bapt.

701 3372 821 3442 cap.
857 3373 928 3426 6:
959 3390 978 3423 ι
1011 3372 1106 3426 llic
1159 3389 1370 3442 quoque
1422 3376 1588 3442 figura
1630 3375 1920 3444 praeessit.
1977 3374 2067 3427 Sic
2110 3375 2254 3428 enim

699 3442 933 3498 Joannes
963 3452 1086 3496 ante
1120 3459 1417 3512 praecursor
1442 3443 1647 3498 Domini
1688 3443 1852 3498 fuit...
1899 3443 1971 3496 ita
2005 3453 2059 3495 et
2090 3456 2254 3511 ange-

701 3513 785 3566 lus
823 3513 1069 3580 baptismi
1120 3513 1322 3568 arbiter
1371 3523 1752 3582 snpervcnturo
1809 3512 2029 3582 Spiritui
2069 3523 2255 3566 sancto

700 3585 815 3635 vias
842 3582 1023 3644 dirigit
1050 3582 1322 3637 ablutione
1347 3585 1678 3638 delictorum.
1725 3601 1743 3633 ι

773 3651 1144 3722 (5)]31ιήεηια.
1175 3651 1334 3706 Plane
1386 3654 1575 3708 similia
1632 3650 1845 3722 scripsit
1898 3649 2257 3722 Tertullianus

703 3719 796 3774 lib.
831 3719 906 3773 De
933 3721 1073 3793 hapt.
1128 3737 1246 3789 cap.
1274 3723 1324 3775 7.
1365 3741 1384 3772 ι
1429 3723 1637 3793 Egressi
1685 3719 1770 3793 d’e'r
1797 3723 2032 3793 lavacro,
2063 3719 2254 3793 inquit,

701 3791 1089 3858 perunguimur
1141 3793 1418 3846 benedicta
1463 3791 1712 3846 unctione
1743 3792 1808 3844 de
1843 3791 2063 3859 pristina
2099 3791 2256 3843 disci—

703 3861 866 3926 plina,
898 3875 998 3926 qna
1029 3862 1188 3930 ungui
1213 3861 1332 3915 oleo
1361 3863 1427 3915 de
1456 3877 1619 3916 cornu
1647 3862 1696 3914 in
1719 3861 2073 3930 sacerdotium
2114 3859 2256 3930 sole-

703 3931 849 3982 bant.
889 3930 960 4000 la'x
987 3945 1093 3997 quo
1112 3929 1290 3982 Aaron
1313 3946 1341 3984 a
1371 3930 1548 4000 Moyse
1580 3941 1768 3983 unctus
1789 3939 1891 3991 est,
1927 3929 2068 3983 unde
2099 3929 2256 3983 Cbri-

705 4009 820 4069 stus
850 3999 1045 4069 dicitur
1071 4013 1100 4051 a
1126 4000 1433 4069 chrismate,
1459 3999 1600 4069 quod
1630 4009 1710 4052 est
1745 4001 1944 4050 unctio.
1964 4015 2005 4069 γι

775 4068 849 4138 (6)
890 4067 1087 4120 Cornu.
1150 4068 1285 4138 Vide
1347 4068 1366 4121 l
1418 4065 1546 4138 iiég.
1585 4083 1705 4133 XVI,
1759 4069 1782 4120 1
1835 4077 1890 4121 et
1930 4068 2014 4131 l3,
2064 4076 2120 4122 et
2170 4065 2254 4131 lli,

705 4137 838 4207 Beg.
882 4153 918 4197 i.
975 4138 1064 4201 59,
1118 4146 1225 4193 etc.
1269 4137 1343 4194 De
1406 4137 1656 4193 unctione
1707 4151 1832 4192 vero
1872 4138 2098 4192 Aaronis
2141 4139 2258 4193 vide

705 4200 874 4260 Levii.
903 4223 1020 4264 Vlll.
1052 4200 1140 4262 12.

773 4277 848 4347 (7)
891 4275 1106 4332 Christi.
1166 4277 1367 4336 Codex.
1402 4278 1646 4348 χρηστοί,
1676 4275 1744 4348 id
1779 4285 1880 4338 est,
1917 4295 1935 4328 ι
1983 4276 2163 4348 faciles
2205 4284 2259 4330 et

705 4345 936 4416 benigni.
976 4364 994 4395 ι
1037 4345 1451 4418 δρᾶᾷιρεειιιιιιιιῖ
1479 4345 1706 4418 χριστοί,
1739 4356 1796 4399 ιιι
1818 4357 1963 4416 ριιιο.
2002 4347 2129 4401 Vide
2165 4363 2259 4400 no-

705 4429 786 4471 tas
815 4420 877 4470 ad
907 4431 1070 4484 segni.
1105 4416 1205 4470 170
1234 4419 1281 4470 b.

2355 2095 2636 2164 πνεύματα
2665 2095 2770 2148 ἀπὸ
2807 2094 2914 2146 τῶν
2955 2091 3206 2162 καθαρῶν
3251 2093 3542 2161 ἀναχωρεῖ,
3581 2087 3872 2158 παραχρῆμα

2353 2186 2422 2239 τά
2453 2185 2689 2256 κοσμικά
2719 2184 3013 2255 πράγματα
3035 2183 3257 2252 οἴχεται,
3282 2183 3373 2235 καὶ
3395 2182 3464 2234 τά
3485 2177 3756 2250 σωματικὰ
3776 2194 3872 2228 πιν-

2351 2280 2468 2330 τοῖα
2501 2277 2642 2347 πάθη
2673 2274 2910 2328 ἐκποδὼν
2931 2273 3278 2328 καθίσταται·
3309 2273 3377 2326 τὰ
3404 2273 3710 2341 πταίσματα
3734 2269 3873 2320 πάντα

2359 2368 2598 2436 ἀφίεται,
2629 2368 2697 2418 τὰ
2722 2366 2958 2436 ὀνόματα
2984 2366 3137 2436 ἡμῶν
3161 2361 3564 2429 ἀνεξάλείπτοις
3585 2360 3874 2432 ἐγγράοετσι

2363 2459 2584 2531 βίόλοις,
2614 2457 2682 2511 τὰ
2712 2457 2938 2528 οὐράνια
2963 2459 3093 2527 ἡμῖν
3118 2457 3469 2525 ἐπιτρέπεται
3497 2455 3673 2523 ἀγαθά
3695 2470 3708 2482 ·
3731 2452 3795 2513 ὡς
3809 2449 3875 2501 διὶ

2356 2553 2455 2623 τὴν
2503 2551 2707 2620 άςρατον
2753 2550 2920 2621 αὐτῆς
2963 2548 3303 2620 ἑτοιμότητα,
3333 2549 3429 2601 καὶ
3471 2544 3782 2619 προμηθίαν,
3804 2541 3876 2594 καὶ

2359 2643 2417 2696 τὸ
2445 2642 2644 2696 ἐθέλειν
2675 2643 2759 2694 ἀεὶ
2789 2642 3000 2694 πάντων
3039 2641 3216 2693 καλῶν
3257 2640 3580 2711 πρωτεύειν,
3621 2635 3879 2708 προφθάνεο

2359 2734 2480 2788 σθαι
2509 2735 2599 2786 ὐπ’
2624 2734 2789 2804 αὐτῆς
2809 2735 2900 2785 καὶ
2920 2732 3084 2803 αὐτὴν
3111 2733 3208 2803 τὴν
3231 2732 3435 2785 τοιάνδε
3463 2731 3711 2803 πρόθεσιν
3733 2726 3878 2798 ἡμῶν,

2358 2825 2392 2896 ἢ
2418 2824 2904 2896 προκατάρχεσθαι.
2935 2825 3044 2879 Κα)⁸
3077 2824 3164 2877 ἴνα
3198 2824 3499 2896 συλλήϐδην
3535 2825 3687 2888 εἴπω,
3716 2820 3882 2890 φυλάτ-

2367 3021 2616 3077 Dominus
2669 3022 3060 3095 in‘Evangelio
3107 3025 3506 3082 determinavit.
3545 3045 3564 3080 ι
3605 3023 3884 3081 Ambrosius

2363 3105 2538 3147 autem
2568 3095 2699 3146 libro
2729 3091 2807 3147 De
2837 3091 3092 3163 mysteriis
3123 3111 3238 3162 cap.
3271 3097 3306 3152 5
3346 3115 3358 3150 :
3393 3116 3413 3148 ι
3453 3098 3771 3152 Descendisti
3803 3095 3882 3154 ἰείο

2283 3159 2326 3220 C.
2361 3171 2465 3224 tur,
2495 3165 2775 3236 recordare
2801 3159 3318 3236 quid_respoiid}eris.
3350 3169 3496 3236 quod
3525 3169 3710 3222 credas
3734 3169 3780 3218 in
3808 3163 3886 3216 Pa-

2358 3241 2516 3295 trem,
2564 3234 2755 3287 credas
2811 3236 2863 3287 in
2908 3234 3126 3303 Filium,
3152 3239 3340 3292 credas
3371 3234 3452 3292 tiu
3503 3238 3753 3308 Spiritum
3785 3251 3884 3289 san-

2354 3311 2518 3357 ctum.
2565 3321 2582 3353 ι

2425 3371 2883 3444 (11)ᾼοὺσὶρηαιὶο
2933 3373 3127 3429 Christi
3176 3377 3231 3429 in
3279 3376 3531 3444 frontem.
3581 3376 3637 3430 Id
3693 3375 3885 3434 scilicet.

2353 3441 2524 3514 quod:
2552 3441 2866 3514 Prudentius
2915 3445 2967 3499 iu
3026 3441 3432 3514 Psychomochia
3490 3457 3646 3501 vocat
3682 3464 3700 3497 ι
3729 3446 3887 3498 inscri-

2356 3521 2445 3580 pta
2479 3512 2596 3565 oleo
2626 3511 2784 3582 fronti
2816 3511 3116 3582 signacula}
3161 3533 3179 3566 ι
3215 3519 3354 3582 quod
3387 3519 3641 3571 Clemens
3684 3515 3883 3568 Mevan-

2355 3582 2542 3654 drinus
2567 3581 2704 3654 apud
2729 3581 3010 3654 Eusebium
3033 3585 3124 3654 lib.
3154 3601 3211 3639 ιιι
3237 3581 3384 3641 Hist.
3421 3589 3554 3641 eccl.
3585 3603 3704 3654 cap.
3734 3585 3888 3654 Quap-

2353 3651 2516 3719 pellat
2539 3651 2637 3724 τὴν
2665 3651 2934 3724 σφραγῖδα
2967 3651 3059 3705 τοῦ
3086 3655 3311 3724 Κυρίου,
3347 3657 3398 3710 id
3427 3655 3514 3711 est
3549 3675 3568 3708 ι
3600 3651 3890 3724 οὗείεηιιὶοτ

2353 3721 2834 3795 {leni‘DOmini};
2876 3724 3014 3795 quod
3079 3721 3386 3795 Cyprianus
3455 3729 3507 3779 in
3569 3725 3786 3794 epistola
3838 3721 3888 3795 ad

2355 3788 2672 3862 J_Itbaianum
2714 3791 2841 3862 dicit
2873 3788 2904 3842 (ﬁ
2933 3788 3265 3862 signaculum
3301 3788 3678 3862 dominicum;
3721 3813 3738 3843 ι
3774 3791 3891 3860 quod

2355 3859 2714 3933 Tertullianus
2750 3861 2948 3933 indicat
2969 3859 3021 3914 iii
3046 3861 3180 3917 libro
3205 3863 3282 3918 De
3308 3859 3892 3933 prrescriptiouibus’hir-

2354 3931 2776 4002 reticorutrtgcap.
2805 3930 2873 3986 60
2898 3931 2980 3985 bis
3006 3933 3184 3987 verbis
3215 3946 3231 3986 :
3269 3930 3660 4002 (Signat'illic
3691 3935 3742 3988 in
3769 3932 3892 3986 fron-

2357 3999 2500 4075 tibus
2547 3999 2742 4075 milites
2771 4015 2924 4075 suos;
2962 4020 2981 4051 ι
3013 4004 3151 4075 quod
3193 3999 3408 4075 demum
3447 4005 3832 4075 Didymusipse
3853 4002 3892 4050 in

2357 4068 2474 4145 loco
2500 4070 2725 4145 necdum
2755 4071 2916 4145 edito,
2935 4068 3172 4145 sed—mox
3196 4083 3316 4145 nota
3345 4074 3438 4145 4f),
3473 4068 3598 4145 pag.
3624 4068 3895 4145 278,'edeu-

2358 4140 2424 4192 do
2447 4149 2601 4212 vocat
2627 4140 2689 4212 το
2708 4140 2799 4212 ἐπὶ
2821 4140 3082 4212 μετώπου)
3099 4144 3338 4210 σημεῖον.
3366 4139 3495 4198 ideo
3518 4139 3697 4198 alitem
3728 4161 3744 4194 ι
3775 4139 3894 4196 obsi-

2356 4209 2535 4282 gnatio
2563 4209 2837 4282 i_dicittir,
2882 4213 3028 4282 quod
3073 4211 3124 4263 in
3155 4209 3231 4264 ea
3277 4217 3536 4268 unctione
3597 4233 3615 4265 ι
3653 4214 3845 4282 siguqu
3876 4225 3890 4258 ι

2358 4280 2536 4352 crucis
2569 4279 2916 4352 ab_episcopo
2955 4279 3264 4352 efformetur
3299 4300 3312 4334 :
3351 4298 3462 4352 qua
3498 4284 3568 4338 de
3601 4279 3758 4338 causa
3787 4281 3895 4334 'l'er-

2360 4346 2611 4422 tullianus
2645 4346 2912 4422 intendem
2956 4348 3092 4422 libro
3138 4352 3270 4422 dixit
3294 4346 3486 4412 etiam.
3534 4372 3556 4404 ι
3590 4370 3727 4422 aqua
3747 4352 3899 4422 signa-

2360 4429 2438 4478 re,
2473 4434 2491 4468 ι
2518 4418 2837 4493 baptismum
2867 4419 3175 4493 respiciens.
3211 4421 3479 4493 Czeterum
3514 4418 3692 4493 neque
3719 4418 3898 4493 tinctio-

772 4486 846 4556 (8)
887 4487 1209 4553 Sancti/irati
1244 4487 1559 4557 chrismatis.
1585 4486 1985 4542 Sanctificatum
2028 4486 2258 4540 chrisma
2291 4491 2336 4546 D
2365 4499 2484 4539 nem
2527 4487 2855 4548 verticalem.
2901 4503 3072 4557 neque
3102 4491 3500 4556 impositiouem
3551 4486 3800 4547 m'anuum
3827 4489 3898 4542 bic

705 4558 836 4611 dicit
871 4559 940 4618 id,
975 4557 1114 4624 quod
1157 4572 1183 4607 a
1229 4556 1494 4625 Cypriano
1541 4561 1590 4609 in
1633 4557 1855 4625 epistola
1897 4573 1999 4610 Lxx
2040 4567 2259 4609 vocatur

709 4647 728 4678 ι
765 4629 936 4680 oleum
969 4627 1380 4682 sanctificatum.
1421 4646 1438 4676 ι
1482 4642 1509 4679 a
1546 4628 1874 4680 Tertulliani-3
1918 4645 1936 4677 ι
1980 4626 2257 4679 benedicta

705 4698 905 4758 unctio,
946 4714 963 4745 ι
993 4695 1342 4766 ιινΤΙιιξορὴίΙο
1377 4695 1430 4749 in
1458 4698 1629 4766 primo
1668 4699 1735 4749 ad
1771 4697 2075 4766 Autolycum
2110 4711 2253 4749 num.

705 4767 794 4828 1‘2,
819 4766 992 4818 ἔλαιον
1017 4765 1169 4826 Θεοῦ,
1201 4766 1248 4816 id
1273 4775 1375 4829 est,
1405 4785 1423 4816 ‹
1461 4765 1547 4819 Dei
1572 4767 1768 4829 oleum,
1800 4784 1818 4817 ι
1855 4765 1946 4819 seu
1974 4785 1992 4815 ‹
2023 4766 2254 4817 divinmn

704 4839 901 4896 oleum,
939 4855 955 4885 ι
985 4854 1012 4887 a
1045 4835 1239 4887 Basilio
1269 4835 1359 4888 lib.
1389 4836 1466 4890 De
1487 4835 1576 4904 Sp.
1606 4846 1783 4889 sancto
1814 4851 1928 4903 cap.
1956 4834 2046 4898 27,
2084 4834 2258 4886 ἔλαιον

703 4907 800 4975 τῆς
821 4905 1050 4976 χρίσεως
1073 4905 1450 4974 εὐλογημένοι),
1478 4910 1527 4958 id
1555 4917 1637 4960 est
1664 4924 1681 4956 ι
1721 4907 2054 4958 benedictum
2084 4905 2256 4976 oleum

706 4973 990 5034 unctionis,
1031 4993 1047 5023 ι
1077 4984 1130 5026 et
1161 4978 1227 5026 ab
1258 4973 1566 5030 innocentio
1617 4976 1784 5043 primo
1834 4976 1884 5026 in
1921 4975 2141 5043 epistola
2191 4973 2259 5028 ad

711 5045 1016 5098 Decentium
1059 5059 1176 5113 cap.
1203 5045 1256 5109 5,
1294 5063 1311 5096 ι
1345 5045 1590 5100 Cbrisma
1649 5048 1714 5098 ab
1758 5046 1935 5114 episco
1975 5059 2258 5098 consecra-

707 5124 836 5166 lttln.
877 5132 895 5163 ι

775 5184 848 5255 (9)
889 5181 1004 5255 Etsi
1027 5185 1226 5255 enim...
1257 5187 1480 5252 prodest.
1517 5185 1785 5254 Legnntur
1815 5185 1926 5238 lite:
1952 5185 2016 5236 ad
2037 5183 2256 5238 verbum

707 5252 758 5306 iu
786 5252 1101 5307 Tertulliani
1128 5254 1261 5308 libro
1296 5255 1366 5308 De
1392 5256 1532 5322 bapt.
1564 5252 1681 5322 cap.
1707 5256 1758 5308 7.
1792 5272 1809 5305 ι
1853 5255 1943 5308 Sic
1975 5263 2028 5308 et
2070 5258 2120 5306 in
2159 5271 2258 5306 no-

707 5325 810 5386 bis,
845 5324 1033 5392 inquit,
1066 5325 1354 5378 carnaliter
1389 5327 1557 5380 currit
1599 5326 1802 5390 unctio,
1827 5327 1919 5378 sed
1947 5325 2260 5394 spiritaliter

706 5395 935 5461 prolicit.
969 5412 986 5444 ι

776 5464 886 5533 (10)
940 5461 1156 5516 Verbum
1188 5463 1316 5532 spir.
1355 5464 1408 5517 in
1439 5482 1513 5519 os.
1558 5464 1950 5532 Responsiones
1976 5463 2092 5516 illas
2123 5463 2260 5517 indi-

705 5545 810 5592 cat,
835 5537 898 5585 de
933 5533 1122 5600 quibus
1149 5533 1508 5588 Tertullianus
1540 5537 1588 5588 in
1628 5535 1762 5589 libro
1794 5538 1865 5588 De
1894 5551 2107 5594 corona,
2135 5549 2253 5601 cap.

709 5602 1104 5671 5,sicloquitur
1129 5620 1141 5655 :
1171 5622 1189 5654 ι
1222 5604 1426 5671 Aquam
1462 5606 1721 5658 adituri...
1749 5607 1847 5659 sub
1877 5605 2128 5657 antistitis
2149 5621 2260 5656 ma-

709 5689 777 5724 nu
813 5683 1174 5726 contestamur
1205 5690 1298 5726 nos
1334 5676 1634 5729 renuntiare
1656 5676 1929 5728 diabolo...
1959 5675 2151 5728 deliine
2180 5682 2260 5727 ter

611 5801 622 5809 ,
711 5743 1052 5810 mergitauiur
1102 5743 1332 5814 amplius
1378 5743 1576 5810 aliquid
1638 5746 2036 5814 respondentes,
2095 5758 2255 5813 quam
2299 5734 2317 5794 ζ

2367 4565 2626 4628 memorat
2665 4557 2918 4628 Didymus
2949 4578 2962 4612 :
2996 4574 3113 4628 qua:
3140 4561 3246 4615 duo
3285 4570 3467 4616 tamen
3498 4565 3570 4617 ab
3596 4566 3716 4617 aliis
3750 4559 3902 4615 Patri.

2358 4624 2457 4678 bus
2483 4624 2993 4682 commemorantur.

2429 4695 2539 4764 (l2)
2581 4694 2994 4764 Conﬁrmaverit.
3021 4696 3148 4761 Seu,
3181 4716 3202 4749 ι
3232 4700 3394 4753 robur
3421 4715 3490 4756 ac
3531 4702 3682 4757 vires
3712 4697 3902 4755 addide-

2360 4766 2448 4819 rit.
2488 4783 2506 4816 ι
2555 4767 2839 4837 Antiquius
2878 4777 3312 4832 monumentum,
3365 4786 3478 4837 quo
3532 4772 3744 4827 ostendi
3790 4770 3904 4821 solet

2358 4845 2597 4889 vetustas
2626 4836 2764 4890 illius
2794 4838 3217 4904 nuncupationis,
3240 4854 3339 4906 qua
3356 4836 3764 4896 sacramentum
3792 4839 3902 4891 boc-

2359 4920 2441 4971 ce,
2471 4906 2536 4959 de
2565 4921 2668 4974 quo
2702 4906 2972 4975 Didymus,
3001 4909 3383 4980 ¢__c0ii_lirinatio
3421 4927 3440 4961 ι
3483 4910 3803 4980 appellatur,
3822 4907 3905 4980 def

2358 4985 2657 5042 promptum
2684 4985 2766 5029 est
2797 4991 2860 5029 ex
2885 4976 3109 5030 concilio
3131 4976 3468 5034 Arausicauo
3498 4975 3630 5034 anni
3663 4979 3783 5033 441.
3817 4975 3904 5030 Sed

2361 5055 2483 5098 ante
2511 5045 2787 5114 Didymum
2829 5045 3186 5100 Tertullianus
3226 5048 3277 5100 in
3309 5048 3447 5103 libro
3478 5049 3559 5104 De
3591 5047 3904 5104 resurrectio-

2361 5130 2422 5168 ne
2468 5131 2638 5168 carius
2669 5130 2786 5182 cap.
2816 5116 2849 5170 8
2883 5116 3123 5170 eamdem
3177 5117 3516 5173 indicaverat
3580 5122 3668 5174 his
3705 5116 3904 5172 verbis:

2365 5201 2384 5231 ι
2416 5184 2558 5239 Caro
2598 5199 2832 5254 ungitur,
2861 5196 2919 5240 ut
2941 5188 3116 5239 anima
3149 5199 3508 5242 consecretur
3535 5207 3553 5246 :
3589 5206 3718 5244 caro
3749 5190 3900 5255 signa-

2362 5263 2466 5316 tur,
2509 5264 2568 5308 ιιι
2615 5265 2670 5307 et
2719 5255 2896 5318 3.1m
2948 5257 3237 5310 muniatur.
3293 5275 3312 5308 ι
3353 5257 3505 5312 Idem
3571 5263 3718 5314 enim
3765 5256 3901 5310 Valet.

2365 5342 2384 5374 ι
2415 5325 2706 5388 muniatur,
2741 5344 2758 5376 ι
2797 5338 2956 5395 atque
2999 5345 3017 5377 ι
3047 5328 3409 5392 coulirmetur,
3446 5347 3466 5379 ι
3510 5346 3608 5386 seu
3653 5349 3672 5381 ι
3716 5330 3907 5395 robore-

2358 5403 2464 5447 tur.
2507 5411 2524 5443 ι
2560 5395 2719 5449 Ducta
2749 5406 2830 5449 est
2862 5393 3036 5450 autem
3067 5409 3126 5448 ea
3157 5396 3349 5450 locutio
3382 5413 3455 5452 ex
3490 5399 3704 5463 Bibliis,
3732 5400 3781 5452 in
3809 5393 3910 5464 qui-

2361 5465 2458 5516 bus
2493 5467 2684 5531 passim
2717 5465 2944 5532 Spiritus
2980 5477 3194 5519 sanctus
3230 5483 3324 5522 nos
3357 5485 3376 5519 ι
3415 5471 3780 5531 c0niirmare,
3808 5477 3910 5520 cor-

2362 5536 2639 5596 roborare,
2669 5535 2971 5589 confortare
3003 5555 3020 5586 ι
3058 5537 3270 5589 dicitur.

2427 5601 2538 5674 (15)
2578 5601 2769 5674 Longe.
2795 5605 2992 5668 Codex,
3023 5605 3280 5660 ἐκποδῶν.
3313 5606 3461 5674 Lego
3500 5608 3768 5664 ἐκποδών.

2323 5670 2383 5750 1""
2428 5670 2540 5742 (14.)
2585 5670 2828 5750 Ιξτοὺὲιιιι.
2883 5675 3097 5750 ροιΙοιιΣ
3163 5670 3478 5750 προμηθίαν
3552 5697 3654 5750 pro
3717 5670 3912 5750 προμῆο

2318 5781 2321 5785 .
2359 5742 2528 5807 θειαν,
2571 5744 2638 5798 ob
2677 5760 2835 5814 quam
2883 5745 3023 5800 Deus
3061 5744 3126 5800 0.
3165 5742 3235 5801 Μ.
3267 5742 3295 5802 ἐι
3326 5742 3681 5806 Tcrtulliauo
3715 5771 3732 5801 ι
3762 5742 3913 5802 ’νέω-ί
