4082 6406
650 360 762 415 715

1887 333 2116 414 manu
2159 361 2629 418 ALEXANDIIINI
3751 368 3829 421 ιιι

649 491 777 538 sunt.
803 480 852 532 in
888 479 1051 532 vitam
1110 481 1160 532 in
1188 478 1482 534 Jerusalem
1517 497 1530 532 :
1567 480 1688 548 quia
1739 482 1918 535 abluet
1962 485 2207 537 Dominus

2321 485 2377 534 ὲν
2434 481 2708 551 Πνεύματι
2759 480 2991 547 κρίσεως
3026 479 3120 532 καὶ
3162 481 3219 531 ὲν
3256 479 3526 549 Πνεύματι
3559 479 3828 545 καύσεωςα

649 572 839 625 sordes
869 570 1099 622 liliorum
1129 579 1182 622 et
1229 571 1462 624 ﬁliarum
1495 570 1647 633 Sion,
1672 580 1726 623 ct
1757 575 2072 641 sanguinem
2103 576 2214 643 (‘25)

645 659 962 716 emnndabit
1002 678 1068 714 ex
1114 665 1290 716 medio
1336 679 1524 716 eorum
1573 665 1625 718 itt
1662 664 1862 734 Spiritu
1913 665 2123 732 judicii,
2166 679 2220 722 et

647 754 701 807 in
739 752 942 821 Spiritu
977 755 1215 808 ardoris.
1257 774 1276 806 ι
1313 755 1390 809 Ae
1427 755 1618 810 Petrus
1647 769 1703 810 ut
1730 763 1981 811 ostendat
2017 760 2068 812 iu
2101 759 2216 828 pri-

647 861 734 899 ma
767 846 1026 914 Epistola,
1054 848 1218 916 quod,
1261 848 1306 902 si
1343 848 1468 902 olim
1510 849 1830 917 baptismus,
1857 851 1947 918 qui
1999 853 2047 904 in
2101 868 2218 905 tnu-

650 939 745 992 bra
778 949 914 1002 erat,
952 940 1220 1003 salvabat,
1262 941 1430 994 nmlto
1460 942 1633 1012 magis
1659 942 1745 996 ille
1773 943 2090 1012 baptismus,
2123 945 2213 1014 qui

633 1040 728 1083 ‘est
758 1031 810 1084 in
846 1030 1096 1097 veritate,
1147 1046 1247 1085 nos
1282 1031 1617 1086 immortales
1662 1033 1860 1098 reddit,
1899 1045 1952 1087 et
2002 1035 2220 1088 deilicat

583 1108 586 1110 ’
647 1123 781 1192 (24),
827 1123 1044 1191 scripsit
1103 1125 1172 1177 ita
1213 1141 1229 1176 τ
1280 1141 1298 1174 ι
1338 1123 1489 1190 Quod
1548 1132 1602 1178 et
1643 1138 1737 1176 vos
1763 1123 1874 1193 (‘25)
1903 1125 2212 1196 autitypum

647 1218 781 1286 (aut,
827 1217 1020 1272 similis
1076 1216 1280 1287 formae)
1341 1234 1483 1273 nunc
1542 1217 1716 1272 salvat
1761 1218 2050 1288 baptisma,
2107 1212 2243 1270 non"

645 1309 825 1364 carnis
853 1309 1116 1378 depositio
1146 1311 1407 1373 sordium,
1439 1311 1534 1364 sed
1575 1311 1923 1365 conscientia:
1946 1310 2101 1365 bona:
2131 1308 2214 1360 in-

595 1411 600 1416 ‘
647 1401 939 1470 terrogatio
970 1402 1021 1454 iu
1059 1402 1246 1466 Deum,
1281 1417 1374 1470 per
1408 1405 1854 1456 resurrectionem
1889 1401 2015 1456 Jesu
2049 1400 2210 1454 Chri-

644 1493 735 1555 sti,
766 1491 857 1560 qui
886 1490 1023 1545 sedit
1081 1491 1193 1561 (26)
1253 1492 1304 1544 in
1351 1492 1571 1546 dextera
1643 1494 1733 1547 Dei
1787 1491 1900 1564 (27)
1941 1492 2216 1561 profectus

648 1583 698 1635 in
733 1583 951 1647 malum,
1000 1583 1259 1652 subjectis
1313 1584 1413 1636 sibi
1465 1584 1688 1653 angelis,
1725 1595 1780 1638 et
1836 1585 2211 1655 potestatibus,

641 1684 694 1725 et
725 1673 1038 1727 virtutibus.
1093 1693 1110 1724 ι
1169 1675 1337 1727 Porro
1373 1695 1390 1725 ι
1421 1675 1896 1745 interrogationem
1922 1675 1974 1728 in
2002 1675 2165 1728 Detnu
2190 1693 2208 1724 ι

641 1763 772 1814 dicit
827 1764 1176 1816 conscientiae
1220 1763 1616 1819 confessionem
1655 1769 1771 1834 (seu
1822 1765 2212 1834 professionem

2324 574 2431 626 Καὶ
2467 574 2552 625 ἵνα
2577 572 2726 644 δείξῃ
2755 571 2958 641 Πέτρες
2981 571 3038 622 ὲν
3057 574 3121 639 τῇ
3147 569 3338 642 πρώτῃ
3384 570 3666 641 Ἐπιστολῇ,
3696 573 3776 636 ὡς,
3795 577 3832 627 ει

2318 666 2378 717 τὸ
2419 665 2708 734 γενόμενόν
2743 680 2870 716 ποτε
2909 665 2969 716 ἐν
2998 665 3125 733 σκιᾷ
3159 663 3440 732 βάπτισμα
3477 661 3677 725 ἔσωζεν,
3717 665 3836 734 πόσῳ

2323 755 2520 826 μᾶλλον
2543 755 2602 807 τὸ
2622 755 2912 824 γενόμενον
2934 757 2994 806 ὲν
3016 755 3244 826 ἀληθεία
3272 753 3600 807 άπαθανατοῖ
3620 755 3702 806 καὶ
3729 757 3834 807 ἀπο-

2319 847 2432 899 θεοῖ
2482 848 2648 917 ἡμᾶς,
2685 845 2808 917 [127
2849 845 2904 916 a]
2940 845 3175 915 ἔγραψεν
3207 845 3409 908 οὑτως·
3449 863 3466 894 ι
3509 847 3571 896 ’0
3614 845 3692 896 καὶ
3724 845 3837 913 ὑμᾶς

2317 937 2605 990 ἀντίτυπον
2641 937 2739 990 νῦν
2768 935 2927 1000 σώζει
2961 936 3261 1005 βάπτισμα,
3299 936 3359 987 οὑ
3395 933 3586 1005 σαρκὸς
3626 935 3837 998 ἀπόθεσις

2320 1027 2513 1098 ῥύπου,
2568 1027 2701 1080 ἀλλὰ
2756 1027 3108 1098 συνειδήσεως
3159 1026 3371 1095 ἀγαθῆς
3417 1024 3728 1096 ἐπερώτημα
3777 1029 3839 1088 εἱς

2317 1116 2447 1170 Θεὸν
2480 1117 2544 1168 δι’
2571 1117 2919 1179 ἀναστάσεως
2955 1116 3128 1187 Ἰησοῦ
3169 1114 3426 1186 Χριστοῦ,
3468 1116 3609 1179 ὅστις
3631 1116 3840 1170 ἐκάθισεν

2317 1210 2374 1262 ὲν
2408 1208 2555 1278 δεξιᾷ
2585 1207 2678 1261 τοῦ
2715 1208 2848 1260 Θεοῦ
2889 1208 3176 1279 πορευθεὶς
3207 1210 3285 1272 εἰς
3315 1207 3558 1277 οὐρανὸν,
3590 1209 3839 1276 ὑποταγέν-

2315 1315 2422 1351 των
2462 1299 2608 1367 αὑτῴ
2656 1300 2926 1367 ἀγγέλων,
2959 1302 3051 1352 καὶ
3079 1297 3362 1362 ἐξουσιῶν,
3398 1299 3490 1350 καὶ
3522 1298 3788 1367 δυνάμεων.
3823 1316 3839 1349 ι

2329 1386 2695 1458 Ἐπερώτημα
2737 1388 2793 1440 δὲ
2830 1389 2979 1456 λέγει
3026 1391 3106 1451 εἰς
3151 1388 3283 1440 Θεὸν
3339 1388 3438 1459 τὴν
3467 1387 3731 1458 ὁμολογίαν
3763 1387 3842 1456 τῆς

2317 1483 2692 1549 συνειδήσεως,
2721 1485 2788 1554 ἦν
2831 1483 3179 1554 ὲκτιθέμεθα,
3227 1485 3589 1554 συντιθέμενοι
3628 1483 3844 1554 βαπτίζε-

2317 1574 2440 1627 σθαι
2473 1575 2553 1637 είς
2579 1575 2817 1646 Πατέρα,
2848 1576 2941 1628 καὶ
2974 1576 3122 1637 Υἱὸν.
3163 1577 3256 1629 καὶ
3284 1576 3435 1643 ἀγιον
3474 1576 3702 1647 Πνεῦμα,
3732 1575 3846 1630 κατὰ

2313 1666 2412 1736 τὴν
2448 1665 2541 1718 τοῦ
2573 1665 2778 1736 Κυρίου
2812 1669 3014 1737 φωνήν.
3055 1667 3284 1729 Ἡσαΐας
3308 1664 3401 1720 οὖν
3442 1663 3594 1732 αὖθις
3624 1667 3715 1739 βοᾷ
3739 1668 3849 1738 πρὸς

2316 1759 2439 1822 τοὺς
2472 1759 2546 1830 μὴ
2576 1759 2932 1823 πιστεύοντας
2959 1760 3035 1832 τῷ
3064 1760 3203 1831 ἁγίῳ
3233 1761 3528 1832 Πνεύματι,
3552 1764 3638 1815 καὶ
3659 1763 3736 1814 διὰ
3757 1761 3850 1814 τοῦο

643 1853 787 1920 ίίιίθί)
821 1870 979 1922 quam
1013 1857 1354 1923 eatponimus,
1392 1871 1512 1910 cum
1551 1861 1904 1911 convenimus
1953 1868 2012 1911 ut
2039 1858 2207 1926 bapti-

2311 1869 2373 1904 το
2397 1853 2470 1922 μὴ
2501 1851 2721 1921 ἔχοντας
2741 1853 2838 1923 τὴν
2867 1853 3164 1923 μέλλουσαν
3196 1853 3559 1924 κληρονομίαν
3577 1870 3590 1882 ·
3629 1873 3647 1905 ι
3676 1854 3850 1914 Ἔστιν,

641 1959 828 1997 zemur
859 1945 911 1998 in
942 1945 1175 2012 Patrem,
1206 1958 1260 2001 et
1292 1946 1507 2011 Filium,
1561 1956 1615 2003 et
1660 1947 1920 2018 Spiritum
1962 1960 2208 2003 sanctum

641 2043 786 2088 ~uxta
820 2035 1033 2090 Domini
1075 2039 1411 2092 mandatum.
1456 2038 1619 2094 Isaias
1669 2054 1798 2109 ergo
1843 2043 1909 2094 ad
1955 2056 2068 2100 eos.
2119 2042 2211 2110 qui

643 2126 865 2197 Spiritui
927 2139 1115 2184 sancto
1150 2146 1251 2183 non
1316 2132 1560 2197 credunt,
1615 2131 1840 2199 ideoque
1898 2147 2002 2184 non
2049 2131 2214 2185 liabe-

642 2220 773 2274 Imnt
806 2231 1087 2275 venturam
1143 2223 1532 2286 iimrcditatem,
1577 2223 1657 2278 sic
1706 2239 1896 2279 rursus
1953 2225 2148 2279 clamat
2194 2243 2208 2279 :

646 2331 663 2362 ι
701 2312 791 2366 Est
816 2311 948 2383 (28),
987 2313 1180 2383 inquit,
1221 2313 1509 2369 haereditas
1542 2317 1632 2380 iis,
1669 2317 1758 2384 qui
1809 2318 1993 2372 colunt
2033 2321 2212 2374 Domi-

642 2419 793 2467 num,
822 2413 876 2458 et
922 2419 1018 2459 vos
1065 2407 1221 2461 eritis
1261 2407 1372 2479 (29)
1411 2408 1565 2478 justi,
1598 2410 1729 2462 dicit
1790 2410 2066 2466 Dominus.
2121 2414 2210 2467 Si-

643 2496 836 2550 tientes
867 2495 980 2566 (50)
1011 2498 1081 2552 ite
1114 2499 1165 2551 in
1200 2513 1418 2567 aquam,
1463 2507 1517 2554 et
1549 2499 1861 2569 quicunque
1904 2518 2007 2555 non
2041 2503 2210 2556 babe-

642 2585 712 2640 tis
737 2595 1039 2656 argentum,
1071 2597 1263 2642 euntes
1311 2589 1497 2656 emite,
1530 2597 1585 2643 et
1629 2591 1898 2645 comedite
1933 2591 2043 2663 (5i)
2095 2592 2211 2646 sine

640 2689 867 2747 argento
891 2687 946 2733 et
990 2679 1166 2747 pretio
1198 2679 1381 2734 vinum
1430 2689 1484 2734 et
1513 2680 1750 2750 adipem.
1786 2699 1806 2734 ι
1837 2681 2042 2752 Aquam
2079 2684 2211 2737 dixit

642 2769 903 2837 Spiritum
939 2780 1210 2839 sanctum,
1257 2780 1311 2825 et
1343 2770 1538 2825 ﬂuenta
1605 2773 1826 2841 piscinae
1860 2773 2049 2840 ipsius.
2085 2773 2205 2828 Vini

640 2874 696 2916 et
727 2863 901 2932 adipis
953 2864 1170 2919 nomine
1220 2873 1346 2919 tunc
1391 2866 1608 2934 quidem
1659 2866 2080 2936 designabantur
2118 2882 2205 2932 ea,

640 2971 760 3023 quae
787 2954 1022 3010 .Iudaica:
1056 2966 1212 3010 erant
1246 2957 1665 3027 pmpositionis;
1721 2957 1882 3028 277
1910 2973 2050 3013 nunc
2079 2974 2208 3014 vero

640 3048 820 3104 divina
882 3048 1190 3102 communio
1229 3049 1475 3117 corporis
1525 3055 1580 3102 et
1639 3050 1916 3118 sanguinis
1960 3050 2203 3117 Domini,

639 3159 799 3212 quam
828 3159 932 3197 una
963 3159 1090 3196 cum
1137 3146 1484 3200 renovatione
1521 3145 1678 3198 simul
1708 3144 1925 3214 quidem
1952 3142 2202 3206 emimus,

638 3249 744 3288 non
774 3242 1080 3304 argentum,
1113 3234 1209 3289 sed
1267 3234 1426 3290 Iidem
1459 3237 1842 3304 expendentes,
1883 3236 2041 3292 simul
2078 3253 2206 3291 vero

636 3328 797 3403 etiam
823 3327 962 3382 dono
984 3327 1300 3394 accipimus.
1319 3326 1470 3393 Quod
1493 3337 1670 3382 autem
1699 3343 1912 3396 (aqua)
1941 3329 2206 3383 vocabulo

639 3418 871 3489 Spiritus
901 3431 1144 3482 sanctus,
1183 3435 1247 3474 ac
1286 3421 1509 3490 insuper
1549 3421 1719 3491 ipsius
1755 3421 2010 3490 baptismi
2054 3436 2206 3491 aqua:

639 3513 978 3574 denotentur,
1025 3520 1251 3563 testatur
1307 3519 1361 3565 et
1410 3509 1645 3567 Joannes
1684 3512 1935 3581 inquiens
1975 3528 2040 3566 ex
2089 3527 2208 3581 per-

633 3613 764 3653 sona
814 3597 1156 3654 Salvatoris:
1207 3617 1225 3650 ι
1263 3599 1364 3666 Qui
1419 3602 1591 3655 credit
1642 3600 1755 3672 (52)
1811 3603 1862 3656 in
1925 3618 2030 3668 me,
2067 3603 2206 3657 sicut

635 3687 769 3741 dixit
810 3687 1112 3756 Scriptura,
1143 3688 1360 3740 (Iumina
1389 3704 1452 3742 ex
1486 3701 1671 3744 ventre
1705 3691 1820 3757 ejus
1862 3689 2026 3744 liuent
2055 3706 2206 3759 aqua:

633 3774 796 3840 vivae,
833 3793 853 3826 ι
900 3786 955 3828 et
985 3777 1165 3829 statim
1194 3776 1278 3828 liis
1327 3777 1533 3830 addidit
1568 3796 1581 3830 :
1619 3796 1638 3828 ι
1678 3779 1789 3832 lloc
1834 3790 2012 3833 autem
2067 3781 2201 3847 (55),

633 3863 824 3930 inquit,
879 3864 1089 3917 dicebat
1147 3865 1213 3918 de
1252 3865 1479 3934 Spiritu,
1515 3881 1671 3934 quem
1719 3879 1994 3936 accepturi
2045 3880 2202 3924 erant

632 3956 936 4010 credentes.
980 3974 997 4006 ι
1033 3956 1183 4021 Quod
1223 3972 1352 4009 vero
1405 3958 1567 4011 etiam
1603 3961 1773 4028 gratis
1820 3963 1888 4013 οι)
1940 3962 2205 4015 exceden-

633 4055 740 4098 tem
778 4044 1063 4098 Trinitatis
1115 4047 1430 4109 bonitatem,
1465 4051 1710 4115 quamvis
1759 4053 1978 4118 indigni,
2007 4051 2205 4117 justiti-

629 4149 837 4199 cemur,
860 4134 1012 4188 Pauli
1045 4137 1108 4188 ad
1153 4137 1421 4191 Rmnanos
1452 4155 1628 4193 sermo
1651 4144 1885 4196 ostendit
1914 4161 1926 4195 :
1957 4161 1975 4194 ι
2001 4142 2202 4199 Omnes

629 4226 744 4298 (54)
770 4225 937 4292 enim,
978 4229 1172 4296 inquit,
1210 4241 1590 4297 peccaverunt,
1637 4241 1690 4285 et
1719 4233 2044 4300 posteriores
2077 4246 2203 4290 sunt

630 4319 766 4386 (sive
797 4320 976 4388 egent)
1029 4321 1199 4388 gloria
1245 4323 1333 4374 Dei
1389 4343 1399 4378 :
1451 4323 1732 4392 justilicati
1794 4325 1963 4393 gratis
2027 4330 2201 4395 gratia

629 4411 797 4480 ipsius
824 4427 919 4479 per
953 4414 1398 4479 redemptionem,
1429 4429 1548 4481 quae
1569 4425 1648 4468 est
1683 4416 1734 4469 in
1765 4415 1982 4470 Christo
2013 4417 2192 4474 Jesu.»

696 4611 808 4688 (ἳῦ)
845 4612 1182 4688 Sanguinem.
1215 4611 1400 4688 Grafca
1429 4613 1627 4688 editio:
1664 4615 1736 4688 Τὸ
1764 4611 1902 4683 αἷμα
1934 4616 2200 4688 Ἱερουσα-
2231 4625 2275 4678 D

623 4670 1100 4758 2.}jp_§xxaljap_tet
1156 4685 1220 4734 ὲκ
1273 4683 1437 4758 μέσου
1473 4685 1643 4752 αὑτῆς
1697 4687 1754 4758 εν
1811 4670 1923 4758 [Ἰν.-
1960 4670 2050 4758 κρ.
2105 4689 2199 4741 καὶ

625 4750 903 4821 Πνεύματι
941 4750 1220 4812 καύσεως,
1275 4750 1324 4805 id
1367 4764 1449 4806 est
1491 4750 1848 4822 «sanguinem
1897 4750 2196 4811 Jerusalem

624 4824 937 4897 emuudabit
959 4838 1023 4876 ex
1057 4823 1231 4875 medio
1263 4823 1430 4890 ipsius
1462 4824 1514 4878 in
1542 4825 1742 4891 Spiritu
1782 4825 1965 4894 judicii
1997 4837 2050 4880 et
2078 4829 2198 4897 Spi-

623 4891 730 4944 ritu
755 4892 984 4944 ardoris.
1019 4909 1036 4940 ι

695 4960 808 5027 (24)
854 4961 1095 5028 Dei/icui.
1129 4959 1185 5014 Id
1209 4973 1328 5025 εει,
1363 4981 1383 5014 ι
1424 4962 1560 5017 ﬁlios
1591 4965 1682 5018 Dei
1713 4965 1891 5020 eﬂicit.
1934 4985 1952 5018 ι

695 5029 806 5098 (25)
852 5032 1005 5092 Quod
1049 5040 1096 5082 et
1123 5048 1228 5088 ros.
1276 5032 1332 5084 In
1377 5035 1546 5094 prima
1588 5035 1728 5087 I’etr.
1759 5051 1814 5088 I-ll
1842 5077 1855 5096 ,
1887 5036 1948 5088 21
1993 5047 2047 5089 et
2098 5038 2188 5094 ‘22.

623 5097 806 5174 Queen
831 5102 994 5174 editio
1022 5118 1034 5152 :
1076 5103 1139 5174 "tt
1167 5102 1261 5174 καὶ
1290 5104 1460 5172 ἡμᾶς,
1494 5105 1542 5156 id
1571 5116 1652 5158 est
1686 5125 1704 5156 ι
1751 5109 1891 5174 quod
1933 5117 1986 5160 et
2015 5124 2132 5161 nos.
2165 5130 2183 5160 ι

622 5168 964 5241 SetI‘LatiAna,
994 5181 1052 5223 nt
1072 5168 1358 5241 Didymus.

701 5238 812 5307 (ili)
849 5237 1016 5292 Sedit.
1072 5237 1345 5307 Ριυϐστις
1386 5242 1639 5297 ἐκάθισεν
1682 5245 1868 5301 Graeca
1896 5248 2058 5302 editio
2092 5250 2188 5304 ba-

618 5309 708 5362 bet
732 5309 789 5369 ὃς
819 5311 987 5366 ἐστιν.

691 5379 802 5458 (27)
838 5381 962 5458 Post.
1026 5381 1166 5434 hanc.
1211 5397 1429 5458 vocem_
1461 5385 1609 5438 addit
1658 5386 1812 5458 Vulg.
1871 5388 2183 5456 interpres:

623 5465 642 5496 ι
681 5449 989 5518 Deglutiens
1025 5461 1273 5515 mortem,
1300 5464 1357 5506 ut
1383 5454 1504 5506 vitm
1542 5449 2038 5511 aeternaevliaeredes
2067 5459 2185 5514 etii-

619 5531 884 5598 cereniur.
921 5537 940 5569 ι
979 5521 1182 5598 Qtnein
1221 5522 1632 5598 GraacisBibliis
1660 5528 1869 5581 desunt.
1900 5527 1976 5582 Ne
2005 5527 2184 5598 Cyril-

618 5588 940 5666 lus_qtndem
963 5593 1306 5666 cateclt.gxtv,
1331 5609 1391 5666 ea
1421 5595 1568 5662 legit.
1600 5597 1668 5648 At
1697 5599 1970 5666 theologus
1998 5588 2182 5653 noster

615 5672 682 5781 σξὲ
714 5658 841 5724 legit
871 5660 1292 5718 iuenarratione
1337 5665 1392 5716 in
1449 5658 1676 5733 primum
1722 5658 2180 5725 l’etri'epistolam

615 5741 644 5779 a
709 5743 830 5781 cao.
868 5744 948 5781 ιιι.

614 5741 682 5781 au
709 5743 830 5796 cap.
868 5744 948 5783 ιιι.

686 5797 796 5868 (88)
842 5799 954 5854 Ιιίι.
987 5797 1090 5854 Isa.
1117 5817 1226 5869 ιιν,
1257 5803 1346 5867 17,
1377 5820 1464 5871 ιν,
1504 5806 1552 5859 I.

2313 1942 2498 2012 φησιν,
2548 1941 2880 2014 κληρονομία
2928 1947 3042 2006 τοῖς
3101 1944 3462 2015 θεραπεύουσι
3521 1945 3733 2016 Κύριον,
3777 1944 3850 1996 καὶ

2313 2036 2470 2104 ὑμεῖς
2506 2034 2689 2088 ἔσεσθε
2715 2035 2933 2098 δίκαιοι,
2968 2037 3116 2104 λέγει
3152 2037 3373 2108 Κύριος.
3399 2039 3462 2090 υἱ
3487 2038 3750 2107 διψῶντες,
3777 2053 3854 2088 που

2315 2125 2537 2195 ρεύεσθε
2560 2127 2644 2194 ἐφ’
2679 2125 2822 2196 ὓδωρ
2842 2143 2853 2156 ·
2892 2128 2987 2180 καὶ
3006 2128 3120 2180 ὅσοι
3153 2127 3226 2198 μὴ
3259 2129 3408 2198 ἔχετε
3436 2129 3709 2200 ἀργύριον,
3737 2126 3854 2198 βαδίο

2260 2236 2270 2248 -
2313 2232 2506 2280 σαντες
2543 2217 2869 2288 ἀγοράσατε,
2919 2217 3014 2269 κα)⁵
3074 2219 3276 2286 φάγετε
3327 2219 3456 2273 ἀνευ
3501 2219 3750 2291 ἀργυρίου
3783 2218 3859 2270 καὶ

2309 2309 2474 2378 τιμῆς
2494 2304 2635 2362 οἶνον
2664 2311 2757 2362 κα).
2781 2311 2967 2380 στέαρ.
3005 2329 3026 2364 ι
3065 2311 3251 2382 ’Ύδωρ
3289 2307 3443 2364 εἶπεν
3470 2312 3531 2364 τὸ
3579 2310 3782 2381 Πνεῦμα
3807 2310 3855 2361 τὸ

2309 2401 2482 2471 ἅγιον,
2511 2404 2605 2455 καὶ
2637 2403 2738 2472 τῆς
2760 2404 3145 2475 κολυμϐήθρας
3173 2403 3338 2457 αὑτοῦ
3366 2405 3435 2458 τὰ
3457 2405 3704 2474 νάματα·
3743 2398 3859 2454 οἶνον

2309 2495 2403 2548 καὶ
2426 2493 2613 2564 στέαρ,
2644 2494 2765 2546 τότε
2795 2496 2890 2564 μὲν
2911 2494 2978 2548 τά
3003 2495 3100 2565 τῆς
3123 2495 3437 2566 προθέσεως
3463 2496 3565 2565 τῆς
3601 2492 3859 2560 Ἰουδαῐκῆς

2310 2585 2600 2655 ἐσήμανεν,
2643 2585 2736 2637 νῦν
2752 2584 2808 2637 δὲ
2832 2585 2930 2656 τὴν
2968 2585 3231 2638 ἀθάνατον
3261 2587 3550 2639 κοινωνίαν
3575 2587 3666 2638 τοῦ
3702 2583 3862 2653 σῶμα·

2308 2693 2400 2740 τος
2421 2677 2512 2729 καὶ
2545 2676 2774 2747 αἵματος
2803 2677 2900 2730 τοῦ
2925 2677 3244 2731 δεσποτικοῦ
3267 2695 3281 2709 ·
3313 2680 3509 2749 ἥντινα
3541 2681 3636 2732 σὺν
3661 2677 3734 2748 τῷ
3759 2678 3863 2729 ἀνα-

2309 2770 2579 2841 καινισμῷ
2610 2771 2725 2841 ἅμα
2753 2770 2853 2841 μὲν
2875 2772 3244 2843 ἀγοράζομεν,
3276 2773 3463 2826 πίστιν
3487 2774 3584 2826 καὶ
3610 2773 3706 2825 οὑκ
3729 2768 3865 2841 ἀργύ-

2312 2875 2422 2929 ριον
2446 2860 2879 2932 κατατιθέμενοι,
2905 2862 3020 2932 ἆμα
3052 2862 3108 2915 δὲ
3131 2863 3224 2917 καὶ
3251 2864 3502 2934 χάρισμα
3525 2862 3861 2934 λαμϐάνομεν.

2311 2951 2431 3005 ’Ότι
2463 2953 2519 3005 δὲ
2555 2953 2698 3025 ὕδωρ
2726 2955 2790 3006 τὸ
2822 2955 2974 3022 ἅγιον
3019 2955 3263 3026 Πνεῦμα,
3309 2956 3393 3008 ἔτι
3427 2956 3538 3028 μὴν
3577 2957 3670 3010 καὶ
3703 2953 3758 3009 τὸ
3786 2950 3864 3005 τοῦ

2309 3043 2678 3116 βαπτίσματος
2730 3047 2893 3100 αὑτοῦ
2954 3047 3122 3115 λέγει,
3171 3051 3266 3100 καὶ
3318 3047 3578 3121 Ἰωάννης
3630 3046 3869 3120 μαρτυρεῖ

2306 3134 2414 3188 ἀπὸ
2461 3135 2555 3188 τοῦ
2601 3136 2870 3207 Σωτῆρος,
2904 3136 3108 3189 εἰπών·
3147 3156 3166 3188 σ
3209 3137 3269 3191 ’0
3313 3139 3597 3192 πιστεύων
3647 3139 3722 3202 είς
3765 3134 3864 3206 ἐμὲ,

2309 3225 2490 3289 καθὼς
2529 3222 2680 3280 εἶπεν
2720 3228 2752 3297 ἡ
2789 3227 2826 3278 Γ
2831 3229 2975 3300 ραφή
2998 3244 3012 3258 ⁸
3049 3231 3282 3300 ποταμοὶ
3314 3231 3379 3283 ὲκ
3413 3233 3518 3303 τῆς
3547 3231 3746 3294 κοιλίας
3789 3229 3868 3280 αύ-

2307 3317 2401 3370 τοῦ
2437 3317 2717 3388 ῥεύσουσιν
2752 3317 2943 3382 ῦδατος
2971 3319 3192 3384 ζῶντος.
3239 3341 3256 3372 ι
3293 3323 3404 3376 Καὶ
3436 3324 3606 3388 εὐθὺς
3630 3323 3868 3395 προσέθη·

2308 3429 2401 3465 κεν
2443 3410 2519 3481 τῷ
2550 3411 2721 3482 λόγῳο
2764 3431 2781 3463 t
2829 3412 2997 3466 Τοῦτο
3035 3413 3111 3477 δὲ,
3153 3417 3336 3485 φησὶν,
3391 3416 3585 3487 ἔλεγεν
3636 3418 3758 3488 περ)¹
3794 3413 3870 3467 τοῦ

2306 3504 2642 3573 Πνεύματος,
2683 3498 2742 3557 οὑ
2777 3504 2999 3574 ἔμελλον
3029 3505 3324 3576 λαμϐάνειν
3367 3511 3418 3562 οἱ
3461 3510 3819 3571 πιστεύοντες.
3851 3525 3865 3556 ι

2308 3592 2434 3666 [127
2467 3593 2520 3664 b]
2558 3594 2676 3648 Ὀτι
2715 3594 2769 3646 δὲ
2797 3597 2890 3648 καὶ
2927 3599 3127 3666 προῖκα
3155 3597 3541 3669 δικαιούμεθα,
3570 3599 3772 3665 ἀνάξιοι
3800 3598 3873 3650 ὃν·

2303 3704 2415 3750 τες,
2439 3686 2504 3739 δι’
2532 3686 2973 3758 ὑπερϐάλλουσαν
3004 3688 3314 3760 ἀγαθότητα
3341 3693 3445 3763 τῆς
3472 3692 3724 3764 Τριάδος,
3749 3687 3871 3743 Παύ-

2303 3778 2396 3830 λου
2453 3778 2588 3848 πρὸς
2630 3779 2930 3848 Ῥωμαίους
2978 3779 3197 3845 διέδειξε
3230 3781 3420 3849 λόγος’
3473 3803 3492 3835 ι
3525 3783 3734 3846 Πάντες
3765 3782 3873 3849 γάρ,

2305 3872 2488 3940 φησὶν,
2515 3871 2781 3942 ἥμαρτον,
2813 3871 2907 3924 καὶ
2929 3871 3277 3942 ὑστεροῦνται
3303 3875 3404 3945 τῆς
3430 3875 3598 3947 δόξης
3625 3875 3718 3928 τοῦ
3738 3871 3872 3934 Θεοῦ,

2303 3961 2667 4032 δικαιούμενοι
2691 3962 2896 4034 δωρεάν
2926 3965 2991 4034 τῇ
3027 3963 3191 4016 αὑτοῦ
3221 3965 3408 4035 χάριτι
3447 3967 3546 4020 διὰ
3569 3971 3670 4039 τῆς
3695 3965 3875 4021 ἀπολυ-

2301 4054 2556 4126 τρώσεως
2596 4057 2694 4127 τῆς
2722 4058 2778 4108 ἐν
2817 4056 3037 4127 Χριστῷ
3077 4055 3271 4128 Ἰησοῦ.
3308 4076 3325 4108 ι
3365 4059 3484 4128 Τῆς
3523 4059 3734 4132 δωρεᾶς
3762 4055 3875 4110 ταύ-

2301 4164 2400 4218 της
2434 4149 2750 4219 μακαρίζων
2774 4149 2898 4212 τοὺς
2921 4148 3290 4220 ἀξιουμένους,
3318 4152 3347 4202 ὁ
3376 4153 3484 4223 μὲν
3513 4153 3721 4225 Κύριος
3748 4149 3878 4221 rupi

2303 4239 2483 4309 Λουκᾷ
2522 4239 2703 4309 ἔλεγεν
2756 4240 2890 4312 πρὸς
2937 4244 3060 4306 τοὺς
3113 4243 3389 4314 μαθητάς·
3442 4265 3462 4296 ι
3506 4247 3781 4316 Μακάριοι
3837 4242 3876 4293 οί

2302 4329 2566 4400 ὀφθαλμοὶ
2616 4334 2664 4384 οί
2699 4331 2984 4400 βλέποντες
3023 4333 3058 4386 ἂ
3096 4335 3338 4402 βλέπετε.
3387 4337 3563 4404 Λέγω
3605 4339 3715 4408 γὰρ
3748 4336 3878 4404 ὑμῖν.

2301 4419 2382 4472 ὅτι
2415 4421 2598 4474 πολλοὶ
2623 4423 2902 4492 προφῆται
2942 4424 3035 4476 καὶ
3077 4424 3313 4493 βασιλεῖς
3345 4426 3640 4499 ἠθέλησαν
3683 4428 3819 4488 ἰδεῖν,
3850 4424 3880 4474 ἂ

2361 4620 2490 4744 ⁸(29)
2527 4621 2712 4676 Iz'ritis.
2758 4625 2942 4679 Grarca
2980 4629 3064 4679 ed.
3104 4625 3291 4680 ἔσεσθέ
3323 4645 3444 4698 μοι,
3470 4629 3526 4682 id
3561 4637 3646 4684 est
3692 4646 3712 4678 ι
3749 4623 3881 4680 eritis

2361 4707 2372 4742 ι
2401 4708 2451 4744 ιι.
2486 4712 2504 4740 ι
3103 4737 3107 4742 .

2303 4707 2451 4744 Ιιιιιιι.
2486 4712 2504 4740 ι

2372 4781 2482 4860 (50)
2521 4782 2788 4860 sitientes.
2821 4786 3032 4860 Cotiipl.
3066 4788 3149 4841 ed.
3173 4829 3187 4849 ,
3231 4789 3372 4842 Οὑαὶ
3398 4792 3454 4842 οἱ
3496 4791 3795 4860 διψῶντες,
3827 4799 3881 4836 εἰ

2299 4851 2526 4923 Hebraeo
2556 4854 2718 4916 fonte,
2745 4857 2832 4923 qui
2870 4851 3029 4909 Italiet
3093 4861 3332 4911 vocantis
3361 4871 3422 4912 et
3451 4851 3749 4913 clamantis
3777 4870 3884 4919 ιιπο

2300 4921 2515 4974 ticulam
2568 4933 2649 4982 ’τι
2703 4921 2849 4992 (hei).
2908 4925 3379 4983 Francofurtensis
3449 4941 3645 4985 tamen
3733 4925 3884 4982 editio

2298 4993 2499 5044 omittit
2525 4994 2763 5046 voculam
2797 4996 2934 5060 ούαί,
2969 5007 3024 5049 ιιι
3058 4997 3334 5066 Didymus.

2369 5074 2478 5148 (iii)
2526 5074 2803 5148 Comeditr.
2861 5079 3045 5148 Graeca
3093 5081 3258 5130 editio
3309 5082 3571 5148 rectius;
3624 5083 3712 5136 hic
3751 5078 3878 5131 enim

2297 5143 2442 5195 addit
2471 5161 2494 5220 _:
2529 5147 2618 5197 καὶ
2644 5147 2936 5220 πορεύεσθε
2963 5149 3426 5220 καᾊᾲάγοράσατε,
3458 5153 3513 5205 id
3549 5143 3637 5206 est
3674 5172 3692 5204 ι
3719 5159 3770 5203 et
3799 5149 3879 5206 ite.

2296 5220 2348 5291 et
2379 5215 2540 5267 emite
2573 5233 2584 5267 :
2613 5234 2650 5291 ρ·
2681 5215 2799 5284 qua:
2846 5218 3006 5272 lectio
3037 5215 3259 5291 IIebrajo
3301 5221 3630 5291 exemplari
3669 5232 3882 5291 consen-

2295 5289 2576 5362 taneahest.
2612 5283 2735 5338 Ilaec
2770 5297 2944 5340 tamen
2973 5290 3133 5341 verba
3174 5287 3241 5362 ab
3265 5283 3665 5362 aliisgquoque
3696 5285 3878 5362 omitti,

2297 5361 2350 5431 ut
2377 5369 2404 5403 a
2435 5353 2678 5423 Didytno,
2697 5366 2927 5432 testatur
2963 5367 3148 5432 auctor
3173 5353 3629 5432 adnotalidttutit,
3659 5375 3778 5432 qua:
3799 5357 3883 5411 tul--

2289 5420 2446 5490 jertae
2478 5420 2602 5477 sunt
2632 5428 2851 5480 editioni
2891 5427 3348 5483 Francofurtensi.

2362 5505 2472 5575 (32)
2510 5507 2613 5569 Qui
2647 5511 2832 5562 credit.
2860 5509 3016 5564 Joan.
3039 5503 3147 5575 ’νιι,
3179 5510 3268 5566 58.

2360 5590 2472 5660 (55)
2535 5591 2648 5645 Hoc
2697 5605 2892 5651 autem.
2952 5595 3085 5650 Ibid.
3143 5595 3234 5650 59.

2290 5659 2386 5729 pro
2421 5659 2625 5726 ἔλεγεν.

2362 5742 2471 5812 (54)
2505 5744 2714 5800 Omnes.
2753 5746 2906 5802 Rom.
2942 5763 3024 5813 ιιι,
3062 5747 3154 5816 23,
3211 5747 3300 5802 9.4.

3323 5613 3522 5656 ανξιεοα
3589 5601 3705 5669 ed.,
3771 5591 3882 5650 εἷπε
