4082 6406
270 312 371 366 725

1297 326 1384 380 DE
1425 328 1796 390 ΤΙΠΝΙΤΑΤΕ
1837 339 2038 395 LIBER
2078 334 2468 394 SECUNDUS.

3404 338 3526 423 723:

263 422 411 499 οἶκος
443 428 538 481 τοῦ
603 431 783 485 ιακὼϐ
825 429 1140 507 παρώργωε
1198 440 1256 492 τὸ
1296 443 1522 512 Πνεῦμα
1555 449 1778 516 Κυρίου.
1819 472 1822 498 l

1949 453 2208 520 loquitur,
2246 453 2313 507 ob
2339 448 2673 504 identitatem
2707 448 2958 511 videlicet
2988 449 3220 515 deitatis,
3252 458 3306 504 et
3332 432 3518 506 domi:

263 517 375 569 Καὶ
403 520 431 570 6
467 525 920 596 πνευματοφόρος
950 527 1006 580 δὲ
1037 529 1220 594 Δαυῖδ,
1252 532 1311 584 τὸ
1339 534 1473 603 πρὸς
1501 536 1588 587 τὸν
1617 537 1835 608 Πατέρα.

263 609 503 679 ἰσότιμον
532 614 628 665 καὶ
671 615 992 687 ίσοδύναμον
1025 620 1118 674 τοῦ
1158 622 1469 694 Πνεῦματος
1516 627 1678 678 αὐτοῦ
1709 644 1826 679 συνι

255 702 556 770 οέιολογῶν,
575 708 668 759 καὶ
696 707 756 760 τὸ
774 709 896 779 δίχα
922 712 1012 765 τοῦ
1041 715 1196 781 ἁγίου
1224 717 1535 788 Πνεῦματος
1554 720 1834 789 μηδατιοῦν

253 793 362 844 τῶν
389 795 611 862 ἀγαθῶν
637 799 900 870 ὑπάρχειν
924 806 987 874 τῇ
1011 806 1203 870 κτίσει,
1231 807 1446 878 ηὖχετο“
1477 829 1494 858 σ
1524 812 1596 862 Τὸ
1618 811 1838 881 Πνεῦμά

254 901 352 936 σου
412 888 474 940 τὸ
525 890 732 957 ἀγαθὸν
776 893 1034 964 ὁδηγήσει
1069 915 1136 966 με
1189 900 1246 951 ὲν
1286 903 1356 970 γῇ
1411 901 1622 972 εὐθείᾳ·
1663 921 1679 951 ι
1720 903 1833 965 καὶ,

255 994 270 1023 ι
312 977 596 1049 Πνεῦματι
634 984 948 1054 ἡγεμονικῷ
991 988 1241 1058 στήριξδν
1283 1005 1381 1059 με·
1434 1010 1452 1041 ι
1491 992 1635 1044 τοῦτ’
1669 993 1833 1057 ἔστιν,

250 1067 327 1134 τςῖι
360 1068 642 1139 Πνεῦματί
675 1089 768 1124 σου
794 1073 872 1144 τῷ
897 1077 1105 1146 ἀρχικῷ
1130 1079 1223 1130 καὶ
1252 1079 1500 1145 ἐξουσίαν
1523 1081 1696 1151 ἔχοντι
1724 1100 1837 1136 στε-

249 1156 482 1224 ρέωσον,
517 1159 580 1211 ἵν’
623 1160 766 1215 οὕτω
795 1164 1006 1236 δυνηθῶ
1045 1168 1144 1238 τῆς
1191 1187 1250 1221 τε
1288 1171 1558 1242 ἁμαρτίας
1607 1173 1834 1244 καθαρι-

249 1248 487 1316 soi-TN”.
526 1254 621 1305 καὶ
663 1256 764 1326 τῆς
813 1261 1148 1329 προφητείας
1197 1264 1270 1333 μὴ
1315 1265 1584 1318 ἐκπεσεῖν.
1627 1268 1735 1319 Καὶ
1777 1270 1835 1321 ἐν

247 1338 576 1414 Εὖαγγελίῳ
609 1349 736 1411 τοὺς
781 1352 1110 1416 ἀποστόλους
1149 1352 1414 1410 διδάσκων
1465 1360 1491 1410 6
1535 1360 1833 1432 Δεσπότης,

240 1428 323 1478 ὅτι
358 1430 459 1500 τῆς
485 1435 679 1487 ἑαυτοῦ
707 1438 1028 1507 ἐπιφανείας
1057 1445 1154 1514 οὺχ
1181 1446 1361 1515 ἥσσων
1388 1447 1540 1501 ἔσται
1567 1451 1599 1521 ἡ
1634 1468 1836 1520 παρου-

245 1521 336 1574 σία
382 1526 478 1578 τοῦ
519 1529 677 1595 ἁγίου
718 1533 1048 1604 Πνεύματος,
1086 1539 1178 1590 καὶ
1229 1541 1260 1609 ἡ
1303 1539 1510 1593 ἐκεῖθεν
1559 1559 1834 1613 περιγινοο

243 1615 389 1686 μὲνη
437 1623 682 1693 σωτηρία
712 1628 775 1696 τῇ
819 1628 1030 1680 κτίσει·
1069 1630 1184 1682 ἀλλ’
1223 1631 1310 1700 ἴση
1355 1633 1447 1685 καὶ
1490 1636 1522 1704 ἡ
1557 1635 1716 1706 αὑτὴ,
1747 1635 1834 1688 διὰ

239 1708 345 1777 τὴν
377 1711 510 1778 μίαν
541 1712 770 1785 θεότητα
816 1718 907 1770 καὶ
943 1720 1248 1790 ἐνέργειαν,
1280 1723 1425 1792 λέγει
1449 1741 1461 1753 ·
1505 1744 1521 1775 ι
1559 1727 1830 1797 Συμφέρει

1945 546 2200 606 nationis,
2223 554 2274 595 et
2303 541 2575 609 pott'lttia‘.
2616 539 2868 595 Michaaas
2899 555 3026 594 vero
3055 541 3304 595 similiter
3333 541 3508 597 Israe-

1939 635 2040 687 lem
2074 677 2087 699 ,
2143 636 2233 704 qui
2293 636 2456 686 [leum
2517 631 2853 694 oli'enderat,
2902 616 3150 701 deplorat
3212 632 3507 700 inquiens:

1947 747 1964 778 ι
1998 727 2198 780 Domus
2229 726 2338 795 (75)
2369 723 2535 778 Jaeob
2565 730 2628 777 ad
2667 725 3000 778 iracundiam
3048 727 3359 794 provocavit
3387 725 3512 796 Spi-

1942 821 2103 870 ritum
2141 818 2373 871 Domini.
2399 835 2415 866 ι
2451 815 2514 870 Et
2567 815 2829 885 spiritifer
2860 814 3022 869 David
3066 814 3323 884 Spiritum
3355 829 3508 868 eam-

1941 910 2062 961 detn
2101 925 2222 960 cum
2270 906 2431 960 Patre
2475 907 2792 976 dignitatem
2849 921 2912 960 ac
2959 906 3252 975 potentiam
3290 907 3506 974 habere,

1942 999 2256 1067 nullumque
2286 998 2374 1052 ulli
2406 1008 2669 1052 creaturae
2709 997 2905 1050 bonum
2932 997 3052 1050 sine
3081 997 3284 1065 Spiritu
3321 1009 3510 1052 sancto

1950 1104 2072 1143 esse
2095 1089 2378 1153 conﬁtens,
2408 1090 2481 1142 ita
2540 1088 2863 1157 precabatur
2897 1106 2911 1142 :
2943 1108 2962 1138 ι
2997 1088 3230 1158 Spiritus
3259 1089 3370 1160 (76)
3386 1099 3509 1145 tuus

1889 1219 1894 1226 .
1936 1183 2108 1235 bonus
2135 1183 2359 1236 deducet
2388 1198 2472 1238 me
2509 1185 2560 1236 iu
2587 1192 2729 1235 terra
2768 1191 2910 1235 recta
2935 1200 2948 1245 ;
2981 1201 3000 1232 ι
3027 1192 3080 1236 et
3101 1201 3114 1235 :
3137 1181 3373 1253 «Spiritu
3393 1182 3506 1255 (77)

1937 1273 2222 1344 principali
2257 1275 2515 1328 conﬁrma
2544 1289 2648 1338 me,
2682 1293 2700 1324 ι
2745 1274 2794 1327 id
2825 1284 2928 1337 est,
2959 1273 3161 1343 Spiritu
3213 1285 3302 1331 tuo
3334 1276 3505 1330 domi-

1938 1375 2128 1419 natore
2181 1374 2235 1419 et
2285 1376 2600 1434 potestatem
2659 1367 2890 1420 habente
2943 1366 3232 1421 corrobora
3297 1382 3413 1432 me,
3450 1378 3505 1421 ut

1935 1455 2013 1510 sic
2043 1457 2245 1524 possim
2270 1467 2323 1511 et
2356 1473 2384 1510 a
2411 1469 2633 1527 peccato
2663 1459 2931 1520 mundari,
2962 1467 3014 1511 et
3039 1474 3067 1511 a
3099 1459 3374 1528 prophetia
3400 1476 3505 1514 nou

1935 1549 2207 1604 excidere.
2240 1551 2315 1604 Ae
2349 1551 2402 1604 in
2431 1552 2724 1620 Evangelio
2778 1551 3046 1620 apostolos
3099 1553 3296 1606 docens
3327 1554 3506 1608 Domi-

1934 1658 2055 1706 nus,
2090 1643 2259 1712 ipsius
2296 1645 2733 1698 manilestatione
2757 1645 3044 1709 minorem,
3077 1655 3168 1697 attt
3205 1629 3385 1700 minus
3415 1660 3509 1698 ex-

1935 1735 2218 1789 cellentem
2249 1751 2354 1789 non
2389 1737 2505 1790 fore
2557 1737 2842 1790 adventum
2893 1736 3126 1806 Spiritus
3167 1738 3376 1803 sancti;
3405 1745 3520 1792 nec-

237 1798 401 1896 ῦμῖν,
445 1803 532 1855 ἵνα
572 1806 682 1874 ἐγὼ
730 1809 969 1864 ἀπέλθω.
1029 1814 1151 1866 Ἐὰν
1183 1813 1290 1885 γὰρ
1323 1815 1397 1886 μὴ
1435 1816 1545 1885 ἐγὼ
1590 1819 1822 1883 ἀπέλθω,

1936 1825 2102 1891 anm,
2135 1841 2255 1896 qua:
2287 1826 2411 1879 inde
2441 1826 2617 1878 futura
2650 1837 2788 1891 erat,
2840 1837 3214 1882 creaturarum
3242 1826 3501 1890 salutem;

234 1891 459 1956 ἐκεῖνος
501 1897 604 1951 οὐκ
650 1899 900 1969 ἔρχεται,
947 1905 1009 1958 τὸ
1064 1906 1287 1977 Πνεῦμα
1319 1909 1380 1960 τὸ
1413 1908 1586 1977 ἅγιον.
1652 1931 1670 1962 ι
1723 1914 1832 1965 Ka‘t

232 1981 542 2052 σύμφωνον
563 1989 617 2041 δὲ
637 1995 700 2062 τῇ
724 1994 916 2047 ἑαυτοῦ
940 1996 1037 2067 τὴν
1060 1997 1149 2050 τοῦ
1174 1999 1328 2065 ἁγίου
1355 2000 1493 2052 Πνεύ
1503 2019 1668 2071 ματος
1689 2003 1831 2056 διδα-

230 2076 476 2131 σκαλίαν
525 2085 838 2152 παριστῶν,
887 2087 1024 2157 ἔφη’
1066 2107 1084 2140 ι
1133 2090 1299 2144 ’Ὅταν
1343 2092 1471 2167 ἔλθῃ
1503 2094 1564 2147 τὸ
1607 2097 1831 2168 Πνεῦμα

226 2168 290 2221 τὸ
321 2169 511 2237 ἅγιον,
555 2176 730 2229 ἐκεῖνο
769 2180 913 2249 ὑμᾶς
939 2180 1137 2245 διδάξει
1170 2184 1262 2236 καὶ
1298 2186 1601 2258 ἀναμνήσει
1631 2189 1826 2256 πάντα,

225 2259 259 2313 ἃ
288 2257 462 2315 εἶπον
491 2266 646 2335 ὑμῖν·
691 2288 709 2319 ι
741 2271 855 2336 καὶ,
893 2291 910 2322 ι
957 2274 1071 2328 Οὐκ
1096 2275 1218 2330 ἐστὲ
1252 2278 1408 2347 ὑμεῖς
1441 2280 1490 2332 oi
1520 2280 1825 2347 λαλοῦντες,

234 2353 383 2407 ἀλλὰ
408 2355 470 2408 τὸ
508 2359 732 2431 Πνεῦμα
769 2364 861 2416 τοῦ
899 2367 1111 2438 Πατρὸς
1139 2370 1198 2422 τὸ
1229 2370 1419 2425 λαλοῦν
1452 2375 1509 2426 ὲν
1535 2375 1679 2444 ὑμῖν.
1715 2395 1733 2428 ι
1763 2377 1826 2430 Εἰ

225 2445 279 2496 δὲ
321 2447 385 2498 τὸ
419 2448 651 2522 Πνεῦμα
691 2453 784 2506 τοῦ
829 2456 1041 2528 Πατρδς
1078 2461 1339 2530 ὁμότιμον
1381 2462 1459 2533 τῷ
1501 2465 1704 2536 Πατρὶ,
1751 2466 1828 2530 ὡς

226 2539 647 2608 ἀποδέδεικται,
683 2545 940 2616 ὁμότιμον
974 2549 1030 2601 δὲ
1078 2552 1171 2603 καὶ
1216 2551 1292 2621 τῷ
1329 2553 1461 2624 Υἱῷ,
1497 2555 1574 2619 ὡς
1617 2557 1827 2626 ὡμολό-

235 2648 399 2699 πται
427 2649 444 2664 ο
480 2634 665 2704 δῆλον,
692 2637 774 2690 ὅτι
808 2638 904 2709 τὴν
931 2640 1052 2710 ῑσην
1090 2644 1185 2696 καὶ
1213 2645 1347 2715 πρὸς
1378 2645 1610 2716 ἀλλήλας
1642 2648 1824 2718 ἔχουσι

228 2725 420 2792 σχέσιν
472 2727 524 2777 2i
549 2726 688 2780 θεῖαι
713 2729 1054 2796 ὑποστάσεις.
1089 2733 1217 2805 [150
1241 2735 1296 2807 u]
1316 2736 1394 2790 Τά
1432 2738 1540 2809 γὰρ
1563 2739 1639 2810 τῷ
1672 2742 1820 2813 αὑτῷ

231 2815 343 2883 ἴσα,
385 2818 488 2871 καὶ
521 2818 770 2892 ἀλλήλοις
799 2823 887 2876 ίσα
909 2824 1124 2887 πάντως
1145 2827 1321 2881 ἐστίν·
1365 2828 1476 2893 ἴσος
1520 2832 1576 2885 δὲ
1619 2833 1647 2884 6
1695 2834 1824 2899 Υἱὸς

237 2908 305 2978 τῷ
359 2911 569 2983 Πατρὶ,
626 2914 739 2966 ἴσον
792 2915 846 2968 δὲ
897 2919 989 2971 καὶ
1027 2919 1086 2972 τὸ
1145 2919 1366 2992 Πνεῦμα
1406 2922 1483 2993 τῷ
1541 2924 1688 2996 Υίῴ⁶
1731 2927 1824 2997 δῆ-

231 3007 340 3065 λον,
397 3003 484 3055 ὅτι
522 3004 725 3074 ὁμοίως
788 3008 900 3062 ἴσον
953 3011 1070 3063 ἐστὶ
1116 3013 1209 3066 καὶ
1266 3012 1342 3084 τῷ
1392 3015 1584 3086 Πατρί.
1645 3017 1819 3071 Αὑτοῦ

237 3097 414 3149 τοίνυν
468 3099 718 3164 εἰπόντος
760 3103 821 3156 τὸ
879 3103 1164 3159 θεσπέσιον
1222 3106 1444 3177 Πνεῦμα
1509 3109 1688 3164 λαλεῖν
1761 3114 1818 3165 ὲν

241 3191 344 3252 πῶς
373 3191 718 3256 ἀποστόλοις,
745 3196 773 3246 6
803 3195 1031 3259 Παῦλος,
1057 3196 1142 3250 διὰ
1162 3198 1260 3268 τὴν
1285 3200 1691 3271 ἀπαραλλαξίαν
1717 3202 1820 3273 τῆς

239 3282 454 3348 φύσεως
485 3285 582 3337 καὶ
616 3284 857 3357 διδαχῆς,
885 3288 974 3341 τὸν
1000 3291 1231 3361 Χριστὸν
1273 3291 1604 3364 ἰσχυρίζεται
1638 3294 1817 3349 λαλεῖν

244 3374 298 3426 ὲν
324 3376 494 3446 αὐτῷ,
525 3378 786 3448 γράφωνο
829 3399 847 3431 ι
879 3381 942 3433 El
971 3382 1198 3456 δοκιμὴν
1233 3385 1442 3456 ζητεῖτε
1477 3387 1570 3440 τοῦ
1606 3391 1661 3442 ἐν
1695 3390 1818 3457 ἐμοὶ

249 3466 527 3532 λαλοῦντος
561 3470 817 3540 Χριστοῦ.
859 3491 875 3520 ι
909 3474 1248 3543 Σημειωτέον
1273 3476 1350 3539 δὲ,
1398 3478 1472 3541 ὡς
1508 3479 1604 3532 ὅλα
1643 3481 1816 3534 ταῦτα

261 3555 348 3626 τὴν
373 3560 686 3626 ἐπιφάνειαν
721 3561 812 3614 τοῦ
840 3565 1150 3634 Πνεύματος
1178 3567 1506 3632 αὐθεντικῶς
1530 3570 1679 3641 δηλοῖ
1719 3589 1813 3641 γε-

261 3645 504 3715 γενῆσθαι
527 3665 540 3677 ’
559 3652 651 3703 καὶ
685 3652 744 3703 ὲν
780 3651 857 3722 τῷ
879 3654 1060 3724 Λουκᾷ
1085 3654 1159 3718 δὲ,
1183 3655 1258 3718 ὡς
1287 3657 1607 3728 προελέχθην
1633 3661 1817 3730 προεί“

247 3751 416 3805 ρηκεν
438 3738 612 3802 αὐτοῖς
632 3756 647 3769 ·
683 3757 701 3790 ι
749 3739 938 3810 Ὑμεῖς
969 3741 1022 3794 δὲ
1057 3742 1311 3795 καθίσατε
1335 3746 1391 3796 ὲν
1420 3747 1485 3815 τῇ
1517 3746 1685 3813 πόλει,
1710 3747 1816 3814 ἕως

238 3822 300 3882 οὗ
330 3829 624 3901 ἐνδὺἢσθε
653 3831 879 3902 δύναμιν
910 3833 969 3898 ἐξ
996 3833 1178 3904 ὕψους.
1214 3854 1233 3887 ι
1263 3835 1410 3907 Αῦτη
1436 3837 1492 3890 δὲ
1520 3839 1813 3911 ἐτύγχανεν

237 3921 391 3989 ητοῦ
430 3922 613 3976 θεῖκοῦ
647 3923 979 3995 Πνεύματος.

1933 1920 2026 1974 sed
2059 1919 2318 1988 tequaletn
2373 1930 2660 1988 utramque
2709 1935 2828 1974 csse
2879 1929 2932 1974 et
2975 1922 3240 1985 eamdem,
3285 1929 3502 1990 prepter

1932 2012 2151 2066 deitatis
2211 2019 2266 2066 et
2320 2013 2649 2081 operationis
2705 2012 2988 2078 unitatem,
3049 2010 3331 2065 deciarans
3384 2011 3497 2065 ait:

1939 2123 1956 2154 ι
1995 2102 2217 2157 Prodest
2242 2103 2351 2174 (78)
2385 2104 2563 2169 vobis,
2597 2114 2655 2157 ut
2687 2119 2788 2172 ego
2818 2105 3004 2157 abeam
3045 2122 3058 2157 :
3099 2103 3202 2157 nisi
3229 2104 3370 2158 enim
3399 2118 3502 2170 ego

1932 2195 2140 2257 abiero,
2177 2195 2266 2250 ille
2303 2212 2404 2249 non
2436 2198 2580 2249 venit
2611 2195 2675 2249 ad
2707 2212 2818 2259 vos,
2851 2195 3086 2263 Spiritus
3110 2207 3350 2249 sanctus.
3378 2213 3396 2245 ι
3438 2195 3504 2248 Ει

1930 2288 2225 2341 doctrinam
2259 2304 2414 2341 suam
2434 2288 2694 2342 doctrinae
2720 2287 2955 2356 Spiritus
2977 2287 3149 2341 sancti
3175 2287 3501 2342 concordem

1928 2377 2330 2441 demonstrans,
2363 2380 2534 2448 inquit
2568 2398 2581 2432 :
2618 2400 2636 2431 ι
2670 2380 2803 2432 Cum
2862 2380 3067 2434 venerit
3123 2379 3235 2451 (79)
3266 2378 3502 2449 Spiritus

1928 2478 2171 2532 sanctus,
2200 2470 2292 2524 ille
2327 2485 2420 2525 vos
2463 2471 2699 2533 docebit,
2733 2479 2788 2525 et
2841 2481 3097 2541 suggeret
3139 2473 3344 2537 munia,
3379 2489 3500 2541 qua:

1929 2562 2034 2614 dixi
2065 2561 2251 2623 vobis;
2281 2581 2299 2612 ι
2339 2573 2422 2615 et:
2464 2583 2481 2613 ‹
2517 2561 2628 2615 Non
2658 2561 2790 2616 estis
2818 2560 2930 2632 (80)
2959 2578 3050 2617 vos
3075 2565 3164 2632 qui
3193 2563 3497 2632 loquimini,

1925 2653 2017 2705 sed
2053 2651 2288 2719 Spiritus
2320 2651 2496 2706 Patris
2521 2653 2611 2721 qni
2648 2653 2886 2722 loquitur
2931 2653 2982 2705 in
3007 2654 3190 2707 ,vobis.
3223 2673 3241 2706 ι
3271 2653 3422 2720 Quod
3453 2657 3497 2710 si

1928 2740 2164 2811 Spiritus
2203 2739 2380 2795 Patris
2402 2743 2664 2811 dignitate
2681 2742 2903 2811 aiqnalis
2934 2754 3016 2798 est
3049 2743 3216 2808 Patri,
3239 2755 3498 2801 utosten-

1924 2848 2042 2885 sum
2071 2840 2170 2897 est,
2204 2848 2267 2886 ac
2325 2837 2369 2886 si
2408 2833 2544 2885 idem
2602 2835 2865 2904 dignitate
2925 2837 3148 2904 :equalis
3195 2847 3278 2894 est
3332 2838 3497 2894 etiam

1927 2922 2081 2987 Filio,
2121 2935 2178 2977 ut
2225 2935 2308 2978 est
2353 2923 2405 2978 in
2455 2924 2742 2989 confesso,
2793 2939 3016 2998 apparet
3091 2931 3350 3000 aequalem
3385 2930 3496 3002 (8|)

1921 3014 2083 3068 etiam
2121 3014 2266 3070 inter
2294 3029 2351 3070 se
2388 3016 2700 3071 relationem
2735 3019 2934 3074 habere
2986 3021 3194 3077 divinas
3237 3023 3498 3094 hyposta-

1923 3122 2029 3162 ses.
2062 3107 2190 3174 Qua:
2218 3109 2360 3162 enim
2394 3120 2516 3163 sunt
2553 3110 2725 3165 eidem
2777 3113 3004 3182 aequalia
3026 3156 3040 3180 ,
3076 3116 3239 3170 etiam
3272 3118 3410 3171 inter
3437 3133 3498 3174 se

1921 3201 2146 3269 aequalia
2173 3202 2393 3256 omnino
2425 3211 2549 3257 sunt
2584 3222 2596 3257 :
2633 3205 2782 3274 atqui
2809 3207 3030 3276 :equalis
3071 3219 3155 3264 est
3184 3209 3350 3266 Filius
3389 3209 3495 3264 Pa-

1922 3292 2012 3357 tri,
2036 3301 2089 3346 et
2108 3292 2328 3361 aequalis
2357 3303 2438 3346 est
2459 3295 2622 3348 etiam
2658 3294 2893 3363 Spiritus
2955 3297 3086 3354 Filio
3112 3317 3125 3354 :
3151 3301 3315 3371 283
3364 3317 3490 3371 per-

1919 3383 2165 3452 spicuum
2200 3394 2282 3439 est
2315 3401 2466 3455 ergo,
2487 3386 2749 3456 Spiritum
2781 3391 3034 3445 similiter
3073 3395 3334 3462 aequalem
3369 3411 3491 3452 esse

1917 3475 2080 3528 etiam
2111 3475 2278 3529 Patri.
2309 3476 2441 3531 Cum
2481 3478 2642 3548 igitur
2687 3481 2928 3535 divinum
2958 3482 3216 3551 Spiritum
3250 3486 3302 3540 in
3358 3504 3492 3557 apo-

1921 3567 2074 3621 stolis
2109 3567 2250 3636 loqui
2292 3567 2490 3622 dixerit
2520 3571 2634 3638 ipse
2678 3570 2891 3638 Filius;
2943 3572 3142 3629 Paulus
3172 3577 3396 3644 pariter,
3422 3584 3492 3634 ob

1923 3668 2127 3712 natura:
2182 3675 2245 3713 ac
2293 3660 2552 3714 doctrinae
2584 3661 2723 3714 nulla
2763 3663 2812 3716 in
2843 3679 2899 3718 re
2943 3666 3300 3734 discrepantis
3342 3670 3494 3724 iden-

1923 3751 2154 3812 titatem,
2213 3750 2485 3805 Christum
2511 3751 2563 3805 in
2595 3769 2655 3806 se
2703 3751 2845 3823 loqui
2878 3769 3177 3820 asseverat,
3207 3761 3331 3813 dum
3357 3764 3494 3816 scri-

1922 3841 2033 3895 bit:
2074 3862 2092 3894 (
2130 3841 2184 3896 Si
2217 3845 2647 3911 experimentum
2689 3845 2802 3917 (8'2)
2853 3849 3096 3916 qumritis
3137 3850 3277 3918 ejus,
3310 3854 3400 3922 qui
3437 3854 3492 3909 in

1924 3948 2008 3986 me
2039 3932 2298 4002 loquitur,
2327 3934 2553 3990 Christi.
2600 3935 3005 3993 Observandum
3057 3955 3217 4010 porro
3266 3943 3353 3998 hic
3386 3955 3490 4010 est,

232 4017 316 4069 his
344 4017 604 4070 onmibus
643 4020 928 4071 adventum
996 4017 1229 4088 Spiritus
1293 4037 1359 4076 ex
1407 4023 1574 4090 ipsius
1605 4035 1873 4092 potestate
1914 4025 2110 4080 factum
2143 4027 2374 4080 ostendi.
2419 4027 2472 4080 ltt
2525 4027 2666 4083 Luca
2721 4044 2872 4097 vero,
2909 4041 2966 4085 ut
3014 4044 3170 4087 antea
3236 4033 3349 4105 (85)
3411 4038 3492 4092 di-

228 4115 377 4160 ctum
421 4117 527 4172 est,
586 4107 717 4175 ipsis
767 4109 1024 4176 apostolis
1056 4111 1301 4179 prmdiril
1326 4111 1621 4178 Christus;
1653 4131 1672 4166 ι
1701 4112 1808 4170 Vos
1845 4127 2025 4171 autem
2055 4115 2168 4188 (84)
2196 4115 2377 4172 sedete
2404 4117 2456 4171 in
2491 4118 2731 4184 civitate,
2761 4122 2934 4177 donec
2967 4124 3259 4180 induamini
3292 4128 3492 4182 virtute

226 4214 289 4255 ex
328 4200 446 4255 alto
470 4216 486 4266 ;
510 4218 529 4250 ι
569 4200 764 4256 virtute
790 4201 1184 4258 scilicetdivini
1221 4204 1473 4260 Sniritus.

875 4296 1030 4348 ΚΕΦ.
1074 4295 1176 4352 IH'.

298 4387 542 4439 Ἦντινα
600 4385 770 4458 ἀλκὴν
828 4387 1172 4458 ἐνδυσάμενοι
1215 4391 1313 4444 οὐκ
1354 4391 1433 4445 ἔτι
1473 4393 1815 4464 εὑκατάπλη-

223 4496 344 4531 κτοι
401 4476 834 4548 καθεστήκεσαν,
868 4479 944 4543 ὡς
977 4479 1304 4552 γέγραπται,
1329 4483 1408 4536 ὅτι
1437 4480 1576 4556 ἦσαν
1607 4486 1813 4539 κεκλει-

225 4572 436 4642 σμέναι
467 4573 520 4624 αἱ
558 4570 739 4643 Θύραι,
771 4570 878 4626 τῶν
904 4572 1158 4642 μαθητῶν
1185 4578 1571 4648 κρυπτομένων
1604 4578 1693 4632 διὰ
1723 4578 1813 4633 τὸν

221 4665 400 4733 φόϐον
453 4662 562 4716 τῶν
629 4663 910 4729 Ἰουδαίων,
963 4664 1058 4718 καὶ
1098 4665 1179 4718 ὅτι
1212 4667 1414 4739 Πέτρος
1451 4669 1479 4721 6
1519 4667 1813 4738 πρόκριτος

295 4843 420 4908 (75)
471 4841 685 4895 Domus.
717 4841 876 4896 Mich.
911 4859 971 4903 ll.
1017 4843 1070 4897 7.
1115 4841 1336 4911 Vulgata
1379 4845 1658 4897 translatio
1699 4846 1811 4900 hinc

224 4933 335 4966 non
383 4913 584 4977 habet,
631 4913 726 4968 sed
764 4913 1010 4984 leguntur
1059 4916 1110 4967 in
1148 4913 1334 4968 Graeca
1361 4913 1500 4967 LXX
1553 4917 1812 4985 Interpre-

224 4997 364 5037 tum.

298 5052 422 5122 (76)
481 5050 731 5110 Spiritus.
800 5052 943 5107 Psal.
1011 5069 1176 5118 caui,
1237 5051 1306 5107 12
1363 5054 1476 5123 (seu
1543 5055 1651 5120 10).
1732 5057 1811 5110 Si-

227 5123 383 5197 milia
417 5137 552 5197 ve‘ro
567 5139 648 5197 _l_‘X_
669 5124 772 5178 hoc
806 5124 997 5190 psalmi
1027 5125 1292 5197 vel'siCiLlO
1318 5127 1520 5197 colligit
1555 5125 1810 5196 Didymus

225 5197 280 5248 in
325 5194 426 5245 lib.
461 5191 536 5244 De
558 5191 759 5259 Spiritu
793 5205 993 5255 sancto,
1021 5211 1166 5247 num.
1196 5193 1284 5247 55.

325 5262 424 5335 ἳῖ)
464 5261 692 5335 Spiritu.
758 5263 902 5335 Psal.
959 5279 1012 5326 ι,
1069 5265 1430 5335 l3(seu_14).

325 5266 424 5330 77)
464 5266 692 5321 Spiritu.
758 5266 902 5317 Psal.
959 5279 1012 5326 ι,
1069 5266 1132 5316 l3
1170 5266 1284 5332 (seu
1321 5266 1430 5335 14).

298 5266 422 5403 $78)
463 5331 710 5403 Prodest.
749 5333 904 5387 Joan.
942 5349 1052 5398 ινι,
1082 5333 1134 5399 7,
1174 5335 1260 5386 ubi
1289 5333 1471 5389 ϐαι-οτι
1512 5335 1677 5390 editio
1713 5339 1811 5391 ha-

225 5407 318 5480 bet
354 5420 369 5454 :
399 5402 699 5480 συμφέρει
729 5444 742 5456 .
789 5445 803 5457 .
843 5443 856 5455 .
900 5403 1022 5480 Ἑᾲν
1048 5403 1170 5480 γὰρ*
1191 5403 1264 5475 μὴ
1297 5404 1534 5472 ἀπέλθω,
1563 5407 1591 5458 6
1634 5408 1810 5480 Παρά-

225 5477 432 5542 κλητος
456 5476 558 5527 οὐκ
583 5474 877 5544 ἐλεύσεται
893 5474 1027 5544 πρὸς
1060 5475 1224 5544 ὑμᾶς.

303 5545 416 5612 (79)
457 5545 588 5596 Cum
615 5546 827 5597 venerit.
853 5542 1007 5597 Joan.
1028 5542 1139 5606 xw.
1163 5543 1254 5598 26.
1283 5545 1449 5600 Voces
1476 5555 1649 5602 tamen
1679 5548 1801 5613 illai,

221 5616 364 5688 ᾇταν
401 5614 566 5688 ἔλθῃ,
631 5614 760 5688 ΙιυειΔ
795 5613 1062 5688 translatae
1111 5625 1339 5688 suntex
1405 5632 1522 5684 cap.
1592 5635 1677 5684 xv,
1711 5619 1799 5674 26.

229 5685 373 5758 .ﬁaut
394 5683 663 5758 σαρξί-ην,
692 5683 764 5738 26
783 5684 862 5758 sic
889 5685 1081 5758 legitur
1105 5705 1118 5740 :
1158 5684 1302 5758 '0
1331 5683 1708 5758 Παράκλητος,
1743 5691 1803 5742 τὸ

230 5756 458 5827 Πνεῦμα
492 5756 554 5810 τὸ
576 5755 700 5824 ἆγιτ-
716 5772 826 5809 ι...
843 5755 1047 5820 ἐκεῖνος
1065 5757 1206 5828 ὑμᾶς
1221 5755 1431 5822 διδάξει
1465 5755 1639 5813 πάντα
1659 5800 1673 5824 ,
1710 5763 1802 5814 καὶ

1843 4309 1893 4367 D

2514 4305 2665 4360 CAP.
2707 4305 2888 4363 Χνιιι.

1993 4395 2104 4463 Qua
2138 4396 2187 4450 vi
2223 4412 2286 4452 ac
2334 4399 2654 4453 strenuitate
2705 4410 2988 4470 postquam
3047 4403 3214 4457 induti
3252 4403 3487 4475 fuerunt,

1921 4503 2026 4541 non
2059 4488 2292 4557 amplius
2329 4489 2485 4544 facile
2513 4490 2872 4559 perterreﬁeri
2901 4503 3146 4561 potuere,
3197 4495 3340 4550 sicut
3365 4509 3490 4554 tunc

1919 4580 2238 4649 c0ntigeral,
2285 4583 2523 4648 quando,
2577 4593 2636 4635 ut
2693 4584 2952 4651 scriptum
2987 4593 3070 4640 est
3109 4585 3246 4656 (85),
3293 4588 3490 4646 clausae

1920 4680 2076 4724 erant
2109 4680 2296 4738 νου-ια’,
2322 4671 2598 4739 discipulis
2643 4686 2764 4726 sese
2806 4673 3208 4731 occultantibus
3271 4689 3492 4748 pwpter

1914 4848 2220 4920 ὑπομνήσει
2261 4848 2406 4917 ὑμᾶς
2430 4848 2606 4902 πάντα
2646 4847 2681 4901 ἃ
2714 4846 2866 4901 εἷπον
2894 4851 3042 4920 ὑμῖν.

1985 4915 2096 4986 (80)
2119 4915 2256 4986 ’Νοη
2290 4915 2436 4972 estis.
2472 4920 2659 4971 Matth.
2697 4935 2750 4977 rt.
2793 4920 2886 4974 20.

1984 4985 2095 5060 (81)
2136 4985 2441 5060 ίΕᾳιιαΙειη.
2481 4988 2687 5051 Codex,
2713 4989 2867 5060 iam.
2913 4990 3017 5045 Sed
3053 4991 3171 5060 lego
3203 4989 3347 5060 ἴσην.

1980 5056 2091 5130 (82)
2123 5057 2656 5130 δίᾉεπρενίηιεηιηηι.
2794 5056 2918 5113 Cor.
2983 5056 3130 5122 xm:
3182 5061 3236 5113 5.
3281 5056 3482 5116 ’συνέρρει

1913 5127 2078 5184 editio
2119 5147 2130 5181 :
2175 5128 2347 5181 Ἐπεὶ.
2371 5168 2384 5181 .
2406 5169 2419 5182 .
2440 5127 2675 5199 ζητεῖτε,
2706 5128 2758 5181 id
2789 5138 2873 5181 est
2905 5147 2924 5180 ι
2949 5131 3242 5196 Quoniam.
3263 5169 3277 5183 .
3300 5171 3312 5184 .
3337 5149 3485 5199 qua:-

1913 5200 2032 5253 ritis
2068 5213 2082 5250 :
2126 5217 2144 5249 ι
2182 5199 2650 5273 quamiectiouem
2680 5199 2928 5273 superius
2958 5210 3176 5273 secutus
3203 5210 3285 5273 est
3327 5201 3486 5273 Didy-

1912 5285 2034 5322 mus
2065 5267 2210 5337 pag.’
2233 5267 2321 5321 61.
2343 5267 2612 5338 vulgatus
2650 5283 2778 5321 vero
2819 5267 2915 5322 int.
2955 5270 3149 5338 legisse
3178 5269 3390 5324 videtur
3425 5267 3484 5325 iit

1912 5339 2170 5408 Didymus
2203 5339 2303 5408 hoc
2339 5337 2390 5389 in
2424 5337 2574 5400 loco,
2600 5353 2721 5392 cum
2748 5349 2926 5394 vertat
2958 5361 2970 5396 :
3013 5337 3032 5390 ι
3073 5341 3244 5398 An...
3279 5341 3482 5407 quaeri-

1917 5407 2028 5480 tis?
2059 5427 2078 5459 ι
2117 5407 2301 5462 vocula
2332 5409 2479 5480 enim
2509 5410 2578 5472 εἰ,
2605 5408 2655 5462 id
2683 5417 2766 5461 est
2800 5427 2818 5459 ι
2860 5411 2905 5464 si
2933 5453 2949 5478 ,
2987 5431 3004 5464 ι
3041 5426 3182 5480 saepe
3205 5411 3262 5466 in
3296 5411 3484 5468 Bibliis

1917 5479 2074 5541 valet,
2101 5496 2120 5529 ι
2156 5477 2414 5547 nunquid.
2452 5497 2471 5529 ι

2009 5550 2098 5620 δᾷ)
2131 5545 2317 5620 Quieti.
2350 5545 2555 5620 Nempe
2589 5563 2760 5620 segm.
2793 5553 2883 5610 73.

2004 5616 2243 5742 84:63:03
2288 5616 2675 5675 autemILuc.‘
2707 5638 2837 5677 xxiv
2863 5664 2879 5691 ,
2944 5624 3032 5680 49.
3076 5621 3203 5681 Vide
3236 5629 3346 5678 not.
3385 5619 3477 5677 6L.

1910 5705 2031 5759 pag.
2073 5705 2192 5759 aut.

1984 5759 2096 5831 (85)
2128 5757 2390 5829 Scriptum
2414 5770 2509 5815 est.
2546 5761 2700 5821 Joan.
2741 5782 2830 5832 xx,
2867 5765 2932 5821 l9
