4082 6406
539 303 643 357 755

1789 303 2023 358 DIDYMI
2061 304 2535 362 ALEXANDRINI
3667 319 3749 374 756

537 423 724 492 Neque
748 436 876 478 vero
908 433 980 477 ait
1011 443 1024 477 :
1053 422 1108 477 lu
1143 423 1344 480 lsraeie
1373 424 1517 490 solo;
1552 439 1684 480 «nec
1723 425 1867 481 enim
1903 426 2014 498 (29)
2041 439 2115 482 est

2230 446 2320 499 ρον
2348 429 2519 498 δνομα
2570 428 2850 499 δεδομένον
2893 429 2996 482 ὑπὸ
3022 429 3112 483 τὸν
3153 431 3401 503 οὐρανὸν,
3431 435 3486 486 ὲν
3513 452 3551 502 ῳ
3575 434 3645 489 δεῖ
3669 455 3756 492 σω-

539 516 685 570 aliud
722 530 919 570 nomen
961 517 1147 571 datum
1185 518 1286 572 sub
1316 517 1476 583 caelo,
1520 518 1572 572 in
1613 532 1720 587 quo
1749 529 1993 587 oporteat
2013 519 2118 572 sal-

539 623 635 662 vos
677 608 814 662 lieri.
884 627 902 658 ι
950 609 1242 664 Zacharias
1277 619 1458 664 autem
1518 610 1596 664 sic
1648 609 1887 680 loquitur
1932 630 1944 664 :
1990 629 2008 662 ι
2056 611 2120 666 Ει

541 703 646 756 erit
679 701 790 773 (50)
819 703 1080 760 Dominus
1134 705 1186 758 in
1233 719 1411 774 regem
1455 719 1617 773 super
1651 693 1865 759 Omnem
1916 716 2116 761 terram

541 793 596 846 in
629 794 716 849 die
771 794 882 849 illa.
935 796 1051 849 Erit
1115 795 1390 860 Dominus,
1429 796 1688 850 Dominus
1740 796 2030 867 (3|)unus,
2065 810 2120 853 et

545 897 740 937 nomen
765 885 880 952 ejus
921 900 1084 938 unum
1127 886 1453 939 circumiens
1498 885 1611 955 (52)
1667 903 1880 940 omnem
1920 899 2117 942 terram

541 986 602 1031 et
634 980 939 1043 desertum;
983 998 1000 1030 ι
1031 989 1085 1033 et
1118 995 1302 1035 rursirs
1356 997 1514 1035 sacer
1545 981 1792 1036 Psaltes:
1858 1001 1876 1032 ι
1911 982 2118 1036 Erube-

547 1082 700 1125 scaut
739 1073 852 1142 (3'5)
907 1081 963 1126 et
1003 1071 1404 1126 t-oiifuudantur
1443 1073 1493 1125 in
1523 1074 1801 1138 sacculum,
1827 1083 1881 1127 et
1920 1089 2119 1141 cogno-

546 1170 722 1224 scant,
751 1163 891 1231 quod
942 1177 1137 1216 nomen
1176 1162 1268 1215 tibi
1301 1162 1590 1226 Dominus;
1627 1172 1680 1216 ιιι
1710 1177 1768 1216 es
1793 1163 1942 1217 solus
1964 1163 2122 1219 Altis-

546 1253 717 1307 simus
733 1269 893 1324 super
913 1269 1124 1308 omnem
1151 1263 1372 1308 terram.
1403 1272 1420 1303 ι
1456 1253 1511 1307 Si
1540 1254 1684 1308 enim
1716 1255 1840 1323 quis
1873 1257 1940 1309 ad
1960 1271 2118 1309 unam

545 1359 790 1398 seorsum
825 1345 1154 1415 hypostasim
1191 1347 1385 1400 referat
1415 1345 1539 1399 illud
1573 1365 1591 1397 ι
1626 1345 1765 1400 Deus
1788 1365 1835 1410 ,ι
1883 1357 1936 1400 et
1990 1346 2119 1400 illud

550 1435 856 1501 «Dominus,
872 1447 949 1489 iet
967 1437 1119 1489 ἰΙΙιιιιι
1135 1437 1292 1492 Solus
1311 1437 1674 1500 Altissimus,»
1704 1438 1923 1491 alteram
1945 1440 2124 1492 exelu-

546 1529 642 1582 dit.
681 1527 754 1580 Ex
789 1527 1014 1581 naturali
1033 1543 1159 1582 vero
1185 1529 1533 1582 animinostri
1565 1531 1819 1592 motione,
1845 1539 1971 1582 etex
1990 1543 2121 1582 con-

547 1618 831 1673 suetudine
887 1619 1147 1672 habemus
1170 1630 1221 1672 ut
1249 1619 1300 1671 in
1333 1621 1432 1672 hoc
1461 1620 1799 1684 iusistamus,
1835 1629 1893 1673 ut
1931 1634 2121 1687 nempe

543 1724 705 1762 unam
734 1725 1018 1777 personam
1064 1708 1230 1763 Deum
1269 1712 1631 1774 nominantes,
1689 1711 1824 1764 alias
1851 1713 1984 1765 duas
2015 1727 2118 1764 non

2221 520 2432 589 ϐῆναι.»
2467 520 2576 572 Καὶ
2594 520 2868 591 Ζαχαρίας
2895 521 2952 574 δὲ
2991 521 3172 589 λέγει·
3211 521 3364 575 «Kal.
3405 524 3546 576 ἔσται
3585 527 3754 597 Κύριος

2220 614 2300 675 εἰς
2331 612 2554 681 βασιλέα
2586 613 2685 664 ἐπὶ·
2711 615 2892 666 πᾶσαν
2925 613 3018 684 τὴν
3055 615 3156 684 γῆν
3193 615 3248 667 ἐν
3278 617 3343 685 τῇ
3379 615 3554 688 ἡμέρα
3581 619 3757 691 ἐκείνη.

2224 707 2419 758 Ἔσται
2455 705 2676 776 Κύριος,
2724 705 2924 776 Κύριος
2961 701 3061 768 εἷς,
3093 707 3187 758 καὶ
3220 707 3280 759 τὸ
3311 705 3477 776 ὄνομα
3519 709 3665 761 αὑτοῦ
3691 711 3754 775 ἓν,

2221 793 2452 847 κυκλοῦν
2476 796 2656 847 πᾶσαν
2679 795 2774 864 τὴν
2804 795 2906 864 γῆν
2932 796 3026 847 καὶ
3053 794 3150 865 τὴν
3180 795 3382 866 ἔρημον
3401 813 3413 824 ·
3429 816 3446 846 ι
3475 798 3560 848 καὶ
3583 799 3716 851 πάλιν
3738 803 3760 852 ὁ

2231 885 2601 956 Ἱεροψάλτηςο
2639 886 3122 954 «Αἰσχυνοήτωσαν
3152 887 3245 938 καὶ
3272 888 3670 959 ὲντραπήτωσαν
3696 892 3759 951 εἰς

2225 976 2317 1028 τὸν
2336 975 2525 1035 αἰῶνα,
2548 975 2639 1027 και
2659 974 2970 1042 γνώτωσαν,
2993 976 3074 1027 ὅτι
3104 976 3276 1044 ὄνομά
3304 994 3384 1028 σοι
3409 977 3596 1048 Κύριος
3615 995 3626 1008 ’
3649 979 3702 1030 οἱ»
3721 974 3762 1032 εἷ

2225 1063 2387 1134 μόνος
2423 1063 2684 1132 "mia-.0;
2713 1064 2805 1116 ἐπὶ
2833 1066 3009 1116 πᾶσαν
3037 1063 3134 1135 τὴν
3165 1064 3287 1134 γῆν.
3318 1086 3336 1115 ι
3365 1064 3491 1136 [152
3512 1066 3560 1140 b]
3589 1069 3642 1120 ΕΞ
3671 1068 3762 1141 γὰρ

2225 1157 2324 1224 μιᾷ
2347 1172 2428 1218 τις
2452 1155 2688 1227 ἀφορίσῃ
2733 1156 3024 1208 ὑποστάσει
3061 1157 3141 1222 τὸ,
3181 1177 3198 1208 ι
3235 1158 3290 1210 Ὀ
3327 1158 3487 1221 Θεὸς,
3516 1179 3532 1210 ι
3579 1161 3661 1212 καὶ
3693 1161 3761 1227 τὸ,

2229 1265 2246 1297 ι
2262 1245 2481 1316 Κύριος,
2499 1267 2513 1300 ι
2535 1247 2628 1300 καὶ
2653 1269 2667 1297 ι
2684 1248 2859 1312 Μόνος
2874 1248 3155 1317 ⁹’Υψιστος,
3169 1267 3187 1300 ι
3211 1249 3458 1302 ἐκϐάλλει
3473 1253 3762 1324 τὴνὲτὲραν.

2222 1344 2332 1396 Καὶ
2367 1345 2473 1397 ἀπὸ
2523 1345 2620 1415 τῆς
2671 1348 2907 1415 φυσικῆς
2945 1345 3000 1397 δὲ
3043 1346 3198 1416 ἡμῶν
3251 1352 3514 1418 κινήσεως
3562 1350 3644 1401 καὶ
3683 1351 3765 1422 τῆς

2224 1434 2511 1505 συνηθείας
2567 1435 2683 1487 ἐστι
2739 1435 2914 1506 τούτῳ
2963 1437 3274 1506 ἐπιστῆναι.
3326 1438 3616 1509 Εὑχὸμενοι
3654 1440 3766 1510 γὰρ,

2221 1525 2330 1578 εἴτε
2377 1527 2640 1598 εἴπωμεν,
2694 1546 2711 1578 ι
2747 1527 2938 1597 Κύριε,
2988 1528 3229 1600 ἐλέησον,
3255 1550 3272 1580 ι
3313 1529 3440 1591 εἴτε,
3486 1550 3504 1582 ι
3543 1531 3596 1584 'O
3634 1531 3766 1595 Θεὸς,

2224 1617 2510 1689 βοήθησον,
2537 1639 2553 1668 ι
2592 1619 2700 1670 εἴτε
2729 1620 2797 1672 τὰ
2830 1621 3236 1692 συναμφότερα,
3267 1622 3328 1674 οὐ
3358 1622 3770 1694 διαμαρτὰνομεν

2221 1710 2316 1762 τοῦ
2362 1710 2596 1762 σκοποῦο
2656 1711 3246 1782 συμπεριλαμϐάνομεν
3291 1715 3398 1784 γὰρ
3454 1714 3549 1785 τὴν
3602 1718 3654 1768 ἐν
3688 1716 3772 1787 μιᾷ

543 1801 911 1856 excludamus.
965 1801 1096 1856 Cum
1148 1803 1288 1856 enim
1349 1819 1607 1868 oramus,
1665 1805 1776 1858 sive
1802 1804 2115 1868 dixerimus,

2225 1801 2438 1871 Θεότητι
2493 1802 2652 1870 ἁγίαν
2722 1803 2948 1873 Τριὰδα.
2989 1804 3058 1856 “ll
3112 1799 3204 1857 οὖν
3260 1805 3332 1877 μὴ
3390 1806 3622 1877 ἀγράφῳ
3672 1806 3773 1858 δια-

549 1910 568 1942 ‹
591 1891 771 1960 Kyrie,
800 1892 998 1946 eleison
1023 1891 1187 1961 (36),»
1221 1895 1319 1947 hoc
1345 1905 1425 1948 est
1452 1895 1688 1957 Domine,
1724 1895 2113 1960 miserere,sive

543 1983 864 2048 dixerimus,
904 2003 922 2035 ι
952 1983 1111 2049 Deus,
1139 1985 1454 2048 auxiliare,»
1479 1987 1592 2039 sive
1620 1987 1778 2038 ambo
1818 1986 1929 2039 luce
1957 1987 2113 2039 simul

547 2073 983 2140 pronuntiemus,
1026 2091 1129 2126 non
1173 2076 1486 2129 aberramus
1519 2092 1546 2127 a
1582 2089 1778 2142 scopo;
1802 2074 1968 2144 289
1989 2091 2109 2127 nam

549 2173 730 2217 mente
786 2174 949 2230 atque
1010 2165 1359 2234 intelligentia
1395 2150 1556 2219 simul
1602 2168 2116 2236 comprehendimus

541 2266 780 2310 sanctam
813 2257 865 2309 in
896 2273 998 2310 una
1037 2258 1238 2312 deitate
1270 2258 1624 2314 exsistentem
1649 2258 2115 2314 Trinitatem.Aut

539 2361 668 2414 ergo
726 2345 978 2401 sublimia
1035 2362 1132 2401 nec
1173 2349 1420 2417 ambigua
1462 2347 1862 2417 Seriptttraruin
1893 2350 1958 2404 de
1991 2351 2116 2420 Spi-

542 2436 644 2489 ritu
689 2435 778 2492 Dei
818 2439 1146 2501 testimonia,
1187 2454 1307 2508 quae
1342 2439 1504 2492 allata
1542 2449 1685 2504 sunt,
1743 2444 1924 2508 pravis
1953 2451 2116 2510 atque

543 2527 875 2598 eScriptura
924 2545 1027 2582 non
1080 2530 1263 2599 petitis
1310 2530 1655 2598 opinionibus
1715 2546 1977 2585 enervare
2008 2547 2112 2584 non

543 2629 845 2683 conentur;
874 2629 966 2672 aut
997 2619 1204 2684 dicant,
1249 2635 1418 2688 quare
1449 2627 1502 2672 et
1542 2618 1639 2687 ipsi
1691 2618 1884 2672 Filium
1920 2629 2116 2671 vocent

539 2711 791 2766 similiter
825 2721 885 2766 ut
909 2727 1005 2768 nos
1035 2729 1157 2765 eum
1201 2728 1477 2774 vocamus,
1519 2722 1572 2766 et
1601 2711 1790 2775 Deum,
1817 2721 1870 2765 et
1891 2710 2113 2771 bonum,

2227 1892 2468 1959 στροφῇ,
2516 1892 2616 1954 τὰς
2680 1891 3045 1962 προκειμένας
3112 1893 3476 1964 μεγαλοφυεῖς
3527 1897 3646 1966 περὶ
3694 1896 3772 1949 τοῦ

2222 1980 2539 2050 ΙΙνεύματος
2586 1983 2679 2034 τοῦ
2720 1984 2853 2038 Θεοῦ
2902 1987 3229 2058 ἐγγράφους,
3273 1990 3365 2040 καὶ
3398 1989 3777 2058 ἁναμφιὸόλους

2219 2071 2517 2137 ἀποδείξεις
2543 2074 2779 2144 ἀκυροῦν
2833 2075 3226 2145 βιαζὲσθωσαν,
3279 2078 3311 2148 ἦ
3365 2077 3662 2147 λεγέτωσαν
3697 2079 3778 2132 καὶ

2223 2163 2412 2227 αὐτοὶ,
2461 2165 2576 2228 πῶς
2624 2165 2713 2218 τδν
2749 2167 2876 2220 Υἱὸν
2927 2169 3319 2242 παραπλησίως
3366 2170 3526 2241 ⁴ἡμῶν
3577 2171 3780 2224 καλοῦσι

2223 2254 2353 2306 Θεὸν
2399 2257 2490 2308 καὶ
2537 2258 2760 2324 ἀγαθὸν,
2808 2260 2914 2312 τῶν
2966 2261 3196 2331 Γραφῶν
3249 2261 3554 2330 λεγουσῶν·
3592 2284 3608 2315 ι
3641 2258 3726 2327 Ε⁷ς
3755 2265 3780 2316 ὁ

2222 2346 2352 2409 Θεός
2377 2363 2390 2376 ·
2417 2366 2434 2397 ι
2475 2349 2596 2401 καὶ.
2648 2369 2663 2397 ι
2691 2350 2877 2411 Οὐδεὶς
2930 2351 3152 2420 ἀγαθὸς,
3198 2355 3246 2406 εἰ
3298 2354 3371 2425 μὴ
3409 2350 3492 2418 εἷς
3522 2357 3551 2409 ὁ
3587 2355 3777 2419 Θεό;’;

2220 2437 2254 2506 ἦ
2314 2437 2429 2501 πῶς
2480 2441 2568 2493 τὸν
2623 2442 2840 2513 Πατέρα
2908 2443 3157 2512 λέγουσιν
3208 2445 3360 2514 ἅγιον
3419 2449 3517 2500 καὶ
3576 2447 3780 2516 Κύριον,

2223 2527 2544 2594 ἀκούοντες·
2595 2551 2612 2583 ι
2646 2528 2738 2596 Εἷς
2790 2533 2973 2602 ἆγιος,
3019 2529 3099 2598 εἷς
3151 2534 3354 2608 Κύριος
3397 2536 3606 2609 Ἰησοῦς
3664 2538 3784 2609 Χρι-

2225 2619 2422 2682 στός³ι
2471 2622 2565 2674 καὶ
2632 2623 2827 2677 πάλιν·
2886 2643 2904 2676 ι
2941 2626 2998 2679 '0
3051 2627 3109 2680 δὲ
3173 2627 3380 2699 Κύριος
3444 2629 3508 2683 τὸ
3579 2628 3786 2698 [hat-api

2222 2711 2392 2764 ἐστιν.
2422 2733 2440 2766 ι

539 2818 661 2858 cum
689 2804 742 2859 in
769 2804 1064 2874 Scripturis
1091 2805 1322 2874 legatur,
1365 2825 1383 2856 ι
1417 2805 1565 2861 Unus
1595 2806 1753 2870 Deus,
1791 2823 1808 2854 ι
1843 2811 1897 2856 et
1928 2821 1940 2855 :
1972 2823 1989 2851 ‹
2021 2802 2186 2855 Νοιηο
2209 2805 2319 2874 (55)
2344 2807 2533 2872 bonus,
2594 2808 2695 2863 nisi
2727 2826 2862 2866 unus
2911 2813 3084 2878 Deus;
3122 2834 3138 2866 ι
3180 2824 3272 2868 aut
3351 2830 3528 2885 quare
3591 2816 3786 2870 Patrem

540 2896 719 2952 dicunt
756 2913 774 2946 ι
827 2895 1106 2958 Sanctum,
1164 2907 1216 2949 et
1274 2896 1580 2959 Domiutnu,
1604 2915 1622 2946 ι
1681 2911 1802 2948 cum
1836 2893 2077 2958 audiant,
2124 2913 2141 2942 ι
2179 2891 2328 2949 Unus
2365 2909 2585 2950 sanctus
2615 2897 2750 2970 (56),
2809 2917 2946 2957 unus
3012 2902 3268 2959 Dominus
3293 2903 3452 2960 Jesus
3481 2905 3782 2967 Christusn

539 2997 598 3044 et
626 3003 814 3042 rursus
840 3005 854 3040 :
881 3005 898 3038 ι
918 2988 1178 3041 Dominus
1206 2986 1316 3059 (57)
1342 2998 1523 3042 autem
1568 2988 1800 3057 Spiritus
1831 2995 1966 3040 est.»

1169 3079 1318 3134 CAP.
1362 3077 1478 3135 XX.

610 3169 902 3239 Apostolus
955 3185 1136 3238 porro,
1201 3171 1287 3223 cui
1355 3170 1668 3240 praedicatio
1724 3169 2116 3225 lucarnattonis

538 3256 847 3309 erucrcdita
890 3265 992 3319 est,
1022 3271 1118 3309 nos
1149 3256 1433 3327 distinguit
1497 3259 1862 3325 secernitque,
1890 3271 1953 3310 ac
1979 3255 2115 3310 alios

539 3349 756 3418 quidem
783 3347 1094 3417 Spirituales
1125 3358 1301 3414 vocat,
1337 3350 1469 3404 alios
1492 3365 1619 3404 vero
1650 3351 1937 3417 animales,
1980 3349 2114 3404 alios

541 3451 721 3499 autem
755 3441 1023 3507 carnales,
1053 3451 1146 3495 aut
1172 3451 1453 3508 terrenos;
1491 3443 1715 3513 singulis
1749 3442 1954 3498 scilicet
1989 3442 2112 3496 has-

545 3712 564 3744 ι
595 3708 754 3761 super
783 3707 963 3747 omne.
990 3712 1008 3745 ι
1038 3692 1094 3746 In
1123 3693 1262 3747 libro
1295 3693 1366 3747 De
1395 3692 1596 3758 Spiritu
1631 3703 1811 3750 sancto
1837 3709 1983 3746 num.
2017 3695 2105 3757 ll,

546 3765 756 3817 videtur
790 3763 1049 3833 Didymus
1088 3765 1318 3818 dictasse
1347 3765 1440 3816 ἐπὶ
1471 3765 1666 3827 πάντα,
1699 3767 1749 3817 id
1789 3772 1872 3819 est
1901 3783 1918 3816 ι
1947 3779 2109 3834 super

541 3835 746 3896 omnia,
769 3855 785 3884 ι
815 3841 872 3885 ιιι
897 3848 963 3887 ex
996 3845 1116 3886 nota
1147 3836 1386 3902 proxime
1416 3835 1680 3900 sequenti.

614 3904 727 3966 (29)
771 3903 881 3956 Nec
906 3905 1060 3956 enim.
1091 3901 1210 3957 Aet.
1246 3919 1314 3967 tv,
1345 3903 1430 3956 l2.
1456 3903 1641 3958 ϐιίιξςιι
1673 3903 1836 3956 editio
1862 3903 2017 3956 habet
2050 3901 2111 3956 τὸ

542 3971 924 4044 δεδομένον-ὲν
969 3972 1307 4044 ἀνθρώποις,
1351 3974 1404 4025 id
1445 3984 1525 4044 est
1583 3978 1811 4044 «datum
1857 3975 1908 4026 in
1947 3974 2114 4026 homi-

547 4041 723 4096 nibus.
749 4061 766 4093 ι
793 4041 941 4104 ,Vide
963 4041 1208 4110 supcrius
1242 4061 1407 4110 segni.
1433 4043 1501 4097 87
1531 4061 1584 4096 a.
1618 4043 1671 4095 In
1717 4043 1853 4096 libro
1897 4059 2112 4110 quoque

543 4113 621 4166 De
655 4112 853 4173 Spiritu
894 4123 1076 4165 sancto
1127 4129 1274 4165 num.
1305 4114 1390 4174 11,
1440 4113 1622 4165 omisit
1666 4129 1757 4166 eas
1791 4128 1972 4177 voces,
2008 4130 2027 4164 ι
2058 4115 2109 4167 in

547 4182 876 4236 hominibus.
903 4201 921 4232 ι
957 4181 1030 4235 lbi
1062 4183 1203 4235 enim
1240 4183 1390 4234 valde
1417 4183 1610 4236 similia
1643 4183 1884 4246 dictavit,
1921 4197 2113 4252 nempe

544 4268 662 4320 qlia:
709 4265 1044 4321 sequuntur:
1089 4272 1106 4302 ι
1135 4255 1359 4316 Quando
1411 4259 1589 4305 autem
1618 4291 1631 4305 .
1660 4291 1672 4304 .
1703 4292 1717 4306 .
1756 4253 2003 4306 Salvator
2058 4255 2110 4306 iu

544 4324 851 4376 universam
881 4332 1171 4377 terram....
1190 4323 1432 4375 extendit
1461 4322 1778 4376 vocabulqu
1813 4338 1988 4385 suum,
2015 4322 2116 4376 im-

543 4391 687 4459 pleto
719 4408 806 4456 eo,
836 4393 974 4460 quod
1005 4394 1263 4461 scriptum
1297 4403 1401 4455 est,
1437 4411 1454 4443 ι
1479 4393 1650 4458 Quam
1679 4393 1997 4445 admirabile
2028 4401 2114 4447 est

552 4480 571 4511 ι
621 4477 812 4516 nomen
853 4475 996 4516 tuum
1033 4466 1082 4515 iu
1116 4463 1365 4516 universa
1415 4473 1553 4531 terra
1580 4481 1598 4513 ι
1656 4462 1872 4531 (quibus
1915 4478 2110 4518 consc-

2867 3080 3023 3135 ΚΕΦ.
3061 3081 3109 3132 Κ
3131 3120 3145 3134 .

2291 3165 2526 3237 Διορῐζει
2554 3165 2618 3239 δὴ
2647 3161 2738 3222 οῦν
2768 3171 2913 3240 ἡμᾶς
2949 3172 2978 3224 ὁ
3017 3171 3112 3242 τὴν
3143 3172 3457 3244 οἰκονομίαν
3497 3171 3794 3235 πιστευθεὶς

2232 3255 2573 3322 Ἀπόστολος,
2609 3259 2855 3323 καὶτοὺς
2895 3261 2994 3330 μὲν
3039 3263 3443 3331 πνευματικοὺς
3480 3264 3656 3324 καλεῖ,
3680 3263 3792 3323 τοὺς

2217 3348 2273 3402 δὲ
2301 3348 2583 3418 ψυχικοῦς,
2609 3351 2734 3414 τοὺς
2763 3351 2818 3403 δὲ
2857 3354 3172 3422 σαρκικοὺς,
3203 3353 3234 3423 ἣ
3272 3355 3515 3422 χοῖκοὺς,
3560 3353 3668 3407 ἀπὸ
3708 3348 3794 3406 τοῦ

2220 3439 2460 3504 πλείονος
2518 3440 2612 3493 και
2661 3443 3084 3515 ἐπικρατοῦντος
3140 3443 3392 3508 ἑκάστοις
3444 3446 3549 3510 τὰς
3597 3442 3795 3506 τοιάσδε

2215 3693 2281 3745 ad
2317 3690 2624 3745 Dominum.
2659 3692 2914 3762 Didymus
2941 3690 3104 3744 habet
3144 3688 3399 3762 XDXKODV,
3435 3691 3493 3744 id
3539 3699 3626 3743 est
3659 3705 3679 3740 ι
3702 3685 3799 3741 cir-

2215 3764 2488 3816 cumiens»
2531 3772 2720 3815 neutro
2762 3761 2982 3830 genere.
3011 3770 3069 3812 ut
3102 3761 3367 3813 referatur
3393 3763 3463 3812 ad
3505 3773 3729 3830 nomen.

2290 3832 2401 3900 ('53)
2465 3828 2809 3884 Erubescani.
2862 3831 3005 3884 Psal.
3057 3845 3266 3892 Luxu,
3315 3831 3381 3884 16
3434 3841 3488 3883 et
3551 3830 3620 3883 17
3680 3828 3800 3900 (se!

2217 3902 2288 3956 18
2325 3897 2392 3955 (δι’
2415 3900 2523 3969 19).
2561 3901 2822 3954 Nonnulla
2875 3901 3192 3954 intermedia
3229 3904 3388 3953 verba
3450 3901 3662 3954 omittit
3691 3897 3800 3952 Di-

2218 3973 2435 4040 dymus,
2463 3985 2584 4039 qnze
2615 3987 2718 4024 non
2759 3971 3121 4040 praetermittit
3151 3984 3319 4038 segm.
3349 3969 3457 4024 198
3486 3989 3542 4026 ιι.

2289 4042 2402 4111 (54)
2445 4042 2624 4110 Kyrie,
2644 4039 2857 4094 eleison.
2885 4039 2988 4094 Seu
3019 4039 3445 4111 Cyrie,_eleeson.
3480 4039 3794 4111 Breveshu-

2214 4109 2453 4180 jusmodi
2488 4109 2944 4179 precatiuueulas.
2990 4125 3127 4179 quas
3163 4129 3181 4159 ι
3205 4109 3572 4177 jaculatorias
3599 4129 3617 4160 ι
3670 4110 3798 4161 diei—

2221 4197 2364 4245 mus,
2401 4180 2674 4235 veteribus
2699 4182 3024 4234 Christianis
3054 4180 3282 4233 usitatas
3310 4181 3482 4236 fuisse
3512 4199 3622 4234 nou
3653 4182 3802 4233 modo

2219 4251 2478 4321 Didymus
2528 4259 2637 4304 tum
2687 4251 3168 4321 hic,7tumsegm.
3206 4248 3360 4302 ιτια
3407 4261 3684 4321 testatur,
3717 4264 3804 4321 ve-

2223 4317 2342 4373 rum
2381 4321 2469 4374 alii
2513 4335 2748 4390 quoque.
2790 4317 3078 4391 Quinimo
3119 4321 3171 4372 iu
3207 4331 3384 4374 castra
3432 4322 3552 4391 ipsa
3589 4335 3620 4373 a
3649 4317 3805 4374 Chri-

2225 4393 2418 4443 stianis
2445 4389 2862 4459 imperatoribus
2902 4389 3017 4458 ejus
3046 4399 3204 4443 aetate
3238 4389 3491 4446 inductas
3525 4406 3651 4445 esse
3680 4404 3804 4459 cou-

2221 4470 2349 4532 stat.
2384 4457 2636 4532 Vegetius
2675 4462 2818 4514 enim
2854 4461 3062 4530 Didymi
3101 4461 3321 4528 aequalis
3353 4462 3448 4514 lib.
3478 4478 3567 4525 ιιι,
3598 4476 3715 4526 cap.
3748 4457 3802 4518 5.

547 4533 1093 4604 quenterApostolus
1127 4533 1380 4602 loquitur,
1426 4551 1444 4582 ι
1479 4530 1592 4585 Non
1639 4529 1781 4586 enim
1827 4534 1970 4586 aliud
2021 4548 2114 4584 no-
2149 4542 2193 4597 1)
2218 4529 2512 4584 formuliet
2541 4529 2700 4604 __Deus
2739 4529 3015 4604 nobiscum
3044 4549 3068 4604 _i
3132 4531 3407 4596 meminit,
3456 4549 3630 4604 quam
3666 4546 3697 4584 e
3723 4544 3807 4604 ca-

553 4620 572 4652 ι
621 4617 740 4656 men
772 4603 950 4656 datum
981 4613 1063 4656 est
1101 4605 1198 4656 sub
1229 4605 1385 4665 malo,
1419 4605 1470 4657 iu
1502 4618 1610 4671 quo
1637 4613 1884 4670 oporteat
1916 4604 2114 4657 salvari

551 4689 572 4724 ι
621 4688 778 4732 nos.)
819 4683 872 4726 et
903 4672 1188 4727 Psalmista
1232 4677 1296 4725 ad
1330 4674 1618 4727 Dominum
1662 4673 1919 4741 loquitur,
1957 4691 1976 4723 ι
2007 4672 2116 4724 Ma-

555 4761 573 4792 ι
621 4743 884 4812 gnilicasti
918 4760 1079 4812 super
1106 4744 1282 4796 oumia
1318 4760 1509 4796 nomen
1559 4753 1803 4798 sanctum
1852 4752 2022 4813 tuum)
2052 4762 2065 4796 :
2097 4763 2114 4794 ι

549 4822 675 4866 tunc
724 4813 1044 4880 completum
1093 4824 1193 4875 est,
1233 4831 1248 4864 ι
1285 4814 1625 4878 Unguentum
1661 4813 1888 4865 ellusum
1921 4829 2117 4868 nomen

554 4902 571 4932 ι
623 4893 789 4935 tuum.
814 4902 831 4933 ι
871 4883 943 4936 Ita
974 4885 1249 4954 Didymus.
1283 4882 1476 4954 Noster
1511 4895 1686 4938 tamen
1723 4886 1889 4936 codex
1921 4884 2119 4950 sa:pius

550 4969 578 5002 a
631 4968 734 5023 me
769 4953 1219 5007 commemoratus
1280 4953 1393 5006 haec
1441 4967 1712 5023 postrema
1767 4955 1845 5005 sic
1894 4955 2055 5006 habet
2100 4971 2112 5007 :

553 5038 574 5070 ι
620 5022 822 5092 Quibus
851 5036 1245 5090 c0u5equenter
1277 5022 1511 5091 loquitur
1576 5023 1851 5092 apostolus
1914 5025 2116 5090 dit-eus,

555 5110 572 5139 ι
622 5091 734 5146 Νοιι
779 5093 921 5147 enim
959 5093 1104 5147 aliud
1151 5109 1342 5146 nomen
1379 5096 1560 5147 datum
1603 5091 1684 5147 est
1717 5097 1815 5148 sub
1856 5096 2013 5158 ('(Plo,
2066 5095 2116 5147 in

548 5177 656 5232 quo
695 5171 937 5230 oporteat
980 5165 1176 5216 salvari
1215 5181 1334 5227 uos,
1361 5185 1378 5215 ι
1426 5182 1444 5215 ι
1469 5175 1523 5216 et
1555 5167 1605 5217 iu
1647 5163 1874 5216 Psalmis
1905 5166 1969 5216 ad
2018 5165 2118 5218 Do-

551 5235 755 5285 minum
803 5233 1004 5286 dicitur
1037 5273 1052 5298 ,
1113 5251 1132 5283 ι
1184 5234 1538 5304 Magnilieasti
1584 5249 1748 5302 super
1812 5249 1972 5287 mune
2021 5253 2120 5289 no-

555 5320 575 5352 ι
618 5317 739 5374 men
769 5315 1011 5374 sanctum
1049 5314 1194 5357 tuum
1222 5324 1234 5358 :
1270 5323 1287 5355 ι
1321 5319 1443 5359 tunc
1471 5305 1794 5374 completum
1825 5314 1927 5367 est,
1959 5325 1976 5356 ι
2008 5317 2113 5361 etc.

623 5371 736 5440 (50)
779 5373 844 5426 Et
877 5377 997 5427 erit.
1028 5374 1192 5428 Zach.
1219 5391 1327 5440 xiv,
1360 5376 1392 5430 9
1417 5388 1467 5428 et
1495 5377 1582 5430 10.

627 5443 741 5516 (51)
785 5443 1057 5516 Dominus,
1086 5445 1359 5516 Dominus.
1389 5447 1577 5500 Graeca
1615 5447 1782 5501 editio
1812 5446 1978 5502 semel
2001 5455 2115 5516 tau-

553 5513 665 5566 tum
717 5513 878 5568 habet
921 5530 1106 5586 vocem
1153 5515 1374 5586 Κύριος,
1412 5519 1461 5570 id
1491 5526 1574 5571 est
1611 5536 1629 5569 ι
1659 5518 1933 5574 Dominus.
1959 5536 1977 5569 ι
2017 5514 2115 5569 Vi-

552 5586 724 5661 detttt‘_
745 5597 920 5661 autem
954 5584 1327 5661 Dassioueiaui
1373 5588 1576 5642 codicis
1625 5591 1862 5661 scriptor
1902 5605 1968 5644 ex
2021 5603 2113 5644 er-

554 5670 678 5710 iore
711 5654 798 5709 hic
830 5671 945 5712 eam
983 5657 1228 5712 iterasse.

626 5725 738 5796 (⁵52)
778 5723 1118 5784 Circumieus.
1154 5727 1340 5782 Grmca
1385 5728 1550 5785 editio
1589 5730 1749 5784 habet
1796 5731 2028 5794 κυκλῶν,
2061 5732 2112 5786 id

554 5807 638 5854 est
684 5813 704 5851 t
734 5797 1056 5862 circumiens
1084 5819 1102 5854 ι
1155 5799 1455 5856 masculino
1489 5817 1703 5872 genere.
1746 5813 1800 5858 ιιι
1847 5807 2110 5859 rcleratur

2224 4605 2354 4654 stris
2392 4601 2732 4671 egredientes
2778 4600 2975 4671 milites
3008 4601 3144 4652 elata
3182 4615 3311 4653 voce
3342 4611 3427 4656 ter
3477 4600 3803 4671 pronuntia-

2224 4672 2372 4724 bant.
2401 4670 2480 4726 Ac
2510 4684 2606 4743 pro
2641 4670 3028 4743 superstitioso
3067 4671 3404 4725 ethnicorum
3454 4670 3675 4743 paeane,
3712 4683 3806 4724 au-

2224 4749 2439 4808 tequam
2485 4741 2771 4809 quisquam
2805 4754 2835 4793 e
2866 4742 3063 4792 castris
3111 4743 3370 4795 adversus
3419 4741 3618 4798 hostes
3654 4753 3808 4809 egre-

2217 4814 2462 4875 deretur,
2509 4808 2803 4864 exercitus
2852 4811 2955 4862 dux
3004 4813 3292 4878 carterique
3332 4813 3580 4878 plra'l'ecti
3635 4808 3809 4863 accla-

2224 4882 2442 4934 mabaut
2478 4881 2818 4952 hancﬂipsam
2848 4881 3210 4952 precationem
3243 4899 3261 4931 ι
3289 4881 3481 4952 Kyrie,
3521 4883 3804 4952 eleison._i

2223 4961 2282 5003 ut
2317 4956 2569 5004 observat
2615 4947 2892 5019 lllauritius
2921 4951 2974 5003 in
3007 4947 3302 5016 Strategico
3334 4947 3428 5005 lib.
3459 4947 3526 5018 ιι,
3563 4967 3684 5019 cap.
3721 4949 3802 5019 l7.

2222 5035 2286 5090 ac
2317 5019 2678 5090 Spanhemius
2720 5021 2772 5073 iu
2803 5018 3286 5090 Observatiouibus
3335 5025 3387 5074 iu
3433 5018 3678 5090 primam
3711 5018 3805 5073 Ju-

2220 5089 2650 5160 liauiApostata:
2691 5090 3010 5144 orationem.
3055 5089 3358 5146 Justiniauo
3391 5089 3584 5150 autem
3632 5092 3807 5158 impe-

2222 5173 2374 5215 rante
2422 5162 2742 5216 Antioclieui
2783 5169 3089 5214 terrwmotu
3145 5166 3530 5230 perterrefacti
3592 5183 3611 5214 ι
3672 5161 3804 5214 leta-

2221 5234 2364 5301 niam
2405 5233 2671 5286 faciebant
2697 5251 2715 5282 ι
2749 5232 2830 5301 (ιιι
2864 5233 2938 5285 ait
2985 5234 3305 5290 Anastasius
3339 5231 3805 5301 Bibliothecarius

2221 5302 2272 5355 iu
2316 5300 2555 5356 Historia
2595 5300 2952 5355 ecclesiastica
2996 5317 3122 5372 pag.
3151 5304 3242 5368 51,
3295 5307 3382 5358 ed.
3412 5301 3592 5371 Ven.)
3648 5321 3667 5353 ι
3698 5300 3807 5355 cla-

2221 5383 2450 5445 mantes,
2478 5373 2662 5442 Kyrie,
2688 5373 2918 5445 eleison.
2945 5391 2960 5424 ι
2994 5371 3277 5445 Nunquam
3306 5390 3438 5428 vero
3467 5385 3663 5445 postea
3699 5372 3808 5445 sive

2217 5441 2270 5494 in
2304 5441 2654 5507 Gra:ca,’sive
2685 5444 2735 5496 in
2788 5444 2977 5497 Latina
3011 5444 3252 5497 Ecclesia
3303 5441 3590 5501 obsolevit
3621 5442 3809 5512 hujus-

2221 5513 2360 5566 modi
2395 5514 2814 5582 precatiuncula,
2846 5522 2903 5567 ut
2933 5514 3183 5568 omnibus
3217 5526 3399 5570 uotum
3442 5528 3562 5572 est.

2288 5581 2404 5651 (55)
2444 5581 2632 5638 Nemo.
2664 5583 2830 5639 Marc.
2866 5602 2922 5646 ιι.
2945 5584 3016 5639 18
3051 5601 3064 5650 ;
3105 5585 3233 5640 Luc.
3267 5603 3416 5652 xvut,
3445 5587 3542 5642 l9.

2287 5653 2398 5724 (56)
2441 5653 2586 5719 Unus
2622 5669 2853 5715 sanctus.
2887 5658 3020 5720 Vide
3054 5668 3163 5712 not.
3198 5657 3232 5712 9
3265 5675 3384 5729 pag.
3421 5659 3558 5714 161.

2211 5729 2400 5857 28(37)
2433 5730 2710 5792 Dominus.
2761 5731 2803 5786 ll
2852 5731 2978 5789 Cor.
3018 5747 3101 5795 tu,
3134 5731 3220 5785 17.
3246 5730 3372 5786 Vide
3402 5741 3528 5788 not.
3567 5732 3661 5800 9|,
3695 5748 3810 5800 pag.
