4082 6406
595 369 699 424 739

1832 363 2067 418 DIDYMI
2107 364 2583 422 ALEXANDRINI
3715 370 3804 426 ’ἷιο

594 487 776 541 culum
813 481 931 556 (seu
982 481 1161 549 ﬂatus)
1205 481 1606 552 Omnipotentis
1649 480 1718 552 (si
1759 480 1903 538 enim
1929 483 2170 553 omnipo-

2279 483 2674 556 παντοκράτωρ
2731 484 2919 557 Πατὴρ
2987 485 3395 557 ἀσχημάτιστος
3457 483 3546 537 καὶ
3591 483 3809 556 ἀόρατος,

593 591 714 636 teus
749 578 912 631 Pater
944 576 1130 646 ﬁgurae
1179 589 1374 644 expers
1417 584 1521 639 est,
1563 583 1616 628 et
1671 573 1979 640 invisibilis,
2029 575 2170 629 sicut

595 682 682 725 est
733 671 894 724 etiam
945 682 1155 722 smnme
1207 667 1596 735 incorporeus,
1645 675 1699 721 et
1740 681 1900 734 supra
1954 681 2167 721 omnem

593 761 973 831 cogitationem
1000 758 1297 823 extollitur,
1333 757 1576 827 profecto
1612 758 1736 812 talis
1765 767 1851 812 est
1882 758 2164 812 viviﬁcans

593 866 807 922 quoque
859 851 1113 919 Spiritus,
1156 849 1247 918 qui
1298 864 1364 902 ex
1414 849 1532 918 ipso
1559 849 1864 920 procedit):
1921 850 2054 904 nihil
2104 850 2170 904 de

591 944 852 1009 bonitate,
905 951 1000 996 aut
1047 941 1369 1004 :eternitate,
1427 949 1521 995 aut
1568 942 1748 995 divina
1795 942 2006 1010 gloria;
2045 957 2167 996 nam

594 1042 828 1110 Spiritus
869 1051 952 1096 est
981 1050 1228 1104 sanctus,
1261 1049 1316 1094 et
1348 1055 1380 1094 e
1413 1049 1600 1094 sancto
1643 1040 1749 1094 Deo
1783 1040 1946 1095 Patre
1974 1041 2166 1094 eluxit.

590 1132 897 1196 Allouluilur
945 1146 1074 1199 ergo
1128 1132 1419 1200 Apostolus
1465 1131 1774 1198 spirituales
1815 1133 1898 1185 his
1941 1133 2166 1186 verbis:

599 1242 618 1275 ι
656 1223 772 1278 Non
800 1224 932 1279 estis
964 1224 1076 1295 (45)
1113 1225 1162 1275 in
1192 1238 1358 1277 carne
1381 1263 1396 1285 ,
1447 1225 1541 1276 sed
1577 1224 1629 1276 in
1659 1223 1890 1290 Spiritu,
1913 1224 1955 1277 si
1988 1231 2168 1276 tamen

594 1315 829 1384 Spiritus
859 1315 948 1369 Dei
1002 1314 1208 1368 habitat
1255 1315 1306 1367 in
1344 1315 1531 1379 vobis;
1566 1332 1583 1364 ι
1633 1322 1687 1368 ει
1718 1330 1951 1368 rursus:
1987 1334 2006 1366 ι
2044 1313 2174 1368 Fra-

595 1418 704 1462 tres
729 1407 863 1480 (M),
892 1417 946 1461 et
989 1407 1031 1460 si
1062 1418 1468 1476 prmoccnpatus
1519 1408 1679 1461 fuerit
1725 1408 1886 1462 homo
1919 1424 1984 1463 ex
2021 1410 2173 1463 vobis

592 1496 648 1550 in
683 1499 863 1567 aliquo
893 1497 1112 1563 delicto,
1143 1513 1260 1561 vos,
1287 1499 1377 1566 qui
1411 1497 1724 1566 spirituales
1753 1497 1906 1559 estis,
1933 1498 2172 1566 perﬁcite

595 1588 754 1642 talem
802 1588 857 1642 in
900 1589 1090 1658 spiritu
1143 1589 1403 1643 lenitatis.
1461 1607 1481 1640 ι
1534 1592 1614 1643 Ac
1639 1594 1705 1643 de
1741 1589 1960 1643 Daniele
2008 1589 2170 1643 etiam

592 1678 854 1747 scriptum
887 1687 966 1732 est
998 1695 1014 1734 :
1067 1695 1087 1728 ι
1126 1678 1363 1747 Spiritus
1402 1679 1515 1748 (45)
1558 1679 1806 1747 copiosus
1834 1689 1951 1731 erat
1991 1680 2043 1733 in
2096 1681 2173 1748 ip-

594 1784 656 1824 so
691 1787 704 1824 :
744 1787 763 1820 ι
797 1770 1136 1840 aenigmatice
1166 1780 1345 1823 autem
1377 1771 1780 1839 significabatur
1807 1773 1963 1842 291
2005 1772 2175 1842 Spiri-

2275 575 2410 628 καοὸ
2434 575 2529 628 καὶ
2556 574 2989 646 ῦπερασὼματος
3027 577 3121 630 καὶ
3149 576 3286 648 ὑπὲρ
3318 577 3496 629 πᾶσαν
3514 576 3680 646 νόησιν
3705 577 3814 630 ἀνα-

2275 649 2545 734 ϐεϐηκὼς,
2581 664 2760 734 δῆλον,
2788 667 2870 719 ὅτι
2899 667 2991 721 καὶ
3024 667 3085 720 τὸ
3121 667 3182 731 ἐξ
3215 665 3381 720 αὐτοῦ
3424 667 3818 736 ἐκπορευόμενον

2277 754 2540 823 ζωογόνον
2589 756 2858 826 Πνεῦμα)
2891 759 2949 810 οὐ
2999 759 3127 828 περὶ
3168 758 3516 828 άγαθὸτητος,
3556 757 3817 828 ἢάΐδιότη-

2275 863 2385 911 τος,
2416 847 2448 916 ἢ
2482 847 2640 916 δόξης
2693 848 2920 918 Θεῖκῆς⁶
2958 849 3179 919 Πνεῦμα
3223 850 3331 920 γάρ
3385 851 3524 901 ἐστιν
3574 848 3731 916 ἅγιον,
3771 850 3818 914 ἐξ

2277 939 2432 1006 ἁγίου
2485 939 2620 992 Θεοῦ
2656 939 2866 1012 Πατρὸς
2901 940 3186 1010 ἐκφανθέν.
3223 940 3532 1010 Διαλέγεται
3579 936 3664 997 οὖν
3704 940 3818 1011 πρός

2275 1032 2401 1094 τοὺς
2449 1034 2852 1101 πνευματικοὺς
2901 1034 3168 1087 οὑτωσείο
3203 1053 3221 1084 ι
3269 1035 3382 1086 Οὐκ
3425 1033 3544 1086 ἐστὲ
3581 1035 3636 1086 ἐν
3665 1033 3820 1103 σαρκὶ,

2275 1120 2388 1173 ἀλλ’
2439 1122 2496 1173 ὲν
2542 1122 2840 1192 Πνεῦματι,
2898 1124 3057 1194 εἴπερ
3119 1123 3342 1194 Πνεῦμα
3395 1123 3530 1176 Θεοῦ
3590 1125 3716 1176 οίκεῖ
3773 1125 3821 1175 ἐν

2275 1212 2437 1282 ὑμῖν
2479 1233 2496 1265 ι
2546 1214 2639 1266 καὶ⁵
2684 1215 2878 1268 πάλιν
2913 1235 2929 1266 ι
2975 1216 3238 1286 Ἀδελφοί.
3282 1216 3377 1269 ἐὰν
3431 1215 3524 1270 καὶ
3569 1215 3822 1287 προληφίηι

2276 1303 2561 1374 ἄνθρωπος
2604 1305 2663 1370 ἐξ
2702 1306 2854 1376 ὑμῶν
2905 1307 2963 1360 ἐν
3003 1326 3106 1361 τινι
3153 1309 3576 1379 παραπτώματι,
3599 1307 3740 1377 ὑμεῖς
3783 1308 3823 1359 οἱ

2277 1397 2634 1466 πνευματικοὶ
2687 1399 3043 1470 καταρτίζετε
3089 1400 3180 1453 τὸν
3212 1400 3451 1453 τοιοῦτον
3493 1401 3548 1453 ὲν
3584 1399 3825 1468 πνεύματι

2279 1487 2603 1558 πραότητος.
2643 1503 2660 1536 ι
2710 1485 2954 1558 Ἐγράιρη
2997 1489 3054 1542 δὲ
3107 1489 3200 1541 καὶ
3234 1489 3360 1559 περὶ
3393 1487 3485 1540 τοῦ
3522 1485 3724 1557 Δανιὴλ,
3759 1485 3826 1537 ὅτι

2283 1596 2301 1628 ι
2335 1578 2560 1650 Πνεῦμα
2598 1581 2856 1652 περισσὸν
2889 1576 2956 1651 ἦν
2996 1583 3052 1632 ὲν
3079 1579 3256 1650 αὐτῷ’
3295 1600 3313 1630 ι
3351 1577 3745 1650 αἰνιγματωδῶς
3780 1575 3828 1627 δὲ

2276 1670 2337 1722 τὸ
2386 1670 2538 1740 ἆγιον
2591 1673 2842 1744 ἐδηλοῦτο
2877 1671 3119 1742 Πνεῦμα.
3182 1673 3458 1742 Ψυχικοὺς
3497 1671 3553 1723 δὲ
3603 1667 3829 1738 ὀνομάζει

2280 1768 2566 1839 Ἕλληνας,
2606 1767 2914 1830 Ἰουδαίους,
2948 1768 3043 1820 καὶ
3071 1769 3403 1838 αἱρετικοὺς,
3450 1764 3634 1835 ἐπειδὴ
3665 1761 3828 1816 συλλοο

598 1870 684 1914 tus
720 1872 958 1916 sanctus.
1009 1862 1286 1916 Animales
1327 1878 1456 1916 vero
1514 1865 1757 1916 nominat
1797 1863 2036 1929 Gnecos,
2078 1863 2170 1919 Ju-

2275 1861 2493 1928 γισμοῖς
2541 1858 2638 1910 καὶ
2700 1858 3070 1929 διαλογισμοῖς
3121 1857 3397 1928 στρεϐλοίς
3444 1854 3830 1926 ὲναὸρυνόμενοι

597 1951 761 2015 datos,
795 1959 850 2005 et
882 1950 1189 2013 haereticos,
1233 1951 1360 2018 quia
1413 1951 1467 2004 in
1500 1951 1759 2004 tortuosis
1807 1951 2046 2020 ipsorum
2087 1970 2173 2009 ra-

598 2040 1034 2095 tiocinationibus
1059 2049 1114 2094 et
1156 2040 1613 2108 disputationibus
1637 2040 1952 2110 gloriantes,
1978 2058 2171 2112 quam-

595 2132 678 2186 vis
713 2147 897 2186 earum
933 2131 1354 2185 imbecillitatem
1397 2133 1656 2197 sentiant,
1708 2146 1804 2187 nos
1836 2133 2170 2205 impugnant,

596 2238 697 2278 nec
727 2225 892 2278 Deum
925 2237 1048 2279 esse
1077 2223 1405 2278 confitentur
1455 2223 1716 2294 Spiritum
1759 2237 2004 2280 sanetum
2053 2227 2168 2284 Dei.

598 2315 800 2370 Scribit
829 2326 1010 2370 autem
1048 2315 1215 2369 etiam
1262 2315 1314 2368 in
1347 2330 1444 2370 eos
1479 2316 1677 2370 alicubi
1724 2318 1804 2372 sic
1838 2335 1854 2371 :
1891 2335 1909 2368 ‹
1946 2317 2172 2371 Anima-

597 2405 674 2460 les
725 2405 862 2476 (46),
911 2405 1175 2474 Spiritum
1230 2421 1335 2460 non
1385 2408 1677 2474 habentes;
1751 2426 1770 2460 ι
1835 2419 1890 2462 et
1938 2424 2169 2464 rursus:

602 2512 623 2547 ι
653 2495 918 2550 Animalis
955 2495 1066 2565 (47)
1116 2505 1297 2549 autem
1352 2496 1514 2551 homo
1545 2511 1650 2550 non
1704 2498 2002 2565 recipitea,
2055 2514 2174 2568 qua:

597 2597 723 2642 sunt
755 2585 990 2655 Spiritus
1024 2586 1158 2649 Dei;
1213 2587 1440 2640 stultitia
1471 2587 1620 2641 enim
1667 2597 1794 2643 sunt
1831 2589 1932 2657 illi,
1965 2599 2020 2642 et
2065 2606 2170 2643 non

598 2690 774 2749 potest
804 2679 1122 2749 intelligere.
1150 2677 1461 2750 Spiritualis
1493 2690 1673 2734 autem
1715 2679 1925 2748 judieat
1949 2683 2166 2751 quidem

595 2784 785 2825 omnes
835 2769 970 2838 (48),
1003 2770 1114 2839 ipse
1166 2784 1292 2824 vero
1341 2784 1371 2822 a
1430 2773 1648 2825 nemine
1692 2770 2008 2838 iudicatur;
2052 2793 2071 2826 ι
2119 2783 2173 2827 ει

597 2880 787 2921 rursus
814 2879 1157 2920 communem
1204 2879 1324 2919 esse
1375 2865 1600 2934 Spiritui
1651 2876 1841 2920 sancto
1877 2868 2170 2923 ostendens

598 2972 762 3012 unam
794 2955 1272 3010 clementissimam
1308 2965 1576 3019 naturam,
1617 2960 1734 3010 alt:
1778 2975 1796 3008 ι
1835 2957 1891 3010 Si
1927 2973 2031 3026 qua
2059 2959 2169 3030 (49)

596 3046 1021 3108 communicatio
1044 3047 1304 3115 Spiritus.
1342 3066 1361 3099 ι
1410 3047 1669 3102 Carnales
1705 3064 1858 3112 vero,
1888 3064 1979 3103 aut
2003 3061 2173 3107 terre-

596 3153 697 3193 nos
729 3147 891 3193 vocat
922 3153 1039 3203 eos,
1072 3140 1162 3207 qui
1199 3139 1251 3192 in
1285 3149 1482 3192 terram
1521 3139 1760 3193 inclinati
1806 3151 1934 3194 sunt
1969 3160 1983 3196 :
2037 3158 2170 3212 quo-

2275 1949 2702 2021 γνωσιμαχοῦσι,
2739 1952 2833 2004 καὶ⁸
2875 1952 2972 2022 οὐχ
3027 1951 3351 2020 ὁμολογοῦσι
3403 1949 3538 2003 Θεὸν
3593 1948 3650 2000 τὸ
3696 1947 3830 2014 ἅγιον

2275 2042 2495 2114 Πνεῦμα
2541 2042 2634 2095 τοῦ
2673 2041 2829 2096 Θεοῦ.
2887 2042 3220 2096 Ἐπιστέλλει
3267 2042 3323 2095 δὲ
3360 2041 3456 2094 καὶ
3501 2039 3636 2111 πρὸς
3662 2039 3834 2099 αὐτοὺς

2273 2133 2414 2188 οὕτω
2451 2151 2552 2188 που
2573 2152 2588 2165 ⁵
2623 2153 2641 2185 ι
2679 2136 2918 2205 Ψυχικοὶ
2952 2135 3175 2204 Πνεῦμα
3207 2134 3280 2204 μὴ
3302 2133 3519 2204 ἔχοντες
3543 2147 3560 2165 ο
3600 2151 3617 2181 ι
3653 2131 3738 2184 καὶ
3757 2125 3835 2182 as-

2274 2221 2359 2286 Θις
2384 2239 2397 2252 ⁸
2429 2242 2447 2274 ι
2486 2223 2732 2294 Ψυχικὸς
2763 2223 2890 2295 [154
2919 2222 2974 2294 ιι]
3002 2223 3059 2276 δὲ
3107 2223 3392 2293 ἄνθρωπος
3437 2223 3498 2276 οὐ
3548 2222 3753 2292 δέχεται
3778 2218 3835 2270 τὰ

2272 2315 2364 2368 τοῦ
2396 2315 2713 2385 Πνεῦμα-τος
2739 2315 2832 2368 τοῦ
2860 2315 2994 2368 Θεοῦ
3018 2331 3031 2344 ·
3061 2315 3242 2386 μωρία
3265 2314 3371 2385 γὰρ
3399 2314 3549 2385 αὐτῷ
3575 2316 3731 2374 ἐστιν,
3756 2312 3834 2363 καὶ

2271 2409 2333 2461 οὐ
2389 2408 2612 2461 δύναται
2662 2408 2886 2476 γνῶναι.
2931 2409 2988 2461 '0
3034 2407 3090 2460 δὲ
3164 2407 3539 2478 πνευματικὸς
3585 2405 3837 2475 ἀνακρίνει

2277 2500 2372 2570 μὲν
2402 2501 2627 2564 πάντας,
2657 2501 2816 2564 αὐτὸς
2840 2501 2896 2554 δὲ
2928 2499 3020 2552 ὑπ’
3054 2499 3264 2563 οὐδενὸς
3292 2500 3667 2571 ἀνακρίνεται.
3697 2517 3716 2549 ι
3744 2495 3838 2550 Καὶ

2275 2590 2458 2653 πάλιν,
2488 2591 2549 2644 τὸ
2583 2591 2716 2662 πρὸς
2736 2590 2834 2661 τὴν
2870 2591 3038 2661 μόνην
3069 2591 3435 2661 ἡμερωτάτην
3467 2591 3630 2662 φύσιν
3654 2588 3839 2643 ἐπίκοι-

2273 2701 2360 2736 νον
2413 2683 2508 2736 τοῦ
2541 2684 2695 2752 ἁγίου
2730 2683 3044 2754 Πνεῦματος
3071 2683 3267 2753 δηλῶν,
3295 2682 3430 2755 ἔφη’
3474 2704 3492 2735 ι
3539 2683 3607 2737 El'
3638 2699 3716 2746 τις
3745 2695 3842 2733 κοιο

2273 2778 2436 2830 νωνία
2483 2775 2818 2846 Πνεύματος.
2859 2795 2875 2826 i
2915 2777 3216 2846 Σαρκικοὺς
3249 2777 3326 2840 δὲ,
3369 2777 3404 2849 ἢ
3455 2776 3671 2848 χοῖκοὺς
3711 2771 3844 2828 καλεῖ

2271 2867 2396 2929 τοὺς
2429 2868 2494 2936 τῇ
2527 2868 2596 2936 γῇ
2642 2865 3138 2929 κατανενευκόταςο
3178 2866 3366 2938 ἐπειδὴ
3416 2868 3688 2940 ἀκρασίαν
3736 2864 3843 2916 λυτ-

2270 2957 2493 3020 τῶντες,
2530 2958 2623 3010 καὶ
2663 2955 2733 3010 τά
2762 2955 3160 3027 διαϐεϐλημένα
3201 2962 3313 3022 τοῖς
3358 2963 3570 3030 τιμίοις
3617 2972 3844 3028 παραμε-

2272 3047 2548 3119 τροῦντες,
2599 3050 2694 3102 καὶ
2747 3053 2860 3112 τοῖς
2921 3049 3126 3112 ὑλικοῖς
3163 3051 3582 3123 ὑποκαθήμενοι
3619 3049 3842 3108 πάθεσιν,

2274 3139 2368 3190 καὶ
2392 3138 2594 3190 ὡσανεὶ
2624 3136 2869 3209 βορϐόρῳ
2901 3141 3019 3202 ταῖς
3049 3140 3303 3210 αἰσχραῖς
3331 3141 3422 3193 ἀεὶ⁵
3453 3137 3847 3209 ὲγκυλινδούμε·

597 3230 742 3285 niam
778 3245 901 3284 cum
930 3229 984 3283 in
1025 3230 1498 3297 intemperantiam
1541 3231 1652 3300 (50)
1693 3232 1879 3287 rabide
1910 3209 2170 3300 ferantur,

2275 3247 2355 3282 νοι
2402 3228 2686 3298 πράξεσιν,
2721 3230 2816 3282 καὶ
2847 3229 3001 3282 αὐτοὶ
3036 3230 3373 3302 παράλληλοί
3411 3250 3533 3296 πως
3565 3235 3677 3290 τοῖς
3708 3230 3847 3300 ψυχι-
3938 3219 3944 3226 ’

597 3331 654 3376 ει
688 3336 776 3388 ea,
822 3335 943 3390 qua:
993 3321 1347 3389 vituperanda
1401 3331 1550 3386 sunt,
1588 3338 1706 3376 cum
1756 3323 1821 3376 iis
1870 3323 2168 3390 conferant,

599 3428 720 3483 quae
750 3414 802 3466 in
827 3413 1000 3482 pretio
1031 3411 1219 3466 haberi
1245 3412 1462 3478 debent,
1491 3421 1544 3466 et
1585 3414 1958 3469 materialibus
2001 3416 2171 3486 subji-

597 3504 811 3558 ciantur
836 3504 1196 3573 passionihus,
1231 3510 1285 3556 et
1330 3504 1383 3556 in
1432 3503 1680 3572 turpibus
1711 3505 2034 3570 actionibus,
2067 3507 2174 3561 vel-

597 3597 674 3652 uti
740 3596 793 3650 in
836 3610 1015 3660 anno,
1069 3610 1285 3663 semper
1334 3595 1662 3660 volutentur,
1713 3596 1812 3666 ipsi
1855 3598 2015 3651 etiam
2051 3599 2172 3652 aui-

600 3686 830 3741 malibus
871 3685 1176 3740 hominibus
1210 3702 1368 3756 pares
1392 3687 1792 3753 quodammodo
1821 3689 1996 3754 liunt;
2047 3706 2168 3744 nam

597 3777 821 3848 perinde
862 3778 1016 3848 quasi
1053 3778 1106 3831 in
1153 3779 1400 3846 utrisque
1433 3779 1628 3832 auium
1678 3781 2011 3848 perspicacia
2058 3781 2171 3850 (5i)

596 3870 830 3941 quadam
860 3871 1180 3940 lippitudine
1222 3872 1480 3940 impedita
1538 3889 1602 3926 ac
1632 3873 1806 3928 velata
1855 3874 1949 3939 sit,
1994 3876 2170 3930 neutri

599 3961 890 4014 illuminari
935 3970 1164 4030 possunt
1213 3978 1240 4013 a
1281 3976 1498 4030 semper
1535 3964 1652 4016 viva
1725 3973 1778 4017 et
1816 3978 2005 4019 serena
2053 3965 2173 4022 luce

595 4051 831 4120 Spiritus
861 4052 1055 4113 sancti,
1085 4051 1179 4106 sed
1205 4050 1532 4107 decrescunt
1553 4054 1618 4127 in
1652 4054 1766 4108 dies
1795 4071 1858 4108 ae
1886 4056 2170 4123 prolabum

600 4155 709 4210 tur,
739 4159 804 4198 ac
831 4144 997 4198 veluti
1030 4154 1362 4212 unguentum
1400 4145 1512 4200 luto
1543 4148 1888 4201 commistqu
1951 4149 2172 4202 omnino

594 4246 824 4306 pereunt
852 4255 866 4290 :
899 4251 966 4291 ne
1005 4236 1137 4289 illud
1169 4238 1386 4306 quidem
1434 4237 1666 4293 fortasse
1698 4239 2082 4309 iutelligentes,
2112 4257 2171 4297 se

596 4329 687 4380 illo
716 4330 854 4381 hono
884 4329 1105 4396 privari,
1138 4329 1280 4397 quod
1311 4345 1474 4382 unum
1523 4345 1588 4383 ac
1621 4330 1793 4384 solum
1835 4331 2031 4386 bonum
2066 4342 2168 4388 est.

595 4421 865 4485 Quantum
913 4421 1055 4474 enim
1101 4420 1172 4474 sit
1205 4421 1477 4486 damnum,
1518 4423 1660 4490 quod
1703 4423 1824 4476 inde
1856 4425 2050 4488 oritur,
2080 4434 2171 4478 aut

597 4512 774 4580 potius
805 4511 1112 4564 omnimoda
1159 4512 1410 4580 perditio,
1445 4527 1601 4566 nemo
1648 4515 1833 4567 verbis
1865 4515 2170 4582 exprimere

597 4610 808 4671 potest,
863 4601 964 4655 etsi
1003 4602 1152 4655 omni
1207 4602 1401 4656 mentis
1427 4613 1624 4656 conatu
1668 4613 1850 4656 utatur
1915 4619 1978 4657 ac
2020 4606 2172 4657 vehe-

597 4696 820 4748 mentia.
868 4695 942 4747 De
968 4695 1051 4748 his
1093 4710 1255 4763 porro
1286 4695 1450 4747 etiam
1494 4695 1573 4749 sic
1607 4695 1902 4764 loquuntur
1928 4694 2170 4764 Scriptu-

596 4800 692 4842 ιω.
729 4787 868 4840 Dens
902 4787 1122 4855 quidem
1161 4786 1212 4840 in
1240 4786 1434 4842 Genesi
1464 4788 1576 4841 ait:
1613 4805 1631 4837 ι
1660 4785 2010 4856 Nequaquam
2056 4787 2168 4856 (52)

666 4985 776 5055 (45)
819 4982 940 5055 Non
961 4986 1106 5039 estis.
1136 4983 1294 5039 Rom.
1330 5001 1446 5049 vm,
1478 4986 1531 5055 9.
1591 5015 1594 5019 ι

668 5051 778 5127 (44)
826 5053 1061 5110 Fratres.
1096 5055 1268 5109 Galat.
1296 5073 1369 5127 v_|,
1405 5062 1450 5108 ι.
1490 5053 1661 5127 Voces
1689 5052 1750 5117 ἐξ
1774 5051 1950 5123 ὑμῶν,
1981 5051 2034 5105 id
2062 5060 2165 5118 est,

602 5145 623 5180 ι
659 5125 724 5182 ex
748 5129 920 5187 vobis,
951 5143 970 5176 ι
1000 5127 1190 5179 desunt
1219 5128 1269 5177 in
1299 5125 1484 5180 Graeca
1514 5125 1766 5178 editione.

668 5197 779 5268 (45)
807 5197 1054 5268 Spiritus.
1091 5195 1298 5268 Da_n._v,
1329 5196 1396 5268 1:5
1423 5203 1538 5268 (seu
1585 5195 1668 5261 12)
1695 5210 1726 5268 ;_
1744 5209 1815 5268 vl,
1842 5192 1895 5246 3.

667 5263 779 5338 (46)
822 5265 1316 5338 ᾼιιὶιιιαίεεηερὶει.
1350 5263 1676 5338 Judtevers.
1707 5264 1793 5338 l9_.

667 5331 1095 5408 ('47,)HAnimalis.
1130 5331 1303 5390 lCur.
1347 5352 1406 5402 ιι,
1464 5333 1530 5386 14
1564 5373 1579 5400 ,
1614 5334 1701 5387 15.
1769 5332 1898 5387 Vide
1939 5341 2053 5388 not.
2111 5331 2165 5398 1,

634 5406 716 5462 εει.
741 5406 833 5460 55.

594 5423 1024 5544 pastinum“.
1067 5474 1251 5529 Graeca
1279 5474 1442 5529 editio
1484 5484 1537 5528 et
1563 5471 1720 5543 Vulg.
1749 5473 2018 5543 interpres
2063 5470 2162 5525 ha-

591 5546 724 5606 bent
747 5547 944 5610 πάντα,
977 5546 1026 5599 id
1055 5556 1135 5598 est
1163 5563 1180 5594 ι
1222 5546 1422 5598 omnia.
1457 5563 1478 5598 ι

818 5615 1020 5698 Siqua.
1054 5615 1284 5698 Philipp.
1320 5631 1382 5681 ιι,
1500 5613 1838 5698 Yidesegmz
1855 5611 1924 5666 78

816 5685 879 5739 In
906 5682 1371 5756 intemperantiam.
1403 5685 1604 5755 Codex,
1637 5682 1931 5755 ἀκρασίαν.
1957 5682 2167 5737 Fortas-

594 5770 652 5816 ιε
676 5755 958 5828 legendum
991 5755 1125 5827 πρὸς
1171 5755 1459 5828 ἀκρασίαν.

2275 3324 2389 3383 κοῖς
2425 3320 2753 3373 καθεστᾶσιν
2819 3321 2906 3384 Ὠς
2931 3319 3040 3391 γὰρ
3071 3321 3174 3373 ὑπό
3203 3339 3346 3386 τινος
3381 3323 3573 3394 λήμης
3606 3322 3666 3375 τὸ
3689 3322 3848 3391 διορα-

2271 3412 2419 3466 τικὸν
2459 3413 2556 3483 τῆς
2592 3412 2768 3482 ψυχῆς
2801 3411 2968 3482 ἄμφω
3004 3414 3454 3485 ἐπισκεπόμενοι,
3515 3416 3580 3469 οὐ
3622 3416 3850 3468 δύνανται

2273 3505 2725 3574 καταλάμπεσθαι
2755 3506 2858 3559 ὑπὸ
2901 3506 2996 3559 τοῦ
3031 3507 3260 3571 ἀειζώου
3300 3509 3398 3562 καὶ
3445 3509 3652 3562 ἀπόνου
3698 3505 3852 3576 φωτὸς

2273 3596 2364 3649 τοῦ
2397 3596 2550 3664 ἁγίου
2607 3597 2918 3667 Πνεῦματος
2941 3615 2956 3630 ο
3000 3598 3114 3652 ἀλλ’
3146 3601 3203 3651 ἐν
3243 3600 3574 3654 ἀπο-πτώσει
3607 3601 3849 3669 γίνονται,

2274 3688 2366 3740 καὶ
2388 3689 2684 3758 ἐσπάμπαν
2714 3689 3062 3755 ἀπόλλυνται,
3101 3690 3177 3755 ὡς
3213 3691 3387 3763 μύρον
3439 3692 3690 3765 βορϐόρῳ
3729 3708 3852 3759 συμ-

2274 3779 2478 3831 πλακέν
2500 3795 2513 3807 ·
2550 3778 2670 3832 οὐδὲ
2699 3780 2969 3844 συνιέντες
2998 3781 3156 3852 τάχα,
3187 3781 3261 3845 ὡς
3293 3783 3390 3836 τοῦ
3423 3785 3550 3848 ἑνὸς
3587 3784 3680 3838 καὶ
3712 3783 3854 3853 μόνου

2273 3869 2592 3942 στεροῦνται
2631 3870 2856 3939 ἀγαθοῦ.
2894 3872 3105 3942 Πηλίκη
3145 3873 3254 3942 γὰρ
3291 3874 3323 3943 ἡ
3379 3875 3642 3929 ἐντεῦθεν
3682 3873 3854 3944 ζημία,

2275 3964 2474 4035 μᾶλλον
2509 3964 2566 4017 δὲ
2598 3963 2864 4034 παντελὴς
2893 3964 3156 4031 ἀπώλεια,
3185 3967 3364 4030 οὐδεὶς
3397 3967 3552 4040 λόγῳ
3589 3966 3854 4040 παραστῆ·

2274 4073 2362 4108 σαι
2392 4055 2633 4118 δύναται,
2676 4054 2779 4108 κᾶν
2811 4057 2958 4128 πάσῃ
2987 4059 3251 4129 χρήσηται
3282 4058 3536 4126 διανοίας
3578 4058 3854 4131 ὑπερϐολῇ.

2272 4148 2584 4220 Διαγορεύει
2609 4148 2664 4200 δὲ
2694 4149 2784 4201 καὶ
2817 4151 2944 4222 περὶ
2972 4152 3173 4203 τούτων
3205 4153 3232 4204 ὁ
3285 4153 3387 4221 μὲν
3416 4153 3558 4219 Θεὸς
3594 4155 3652 4208 ὲν
3678 4156 3743 4225 τῇ
3774 4151 3850 4204 Γε·

2271 4240 2413 4292 νέσει
2461 4240 2684 4293 τοιῶσδε
2711 4257 2723 4269 ·
2758 4261 2775 4291 ι
2814 4242 2887 4294 Οὐ
2929 4241 3004 4312 μὴ
3045 4241 3350 4315 καταμείνῃ
3391 4245 3457 4298 τὸ
3505 4245 3734 4316 Πνεῦμά
3770 4257 3856 4313 μου

2271 4333 2328 4383 ἐν
2351 4335 2462 4393 τοῖς
2497 4331 2804 4402 ἀνθρώποις
2830 4333 3042 4396 τούτοις
3071 4335 3151 4395 είς
3174 4335 3262 4387 τὸν
3285 4336 3492 4400 αἰῶνα,
3529 4337 3620 4391 διὰ
3655 4337 3712 4392 τδ
3739 4331 3859 4388 εἶναι
3931 4392 3941 4400 ,

2271 4422 2465 4484 αὐτοὺς
2505 4422 2715 4493 σάρκας
2742 4437 2758 4452 ⁸
2791 4442 2808 4474 ι
2840 4425 2868 4475 ό
2907 4423 2962 4475 δὲ
2997 4423 3238 4486 Παῦλοςο
3275 4443 3292 4474 ι
3329 4422 3464 4490 Οἷος
3511 4429 3542 4480 ὁ
3574 4429 3751 4499 χοῖκὸς
3780 4427 3860 4479 ἄν·

2273 4512 2508 4582 θρωπος,
2553 4513 2782 4567 τοιοῦτοι
2833 4515 2927 4568 καὶ
2961 4517 3008 4568 oi
3049 4516 3250 4585 χοϊκοί·
3280 4519 3377 4570 καὶ
3417 4514 3535 4584 οἷος
3575 4524 3605 4574 ὁ
3640 4516 3858 4590 ὲπουρᾶ·

2271 4621 2400 4668 νιος,
2444 4605 2675 4658 τοιοῦτοι
2719 4607 2811 4660 καὶ
2863 4610 2912 4660 οἱ
2957 4606 3303 4676 ἐπουράνιοι·
3356 4631 3374 4662 ο
3448 4615 3483 4682 ἡ
3554 4613 3614 4665 δὲ
3667 4611 3856 4678 Σοφία’

2277 4716 2295 4748 ι
2328 4697 2539 4750 Σκολιοὶ
2581 4700 2689 4769 γάρ
2717 4701 2967 4770 λογισμοὶ
3003 4701 3328 4772 χωρίζουσιν
3359 4705 3479 4758 ἀπὸ
3520 4705 3659 4760 Θεοῦ
3684 4722 3698 4735 ·
3735 4705 3861 4757 δοκι-

2273 4785 2553 4857 μαζομὲνη
2597 4788 2652 4841 δὲ
2699 4791 2732 4860 ἡ
2761 4789 2990 4860 δύναμις
3049 4791 3260 4861 ἐλέγχει
3293 4791 3428 4864 [154
3455 4794 3512 4866 b]
3547 4797 3678 4859 τοὺς
3710 4794 3863 4863 ἀφρο-

2350 4983 2463 5053 (51)
2499 4981 2863 5061 perspicacia.
2915 4983 2969 5038 In
3006 4985 3214 5061 Graeco.
3243 4988 3588 5061 Stopartxdv.
3632 4989 3688 5043 In
3725 5002 3862 5061 com:

2282 5051 2562 5127 meritoriis
2609 5055 2670 5127 in
2701 5051 2939 5127 Psalmos
2983 5059 3214 5111 advers.
3251 5051 3566 5127 lTpsalmi
3613 5077 3762 5120 cxnt,
3808 5053 3861 5107 τὸ

2284 5125 2392 5175 πᾶν
2415 5124 2718 5193 διορατικὺν
2747 5124 2902 5192 γένος
2930 5135 3082 5180 vocat
3118 5144 3306 5184 omnes
3341 5124 3608 5186 homines
3635 5140 3864 5186 εοιιιειιι-

2277 5194 2494 5262 plationi
2531 5195 2760 5249 deditos.

2294 5297 2298 5303 ι
2351 5262 2871 5333 (52)_Nequaquam.
2903 5262 3039 5318 Gen.
3073 5283 3144 5332 vn,
3183 5267 3234 5321 5.
3266 5267 3449 5323 Simili
3485 5273 3656 5325 modo
3693 5269 3758 5321 ad
3786 5282 3865 5320 ca-

2274 5330 2371 5409 put
2402 5349 2438 5386 ιι
2468 5330 2716 5409 Epistulae
2743 5334 2925 5409 primae
2949 5333 3089 5390 Petri
3109 5330 3184 5390 ait
3217 5339 3487 5409 Didymus
3523 5359 3537 5393 :
3581 5361 3600 5392 σ
3639 5341 3866 5409 Carneus

2268 5404 2435 5474 enim,
2470 5403 2589 5474 __qui
2640 5403 2889 5474 venditus
2919 5414 3002 5457 est
3036 5409 3134 5460 snh
3175 5403 3425 5474 peccato,
3471 5423 3746 5470 vocatur;
3780 5408 3860 5460 sed

2269 5472 2431 5524 etiam
2469 5471 2568 5541 illi,
2597 5473 2687 5538 qui
2713 5474 3058 5528 vehementer
3086 5471 3421 5531 inclinantur
3445 5482 3519 5534 ad
3555 5494 3794 5541 carnem,
3817 5483 3865 5527 et

2268 5551 2458 5595 sancto
2478 5539 2679 5615 Spiritu
2729 5542 3054 5615 desolantur,
3105 5559 3392 5615 pr0pterea
3436 5567 3642 5605 carnes
3677 5539 3869 5602 nuneu-

2266 5621 2487 5680 pantur,
2516 5611 2730 5685 dicente
2762 5611 2865 5685 illis
2903 5615 3012 5668 Deo
3042 5633 3055 5670 :
3093 5611 3119 5667 ἱ
3151 5611 3266 5669 Non
3297 5621 3662 5685 permanebit
3705 5619 3866 5684 Spiri-

2271 5691 2570 5762 ttIsAmetts
2628 5682 2770 5739 inter
2833 5681 3084 5743 homines
3132 5681 3313 5756 istos,‘
3340 5701 3416 5744 eo
3477 5693 3631 5762 quod
3689 5681 3868 5746 carnes

2270 5760 2415 5808 sunt.
2459 5770 2476 5803 ι
