4082 6406
1309 239 1341 256 Δ

350 379 437 434 ιιι

1368 378 1458 436 DE
1496 378 1869 437 TRINI'I'ATE
1907 383 2110 439 LIBER
2150 383 2541 441 SECUNDUS.

3493 390 3600 446 762

338 509 461 551 νας·
519 496 601 549 ὅτι
648 497 728 560 είς
786 497 1112 570 κακότεχνον
1162 498 1341 571 ψυχὴν
1400 501 1500 554 οὐκ
1553 503 1892 558 εἰσελεύσετα

2017 506 2351 574 permanebit
2377 505 2613 573 Spiritus
2650 521 2801 562 meus
2833 507 2885 561 in
2944 508 3253 565 hominibus
3278 509 3367 565 his
3392 510 3447 565 in
3491 525 3597 568 sa:-

337 600 514 656 σοψια,
544 587 664 641 οὐδὲ
699 593 1016 661 κατοικήσει
1059 593 1117 645 ἐν
1165 591 1377 662 σώματι
1411 595 1696 666 καταχρεῳ
1733 597 1913 666 ἁμαρ-

329 690 466 739 τιας.

2023 598 2222 660 culum,
2259 600 2381 668 quia
2415 615 2607 654 carnes
2636 611 2780 654 sunt.
2822 620 2841 651 ι
2875 599 3076 656 Paulus
3102 613 3283 656 autem
3324 621 3338 658 :
3381 621 3400 655 ι
3439 604 3590 672 Qua-

2024 691 2087 742 lis
2118 691 2229 762 (53)
2268 704 2513 748 terrenus
2544 695 2724 758 homo,
2759 695 2892 750 tales
2915 697 3080 750 etiam
3115 699 3338 759 terreni,
3379 708 3432 751 et
3461 713 3598 766 qua-

331 763 395 822 lis
441 768 704 834 caelestis,
752 771 886 826 tales
937 781 993 826 et
1024 773 1295 830 caelestes.
1332 793 1351 828 ι
1392 776 1668 846 Sapientia
1721 794 1891 833 vero:
1940 800 1958 832 ‹
1998 777 2278 836 Ρθτνθτειυ
2340 783 2456 850 (5i)
2483 786 2626 836 enim
2691 788 3050 854 cogitationes
3093 799 3346 853 separant
3387 805 3415 841 a
3447 763 3594 842 Deo:

327 859 552 926 probata
592 873 770 916 autem
815 863 977 934 292
1044 877 1282 935 potestas
1352 870 1577 937 corripit
1625 871 1977 939 insipientes:
2019 875 2270 943 quoniam
2333 877 2384 931 in
2436 878 2732 932 maleficam
2776 881 3013 934 animam
3063 897 3169 934 nou
3223 881 3466 936 introibit
3510 895 3601 934 sa-

326 953 551 1019 pientia,
591 969 691 1009 nec
733 955 995 1011 habitabit
1027 959 1078 1012 iu
1115 975 1343 1029 corpore
1385 963 1604 1016 subdito
1628 962 1740 1033 (55)
1771 975 2016 1032 peccato.
2053 985 2072 1017 ι

967 1058 1122 1109 ΚΕΦ.
1167 1059 1297 1113 KA'.

390 1141 505 1210 Οὐχ
567 1141 642 1206 ὼς
689 1145 985 1214 αἱρετικοίς
1027 1146 1195 1211 δοκεῖ,
1249 1148 1338 1202 διὰ
1384 1149 1444 1202 τὺ
1473 1148 1788 1215 δοξάζεσθαι
1822 1169 1914 1206 τον

319 1230 453 1284 Θεὸν
476 1237 534 1286 ἐν
557 1234 634 1305 τῷ
662 1235 799 1306 ἁγίῳ
830 1238 1128 1308 Πνεῦματι,
1171 1241 1264 1293 καὶ
1292 1242 1349 1294 ἐν
1371 1243 1540 1313 αὐτῷ,
1566 1245 1705 1298 καθά
1727 1245 1794 1297 δι’
1823 1246 1914 1316 ὀρ-

317 1324 489 1392 γάνου
535 1326 702 1390 τινὸς,
747 1330 924 1382 πᾶσαν
974 1331 1230 1404 λατρείαν
1275 1334 1713 1404 ἀναπέμπεσθαι,
1767 1337 1913 1406 λέγει

328 1417 590 1490 Ἰωάννης
625 1419 754 1490 μέν’
797 1440 814 1471 ι
850 1422 986 1485 Τοὺς
1008 1422 1063 1474 δὲ
1095 1425 1532 1495 προσκυνοῦντας
1559 1427 1650 1479 τὸν
1671 1428 1823 1491 Θεὸν,
1856 1431 1912 1481 ἐν

315 1510 595 1580 πνεύματι
639 1514 732 1565 καὶ
755 1513 979 1585 ἀληθεία
1021 1515 1098 1567 δεῖ
1127 1522 1448 1584 προσκυνεῖν
1469 1537 1483 1549 ο
1519 1539 1538 1571 ι
1574 1521 1783 1585 Παῦλος
1815 1522 1870 1575 δέ
1896 1540 1908 1552 ο

317 1620 335 1652 ι
367 1603 566 1667 Οὐδεὶς
623 1603 842 1658 δύναται
901 1609 1074 1661 εἰπεῖν
1125 1609 1328 1681 Κύριον
1364 1612 1591 1682 Ἰησοῦν,
1641 1615 1688 1666 εἰ
1734 1614 1808 1685 μὴ
1853 1617 1910 1667 ἐν

217 1763 222 1766 _
310 1692 600 1764 Πνεῦματι
623 1695 781 1766 ἁγίῳ,
827 1716 844 1748 ι
878 1699 971 1750 καὶ
1000 1699 1098 1751 ὅσα
1123 1701 1370 1756 τοιαῦτα.
1400 1701 1650 1756 Μάλιστα
1680 1704 1777 1774 μὲν
1801 1705 1908 1777 γὰρ

2634 1065 2786 1122 CAP.
2826 1065 2972 1124 XXI.

2091 1156 2275 1227 Neque
2306 1172 2453 1218 vero.
2493 1168 2548 1210 ut
2578 1158 2850 1213 haereticis
2883 1159 3116 1222 videtur,
3170 1173 3235 1214 eo
3282 1158 3425 1229 quod
3455 1159 3596 1214 Deus

2018 1251 2350 1322 gloriﬁretur
2387 1251 2438 1304 in
2477 1237 2683 1319 Spiritu
2710 1261 2926 1315 sancto,
2979 1260 3035 1304 et
3084 1251 3136 1304 in
3172 1267 3255 1317 eo,
3299 1252 3450 1320 quasi
3499 1267 3598 1320 per

2020 1357 2280 1412 organum
2329 1344 2623 1412 quoddam,
2685 1344 2864 1396 omnis
2923 1344 3096 1395 cultus
3149 1343 3254 1396 Deo
3310 1344 3595 1407 offeratur,

2022 1435 2139 1489 ideo
2169 1435 2295 1488 dicit
2324 1433 2557 1488 Joannes
2608 1436 2865 1503 quidem:
2916 1454 2933 1487 ι
2973 1437 3075 1490 Eos
3115 1445 3292 1490 autem
3326 1436 3460 1506 (56-),
3503 1437 3598 1506 qui

2020 1529 2247 1581 adurant
2287 1529 2474 1592 Deum,
2508 1530 2558 1581 in
2603 1530 2794 1596 spiritu
2829 1539 2880 1581 et
2922 1531 3152 1583 veritate
3217 1539 3432 1598 oportet
3501 1531 3597 1582 ad-

2018 1633 2203 1678 urare;
2261 1637 2278 1669 ι
2327 1617 2524 1672 Paulus
2558 1633 2730 1671 vero:
2767 1637 2782 1669 ι
2829 1617 2994 1672 Nemo
3039 1618 3149 1689 (57)
3186 1628 3362 1688 potest
3413 1619 3596 1671 dicere.

2021 1709 2308 1761 Dominum
2339 1706 2520 1760 Jesum
2549 1748 2563 1772 ,
2596 1707 2696 1760 nisi
2735 1710 2784 1759 in
2821 1706 3022 1776 Spiritu
3051 1721 3271 1772 saneto;
3308 1727 3328 1756 ι
3355 1715 3409 1760 et
3441 1708 3596 1761 simi-

305 1785 388 1850 τὸ,
440 1803 464 1836 ί
513 1786 600 1839 Ἐν
641 1789 908 1859 πνεύματι
966 1791 1060 1844 καὶ
1119 1792 1346 1865 ἀληθεία
1388 1792 1468 1846 δεῖ
1505 1798 1846 1865 προσκυνεῖν,
1886 1816 1898 1848 ι

2013 1801 2104 1855 Iia.
2158 1801 2287 1854 Illud
2320 1803 2484 1866 enim,
2533 1820 2550 1852 ι
2582 1801 2637 1854 In
2667 1802 2858 1870 spiritu
2890 1812 2942 1854 et
2970 1803 3197 1854 veritate
3229 1811 3445 1868 oportet
3501 1799 3594 1850 ad-

302 1878 435 1930 ἀντ’)⁵
473 1877 588 1941 τοῦ,
626 1879 686 1943 ἐξ
725 1881 852 1951 ὅλης
881 1882 1059 1955 ψυχῆς
1085 1885 1176 1937 καὶ
1209 1887 1606 1958 ἁνυποκρίτως,
1655 1884 1806 1940 εἶπεν
1837 1891 1902 1960 τῇ

301 1969 669 2040 Σαμαρείτιδι
715 1973 744 2023 ό
773 1975 982 2046 Σωτὴρ,
1019 1975 1313 2049 νομιζούσῃ
1354 1980 1410 2031 ὲν
1440 1979 1588 2050 τόπῳ
1616 1980 1906 2051 ὡρισμένῳ

297 2060 395 2114 τὸν
453 2062 585 2115 Θεὸν
635 2067 1079 2135 προσκυνεῖσθαι,
1130 2071 1222 2123 καὶ
1271 2071 1502 2143 λεγούσῃ
1562 2072 1745 2143 αὐτῷ’
1787 2092 1804 2123 ι
1841 2073 1903 2125 Ol

298 2154 552 2226 πατέρες
582 2157 637 2208 ἐν
667 2156 744 2228 τῷ
775 2157 889 2230 ὄρει
921 2159 1094 2232 τούτῳ
1121 2161 1210 2215 τὸν
1244 2163 1375 2217 Θεὸν
1415 2165 1848 2236 προσεκύνησαν.
1881 2185 1898 2216 ι

298 2243 434 2298 Ὅτι
477 2247 586 2318 γὰρ
615 2248 696 2318 τῷ
730 2250 870 2320 ἁγίῳ
910 2251 1210 2323 Πνεῦμα-τι,
1246 2253 1320 2317 ὡς
1355 2256 1495 2326 θεῷ,
1536 2256 1904 2327 προσκύνησις

296 2340 399 2392 καὶ
465 2339 688 2411 λατρεία
737 2344 1127 2415 προσφέρεται,
1190 2347 1402 2410 Παῦλος
1451 2348 1724 2419 ἔγραψενο
1770 2368 1787 2399 ι
1841 2352 1904 2402 υἱ

296 2429 596 2500 Πνεύματι
625 2431 758 2486 Θεοῦ
784 2433 1188 2507 λατρεύοντες.»
1215 2438 1344 2491 Είδὲ
1373 2439 1446 2510 μὴ
1479 2440 1790 2493 καταϐαίνει
1815 2442 1904 2494 αὺ-

293 2526 417 2585 τοῖς
471 2524 695 2593 ῆόντως
717 2525 964 2597 ἀλήθεια,
1002 2531 1369 2596 ἁκουέτωσαν,
1404 2533 1486 2584 ὅτι
1541 2534 1756 2598 οῦκουν,
1817 2535 1902 2586 Ἑν

295 2615 591 2687 Πνεῦματι
617 2620 711 2670 καὶ
787 2618 923 2691 Ἰίῴ,
961 2618 1130 2676 εἶπεν.
1164 2625 1336 2687 Αὐτὸς
1371 2625 1476 2696 γὰρ
1518 2627 1646 2695 παρ’
1684 2626 1901 2696 Ἰωάννῃ

293 2713 457 2783 λέγει
476 2730 489 2743 ·
524 2731 542 2763 ι
591 2712 732 2781 Ἐγώ
763 2714 878 2784 εἰμι
905 2716 936 2784 ἡ
968 2714 1213 2785 ἀλήθεια.
1247 2735 1264 2766 ι
1298 2716 1405 2769 Καὶ
1429 2715 1486 2766 ὃν
1516 2717 1713 2786 τρόπον
1742 2717 1799 2767 ὲν
1826 2713 1903 2785 τῷ

296 2806 423 2878 Υῖῷ
477 2805 910 2876 προσκυνοῦντες
961 2809 1052 2860 τὸν
1090 2808 1325 2880 Πατέρα,
1364 2808 1776 2878 προσκυνοῦμεν
1811 2809 1902 2861 καὶ

295 2902 391 2953 τὸν
438 2900 611 2961 Υἰὸν,
661 2900 750 2952 τὸν
809 2900 922 2953 ἴσον
976 2901 1176 2972 τρόπον
1226 2904 1284 2954 ἐν
1332 2900 1409 2972 τῷ
1455 2901 1593 2972 ἁγίῳ
1625 2901 1901 2971 ΙΙνεύματι

296 2991 764 3065 προσκυνοῦντες,
811 2993 1335 3064 συμπροσκυνοῦμεν
1379 2995 1473 3046 καὶ
1529 2995 1678 3048 αὐτό.
1711 2995 1782 3045 Τὸ
1823 2994 1896 3058 δὲ,

301 3102 320 3135 ι
356 3083 557 3145 υῦδεὶς
589 3083 808 3136 δύναται
847 3087 1019 3136 εἰπεῖν
1081 3084 1281 3154 Κύριον
1327 3084 1553 3156 Ἰησοῦν,
1617 3087 1666 3137 εἰ
1712 3085 1786 3157 μὴ
1842 3087 1900 3138 ὲν

2012 1906 2190 1953 orare,
2222 1909 2241 1941 ›
2275 1891 2374 1943 hoc
2403 1891 2743 1958 potissimum
2789 1904 2949 1943 sensu
2990 1890 3160 1957 accipi
3205 1890 3385 1954 debet,
3421 1901 3480 1940 ut
3514 1887 3611 1941 si--

2013 1983 2230 2051 guilicet
2256 1998 2269 2034 :
2302 1981 2377 2033 Ex
2408 1991 2518 2034 tota
2553 1982 2756 2046 anima,
2791 1992 2842 2034 et
2872 1981 2988 2035 sine
3019 1982 3402 2044 smmlatione;
3429 1980 3592 2049 idque

2015 2073 2371 2129 Samaritana:
2419 2074 2629 2127 mulieri
2667 2075 2802 2127 dixit
2830 2073 3104 2136 Salvator,
3138 2089 3256 2143 qua:
3290 2073 3456 2126 Detuu
3493 2075 3592 2128 de-

2014 2165 2164 2219 ﬁnito
2193 2166 2244 2218 in
2278 2164 2399 2218 loco
2428 2163 2764 2218 adorandum
2794 2178 2912 2217 esse
2945 2163 3189 2232 putabat,
3227 2173 3280 2217 et
3305 2163 3403 2231 ipsi
3431 2161 3592 2216 Chrin

2011 2267 2095 2312 sto
2124 2257 2335 2310 dixerat
2364 2274 2376 2309 :
2420 2275 2437 2307 ι
2471 2255 2658 2309 Patres
2685 2256 2796 2326 (58)
2825 2258 2876 2308 in
2925 2265 3108 2308 monte
3142 2255 3242 2308 hoc
3291 2255 3456 2308 Deum
3492 2254 3593 2306 ad-

2012 2359 2322 2402 oraverunt.
2347 2367 2364 2398 ι
2383 2346 2516 2401 Nam
2540 2349 2680 2418 quod
2704 2358 2891 2402 sancto
2915 2348 3156 2416 Spiritui,
3185 2359 3440 2414 tanquam
3460 2345 3592 2409 Deo,

2013 2442 2260 2494 adoratio
2327 2451 2382 2494 ct
2473 2442 2631 2495 Iatria
2690 2439 2969 2506 oﬁ‘eratur,
3033 2439 3232 2494 Paulus
3303 2439 3520 2508 scripsit
3571 2453 3589 2492 :

2015 2549 2034 2582 ι
2070 2532 2169 2597 Qui
2201 2531 2427 2601 Spiritui
2468 2533 2580 2604 (59)
2613 2532 2707 2587 Dei
2736 2534 3025 2598 servimus,
3067 2552 3085 2582 ι
3125 2548 3216 2586 seu
3249 2531 3466 2585 latriam
3490 2545 3590 2585 ex-

2012 2623 2278 2678 hibemus.
2313 2623 2425 2678 Nisi
2463 2636 2643 2678 autem
2676 2626 2720 2679 is
2756 2625 2940 2689 etiam,
2970 2624 3063 2693 qui
3103 2639 3226 2678 vere
3253 2632 3336 2678 est
3365 2623 3584 2685 veritas,

2011 2714 2160 2784 parvi
2187 2716 2253 2768 ab
2280 2716 2410 2785 ipsis
2438 2716 2646 2786 ﬁt(60),
2674 2731 2734 2771 ea
2766 2717 2951 2781 verba,
2993 2734 3012 2766 ι
3042 2717 3094 2769 lu
3125 2714 3329 2784 Spiritu
3356 2723 3410 2768 et
3437 2712 3588 2766 Veri-

2012 2815 2142 2871 tate,
2178 2826 2196 2859 ι
2231 2809 2309 2862 sic
2359 2808 2682 2876 intelligant,
2717 2818 2774 2861 ut
2803 2809 3135 2877 signiﬁcent,
3179 2810 3232 2862 in
3275 2807 3502 2876 Spiritu,
3533 2815 3589 2858 et

2010 2899 2180 2962 Filio;
2235 2914 2355 2952 nam
2395 2901 2510 2969 ipse
2560 2899 2728 2954 Filius
2765 2901 2905 2968 apud
2954 2897 3214 2954 Joannem
3245 2900 3358 2953 ait:
3400 2919 3418 2952 ι
3477 2900 3590 2969 Ego

2008 3004 2126 3043 sum
2169 2989 2282 3060 (ﬁll
2315 2988 2544 3044 Veritas.
2574 3009 2592 3043 ι
2624 2992 2689 3045 Et
2717 2993 3172 3062 quemadmodum
3201 2993 3252 3045 in
3287 2991 3424 3046 Filio
3454 2992 3586 3046 ado-

2012 3090 2196 3134 rantes
2251 3079 2490 3146 Patrem,
2550 3084 2836 3137 adoramus
2903 3085 3066 3136 etiam
3118 3080 3334 3146 Filium,
3393 3083 3584 3136 eodem

299 3175 589 3245 Πνεύμ;.τι
629 3175 788 3246 ἁγίῳ,
830 3196 847 3228 ι
883 3175 1040 3228 τοῦτο
1079 3177 1229 3247 δηλοῖ
1264 3178 1383 3230 ἀντὶ
1420 3177 1534 3241 τοῦ,
1571 3179 1898 3249 Alps-smpsi-

2007 3173 2164 3227 modo
2205 3173 2256 3227 in
2311 3173 2516 3244 Spiritu
2561 3186 2751 3230 sancto
2792 3175 3103 3242 adorantes,
3165 3177 3452 3228 adoramus
3511 3175 3588 3228 si-

300 3285 386 3338 χοι
429 3269 493 3321 οὺ
531 3269 818 3338 μετέχουσι
866 3268 959 3321 τοῦ
1008 3268 1187 3322 θεῖκοῦ
1234 3271 1577 3340 Πνευματοςο
1630 3273 1678 3322 οἱ
1733 3269 1788 3322 δὲ
1823 3270 1898 3341 μὴ

307 3357 626 3427 μετέχοντες
656 3358 936 3428 ἡνωμένου
972 3358 1138 3412 αὑτοῦ
1166 3359 1243 3430 τῷ
1285 3360 1396 3430 Υἰῴ
1419 3363 1482 3430 τῇ
1518 3359 1695 3428 φύσει,
1725 3360 1784 3412 οὐ
1809 3360 1899 3412 δυ-

309 3465 489 3501 ναυται
555 3449 653 3520 τὴν
711 3449 1177 3520 μνημονευθεῖσαν
1243 3450 1409 3513 ἀξίως
1475 3450 1637 3520 ῥῆξαι
1691 3450 1894 3521 φωνήν.

340 3542 704 3615 Ομιότροπον
732 3543 840 3613 γὰρ
870 3545 998 3614 περὶ
1032 3543 1130 3614 μὲν
1165 3543 1259 3596 τοῦ
1295 3543 1535 3615 Πατρὲρς.
1583 3585 1595 3597 .
1643 3584 1655 3596 .
1705 3583 1717 3596 .
1761 3583 1776 3597 .
1823 3585 1835 3598 .
1881 3581 1894 3595 .

2008 3264 2120 3318 mul
2152 3273 2206 3318 et
2257 3265 2429 3333 ipsum
2470 3264 2757 3336 Spiritum.
2815 3269 2948 3322 Illud
2973 3283 3123 3333 vero,
3167 3286 3186 3319 ι
3220 3267 3389 3322 Nemo
3411 3276 3587 3336 potest

2005 3355 2185 3411 dicere
2229 3354 2513 3410 Dominqu
2554 3355 2762 3422 Iesum,
2797 3358 2898 3412 nisi
2946 3357 2999 3410 in
3056 3357 3262 3427 Spiritu
3309 3366 3524 3423 sancto,
3557 3377 3577 3411 ι

2008 3449 2111 3502 hoc
2144 3448 2413 3516 signiﬁcat
2442 3467 2455 3502 :
2483 3447 2760 3503 Haeresum
2794 3449 3111 3504 defensores
3158 3451 3448 3520 participes
3472 3466 3579 3506 non

2005 3551 2139 3596 sunt
2167 3542 2333 3595 divini
2379 3540 2616 3611 Spiritus
2643 3561 2656 3595 :
2691 3543 2782 3611 qui
2811 3558 2942 3597 vero
2975 3543 3146 3610 ipsum
3189 3560 3352 3596 unum
3386 3553 3575 3598 natura

313 3647 435 3686 cum
469 3633 604 3688 Filio
643 3651 746 3687 non
794 3635 1145 3704 participant,
1224 3647 1705 3689 commemorantur
1773 3649 1957 3688 vocum
2001 3632 2160 3704 digne
2209 3634 2452 3702 proferre
2513 3646 2842 3701 nequeunt:
2907 3652 3032 3688 nam
3085 3636 3260 3690 simile
3320 3635 3385 3689 de
3428 3634 3588 3693 Patre

307 3731 520 3799 quidem
563 3726 697 3799 (οἳ).
777 3766 791 3780 .
873 3767 886 3779 .
967 3764 981 3780 .
1062 3767 1075 3780 .
1158 3767 1172 3780 .
1253 3766 1269 3780 .
1351 3765 1366 3780 .
1445 3766 1460 3780 .

811 3818 940 3889 [ιδδ
985 3817 1042 3890 α]
1079 3819 1233 3874 nec».
1271 3817 1392 3872 Kl".

381 3905 732 3974 Ὀφείλεσοαι
771 3905 828 3957 δὲ
869 3905 1014 3976 αὐτῷ
1069 3907 1227 3970 δόξαν
1267 3909 1366 3960 οὐκ
1411 3909 1475 3962 ὲκ
1522 3907 1619 3978 τῆς
1671 3926 1883 3979 μνημο-

295 3996 588 4068 νευθείσης
630 4001 688 4050 ἐν
726 4000 836 4062 τοῖς
868 3999 1168 4070 προάγουσι
1213 4001 1371 4071 μόνον
1409 3999 1504 4053 τοῦ
1561 4002 1766 4073 Κυρίου
1797 4002 1888 4054 δε·

292 4091 605 4160 διδάγμεθα
652 4091 1031 4161 παραδόσεως,
1077 4093 1210 4147 ἀλλὰ
1281 4093 1574 4165 διαφόρωςο
1629 4094 1703 4157 ὡς
1759 4095 1887 4148 ὅταν

293 4184 511 4266 Πέτρος
557 4183 743 4257 γράφῃ
800 4203 819 4235 ι
866 4185 928 4236 Ei
951 4184 1270 4249 ὀνειδίζεσθε
1301 4187 1358 4237 ὲν
1387 4186 1610 4256 ὀνόματι
1630 4186 1889 4258 Χριστοῦ,

294 4276 569 4346 μακάριοί
595 4278 738 4328 ὲστε’
779 4277 859 4328 ὅτι
885 4276 945 4329 τὸ
987 4277 1084 4348 τῆς
1116 4275 1273 4346 δόξης
1307 4275 1696 4346 καὶδυνάμεως
1722 4277 1890 4330 Πνεῦ-

293 4388 376 4441 μα
410 4370 499 4437 ἐφ’
521 4369 663 4438 ὑμᾶς
679 4370 1085 4422 ἀναπέπαυται·
1124 4388 1141 4420 ι
1160 4370 1254 4422 καὶ
1281 4369 1356 4432 ὠς
1387 4368 1550 4439 ἡνίκα
1585 4368 1676 4420 τὸν
1698 4368 1889 4437 ὀφθέν-

2495 3813 2656 3886 293
2697 3814 2848 3870 CAP.
2885 3815 3072 3870 XXIII.

2067 3904 2306 3961 Gloriam
2327 3921 2456 3962 vero
2481 3907 2702 3975 Spiritui
2731 3910 2830 3978 ipsi
2855 3911 3059 3975 deberi,
3085 3927 3188 3966 non
3221 3913 3378 3967 modo
3400 3929 3463 3968 ex
3493 3929 3579 3980 ea,

1997 4013 2157 4068 quam
2207 4009 2365 4054 antea
2423 4002 2988 4067 commemoravimus,
3032 4003 3240 4057 Domini
3294 4005 3583 4062 traditione

1999 4094 2278 4157 docemur,
2321 4093 2414 4146 sed
2453 4092 2573 4147 aliis
2623 4092 2789 4147 etiam
2848 4094 3077 4148 diversis
3116 4095 3308 4152 modis.
3341 4095 3411 4152 Ut
3455 4111 3578 4152 cum

1998 4184 2189 4239 Petrus
2241 4185 2432 4240 scribit
2480 4201 2495 4241 ;
2552 4203 2570 4236 ι
2610 4185 2665 4239 Si
2707 4187 3234 4258 exprobramiui(65)
3272 4189 3324 4241 in
3359 4191 3580 4244 nomine

1997 4277 2222 4341 Christi,
2282 4278 2420 4333 beati
2493 4279 2648 4344 estis,
2683 4280 2934 4347 quoniam
2969 4279 3152 4348 gloria:
3223 4290 3278 4333 et
3325 4281 3580 4349 potentia:

1997 4370 2234 4438 Spiritus
2263 4386 2427 4440 super
2463 4387 2555 4426 vos
2597 4373 2891 4441 requievit;
2930 4383 3046 4426 ret
3077 4388 3198 4424 cum
3227 4389 3374 4438 eum,
3415 4391 3574 4442 quem

288 4433 363 4514 τα
423 4433 506 4530 τῷ
557 4433 751 4533 Ἧσαῖᾳ
803 4462 896 4514 ἐπὶ
931 4461 1122 4532 θρόνου
1182 4459 1364 4514 θεῖκοῦ
1408 4433 1753 4531 ’ἐπηρμένον
1795 4461 1889 4514 καὶ

2006 4461 2322 4517 lsaias-vidit
2351 4478 2514 4532 super
2535 4464 2719 4517 divino
2751 4465 2944 4518 throno
2973 4462 3241 4518 eleVatum
3301 4473 3354 4518 et
3407 4464 3575 4531 glori-

367 4642 490 4712 ‘53)
535 4641 740 4706 Qualis.
790 4638 970 4712 ICnr.
1025 4654 1112 4712 xv,
1167 4637 1254 4692 48.
1311 4635 1423 4690 Vox
1481 4637 1786 4712 ἄνθρωπος,
1837 4638 1888 4691 id

2006 4648 2034 4712 ι.
2066 4637 2108 4712 Il
2136 4637 2482 4712 Collectionis
2507 4653 2656 4712 nova:
2685 4638 2904 4712 Patrum
2931 4635 3290 4706 Graecorum),
3319 4636 3417 4709 τὴν
3439 4638 3575 4692 ὑπο·

289 4710 392 4771 est
421 4733 440 4761 ε
473 4710 660 4775 homo,
694 4733 713 4763 ι
743 4711 956 4764 additur
982 4727 1010 4763 a
1047 4710 1270 4780 Dniymo
1308 4724 1374 4762 ex
1413 4711 1877 4773 antecedentibus,

288 4784 679 4854 explicationis
707 4797 891 4854 causa.

367 4848 490 4923 (54)
539 4850 972 4923 Perversw._Sap.
1002 4865 1040 4913 ι,
1065 4850 1098 4902 5
1129 4890 1142 4908 .
1178 4848 1231 4902 4.

364 4919 484 4996 (55)
535 4922 773 4996 Subduo.
805 4921 1008 4996 Codex,
1043 4921 1358 4996 κιιτειχρὲὲιρ,Δ
1383 4935 1478 4996 pro
1504 4919 1813 4996 κατάχρεῳ.

369 4988 491 5065 (56)
539 4994 642 5065 lio:
670 5006 864 5046 autem.
888 4989 1043 5045 .loau.
1081 5007 1152 5056 tv,
1302 4988 1432 5044 Vide
1465 5002 1578 5046 not.
1632 4988 1694 5044 Γ
1718 4988 1773 5046 et
1826 4988 1885 5056 2,

335 5063 425 5118 uti.
456 5063 582 5118 252.

292 5081 425 5138 pag.
456 5081 582 5118 τοι.

370 5137 491 5204 (57)
539 5134 726 5204 Nemo.
765 5133 782 5186 Ι
813 5132 938 5204 Cor.
972 5149 1066 5191 xtl.
1104 5133 1158 5204 5.

535 5203 739 5258 Patres.
800 5203 953 5274 1Ιιιιιιι.
1002 5220 1075 5266 ιν,
1117 5203 1207 5254 ‘20.
1240 5201 1436 5274 _Bib|ia
1496 5223 1507 5257 :
1549 5204 1613 5256 Οἱ
1657 5199 1890 5274 πατέρες

292 5271 748 5347 ήμλῖιν’έν“τοῦτι;›
770 5273 984 5347 *τῷ-ὄρει
1017 5271 1451 5347 προσεκύνησαν,

375 5346 490 5415 (59)
531 5343 772 5412 Spiritui.
845 5343 1077 5413 Philipp.
1129 5359 1224 5407 ιιι,
1255 5345 1308 5396 5.
1353 5344 1481 5396 Vide
1521 5353 1634 5397 not.
1667 5343 1720 5408 I,
1760 5359 1882 5413 pag.

373 5486 491 5554 (60)
532 5482 696 5537 Parvi
725 5484 788 5537 ab
819 5483 942 5551 ipsis
977 5483 1058 5553 fit.
1090 5482 1143 5536 In
1175 5483 1385 5547 Graeco,
1427 5483 1748 5538 καταϐαίνει
1783 5485 1880 5537 αὐ-

293 5559 415 5618 τοῖς
439 5573 453 5585 ·
491 5571 612 5624 qua:
653 5555 852 5608 locutio
882 5571 986 5608 non
1018 5555 1150 5608 satis
1185 5557 1476 5624 perspicua
1499 5560 1727 5608 videtur.
1765 5554 1884 5620 Ipse

297 5643 369 5681 eo
429 5623 547 5680 lere
595 5639 758 5679 sensu
819 5625 962 5679 illam
1015 5627 1243 5694 accipio,
1291 5623 1634 5694 Quonlulius
1703 5625 1888 5677 Pollux

297 5697 398 5750 Itb.
421 5712 464 5766 ι,
498 5711 671 5765 segni.
703 5696 794 5760 «II,
827 5698 903 5748 ait
939 5714 951 5750 :
993 5695 1090 5764 τῆς
1136 5693 1302 5766 τιμῆς
1344 5693 1439 5748 τοῦ
1470 5696 1616 5747 σίτου
1660 5697 1890 5747 καταϐε-

300 5765 559 5836 6ηκυίας,
588 5767 641 5821 id
668 5776 750 5822 est
777 5785 796 5818 ι
828 5766 1078 5820 frumenti
1105 5768 1280 5836 pretio
1303 5766 1586 5836 imminuto
1621 5782 1634 5818 :
1674 5785 1694 5816 ι
1729 5767 1893 5836 Atha-

304 5835 490 5893 nasius
538 5846 719 5893 autem
761 5837 814 5892 in
857 5849 1103 5893 sermone
1136 5835 1341 5906 majore
1379 5835 1453 5891 De
1476 5836 1582 5905 ﬁde
1611 5841 1755 5907 (ιιειε.
1799 5835 1888 5890 19..

1988 4709 2283 4782 ϐεϐηκυῖαν
2315 4709 2408 4782 τοῦ
2442 4709 2707 4782 ἀργυρίου
2731 4710 2916 4780 τιμήν.

2061 4779 2175 4849 (61)
2216 4779 2348 4848 Ego.
2384 4779 2538 4834 Joau.
2572 4779 2684 4840 xlv,
2722 4784 2774 4835 6.

2063 4851 2175 4920 (61)
2217 4851 2291 4902 De
2336 4849 2497 4903 Patre
2533 4851 2763 4920 quidem.
2805 4850 3070 4917 lutegrum
3101 4858 3436 4920 segmentum
3483 4849 3573 4905 hic

1991 4919 2449 4991 deesttutmonui
2505 4919 2571 4974 ad
2619 4935 2736 4987 pag.
2789 4920 2939 4986 285),
2993 4919 3246 4972 nimirum
3297 4930 3570 4986 postrema

1992 5007 2118 5060 pars
2149 4991 2340 5060 capitis
2373 5007 2485 5052 xxi,
2521 5005 2583 5044 ac
2612 4999 2776 5042 totum
2801 5002 2960 5058 caput
2986 5004 3126 5060 χχιι,
3156 4991 3301 5060 Quid
3334 5005 3461 5043 vero
3495 4991 3568 5044 ibi

1997 5059 2248 5130 probaret
2279 5059 2554 5131 Didymus,
2587 5061 2924 5131 novintus_eg
2952 5075 3073 5129 pag.
3109 5059 3233 5114 IlI.

2070 5131 2179 5203 (οὗ)
2211 5201 2218 5203 Α
2249 5131 2308 5183 Si
2371 5127 2776 5203 exprobrantiui.
2836 5128 2856 5182 I
2902 5127 3047 5203 Petr.
3112 5144 3185 5194 tv,
3250 5128 3334 5182 M.
3367 5202 3371 5203 ί
3399 5127 3568 5203 Paulo

1995 5199 2152 5255 aliter
2210 5201 2401 5269 legitur
2434 5218 2554 5254 cum
2595 5201 2647 5252 in
2688 5199 2875 5253 Grmca
2911 5201 3168 5262 editione,
3216 5211 3326 5254 tum
3362 5202 3414 5252 in
3445 5199 3568 5269 V'ul-

1993 5283 2114 5338 gata
2148 5268 2518 5324 tranSlatioue.
2561 5272 2651 5323 Illa
2692 5272 2908 5336 quidem
2941 5271 3020 5324 sic
3054 5273 3252 5323 habet:
3286 5269 3348 5322 Ei
3370 5268 3565 5321 ὀνειδί-

1992 5333 2148 5410 ζεσθε
2179 5344 2236 5393 ἐν
2263 5341 2508 5422 ὀνόματα
2525 5333 2782 5422 Χριστοῦέ
2820 5341 3079 5422 μακάριοι
3104 5341 3229 5422 ζὸτι
3259 5340 3320 5391 τὸ
3349 5339 3446 5422 τῆς
3476 5340 3563 5391 δό-

1990 5413 2085 5484 ξης
2129 5413 2222 5464 καὶ
2260 5413 2320 5484 τὸ
2347 5410 2441 5462 τοῦ
2471 5410 2604 5484 Θεοῦ
2639 5410 2863 5484 Πνεῦμα
2904 5412 3166 5484 sesua;
3201 5410 3562 5484 ἀναπαᾶεται,

1990 5481 2180 5536 idest:
2220 5502 2236 5531 ι
2265 5483 2322 5535 Si
2344 5483 2748 5546 cxprobramini
2779 5481 2832 5535 in
2867 5483 3084 5536 nomine
3118 5481 3343 5544 Christi,
3375 5481 3515 5534 beati
3545 5496 3559 5531 :

1993 5558 2248 5622 quoniam
2314 5553 2496 5619 gloriae
2569 5561 2622 5604 et
2685 5552 2777 5606 Dei
2834 5552 3071 5620 Spiritus
3119 5566 3282 5622 super
3331 5565 3426 5604 vos
3484 5566 3567 5604 re-

1993 5621 2244 5691 ψιίυευῑι.
2276 5639 2292 5671 ι
2333 5622 2456 5674 llaec
2485 5637 2610 5674 vero
2641 5635 2653 5671 :
2689 5639 2708 5672 ι
2738 5623 2792 5675 Si
2843 5623 3240 5690 exprobramini
3271 5621 3322 5674 in
3349 5621 3564 5674 nomine

1992 5694 2216 5756 Christi,
2273 5693 2414 5744 benti
2467 5693 2662 5744 eritis:
2693 5693 2948 5762 quoniam
3007 5694 3272 5762 quodest
3314 5691 3560 5762 honoris,

1991 5766 2174 5832 gloriae
2230 5774 2284 5815 et
2329 5763 2546 5816 virtutis
2587 5761 2720 5828 Dei,
2763 5772 2817 5818 et
2869 5763 2957 5834 qui
3008 5761 3090 5820 est
3133 5761 3250 5834 ejus
3298 5761 3558 5831 Spiritus,

1991 5849 2152 5890 suuer
2182 5845 2274 5888 vos
2311 5835 2618 5889 reuuicscit.
2645 5852 2662 5884 ι
