4082 6406
589 359 698 414 743

1840 351 2075 408 DlDYMl
2114 352 2590 410 ALEXANDRINI
3739 350 3822 411 ιιι

588 472 812 530 ﬁcetum
854 485 1036 542 regem
1089 478 1145 524 et
1192 467 1479 524 Dominum
1529 467 1813 532 virtutum,
1888 465 2180 536 Apostolus

2299 465 2638 540 Ξοξαζόμενον
2683 465 2904 538 βασιλέα
2951 463 3045 517 καὶ
3078 460 3285 534 Κύριον
3317 459 3607 531 δυνάμεων,
3644 461 3670 513 ό
3691 464 3826 521 Ἀπό-

587 564 828 620 ostendit
871 577 994 620 esse
1047 562 1306 632 Spiritum
1346 569 1634 626 sanctum;
1666 567 1722 613 et
1765 572 1888 612 cum
1941 559 2079 612 idem
2125 558 2178 612 in

589 656 827 726 Epistola
869 654 1412 710 communicationem
1450 667 1570 706 esse
1607 649 1735 704 dicit
1778 647 1999 718 Spiritui
2055 662 2179 701 cum

591 747 776 814 Patre,
803 757 858 801 et
891 747 1028 800 Filio
1061 764 1075 800 :
1113 744 1549 800 communionem
1597 742 1805 796 scilicet
1839 741 2080 800 (ιιτίιιιιίε,
2125 746 2182 792 ιιι

592 849 760 912 patet,
793 849 850 894 et
889 838 1039 908 regni
1085 849 1137 890 et
1172 836 1379 907 gloriae,
1408 835 1545 889 sicut
1581 844 1738 887 antea
1776 835 1976 886 dictum
2001 841 2105 896 est,
2130 840 2184 886 et

592 947 787 988 rursus
834 931 1047 985 dicetur
1092 931 1143 982 in
1186 930 1328 981 hunc
1361 929 1598 980 modum.
1651 925 1950 979 Corinthiis
2000 925 2052 975 in
2095 937 2181 976 se-

591 1026 765 1078 Cnnda
807 1021 1040 1092 Epistula
1072 1019 1305 1075 scribit:
1348 1037 1366 1069 ι
1402 1017 1590 1072 Gratia
1618 1016 1730 1087 (65)
1771 1017 1979 1069 Domini
2014 1014 2181 1069 nostri

589 1115 716 1171 Jesu
747 1114 972 1176 Christi,
1024 1123 1078 1166 et
1111 1112 1354 1164 Charitas
1395 1109 1487 1162 Dei
1517 1119 1571 1162 et
1612 1108 1810 1172 Patris,
1847 1116 1902 1160 et
1937 1121 2185 1160 commu-

592 1209 798 1262 nicatio
829 1205 1004 1260 sancti
1034 1203 1291 1274 Spiritus.
1325 1221 1343 1252 ι
1383 1201 1450 1254 Et
1482 1201 1606 1254 alibi
1633 1201 1710 1255 ait
1739 1221 1751 1256 :
1788 1219 1807 1251 ι
1841 1199 1896 1254 Si
1941 1215 2042 1270 qua
2067 1198 2180 1268 (65)

593 1296 1016 1353 communicatio
1065 1296 1339 1364 Spiritus;
1382 1311 1400 1344 ι
1454 1292 1705 1360 Ephesiis
1759 1307 1888 1347 vero
1947 1292 2180 1346 scribit:

597 1408 615 1438 ι
650 1391 916 1443 Curantes
945 1385 1055 1457 (66)
1075 1399 1294 1440 servare
1322 1383 1584 1437 unitatem
1613 1382 1851 1452 Spiritus
1880 1383 1933 1436 in
1971 1382 2185 1436 vinculo

592 1484 762 1552 pacis.
804 1499 821 1532 ι
853 1481 1116 1543 ObServa,
1150 1478 1413 1531 unitatem
1457 1475 1860 1539 hicnominari,
1904 1485 2184 1544 propterea

593 1575 736 1644 quod
772 1573 1006 1641 Spiritus
1041 1587 1202 1625 unam
1237 1571 1434 1625 habeat
1465 1580 1713 1622 naturam
1745 1584 1866 1622 cum
1895 1568 2074 1622 Patre.
2118 1568 2188 1621 Et

595 1681 782 1722 rursus
813 1664 1110 1719 Corinthiis
1143 1682 1156 1717 :
1208 1681 1226 1713 ‹
1260 1663 1340 1715 Au
1374 1663 1593 1714 nescitis
1618 1660 1753 1730 (67),
1781 1661 1922 1730 quod
1956 1674 2183 1729 corpora

593 1765 774 1812 vestra
801 1755 1058 1824 templum
1098 1764 1225 1809 sunt
1269 1753 1505 1822 Spiritus
1529 1753 1723 1816 sancti,
1766 1753 1856 1820 qui
1889 1761 1972 1805 est
1999 1743 2062 1805 in’
2086 1767 2182 1806 vo-

2285 562 2469 625 στολος
2499 561 2561 614 τὸ
2609 561 2764 629 ἅγιον
2793 556 2933 612 εἶναι
2965 556 3203 610 δείκνυσι
3234 553 3477 625 Πνεῦμα’
3511 554 3600 608 καὶ
3631 555 3698 620 ὡς
3723 559 3828 613 ὅταν

2281 655 2310 706 ὁ
2362 653 2525 716 αὐτὸς
2582 652 2914 724 ἐπιστέλλῃ,
2980 647 3263 702 κοινωνίαν
3331 642 3470 700 εἷναι
3519 647 3720 715 φάσκων
3769 651 3831 720 τῷ

2285 744 2571 816 Πνεύματι
2619 745 2758 816 πρὸς
2811 745 2902 798 τὸν
2944 743 3163 814 Πατέρα
3203 741 3420 795 καὶτὸν
3458 740 3601 802 Υἱὸν,
3629 741 3763 811 δῆλον
3785 743 3831 794 δὲ

2283 839 2365 892 ὅτι
2388 837 2663 908 θεότητος,
2706 838 2799 891 καὶ
2828 837 3124 907 βασιλείας,
3165 834 3256 887 καὶ
3300 833 3478 904 δόξης,
3515 832 3587 896 ὡς
3616 835 3836 905 προείρη-

2283 950 2373 985 ται
2422 932 2516 984 καὶ
2549 926 2704 993 αὖθις
2757 931 3077 1002 ῥηθήσεται·
3129 927 3301 990 οὕτως
3351 927 3648 996 Κορινθίοις
3686 929 3736 979 ὲν
3779 930 3832 996 τῇ

2282 1023 2515 1093 δευτέρα
2583 1021 2896 1091 Ἐπιστολῇο
2959 1039 2978 1072 ι
3040 1020 3102 1072 Ἦ
3149 1020 3308 1090 χάρις
3334 1017 3426 1070 τοῦ
3470 1017 3664 1087 Κυρίου
3707 1013 3836 1087 ἡμῶν

2297 1111 2473 1182 Ἰησοῦ
2522 1109 2782 1182 Χριστοῦ,
2821 1109 2916 1163 καὶ
2947 1111 2978 1179 ἠ
3013 1108 3199 1178 ἀγάπη
3234 1107 3326 1160 τοῦ
3357 1105 3490 1159 Θεοῦ
3520 1107 3609 1158 καὶ
3638 1105 3834 1174 Πατρὸς.

2286 1206 2437 1275 καὶὴ
2476 1204 2732 1258 κοινωνία
2775 1203 2867 1256 τοῦ
2897 1203 3056 1270 ἁγίου
3100 1199 3435 1271 Πνεῦματος’
3475 1219 3493 1251 ι
3527 1199 3617 1251 καὶ
3644 1197 3838 1268 ἑτέρωθί

2291 1314 2480 1368 φησιν·
2519 1316 2536 1347 ι
2574 1297 2643 1349 Εἴ
2663 1313 2745 1358 τις
2773 1295 3031 1348 κοινωνία
3061 1291 3397 1364 Πνεῦματος.
3435 1311 3454 1344 ι
3503 1291 3749 1358 Ἐφεσίοις
3773 1289 3836 1342 δέ’

2294 1409 2314 1442 (
2346 1388 2747 1454 Σπουδὰζοντες
2792 1389 2980 1458 τηρεῖν
3029 1385 3127 1457 τὴν
3177 1385 3404 1455 ἑνότητα
3445 1383 3538 1437 τοῦ
3565 1382 3839 1452 Πνεῦματος

2286 1481 2344 1532 έν
2371 1479 2450 1550 τῷ
2491 1479 2771 1550 συνδέσμῳ
2794 1479 2896 1545 τῆς
2923 1479 3167 1550 εἰρήνης.
3208 1495 3225 1527 ι
3266 1475 3634 1546 Κατανόησον,
3660 1474 3726 1536 ὡς
3745 1473 3841 1525 ἐνό-

2286 1589 2424 1642 τητα
2480 1567 2633 1624 εἶπεν
2676 1571 2765 1625 διὰ
2797 1571 2896 1642 τὴν
2957 1569 3094 1642 πρὸς
3129 1568 3222 1622 τὸν
3277 1567 3500 1639 Πατέρα
3537 1569 3631 1637 τῆς
3661 1565 3842 1635 φύσεως

2287 1663 2505 1718 ἕνωσιν.
2539 1664 2650 1717 Καὶ
2681 1663 2843 1717 πάλιν
2895 1662 3224 1733 Κορινθίοις⁹
3283 1680 3301 1712 ι
3343 1661 3414 1713 Ἦ
3446 1661 3545 1714 οῦκ
3570 1661 3754 1724 οίδατε,
3778 1661 3844 1712 ὅτι

2296 1755 2366 1810 τὰ
2389 1755 2616 1828 σώματα
2641 1757 2794 1828 ὑμῶν
2815 1757 2941 1820 ναὸς
2966 1754 3058 1809 τοῦ
3105 1756 3162 1808 ὲν
3196 1757 3324 1824 ὑμῖν
3352 1754 3509 1822 ἁγίου
3566 1751 3844 1822 Πνεῦματός

544 1878 554 1888 -
594 1849 700 1911 bis,
725 1864 886 1918 quem
909 1847 1120 1901 habetis
1151 1863 1181 1901 a
1229 1849 1374 1911 Deo;
1410 1856 1464 1900 et
1497 1861 1602 1900 non
1623 1844 1754 1898 estis
1781 1845 1984 1898 vestri?
2016 1844 2192 1912 Empti

2299 1853 2467 1911 ἐστιν,
2497 1846 2556 1904 οῦ
2582 1848 2733 1920 ἔχετε
2775 1851 2882 1904 ἀπὸ
2907 1850 3001 1903 τοῦ
3033 1849 3190 1912 Θεοῦ,
3219 1849 3310 1901 καὶ
3345 1850 3445 1902 οὐκ
3485 1848 3604 1900 ἐστὲ
3630 1846 3844 1906 έαυτῶν;

597 1939 746 1994 enim
784 1940 917 1993 estis
946 1941 1140 2006 pretio.
1171 1937 1484 1994 Glorilicate
1517 1937 1708 2002 Deum,
1742 1937 1834 2006 qui
1863 1946 1948 1990 est
1983 1936 2038 1990 in
2073 1952 2188 1990 cor-

594 2032 823 2101 poribus
873 2032 1158 2086 vestris»:
1201 2030 1255 2084 id
1307 2040 1410 2097 est,
1459 2029 1722 2099 Spiritum
1782 2037 2052 2084 sanctum.
2120 2029 2184 2081 Et

597 2136 788 2174 rursus
831 2135 956 2174 cum
1009 2121 1160 2191 prius
1197 2119 1511 2184 clamasset,
1540 2139 1557 2170 ι
1582 2119 1841 2173 Dominus
1865 2118 1974 2188 (68)
2008 2127 2185 2173 autem

597 2213 836 2282 Spiritus
874 2221 976 2279 est,
1015 2231 1033 2263 ι
1077 2213 1300 2266 subdit:
1339 2229 1358 2263 ι
1393 2212 1497 2266 Nos
1523 2210 1774 2281 vero(69)
1805 2225 1995 2266 omnes
2035 2226 2188 2264 rete-

599 2307 705 2362 lata
738 2306 876 2360 l'acie
906 2304 1133 2375 gloriam
1179 2304 1394 2359 Domini
1427 2303 1793 2372 speculantes,
1837 2303 1888 2356 in
1938 2305 2185 2356 eamdem

599 2399 888 2468 imaginem
914 2395 1366 2452 transformamur
1396 2412 1425 2448 a
1471 2395 1640 2465 gloria
1678 2395 1730 2448 in
1758 2393 2009 2465 gloriam,
2046 2395 2190 2449 sicut

599 2508 628 2546 a
665 2490 875 2545 Domini
913 2489 1158 2560 Spiritu;
1185 2509 1204 2540 ι
1238 2499 1293 2544 et
1321 2504 1547 2544 rursus:
1585 2507 1603 2540 ι
1645 2488 1698 2542 Si
1742 2498 1920 2543 autem
1942 2489 2056 2560 (76)
2093 2492 2192 2543 mi-

601 2583 849 2638 nistratio
892 2583 1081 2637 mortis
1105 2581 1158 2636 in
1187 2582 1382 2635 litteris
1405 2581 1665 2649 impressa
1697 2581 1748 2634 iu
1782 2581 2050 2648 lapidibus
2073 2583 2189 2652 (71)

601 2676 706 2731 fuit
732 2677 782 2730 in
815 2675 1006 2746 gloria,
1039 2676 1174 2730 adeo
1207 2683 1264 2727 ut
1305 2689 1410 2727 non
1440 2683 1659 2742 possent
1688 2674 1875 2727 oculos
1902 2674 2064 2743 ﬁgere
2099 2676 2190 2729 lilii

602 2769 768 2824 Israel
815 2769 866 2821 in
909 2765 1045 2821 facie
1093 2766 1261 2836 Moysi
1311 2779 1534 2834 propter
1569 2766 1795 2836 gloriam
1831 2767 2010 2821 vultus
2053 2768 2190 2836 ejus,

602 2875 724 2927 quae.
767 2867 1102 2922 evacuatur;
1145 2857 1419 2925 quomodo
1475 2872 1579 2907 nou
1637 2857 1807 2920 tltagis
1863 2858 2192 2912 ministratio

604 2949 840 3018 Spiritus
871 2949 976 3003 erit
1001 2949 1052 3002 in
1086 2947 1294 3017 gloria?
1321 2965 1340 2998 ι
1377 2944 1542 3016 294
1574 2945 1695 2999 Haec
1727 2946 1793 2999 iis
1817 2945 2013 3000 similia
2045 2958 2190 3012 sunt,

603 3057 725 3110 quze
775 3057 805 3093 a
851 3039 1060 3093 Joanne
1114 3040 1419 3094 dicuntur:
1461 3056 1478 3088 ι
1537 3038 1780 3091 Vidimus
1801 3037 1914 3107 (72)
1963 3038 2190 3107 gloriam

603 3133 740 3203 ejus,
775 3132 998 3202 gloriam
1046 3131 1201 3200 quasi
1239 3129 1509 3199 Unigeniti
1542 3144 1571 3182 a
1602 3127 1761 3183 Patre
1795 3146 1808 3182 :
1844 3129 2034 3198 plenus
2063 3146 2192 3199 gra-

567 3277 570 3282 .
607 3226 695 3281 tiae
727 3234 786 3280 et
823 3222 1099 3288 veritatis;
1132 3241 1150 3275 ι
1180 3232 1234 3278 et
1259 3224 1473 3292 sapiens
1489 3223 1787 3279 Zorobabel
1809 3223 1885 3278 ait
1914 3240 1928 3276 :
1958 3241 1976 3274 ‹
2005 3221 2194 3278 Omnis

609 3328 749 3373 terra
774 3318 888 3388 (75)
937 3317 1220 3373 veritatem
1250 3329 1426 3382 vocat,
1472 3329 1528 3372 et
1569 3317 1768 3373 ccelum
1809 3317 2098 3380 benedicit,
2138 3326 2194 3372 et

605 3411 790 3465 omnia
828 3425 992 3478 opera
1025 3409 1408 3465 concutiuntur
1451 3419 1508 3465 et
1555 3419 1811 3464 tremunt.
1845 3426 1862 3458 ι
1897 3407 2192 3462 Veritatem

608 3514 790 3557 autem
842 3503 973 3557 dicit
1014 3501 1276 3570 Spiritum
1309 3511 1580 3564 sanctum,
1614 3509 1673 3554 ut
1713 3515 1780 3555 ex
1819 3501 2194 3555 antecedenti-

609 3597 709 3650 bus
732 3593 1057 3648 testimoniis
1081 3603 1246 3662 patet.
1283 3593 1345 3647 Et
1373 3593 1487 3660 ipse
1524 3592 1615 3646 Dei
1641 3591 1878 3660 Spiritus
1913 3607 2007 3660 per
2037 3591 2194 3646 Psal-

610 3695 721 3740 tem
758 3686 930 3751 inquit
972 3703 986 3740 :
1030 3703 1050 3736 ‹
1079 3685 1336 3754 Εοε(74),
1383 3685 1474 3753 qui
1531 3684 1837 3753 glorilicaut
1879 3699 1984 3746 me,
2027 3683 2192 3754 glori-

612 3776 805 3840 licabo,
843 3786 896 3830 et
923 3783 1239 3845 spernentes
1267 3790 1353 3830 me
1379 3782 1729 3842 spernentur.
1765 3791 1785 3825 ι
1827 3773 1977 3840 Quod
2011 3784 2191 3828 autent

611 3867 774 3921 etiam
802 3867 962 3922 simul
998 3868 1256 3922 adoretur
1299 3866 1414 3935 ipse
1445 3882 1569 3922 cum
1612 3865 1772 3920 Patre
1815 3876 1868 3918 et
1909 3865 2064 3929 Filio,
2101 3881 2195 3934 pa—

615 3957 846 4012 triarcha
879 3958 1220 4024 docuit,cum
1240 3957 1305 4012 ad
1330 3972 1586 4026 quercum
1621 3956 1857 4010 Mnnbre
1875 3957 1987 4027 (75)
2005 3956 2196 4024 :cquali

615 4049 822 4105 honore
872 4061 1116 4105 sanctam
1180 4048 1501 4104 Trinitatem
1557 4049 1773 4118 excepit
1833 4056 1887 4102 et
1934 4050 2198 4115 adoravit,

688 4229 800 4302 (64)
842 4229 1048 4302 gratia.
1089 4227 1142 4302 ll
1169 4229 1297 4302 Cor.
1328 4246 1446 4298 xtn,
1476 4233 1564 4286 l3.

690 4297 803 4370 (65)
840 4297 897 4370 Si
933 4315 1056 4368 qua.
1091 4300 1324 4368 Philipp.
1355 4297 1499 4365 “,1.

692 4368 806 4441 (66)
839 4369 1116 4424 Curantes.
1150 4371 1348 4441 Epiros.
1383 4387 1460 4434 tv,
1504 4371 1577 4441 '5._
1599 4368 1961 4440 Hieronymus
1989 4384 2204 4440 quoque

620 4442 675 4497 iu
705 4439 1116 4495 commentariis
1141 4439 1195 4491 in
1229 4439 1400 4498 Epist.
1431 4442 1499 4494 ad
1535 4439 1724 4508 Ephes.
1755 4439 1821 4492 ad
1865 4442 2005 4494 hunc
2033 4439 2209 4494 locum

624 4512 782 4577 (tom.
815 4508 928 4572 V'll,
965 4525 1084 4578 pag.
1126 4509 1254 4576 608)
1290 4513 1506 4565 nomine
1555 4528 1572 4561 ι
1620 4509 1854 4578 Spiritus
1881 4529 1900 4562 υ
1960 4511 2209 4581 intelligit

628 4581 889 4649 Spiritum
919 4588 1184 4634 sanctum.

696 4649 808 4721 (67)
838 4650 918 4721 ᾼιι
953 4649 1183 4721 ηειειθὶιίιιἶ
1218 4647 1265 4721 li
1289 4648 1413 4704 Cor.
1448 4665 1521 4715 γι,
1548 4648 1633 4721 l9,
1656 4648 1748 4704 90.

699 4719 810 4788 (68)
838 4719 1116 4772 Dominus.
1147 4720 1186 4788 ll
1233 4720 1357 4773 Cor.
1391 4720 1599 4783 ltt,.l7.

699 4787 809 4860 (69)
849 4788 960 4842 Nos
982 4805 1120 4842 vero.
1147 4787 1335 4860 liuor.
1366 4805 1445 4854 ιιι,
1486 4791 1571 4844 l8.

722 4859 812 4930 7U)
851 4860 910 4930 Si
933 4871 1126 4930 autem.
1161 4859 1200 4912 ll
1253 4859 1376 4930 Cor.
1409 4877 1490 4923 ιιι,
1525 4861 1578 4921 7,
1614 4859 1668 4914 8.

722 4863 812 4930 7U)
851 4863 910 4911 Si
933 4871 1126 4911 autem.
1161 4863 1200 4912 ll
1253 4863 1376 4913 Cor.
1409 4877 1490 4923 ιιι,
1525 4863 1578 4921 7,
1614 4863 1668 4914 8.

698 4863 812 5000 (71)
845 4927 910 4980 In
957 4929 1239 4997 lapidibus.
1281 4929 1465 4984 Graeca
1499 4931 1687 4997 editio,
1724 4931 1780 4982 ὲν
1811 4929 2004 4994 λίθοις.
2041 4928 2210 5000 Didy-

631 5015 755 5056 mus
784 5000 986 5053 omittit
1027 5003 1265 5052 voculam
1301 5001 1380 5053 ἐν.

705 5070 819 5142 (72)
864 5067 1122 5142 Vidimus.
1152 5069 1309 5142 .Iuan.
1345 5086 1392 5142 ι,
1428 5071 1514 5126 ιι.
1563 5069 1858 5142 Bibliorum
1906 5070 2073 5142 editio
2114 5085 2212 5136 pro

635 5137 820 5211 ἴδομεν
855 5139 1015 5193 habet
1061 5137 1445 5212 ἐθεασάμεθα,
1501 5157 1664 5212 quain
1708 5140 1994 5194 lectionem
2044 5140 2213 5210 Didy-

636 5228 760 5266 mus
783 5215 1003 5280 serntus
1037 5219 1117 5262 est
1142 5228 1316 5280 segm.
1344 5211 1414 5265 42
1443 5212 1494 5266 b.

709 5281 822 5350 (75)
854 5278 1039 5332 Omnis
1103 5278 1262 5334 terra.
1319 5281 1448 5336 llaec
1494 5295 1598 5335 non
1649 5295 1712 5335 ex
1767 5281 1902 5334 libro
1937 5280 2212 5334 Canoniro

636 5361 850 5417 sumpta
886 5361 1030 5411 sunt,
1060 5351 1152 5403 sed
1197 5365 1261 5404 ex
1308 5350 1400 5406 lib.
1443 5367 1497 5405 Ill
1554 5351 1755 5415 Esdrre,
1805 5366 1924 5417 cap.
1959 5366 2030 5411 tv,
2071 5367 2209 5404 vers.

570 5423 574 5428 ’
636 5420 726 5475 56.
758 5420 942 5475 Grzeca
970 5428 1148 5472 autem
1177 5420 1342 5474 editio
1364 5421 1480 5488 ejus
1509 5421 1628 5475 libri
1653 5422 1812 5474 habet
1836 5435 1848 5472 :
1872 5420 2092 5474 Πᾶσα...
2117 5422 2213 5474 καὶ

638 5490 866 5561 οὐρανὸς
897 5488 1066 5558 αὐτὴν
1121 5489 1349 5558 εὐλογεῖ,
1405 5503 1457 5545 et
1511 5502 1737 5561 ca‘tera.
1795 5489 1984 5544 Latina
2045 5506 2208 5544 vero:

646 5579 667 5612 ι
690 5559 874 5615 Dionis
899 5569 1042 5613 terra
1077 5562 1355 5615 veritatem
1379 5561 1613 5623 invocat,
1642 5559 1836 5614 coelum
1856 5563 2016 5613 etiam
2047 5563 2210 5630 ipsam

643 5631 932 5692 benedicit,
965 5641 1018 5684 et
1067 5633 1248 5684 omnia
1304 5645 1468 5699 opera
1524 5642 1827 5695 moventur,
1861 5641 1916 5684 et
1975 5640 2214 5686 tri-urunt

643 5716 784 5770 eam.
816 5719 834 5750 ι
866 5700 1008 5754 idem
1047 5701 1195 5757 locus
1237 5702 1437 5756 citatur
1489 5702 1652 5756 etiam
1683 5717 1710 5753 a
1742 5700 1926 5754 Flavio
1977 5700 2214 5770 Joscpho

570 5777 576 5782 '
646 5768 736 5824 lib.
781 5785 854 5837 ιιι,
883 5785 1001 5840 cap.
1031 5770 1086 5837 5,
1125 5781 1179 5828 et
1207 5773 1350 5842 apud
1393 5771 1652 5829 Basilium
1694 5770 1787 5829 lib.
1821 5786 1874 5839 ν,
1920 5772 1974 5826 in
2026 5768 2211 5826 Euno-

2301 1943 2676 2015 Ἡγοράσθητε
2702 1942 2811 2013 γὰρ
2831 1943 3021 2013 τιμῆς.
3059 1940 3328 2007 Δοξὰσατε
3383 1940 3447 2011 δὴ
3476 1940 3566 1994 τὸν
3603 1939 3726 1991 Θεὸν
3773 1936 3846 1988 τὸν

2289 2039 2346 2091 ἐν
2375 2037 2486 2097 τοῖς
2511 2034 2754 2106 σώμασιν
2780 2034 2954 2104 ὑμῶν·
2971 2054 2987 2086 ι
3011 2033 3155 2087 τοῦτ’
3178 2033 3346 2098 ἔστιν,
3375 2033 3436 2085 τὸ
3469 2033 3621 2101 ἆγιον
3636 2029 3846 2099 Πνεῦμα.

2290 2128 2399 2181 Καὶ
2420 2127 2579 2180 πάλιν
2607 2127 3095 2198 προαναφωνήσας,
3129 2143 3148 2176 ι
3173 2125 3230 2178 '0
3245 2126 3302 2179 δὲ
3334 2126 3538 2194 Κύριος
3567 2123 3627 2176 τὸ
3659 2120 3850 2190 Πνεῦμά

2289 2220 2460 2281 ἐστιν,
2499 2238 2516 2268 ι
2552 2219 2768 2285 έπάγει’
2793 2237 2811 2268 ι
2834 2218 3024 2287 Ἡμεῖς
3049 2217 3104 2270 δὲ
3144 2217 3345 2279 πάντες
3377 2211 3852 2282 ἀνακεκαλυμμένῳ

2291 2309 2568 2381 προσώπῳ
2581 2308 2678 2378 τὴν
2690 2307 2844 2372 δόξαν
2862 2307 3068 2378 Κυρίου
3085 2303 3590 2376 κατοπτριζόμενοι,
3605 2303 3695 2373 τὴν
3710 2300 3852 2369 αὐτὴν

2297 2404 2484 2456 εἰκόνα
2539 2399 3037 2472 μεταμορφούμεθα
3070 2400 3177 2452 ἀπὸ
3211 2399 3369 2468 δόξης
3413 2399 3494 2460 εἰς
3528 2395 3702 2462 δόξαν,
3744 2391 3855 2445 καθ-

2292 2497 2436 2567 άπερ
2467 2495 2576 2547 ἀπὸ
2610 2495 2813 2563 Κυρίου
2854 2491 3188 2562 Πνεῦματος·
3223 2509 3242 2545 ι
3283 2492 3376 2544 καὶ
3403 2491 3587 2544 πάλινο
3629 2509 3646 2540 ι
3678 2488 3736 2540 Εἰ
3759 2485 3853 2554 δὲή

2293 2587 2534 2642 διακονία
2580 2586 2673 2639 τοῦ
2725 2585 2957 2638 θανάτου
2991 2586 3048 2636 ὲν
3078 2583 3402 2655 γράμμασιν
3465 2577 3857 2648 ἐντετυπωμένη

2294 2680 2460 2742 λίθοις
2653 2676 2704 2748 b]
2769 2677 3003 2749 ἐγενήθη
3052 2677 3108 2728 έν
3147 2675 3294 2746 δόξῃ,
3330 2674 3472 2728 ὥστε
3513 2674 3588 2746 μὴ
3629 2668 3856 2725 δύνασθαι

2295 2774 2542 2827 ἀτενίσαι
2577 2771 2702 2832 τοὺς
2727 2772 2876 2834 υἱοὺς
2925 2768 3140 2840 Ἰσραὴλ
3170 2771 3249 2832 είς
3281 2767 3343 2820 τὸ
3390 2769 3681 2838 πρόσωπον
3719 2764 3860 2818 Melite

2298 2864 2454 2926 σέως,
2485 2862 2574 2914 διὰ
2599 2862 2696 2932 τὴν
2717 2861 2875 2927 δόξαν
2924 2859 3019 2912 τοῦ
3045 2859 3339 2931 προσώπου
3365 2859 3535 2912 αὑτοῦ
3561 2858 3660 2927 τὴν
3686 2869 3862 2925 κατ-αρε

2295 2955 2588 3025 γουμένην·
2625 2955 2741 3016 πῶς
2777 2953 2898 3024 οὐχι
2945 2951 3197 3024 μᾶλλονή
3245 2952 3496 3006 διακονία
3527 2951 3620 3004 τοῦ
3647 2948 3863 3016 ιινειμι.

2294 3065 2387 3110 τος
2441 3047 2593 3099 ἔσται
2618 3048 2676 3099 ὲν
2705 3045 2872 3116 δόξῃς
2921 3063 2938 3095 ι
2996 3045 3351 3116 παραπλησία
3383 3044 3466 3116 τῷ
3505 3047 3611 3098 ὑπὸ
3648 3041 3862 3094 Ἰωαννω

2298 3139 2595 3210 εἰρημένῳ·
2627 3155 2646 3187 ι
2685 3137 2894 3206 Ἴδομεν
2927 3135 3027 3206 τὴν
3055 3135 3212 3200 δόξαν
3247 3135 3438 3197 αὐτοῦ,
3483 3135 3643 3199 δόξαν
3671 3132 3741 3193 ὡς
3770 3128 3862 3182 Mm

2223 3203 2265 3262 Ο
2299 3203 2558 3297 νογενοῦς
2605 3226 2756 3298 παρὰ
2794 3203 3032 3297 Πατρός·
3091 3226 3303 3298 πλήρης
3335 3225 3565 3297 χάριτος
3614 3226 3703 3277 καὶ
3752 3220 3866 3288 ἀληο

2301 3320 2470 3383 θείας.
2509 3338 2528 3370 ι
2559 3320 2670 3373 Καὶ
2697 3321 2725 3373 ὁ
2771 3320 2932 3388 σοφὸς
2982 3317 3288 3390 Ζοροϐάϐελ
3336 3319 3530 3388 φησίν
3577 3337 3594 3368 ‹
3656 3316 3799 3368 Πᾶσα
3838 3313 3865 3379 ἡ

2299 3413 2374 3482 γῆ
2398 3412 2494 3483 τὴν
2528 3411 2786 3476 ἀλήθειαν
2829 3411 3004 3471 καλεῖ,
3049 3411 3144 3464 καὶ
3173 3411 3200 3462 ό
3247 3410 3479 3480 οὐρανὸς
3521 3407 3748 3474 εῦλογεῖ,
3794 3403 3871 3456 καὶ

2302 3505 2479 3558 πάντα
2524 3503 2591 3556 τὰ
2644 3502 2782 3575 ἔργα
2817 3503 3022 3555 σείεται
3059 3503 3153 3554 καὶ
3191 3502 3404 3572 τρέμει’
3457 3521 3476 3554 ι
3540 3501 3788 3571 ἀλήθειαν
3826 3493 3871 3544 δὲ

2305 3594 2367 3646 τὸ
2399 3594 2552 3661 ἂγιον
2585 3592 2811 3664 Πνεῦμα
2842 3592 3013 3660 λέγει,
3047 3592 3122 3655 ὡς
3151 3593 3412 3664 ἀνωτέρω
3450 3591 3870 3664 μεμαρτύρηται.

2302 3687 2413 3738 Καὶ
2463 3685 2594 3738 αὐτὸ
2617 3686 2673 3738 δὲ
2707 3685 2769 3737 τὸ
2803 3683 3029 3754 Πνεῦμα
3058 3682 3154 3735 τοῦ
3185 3681 3320 3735 Θεοῦ
3343 3683 3433 3737 διὰ
3465 3683 3565 3736 τοῦ
3593 3672 3871 3749 Ψαλμῳδοῦ

2300 3776 2467 3844 λέγει·
2512 3797 2529 3827 ι
2566 3777 2704 3840 Τοὺς
2733 3770 3055 3840 δοξᾶζοντάς
3086 3793 3151 3846 με
3180 3775 3409 3841 δοξάσω,
3435 3778 3537 3830 καὶ
3575 3777 3626 3829 οἱ
3658 3768 3877 3838 ’ἐξουθε-

2301 3867 2518 3930 νοῦντές
2543 3885 2608 3938 με
2641 3867 3170 3938 ἐξουθενηθησονται.
3205 3887 3222 3918 ι
3254 3869 3376 3922 ’Ὁτι
3399 3869 3457 3922 δὲ
3489 3870 3589 3922 καὶ
3617 3876 3874 3937 συμπροπ-

2305 3963 2546 4013 κυνείται
2575 3959 2654 4030 τῷ
2682 3961 2858 4031 Πατρὶ
2905 3961 2999 4014 καὶ
3032 3961 3109 4032 τῷ
3159 3960 3294 4027 Υἱῷ,
3330 3963 3355 4014 ὁ
3389 3963 3704 4032 προπάτωρ
3729 3953 3878 4010 ἐδίδα-

2310 4049 2397 4115 ξεν
2426 4051 2482 4103 ὲν
2505 4052 2570 4121 τῇ
2620 4050 2740 4122 δρυῒ
2767 4054 2834 4122 τῇ
2865 4051 3132 4124 Μαμϐρῇ,
3161 4051 3258 4123 τὴν
3306 4052 3472 4120 ἁγίαν
3496 4040 3776 4124 ὁμοτίμως
3813 4044 3866 4096 δε-

2311 4247 2498 4297 mxum,
2542 4247 2664 4300 pag.
2700 4233 2825 4296 διο,
2858 4247 2946 4286 unt
2982 4251 3001 4284 ‹
3036 4241 3318 4286 Veritatis»
3355 4247 3585 4285 nomine
3611 4230 3774 4284 mlius
3801 4237 3878 4300 ve-

2315 4304 2430 4374 nire
2462 4293 2678 4356 dicitur.
2713 4293 2872 4374 Quin
2913 4304 3148 4374 Cyrillus
3201 4302 3616 4374 Alexandrinus
3659 4300 3756 4374 lib.
3785 4312 3805 4374 I_
3834 4293 3877 4374 if!

2310 4369 2612 4441 lulianum,
2643 4365 2767 4441 pag.
2809 4371 2878 4425 ‘26
2920 4365 3169 4427 eumdem
3211 4371 3368 4426 al'l'crt
3415 4373 3583 4439 quasi
3631 4387 3662 4426 e
3707 4365 3882 4441 divinis

2319 4440 2613 4509 Scripturis
2639 4434 3047 4509 depromptum:
3085 4445 3164 4497 sic
3193 4443 3337 4494 enim
3383 4434 3587 4496 scribit
3617 4459 3633 4497 :
3678 4441 3763 4501 Ὠς
3790 4434 3882 4509 γάρ

2317 4504 2486 4580 φησιν
2510 4504 2924 4584 ήμθεόπνευστος
2949 4512 3137 4584 Γραφή
3161 4529 3178 4544 ο
3202 4513 3418 4584 Πᾶσαή
3452 4514 3553 4582 γῆ.
3585 4529 3642 4584 κ.
3669 4509 3811 4584 τ.ῗλ.,
3841 4504 3883 4555 id

2314 4592 2414 4652 est
2451 4598 2463 4635 :
2506 4581 2620 4636 (Ut
2647 4585 2789 4635 enim
2815 4581 2890 4636 ait
2919 4581 3200 4652 Scriptura
3262 4581 3533 4635 divinitus
3596 4583 3844 4652 inspirata
3873 4587 3884 4602 ·

2317 4647 2575 4722 Universa
2600 4662 2769 4716 terra,
2796 4669 2814 4702 ι
2842 4662 2896 4706 et
2920 4647 3143 4722 reliqua.
3179 4652 3354 4706 Simili
3387 4655 3556 4705 modo
3585 4649 3645 4706 S.
3677 4647 3889 4722 Athana-

2313 4721 2427 4774 sius
2461 4724 2512 4774 in
2544 4715 2794 4776 sermone
2834 4715 3132 4789 majori'De
3169 4723 3292 4791 (ille,
3324 4738 3478 4774 num.
3517 4723 3614 4788 55,
3650 4738 3768 4790 pag.
3810 4715 3887 4774 18.

2313 4805 2377 4842 ex
2413 4794 2602 4846 eodem
2627 4791 2938 4862 apocrypho
2974 4793 3112 4845 libro
3137 4794 3576 4862 vet-haprofert.
3616 4795 3891 4862 lliclc‘ltlllilc

2314 4870 2558 4915 vetustus
2609 4855 3220 4926 atictoranestionum
3283 4855 3493 4915 Veteris
3529 4875 3579 4915 et
3628 4859 3761 4914 Novi
3811 4855 3894 4908 Te-

2313 4932 2600 5001 stamenti,
2667 4931 2872 5001 Didymi
2931 4933 3160 4987 fortasse
3207 4933 3478 5000 aequalis,
3539 4937 3736 4986 emlem
3801 4941 3894 4994 quo

2316 4998 2574 5073 Didymus
2611 4998 3035 5073 Inodo'iloqnens
3085 5002 3251 5073 (part.
3276 4998 3359 5065 “ιι,
3391 5013 3532 5055 ιοιιι.
3569 5003 3633 5056 Ill
3663 5001 3886 5073 Operuut

2313 5070 2600 5137 Augustini
2651 5073 2735 5124 etl.
2785 5071 3066 5137 Maurimc,
3095 5070 3242 5141 'pag.
3285 5074 3386 5126 108
3433 5072 3796 5139 Appendicis)
3827 5070 3893 5118 sic

2315 5143 2560 5193 eumdem
2616 5142 2789 5196 citat:
2828 5142 2940 5194 «Et
2987 5144 3112 5194 audi
3167 5142 3471 5196 Zorobabel
3521 5147 3654 5210 quia
3715 5148 3896 5204 «super

2323 5226 2342 5258 ι
2373 5211 2581 5274 onmia,
2611 5230 2630 5261 ι
2659 5213 2753 5279 ait,
2784 5231 2803 5263 ι
2831 5213 2996 5266 vincit
3034 5214 3254 5267 veritas.
3289 5230 3307 5264 ι
3343 5216 3478 5278 Quae
3510 5214 3680 5265 verba
3699 5211 3896 5263 exstant

2315 5294 2434 5351 οεψ.
2470 5295 2552 5346 Ill,
2585 5296 2729 5338 vers.
2777 5283 2846 5336 12
2888 5284 3006 5351 ejus
3042 5283 3182 5335 libri.
3213 5285 3437 5336 [)emum
3475 5283 3896 5351 Ambrositts._t_tt

2317 5350 2451 5421 alios
2488 5362 2717 5417 taceant,
2760 5353 2852 5407 lib.
2901 5347 2938 5408 ιι
2982 5353 3060 5405 De
3109 5352 3312 5419 Spiritu
3359 5366 3582 5416 sancto,
3620 5369 3740 5421 cap.
3777 5351 3808 5402 6
3837 5347 3894 5398 ii-

2317 5419 2470 5491 bru‘m
2503 5435 2751 5490 quartum
2789 5424 2971 5478 Esdra:
3009 5423 3222 5491 allegat.

2389 5488 2532 5561 (74f
2564 5492 2688 5549 It'os.
2749 5492 2766 5546 Ι
2824 5493 2955 5563 llcg.
3012 5508 3069 5555 ιι,
3115 5488 3199 5546 ’52
3253 5507 3369 5561 (seu
3438 5491 3566 5563 '50),
3621 5492 3712 5548 ubi
3751 5491 3896 5546 (Ioni-

2321 5559 2775 5633 plutensiseetitio
2806 5566 2885 5618 sic
2907 5559 3119 5622 ‘liabet,
3153 5574 3209 5615 ιιι
3239 5559 3532 5633 Didymus.
3567 5564 3774 5617 Tamen
3809 5571 3893 5625 pro

2317 5629 2830 5705 εξουθενηθήσονται
2885 5636 2946 5688 in
2981 5651 3042 5688 ca
3100 5634 3294 5704 legitur
3340 5629 3894 5705 ἓξουθενωθήσονται.

2315 5703 2444 5754 Alia:
2479 5702 2636 5768 paulo
2659 5705 2832 5758 aliter.

2390 5772 2500 5840 (753i
2541 5770 2793 5830 Mambre.
2831 5773 3118 5830 Vitlc‘ch.
3161 5774 3390 5842 st'ttt,1,
3415 5773 3459 5827 2
3485 5789 3616 5845 sqq.
