4082 6406
235 377 345 432 74ιῦ

1267 375 1356 431 DE
1396 374 1771 432 TRINITA'I‘E
1812 376 2018 434 LIBER
2059 378 2450 441 SECUNDUS.

3386 374 3490 434 ’146

233 490 572 561 ξιωσάμενος
629 489 726 545 καὶ
790 492 1172 564 προσκυνήσας
1225 491 1451 563 Τριάδα.
1504 489 1580 556 ὡς
1632 493 1690 545 ὲν
1739 492 1818 564 τῷ

1924 493 2059 549 sicut
2079 493 2133 548 in
2155 496 2330 566 primo
2357 498 2500 570 λόγῳ
2527 496 2634 570 (76)
2665 497 2865 554 dictum
2897 507 3001 553 est.
3032 493 3230 552 Paulus
3255 510 3492 567 quoque,

232 582 678 654 πρὼτῳιετρηται
712 581 871 653 λόγῳ.
903 583 1014 636 Καὶ
1061 585 1089 636 6
1117 582 1328 646 Παῦλος
1377 583 1435 635 δὲ
1463 582 1722 654 ἔγραψεν,
1743 585 1819 648 ὠς

232 673 491 745 ἀνωτέρω
541 675 621 737 είς
648 673 748 737 τὰς
778 673 1051 742 θεολογίας
1077 672 1172 726 τοῦ
1201 672 1524 743 Πνεύματος
1581 673 1818 746 ἐδείχθη,

230 766 315 819 ὅτι
352 785 371 817 ι
420 767 611 820 Πεσὼν
646 766 742 819 ἐπὶ
786 765 1077 838 πρόσωπον
1123 765 1512 835 προσκυνήσει.
1552 781 1571 816 ι
1604 765 1822 835 Δὶρετι-

231 856 321 910 κοὶ
352 858 433 923 δὲ,
457 856 539 928 τῷ
572 857 703 928 περὶ
730 857 792 912 τὸ
827 856 1112 928 βάπτισμα
1150 855 1453 927 δεσποτικῷ
1491 855 1822 928 θεσπίσματι

231 947 329 1002 καὶ
390 947 472 1020 τῷ
541 947 847 1017 Ἀποστόλῳ
912 945 1482 1018 ἀντινομοθετοῦντες,
1547 946 1643 999 xci.
1693 946 1822 1018 περὶ

231 1039 480 1104 πλείονος
525 1039 859 1110 ποιούμενοι,
907 1040 1117 1110 μήποτε
1145 1037 1447 1109 φωραθεῖεν
1479 1037 1689 1108 ἀπηχὲς
1745 1037 1820 1110 μὴ

230 1131 528 1204 προέμενοι
587 1131 729 1184 κατά
756 1131 852 1184 τοῦ
885 1129 1016 1184 Υίοῦ
1046 1131 1139 1184 καὶ
1165 1128 1258 1183 τοῦ
1292 1129 1447 1198 ἁγίου
1478 1129 1820 1200 Πνεύματος,

227 1220 352 1273 κατ’
382 1219 591 1274 οἰκείαν
616 1218 806 1291 ὥσπερ
832 1217 1080 1273 σύνθεσιν
1105 1217 1205 1290 τὴν
1242 1216 1550 1286 δοξολογίαν
1573 1218 1821 1290 ἀναπέμ-

229 1326 422 1364 πουσι.

870 1398 1028 1451 ΚΕΦ.
1067 1398 1195 1452 KA'.

299 1487 445 1550 Τοὺς
471 1487 528 1540 δὲ
555 1487 1132 1557 ἀντιδιαταττομένους
1153 1487 1246 1540 καὶ
1272 1486 1427 1551 ἰδίαις
1456 1488 1819 1560 παραδόσεσιν

224 1579 624 1650 ὲναμείὸοντας
674 1580 773 1650 τὴν
824 1578 1042 1650 ἐντολὴν
1071 1579 1162 1632 τοῦ
1194 1579 1351 1644 Θεοῦ,
1385 1581 1560 1652 μάτην
1582 1581 1819 1646 ἐλπίζειν

219 1673 328 1742 τῆς
386 1671 664 1740 βασιλείας
692 1670 856 1740 αὐτοῦ
885 1673 1065 1741 τυχεῖν
1099 1673 1127 1724 6
1151 1671 1340 1742 Σωτὴρ
1367 1672 1630 1726 διδάσκων
1660 1676 1716 1726 ἐν
1742 1674 1817 1744 τῷ

221 1763 374 1816 κατὰ
425 1763 652 1834 Μάρκον
703 1762 1040 1832 Εὑαγγελίῳ,
1087 1765 1199 1826 τοῖς
1253 1762 1380 1834 [156
1414 1763 1470 1836 α]
1505 1765 1816 1834 Φαρισαίοις

1921 594 1980 640 ιιι
2007 588 2254 656 superius
2271 590 2385 661 (77)
2422 592 2475 645 in
2519 589 2833 661 theologicis
2878 589 2944 642 de
2987 587 3190 658 Spiritu
3243 587 3493 642 testimo-

1919 676 2026 732 niis
2059 689 2333 735 ostensum
2358 691 2462 746 est,
2496 681 2714 751 scripsit
2747 698 2761 736 :
2801 699 2819 732 ι
2859 677 3285 749 Procidens(78)
3316 678 3368 732 in
3408 676 3491 731 fa-

1919 766 2057 821 ciem
2091 768 2386 826 adorabit.»
2415 770 2521 826 Sed
2554 770 2794 825 hmretici
2825 785 2888 824 ea
2924 769 3354 836 edicentes,qua2
3379 775 3491 819 tuin

1922 855 2133 914 Domini
2172 872 2462 931 praecepto,
2513 878 2622 933 quo
2660 862 2987 932 baptismum
3035 859 3265 915 conferri
3306 857 3490 928 jussit,

1926 955 2036 1002 tum
2093 949 2350 1020 Apostolo
2407 955 2784 1015 adversantur,
2843 963 2897 1007 et
2951 951 3078 1005 illud
3129 949 3361 1004 maxime
3403 964 3490 1002 ca-

1921 1047 2129 1101 ventes.
2164 1056 2229 1095 ne
2265 1041 2406 1097 forte
2457 1045 2640 1099 odium
2674 1054 2862 1098 contra
2907 1042 3098 1097 Filium
3140 1051 3194 1097 et
3229 1039 3490 1112 Spiritum

1919 1138 2167 1185 sanctum
2194 1133 2508 1201 deposuisse
2533 1135 3026 1203 deprehendantur,
3050 1131 3344 1187 secundum
3369 1144 3495 1200 pro-

1920 1219 2094 1288 priam
2139 1221 2374 1290 ipsorum
2409 1222 2571 1277 veluti
2605 1223 3070 1292 compositionem,
3117 1220 3224 1275 Deo
3271 1216 3495 1272 doxolo-

1922 1310 2088 1380 giam,
2117 1311 2170 1366 id
2202 1321 2310 1380 est,
2349 1311 2818 1382 gloriﬁcationem,
2862 1311 3091 1366 reddunt
3138 1323 3202 1365 ac
3237 1307 3491 1364 oﬂerunt.

2520 1402 2670 1459 CAP.
2708 1401 2899 1459 XXIV.

1990 1486 2096 1541 Eos
2123 1499 2327 1552 autem,
2357 1491 2448 1560 qui
2490 1491 2603 1545 base
2637 1491 2968 1560 impugnant,
3002 1490 3198 1560 quique
3245 1488 3493 1558 proprias

1919 1577 2234 1634 traditiones
2272 1591 2538 1649 praecepto
2573 1581 2868 1649 subrogant
2901 1578 3018 1640 Dei,
3045 1577 3241 1631 frustra
3272 1590 3492 1644 sperare

1919 1686 1978 1725 se
2007 1687 2227 1740 regnum
2277 1671 2392 1737 ejus
2438 1682 2846 1734 Consecuturos,
2891 1671 3091 1724 docens
3144 1668 3391 1724 Salvator
3437 1666 3488 1718 in

1918 1763 2210 1832 Evangelio
2238 1764 2530 1817 secundum
2551 1762 2816 1828 MarCnm,
2839 1760 3123 1814 Phariszeis
3146 1758 3236 1826 qni
3268 1756 3489 1816 similia,

222 1853 597 1925 παραπλήσια
629 1855 930 1925 αἱρετικοῖς
977 1855 1312 1925 φρονήσασιν
1363 1850 1516 1909 εἴπεο
1559 1875 1577 1908 ι
1615 1858 1713 1911 Διά
1765 1859 1817 1911 τί

1924 1868 1978 1906 ac
2038 1853 2297 1917 haeretici,
2338 1853 2660 1918 sentiebant,
2710 1854 2830 1906 ait:
2871 1869 2888 1902 ι
2919 1853 3095 1917 Quare
3120 1849 3231 1922 (79)
3279 1847 3490 1901 irritum

217 1946 477 1998 ἀθετεῖτε
517 1944 616 2014 τὴν
664 1944 883 2015 ἐντολὴν
912 1943 1005 1996 τοῦ
1049 1944 1205 2010 Θεοῦ,
1257 1945 1342 1997 ἵνα
1371 1945 1469 2016 τὴν
1520 1948 1818 2018 παράδοσιν

219 2037 386 2108 ὑμῶν
414 2037 732 2108 τηρήσητες
783 2036 1026 2106 Μωῦσῆς
1052 2035 1160 2106 γὰρ
1208 2031 1382 2090 εἶπεν⁸
1417 2037 1564 2108 Τίμα
1600 2038 1690 2092 τὸν
1719 2057 1819 2093 πα-

214 2126 363 2196 τέρα
407 2142 503 2177 σου
566 2125 660 2176 καὶ
687 2124 784 2193 τὴν
820 2122 1032 2195 μητέρα
1084 2140 1198 2176 σου·
1247 2124 1360 2186 καὶ,
1399 2124 1454 2177 Ὀ
1511 2124 1821 2178 κακολογῶν

219 2214 471 2285 πατέρα,
514 2214 547 2286 ἦ
598 2215 830 2286 μητέρα,
881 2213 1096 2284 θανάτῳ
1137 2213 1465 2268 τελευτάτω.
1534 2215 1723 2286 Ὑμεῖς
1767 2216 1822 2268 δὲ

217 2305 440 2374 λέγετε·
497 2306 624 2358 Ἐὰν
654 2305 781 2375 εἴπῃ
822 2304 1108 2375 ἅνθρωπος
1136 2303 1214 2374 τῷ
1249 2305 1437 2376 πατρὶ,
1479 2306 1597 2376 ἢτῇ
1635 2305 1820 2376 μητρὶ,

219 2396 478 2469 Κορϐάν.
499 2396 529 2448 ὃ
555 2396 648 2448 ἐὰν
681 2397 739 2462 ἐξ
770 2396 904 2466 ἐμοῦ
941 2397 1226 2468 ὠφελήθης
1248 2415 1260 2426 ·
1296 2398 1391 2450 καὶ
1415 2397 1515 2450 οὐκ
1542 2398 1616 2450 ἔτι
1639 2397 1822 2467 ἀφίετε

221 2487 394 2540 αὐτὸν
409 2487 565 2540 οὐδὲν
582 2487 802 2557 ποιῆσαι
819 2485 894 2558 τῷ
911 2491 1077 2558 πατρὶ
1097 2488 1284 2552 αὐτοῦ,
1307 2489 1339 2560 ἢ
1361 2491 1426 2560 τῇ
1450 2489 1617 2560 μητρὶ
1636 2488 1822 2550 αὑτοῦ.

221 2578 568 2649 ἀκυροῦντες
579 2578 832 2647 τὸνλόγον
844 2578 936 2632 τοῦ
949 2578 1083 2631 Θεοῦ
1095 2581 1158 2649 τῇ
1173 2580 1463 2650 παραδόσει
1476 2582 1504 2632 ὑ
1513 2579 1627 2651 μῶν
1635 2624 1646 2636 .
1660 2599 1678 2632 ι
1694 2582 1757 2632 Ὃ
1768 2581 1825 2632 δὲ

222 2671 400 2740 λέγει,
425 2669 668 2724 τοιοῦτόν
693 2672 862 2723 ἐστιν’
892 2669 950 2722 '0
967 2669 1060 2722 τοῦ
1079 2669 1376 2739 φιλοψύχου
1395 2669 1528 2723 Θεοῦ
1543 2669 1705 2741 νόμος
1722 2687 1827 2722 πα-

226 2764 594 2836 ρακελεύεται
620 2763 694 2834 μὴ
712 2761 1042 2824 ἀθετεῖσθαι,
1067 2763 1202 2832 μήτε
1221 2763 1648 2833 κακηγορεῖσθαι
1669 2761 1828 2814 πατέ-

228 2873 352 2926 ρας,
385 2853 534 2907 καθά
570 2852 1008 2924 προγέγραπται*
1037 2852 1112 2914 ὡς
1141 2852 1186 2904 δ’
1217 2847 1283 2904 αὖ
1322 2852 1485 2906 πάλιν
1512 2852 1826 2921 ἀγαπᾶσθαι

226 2948 359 3008 τοὺς
384 2946 583 3008 παῖδας
612 2945 704 2997 ὑπ’
741 2943 941 3010 αὐτῶν,
971 2943 1067 2996 καὶ
1100 2942 1174 3014 μὴ
1197 2943 1625 3016 παροργίζεσθαι
1656 2962 1827 3016 προσ·

227 3042 443 3094 τάττει.
490 3038 565 3090 Τὸ
585 3037 642 3090 δὲ
676 3035 1024 3107 Ἰσραηλιτῶν
1061 3035 1180 3100 ἔθος
1207 3036 1459 3090 ἐϐούλετο
1479 3038 1707 3090 ἕκαστον
1734 3037 1826 3090 τοῦ

228 3131 360 3186 ὶαοῦ
372 3172 387 3195 ,
409 3130 539 3199 ἁφιε
550 3126 743 3198 ροῦντα
759 3126 945 3180 ἑαυτὸν
956 3125 1034 3197 τῷ
1046 3126 1176 3198 ναῷ,
1198 3129 1406 3199 φανερά
1420 3129 1553 3198 πρὸς
1564 3128 1659 3200 τὴν
1672 3127 1830 3180 δύνα-

237 3239 327 3290 μιν
359 3193 704 3290 προσφέρειν
752 3216 831 3288 τῷ
877 3193 1028 3288 ἱερῷ,
1084 3193 1239 3270 ἅτινα
1272 3193 1486 3287 ἐλέγετο
1514 3193 1754 3290 Κορϐἀν,
1798 3218 1826 3271 ὃ
1853 3193 1899 3254 C

238 3309 610 3380 ἑρμηνεύεται
673 3306 891 3374 δῶρον,
935 3307 1011 3371 ὡς
1065 3307 1128 3379 δὴ
1169 3307 1248 3376 τῷ
1302 3309 1420 3381 Θεῷ
1453 3309 1821 3379 ἀνακείμενα’

243 3409 433 3480 κέρδος
462 3408 521 3460 δὲ
554 3407 762 3475 ἐγίνετο
786 3407 894 3460 τῶν
932 3407 1140 3478 ἱερέων.
1175 3403 1449 3476 Ὀκνηρῷς
1483 3398 1576 3455 οὖν
1597 3400 1827 3471 ἑχόντων

251 3505 478 3571 μάλιστα
502 3502 616 3556 τῶν
651 3503 892 3574 πατράσι
920 3502 986 3556 τὰ
1007 3502 1277 3568 ἀναγκαῖα
1308 3497 1563 3568 χορηγεῖν
1588 3493 1827 3563 ὀφειλόν-

248 3611 354 3646 των
383 3596 512 3665 πρὸς
541 3593 700 3647 τοῦτο
727 3594 787 3646 τὸ
819 3592 1010 3664 δῶρον,
1075 3593 1169 3645 καὶ
1208 3589 1388 3653 καλῶς
1425 3587 1712 3656 λεγόντων,
1744 3587 1825 3639 ὅτι

249 3685 306 3737 οὐ
336 3684 549 3753 θεμιτὸν
580 3685 672 3738 τὸν
699 3684 980 3754 ὀφείλοντα
1019 3685 1091 3755 μὴ
1123 3684 1400 3745 ἀποτῖσαι,
1439 3679 1672 3750 μάλιστα
1712 3681 1824 3741 τοῖς

245 3776 575 3845 γενομένοις
605 3778 654 3828 οἱ
710 3777 873 3846 ἱερεῖς
905 3774 1283 3842 νεαλογοῦντες
1337 3772 1634 3835 ἐδίδασκον,
1683 3769 1822 3822 ὥστε

239 3869 364 3930 τοὺς
396 3867 727 3936 γενομένους
777 3866 972 3937 μᾶλλον
1003 3867 1035 3936 ἢ
1066 3866 1126 3917 τὸ
1155 3862 1487 3934 προσφέρειν
1526 3861 1696 3932 δῶρον
1720 3878 1824 3913 πα-

239 3958 562 4029 ραϐλέπειν,
612 3957 708 4013 καὶ
732 3957 939 4019 τέκνοις
970 3955 1280 4008 ὑπετίθεντο
1310 3953 1492 4021 λέγειν
1552 3953 1822 4015 τοκεῦσιν,

235 4052 318 4103 ἆτι
349 4048 438 4102 Τά
464 4048 737 4118 προσόντα
781 4049 935 4118 ἡμῖν,
988 4047 1159 4118 δῶρόν
1220 4048 1385 4107 ἐστιν,
1425 4045 1518 4098 καὶ
1549 4045 1686 4114 ὅπερ
1729 4044 1824 4097 ἐὰν

236 4139 480 4213 λήψεσθε
537 4141 668 4210 παρ’
700 4139 880 4209 ἡμῶν,
907 4138 1064 4191 τοῦτο
1106 4137 1213 4190 ἀπὸ
1243 4136 1335 4189 τοῦ
1376 4135 1547 4206 δώρου
1575 4135 1668 4188 τοῦ
1723 4137 1824 4206 ήδη

235 4232 661 4301 ύποσχεθέντος,
713 4231 746 4300 ἢ
782 4229 1152 4292 ἀνατεθέντος,
1190 4228 1378 4300 ὥσπερ
1402 4227 1480 4299 τῷ
1520 4227 1639 4298 Θεῷ
1671 4229 1826 4297 ἀφαι-

239 4324 456 4394 ρεῖσθε·
482 4321 827 4391 κατεχόμεθα
853 4321 980 4391 γὰρ,
1009 4321 1192 4390 φησὶν,
1221 4319 1299 4385 τῷ
1328 4321 1453 4391 περὶ
1474 4320 1637 4388 εὐχῆς
1658 4318 1822 4390 λόγῳ,

234 4414 316 4484 τῷ
351 4412 654 4476 κελεύοντι,
715 4411 1010 4482 εὐξάμενον
1059 4410 1386 4465 ἀποδιδόναι.
1432 4410 1628 4465 Ἐλθὼν
1653 4405 1743 4464 οὖν
1796 4411 1825 4462 ὀ

235 4506 372 4570 Θεὸς
397 4505 574 4572 Λόγος
608 4503 736 4576 [156
778 4503 832 4576 b]
882 4505 910 4555 6
940 4502 1014 4574 μὴ
1048 4503 1105 4569 ἐξ
1153 4502 1360 4565 ἐνδείας
1421 4502 1624 4571 γονέων
1661 4501 1821 4565 αὐτὸς
1854 4525 1897 4582 ι)

234 4596 513 4667 τιμᾶσθαι
548 4595 888 4666 βουλόμενος,
949 4595 1086 4663 μήτε
1125 4591 1364 4664 πατέρας
1396 4591 1524 4646 υἱῶν
1566 4591 1820 4662 ἀτιμοτὲ-

238 4705 371 4756 pom;
405 4688 695 4756 ὑπάρχειν,
729 4685 864 4739 ἀλλά
893 4686 1026 4757 μήτε
1059 4684 1280 4746 τούτους
1322 4684 1568 4746 ἐκείνων,
1599 4683 1695 4735 καὶ
1726 4681 1823 4754 τὴν

236 4779 642 4851 προλεχθεῖσαν
676 4777 852 4849 εὑρὼν
899 4777 1069 4848 ἀσεϐῆ
1116 4776 1222 4829 τῷν
1268 4775 1457 4846 ἱερέων
1502 4775 1821 4846 παράδοσιν,

310 4974 438 5046 (76)
465 4972 535 5028 In
559 4973 722 5046 primo
753 4975 917 5046 λόγῳ.
936 4973 1210 5046 Δ(ὶιιίειιιιιιι
1241 4982 1350 5046 est”
1361 4972 1569 5046 primus
1601 4972 1700 5046 iste
1728 4971 1817 5025 λό-

237 5041 372 5116 795;
409 5041 466 5098 In
494 5044 670 5110 primo
695 5041 909 5112 quidem
935 5043 1092 5116 huius
1110 5045 1296 5116 operis
1322 5043 1477 5116 libro,
1505 5053 1598 5116 aut
1619 5041 1814 5116 saltem

241 5111 294 5170 in
334 5119 430 5179 iis,
467 5128 591 5183 quae
621 5111 931 5180 supersunt,
963 5112 1228 5180 capitibus
1261 5113 1402 5166 nulla
1437 5114 1497 5166 lit
1542 5111 1702 5180 huius
1735 5112 1810 5166 rei

245 5187 482 5235 mentio.
520 5181 848 5235 Memoratur
871 5182 1015 5235 enim
1051 5181 1312 5235 duntaxat
1341 5182 1516 5235 obiter
1545 5181 1598 5235 in
1621 5197 1810 5235 secun-

245 5182 496 5241 mentio.’
520 5182 848 5237 Memoratur
871 5182 1015 5236 enim
1051 5182 1312 5235 duntaxat
1341 5182 1516 5236 obiter
1545 5182 1598 5235 in
1621 5197 1818 5238 secun-

244 5262 317 5309 do
349 5257 460 5309 hoc
489 5253 630 5322 libro
656 5267 828 5322 segni.
865 5252 968 5306 103
1014 5267 1065 5306 a.
1099 5251 1282 5318 Itaque
1315 5250 1442 5322 hinc
1488 5252 1650 5306 etiam
1693 5266 1823 5322 con-

247 5321 1070 5408 ﬁrniaerideturConiectura,
1120 5336 1284 5388 quam
1335 5321 1568 5377 iudicavi
1604 5330 1717 5377 not.
1767 5321 1822 5387 2,

245 5392 758 5530 pagi;)5§uperius.
797 5459 999 5530 Nempe
1025 5473 1196 5530 segm.
1233 5457 1337 5530 106
1362 5477 1415 5513 a.

319 5528 446 5604 (78)
477 5533 784 5604 freemen},
817 5528 1226 5604 ιιιόυοτέςμιχ,
1259 5528 1350 5604 2_5.

314 5598 434 5670 (7‘9)
467 5601 667 5667 Quare.
725 5599 1019 5670 Mares",
1066 5599 1216 5653 9-13.
1264 5598 1448 5653 Graeca
1505 5599 1671 5656 editio
1727 5613 1826 5670 pro

247 5689 273 5726 ε
297 5668 532 5740 ιιιιιιὲε.)
566 5671 729 5724 habet
759 5668 958 5740 καλῷς,
981 5670 1033 5740 id
1060 5679 1171 5740 est.
1191 5670 1391 5740 thene.
1421 5687 1440 5718 ι

321 5737 435 5813 (80)
473 5739 706 5796 Corban.
759 5739 815 5792 ln
864 5737 1068 5792 Graecis
1099 5737 1283 5792 Bibliis
1329 5738 1414 5792 hic
1457 5739 1670 5795 additur
1722 5737 1823 5795 ista

573 5857 850 5916 ΡΑτιιοι..
896 5855 1013 5914 Gn.
1059 5852 1360 5919 XXXIX.

1923 1945 2099 1998 facitis
2134 1953 2459 2014 praeceptum
2490 1945 2604 2006 Dei,
2641 1954 2699 1997 ut
2729 1944 3070 1998 traditionem
3108 1951 3343 1994 vestram
3375 1953 3492 1991 ser-

1921 2036 2094 2090 vetis?
2127 2035 2336 2107 Moyses
2395 2037 2541 2091 enim
2595 2034 2756 2105 295
2797 2033 2972 2089 dixit:
3016 2031 3228 2085 llonora
3286 2038 3489 2098 patrem

1922 2138 2093 2194 tuum,
2123 2139 2179 2185 et
2205 2142 2436 2184 matrem
2465 2140 2606 2183 tuam
2635 2145 2650 2193 ;
2683 2137 2775 2182 et:
2819 2127 2919 2193 Qui
2953 2123 3286 2179 maledixerit
3326 2121 3488 2190 patri.

1919 2221 2001 2275 vel
2036 2221 2216 2286 matri,
2255 2230 2428 2274 morte
2488 2225 2768 2275 moriatur.
2798 2216 2903 2272 Vos
2945 2226 3123 2271 autem
3169 2213 3394 2268 dicitis:
3434 2209 3489 2267 Si

1921 2313 2117 2368 dixerit
2139 2313 2298 2367 homo
2323 2313 2482 2383 patri,
2501 2321 2594 2364 aut
2624 2309 2802 2374 matri,
2821 2306 3182 2377 Curban(80),
3214 2303 3496 2376 quodcun-

1922 2418 2025 2472 que
2051 2419 2120 2458 ει
2165 2418 2251 2457 me
2297 2402 2390 2458 tibi
2420 2401 2746 2473 profuit(8l)
2774 2409 2866 2456 :et
2899 2399 3128 2468 amplius
3164 2413 3270 2452 non
3305 2393 3492 2450 dimit-

1927 2495 2038 2550 titis
2088 2509 2212 2550 eum
2261 2495 2555 2563 quidquam
2616 2493 2792 2548 facere
2838 2492 2976 2562 patri
3035 2503 3153 2554 suo,
3191 2495 3284 2542 aut
3329 2485 3491 2542 matri

1927 2599 2061 2648 sum,
2095 2585 2461 2639 rescindentes
2500 2584 2725 2638 verbum
2765 2581 2855 2636 Dei
2892 2596 2986 2651 per
3019 2577 3365 2634 traditionem
3400 2591 3493 2630 ve-

1925 2685 2116 2729 stram.
2155 2693 2174 2726 »
2215 2674 2366 2741 Quod
2409 2685 2587 2728 autem
2624 2674 2725 2728 sibi
2757 2672 2891 2734 vult.
2922 2669 3223 2738 huiusmodi
3261 2677 3364 2724 est.
3398 2665 3490 2720 Dei

1927 2767 2227 2819 animarum
2276 2767 2507 2820 amantis
2538 2766 2622 2820 lex
2656 2775 2835 2834 patres
2867 2763 3073 2834 sperni,
3101 2763 3287 2832 eisque
3323 2761 3496 2816 male-

1928 2857 2032 2911 dici
2063 2866 2229 2923 vetat,
2257 2866 2316 2912 ut
2346 2860 2400 2912 in
2429 2856 2870 2911 antecedentibus
2892 2854 3069 2909 verbis
3094 2853 3352 2923 scriptum
3379 2861 3491 2915 est;

1927 2947 2071 3004 sicut
2098 2948 2336 3003 vicissim
2370 2947 2509 3002 ﬁlios
2535 2947 2602 3000 ab
2627 2946 2759 3011 ipsis
2787 2945 3030 3016 diligi,et
3057 2944 3126 3000 ad
3159 2943 3495 2999 iracundiam

1929 3056 2034 3094 non
2087 3039 2491 3110 provocari(82)
2533 3037 2704 3108 jubet.
2768 3038 3135 3092 lsraelitarum
3183 3049 3310 3090 vero
3367 3050 3497 3089 con-

1930 3133 2160 3187 suetudo
2190 3147 2628 3201 unumquemque
2648 3146 2677 3186 e
2704 3129 2898 3201 populo
2929 3128 3126 3198 templo
3163 3143 3283 3182 sese
3309 3143 3498 3185 conse-

1928 3236 2172 3279 crantem
2220 3222 2442 3291 iubebat
2489 3221 2684 3278 all'erre
2720 3239 2818 3293 pro
2862 3221 3068 3277 viribus
3119 3223 3406 3278 manifesto
3441 3223 3495 3278 in

1929 3317 2185 3386 templum
2216 3330 2301 3382 ea,
2337 3330 2456 3385 qua:
2506 3316 2825 3369 dicebantur
2859 3313 3097 3379 Corban,
3138 3315 3280 3384 quod
3329 3315 3498 3369 inter-

1927 3418 2206 3476 pretamur
2241 3408 2460 3471 donum,
2501 3414 2684 3474 utpote
2727 3407 2982 3460 nimirum
3032 3406 3142 3461 Deo
3163 3407 3370 3474 dicata;
3413 3407 3498 3462 lu-

1925 3514 2074 3554 crum
2117 3513 2245 3553 vero
2276 3497 2645 3554 sacerdotibus
2670 3496 3004 3567 obtingebat.
3039 3495 3172 3551 Cum
3213 3511 3345 3564 ergo
3401 3511 3497 3552 eos

1925 3589 2391 3658 potissimum,qui
2417 3576 2716 3642 necessaria
2746 3587 3053 3656 parentibus
3083 3588 3496 3644 subministrare

1924 3681 2209 3741 debebant,
2239 3682 2439 3734 donum
2469 3678 2574 3732 hoc
2601 3675 2793 3732 aﬂ’erre
2819 3677 3044 3747 pigeret,
3073 3693 3136 3732 ac
3175 3687 3321 3734 recte
3349 3677 3496 3734 dice—

1926 3781 2065 3838 rent,
2100 3771 2250 3826 nefas
2297 3785 2416 3826 esse
2452 3771 2536 3824 cui
2569 3770 2788 3835 debeas,
2826 3784 2933 3823 non
2981 3768 3226 3835 reddere,
3263 3783 3493 3838 praeser-

1926 3866 2019 3918 tim
2063 3863 2395 3934 genitoribus
2421 3862 2553 3933 (85),
2611 3876 2780 3914 novas
2826 3861 3136 3915 sacerdotes
3182 3859 3494 3915 invehentes

1925 3955 2218 4018 doctrinas,
2251 3953 2525 4021 genitores
2573 3951 2750 4022 potius
2799 3953 3144 4022 negligendos
3184 3967 3304 4009 esse
3334 3953 3496 4008 doce-

1926 4044 2074 4106 bant,
2105 4057 2266 4111 quam
2311 4043 2436 4096 doni
2479 4042 2806 4096 oblationem
2857 4043 3232 4109 omittendam,
3269 4054 3323 4098 et
3357 4043 3496 4098 lilios

1924 4134 2038 4188 haec
2066 4147 2252 4187 eorum
2293 4135 2606 4202 parentibus
2637 4119 2815 4188 dicere
2841 4132 3131 4199 iubebant:
3166 4131 3296 4200 Qua:
3329 4133 3496 4188 habe-

1925 4241 2065 4288 mus,
2093 4226 2290 4280 donum
2311 4235 2461 4288 sunt,
2489 4234 2543 4279 et
2570 4226 2924 4294 quodcunque
2949 4239 2978 4279 a
3010 4225 3162 4280 nobis
3193 4227 3490 4295 accipietis,

1925 4315 1977 4370 id
2002 4315 2164 4370 veluti
2199 4316 2309 4372 Deo
2339 4316 2596 4383 auiertis;
2625 4331 2691 4370 ex
2723 4317 2862 4371 dono
2894 4317 3087 4386 quippe
3113 4318 3164 4372 id
3188 4317 3491 4381 detrahitis,

1924 4409 2066 4476 quod
2109 4409 2220 4476 iam
2275 4410 2623 4477 promissum,
2677 4419 2772 4464 aut
2807 4419 3181 4465 consecratum
3227 4419 3313 4467 est
3349 4429 3362 4466 :
3403 4413 3496 4467 illo

1925 4497 2067 4550 enim
2119 4497 2251 4568 legis
2304 4499 2630 4562 testimonio,
2679 4515 2744 4554 ac
2793 4511 3060 4570 praecepto
3101 4502 3494 4572 obstringimur

1928 4588 2188 4660 (aiebant)
2220 4593 2362 4659 quod
2394 4592 2458 4646 de
2493 4599 2618 4646 voto
2662 4590 2827 4644 latum
2859 4600 2964 4654 est,
3007 4607 3131 4647 cum
3172 4593 3238 4658 is,
3276 4595 3367 4665 qui
3395 4611 3490 4651 vo-

1928 4682 2086 4746 verit,
2132 4681 2355 4737 reddere
2407 4682 2662 4752 iubeatur
2697 4683 2834 4754 (8i).
2866 4682 3098 4740 Veniens
3150 4684 3312 4756 igitur
3350 4687 3496 4743 Deus

1930 4773 2186 4840 Verbum,
2210 4775 2302 4844 qui
2339 4788 2405 4828 ex
2436 4785 2718 4846 parentum
2756 4774 3047 4846 indigentia
3090 4777 3348 4834 honorari
3382 4779 3496 4850 ipse

1924 4973 2300 5045 interpretatio
2345 4993 2360 5032 :

1924 5045 2140 5100 donum.
2174 5064 2192 5096 ι

1995 5113 2107 5184 (81)
2142 5114 2257 5170 Tibi
2301 5115 2518 5186 profuit.
2566 5115 2752 5173 Graeca
2800 5117 2989 5185 editio,
3033 5118 3344 5194 ὠφεληθῇς,
3398 5138 3499 5194 pro

1940 5185 2231 5238 ἶκοελήθης.

1925 5201 2072 5253 ωφεΑ
2112 5201 2231 5256 υης.

2155 5257 2234 5308 Ad
2263 5255 2618 5322 iracundiam,
2647 5265 2753 5312 etc.
2789 5255 2922 5312 Vide
2959 5256 3129 5328 Epist.
3179 5261 3247 5315 ad
3295 5258 3496 5330 Ephes.

1930 5324 2489 5476 ἶμέδλᾷιηῑιονίὺ-ιιε.
2527 5393 2726 5476 Codex:
2777 5399 2910 5476 τοῖςη
2922 5398 3260 5476 γενομένοις.
3289 5393 3503 5476 Legen-

1932 5462 2058 5516 dnm
2081 5465 2311 5538 videtur,
2333 5467 2453 5538 tot;
2471 5465 2852 5538 γεννωμένοις.
2878 5462 3160 5538 Similique
3189 5462 3348 5523 modo
3376 5462 3499 5523 mox

1931 5547 2047 5604 pro_
2060 5533 2399 5604 γενομένους,
2441 5535 2557 5602 lego
2582 5533 2971 5604 γεννωμένους.

2002 5602 2114 5674 (84)
2146 5601 2422 5675 labentur.
2458 5601 2586 5659 Vide
2601 5601 2975 5675 LevitgAxxvu,
2999 5607 3073 5674 ξς
3107 5607 3267 5663 Num.
3299 5621 3378 5675 Vl,
3402 5606 3496 5674 2i;

1932 5683 1987 5728 et
2025 5673 2151 5739 xxx,
2185 5673 2250 5740 ὃς
2284 5683 2337 5728 ει
2368 5674 2524 5730 Deut.
2558 5689 2714 5741 χχιιι,
2742 5673 2830 5730 22.

2423 4977 2494 5030 ’Ὀ
2546 4977 2664 5032 ἐστι
2715 4977 2908 5049 δῶρον,
2944 4979 2998 5033 id
3044 4989 3147 5046 est,
3195 4983 3381 5051 «quod
3415 4994 3499 5041 est

3105 5857 3185 5918 ‘2’5
