4060 6406
564 325 668 384 747

1802 311 1959 367 DIDY
1971 309 2040 366 Ml
2081 308 2560 365 ALEXANDRINI

3679 304 3761 371 ’με

528 418 806 524 ζιιοιειιοῐ,
835 446 1010 504 neque
1048 436 1230 504 patres
1267 427 1409 492 ﬁliis,
1449 439 1548 482 nec
1581 425 1818 482 vicissim
1866 426 2004 480 ﬁlios
2037 439 2130 494 pa-

2255 423 2490 486 ηναντίως
2513 422 2741 492 ἔχουσαν
2774 419 2905 492 πρὸς
2930 417 3026 490 τὴν
3070 417 3221 471 ὁσίαν
3253 414 3416 470 αὑτοῦ
3452 415 3662 489 ἐντολὴν,
3691 422 3765 486 ἐγ-

566 530 812 585 rentibus
839 523 1273 581 inhonoratiores
1302 533 1418 573 esse
1450 517 1682 580 volebat,
1715 531 1780 569 ac
1818 514 2127 584 prmdictam

2237 514 2388 567 καλεῖ
2413 515 2480 567 τὰ
2512 512 2977 585 μνημονευθέντα.

570 623 849 678 inveniens
911 617 1128 688 impiam
1181 611 1522 667 sacerdotum
1575 608 1951 671 traditionem,
2009 621 2128 677 qua:
2167 619 2355 662 saucio
2397 605 2513 674 ejus
2587 613 2853 675 praecepto
2900 599 3306 665 adversabatur,
3385 599 3472 654 illa
3515 600 3770 670 exprobrat

570 713 876 775 Pharisreis,
906 723 1025 779 quat
1056 709 1474 760 commemdrata
1502 709 1650 753 sunt.

1172 790 1323 846 CAP.
1365 789 1532 846 XXV.

635 899 770 953 Cum
838 905 965 963 ergo
1039 887 1348 944 sublimium
1419 882 1827 947 divinorumque
1901 885 2136 932 textuum

571 986 879 1045 testimonio
907 981 1182 1052 probetur,
1213 977 1469 1045 Spiritum
1505 981 1751 1026 sanctum
1785 977 2050 1024 coaeterne
2072 983 2137 1021 ex

571 1099 699 1148 una,
733 1088 786 1134 et
841 1090 1089 1148 suprema
1141 1072 1318 1126 divina
1367 1077 1553 1122 natura
1602 1064 1871 1126 eluxisse,
1909 1077 2138 1125 eumque

571 1171 863 1228 secundum
895 1163 1182 1220 essentiam
1209 1169 1261 1214 et
1290 1157 1606 1227 potentiam,
1635 1167 1786 1223 aeque
1824 1165 1886 1205 ac
1926 1151 2137 1205 Patrem

568 1259 740 1333 296
785 1267 839 1312 et
870 1255 1085 1314 Filium,
1139 1252 1255 1306 sine
1305 1247 1409 1301 ulla
1465 1242 1824 1314 discrepantia
1871 1242 2136 1296 inﬁnitum

572 1366 716 1416 esse,
755 1356 810 1402 et
849 1341 1329 1412 incorruptibilem,
1361 1347 1414 1393 et
1449 1337 1665 1407 propria
1701 1341 1964 1404 potestate
2005 1347 2139 1400 prae-

574 1441 768 1504 ditum,
793 1445 848 1490 et
872 1435 1092 1492 bonum,
1122 1441 1173 1484 et
1197 1437 1462 1494 sanctum,
1489 1438 1542 1480 et
1570 1425 1747 1478 omnia
1775 1424 1991 1484 habere,
2024 1437 2142 1491 quae

576 1540 732 1584 antea
777 1527 919 1581 dicta
979 1533 1126 1586 sunt,
1161 1523 1293 1575 adeo
1347 1528 1404 1573 ut
1457 1533 1523 1571 ex
1571 1517 1688 1585 ipso
1734 1528 2139 1583 cognoscamus,

577 1620 744 1674 Deum
780 1615 831 1668 in
867 1612 1023 1668 nobis
1046 1611 1326 1674 habitare;
1364 1620 1592 1674 cumque
1631 1604 1807 1666 Pater,
1835 1603 1957 1655 dum
1994 1600 2139 1654 illurn

575 1709 816 1766 declarat
851 1717 972 1759 esse
1020 1700 1187 1772 ipsius
1237 1697 1495 1768 Spiritum
1521 1736 1536 1762 ,
1598 1693 1882 1747 manifesto
1916 1698 2144 1744 testetur
2175 1735 2216 1789 Β

574 1799 762 1866 etiam,
822 1812 943 1854 eum
981 1795 1079 1864 ipsi
1128 1787 1644 1848 consubstantialem
1693 1799 1830 1849 esse,
1881 1793 1934 1838 et
1977 1782 2141 1836 Deum

577 1898 919 1958 increatum;
971 1901 1200 1955 cumque
1243 1899 1307 1940 ne
1347 1882 1512 1938 Filius
1561 1881 1774 1950 quidem
1827 1878 2144 1948 dedignatus

576 1986 669 2050 sit,
709 1983 778 2039 ob
814 1979 1269 2040 communionem,
1296 1987 1454 2042 quam
1479 1987 1599 2025 cum
1634 1971 1749 2039 ipso
1770 1969 1948 2030 habet,
1983 1967 2150 2020 deita-

578 2077 668 2136 tis.
707 2083 762 2129 et
789 2070 962 2141 regni,
991 2077 1043 2122 et
1065 2066 1266 2137 gloriae,
1304 2073 1358 2119 et
1391 2063 1442 2117 in
1481 2063 1598 2131 ipso
1627 2061 1773 2130 ungi,
1810 2068 1866 2112 et
1890 2073 2011 2113 eum
2037 2070 2148 2110 ma-

577 2176 792 2221 nentem
822 2161 960 2232 apud
993 2159 1164 2227 ipsum
1186 2155 1476 2217 habere,et
1509 2167 1604 2217 per
1637 2149 1980 2218 semetipsum
2007 2146 2147 2200 illius

578 2259 862 2312 adventum
903 2249 1286 2320 praenuntiam,
1328 2255 1384 2300 et
1423 2242 1785 2312 aequalitatem
1839 2239 2062 2294 honoris
2097 2239 2144 2292 ei

578 2349 837 2410 tribuere,
866 2358 1026 2414 quam
1057 2339 1346 2410 Apostolus
1385 2337 1545 2392 etiam
1574 2333 1829 2394 servavit,
1872 2330 1964 2400 qui
1995 2344 2145 2384 com-

577 2437 995 2496 municationem
1050 2445 1265 2502 quoque
1303 2438 1358 2484 et
1403 2427 1664 2483 unitatem
1705 2424 1870 2492 ipsius
1914 2435 2149 2476 comme-

577 2531 836 2596 moravit;
888 2535 944 2584 et
981 2540 1102 2582 cum
1148 2521 1394 2578 similiter
1445 2533 1633 2573 omnes
1681 2516 1799 2570 alia:
1852 2514 2146 2582 Scriptura:

578 2638 739 2678 unam
799 2632 919 2676 esse
963 2616 1196 2672 divinam
1245 2623 1488 2667 naturam
1534 2608 1837 2668 ostendant,
1888 2615 1942 2658 et
1984 2619 2145 2657 unum

578 2727 771 2770 nomen
805 2725 925 2766 esse
972 2708 1153 2763 dicant
1184 2715 1393 2759 summe
1425 2697 1750 2754 honorandae
1782 2695 2064 2758 Trinitati,
2096 2703 2149 2747 et

579 2804 725 2858 illum
760 2802 812 2855 in
850 2799 1036 2863 tantis,
1063 2805 1118 2851 et
1148 2793 1345 2848 talibus
1374 2791 1548 2856 donis,
1586 2798 1678 2842 aut
1711 2786 1870 2842 simul
1915 2801 2033 2840 cum
2063 2783 2150 2837 Fi-

579 2893 653 2946 lio
690 2888 979 2948 collucent,
1019 2893 1113 2938 aut
1155 2883 1320 2938 etiam
1364 2894 1606 2934 seorsum
1649 2879 1821 2946 ipsum
1851 2876 1916 2929 de
1953 2874 2149 2929 divinis

579 2981 834 3051 operibus
872 2987 926 3032 et
954 2975 1239 3030 virtutibus
1269 2973 1550 3042 loquentes
1589 2976 1910 3030 memorent,
1947 2977 1998 3021 et
2022 2981 2146 3021 eum

2870 781 3028 837 ΚΕΦ.
3064 781 3172 833 KE'
3186 821 3198 835 .

2326 872 2340 890 '
2351 871 2649 940 Υπερφυῶν
2677 871 2852 924 τοίνυν
2871 871 3198 937 ἀποδείξεων
3212 891 3216 893 ν
3229 885 3408 940 μαρτυ
3417 866 3625 939 ρουσῶν,
3641 868 3710 920 ὅτι
3726 869 3778 920 ἐκ

2243 967 2343 1035 τῆς
2364 966 2493 1034 μιᾶς
2515 965 2608 1018 καὶ
2628 963 2889 1016 ἀνωτάτω
2913 963 3100 1033 θεῖκῆς
3119 961 3330 1030 φύσεως
3369 960 3590 1028 ἐξεφάνη
3622 964 3778 1011 συναῖ-

2243 1056 2371 1117 δίως
2389 1055 2450 1107 τὸ
2479 1056 2632 1122 ἅγιον
2653 1055 2892 1124 Πνεῦμα,
2915 1054 3006 1106 καὶ
3024 1053 3134 1123 ἔχει
3158 1052 3300 1105 κατά
3319 1068 3377 1103 τε
3399 1051 3494 1119 τὴν
3514 1049 3682 1102 οὐσίαν
3705 1051 3780 1101 καὶ

2244 1147 2343 1216 τὴν
2362 1145 2590 1216 δύναμιν
2609 1146 2667 1198 τὺ
2685 1146 2932 1217 ἄπειρον,
2951 1146 3043 1198 καὶ
3063 1145 3121 1198 τὸ
3134 1145 3430 1216 ἄφθαρτον,
3446 1142 3607 1194 καὶτὸ
3621 1140 3780 1204 αὐτεξ-

2245 1236 2444 1300 ούσιον,
2476 1238 2568 1289 καὶ
2583 1237 2644 1290 τὺ
2671 1237 2894 1307 ἀγαθὸν,
2924 1238 3019 1291 καὶ
3046 1238 3104 1290 τὸ
3142 1238 3315 1306 ἅγιον,
3345 1235 3439 1288 καὶ
3468 1233 3534 1286 τὰ
3559 1250 3787 1304 προειρη-

2249 1327 2386 1395 μένα
2415 1327 2594 1380 πάντα
2625 1327 3058 1397 ἀπαραλλάκτως
3089 1327 3223 1399 πρὸς
3250 1327 3340 1379 τὸν
3369 1325 3580 1396 Πατέρα
3609 1321 3786 1376 καὶτὸν

2248 1416 2374 1469 Υίὸν
2405 1415 2598 1481 οὕτως,
2647 1415 2788 1469 ὥστε
2823 1416 2882 1481 ἐξ
2931 1416 3096 1469 αὑτοῦ
3149 1415 3504 1488 γνωρίζεσθαι
3544 1413 3628 1467 τὸν
3674 1411 3786 1464 Θεὸν

2247 1511 2413 1562 οἰκεῖν
2432 1509 2490 1562 ἐν
2523 1511 2675 1579 ἡμῖν·
2709 1509 2804 1562 καὶ
2831 1508 2924 1560 τοῦ
2966 1509 3176 1579 Πατρὸς
3208 1507 3457 1576 ἐκφανῶς
3480 1505 3564 1560 διὰ
3589 1505 3672 1558 τοῦ
3692 1503 3788 1558 δει-

2248 1599 2432 1652 κνύειν
2473 1599 2694 1670 Πνεῦμα
2727 1598 2892 1653 αὐτοῦ
2932 1595 3072 1653 εἶναι
3109 1599 3238 1652 αὐτὸ
3273 1598 3680 1670 μαρτυροῦντος,
3718 1598 3788 1649 ὅτι

2249 1694 2342 1747 καὶ
2369 1693 2651 1764 όμοούσιον
2674 1693 2844 1764 αὐτῷ,
2897 1695 2991 1747 καὶ
3027 1693 3160 1756 Θεὸς
3201 1693 3466 1763 ἀγένητός
3503 1695 3660 1745 ἐστιν·
3707 1693 3790 1743 οὐκ

2247 1785 2657 1850 ἀπαξιώσαντος
2693 1787 2749 1840 δὲ
2802 1786 2925 1839 οὔτε
2951 1785 3042 1839 τοῦ
3079 1785 3231 1848 Υίοῦ,
3270 1786 3360 1839 διὰ
3398 1785 3494 1856 τὴν
3522 1785 3641 1856 περὶ
3678 1783 3790 1836 αὐτὸ

2247 1878 2341 1946 τῆς
2369 1878 2638 1948 θεότητος,
2673 1879 2767 1932 καὶ
2817 1877 3115 1947 βασιλείας,
3165 1879 3260 1930 καὶ
3305 1876 3462 1947 δόξης
3518 1876 3789 1928 κοινωνίαν·

2247 1969 2338 2021 καὶ
2390 1970 2446 2021 ὲν
2476 1967 2623 2038 αὑτῷ
2669 1967 2978 2038 χρισθῆναι,
3026 1968 3119 2020 καὶ
3155 1965 3298 2037 ἐχειν
3344 1966 3475 2018 αὐτὸ
3505 1966 3654 2036 μένον
3684 1965 3792 2034 παρ’

2247 2060 2417 2130 αὐτῷ,
2467 2060 2560 2113 καὶ
2602 2059 2669 2112 δι’
2697 2060 2891 2112 ἑαυτοῦ
2932 2059 3349 2130 προεξαγγεῖλαι
3395 2059 3492 2130 τὴν
3532 2058 3798 2128 ἐπιδημίαν

2248 2153 2434 2217 αὐτοῦ,
2470 2154 2565 2206 καὶ
2592 2151 2690 2224 τὴν
2719 2152 2990 2223 ίσοτιμίαν
3031 2151 3179 2222 αὐτῷ
3221 2153 3546 2222 ἀπονεῖμαι,
3572 2152 3633 2221 ἣν
3664 2150 3747 2203 καὶ
3772 2150 3795 2202 ὁ

2261 2244 2579 2308 Ἀπόστολος
2603 2243 2888 2313 ἐφύλαξεν,
2932 2242 3011 2296 ἔτι
3041 2243 3097 2296 δὲ
3142 2245 3236 2296 καὶ
3259 2245 3542 2298 κοινωνίαν
3579 2243 3666 2296 καὶ
3703 2241 3799 2294 ἐνό-

2246 2354 2383 2407 τητα
2421 2334 2585 2390 αὑτοῦ
2616 2335 2870 2406 ἔγραψεν⁸
2910 2335 3108 2404 ὁμοίως
3142 2335 3198 2387 δὲ
3236 2335 3332 2387 καὶ
3367 2335 3558 2387 πασῶν
3588 2333 3686 2386 τῶν
3719 2331 3798 2386 άλ-

2247 2429 2352 2481 λων
2389 2428 2620 2500 Γραφῶν
2659 2427 2785 2498 μίαν
2814 2422 2952 2480 εἶναι
2996 2425 3156 2495 φύσιν
3204 2425 3353 2478 θείαν
3387 2424 3672 2497 δηλουσῶν,
3721 2421 3802 2475 καὶ

2247 2521 2304 2573 ἓν
2345 2521 2516 2590 ὄνομα
2552 2522 2616 2590 τῇ
2663 2518 2920 2589 παντίμῳ
2967 2518 3156 2588 Τριάδι
3202 2517 3478 2586 λεγουσῶν
3511 2558 3525 2581 ,
3560 2519 3649 2570 καὶ
3693 2531 3827 2567 συν--

2245 2613 2550 2667 ταττουσῶν
2613 2612 2746 2666 αὐτὸ
2819 2612 2877 2664 ἐν
2957 2611 3235 2673 τοσούτοις
3321 2610 3418 2662 καὶ
3491 2606 3803 2680 τηλικούτοις

2248 2704 2601 2776 χαρίσμασιν,
2631 2701 2666 2773 ἢ
2709 2701 2846 2772 μετά
2890 2699 2983 2753 τοῦ
3030 2699 3186 2762 Υίοῦ,
3215 2699 3247 2769 ἢ
3273 2700 3370 2752 καὶ
3395 2698 3524 2770 [1⁷57
3553 2695 3607 2768 α]
3658 2691 3802 2748 αὑτοῦ

2248 2795 2388 2850 κατὰ
2420 2794 2585 2865 μόνας
2610 2794 2702 2846 ἐπὶ⁵
2731 2791 2928 2844 θεῖκῶν
2957 2789 3131 2860 ἔργων
3177 2789 3271 2842 καὶ
3295 2789 3580 2859 δυνάμεων
3626 2799 3804 2856 μνημοι

2247 2885 2536 2950 νευουσῶν,
2581 2884 2674 2938 καὶ
2721 2882 2997 2938 καλουσῶν
3031 2881 3163 2936 αὐτὸ
3197 2883 3316 2934 κατ’
3349 2881 3625 2953 ἐξαίρετον
3654 2875 3805 2930 Πνεῦ-

2252 2997 2330 3051 μα
2380 2979 2554 3048 ἆγιον,
2589 2977 2812 3047 Πνεῦμα
2834 2975 2928 3028 τοῦ
2958 2975 3115 3038 Θεοῦ,
3147 2975 3241 3028 κα)⁸
3270 2975 3334 3026 ἐκ
3360 2973 3457 3026 τοῦ
3483 2971 3639 3035 Θεοῦ,
3675 2968 3760 3022 καὶ.
3787 2965 3811 3019 ὂ

580 3079 773 3127 vocent
806 3083 898 3138 per
936 3065 1312 3124 excellentiam
1363 3063 1622 3132 Spiritum
1671 3070 1940 3121 sanetum,
1975 3058 2145 3128 Spiri-

2255 3071 2400 3140 παρά
2435 3071 2528 3124 τοῦ
2555 3069 2769 3141 Πατρδς
2812 3069 3188 3140 ἐκπορεύεται,
3227 3070 3320 3123 καὶ
3354 3069 3584 3132 Πνεῦμα
3617 3066 3691 3129 ἓν,
3733 3061 3810 3116 καὶ

581 3174 696 3216 tum
730 3161 846 3226 Dei,
877 3167 932 3214 et
963 3174 1029 3214 ex
1063 3157 1173 3212 Deo
1212 3156 1580 3218 exsistentem,
1613 3163 1665 3207 et
1691 3169 1718 3204 a
1760 3153 1918 3204 Patre
1960 3166 2146 3220 proce-

581 3255 816 3314 dentem,
847 3259 902 3305 et
930 3248 1188 3319 Spiritum
1223 3259 1405 3307 unum,
1427 3253 1480 3298 et
1510 3243 1770 3312 Spiritum
1803 3240 2066 3302 veritatis,
2098 3247 2149 3293 et

583 3343 843 3413 Spiritum
874 3340 1134 3402 divinum,
1157 3347 1211 3390 et
1241 3335 1449 3389 Flatum
1479 3333 1893 3402 Otunipoteutis,
1925 3347 2043 3400 qua:
2070 3329 2148 3384 vel

583 3435 696 3490 soia
731 3448 828 3503 per
860 3447 919 3486 se
952 3429 1223 3485 suﬂicittnt
1257 3436 1446 3483 contra
1491 3440 1680 3480 omnes
1720 3423 1998 3478 baereticas
2029 3436 2150 3490 per-

584 3526 902 3587 versitates;
942 3535 1174 3589 cumque
1218 3518 1416 3573 exedem
1451 3524 1733 3576 testentur,
1768 3513 1908 3582 quod
1951 3527 2051 3566 nos
2097 3521 2151 3565 ct

584 3617 678 3673 Dei
727 3616 868 3669 ﬁlios
915 3612 1067 3677 facit,
1101 3620 1156 3666 et
1211 3610 1446 3674 deiﬁcat,
1489 3618 1543 3662 et
1584 3607 1797 3670 liberat,
1834 3617 1887 3658 et
1935 3618 2148 3658 rursum

582 3716 752 3771 creat,
777 3717 834 3761 et
863 3714 1206 3774 peccatorum
1233 3702 1548 3756 remissione
1572 3700 1910 3768 dignatur,et
1941 3696 2154 3764 sapien-

585 3802 736 3862 tiam,
773 3813 836 3853 ac
863 3797 1231 3868 cognitionem
1258 3795 1412 3849 nobis
1443 3794 1666 3863 praebet,
1698 3801 1750 3844 et
1788 3805 1968 3854 omne,
2009 3788 2153 3857 quod

586 3890 789 3946 factum
827 3896 932 3953 est,
979 3889 1303 3952 sanctiﬁcat,
1341 3895 1396 3941 et
1432 3884 1615 3954 implet
1639 3883 1823 3938 orbem
1867 3891 2151 3944 terrarum,

585 3992 641 4038 et
671 3981 908 4037 continet
937 3981 1143 4042 omnia,
1174 3988 1229 4033 et
1275 3979 1388 4047 ipse
1417 3983 1676 4032 cmlorum
1706 3976 1934 4028 virtutes
1971 3974 2154 4028 ﬁrma-

586 4074 685 4136 vit,
704 4081 866 4140 atque
891 4069 1350 4130 corrol.ioravit,et
1381 4067 1430 4122 ei
1462 4065 1809 4122 descendenti
1835 4065 1956 4120 caeli
1984 4062 2153 4133 aperti

585 4172 734 4228 sunt,
760 4170 816 4218 et
850 4177 879 4216 a
913 4160 1100 4216 mundi
1138 4157 1524 4214 constitutione
1546 4172 1709 4227 super
1741 4172 1910 4226 aquas
1944 4154 2154 4208 fereba-

593 4269 701 4320 tur,
738 4268 939 4325 easque
975 4251 1366 4313 sanctiﬁcabat,
1400 4260 1456 4306 et
1489 4249 1792 4320 prophetis,
1823 4259 1986 4318 atque
2029 4264 2158 4317 apo-

590 4348 745 4404 stolis
770 4344 1071 4416 inspiravit,
1113 4343 1365 4412 ipsosque
1391 4341 1540 4394 misit
1567 4350 1624 4395 ut
1655 4339 1932 4403 Dominus,
1968 4348 2023 4394 et
2051 4354 2154 4392 una

2253 3162 2475 3233 Πνεῦμα
2495 3162 2774 3233 ἀληθείας,
2807 3163 2901 3216 καὶ
2944 3161 3167 3233 Πνεῦμα
3207 3162 3370 3227 θεῖον,
3424 3162 3521 3215 καὶ
3551 3157 3690 3228 Πνοὴ
3731 3153 3811 3207 τοῦ

2250 3254 2718 3325 Παντοκράτορος,
2773 3252 2810 3306 ἀ
2857 3254 2952 3306 καὶ
2999 3253 3132 3323 μόνα
3188 3253 3443 3323 αὐτάρκη
3475 3251 3612 3323 πρὸς
3656 3248 3815 3306 πάσας

2250 3344 2531 3417 αἱρετικὰς
2563 3345 2912 3416 διαστροφάς·
2936 3343 3324 3415 μαρτυρουσῶν
3351 3344 3430 3406 δὲ,
3467 3344 3550 3396 ὅτι
3582 3340 3671 3394 τοῦ
3699 3333 3815 3391 Θεοῦ

2251 3437 2398 3506 ἡμᾶς
2427 3437 2578 3499 υἱοὺς
2619 3437 2784 3502 ποιεῖ,
2826 3435 2920 3488 καὶ
2964 3434 3218 3499 θεοποιεῖ,
3259 3437 3354 3488 καὶ
3393 3434 3689 3504 ἐλευθεροῖ,
3740 3427 3818 3482 καὶ

2252 3523 2548 3586 ἀνακτίζει,
2584 3524 2678 3576 καὶ
2707 3524 2996 3595 ἁμαρτιῶν
3030 3524 3272 3593 ἀφέσεως
3302 3524 3469 3591 ἀξιοῖ,
3520 3523 3615 3577 καὶ
3651 3519 3818 3588 σοφίαν

2251 3617 2346 3669 καὶ
2368 3615 2569 3684 γνῶσιν
2606 3616 2860 3686 παρέχει,
2905 3616 2999 3668 καὶ
3049 3617 3156 3669 πᾶν
3189 3615 3247 3669 τὸ
3283 3617 3658 3686 πεποιημένον
3686 3609 3824 3679 ἁγιά-

2253 3705 2356 3771 ζει,
2401 3707 2495 3760 καὶ
2527 3707 2724 3778 πληροῖ
2751 3706 2848 3777 τὴν
2879 3707 3222 3777 οἰκουμένην,
3245 3709 3337 3760 καὶ
3364 3707 3586 3776 συνέχει
3614 3705 3690 3760 τά
3707 3701 3823 3754 πάνα

2253 3816 2341 3865 τα,
2375 3799 2467 3851 καὶ
2491 3799 2621 3851 αὐτὸ
2649 3799 2756 3852 τῶν
2779 3798 3021 3869 οὐρανῶν
3049 3799 3283 3869 ἦδρασεν
3317 3801 3415 3851 καὶ
3446 3799 3724 3867 ἐνίσχυσεν
3743 3792 3826 3852 τὰς

2254 3889 2533 3960 δυνάμεις,
2568 3891 2664 3943 καλ⁸
2691 3888 3044 3960 ἀνεῴχθησαν
3098 3888 3248 3958 αὐτῷ
3278 3889 3702 3946 καταϐαίνοντι,
3747 3881 3826 3936 καὶ

2256 3983 2365 4037 ἀπὸ
2408 3983 2716 4053 καταϐολῆς
2753 3983 2957 4053 κόσμου
3001 3982 3299 4053 φερόμενον
3336 3983 3434 4035 ἐπὶ
3482 3981 3593 4034 τῶν
3644 3979 3829 4032 ὑδάτων

2257 4072 2480 4144 ὴγίαζεν
2509 4072 2671 4134 αὐτὰ,
2722 4073 2816 4125 καὶ
2849 4073 3130 4142 προφήτας
3157 4070 3252 4124 καὶ
3278 4070 3621 4132 ἀποστόλους
3657 4065 3830 4134 ἐνήχη·

2260 4179 2350 4214 σεν
2403 4163 2495 4215 καὶ
2543 4161 2807 4232 ἐπεμψεν,
2848 4162 2923 4224 ὡς
2977 4161 3273 4230 Δεσπότης,
3324 4161 3424 4213 καὶ
3485 4158 3732 4227 συνεργεῖ
3766 4150 3832 4218 τῷ

2259 4254 2435 4325 Πατρὶ
2493 4255 2588 4307 καὶ
2641 4253 2716 4324 τῷ
2749 4252 2886 4323 Υἱῷ,
2948 4252 3106 4323 μόνος
3156 4267 3214 4304 τε
3269 4246 3414 4304 οἶδεν
3451 4251 3526 4303 τά
3560 4247 3652 4304 τοῦ
3696 4242 3829 4303 Θεοῦ,

2262 4344 2404 4397 καθά
2430 4344 2458 4396 ὁ
2503 4344 2829 4414 Μονογενὴς,
2869 4342 2962 4396 καὶ
3014 4345 3139 4395 πνεῖ
3181 4341 3310 4395 ἔνθα
3349 4342 3707 4414 προείρηται,
3755 4331 3835 4388 καὶ

591 4455 712 4495 cum
744 4437 926 4500 Patre,
954 4446 1010 4492 et
1056 4435 1191 4490 Filio
1224 4443 1559 4503 cooperatur,
1591 4441 1645 4486 et
1684 4431 1830 4487 solus
1859 4432 2007 4485 novit
2039 4445 2152 4500 quae

2262 4437 2418 4490 θεῖκὰ
2459 4436 2708 4507 δωρεῖται
2747 4437 2822 4500 ὡς
2870 4435 3138 4505 βούλεται,
3172 4433 3266 4486 καὶ
3313 4435 3448 4488 ναὸν
3490 4434 3606 4505 ἔχει
3646 4434 3728 4484 τὸν
3759 4445 3834 4479 πι-

589 4539 720 4586 sunt
747 4529 866 4595 Dei,
904 4526 1350 4598 quemadmodum
1385 4523 1722 4593 Unigenitus,
1769 4531 1824 4578 et
1867 4523 2037 4592 spirat
2069 4521 2160 4575 ubi

594 4623 728 4684 vult,
755 4630 809 4675 et
837 4621 1017 4674 divina
1047 4618 1213 4673 donat
1245 4627 1305 4671 ut
1351 4617 1485 4682 vult,
1515 4626 1569 4671 et
1606 4615 1777 4671 ﬁdelis
1825 4617 1984 4670 homo
2027 4625 2162 4669 tem-

593 4715 738 4783 plum
762 4714 929 4784 ipsius
955 4722 1038 4766 est
1062 4727 1213 4782 atque
1240 4726 1303 4765 ac
1331 4709 1532 4774 Patris,
1566 4719 1619 4762 et
1646 4708 1787 4763 sicut
1820 4708 1872 4760 in
1903 4707 2160 4761 honorem

593 4813 651 4858 et
698 4803 919 4874 gloriam
961 4803 1175 4856 deitatis
1225 4800 1488 4870 Unigeniti
1533 4808 1777 4852 sanetum
1817 4798 2041 4860 Pascha,
2091 4797 2161 4848 ita

593 4895 732 4950 etin
764 4895 1021 4948 honorent
1057 4903 1110 4944 et
1169 4892 1395 4957 gloriam
1449 4889 1685 4958 Spiritus
1727 4889 1919 4943 festum
1973 4886 2164 4940 Pente-

598 4992 773 5037 rostes
802 4981 868 5044 ab
897 4980 1052 5034 initio
1079 4979 1406 5034 celebratum
1439 4987 1542 5042 est,
1581 4985 1635 5031 et
1664 4977 1712 5030 ei
1759 4976 2027 5028 ministrat
2055 4974 2163 5028 Ga-

571 5072 735 5127 dtriel
774 5072 912 5126 sicut
951 5069 1302 5140 omnipotenti
1350 5069 1461 5123 Deo
1491 5067 1684 5122 Patri:
1728 5065 1995 5134 quomodo
2028 5067 2168 5119 Deus

599 5180 707 5218 non
753 5173 857 5226 est,
915 5163 1290 5216 barreticorum
1339 5161 1554 5230 quidem
1592 5158 1879 5225 sententia,
1924 5157 2030 5222 ille,
2076 5157 2165 5226 qui

593 5269 702 5310 nos
731 5254 982 5310 deiﬁcat?
1013 5256 1283 5324 quomodo
1332 5269 1437 5308 non
1473 5267 1555 5307 εει
1611 5253 1870 5306 Dominus
1925 5252 2032 5316 ille,
2076 5251 2168 5319 qui

595 5361 702 5400 nos
737 5346 982 5399 libertate
1011 5346 1216 5400 donat?
1254 5346 1524 5413 quomodo
1558 5360 1661 5399 non
1693 5354 1775 5398 est
1805 5359 1918 5407 rex,
1961 5353 2013 5396 et
2053 5343 2169 5410 glo-

596 5435 847 5490 riﬁcatus
867 5435 1030 5506 297
1057 5435 1162 5501 ille,
1187 5436 1276 5504 qui
1313 5436 1363 5489 in
1396 5437 1595 5507 hymno
1622 5435 1780 5490 simul
1807 5450 1926 5489 cum
1957 5445 2168 5490 creatu-

601 5527 684 5580 ris
712 5525 882 5580 Deum
916 5526 1133 5579 laudare
1177 5539 1279 5580 non
1311 5525 1552 5594 iubetur,
1584 5528 1783 5597 quique
1843 5541 1938 5580 nos
1981 5527 2172 5594 dignos

603 5618 756 5683 fecit,
789 5625 846 5671 ut
877 5633 975 5687 per
1000 5617 1322 5687 baptismum
1354 5633 1766 5686 conregnemus,
1802 5628 1855 5672 et
1900 5619 2170 5688 conglori-

601 5706 832 5764 ﬁoemur
876 5723 1000 5764 cum
1051 5708 1307 5765 Christo?
1341 5705 1485 5764 Nihil
1528 5709 1671 5765 enim
1703 5709 1756 5764 in
1801 5708 1868 5764 iis
1896 5711 2164 5776 omnibus,

2264 4529 2386 4582 στὸν
2425 4529 2709 4599 ἄνθρωπον
2760 4527 2889 4591 ἴσως
2938 4527 3016 4598 τῷ
3062 4527 3258 4598 [lat-pi,
3311 4528 3411 4580 xui
3463 4527 3717 4594 καθάπερ
3771 4519 3836 4578 εἰς

2261 4619 2424 4691 τιμὴν
2469 4619 2560 4672 καὶ
2606 4617 2762 4682 δόξαν
2812 4619 2911 4688 τῆς
2951 4619 3042 4671 τοῦ
3095 4616 3444 4685 Μονογενοῦς
3511 4617 3758 4684 θεότητος
3788 4605 3839 4659 τὺ

2265 4712 2416 4780 διγιον
2446 4710 2657 4780 Πάσχα,
2691 4707 2834 4761 οὕτω
2879 4708 2975 4761 καὶ
3011 4707 3105 4761 τοῦ
3140 4708 3467 4778 Πνεύματος
3519 4709 3553 4779 ἡ
3578 4703 3734 4777 ἑορτὴ
3758 4699 3841 4769 τῆς

2263 4800 2642 4872 Πεντηκοστῆς
2664 4798 2723 4862 ἐξ
2750 4800 2925 4870 ἀρχῆς
2960 4799 3314 4870 ἐπετελέσθη,
3350 4801 3452 4853 καὶ
3488 4797 3727 4852 διακονεῖ
3756 4791 3841 4847 αὑ-

2264 4892 2342 4962 τῷ
2370 4894 2397 4943 ὁ
2433 4891 2691 4963 Γαϐριὴλ,
2724 4890 2798 4952 ὡς
2832 4890 2909 4961 τῷ
2939 4892 3337 4961 παντοκράτορι
3359 4891 3490 4961 Θεῷ
3525 4887 3717 4959 Πατρί·
3743 4880 3842 4941 πῶς

2267 4981 2409 5035 κατὰ
2441 4981 2748 5049 αίρετικοὺς
2771 4981 2830 5034 οὐ
2875 4981 3007 5044 Θεὸς
3067 4983 3095 5034 ὁ
3129 4983 3274 5050 ἡμᾶς
3318 4980 3632 5043 θεοποιῶνς
3671 4974 3758 5030 καὶ
3794 4972 3844 5024 οὐ

2268 5073 2469 5144 Κύριος
2491 5076 2518 5126 ὁ
2553 5075 2698 5144 ἡμᾶς
2739 5071 3061 5143 ἐλευθερῶν;
3097 5074 3189 5126 καὶ
3212 5073 3272 5125 οὐ
3299 5073 3568 5142 βασιλεὺς
3597 5071 3688 5124 καὶ
3714 5065 3846 5129 δοξα-

2269 5166 2490 5236 ξάμενος
2523 5167 2550 5217 ὁ
2587 5166 2659 5237 μὴ
2715 5165 2899 5236 ὑμνῶν
2947 5165 3084 5236 μετὰ
3109 5167 3212 5234 τῆς
3243 5165 3510 5231 κτίσεως,
3563 5170 3591 5219 ὁ
3615 5165 3757 5235 ἡμᾶς
3777 5155 3849 5210 διὰ

2269 5258 2362 5312 τοῦ
2401 5259 2772 5330 βαπτίσματος
2803 5257 3258 5327 συμϐασιλεύσειν
3293 5259 3393 5310 καὶ
3438 5253 3847 5320 συνδοξασθήσε·

2274 5350 2395 5403 σθαι
2442 5350 2664 5422 Χριστῷ
2729 5349 3114 5415 καταξιώσων;
3161 5352 3268 5403 Καὶ
3314 5350 3432 5423 γὰρ
3472 5353 3535 5405 ὲν
3565 5353 3728 5404 πᾶσιν
3759 5344 3850 5401 τοῖς

2271 5440 2645 5511 προλεχθεῖσιν
2672 5440 2798 5512 [157
2826 5439 2877 5512 b]
2916 5442 3047 5510 περὶ
3077 5441 3170 5494 τοῦ
3203 5441 3350 5494 θείου
3401 5443 3748 5512 Πνεύματος,
3776 5432 3848 5484 οὗ·

2271 5531 2358 5584 δέν
2385 5532 2514 5586 ἴδιον
2545 5532 2865 5603 κτισμάτων
2888 5533 3224 5603 εὑρίσκεται,
3256 5532 3366 5586 οὐδ’
3407 5534 3664 5604 ὑπῆρξεν
3706 5527 3854 5596 obpa-

2273 5621 2406 5684 νίοις
2452 5621 2744 5692 δυνάμεσιν
2789 5617 3333 5692 συμμνημονεύεσθαι
3387 5623 3490 5675 ἐπὶ
3537 5621 3725 5688 θεῖκῆς
3764 5614 3850 5664 δωθ

2282 5715 2429 5784 ρεᾶς,
2489 5715 2524 5786 ἢ
2581 5713 2880 5786 ἐνεργείας,
2924 5714 2958 5784 ἢ
3015 5712 3320 5784 δοξολογιίας
3392 5713 3542 5785 μετὰ
3596 5707 3693 5766 τοῦ
3736 5697 3856 5760 Θεοῦ
