4060 6406
242 344 346 403 τις)

1262 341 1349 396 DE
1388 338 1762 394 TRINITATE
1802 339 2000 394 LIBER
2044 339 2427 399 SECUNDUS.

3386 350 3491 410 75:0

240 458 336 515 καὶ
373 456 607 527 Πατρὸς,
651 455 747 509 καὶ
777 473 869 509 του
910 455 1054 509 Υῐοῦ.
1085 457 1164 509 Τά
1186 456 1241 509 δὲ
1280 454 1353 526 μὴ
1391 456 1497 508 ἴδια
1527 454 1633 508 τῶν
1664 472 1817 525 ποιη-

1923 470 2040 524 qua:
2065 466 2223 509 antea
2260 456 2327 511 de
2357 457 2538 511 divino
2576 456 2778 526 Spiritu
2824 457 2964 513 dicta
3006 470 3152 526 sunt,
3200 462 3490 521 invenitur.

245 549 449 619 μάτων,
487 545 667 616 δῆλον,
705 547 789 598 ὅτι
823 545 957 598 Θεοῦ
987 546 1146 615 μόνου
1182 546 1287 599 ἴδια
1319 546 1577 615 ὑπάρχει’
1610 544 1740 606 Θεὸς
1768 545 1824 597 δὲ

240 640 299 692 οὺ
327 637 586 701 κτίζεται.
624 636 763 689 Ἀλλ’
813 638 862 689 οἱ
890 639 1116 707 κτίσμα,
1148 638 1179 707 ἢ
1209 636 1393 691 δοῦλον
1414 635 1658 703 λέγοντες
1676 637 1824 704 (ταυ-

239 727 330 780 τὸν
359 726 465 797 γάρ
498 725 659 795 ἐστι),
675 727 769 779 καὶ
792 727 865 796 μὴ
885 726 1256 795 θεολογοῦντες
1284 728 1374 779 καὶ
1398 725 1707 790 δοξάζοντες
1728 725 1823 777 αὐ-

244 817 321 882 τὸ,
353 820 421 886 τῇ
458 833 516 868 τε
546 814 759 887 δουλείᾳ
790 816 887 885 τῆς
918 816 1096 886 Ἀγαρ
1128 814 1593 880 συνεκϐάλλοντοιι,
1639 815 1732 868 καὶ
1754 816 1819 884 τῇ

236 907 331 961 τοῦ
358 908 489 977 Χάμ
515 907 949 978 κατακρίνονται,
986 907 1295 970 ἀκούοντεςο
1327 925 1345 958 ι
1392 907 1819 977 Ἐπικατάρατος

235 1000 367 1070 Χάμ
395 998 666 1051 δουλεύσει
690 1002 802 1062 τοῖς
833 998 1079 1068 ἀδελφοῖς
1127 999 1311 1053 αὐτοῦ’
1356 1017 1375 1051 ι
1408 1000 1543 1069 μετὰ
1577 996 1819 1069 Σίμωνός

235 1109 295 1144 τε
332 1090 427 1144 τοῦ
480 1093 671 1160 Μάγου
704 1091 1132 1162 άναγράφονται,
1165 1091 1258 1144 τοῦ
1287 1091 1609 1162 νομίσαντος
1652 1092 1819 1161 ἀργυ-

237 1182 371 1251 ρίων
392 1183 653 1236 δύνασθαι
685 1184 783 1254 τὴν
814 1184 1056 1254 ἄπρατον
1078 1181 1512 1253 ἐξαγοράσασθαι
1540 1180 1633 1234 τοῦ
1662 1182 1815 1250 ἁγίου

236 1275 561 1344 Πνεῦματος
604 1275 783 1345 χάριν’
821 1274 916 1327 καὶ
949 1274 1036 1327 διὰ
1080 1275 1179 1343 τῆς
1211 1273 1391 1342 βίϐλου
1430 1273 1537 1325 τῶν
1581 1274 1815 1327 ἀποστο-

234 1362 401 1416 λικῶν
450 1364 706 1433 Πράξεων
744 1364 1050 1417 ἀκούουσιν·
1088 1383 1105 1413 ε
1139 1364 1212 1415 Οὐ
1243 1364 1351 1435 γάρ
1380 1364 1525 1416 ἐστιν
1558 1363 1684 1433 ὑμῖν
1713 1381 1813 1434 με-

238 1457 345 1531 ρὶς,
377 1456 500 1508 οὐδὲ
542 1456 739 1526 κλῆρος
771 1458 827 1509 ἐν
860 1455 937 1525 τῷ
967 1455 1108 1525 λόγῳ
1136 1456 1328 1525 τούτῳ.
1365 1473 1384 1507 ι

1928 548 2070 615 quod
2098 558 2469 601 creaturarum
2512 551 2786 618 proprium
2833 552 2921 613 sit,
2972 567 3144 622 neque
3185 556 3495 611 caelestibus

1929 653 2164 704 unquam
2206 637 2493 691 virtutibus
2528 639 2614 693 hic
2651 640 2819 692 honor
2848 642 3059 696 delatus
3088 654 3191 710 est,
3241 653 3299 698 ut
3331 645 3490 701 simul

1925 743 2045 781 cum
2080 730 2187 783 Deo
2215 740 2268 783 et
2305 729 2484 795 Patre,
2509 739 2562 783 et
2590 746 2708 785 cum
2749 731 2882 786 Filio
2916 749 3491 794 commemorarentur.

1924 832 2045 871 cum
2083 820 2147 873 de
2191 818 2367 873 divina
2409 830 2497 873 aut
2536 823 2730 889 gratia,
2773 834 2864 875 aut
2892 825 3225 893 operatione,
3259 836 3353 880 aut
3385 830 3487 897 glo-

1923 909 2223 963 riﬁcatione
2268 924 2444 963 sermo
2479 919 2579 965 est.
2622 910 2750 976 Quae
2790 927 2916 967 vero
2961 925 3332 971 creaturarum
3372 932 3488 986 prn-

1922 1002 2034 1069 pria
2082 1016 2183 1054 non
2225 1012 2370 1065 sunt,
2406 1018 2466 1056 ea
2508 1004 2675 1057 solius
2721 1004 2812 1056 Dei
2859 1006 3073 1075 propria
3115 1022 3236 1062 esse
3288 1010 3491 1077 perspi-

1921 1105 2078 1144 (‘unm
2114 1102 2229 1147 est:
2266 1092 2405 1147 Deus
2439 1104 2615 1147 autem
2646 1110 2747 1148 non
2774 1106 3004 1151 creatur.
3029 1096 3133 1151 Sed
3157 1099 3247 1167 qui
3277 1109 3493 1153 creatu-

1920 1197 2059 1248 ram,
2092 1193 2183 1237 aut
2210 1200 2421 1237 servum
2452 1200 2573 1238 cum
2613 1196 2809 1241 vocant
2836 1189 3000 1258 (idem
3033 1190 3175 1243 enim
3210 1202 3494 1261 utrumque

1920 1272 2043 1340 est),
2085 1275 2285 1343 quique
2339 1275 2509 1344 ipsum
2568 1292 2672 1328 non
2722 1278 2908 1331 dicunt
2956 1279 3142 1345 Deum,
3199 1295 3298 1334 nec
3346 1282 3492 1335 illum

1921 1362 2245 1430 gloriﬁcant,
2278 1364 2314 1417 ii
2360 1375 2413 1417 et
2447 1367 2692 1419 servituti
2738 1367 2882 1437 Agar
2916 1370 3134 1422 obnoxii
3179 1370 3490 1456 ejiciuntur‘

1919 1464 1974 1507 et
2003 1457 2261 1511 servitute
2291 1457 2457 1512 Cbam
2499 1459 2947 1522 condemnantur,
2985 1462 3085 1514 sibi
3118 1478 3328 1532 quoque
3365 1466 3495 1534 ipsis

234 1550 343 1604 dici
370 1550 650 1604 audientes
677 1552 837 1604 illud:
872 1570 889 1603 ι
918 1550 1228 1605 Maledictus
1268 1550 1380 1620 (85)
1408 1550 1574 1605 Cham
1619 1552 1817 1606 serviet
1843 1550 2096 1604 fratribus
2124 1553 2271 1616 suis;
2307 1573 2324 1603 ι
2372 1563 2425 1605 et
2458 1568 2575 1606 cum
2604 1553 2822 1608 Simone
2853 1555 3002 1625 Mago
3031 1556 3388 1623 collocantur,
3430 1575 3495 1612 ac

234 1646 614 1699 recensentur,
650 1639 738 1705 qui
772 1638 1005 1706 Spiritus
1031 1638 1201 1693 sancti
1239 1640 1489 1707 gratiam,
1546 1642 1851 1709 neutiquam
1883 1655 2012 1693 sane
2045 1641 2305 1707 venalem,
2329 1652 2551 1709 argento
2583 1644 2685 1696 emi
2715 1658 2867 1711 posse
2914 1647 3271 1711 existimavit;
3324 1659 3377 1702 et
3440 1652 3490 1702 in

235 1731 378 1785 libro
422 1735 681 1785 Actorum
732 1731 1145 1800 aposmlicorum
1201 1732 1300 1785 sibi
1350 1731 1551 1785 dictum
1614 1733 1877 1787 audiunt:
1927 1753 1944 1784 ι
1982 1734 2089 1789 Nec
2121 1735 2263 1788 enim
2291 1733 2425 1805 (85')
2472 1744 2552 1789 est
2590 1735 2741 1789 vobis
2768 1752 2914 1805 pars,
2955 1753 3125 1807 neque
3148 1753 3265 1793 sors
3300 1740 3351 1792 in
3393 1741 3493 1793 hoc

234 1840 510 1881 sermone.
537 1844 555 1877 ι

836 1920 990 1971 nec.
1022 1920 1169 1987 καί.

319 2012 411 2073 Ὠς
431 2008 648 2079 ἀληθῶς
698 2009 826 2080 γὰρ,
880 2010 1066 2081 ἐπειδὴ
1124 2010 1196 2081 μὴ
1228 2010 1372 2063 ἔστιν
1432 2000 1682 2063 κοινωνία
1737 2011 1817 2081 τῷ

231 2103 425 2155 σκότει
460 2102 597 2173 πρὸς
622 2102 683 2154 τὸ
713 2101 848 2171 φῶς.
893 2102 1117 2165 καὶτοῖς
1143 2100 1525 2173 ἐστερημένοις
1551 2103 1647 2173 τῆς
1670 2102 1816 2167 Θείας

228 2193 498 2261 γνώσεως
525 2192 659 2263 πρὸς
688 2194 814 2255 τοὺς
862 2192 953 2243 ὑπ’
984 2191 1150 2261 αὐτῆς
1187 2192 1715 2262 καταυγαζομένους
1742 2194 1817 2244 εί-

230 2285 417 2348 κότως
450 2284 758 2354 γέγραπται
811 2283 938 2353 περὶ
967 2282 1073 2336 τῶν
1100 2283 1417 2349 κακοδόξων’
1449 2300 1467 2334 ι
1491 2283 1563 2335 Τὸ
1596 2282 1819 2353 Πνεῦμα

230 2375 340 2428 οὐκ
366 2375 633 2443 ἔγνωσαν,
680 2374 802 2426 οὐδὲ
860 2373 1120 2443 συνῆκαν·
1163 2376 1220 2427 ὲν
1248 2374 1425 2427 σκότει
1466 2374 1815 2446 διαπορεύον-

230 2484 352 2520 ται.
391 2486 411 2519 ι
451 2466 682 2529 Δικαίως
709 2465 787 2523 ἰδὲ
812 2466 905 2519 καὶ
952 2466 1325 2518 ὲπιστέλλουσι
1374 2466 1502 2537 περὶ
1542 2466 1740 2527 αὐτῶν,
1790 2467 1819 2517 ὁ

235 2560 344 2629 μὲν
384 2558 659 2629 Ἰωάννης,
700 2559 781 2611 ὅτι
815 2576 833 2609 ι
880 2559 995 2611 Ἐπ’
1040 2559 1270 2629 ἐσχάτου
1302 2558 1394 2611 τοῦ
1438 2559 1627 2629 χρόνου
1666 2557 1814 2610 ἐλεύ-

235 2670 429 2707 σονται
482 2653 810 2725 ἐμπαῖκται,
840 2651 983 2704 κατά
1012 2651 1109 2713 τὰς
1152 2650 1361 2704 ἑαυτῶν
1402 2650 1696 2721 ἐπιθυμίας
1719 2668 1817 2702 πο-

236 2744 533 2816 ρευόμενοι
564 2742 673 2796 τῶν
704 2742 988 2795 ἀσεϐειῶν.
1020 2736 1177 2795 Οὗτοί
1201 2744 1337 2795 εἰσιν
1367 2744 1417 2795 οἱ
1444 2740 1816 2813 ἀποδιορίζον-

235 2853 355 2899 τες,
387 2833 633 2904 ψυχικοὶ,
675 2832 901 2903 Πνεῦμα
951 2832 1025 2902 μὴ
1079 2832 1312 2901 ἔχοντες
1353 2853 1371 2885 ι
1409 2836 1436 2887 ὁ
1479 2835 1533 2887 δὲ
1584 2836 1815 2900 Παῦλος,

238 2928 381 2998 πρὸς
410 2926 513 2996 μὲν
542 2925 821 2995 Τιμόθεον·
846 2945 864 2976 ι
899 2924 972 2978 Τὸ
994 2926 1050 2977 δὲ
1084 2926 1305 2997 Πνεῦμα
1337 2927 1514 2998 ῥητῶς
1544 2928 1708 2997 λέγει,
1738 2930 1818 2982 ὅτι

240 3019 301 3069 ἐν
343 3016 596 3086 ὑστέροις
636 3018 843 3085 καιροῖς
864 3015 1413 3085 ἀποστήσονταίτινες
1440 3017 1537 3087 τῆς
1566 3018 1815 3083 πίστεως,

244 3108 608 3180 προσέχοντες
659 3106 932 3176 πνεύμασι
995 3107 1232 3171 πλάνοις,
1298 3109 1391 3162 καὶ
1454 3110 1819 3174 διδασκαλίαις

243 3198 557 3269 δαιμονίων,
595 3200 654 3251 ὲν
699 3198 980 3267 ὑποκρίσει
1030 3198 1362 3268 ψευδολόγων
1396 3198 1519 3271 [158
1549 3198 1601 3269 a]
1625 3218 1819 3253 κεκαυ-

2519 1923 2670 1977 CAP.
2714 1921 2900 1975 XXVI.

1994 2015 2197 2069 Revera
2254 2014 2419 2077 enim,
2452 2014 2702 2082 quoniam
2743 2014 2849 2067 luci
2890 2029 3009 2067 cum
3058 2016 3296 2070 tenebris
3349 2015 3487 2068 milia

1923 2114 2005 2160 est
2052 2104 2487 2171 communicatio,
2539 2119 2635 2158 nec
2680 2104 2766 2167 iis,
2812 2104 2902 2173 qui
2962 2105 3139 2158 divina
3188 2106 3491 2171 cognitione

1923 2196 2114 2263 privati
2152 2207 2437 2259 sunt,cum
2475 2195 2577 2256 his,
2614 2194 2705 2263 qui
2738 2195 2804 2249 ab
2831 2212 2892 2248 ea
2930 2195 3212 2250 illuminati
3251 2196 3488 2254 fuerunt,

1925 2286 2121 2339 merito
2149 2285 2408 2352 scriptum
2441 2292 2522 2339 est
2555 2284 2620 2336 de
2656 2283 2927 2337 haereticis
2945 2297 3225 2352 perperam
3255 2286 3489 2340 sentien-

1925 2376 2066 2429 tibus
2098 2393 2110 2428 :
2142 2393 2160 2425 ι
2189 2373 2446 2442 Spiritum
2490 2390 2593 2428 non
2634 2386 2994 2443 cognoverunt
3018 2374 3155 2443 (86),
3187 2391 3287 2430 nec
3324 2376 3487 2430 intel-

1925 2464 2215 2529 lexerunt;
2252 2464 2303 2516 in
2335 2463 2567 2517 tenebris
2605 2463 2939 2516 ambulant.»
2983 2464 3170 2517 Merito
3214 2466 3376 2518 etiam
3421 2467 3488 2517 de

1924 2559 2053 2627 ipsis
2072 2557 2335 2619 scribunt,
2364 2554 2597 2610 Joannes
2630 2556 2845 2624 quidem
2879 2574 2889 2607 :
2924 2574 2941 2605 ι
2973 2555 3027 2608 In
3058 2558 3349 2611 novissimo
3375 2559 3485 2625 (87)

1923 2661 2162 2719 tempore
2211 2649 2428 2703 venient
2495 2647 2739 2701 illusures
2779 2646 2929 2717 juxta
2980 2661 3168 2702 eorum
3214 2648 3482 2705 desidet...

1926 2742 2262 2796 ambulantes
2310 2740 2362 2792 in
2413 2738 2803 2807 iniquitatibus.
2870 2739 2932 2793 Hi
2976 2750 3125 2807 sunt,
3180 2743 3279 2811 qui'
3326 2759 3419 2811 sep
3456 2773 3487 2786 ο

1925 2831 2195 2901 rant(88),
2225 2827 2504 2891 animales,
2537 2830 2793 2898 Spiritum
2827 2845 2930 2883 non
2963 2831 3258 2887 habentes:
3290 2852 3308 2884 ι
3343 2832 3483 2886 Patr

1926 2925 2007 2977 lus
2041 2935 2167 2975 vero
2210 2922 2276 2973 ad
2312 2917 2649 2972 Timotheum
2682 2939 2692 2972 :
2729 2936 2747 2969 ι
2780 2918 3016 2986 Spiritus
3039 2920 3149 2990 (89)
3177 2930 3353 2976 autem
3394 2938 3486 2975 ex-

1927 3030 2113 3085 presse
2141 3014 2289 3076 dicit,
2323 3013 2463 3082 quod
2496 3012 2548 3065 in
2579 3012 2886 3066 novissimis
2924 3015 3254 3082 temporibus
3309 3014 3484 3069 disne-

1928 3110 2053 3163 dent
2095 3108 2312 3176 quidam
2351 3120 2379 3157 a
2433 3090 2554 3165 tide.
2603 3104 2943 3158 attendentes
2977 3106 3253 3171 spiritibus
3287 3109 3487 3160 erroris

1926 3208 1980 3253 et
2020 3197 2275 3251 doctrinis
2337 3195 2747 3259 dremoniorutn,
2798 3195 2849 3248 in
2888 3195 3052 3264 298
3091 3195 3359 3265 hypocrisi
3408 3199 3485 3251 lo-

247 3290 629 3363 τηριασμὲνων
652 3288 748 3360 τὴν
786 3289 921 3343 ἰδίαν
953 3289 1273 3359 συνείδησιν·
1317 3307 1335 3341 ι
1368 3290 1503 3361 πρὸς
1538 3290 1817 3360 Ἐϐραίους

1923 3290 2194 3359 quentium
2248 3288 2605 3350 mendacium,
2638 3286 2987 3340 cauteriatam
3020 3288 3327 3341 habentium
3364 3304 3485 3358 prn-

254 3382 326 3434 δέ·
356 3402 374 3433 ι
414 3381 709 3452 Ἀθετήσας
738 3398 820 3443 τις
852 3380 1013 3450 νόμον
1066 3380 1364 3445 Μωῦσέως,
1408 3379 1569 3451 χωρὶς
1614 3382 1819 3450 οἰκτιρ-

264 3472 373 3540 μῶν
406 3474 494 3526 ἐπὶ
527 3473 677 3526 δυσὶν
717 3471 749 3542 ἢ
789 3472 934 3543 τρισὶ
976 3470 1239 3541 μάρτυσιν
1278 3470 1817 3543 ἀποθνήσκενπόσῳ,

262 3562 425 3623 δοκεῖ,
438 3566 517 3625 τὶς
548 3564 789 3633 χείρονος
820 3562 1175 3632 ἀξιωθήσεται
1206 3562 1494 3633 τιμωρίας,
1524 3563 1551 3613 ὁ
1572 3562 1661 3614 τὸν
1694 3562 1819 3614 Υίὸν

265 3652 357 3705 τοῦ
391 3654 515 3706 Θεοῦ
573 3654 984 3723 καταπατήσας,
1042 3652 1136 3705 καὶ
1168 3653 1229 3705 τὸ
1264 3649 1400 3724 αἷμα
1426 3654 1520 3722 τῆς
1548 3652 1819 3721 Διαθήκης

263 3744 443 3796 κοινὸν
482 3742 847 3815 ἡγησάμενος.
885 3744 941 3795 ὲν
966 3734 1011 3809 ᾧ
1065 3740 1325 3813 ἡγιάσθη,
1366 3740 1544 3794 καὶτὸ
1598 3738 1821 3810 Πνεῦμα

254 3836 351 3905 τῆς
398 3836 619 3906 χάριτος
676 3832 995 3904 ἐνυϐρίσας
1040 3852 1058 3885 ι
1104 3832 1367 3899 Ἐφεσίοις
1414 3830 1490 3884 δέ·
1527 3849 1544 3881 ι
1592 3831 1682 3901 Μὴ
1725 3831 1818 3883 λυ-

254 3930 405 3982 πεῖτε
427 3928 488 3979 τὸ
514 3927 737 3995 Πνεῦμα
771 3925 829 3977 τὸ
882 3925 1033 3992 ἅγιον
1064 3923 1155 3977 τοῦ
1199 3923 1354 3986 θεοῦ,
1386 3924 1444 3975 ὲν
1558 3922 1820 3994 ἐσφραγί-

254 4022 419 4090 σθητε
454 4020 532 4080 είς
564 4018 774 4089 ἡμέραν
816 4016 1259 4087 ἀπολυτρώσεως.
1300 4034 1317 4065 ι
1353 4016 1508 4068 Καὶὸ
1545 4013 1822 4083 Δεσπότης

148 4160 149 4165 η
246 4116 299 4167 δὲ
336 4114 398 4165 ὲν
417 4111 701 4181 Ματθαίῳ,
748 4108 826 4179 τῷ
871 4109 1050 4162 ἁλόντι
1076 4106 1168 4161 ἐπὶ
1201 4107 1515 4177 βλασφημίᾳ
1542 4106 1634 4159 τοῦ
1665 4106 1820 4173 ἀγίου

248 4206 391 4260 Πνεύ
402 4221 593 4275 ματος,
624 4203 698 4265 ὡς
739 4200 1113 4269 ἀναπολόγητα
1167 4198 1474 4261 πταίσαντι,
1506 4196 1822 4268 παρατείνει

243 4299 344 4369 τὴν
377 4296 620 4357 κόλασιν,
649 4294 746 4362 οὐχ
776 4293 882 4355 ἕως
921 4291 1015 4344 τοῦ
1043 4290 1303 4362 παρόντος
1335 4289 1546 4353 αἰῶνος,
1579 4288 1823 4342 ἀλλὰκαὶ

244 4391 340 4444 τοῦ
379 4388 681 4460 μέλλοντος·
716 4386 803 4439 ἵνα
836 4385 1034 4455 σφόδρα
1061 4381 1451 4453 φυλαττώμεθα
1494 4382 1703 4435 τοιοῦτο
1728 4399 1824 4452 μη-

243 4478 300 4535 δὲ
334 4479 485 4533 κατά
529 4479 745 4545 ἄγνοιαν
773 4475 1108 4545 άμαρτῆσαι,
1162 4472 1353 4540 λέγων·
1397 4490 1415 4522 ι
1458 4472 1612 4524 Πᾶσα
1647 4472 1823 4541 ἀμαρ-

243 4573 339 4626 τία
398 4572 493 4623 καὶ
534 4565 847 4638 βλασφημία
891 4566 1225 4635 ἀφεθήσεται
1262 4565 1370 4627 τοῖς
1422 4562 1749 4629 ἀνθρώποις.
1790 4562 1821 4631 ἠ

1919 3383 2089 3452 priatn
2117 3378 2566 3441 conscientiamu
2602 3379 2666 3431 ad
2698 3377 2946 3432 Hebraeos
2971 3387 3145 3432 autem
3175 3393 3190 3432 :
3226 3397 3244 3431 ι
3268 3377 3483 3434 Praevia-

1922 3475 2122 3527 ricatus
2141 3470 2252 3540 (90)
2286 3469 2407 3536 quis
2439 3468 2607 3537 legem
2652 3467 2871 3539 Moysis,
2905 3468 3020 3522 sine
3048 3470 3392 3525 miseratione
3430 3477 3484 3524 tu

1920 3566 2125 3617 duobus
2155 3571 2246 3614 aut
2273 3561 2444 3614 tribus
2480 3560 2705 3622 testibus
2729 3560 2957 3613 moritur
2991 3572 3006 3611 :
3041 3570 3243 3627 quanto
3275 3562 3483 3617 videtur

1919 3658 2039 3727 quis
2063 3656 2173 3725 (9i)
2210 3654 2474 3709 deteriora
2511 3652 2703 3705 mereri
2732 3651 3017 3720 supplicia,
3049 3652 3139 3719 qui
3168 3651 3359 3705 Filium
3392 3655 3481 3707 Dei

1920 3745 2338 3807 conculcaverit,
2384 3753 2439 3797 et
2488 3741 2802 3810 sanguinem
2861 3741 3193 3796 Testamenti
3227 3743 3482 3811 pollutum

1921 3837 2152 3899 duxerit,
2200 3835 2250 3888 in
2298 3848 2405 3903 quo
2433 3831 2802 3888 sanctiﬁcatus
2823 3840 2925 3896 est,
2963 3842 3017 3885 et
3049 3832 3269 3900 Spiritui
3300 3844 3483 3903 gratiae

1920 3926 2295 3981 contumeliam
2325 3923 2547 3978 iecerit?
2571 3941 2589 3974 ι
2618 3932 2669 3976 et
2705 3922 2768 3975 ad
2800 3922 3053 3991 Ephesios
3079 3942 3092 3977 :
3130 3942 3147 3975 ι
3176 3923 3350 3978 Nolite
3370 3924 3480 3996 (9.2)

1921 4018 2241 4073 contristare
2272 4015 2528 4084 Spiritum
2565 4024 2809 4067 sanctum
2844 4014 2959 4076 Dei,
2984 4013 3036 4067 in
3066 4028 3171 4083 quo
3210 4016 3480 4084 obsignati

1919 4110 2051 4164 estis
2092 4110 2144 4162 in
2188 4107 2327 4161 diem
2376 4104 2775 4172 redemptioms.
2815 4122 2833 4153 ι
2866 4104 3122 4158 Dominus
3170 4120 3296 4158 vero
3341 4109 3478 4175 apud

1922 4202 2228 4257 Mattbaeum
2281 4199 2353 4262 ei,
2400 4200 2489 4266 qui
2538 4196 2589 4249 in
2624 4195 2952 4264 blaSpbemia
2996 4206 3183 4250 contra
3223 4196 3479 4264 Spiritum

1922 4303 2166 4347 sanctum
2195 4289 2557 4361 deprehensus
2591 4286 2785 4350 fuerat,
2813 4295 2993 4355 utpote
3037 4288 3189 4355 cujus
3234 4288 3481 4342 delictum

1922 4382 2261 4436 excusatione
2288 4390 2518 4446 careret,
2549 4378 2879 4447 punitiouem
2919 4378 3163 4446 producit
3193 4394 3295 4431 non
3329 4381 3482 4433 modo

1924 4487 2092 4540 usque
2127 4472 2190 4524 ad
2224 4486 2458 4539 pra‘seus
2496 4470 2772 4535 saeculum,
2803 4470 2893 4522 sed
2927 4470 3088 4523 etiam
3123 4483 3288 4538 usque
3320 4470 3385 4523 ad
3412 4470 3473 4523 Ιιι-

1926 4574 2141 4629 tnrum;
2181 4573 2237 4616 ut
2276 4564 2556 4630 diligenter
2578 4576 2881 4625 caveamus,
2903 4576 2968 4613 ne
3000 4562 3048 4613 in
3080 4561 3179 4614 hoc
3204 4570 3483 4628 precatum

242 4665 299 4720 δὲ
330 4665 420 4725 εἰς
455 4662 518 4714 τὸ
546 4660 764 4730 Πνεῦμα
794 4656 1105 4728 βλασφημία
1137 4656 1235 4708 οὐκ
1266 4655 1592 4723 ἀφεθήσεται
1620 4655 1818 4715 αὐτοῖς’

1930 4670 1993 4711 ne
2045 4670 2138 4724 per
2177 4654 2526 4722 ignorantiam
2559 4652 2667 4723 (93)
2720 4651 2931 4719 quidem
2982 4651 3354 4719 prolabamur;
3408 4656 3479 4704 ait

322 4772 808 4847 (8§)_Maledictu3.
851 4767 1019 4847 Gen._
1049 4783 1129 4847 ut,
1161 4766 1250 4847 2i.
1324 4765 1587 4847 Complut.
1648 4766 1813 4847 editio

245 4835 349 4915 pro
387 4835 540 4912 Χάμ,
572 4857 662 4915 seu
692 4860 717 4915 _c
742 4840 976 4915 (Ibamus
1006 4839 1168 4915 habet
1202 4835 1441 4915 Xavadtv,
1499 4851 1641 4915 SCILC
1668 4836 1811 4887 Cha-

250 4903 422 4969 naan.
449 4903 555 4964 »ἰιι
604 4912 797 4977 legitur
839 4910 890 4960 in
936 4906 1205 4977 Hebraicp
1232 4905 1543 4977 exemplari.
1579 4903 1813 4977 Franco-

248 4986 525 5038 furtensis
555 4972 680 5034 vero
702 4978 863 5032 habet
890 4977 1037 5046 Χάμ,
1066 4986 1122 5028 ιιι
1166 4972 1441 5043 Didymus.
1470 4975 1545 5046 Ac
1577 4988 1672 5046 pro
1694 4972 1816 5046 δου-

245 5055 463 5113 λεύσει,
522 5052 570 5103 id
628 5060 730 5110 est,
779 5042 1092 5107 «serviet,»
1142 5042 1372 5109 utraque
1421 5044 1585 5097 editio
1638 5042 1816 5105 habet,

257 5129 386 5188 ἀἱς
417 5122 634 5189 οἰκέτης
663 5117 922 5189 Errat,”
952 5126 1055 5178 est,
1089 5134 1107 5165 ι
1137 5130 1266 5189 puer
1290 5128 1482 5189 servus
1506 5114 1627 5166 erit.
1661 5130 1679 5162 ι

327 5182 467 5263 (ἧδ’)
505 5182 958 5263 ΝρὲνρηίηιτιΑοι,
987 5201 1104 5244 vni.
1251 5183 1341 5263 ubi
1390 5184 1679 5263 Simonenr
1709 5182 1819 5235 Ma-

248 5251 381 5335 gni"
420 5251 724 5335 sicfetrus
757 5255 1230 5335 alloquituruzpbx
1270 5252 1385 5305 ἐστι
1432 5268 1514 5304 σοι
1556 5251 1735 5321 μερίς,
1766 5263 1822 5304 et.

252 5324 495 5402 Feliqua,
519 5331 571 5384 id
597 5338 701 5393 est,
738 5346 759 5377 τ
782 5342 885 5379 non
906 5334 989 5379 est
1026 5324 1123 5378 tibi
1152 5338 1297 5393 pars,
1320 5341 1338 5373 ›
1363 5334 1417 5377 et
1436 5337 1554 5390 qua:
1589 5336 1823 5390 sequun-

250 5416 364 5460 tur.

332 5472 445 5541 (86)
480 5470 737 5536 Spiritum
764 5484 865 5541 non
891 5473 1260 5541 cognoverunt.
1294 5460 1649 5541 Psal.'t_.tt.t_.\:t,
1679 5475 1822 5513 vers.

248 5543 305 5597 5.
337 5530 459 5595 ’νηὶ
500 5530 699 5599 tamen,
739 5530 1100 5604 «Spiritumn
1149 5535 1297 5588 deest
1346 5535 1398 5584 in
1448 5530 1636 5583 Bibliis
1700 5545 1822 5583 cum

248 5612 483 5669 (ῖς-πηγῆς,
517 5620 628 5661 tum
664 5608 887 5661 Latinis.

332 5682 441 5749 (87)
474 5668 549 5731 ίιη
581 5678 883 5749 novissimo.
937 5674 1078 5749 Non
1114 5672 1505 5749 toaniiis_ii§ec
1538 5676 1700 5749 sunt,
1733 5668 1825 5749 sed

249 5737 409 5810 Inda:
424 5737 639 5807 versis
651 5758 701 5801 et
724 5746 854 5801 19.0
867 5762 1001 5802 ritca
1021 5744 1273 5800 cd.habet
1295 5761 1306 5795 :
1326 5742 1410 5793 Ἐν
1425 5740 1634 5810 ἐσχάτῳ
1651 5737 1824 5809 χρόνῳ

1918 4765 2127 4818 ἔσονται
2185 4764 2507 4832 ἐμπαῖκται.
2557 4762 2660 4817 Sed
2692 4762 2858 4815 codex
2895 4760 3307 4832 Alexandrinus,
3339 4762 3479 4816 cirra

1923 4845 2159 4902 tempora
2192 4831 2612 4886 conciliiNicaeni
2632 4834 2784 4900 primi
2804 4841 3078 4894 exaratus,
3109 4841 3163 4883 ut
3184 4831 3343 4902 aliqui
3371 4836 3475 4900 opi-

1922 4901 2143 4966 nantur,
2180 4914 2267 4955 aut
2302 4913 2448 4955 certe
2483 4903 2897 4969 vetustissimus.
2956 4903 3114 4953 habet
3152 4916 3273 4954 eam
3310 4901 3479 4969 ipsum

1926 4975 2229 5035 lectionem,
2262 4988 2424 5040 quam
2466 4972 2551 5024 hic
2584 4972 2830 5040 Sequitur
2853 4968 3125 5037 Didymus.

1998 5040 2106 5112 (88)
2144 5041 2248 5105 Qui
2287 5039 2559 5109 separant.
2610 5040 2780 5094 Biblia
2822 5039 2908 5091 hic
2953 5040 3175 5103 addunt,
3229 5039 3477 5103 ἑαυτούς,

1922 5116 1972 5168 id
2005 5124 2105 5168 est.
2144 5130 2160 5162 ι
2183 5116 2516 5180 semetipsos.
2542 5128 2559 5159 ι

2019 5181 2105 5249 89)
2143 5178 2391 5247 Spiritus.
2424 5181 2439 5232 l
2470 5180 2536 5231 ad
2564 5178 2702 5249 Tini.
2733 5193 2808 5239 tv,
2841 5191 2859 5231 ι
2898 5193 2952 5236 et
2979 5183 3034 5235 ‘2.

2020 5247 2109 5311 90')
2142 5249 2547 5303 Prwvaricatus.
2580 5247 2741 5299 Hebr.
2766 5264 2819 5311 x,
2846 5250 2915 5304 '28
2944 5262 2998 5305 et
3021 5249 3106 5304 29.

2022 5254 2085 5304 9U
2142 5254 2547 5303 Prwvaricatus.
2580 5254 2741 5299 Hebr.
2766 5264 2819 5311 x,
2846 5254 2915 5304 28
2944 5262 2998 5305 et
3021 5254 3106 5304 29.

2022 5254 2110 5386 91)
2156 5319 2367 5372 Videtur
2395 5322 2531 5387 quis.
2555 5317 2735 5390 Graeca
2759 5320 2923 5374 editio
2953 5337 3047 5390 pro
3075 5320 3221 5373 δοκεῖ
3252 5338 3353 5385 τις,
3389 5323 3484 5376 lia-

1928 5389 2018 5447 bet
2043 5392 2268 5449 δοκεῖτε,
2300 5390 2349 5440 id
2376 5398 2476 5449 est,
2509 5404 2527 5436 ι
2550 5389 2768 5455 putatis.
2794 5406 2813 5439 ι

2024 5460 2112 5525 92)
2152 5460 2348 5511 Nolite.
2376 5458 2571 5525 Ephes.
2610 5470 2682 5519 tv,
2724 5456 2811 5511 50.

2024 5461 2092 5514 92
2152 5460 2348 5511 Nolite.
2376 5459 2571 5525 Ephes.
2610 5470 2682 5519 tv,
2724 5459 2811 5511 50.

2003 5459 2114 5601 (95)
2152 5527 2654 5601 Ρετμέριιοταηιὶα-ηιι
2679 5525 2905 5601 _All_ii_iia_,
2936 5528 3043 5601 i_mo
3061 5529 3233 5601 _plane
3270 5528 3482 5596 gemina

1930 5594 2227 5653 dictaverat
2254 5594 2529 5665 'Didymus
2578 5595 2729 5648 initio
2771 5597 2891 5649 libri
2942 5599 3015 5652 De
3048 5594 3247 5664 Spiritu
3278 5594 3482 5659 sancto,

1931 5670 2017 5722 ubi
2057 5670 2169 5721 lucc
2197 5667 2421 5732 legimus
2453 5683 2465 5717 :
2508 5684 2527 5715 ι
2554 5666 2853 5718 Prtesertim
2900 5684 3020 5720 cum
3069 5667 3397 5735 blasphemia
3431 5670 3483 5718 in

1930 5754 2050 5793 eum
2085 5740 2198 5792 sine
2229 5736 2378 5790 venia
2425 5737 2516 5802 sit,
2555 5736 2628 5791 ita
2660 5744 2715 5790 ut
2739 5736 3156 5807 blasphemautis
3186 5753 3341 5807 paena
3370 5745 3485 5795 teti-
