  <div class='ocr_page' id='page_1' title='image "/cluster/home/n/w/nwhite01/storage/ocr_20150623/39/hvd.32044037979440/387.png"; bbox 0 0 4060 6406; ppageno 0'>
   <div class='ocr_carea' id='block_1_1' title="bbox 583 339 689 396">
    <p class='ocr_par' dir='ltr' id='par_1_1' title="bbox 583 339 689 396">
     <span class='ocr_line' id='line_1_1' title="bbox 583 339 689 396; baseline -0.028 0"><span class='ocrx_word' id='word_1_1' title='bbox 583 339 689 396; x_wconf 69' lang='grc'><strong>’781</strong></span> 
     </span>
    </p>
   </div>
   <div class='ocr_carea' id='block_1_2' title="bbox 1846 335 2154 397">
    <p class='ocr_par' dir='ltr' id='par_1_2' title="bbox 1846 335 2154 391">
     <span class='ocr_line' id='line_1_2' title="bbox 1846 335 2154 391; baseline 0.006 -2"><span class='ocrx_word' id='word_1_2' title='bbox 1846 335 2079 391; x_wconf 73' lang='lat' dir='ltr'><strong>DIDYMI</strong></span> <span class='ocrx_word' id='word_1_3' title='bbox 2118 339 2154 391; x_wconf 77' lang='grc' dir='ltr'><strong>Α</strong></span> 
     </span>
    </p>
   </div>
   <div class='ocr_carea' id='block_1_3' title="bbox 2256 335 3775 397">
    <p class='ocr_par' dir='ltr' id='par_1_3' title="bbox 2257 337 3775 397">
     <span class='ocr_line' id='line_1_3' title="bbox 2257 337 3775 397; baseline 0.003 -5"><span class='ocrx_word' id='word_1_4' title='bbox 2257 337 2589 395; x_wconf 75' lang='lat' dir='ltr'><strong>XANDRINI</strong></span> <span class='ocrx_word' id='word_1_5' title='bbox 3680 341 3775 397; x_wconf 66' lang='lat'><strong>.752</strong></span> 
     </span>
    </p>
   </div>
   <div class='ocr_carea' id='block_1_4' title="bbox 584 442 2154 537">
    <p class='ocr_par' dir='ltr' id='par_1_4' title="bbox 584 442 2154 529">
     <span class='ocr_line' id='line_1_4' title="bbox 584 442 2154 529; baseline -0.004 -11"><span class='ocrx_word' id='word_1_6' title='bbox 584 461 769 518; x_wconf 87' lang='lat' dir='ltr'><strong>enim:</strong></span> <span class='ocrx_word' id='word_1_7' title='bbox 807 478 825 511; x_wconf 84' lang='grc' dir='ltr'><strong>ι</strong></span> <span class='ocrx_word' id='word_1_8' title='bbox 855 459 1026 513; x_wconf 81' lang='lat' dir='ltr'><strong>Omne</strong></span> <span class='ocrx_word' id='word_1_9' title='bbox 1052 457 1163 529; x_wconf 72' lang='lat'><strong>(94)</strong></span> <span class='ocrx_word' id='word_1_10' title='bbox 1195 466 1477 527; x_wconf 85' lang='lat' dir='ltr'><strong>peccatum</strong></span> <span class='ocrx_word' id='word_1_11' title='bbox 1520 465 1572 511; x_wconf 89' lang='lat' dir='ltr'><strong>et</strong></span> <span class='ocrx_word' id='word_1_12' title='bbox 1596 442 1931 525; x_wconf 85' lang='lat' dir='ltr'><strong>blasphemia</strong></span> <span class='ocrx_word' id='word_1_13' title='bbox 1966 456 2154 511; x_wconf 89' lang='lat' dir='ltr'><strong>remit-</strong></span> 
     </span>
    </p>
   </div>
   <div class='ocr_carea' id='block_1_5' title="bbox 2256 442 3780 537">
    <p class='ocr_par' dir='ltr' id='par_1_5' title="bbox 2258 456 3780 537">
     <span class='ocr_line' id='line_1_5' title="bbox 2258 456 3780 537; baseline 0.002 -27"><span class='ocrx_word' id='word_1_14' title='bbox 2258 458 2352 537; x_wconf 74' lang='grc' dir='ltr'>καὶ</span> <span class='ocrx_word' id='word_1_15' title='bbox 2380 456 2438 520; x_wconf 84' lang='grc' dir='ltr'>ὃς</span> <span class='ocrx_word' id='word_1_16' title='bbox 2470 457 2537 511; x_wconf 84' lang='grc' dir='ltr'>ἂν</span> <span class='ocrx_word' id='word_1_17' title='bbox 2576 459 2703 531; x_wconf 74' lang='grc' dir='ltr'>εἴπῃ</span> <span class='ocrx_word' id='word_1_18' title='bbox 2736 457 2893 527; x_wconf 84' lang='grc' dir='ltr'>λόγον</span> <span class='ocrx_word' id='word_1_19' title='bbox 2916 459 3055 513; x_wconf 84' lang='grc' dir='ltr'>κατὰ</span> <span class='ocrx_word' id='word_1_20' title='bbox 3095 459 3187 516; x_wconf 89' lang='grc' dir='ltr'><strong>τοῦ</strong></span> <span class='ocrx_word' id='word_1_21' title='bbox 3219 459 3350 515; x_wconf 84' lang='grc' dir='ltr'>Υίοῦ</span> <span class='ocrx_word' id='word_1_22' title='bbox 3378 456 3468 512; x_wconf 85' lang='grc' dir='ltr'><strong>τοῦ</strong></span> <span class='ocrx_word' id='word_1_23' title='bbox 3511 456 3780 530; x_wconf 80' lang='grc' dir='ltr'>ἀνθρώπου,</span> 
     </span>
    </p>
   </div>
   <div class='ocr_carea' id='block_1_6' title="bbox 584 548 2152 619">
    <p class='ocr_par' dir='ltr' id='par_1_6' title="bbox 584 548 2152 619">
     <span class='ocr_line' id='line_1_6' title="bbox 584 548 2152 619; baseline -0.003 -12"><span class='ocrx_word' id='word_1_24' title='bbox 584 562 735 608; x_wconf 86' lang='lat' dir='ltr'><strong>tetur</strong></span> <span class='ocrx_word' id='word_1_25' title='bbox 767 550 1095 615; x_wconf 89' lang='lat' dir='ltr'><strong>hominibus,</strong></span> <span class='ocrx_word' id='word_1_26' title='bbox 1141 549 1471 619; x_wconf 82' lang='lat' dir='ltr'><strong>blasphemia</strong></span> <span class='ocrx_word' id='word_1_27' title='bbox 1501 564 1630 604; x_wconf 89' lang='lat' dir='ltr'><strong>vero</strong></span> <span class='ocrx_word' id='word_1_28' title='bbox 1670 549 1722 603; x_wconf 90' lang='lat' dir='ltr'><strong>in</strong></span> <span class='ocrx_word' id='word_1_29' title='bbox 1759 548 2017 618; x_wconf 90' lang='lat' dir='ltr'><strong>Spiritum</strong></span> <span class='ocrx_word' id='word_1_30' title='bbox 2043 548 2152 619; x_wconf 85' lang='lat'><strong>(95)</strong></span> 
     </span>
    </p>
   </div>
   <div class='ocr_carea' id='block_1_7' title="bbox 589 640 2156 715">
    <p class='ocr_par' dir='ltr' id='par_1_7' title="bbox 589 640 2156 715">
     <span class='ocr_line' id='line_1_7' title="bbox 589 640 2156 715; baseline -0.004 -16"><span class='ocrx_word' id='word_1_31' title='bbox 589 659 695 699; x_wconf 90' lang='lat' dir='ltr'><strong>non</strong></span> <span class='ocrx_word' id='word_1_32' title='bbox 729 642 1219 715; x_wconf 85' lang='lat' dir='ltr'><strong>remittetnripsis.</strong></span> <span class='ocrx_word' id='word_1_33' title='bbox 1274 641 1339 694; x_wconf 85' lang='lat' dir='ltr'><strong>Et</strong></span> <span class='ocrx_word' id='word_1_34' title='bbox 1375 641 1677 709; x_wconf 85' lang='lat' dir='ltr'><strong>quicunque</strong></span> <span class='ocrx_word' id='word_1_35' title='bbox 1721 640 1911 693; x_wconf 81' lang='lat' dir='ltr'><strong>dixerit</strong></span> <span class='ocrx_word' id='word_1_36' title='bbox 1947 656 2156 695; x_wconf 90' lang='lat' dir='ltr'><strong>sermo-</strong></span> 
     </span>
    </p>
   </div>
   <div class='ocr_carea' id='block_1_8' title="bbox 588 722 2157 799">
    <p class='ocr_par' dir='ltr' id='par_1_8' title="bbox 588 722 2157 799">
     <span class='ocr_line' id='line_1_8' title="bbox 588 722 2157 799; baseline -0.004 -12"><span class='ocrx_word' id='word_1_37' title='bbox 588 750 711 788; x_wconf 90' lang='lat' dir='ltr'><strong>nem</strong></span> <span class='ocrx_word' id='word_1_38' title='bbox 761 743 946 788; x_wconf 87' lang='lat' dir='ltr'><strong>contra</strong></span> <span class='ocrx_word' id='word_1_39' title='bbox 977 722 1167 786; x_wconf 82' lang='lat' dir='ltr'><strong>Filium</strong></span> <span class='ocrx_word' id='word_1_40' title='bbox 1195 731 1445 795; x_wconf 86' lang='lat' dir='ltr'><strong>hominis,</strong></span> <span class='ocrx_word' id='word_1_41' title='bbox 1483 732 1786 786; x_wconf 74' lang='lat' dir='ltr'><strong>remittetur</strong></span> <span class='ocrx_word' id='word_1_42' title='bbox 1808 731 1896 794; x_wconf 89' lang='lat' dir='ltr'><strong>ei;</strong></span> <span class='ocrx_word' id='word_1_43' title='bbox 1938 730 2027 799; x_wconf 89' lang='lat' dir='ltr'><strong>qni</strong></span> <span class='ocrx_word' id='word_1_44' title='bbox 2060 746 2157 782; x_wconf 86' lang='lat' dir='ltr'><strong>au-</strong></span> 
     </span>
    </p>
   </div>
   <div class='ocr_carea' id='block_1_9' title="bbox 584 820 2156 890">
    <p class='ocr_par' dir='ltr' id='par_1_9' title="bbox 584 820 2156 890">
     <span class='ocr_line' id='line_1_9' title="bbox 584 820 2156 890; baseline -0.001 -13"><span class='ocrx_word' id='word_1_45' title='bbox 584 834 697 877; x_wconf 83' lang='lat' dir='ltr'><strong>-tent</strong></span> <span class='ocrx_word' id='word_1_46' title='bbox 723 822 923 876; x_wconf 79' lang='lat' dir='ltr'><strong>dixerit</strong></span> <span class='ocrx_word' id='word_1_47' title='bbox 953 833 1140 877; x_wconf 91' lang='lat' dir='ltr'><strong>contra</strong></span> <span class='ocrx_word' id='word_1_48' title='bbox 1169 820 1427 890; x_wconf 88' lang='lat' dir='ltr'><strong>Spiritum</strong></span> <span class='ocrx_word' id='word_1_49' title='bbox 1472 831 1741 885; x_wconf 83' lang='lat' dir='ltr'><strong>sanctum,</strong></span> <span class='ocrx_word' id='word_1_50' title='bbox 1767 836 1873 875; x_wconf 93' lang='lat' dir='ltr'><strong>non</strong></span> <span class='ocrx_word' id='word_1_51' title='bbox 1913 822 2156 876; x_wconf 88' lang='lat' dir='ltr'><strong>remitte-</strong></span> 
     </span>
    </p>
   </div>
   <div class='ocr_carea' id='block_1_10' title="bbox 584 912 2148 983">
    <p class='ocr_par' dir='ltr' id='par_1_10' title="bbox 584 912 2148 983">
     <span class='ocr_line' id='line_1_10' title="bbox 584 912 2148 983; baseline -0.003 -13"><span class='ocrx_word' id='word_1_52' title='bbox 584 926 680 970; x_wconf 81' lang='lat' dir='ltr'><strong>tur</strong></span> <span class='ocrx_word' id='word_1_53' title='bbox 715 916 762 969; x_wconf 89' lang='lat' dir='ltr'><strong>ei</strong></span> <span class='ocrx_word' id='word_1_54' title='bbox 811 929 985 983; x_wconf 91' lang='lat' dir='ltr'><strong>neque</strong></span> <span class='ocrx_word' id='word_1_55' title='bbox 1036 914 1089 967; x_wconf 91' lang='lat' dir='ltr'><strong>in</strong></span> <span class='ocrx_word' id='word_1_56' title='bbox 1144 912 1340 968; x_wconf 68' lang='lat' dir='ltr'><strong>saeculo</strong></span> <span class='ocrx_word' id='word_1_57' title='bbox 1384 913 1507 977; x_wconf 92' lang='lat' dir='ltr'><strong>isto,</strong></span> <span class='ocrx_word' id='word_1_58' title='bbox 1559 928 1732 982; x_wconf 90' lang='lat' dir='ltr'><strong>neque</strong></span> <span class='ocrx_word' id='word_1_59' title='bbox 1789 913 1841 966; x_wconf 94' lang='lat' dir='ltr'><strong>in</strong></span> <span class='ocrx_word' id='word_1_60' title='bbox 1896 914 2095 967; x_wconf 71' lang='lat' dir='ltr'><strong>futura.</strong></span> <span class='ocrx_word' id='word_1_61' title='bbox 2129 932 2148 965; x_wconf 76' lang='grc' dir='ltr'><strong>ι</strong></span> 
     </span>
    </p>
   </div>
   <div class='ocr_carea' id='block_1_11' title="bbox 589 1002 2154 1073">
    <p class='ocr_par' dir='ltr' id='par_1_11' title="bbox 589 1002 2154 1073">
     <span class='ocr_line' id='line_1_11' title="bbox 589 1002 2154 1073; baseline -0.002 -14"><span class='ocrx_word' id='word_1_62' title='bbox 589 1005 776 1073; x_wconf 85' lang='lat' dir='ltr'><strong>Qualis</strong></span> <span class='ocrx_word' id='word_1_63' title='bbox 815 1020 941 1059; x_wconf 91' lang='lat' dir='ltr'><strong>vero</strong></span> <span class='ocrx_word' id='word_1_64' title='bbox 983 1004 1121 1058; x_wconf 86' lang='lat' dir='ltr'><strong>alius</strong></span> <span class='ocrx_word' id='word_1_65' title='bbox 1155 1019 1334 1059; x_wconf 87' lang='lat' dir='ltr'><strong>sermo</strong></span> <span class='ocrx_word' id='word_1_66' title='bbox 1370 1013 1452 1058; x_wconf 88' lang='lat' dir='ltr'><strong>est</strong></span> <span class='ocrx_word' id='word_1_67' title='bbox 1485 1010 1679 1057; x_wconf 84' lang='lat' dir='ltr'><strong>contra</strong></span> <span class='ocrx_word' id='word_1_68' title='bbox 1735 1002 1994 1073; x_wconf 88' lang='lat' dir='ltr'><strong>Spiritum</strong></span> <span class='ocrx_word' id='word_1_69' title='bbox 2029 1018 2154 1058; x_wconf 90' lang='lat' dir='ltr'><strong>san-</strong></span> 
     </span>
    </p>
   </div>
   <div class='ocr_carea' id='block_1_12' title="bbox 578 1094 2154 1168">
    <p class='ocr_par' dir='ltr' id='par_1_12' title="bbox 578 1094 2154 1168">
     <span class='ocr_line' id='line_1_12' title="bbox 578 1094 2154 1168; baseline -0.002 -16"><span class='ocrx_word' id='word_1_70' title='bbox 578 1108 735 1153; x_wconf 76' lang='lat' dir='ltr'><strong>ctum</strong></span> <span class='ocrx_word' id='word_1_71' title='bbox 761 1097 892 1168; x_wconf 84' lang='lat'><strong>(96),</strong></span> <span class='ocrx_word' id='word_1_72' title='bbox 923 1105 1015 1149; x_wconf 92' lang='lat' dir='ltr'><strong>aut</strong></span> <span class='ocrx_word' id='word_1_73' title='bbox 1044 1111 1287 1163; x_wconf 63' lang='lat' dir='ltr'><strong>quaenam</strong></span> <span class='ocrx_word' id='word_1_74' title='bbox 1328 1095 1430 1149; x_wconf 88' lang='lat' dir='ltr'><strong>alia</strong></span> <span class='ocrx_word' id='word_1_75' title='bbox 1467 1095 1779 1165; x_wconf 77' lang='lat' dir='ltr'><strong>intelligitur</strong></span> <span class='ocrx_word' id='word_1_76' title='bbox 1823 1094 2154 1164; x_wconf 82' lang='lat' dir='ltr'><strong>blaSphemia</strong></span> 
     </span>
    </p>
   </div>
   <div class='ocr_carea' id='block_1_13' title="bbox 588 1186 2152 1259">
    <p class='ocr_par' dir='ltr' id='par_1_13' title="bbox 588 1186 2152 1259">
     <span class='ocr_line' id='line_1_13' title="bbox 588 1186 2152 1259; baseline -0.003 -16"><span class='ocrx_word' id='word_1_77' title='bbox 588 1190 656 1244; x_wconf 93' lang='lat' dir='ltr'><strong>de</strong></span> <span class='ocrx_word' id='word_1_78' title='bbox 686 1190 823 1259; x_wconf 89' lang='lat' dir='ltr'><strong>ipso,</strong></span> <span class='ocrx_word' id='word_1_79' title='bbox 855 1190 954 1242; x_wconf 90' lang='lat' dir='ltr'><strong>nisi</strong></span> <span class='ocrx_word' id='word_1_80' title='bbox 980 1189 1080 1242; x_wconf 92' lang='lat' dir='ltr'><strong>hoc</strong></span> <span class='ocrx_word' id='word_1_81' title='bbox 1101 1187 1242 1257; x_wconf 84' lang='lat' dir='ltr'><strong>quod</strong></span> <span class='ocrx_word' id='word_1_82' title='bbox 1286 1194 1368 1241; x_wconf 88' lang='lat' dir='ltr'><strong>est</strong></span> <span class='ocrx_word' id='word_1_83' title='bbox 1398 1187 1545 1239; x_wconf 89' lang='lat' dir='ltr'><strong>illum</strong></span> <span class='ocrx_word' id='word_1_84' title='bbox 1577 1201 1677 1238; x_wconf 88' lang='lat' dir='ltr'><strong>non</strong></span> <span class='ocrx_word' id='word_1_85' title='bbox 1718 1186 1957 1239; x_wconf 80' lang='lat' dir='ltr'><strong>conﬁteri</strong></span> <span class='ocrx_word' id='word_1_86' title='bbox 1989 1186 2152 1239; x_wconf 90' lang='lat' dir='ltr'><strong>Deum</strong></span> 
     </span>
    </p>
   </div>
   <div class='ocr_carea' id='block_1_14' title="bbox 588 1274 2157 1341">
    <p class='ocr_par' dir='ltr' id='par_1_14' title="bbox 588 1274 2157 1341">
     <span class='ocr_line' id='line_1_14' title="bbox 588 1274 2157 1341; baseline -0.004 -5"><span class='ocrx_word' id='word_1_87' title='bbox 588 1277 1130 1341; x_wconf 83' lang='lat' dir='ltr'><strong>consubstantialem,</strong></span> <span class='ocrx_word' id='word_1_88' title='bbox 1181 1289 1235 1330; x_wconf 88' lang='lat' dir='ltr'><strong>et</strong></span> <span class='ocrx_word' id='word_1_89' title='bbox 1287 1286 1608 1330; x_wconf 69' lang='lat' dir='ltr'><strong>comternnm</strong></span> <span class='ocrx_word' id='word_1_90' title='bbox 1666 1275 1842 1339; x_wconf 83' lang='lat' dir='ltr'><strong>Patri,</strong></span> <span class='ocrx_word' id='word_1_91' title='bbox 1892 1284 1939 1327; x_wconf 86' lang='lat' dir='ltr'><strong>et</strong></span> <span class='ocrx_word' id='word_1_92' title='bbox 1984 1274 2157 1329; x_wconf 87' lang='lat' dir='ltr'><strong>Filio?</strong></span> 
     </span>
    </p>
   </div>
   <div class='ocr_carea' id='block_1_15' title="bbox 585 1366 2155 1442">
    <p class='ocr_par' dir='ltr' id='par_1_15' title="bbox 585 1366 2155 1442">
     <span class='ocr_line' id='line_1_15' title="bbox 585 1366 2155 1442; baseline -0.004 -15"><span class='ocrx_word' id='word_1_93' title='bbox 585 1372 723 1427; x_wconf 85' lang='lat' dir='ltr'><strong>Nam</strong></span> <span class='ocrx_word' id='word_1_94' title='bbox 746 1372 1045 1442; x_wconf 87' lang='lat' dir='ltr'><strong>specialiter</strong></span> <span class='ocrx_word' id='word_1_95' title='bbox 1071 1385 1191 1423; x_wconf 91' lang='lat' dir='ltr'><strong>cum</strong></span> <span class='ocrx_word' id='word_1_96' title='bbox 1210 1369 1273 1423; x_wconf 91' lang='lat' dir='ltr'><strong>de</strong></span> <span class='ocrx_word' id='word_1_97' title='bbox 1296 1369 1404 1423; x_wconf 91' lang='lat' dir='ltr'><strong>Deo</strong></span> <span class='ocrx_word' id='word_1_98' title='bbox 1428 1383 1606 1423; x_wconf 88' lang='lat' dir='ltr'><strong>sermo</strong></span> <span class='ocrx_word' id='word_1_99' title='bbox 1630 1376 1731 1430; x_wconf 88' lang='lat' dir='ltr'><strong>est,</strong></span> <span class='ocrx_word' id='word_1_100' title='bbox 1748 1366 2155 1436; x_wconf 85' lang='lat' dir='ltr'><strong>blasphemandi</strong></span> 
     </span>
    </p>
   </div>
   <div class='ocr_carea' id='block_1_16' title="bbox 587 1459 2153 1527">
    <p class='ocr_par' dir='ltr' id='par_1_16' title="bbox 587 1459 2153 1527">
     <span class='ocr_line' id='line_1_16' title="bbox 587 1459 2153 1527; baseline -0.001 -12"><span class='ocrx_word' id='word_1_101' title='bbox 587 1465 809 1519; x_wconf 83' lang='lat' dir='ltr'><strong>verbum</strong></span> <span class='ocrx_word' id='word_1_102' title='bbox 855 1463 1156 1517; x_wconf 76' lang='lat' dir='ltr'><strong>adhibetur.</strong></span> <span class='ocrx_word' id='word_1_103' title='bbox 1212 1460 1464 1515; x_wconf 79' lang='lat' dir='ltr'><strong>Deﬁnivit</strong></span> <span class='ocrx_word' id='word_1_104' title='bbox 1512 1475 1661 1523; x_wconf 86' lang='lat' dir='ltr'><strong>vero,</strong></span> <span class='ocrx_word' id='word_1_105' title='bbox 1708 1460 1906 1515; x_wconf 89' lang='lat' dir='ltr'><strong>remitti</strong></span> <span class='ocrx_word' id='word_1_106' title='bbox 1939 1459 2153 1527; x_wconf 86' lang='lat' dir='ltr'><strong>quidem</strong></span> 
     </span>
    </p>
   </div>
   <div class='ocr_carea' id='block_1_17' title="bbox 580 1548 2157 1623">
    <p class='ocr_par' dir='ltr' id='par_1_17' title="bbox 580 1548 2157 1623">
     <span class='ocr_line' id='line_1_17' title="bbox 580 1548 2157 1623; baseline -0.004 -14"><span class='ocrx_word' id='word_1_107' title='bbox 580 1554 974 1623; x_wconf 85' lang='lat' dir='ltr'><strong>blasphemiam</strong></span> <span class='ocrx_word' id='word_1_108' title='bbox 1020 1562 1207 1607; x_wconf 89' lang='lat' dir='ltr'><strong>contra</strong></span> <span class='ocrx_word' id='word_1_109' title='bbox 1253 1551 1447 1606; x_wconf 85' lang='lat' dir='ltr'><strong>Filium</strong></span> <span class='ocrx_word' id='word_1_110' title='bbox 1498 1550 1754 1613; x_wconf 85' lang='lat' dir='ltr'><strong>hominis.</strong></span> <span class='ocrx_word' id='word_1_111' title='bbox 1794 1566 1897 1603; x_wconf 90' lang='lat' dir='ltr'><strong>non</strong></span> <span class='ocrx_word' id='word_1_112' title='bbox 1946 1548 2157 1603; x_wconf 82' lang='lat' dir='ltr'><strong>remitti</strong></span> 
     </span>
    </p>
   </div>
   <div class='ocr_carea' id='block_1_18' title="bbox 584 1638 2156 1708">
    <p class='ocr_par' dir='ltr' id='par_1_18' title="bbox 584 1638 2156 1708">
     <span class='ocr_line' id='line_1_18' title="bbox 584 1638 2156 1708; baseline 0 -16"><span class='ocrx_word' id='word_1_113' title='bbox 584 1655 717 1695; x_wconf 84' lang='lat' dir='ltr'><strong>vero</strong></span> <span class='ocrx_word' id='word_1_114' title='bbox 742 1652 879 1703; x_wconf 88' lang='lat' dir='ltr'><strong>eam,</strong></span> <span class='ocrx_word' id='word_1_115' title='bbox 913 1655 1029 1707; x_wconf 70' lang='lat' dir='ltr'><strong>qua:</strong></span> <span class='ocrx_word' id='word_1_116' title='bbox 1062 1640 1132 1695; x_wconf 93' lang='lat' dir='ltr'><strong>sit</strong></span> <span class='ocrx_word' id='word_1_117' title='bbox 1159 1640 1225 1692; x_wconf 94' lang='lat' dir='ltr'><strong>de</strong></span> <span class='ocrx_word' id='word_1_118' title='bbox 1275 1639 1480 1708; x_wconf 91' lang='lat' dir='ltr'><strong>Spiritu</strong></span> <span class='ocrx_word' id='word_1_119' title='bbox 1505 1649 1711 1692; x_wconf 90' lang='lat' dir='ltr'><strong>sancto.</strong></span> <span class='ocrx_word' id='word_1_120' title='bbox 1753 1638 1955 1703; x_wconf 82' lang='lat' dir='ltr'><strong>Quibus</strong></span> <span class='ocrx_word' id='word_1_121' title='bbox 1980 1639 2156 1692; x_wconf 83' lang='lat' dir='ltr'><strong>verbis</strong></span> 
     </span>
    </p>
   </div>
   <div class='ocr_carea' id='block_1_19' title="bbox 580 1730 2153 1803">
    <p class='ocr_par' dir='ltr' id='par_1_19' title="bbox 580 1730 2153 1803">
     <span class='ocr_line' id='line_1_19' title="bbox 580 1730 2153 1803; baseline -0.001 -16"><span class='ocrx_word' id='word_1_122' title='bbox 580 1733 872 1803; x_wconf 80' lang='lat' dir='ltr'><strong>signiﬁcat,</strong></span> <span class='ocrx_word' id='word_1_123' title='bbox 904 1746 1009 1786; x_wconf 85' lang='lat' dir='ltr'><strong>non</strong></span> <span class='ocrx_word' id='word_1_124' title='bbox 1052 1733 1251 1786; x_wconf 86' lang='lat' dir='ltr'><strong>remitti</strong></span> <span class='ocrx_word' id='word_1_125' title='bbox 1294 1732 1364 1796; x_wconf 91' lang='lat' dir='ltr'><strong>ei,</strong></span> <span class='ocrx_word' id='word_1_126' title='bbox 1408 1732 1498 1800; x_wconf 90' lang='lat' dir='ltr'><strong>qui</strong></span> <span class='ocrx_word' id='word_1_127' title='bbox 1532 1746 1652 1786; x_wconf 90' lang='lat' dir='ltr'><strong>sero</strong></span> <span class='ocrx_word' id='word_1_128' title='bbox 1692 1730 1903 1791; x_wconf 86' lang='lat' dir='ltr'><strong>saltem.</strong></span> <span class='ocrx_word' id='word_1_129' title='bbox 1940 1746 2001 1785; x_wconf 89' lang='lat' dir='ltr'><strong>ac</strong></span> <span class='ocrx_word' id='word_1_130' title='bbox 2036 1739 2153 1785; x_wconf 82' lang='lat' dir='ltr'><strong>tan-</strong></span> 
     </span>
    </p>
   </div>
   <div class='ocr_carea' id='block_1_20' title="bbox 2257 548 3783 623">
    <p class='ocr_par' dir='ltr' id='par_1_20' title="bbox 2257 548 3783 623">
     <span class='ocr_line' id='line_1_20' title="bbox 2257 548 3783 623; baseline 0 -22"><span class='ocrx_word' id='word_1_131' title='bbox 2257 548 2587 619; x_wconf 77' lang='grc' dir='ltr'>ἀφεθήσεται</span> <span class='ocrx_word' id='word_1_132' title='bbox 2620 549 2785 619; x_wconf 81' lang='grc' dir='ltr'>αὐτῷ·</span> <span class='ocrx_word' id='word_1_133' title='bbox 2814 551 2872 613; x_wconf 82' lang='grc' dir='ltr'>ὃς</span> <span class='ocrx_word' id='word_1_134' title='bbox 2896 550 2941 603; x_wconf 79' lang='grc' dir='ltr'>δ’</span> <span class='ocrx_word' id='word_1_135' title='bbox 2970 550 3035 604; x_wconf 84' lang='grc' dir='ltr'>ἂν</span> <span class='ocrx_word' id='word_1_136' title='bbox 3059 552 3187 623; x_wconf 77' lang='grc' dir='ltr'>εἴπῃ</span> <span class='ocrx_word' id='word_1_137' title='bbox 3237 550 3378 604; x_wconf 82' lang='grc' dir='ltr'>κατά</span> <span class='ocrx_word' id='word_1_138' title='bbox 3403 548 3493 603; x_wconf 84' lang='grc' dir='ltr'><strong>τοῦ</strong></span> <span class='ocrx_word' id='word_1_139' title='bbox 3509 549 3783 620; x_wconf 82' lang='grc' dir='ltr'>Πνεύματος</span> 
     </span>
    </p>
   </div>
   <div class='ocr_carea' id='block_1_21' title="bbox 2256 640 3785 714">
    <p class='ocr_par' dir='ltr' id='par_1_21' title="bbox 2256 640 3785 714">
     <span class='ocr_line' id='line_1_21' title="bbox 2256 640 3785 714; baseline 0.001 -22"><span class='ocrx_word' id='word_1_140' title='bbox 2256 640 2347 692; x_wconf 90' lang='grc' dir='ltr'><strong>τοῦ</strong></span> <span class='ocrx_word' id='word_1_141' title='bbox 2374 640 2551 708; x_wconf 85' lang='grc' dir='ltr'>ἁγίου,</span> <span class='ocrx_word' id='word_1_142' title='bbox 2583 642 2682 694; x_wconf 73' lang='grc' dir='ltr'><strong>οὐκ</strong></span> <span class='ocrx_word' id='word_1_143' title='bbox 2738 642 3070 714; x_wconf 83' lang='grc' dir='ltr'>ἀφεθήσεται</span> <span class='ocrx_word' id='word_1_144' title='bbox 3112 644 3280 713; x_wconf 81' lang='grc' dir='ltr'>αὐτῷ,</span> <span class='ocrx_word' id='word_1_145' title='bbox 3314 642 3434 696; x_wconf 76' lang='grc' dir='ltr'>οὔτε</span> <span class='ocrx_word' id='word_1_146' title='bbox 3459 641 3513 693; x_wconf 83' lang='grc' dir='ltr'>ὲν</span> <span class='ocrx_word' id='word_1_147' title='bbox 3543 640 3616 709; x_wconf 81' lang='grc' dir='ltr'>τῷ</span> <span class='ocrx_word' id='word_1_148' title='bbox 3653 640 3785 695; x_wconf 78' lang='grc' dir='ltr'>αἰῶνι</span> 
     </span>
    </p>
   </div>
   <div class='ocr_carea' id='block_1_22' title="bbox 2256 730 3785 803">
    <p class='ocr_par' dir='ltr' id='par_1_22' title="bbox 2256 730 3785 803">
     <span class='ocr_line' id='line_1_22' title="bbox 2256 730 3785 803; baseline 0.001 -20"><span class='ocrx_word' id='word_1_149' title='bbox 2256 730 2449 801; x_wconf 82' lang='grc' dir='ltr'>τούτῳ,</span> <span class='ocrx_word' id='word_1_150' title='bbox 2476 730 2601 784; x_wconf 81' lang='grc' dir='ltr'>οὔτε</span> <span class='ocrx_word' id='word_1_151' title='bbox 2636 734 2693 784; x_wconf 86' lang='grc' dir='ltr'>ὲν</span> <span class='ocrx_word' id='word_1_152' title='bbox 2720 732 2798 803; x_wconf 82' lang='grc' dir='ltr'>τῷ</span> <span class='ocrx_word' id='word_1_153' title='bbox 2827 734 3092 803; x_wconf 85' lang='grc' dir='ltr'>μέλλοντι.</span> <span class='ocrx_word' id='word_1_154' title='bbox 3133 752 3152 786; x_wconf 70' lang='grc' dir='ltr'><strong><em>ι</em></strong></span> <span class='ocrx_word' id='word_1_155' title='bbox 3209 733 3401 797; x_wconf 80' lang='grc' dir='ltr'><strong>Ἄλλος</strong></span> <span class='ocrx_word' id='word_1_156' title='bbox 3443 731 3497 785; x_wconf 81' lang='grc' dir='ltr'>δὲ</span> <span class='ocrx_word' id='word_1_157' title='bbox 3531 732 3663 794; x_wconf 82' lang='grc' dir='ltr'>ποῖός</span> <span class='ocrx_word' id='word_1_158' title='bbox 3689 734 3785 785; x_wconf 73' lang='grc' dir='ltr'>ἐστι</span> 
     </span>
    </p>
   </div>
   <div class='ocr_carea' id='block_1_23' title="bbox 2254 818 3788 893">
    <p class='ocr_par' dir='ltr' id='par_1_23' title="bbox 2254 818 3788 893">
     <span class='ocr_line' id='line_1_23' title="bbox 2254 818 3788 893; baseline -0.001 -21"><span class='ocrx_word' id='word_1_159' title='bbox 2254 818 2409 888; x_wconf 80' lang='grc' dir='ltr'>λόγος</span> <span class='ocrx_word' id='word_1_160' title='bbox 2434 820 2572 874; x_wconf 80' lang='grc' dir='ltr'>κατὰ</span> <span class='ocrx_word' id='word_1_161' title='bbox 2603 821 2695 874; x_wconf 91' lang='grc' dir='ltr'><strong>τοῦ</strong></span> <span class='ocrx_word' id='word_1_162' title='bbox 2746 822 2901 890; x_wconf 83' lang='grc' dir='ltr'>ἁγίου</span> <span class='ocrx_word' id='word_1_163' title='bbox 2936 822 3269 893; x_wconf 81' lang='grc' dir='ltr'>Πνεῦματος,</span> <span class='ocrx_word' id='word_1_164' title='bbox 3304 821 3339 892; x_wconf 78' lang='grc' dir='ltr'>ἦ</span> <span class='ocrx_word' id='word_1_165' title='bbox 3373 818 3503 888; x_wconf 84' lang='grc' dir='ltr'>άλλη</span> <span class='ocrx_word' id='word_1_166' title='bbox 3528 819 3648 873; x_wconf 84' lang='grc' dir='ltr'>ποία</span> <span class='ocrx_word' id='word_1_167' title='bbox 3668 821 3788 871; x_wconf 82' lang='grc' dir='ltr'>νοεῖ-</span> 
     </span>
    </p>
   </div>
   <div class='ocr_carea' id='block_1_24' title="bbox 2254 912 3790 986">
    <p class='ocr_par' dir='ltr' id='par_1_24' title="bbox 2254 912 3790 986">
     <span class='ocr_line' id='line_1_24' title="bbox 2254 912 3790 986; baseline 0 -22"><span class='ocrx_word' id='word_1_168' title='bbox 2254 929 2343 965; x_wconf 88' lang='grc' dir='ltr'><strong>ται</strong></span> <span class='ocrx_word' id='word_1_169' title='bbox 2390 913 2517 983; x_wconf 78' lang='grc' dir='ltr'>περὶ</span> <span class='ocrx_word' id='word_1_170' title='bbox 2537 912 2699 966; x_wconf 79' lang='grc' dir='ltr'>αὐτοῦ</span> <span class='ocrx_word' id='word_1_171' title='bbox 2735 912 3073 985; x_wconf 75' lang='grc' dir='ltr'><strong>βλασφημία,</strong></span> <span class='ocrx_word' id='word_1_172' title='bbox 3109 913 3229 985; x_wconf 58' lang='lat' dir='ltr'><strong>ﬁt?)</strong></span> <span class='ocrx_word' id='word_1_173' title='bbox 3278 914 3352 986; x_wconf 82' lang='grc' dir='ltr'>μὴ</span> <span class='ocrx_word' id='word_1_174' title='bbox 3392 912 3657 983; x_wconf 79' lang='grc' dir='ltr'><strong>ὁμολογεῖν</strong></span> <span class='ocrx_word' id='word_1_175' title='bbox 3678 913 3790 965; x_wconf 79' lang='grc' dir='ltr'>αὐτὸ</span> 
     </span>
    </p>
   </div>
   <div class='ocr_carea' id='block_1_25' title="bbox 2255 1002 3791 1075">
    <p class='ocr_par' dir='ltr' id='par_1_25' title="bbox 2255 1002 3791 1075">
     <span class='ocr_line' id='line_1_25' title="bbox 2255 1002 3791 1075; baseline 0 -20"><span class='ocrx_word' id='word_1_176' title='bbox 2255 1003 2386 1055; x_wconf 77' lang='grc' dir='ltr'>Θεὸν</span> <span class='ocrx_word' id='word_1_177' title='bbox 2427 1003 2709 1074; x_wconf 85' lang='grc' dir='ltr'>όμοούσιον</span> <span class='ocrx_word' id='word_1_178' title='bbox 2765 1005 2860 1058; x_wconf 72' lang='grc' dir='ltr'>καὶ</span> <span class='ocrx_word' id='word_1_179' title='bbox 2895 1005 3228 1075; x_wconf 89' lang='grc' dir='ltr'>συνάναρχον</span> <span class='ocrx_word' id='word_1_180' title='bbox 3267 1004 3346 1075; x_wconf 80' lang='grc' dir='ltr'>τῷ</span> <span class='ocrx_word' id='word_1_181' title='bbox 3388 1004 3557 1073; x_wconf 68' lang='grc' dir='ltr'><strong>Πατρ)⁸</strong></span> <span class='ocrx_word' id='word_1_182' title='bbox 3601 1002 3686 1057; x_wconf 78' lang='grc' dir='ltr'>καὶ</span> <span class='ocrx_word' id='word_1_183' title='bbox 3725 1002 3791 1073; x_wconf 82' lang='grc' dir='ltr'>τῷ</span> 
     </span>
    </p>
   </div>
   <div class='ocr_carea' id='block_1_26' title="bbox 2256 1094 3792 1166">
    <p class='ocr_par' dir='ltr' id='par_1_26' title="bbox 2256 1094 3792 1166">
     <span class='ocr_line' id='line_1_26' title="bbox 2256 1094 3792 1166; baseline 0.001 -19"><span class='ocrx_word' id='word_1_184' title='bbox 2256 1094 2403 1165; x_wconf 84' lang='grc' dir='ltr'><strong>Υἱῷ;</strong></span> <span class='ocrx_word' id='word_1_185' title='bbox 2456 1095 2657 1159; x_wconf 86' lang='grc' dir='ltr'>Ἰδικῶς</span> <span class='ocrx_word' id='word_1_186' title='bbox 2708 1095 2817 1166; x_wconf 82' lang='grc' dir='ltr'><strong>γὰρ</strong></span> <span class='ocrx_word' id='word_1_187' title='bbox 2853 1096 2946 1149; x_wconf 72' lang='grc' dir='ltr'><strong>ἐπὶ</strong></span> <span class='ocrx_word' id='word_1_188' title='bbox 2977 1095 3071 1149; x_wconf 85' lang='grc' dir='ltr'><strong>τοῦ</strong></span> <span class='ocrx_word' id='word_1_189' title='bbox 3116 1094 3250 1150; x_wconf 86' lang='grc' dir='ltr'>Θεοῦ</span> <span class='ocrx_word' id='word_1_190' title='bbox 3288 1096 3348 1149; x_wconf 83' lang='grc' dir='ltr'>τὸ</span> <span class='ocrx_word' id='word_1_191' title='bbox 3396 1095 3711 1166; x_wconf 75' lang='grc' dir='ltr'><strong>βλασφημεῖν</strong></span> <span class='ocrx_word' id='word_1_192' title='bbox 3730 1096 3792 1148; x_wconf 76' lang='lat' dir='ltr'><strong>tl-</strong></span> 
     </span>
    </p>
   </div>
   <div class='ocr_carea' id='block_1_27' title="bbox 2257 1183 3792 1258">
    <p class='ocr_par' dir='ltr' id='par_1_27' title="bbox 2257 1183 3792 1258">
     <span class='ocr_line' id='line_1_27' title="bbox 2257 1183 3792 1258; baseline 0 -22"><span class='ocrx_word' id='word_1_193' title='bbox 2257 1202 2440 1256; x_wconf 84' lang='grc' dir='ltr'>ρηται.</span> <span class='ocrx_word' id='word_1_194' title='bbox 2477 1186 2695 1257; x_wconf 80' lang='grc' dir='ltr'>Ὠρισεν</span> <span class='ocrx_word' id='word_1_195' title='bbox 2725 1186 2781 1238; x_wconf 78' lang='grc' dir='ltr'>δὲ</span> <span class='ocrx_word' id='word_1_196' title='bbox 2810 1186 3065 1254; x_wconf 81' lang='grc' dir='ltr'><strong>ἀφίεσθαι</strong></span> <span class='ocrx_word' id='word_1_197' title='bbox 3097 1186 3195 1257; x_wconf 81' lang='grc' dir='ltr'>μὲν</span> <span class='ocrx_word' id='word_1_198' title='bbox 3243 1187 3343 1258; x_wconf 76' lang='grc' dir='ltr'>τὴν</span> <span class='ocrx_word' id='word_1_199' title='bbox 3379 1186 3519 1239; x_wconf 84' lang='grc' dir='ltr'>κατά</span> <span class='ocrx_word' id='word_1_200' title='bbox 3542 1185 3629 1238; x_wconf 88' lang='grc' dir='ltr'><strong>τοῦ</strong></span> <span class='ocrx_word' id='word_1_201' title='bbox 3680 1183 3792 1238; x_wconf 81' lang='grc' dir='ltr'>Υίοῦ</span> 
     </span>
    </p>
   </div>
   <div class='ocr_carea' id='block_1_28' title="bbox 2255 1274 3794 1349">
    <p class='ocr_par' dir='ltr' id='par_1_28' title="bbox 2255 1274 3794 1349">
     <span class='ocr_line' id='line_1_28' title="bbox 2255 1274 3794 1349; baseline -0.001 -22"><span class='ocrx_word' id='word_1_202' title='bbox 2255 1274 2344 1327; x_wconf 87' lang='grc' dir='ltr'><strong>τοῦ</strong></span> <span class='ocrx_word' id='word_1_203' title='bbox 2376 1274 2660 1345; x_wconf 83' lang='grc' dir='ltr'>ἀνθρώπου</span> <span class='ocrx_word' id='word_1_204' title='bbox 2710 1276 3079 1347; x_wconf 71' lang='grc' dir='ltr'><strong>βλασφημίαν,</strong></span> <span class='ocrx_word' id='word_1_205' title='bbox 3127 1278 3226 1348; x_wconf 78' lang='grc' dir='ltr'>τὴν</span> <span class='ocrx_word' id='word_1_206' title='bbox 3266 1278 3324 1330; x_wconf 86' lang='grc' dir='ltr'><strong>δὲ</strong></span> <span class='ocrx_word' id='word_1_207' title='bbox 3369 1275 3614 1349; x_wconf 76' lang='grc' dir='ltr'>περὶτοῦ</span> <span class='ocrx_word' id='word_1_208' title='bbox 3660 1275 3794 1343; x_wconf 76' lang='grc' dir='ltr'>ἁγίου</span> 
     </span>
    </p>
   </div>
   <div class='ocr_carea' id='block_1_29' title="bbox 2255 1365 3794 1441">
    <p class='ocr_par' dir='ltr' id='par_1_29' title="bbox 2255 1365 3794 1441">
     <span class='ocr_line' id='line_1_29' title="bbox 2255 1365 3794 1441; baseline -0.001 -20"><span class='ocrx_word' id='word_1_209' title='bbox 2255 1366 2569 1438; x_wconf 87' lang='grc' dir='ltr'>Πνεύματος</span> <span class='ocrx_word' id='word_1_210' title='bbox 2615 1368 2691 1441; x_wconf 76' lang='grc' dir='ltr'>μὴ</span> <span class='ocrx_word' id='word_1_211' title='bbox 2738 1368 3012 1439; x_wconf 73' lang='grc' dir='ltr'>ἀφίεσθαιο</span> <span class='ocrx_word' id='word_1_212' title='bbox 3060 1371 3235 1423; x_wconf 76' lang='grc' dir='ltr'>ἐκεῖνο</span> <span class='ocrx_word' id='word_1_213' title='bbox 3278 1369 3473 1441; x_wconf 81' lang='grc' dir='ltr'>δηλῶν,</span> <span class='ocrx_word' id='word_1_214' title='bbox 3512 1367 3682 1438; x_wconf 82' lang='grc' dir='ltr'>ὅτιτῷ</span> <span class='ocrx_word' id='word_1_215' title='bbox 3707 1365 3794 1420; x_wconf 68' lang='grc' dir='ltr'>κᾶν</span> 
     </span>
    </p>
   </div>
   <div class='ocr_carea' id='block_1_30' title="bbox 2252 1457 3797 1532">
    <p class='ocr_par' dir='ltr' id='par_1_30' title="bbox 2252 1457 3797 1532">
     <span class='ocr_line' id='line_1_30' title="bbox 2252 1457 3797 1532; baseline -0.002 -20"><span class='ocrx_word' id='word_1_216' title='bbox 2252 1458 2385 1529; x_wconf 88' lang='grc' dir='ltr'>γοῦν</span> <span class='ocrx_word' id='word_1_217' title='bbox 2421 1460 2518 1529; x_wconf 76' lang='grc' dir='ltr'><strong>ὀψέ</strong></span> <span class='ocrx_word' id='word_1_218' title='bbox 2564 1478 2695 1514; x_wconf 84' lang='grc' dir='ltr'>ποτε</span> <span class='ocrx_word' id='word_1_219' title='bbox 2736 1460 2812 1532; x_wconf 80' lang='grc' dir='ltr'>μὴ</span> <span class='ocrx_word' id='word_1_220' title='bbox 2871 1459 3223 1514; x_wconf 82' lang='grc' dir='ltr'><strong>πιστεύσαντι</strong></span> <span class='ocrx_word' id='word_1_221' title='bbox 3268 1462 3332 1513; x_wconf 83' lang='grc' dir='ltr'>ὲκ</span> <span class='ocrx_word' id='word_1_222' title='bbox 3392 1458 3486 1512; x_wconf 84' lang='grc' dir='ltr'><strong>τοῦ</strong></span> <span class='ocrx_word' id='word_1_223' title='bbox 3530 1457 3657 1511; x_wconf 82' lang='grc' dir='ltr'>Θεοῦ</span> <span class='ocrx_word' id='word_1_224' title='bbox 3699 1457 3797 1509; x_wconf 83' lang='grc' dir='ltr'>Πα-</span> 
     </span>
    </p>
   </div>
   <div class='ocr_carea' id='block_1_31' title="bbox 2254 1548 3796 1624">
    <p class='ocr_par' dir='ltr' id='par_1_31' title="bbox 2254 1548 3796 1624">
     <span class='ocr_line' id='line_1_31' title="bbox 2254 1548 3796 1624; baseline -0.005 -18"><span class='ocrx_word' id='word_1_225' title='bbox 2254 1552 2381 1624; x_wconf 77' lang='grc' dir='ltr'>τρὺς</span> <span class='ocrx_word' id='word_1_226' title='bbox 2432 1552 2731 1623; x_wconf 82' lang='grc' dir='ltr'>όμοουσίως</span> <span class='ocrx_word' id='word_1_227' title='bbox 2787 1552 2918 1606; x_wconf 80' lang='grc' dir='ltr'>αὐτὸ</span> <span class='ocrx_word' id='word_1_228' title='bbox 2955 1550 3411 1623; x_wconf 86' lang='grc' dir='ltr'>ὲκπεπορεῦσθαι·</span> <span class='ocrx_word' id='word_1_229' title='bbox 3452 1550 3529 1619; x_wconf 83' lang='grc' dir='ltr'>τῷ</span> <span class='ocrx_word' id='word_1_230' title='bbox 3561 1548 3663 1619; x_wconf 82' lang='grc' dir='ltr'><strong>γάρ</strong></span> <span class='ocrx_word' id='word_1_231' title='bbox 3693 1548 3796 1599; x_wconf 73' lang='grc' dir='ltr'>ἑπι-</span> 
     </span>
    </p>
   </div>
   <div class='ocr_carea' id='block_1_32' title="bbox 2260 1636 3797 1717">
    <p class='ocr_par' dir='ltr' id='par_1_32' title="bbox 2260 1636 3797 1717">
     <span class='ocr_line' id='line_1_32' title="bbox 2260 1636 3797 1717; baseline -0.003 -20"><span class='ocrx_word' id='word_1_232' title='bbox 2260 1644 2442 1712; x_wconf 88' lang='grc' dir='ltr'>γνόντι</span> <span class='ocrx_word' id='word_1_233' title='bbox 2525 1646 2766 1714; x_wconf 80' lang='grc' dir='ltr'>ἀφίεται.</span> <span class='ocrx_word' id='word_1_234' title='bbox 2828 1646 3000 1717; x_wconf 74' lang='grc' dir='ltr'>Φησὶν</span> <span class='ocrx_word' id='word_1_235' title='bbox 3069 1647 3197 1716; x_wconf 87' lang='grc' dir='ltr'>γάρ·</span> <span class='ocrx_word' id='word_1_236' title='bbox 3274 1645 3397 1697; x_wconf 71' lang='grc' dir='ltr'>Ἐπὶ</span> <span class='ocrx_word' id='word_1_237' title='bbox 3450 1642 3543 1696; x_wconf 91' lang='grc' dir='ltr'><strong>τοῦ</strong></span> <span class='ocrx_word' id='word_1_238' title='bbox 3594 1636 3797 1713; x_wconf 63' lang='grc'><strong>[1581)]</strong></span> 
     </span>
    </p>
   </div>
   <div class='ocr_carea' id='block_1_33' title="bbox 2256 1732 3798 1807">
    <p class='ocr_par' dir='ltr' id='par_1_33' title="bbox 2256 1732 3798 1807">
     <span class='ocr_line' id='line_1_33' title="bbox 2256 1732 3798 1807; baseline -0.004 -20"><span class='ocrx_word' id='word_1_239' title='bbox 2256 1735 2385 1788; x_wconf 85' lang='grc' dir='ltr'>Υίοῦ</span> <span class='ocrx_word' id='word_1_240' title='bbox 2436 1736 2687 1807; x_wconf 80' lang='grc' dir='ltr'>ἀφορμὴν</span> <span class='ocrx_word' id='word_1_241' title='bbox 2744 1735 2900 1805; x_wconf 88' lang='grc' dir='ltr'>γοῦν,</span> <span class='ocrx_word' id='word_1_242' title='bbox 2959 1737 3009 1789; x_wconf 82' lang='grc' dir='ltr'>εἰ</span> <span class='ocrx_word' id='word_1_243' title='bbox 3079 1737 3174 1790; x_wconf 77' lang='grc' dir='ltr'><strong>καὶ</strong></span> <span class='ocrx_word' id='word_1_244' title='bbox 3230 1735 3304 1807; x_wconf 75' lang='grc' dir='ltr'>μὴ</span> <span class='ocrx_word' id='word_1_245' title='bbox 3371 1734 3609 1803; x_wconf 79' lang='grc' dir='ltr'>εύλογον,</span> <span class='ocrx_word' id='word_1_246' title='bbox 3640 1732 3798 1801; x_wconf 78' lang='grc' dir='ltr'>ἔχουσι</span> 
     </span>
    </p>
   </div>
   <div class='ocr_carea' id='block_1_34' title="bbox 585 1806 2154 1901">
    <p class='ocr_par' dir='ltr' id='par_1_34' title="bbox 585 1819 2154 1891">
     <span class='ocr_line' id='line_1_34' title="bbox 585 1819 2154 1891; baseline -0.003 -15"><span class='ocrx_word' id='word_1_247' title='bbox 585 1823 710 1877; x_wconf 88' lang='lat' dir='ltr'><strong>dem</strong></span> <span class='ocrx_word' id='word_1_248' title='bbox 744 1822 1031 1891; x_wconf 85' lang='lat' dir='ltr'><strong>aliquando</strong></span> <span class='ocrx_word' id='word_1_249' title='bbox 1059 1837 1164 1875; x_wconf 92' lang='lat' dir='ltr'><strong>non</strong></span> <span class='ocrx_word' id='word_1_250' title='bbox 1194 1820 1502 1887; x_wconf 88' lang='lat' dir='ltr'><strong>crediderit,</strong></span> <span class='ocrx_word' id='word_1_251' title='bbox 1543 1820 1717 1890; x_wconf 90' lang='lat' dir='ltr'><strong>ipsum</strong></span> <span class='ocrx_word' id='word_1_252' title='bbox 1754 1837 1818 1876; x_wconf 79' lang='lat' dir='ltr'><strong>ex</strong></span> <span class='ocrx_word' id='word_1_253' title='bbox 1850 1820 1959 1874; x_wconf 89' lang='lat' dir='ltr'><strong>Deo</strong></span> <span class='ocrx_word' id='word_1_254' title='bbox 1998 1819 2154 1873; x_wconf 89' lang='lat' dir='ltr'><strong>Patre</strong></span> 
     </span>
    </p>
   </div>
   <div class='ocr_carea' id='block_1_35' title="bbox 2256 1806 3798 1901">
    <p class='ocr_par' dir='ltr' id='par_1_35' title="bbox 2256 1806 3798 1901">
     <span class='ocr_line' id='line_1_35' title="bbox 2256 1806 3798 1901; baseline -0.004 -22"><span class='ocrx_word' id='word_1_255' title='bbox 2256 1827 2323 1879; x_wconf 80' lang='grc' dir='ltr'>τὰ</span> <span class='ocrx_word' id='word_1_256' title='bbox 2350 1828 2476 1898; x_wconf 76' lang='grc' dir='ltr'>περὶ</span> <span class='ocrx_word' id='word_1_257' title='bbox 2506 1806 2604 1898; x_wconf 80' lang='grc' dir='ltr'>τῆς</span> <span class='ocrx_word' id='word_1_258' title='bbox 2639 1806 2917 1901; x_wconf 82' lang='grc' dir='ltr'>άφράστου</span> <span class='ocrx_word' id='word_1_259' title='bbox 2956 1806 3420 1898; x_wconf 81' lang='grc' dir='ltr'>ὲνανθρωπήσεως</span> <span class='ocrx_word' id='word_1_260' title='bbox 3470 1821 3798 1897; x_wconf 83' lang='grc' dir='ltr'>μικροπρεπῆ</span> 
     </span>
    </p>
   </div>
   <div class='ocr_carea' id='block_1_36' title="bbox 586 1912 2156 1981">
    <p class='ocr_par' dir='ltr' id='par_1_36' title="bbox 586 1912 2156 1981">
     <span class='ocr_line' id='line_1_36' title="bbox 586 1912 2156 1981; baseline -0.002 -13"><span class='ocrx_word' id='word_1_261' title='bbox 586 1912 1120 1969; x_wconf 82' lang='lat' dir='ltr'><strong>consubstantialiter</strong></span> <span class='ocrx_word' id='word_1_262' title='bbox 1172 1912 1551 1977; x_wconf 82' lang='lat' dir='ltr'><strong>processisse:</strong></span> <span class='ocrx_word' id='word_1_263' title='bbox 1602 1929 1723 1965; x_wconf 90' lang='lat' dir='ltr'><strong>nam</strong></span> <span class='ocrx_word' id='word_1_264' title='bbox 1770 1912 1851 1979; x_wconf 90' lang='lat' dir='ltr'><strong>ei,</strong></span> <span class='ocrx_word' id='word_1_265' title='bbox 1911 1912 1999 1981; x_wconf 79' lang='lat' dir='ltr'><strong>qui</strong></span> <span class='ocrx_word' id='word_1_266' title='bbox 2054 1912 2156 1965; x_wconf 82' lang='lat' dir='ltr'><strong>hoc</strong></span> 
     </span>
    </p>
   </div>
   <div class='ocr_carea' id='block_1_37' title="bbox 590 2006 2157 2075">
    <p class='ocr_par' dir='ltr' id='par_1_37' title="bbox 590 2006 2157 2075">
     <span class='ocr_line' id='line_1_37' title="bbox 590 2006 2157 2075; baseline -0.003 -14"><span class='ocrx_word' id='word_1_267' title='bbox 590 2007 830 2075; x_wconf 80' lang='lat' dir='ltr'><strong>agnovit,</strong></span> <span class='ocrx_word' id='word_1_268' title='bbox 879 2006 1190 2060; x_wconf 90' lang='lat' dir='ltr'><strong>remittitur.</strong></span> <span class='ocrx_word' id='word_1_269' title='bbox 1234 2006 1462 2061; x_wconf 88' lang='lat' dir='ltr'><strong>Perinde</strong></span> <span class='ocrx_word' id='word_1_270' title='bbox 1518 2007 1661 2061; x_wconf 90' lang='lat' dir='ltr'><strong>enim</strong></span> <span class='ocrx_word' id='word_1_271' title='bbox 1708 2015 1810 2069; x_wconf 90' lang='lat' dir='ltr'><strong>est,</strong></span> <span class='ocrx_word' id='word_1_272' title='bbox 1871 2021 1933 2059; x_wconf 93' lang='lat' dir='ltr'><strong>ac</strong></span> <span class='ocrx_word' id='word_1_273' title='bbox 1980 2006 2022 2060; x_wconf 93' lang='lat' dir='ltr'><strong>si</strong></span> <span class='ocrx_word' id='word_1_274' title='bbox 2076 2006 2157 2058; x_wconf 87' lang='lat' dir='ltr'><strong>di-</strong></span> 
     </span>
    </p>
   </div>
   <div class='ocr_carea' id='block_1_38' title="bbox 592 2097 2156 2167">
    <p class='ocr_par' dir='ltr' id='par_1_38' title="bbox 592 2097 2156 2167">
     <span class='ocr_line' id='line_1_38' title="bbox 592 2097 2156 2167; baseline -0.001 -14"><span class='ocrx_word' id='word_1_275' title='bbox 592 2106 739 2153; x_wconf 88' lang='lat' dir='ltr'><strong>ceret</strong></span> <span class='ocrx_word' id='word_1_276' title='bbox 790 2115 805 2151; x_wconf 88' lang='lat'><strong>:</strong></span> <span class='ocrx_word' id='word_1_277' title='bbox 868 2097 1020 2164; x_wconf 88' lang='lat' dir='ltr'><strong>Quod</strong></span> <span class='ocrx_word' id='word_1_278' title='bbox 1074 2106 1280 2165; x_wconf 82' lang='lat' dir='ltr'><strong>spectat</strong></span> <span class='ocrx_word' id='word_1_279' title='bbox 1338 2097 1551 2166; x_wconf 89' lang='lat' dir='ltr'><strong>quidem</strong></span> <span class='ocrx_word' id='word_1_280' title='bbox 1606 2097 1673 2150; x_wconf 92' lang='lat' dir='ltr'><strong>ad</strong></span> <span class='ocrx_word' id='word_1_281' title='bbox 1739 2098 1954 2158; x_wconf 79' lang='lat' dir='ltr'><strong>Filium,</strong></span> <span class='ocrx_word' id='word_1_282' title='bbox 2017 2114 2156 2167; x_wconf 72' lang='lat' dir='ltr'><strong>pne-</strong></span> 
     </span>
    </p>
   </div>
   <div class='ocr_carea' id='block_1_39' title="bbox 591 2188 2153 2258">
    <p class='ocr_par' dir='ltr' id='par_1_39' title="bbox 591 2188 2153 2258">
     <span class='ocr_line' id='line_1_39' title="bbox 591 2188 2153 2258; baseline -0.002 -16"><span class='ocrx_word' id='word_1_283' title='bbox 591 2198 793 2243; x_wconf 70' lang='lat' dir='ltr'><strong>textum</strong></span> <span class='ocrx_word' id='word_1_284' title='bbox 848 2188 1034 2241; x_wconf 82' lang='lat' dir='ltr'><strong>saltem</strong></span> <span class='ocrx_word' id='word_1_285' title='bbox 1064 2231 1077 2254; x_wconf 92' lang='lat'><strong>,</strong></span> <span class='ocrx_word' id='word_1_286' title='bbox 1120 2188 1218 2241; x_wconf 89' lang='lat' dir='ltr'><strong>etsi</strong></span> <span class='ocrx_word' id='word_1_287' title='bbox 1264 2204 1366 2241; x_wconf 93' lang='lat' dir='ltr'><strong>non</strong></span> <span class='ocrx_word' id='word_1_288' title='bbox 1416 2188 1807 2251; x_wconf 83' lang='lat' dir='ltr'><strong>rationabilem,</strong></span> <span class='ocrx_word' id='word_1_289' title='bbox 1850 2188 2012 2258; x_wconf 76' lang='lat'><strong>299</strong></span> <span class='ocrx_word' id='word_1_290' title='bbox 2055 2191 2153 2241; x_wconf 82' lang='lat' dir='ltr'><strong>ha-</strong></span> 
     </span>
    </p>
   </div>
   <div class='ocr_carea' id='block_1_40' title="bbox 586 2279 2158 2351">
    <p class='ocr_par' dir='ltr' id='par_1_40' title="bbox 586 2279 2158 2351">
     <span class='ocr_line' id='line_1_40' title="bbox 586 2279 2158 2351; baseline 0.001 -16"><span class='ocrx_word' id='word_1_291' title='bbox 586 2279 747 2344; x_wconf 89' lang='lat' dir='ltr'><strong>bent,</strong></span> <span class='ocrx_word' id='word_1_292' title='bbox 812 2296 1002 2349; x_wconf 90' lang='lat' dir='ltr'><strong>nempe</strong></span> <span class='ocrx_word' id='word_1_293' title='bbox 1059 2279 1277 2333; x_wconf 87' lang='lat' dir='ltr'><strong>humilia</strong></span> <span class='ocrx_word' id='word_1_294' title='bbox 1335 2279 1457 2343; x_wconf 84' lang='lat' dir='ltr'><strong>illa,</strong></span> <span class='ocrx_word' id='word_1_295' title='bbox 1515 2291 1672 2347; x_wconf 89' lang='lat' dir='ltr'><strong>atque</strong></span> <span class='ocrx_word' id='word_1_296' title='bbox 1726 2280 1970 2348; x_wconf 77' lang='lat' dir='ltr'><strong>abiecta,</strong></span> <span class='ocrx_word' id='word_1_297' title='bbox 2039 2298 2158 2351; x_wconf 68' lang='lat' dir='ltr'><strong>qua:</strong></span> 
     </span>
    </p>
   </div>
   <div class='ocr_carea' id='block_1_41' title="bbox 588 2370 2156 2441">
    <p class='ocr_par' dir='ltr' id='par_1_41' title="bbox 588 2370 2156 2441">
     <span class='ocr_line' id='line_1_41' title="bbox 588 2370 2156 2441; baseline -0.001 -14"><span class='ocrx_word' id='word_1_298' title='bbox 588 2372 656 2427; x_wconf 86' lang='lat' dir='ltr'><strong>do</strong></span> <span class='ocrx_word' id='word_1_299' title='bbox 704 2373 817 2441; x_wconf 89' lang='lat' dir='ltr'><strong>ipso</strong></span> <span class='ocrx_word' id='word_1_300' title='bbox 873 2372 1160 2435; x_wconf 88' lang='lat' dir='ltr'><strong>dicuntur,</strong></span> <span class='ocrx_word' id='word_1_301' title='bbox 1205 2385 1427 2440; x_wconf 72' lang='lat' dir='ltr'><strong>quaeque</strong></span> <span class='ocrx_word' id='word_1_302' title='bbox 1480 2372 1546 2425; x_wconf 89' lang='lat' dir='ltr'><strong>de</strong></span> <span class='ocrx_word' id='word_1_303' title='bbox 1606 2370 1859 2426; x_wconf 72' lang='lat' dir='ltr'><strong>ineffabili</strong></span> <span class='ocrx_word' id='word_1_304' title='bbox 1900 2371 2156 2425; x_wconf 89' lang='lat' dir='ltr'><strong>lncarna-</strong></span> 
     </span>
    </p>
   </div>
   <div class='ocr_carea' id='block_1_42' title="bbox 588 2461 2158 2533">
    <p class='ocr_par' dir='ltr' id='par_1_42' title="bbox 588 2461 2158 2533">
     <span class='ocr_line' id='line_1_42' title="bbox 588 2461 2158 2533; baseline -0.001 -15"><span class='ocrx_word' id='word_1_305' title='bbox 588 2466 732 2518; x_wconf 89' lang='lat' dir='ltr'><strong>tione</strong></span> <span class='ocrx_word' id='word_1_306' title='bbox 764 2463 1105 2533; x_wconf 82' lang='lat' dir='ltr'><strong>intelligenda</strong></span> <span class='ocrx_word' id='word_1_307' title='bbox 1135 2471 1277 2516; x_wconf 90' lang='lat' dir='ltr'><strong>sunt.</strong></span> <span class='ocrx_word' id='word_1_308' title='bbox 1304 2461 1456 2525; x_wconf 80' lang='lat' dir='ltr'><strong>Quod</strong></span> <span class='ocrx_word' id='word_1_309' title='bbox 1498 2476 1626 2515; x_wconf 79' lang='lat' dir='ltr'><strong>vero</strong></span> <span class='ocrx_word' id='word_1_310' title='bbox 1657 2470 1863 2531; x_wconf 91' lang='lat' dir='ltr'><strong>spectat</strong></span> <span class='ocrx_word' id='word_1_311' title='bbox 1895 2463 1958 2516; x_wconf 91' lang='lat' dir='ltr'><strong>ad</strong></span> <span class='ocrx_word' id='word_1_312' title='bbox 1987 2461 2158 2532; x_wconf 85' lang='lat' dir='ltr'><strong>Spiri-</strong></span> 
     </span>
    </p>
   </div>
   <div class='ocr_carea' id='block_1_43' title="bbox 590 2553 2157 2621">
    <p class='ocr_par' dir='ltr' id='par_1_43' title="bbox 590 2553 2157 2621">
     <span class='ocr_line' id='line_1_43' title="bbox 590 2553 2157 2621; baseline -0.001 -11"><span class='ocrx_word' id='word_1_313' title='bbox 590 2566 701 2611; x_wconf 91' lang='lat' dir='ltr'><strong>tum</strong></span> <span class='ocrx_word' id='word_1_314' title='bbox 732 2568 997 2621; x_wconf 89' lang='lat' dir='ltr'><strong>sanctum,</strong></span> <span class='ocrx_word' id='word_1_315' title='bbox 1040 2554 1240 2607; x_wconf 90' lang='lat' dir='ltr'><strong>nullam</strong></span> <span class='ocrx_word' id='word_1_316' title='bbox 1262 2555 1459 2608; x_wconf 88' lang='lat' dir='ltr'><strong>habent</strong></span> <span class='ocrx_word' id='word_1_317' title='bbox 1485 2554 1911 2608; x_wconf 85' lang='lat' dir='ltr'><strong>excusationem.</strong></span> <span class='ocrx_word' id='word_1_318' title='bbox 1953 2553 2157 2609; x_wconf 83' lang='lat' dir='ltr'><strong>Idcirco</strong></span> 
     </span>
    </p>
   </div>
   <div class='ocr_carea' id='block_1_44' title="bbox 587 2644 2155 2717">
    <p class='ocr_par' dir='ltr' id='par_1_44' title="bbox 587 2644 2155 2717">
     <span class='ocr_line' id='line_1_44' title="bbox 587 2644 2155 2717; baseline -0.003 -14"><span class='ocrx_word' id='word_1_319' title='bbox 587 2656 643 2703; x_wconf 95' lang='lat' dir='ltr'><strong>et</strong></span> <span class='ocrx_word' id='word_1_320' title='bbox 676 2646 953 2717; x_wconf 86' lang='lat' dir='ltr'><strong>Sapientia</strong></span> <span class='ocrx_word' id='word_1_321' title='bbox 980 2647 1214 2701; x_wconf 90' lang='lat' dir='ltr'><strong>divinum</strong></span> <span class='ocrx_word' id='word_1_322' title='bbox 1243 2644 1501 2714; x_wconf 90' lang='lat' dir='ltr'><strong>Spiritum</strong></span> <span class='ocrx_word' id='word_1_323' title='bbox 1536 2645 1697 2699; x_wconf 79' lang='lat' dir='ltr'><strong>Deum</strong></span> <span class='ocrx_word' id='word_1_324' title='bbox 1722 2658 1840 2699; x_wconf 91' lang='lat' dir='ltr'><strong>esse</strong></span> <span class='ocrx_word' id='word_1_325' title='bbox 1856 2644 2155 2710; x_wconf 89' lang='lat' dir='ltr'><strong>declarans,</strong></span> 
     </span>
    </p>
   </div>
   <div class='ocr_carea' id='block_1_45' title="bbox 588 2728 2158 2807">
    <p class='ocr_par' dir='ltr' id='par_1_45' title="bbox 588 2728 2158 2807">
     <span class='ocr_line' id='line_1_45' title="bbox 588 2728 2158 2807; baseline -0.002 -13"><span class='ocrx_word' id='word_1_326' title='bbox 588 2748 642 2794; x_wconf 91' lang='lat' dir='ltr'><strong>et</strong></span> <span class='ocrx_word' id='word_1_327' title='bbox 673 2738 789 2807; x_wconf 85' lang='lat' dir='ltr'><strong>ejus</strong></span> <span class='ocrx_word' id='word_1_328' title='bbox 830 2728 1045 2793; x_wconf 90' lang='lat' dir='ltr'><strong>nomine</strong></span> <span class='ocrx_word' id='word_1_329' title='bbox 1072 2738 1137 2791; x_wconf 91' lang='lat' dir='ltr'><strong>iis</strong></span> <span class='ocrx_word' id='word_1_330' title='bbox 1166 2736 1525 2797; x_wconf 90' lang='lat' dir='ltr'><strong>comminans,</strong></span> <span class='ocrx_word' id='word_1_331' title='bbox 1554 2737 1641 2806; x_wconf 89' lang='lat' dir='ltr'><strong>qni</strong></span> <span class='ocrx_word' id='word_1_332' title='bbox 1679 2736 1851 2805; x_wconf 91' lang='lat' dir='ltr'><strong>ipsum</strong></span> <span class='ocrx_word' id='word_1_333' title='bbox 1906 2737 2158 2806; x_wconf 85' lang='lat' dir='ltr'><strong>blasphe-</strong></span> 
     </span>
    </p>
   </div>
   <div class='ocr_carea' id='block_1_46' title="bbox 588 2826 2160 2899">
    <p class='ocr_par' dir='ltr' id='par_1_46' title="bbox 588 2826 2160 2899">
     <span class='ocr_line' id='line_1_46' title="bbox 588 2826 2160 2899; baseline -0.004 -13"><span class='ocrx_word' id='word_1_334' title='bbox 588 2840 760 2895; x_wconf 89' lang='lat' dir='ltr'><strong>mant,</strong></span> <span class='ocrx_word' id='word_1_335' title='bbox 788 2830 895 2884; x_wconf 87' lang='lat' dir='ltr'><strong>ait:</strong></span> <span class='ocrx_word' id='word_1_336' title='bbox 934 2846 953 2881; x_wconf 81' lang='grc' dir='ltr'><strong>ι</strong></span> <span class='ocrx_word' id='word_1_337' title='bbox 993 2828 1263 2899; x_wconf 87' lang='lat' dir='ltr'><strong>Benignus</strong></span> <span class='ocrx_word' id='word_1_338' title='bbox 1305 2826 1415 2899; x_wconf 85' lang='lat'><strong>(97)</strong></span> <span class='ocrx_word' id='word_1_339' title='bbox 1467 2837 1550 2883; x_wconf 89' lang='lat' dir='ltr'><strong>est</strong></span> <span class='ocrx_word' id='word_1_340' title='bbox 1606 2829 1748 2882; x_wconf 88' lang='lat' dir='ltr'><strong>enim</strong></span> <span class='ocrx_word' id='word_1_341' title='bbox 1799 2828 2033 2897; x_wconf 84' lang='lat' dir='ltr'><strong>Spiritus</strong></span> <span class='ocrx_word' id='word_1_342' title='bbox 2074 2844 2160 2882; x_wconf 86' lang='lat' dir='ltr'><strong>sa-</strong></span> 
     </span>
    </p>
   </div>
   <div class='ocr_carea' id='block_1_47' title="bbox 585 2920 2157 2995">
    <p class='ocr_par' dir='ltr' id='par_1_47' title="bbox 585 2920 2157 2995">
     <span class='ocr_line' id='line_1_47' title="bbox 585 2920 2157 2995; baseline -0.001 -17"><span class='ocrx_word' id='word_1_343' title='bbox 585 2925 823 2995; x_wconf 76' lang='lat' dir='ltr'><strong>pientize,</strong></span> <span class='ocrx_word' id='word_1_344' title='bbox 856 2932 911 2978; x_wconf 92' lang='lat' dir='ltr'><strong>et</strong></span> <span class='ocrx_word' id='word_1_345' title='bbox 937 2938 1041 2976; x_wconf 93' lang='lat' dir='ltr'><strong>non</strong></span> <span class='ocrx_word' id='word_1_346' title='bbox 1072 2921 1709 2991; x_wconf 88' lang='lat' dir='ltr'><strong>liberabitblasphemum</strong></span> <span class='ocrx_word' id='word_1_347' title='bbox 1736 2935 1765 2973; x_wconf 87' lang='lat' dir='ltr'><strong>a</strong></span> <span class='ocrx_word' id='word_1_348' title='bbox 1822 2920 1975 2974; x_wconf 90' lang='lat' dir='ltr'><strong>labiis</strong></span> <span class='ocrx_word' id='word_1_349' title='bbox 2012 2922 2157 2976; x_wconf 85' lang='lat' dir='ltr'><strong>suis:</strong></span> 
     </span>
    </p>
   </div>
   <div class='ocr_carea' id='block_1_48' title="bbox 2260 1912 3800 2010">
    <p class='ocr_par' dir='ltr' id='par_1_48' title="bbox 2260 1912 3800 2010">
     <span class='ocr_line' id='line_1_48' title="bbox 2260 1912 3800 2010; baseline -0.007 -35"><span class='ocrx_word' id='word_1_350' title='bbox 2260 1921 2512 1991; x_wconf 79' lang='grc' dir='ltr'>ρήματα’</span> <span class='ocrx_word' id='word_1_351' title='bbox 2562 1921 2691 2010; x_wconf 53' lang='lat' dir='ltr'><strong>map}</strong></span> <span class='ocrx_word' id='word_1_352' title='bbox 2734 1920 2793 1973; x_wconf 84' lang='grc' dir='ltr'><strong>δὲ</strong></span> <span class='ocrx_word' id='word_1_353' title='bbox 2838 1918 2932 1973; x_wconf 88' lang='grc' dir='ltr'><strong>τοῦ</strong></span> <span class='ocrx_word' id='word_1_354' title='bbox 2971 1919 3126 1987; x_wconf 82' lang='grc' dir='ltr'>ἁγίου</span> <span class='ocrx_word' id='word_1_355' title='bbox 3175 1919 3519 1987; x_wconf 81' lang='grc' dir='ltr'>Πνεύματος,</span> <span class='ocrx_word' id='word_1_356' title='bbox 3571 1912 3800 2010; x_wconf 59' lang='grc' dir='ltr'>οὑόεμίαν</span> 
     </span>
    </p>
   </div>
   <div class='ocr_carea' id='block_1_49' title="bbox 2257 2004 3804 2082">
    <p class='ocr_par' dir='ltr' id='par_1_49' title="bbox 2257 2004 3804 2082">
     <span class='ocr_line' id='line_1_49' title="bbox 2257 2004 3804 2082; baseline -0.005 -19"><span class='ocrx_word' id='word_1_357' title='bbox 2257 2012 2439 2082; x_wconf 77' lang='grc' dir='ltr'>ἔχουσι</span> <span class='ocrx_word' id='word_1_358' title='bbox 2476 2004 2689 2082; x_wconf 67' lang='grc' dir='ltr'>σκῆψιν.</span> <span class='ocrx_word' id='word_1_359' title='bbox 2713 2012 2801 2065; x_wconf 87' lang='grc' dir='ltr'><strong>Διὸ</strong></span> <span class='ocrx_word' id='word_1_360' title='bbox 2830 2014 2922 2065; x_wconf 71' lang='grc' dir='ltr'>καὶ</span> <span class='ocrx_word' id='word_1_361' title='bbox 2946 2016 2978 2082; x_wconf 79' lang='grc' dir='ltr'>ἡ</span> <span class='ocrx_word' id='word_1_362' title='bbox 3017 2011 3187 2080; x_wconf 90' lang='grc' dir='ltr'>Σοφία</span> <span class='ocrx_word' id='word_1_363' title='bbox 3214 2010 3540 2079; x_wconf 87' lang='grc' dir='ltr'>θεολογοῦσα</span> <span class='ocrx_word' id='word_1_364' title='bbox 3566 2008 3625 2060; x_wconf 81' lang='grc' dir='ltr'>τὸ</span> <span class='ocrx_word' id='word_1_365' title='bbox 3647 2004 3804 2059; x_wconf 72' lang='lat' dir='ltr'><strong>Bsibe</strong></span> 
     </span>
    </p>
   </div>
   <div class='ocr_carea' id='block_1_50' title="bbox 2258 2096 3805 2174">
    <p class='ocr_par' dir='ltr' id='par_1_50' title="bbox 2258 2096 3805 2174">
     <span class='ocr_line' id='line_1_50' title="bbox 2258 2096 3805 2174; baseline -0.002 -19"><span class='ocrx_word' id='word_1_366' title='bbox 2258 2102 2501 2174; x_wconf 73' lang='grc' dir='ltr'>Πνεῦμα,</span> <span class='ocrx_word' id='word_1_367' title='bbox 2538 2104 2631 2158; x_wconf 73' lang='grc' dir='ltr'>καὶ</span> <span class='ocrx_word' id='word_1_368' title='bbox 2668 2104 2763 2157; x_wconf 81' lang='grc' dir='ltr'><strong>ἀπ’</strong></span> <span class='ocrx_word' id='word_1_369' title='bbox 2800 2104 2964 2157; x_wconf 80' lang='grc' dir='ltr'>αὐτοῦ</span> <span class='ocrx_word' id='word_1_370' title='bbox 2999 2104 3295 2158; x_wconf 81' lang='grc' dir='ltr'><strong>ἀπειλοῦσα</strong></span> <span class='ocrx_word' id='word_1_371' title='bbox 3340 2106 3455 2166; x_wconf 87' lang='grc' dir='ltr'>τοῖς</span> <span class='ocrx_word' id='word_1_372' title='bbox 3484 2096 3805 2171; x_wconf 83' lang='grc' dir='ltr'>βλασφημοῦ·</span> 
     </span>
    </p>
   </div>
   <div class='ocr_carea' id='block_1_51' title="bbox 2260 2188 3806 2266">
    <p class='ocr_par' dir='ltr' id='par_1_51' title="bbox 2260 2188 3806 2266">
     <span class='ocr_line' id='line_1_51' title="bbox 2260 2188 3806 2266; baseline 0.003 -20"><span class='ocrx_word' id='word_1_373' title='bbox 2260 2211 2341 2247; x_wconf 91' lang='grc' dir='ltr'><strong>σιν</strong></span> <span class='ocrx_word' id='word_1_374' title='bbox 2370 2195 2521 2261; x_wconf 81' lang='grc' dir='ltr'>αὐτὸ,</span> <span class='ocrx_word' id='word_1_375' title='bbox 2552 2194 2727 2263; x_wconf 80' lang='grc' dir='ltr'>λέγει’</span> <span class='ocrx_word' id='word_1_376' title='bbox 2760 2214 2777 2245; x_wconf 82' lang='grc' dir='ltr'><strong>ι</strong></span> <span class='ocrx_word' id='word_1_377' title='bbox 2805 2194 3188 2266; x_wconf 81' lang='grc' dir='ltr'>Φιλάνθρωπον</span> <span class='ocrx_word' id='word_1_378' title='bbox 3223 2194 3331 2265; x_wconf 83' lang='grc' dir='ltr'><strong>γὰρ</strong></span> <span class='ocrx_word' id='word_1_379' title='bbox 3360 2190 3588 2262; x_wconf 79' lang='grc' dir='ltr'><strong>Πνεῦμα</strong></span> <span class='ocrx_word' id='word_1_380' title='bbox 3617 2188 3806 2257; x_wconf 73' lang='grc' dir='ltr'>σοφίας.</span> 
     </span>
    </p>
   </div>
   <div class='ocr_carea' id='block_1_52' title="bbox 2257 2279 3808 2356">
    <p class='ocr_par' dir='ltr' id='par_1_52' title="bbox 2257 2279 3808 2356">
     <span class='ocr_line' id='line_1_52' title="bbox 2257 2279 3808 2356; baseline -0.005 -19"><span class='ocrx_word' id='word_1_381' title='bbox 2257 2286 2350 2338; x_wconf 76' lang='grc' dir='ltr'>καὶ</span> <span class='ocrx_word' id='word_1_382' title='bbox 2384 2286 2483 2339; x_wconf 79' lang='grc' dir='ltr'><strong>οὐκ</strong></span> <span class='ocrx_word' id='word_1_383' title='bbox 2512 2284 2742 2339; x_wconf 85' lang='grc' dir='ltr'>άθοώσει</span> <span class='ocrx_word' id='word_1_384' title='bbox 2772 2286 3090 2356; x_wconf 75' lang='grc' dir='ltr'><strong>βλάσφημον</strong></span> <span class='ocrx_word' id='word_1_385' title='bbox 3126 2286 3234 2339; x_wconf 77' lang='grc' dir='ltr'><strong>ἀπὸ</strong></span> <span class='ocrx_word' id='word_1_386' title='bbox 3262 2284 3489 2355; x_wconf 79' lang='grc' dir='ltr'>χειλέων</span> <span class='ocrx_word' id='word_1_387' title='bbox 3531 2279 3707 2345; x_wconf 84' lang='grc' dir='ltr'>αὑτοῦ,</span> <span class='ocrx_word' id='word_1_388' title='bbox 3740 2279 3808 2331; x_wconf 84' lang='grc' dir='ltr'>ὃτι</span> 
     </span>
    </p>
   </div>
   <div class='ocr_carea' id='block_1_53' title="bbox 2256 2372 3810 2450">
    <p class='ocr_par' dir='ltr' id='par_1_53' title="bbox 2256 2372 3810 2450">
     <span class='ocr_line' id='line_1_53' title="bbox 2256 2372 3810 2450; baseline 0.003 -21"><span class='ocrx_word' id='word_1_389' title='bbox 2256 2378 2363 2433; x_wconf 80' lang='grc' dir='ltr'>τῶν</span> <span class='ocrx_word' id='word_1_390' title='bbox 2396 2378 2609 2448; x_wconf 78' lang='grc' dir='ltr'>νεφρῶν</span> <span class='ocrx_word' id='word_1_391' title='bbox 2642 2378 2804 2431; x_wconf 78' lang='grc' dir='ltr'>αὑτοῦ</span> <span class='ocrx_word' id='word_1_392' title='bbox 2837 2380 3045 2450; x_wconf 81' lang='grc' dir='ltr'>μάρτυς</span> <span class='ocrx_word' id='word_1_393' title='bbox 3077 2379 3105 2430; x_wconf 89' lang='grc' dir='ltr'><strong>ό</strong></span> <span class='ocrx_word' id='word_1_394' title='bbox 3140 2378 3293 2441; x_wconf 84' lang='grc' dir='ltr'>Θεὸς.</span> <span class='ocrx_word' id='word_1_395' title='bbox 3342 2377 3443 2429; x_wconf 73' lang='grc' dir='ltr'>καὶ</span> <span class='ocrx_word' id='word_1_396' title='bbox 3475 2376 3575 2446; x_wconf 81' lang='grc' dir='ltr'>τῆς</span> <span class='ocrx_word' id='word_1_397' title='bbox 3606 2372 3810 2442; x_wconf 81' lang='grc' dir='ltr'>καρδίας</span> 
     </span>
    </p>
   </div>
   <div class='ocr_carea' id='block_1_54' title="bbox 2258 2464 3811 2539">
    <p class='ocr_par' dir='ltr' id='par_1_54' title="bbox 2258 2464 3811 2539">
     <span class='ocr_line' id='line_1_54' title="bbox 2258 2464 3811 2539; baseline -0.005 -19"><span class='ocrx_word' id='word_1_398' title='bbox 2258 2467 2420 2520; x_wconf 77' lang='grc' dir='ltr'>αὑτοῦ</span> <span class='ocrx_word' id='word_1_399' title='bbox 2470 2469 2764 2532; x_wconf 77' lang='grc' dir='ltr'><strong>ἐπίσκοπος</strong></span> <span class='ocrx_word' id='word_1_400' title='bbox 2805 2469 3031 2539; x_wconf 82' lang='grc' dir='ltr'>ἀληθὴς,</span> <span class='ocrx_word' id='word_1_401' title='bbox 3078 2469 3171 2521; x_wconf 76' lang='grc' dir='ltr'><strong>καὶ</strong></span> <span class='ocrx_word' id='word_1_402' title='bbox 3210 2468 3310 2539; x_wconf 86' lang='grc' dir='ltr'>τῆς</span> <span class='ocrx_word' id='word_1_403' title='bbox 3364 2466 3621 2536; x_wconf 84' lang='grc' dir='ltr'>γλώσσης</span> <span class='ocrx_word' id='word_1_404' title='bbox 3672 2464 3811 2517; x_wconf 84' lang='grc' dir='ltr'>ἀκου-</span> 
     </span>
    </p>
   </div>
   <div class='ocr_carea' id='block_1_55' title="bbox 2259 2548 3813 2630">
    <p class='ocr_par' dir='ltr' id='par_1_55' title="bbox 2259 2548 3813 2630">
     <span class='ocr_line' id='line_1_55' title="bbox 2259 2548 3813 2630; baseline -0.012 -9"><span class='ocrx_word' id='word_1_405' title='bbox 2259 2559 2420 2629; x_wconf 78' lang='grc' dir='ltr'><strong>στής’</strong></span> <span class='ocrx_word' id='word_1_406' title='bbox 2455 2561 2537 2612; x_wconf 84' lang='grc' dir='ltr'>ὅτι</span> <span class='ocrx_word' id='word_1_407' title='bbox 2579 2558 2803 2629; x_wconf 79' lang='grc' dir='ltr'>Πνεῦμα</span> <span class='ocrx_word' id='word_1_408' title='bbox 2836 2560 3045 2630; x_wconf 82' lang='grc' dir='ltr'>Κυρίου</span> <span class='ocrx_word' id='word_1_409' title='bbox 3085 2558 3419 2629; x_wconf 81' lang='grc' dir='ltr'><strong>πεπλήρωκε</strong></span> <span class='ocrx_word' id='word_1_410' title='bbox 3449 2556 3548 2628; x_wconf 79' lang='grc' dir='ltr'>τὴν</span> <span class='ocrx_word' id='word_1_411' title='bbox 3587 2548 3813 2621; x_wconf 74' lang='grc' dir='ltr'>οἰκουμέ-</span> 
     </span>
    </p>
   </div>
   <div class='ocr_carea' id='block_1_56' title="bbox 2258 2644 3808 2719">
    <p class='ocr_par' dir='ltr' id='par_1_56' title="bbox 2258 2644 3808 2719">
     <span class='ocr_line' id='line_1_56' title="bbox 2258 2644 3808 2719; baseline 0.002 -18"><span class='ocrx_word' id='word_1_412' title='bbox 2258 2666 2374 2719; x_wconf 87' lang='grc' dir='ltr'>νην,</span> <span class='ocrx_word' id='word_1_413' title='bbox 2405 2650 2497 2701; x_wconf 75' lang='grc' dir='ltr'>καὶ</span> <span class='ocrx_word' id='word_1_414' title='bbox 2538 2648 2599 2702; x_wconf 83' lang='grc' dir='ltr'><strong>τὸ</strong></span> <span class='ocrx_word' id='word_1_415' title='bbox 2633 2650 2853 2719; x_wconf 73' lang='grc' dir='ltr'>συνέχον</span> <span class='ocrx_word' id='word_1_416' title='bbox 2878 2650 2946 2703; x_wconf 82' lang='grc' dir='ltr'>τὰ</span> <span class='ocrx_word' id='word_1_417' title='bbox 2975 2650 3172 2713; x_wconf 83' lang='grc' dir='ltr'>πάντα,</span> <span class='ocrx_word' id='word_1_418' title='bbox 3203 2649 3407 2718; x_wconf 79' lang='grc' dir='ltr'>γνῶσιν</span> <span class='ocrx_word' id='word_1_419' title='bbox 3441 2647 3557 2718; x_wconf 79' lang='grc' dir='ltr'>ἔχει</span> <span class='ocrx_word' id='word_1_420' title='bbox 3583 2644 3770 2715; x_wconf 81' lang='grc' dir='ltr'>φωνῆς·</span> <span class='ocrx_word' id='word_1_421' title='bbox 3792 2657 3808 2690; x_wconf 77' lang='grc'><em>³</em></span> 
     </span>
    </p>
   </div>
   <div class='ocr_carea' id='block_1_57' title="bbox 2259 2731 3813 2811">
    <p class='ocr_par' dir='ltr' id='par_1_57' title="bbox 2259 2731 3813 2811">
     <span class='ocr_line' id='line_1_57' title="bbox 2259 2731 3813 2811; baseline -0.006 -18"><span class='ocrx_word' id='word_1_422' title='bbox 2259 2742 2320 2794; x_wconf 83' lang='lat' dir='ltr'><strong>Ol</strong></span> <span class='ocrx_word' id='word_1_423' title='bbox 2353 2739 2461 2809; x_wconf 84' lang='grc' dir='ltr'><strong>γάρ</strong></span> <span class='ocrx_word' id='word_1_424' title='bbox 2486 2743 2551 2811; x_wconf 77' lang='grc' dir='ltr'>τῇ</span> <span class='ocrx_word' id='word_1_425' title='bbox 2578 2740 2791 2811; x_wconf 86' lang='grc' dir='ltr'>θεότητι</span> <span class='ocrx_word' id='word_1_426' title='bbox 2825 2741 2990 2794; x_wconf 83' lang='grc' dir='ltr'>αὐτοῦ</span> <span class='ocrx_word' id='word_1_427' title='bbox 3023 2739 3400 2802; x_wconf 83' lang='grc' dir='ltr'>ἀπιστοῦντες,</span> <span class='ocrx_word' id='word_1_428' title='bbox 3431 2738 3579 2792; x_wconf 82' lang='grc' dir='ltr'>καθὰ</span> <span class='ocrx_word' id='word_1_429' title='bbox 3609 2739 3636 2790; x_wconf 85' lang='grc' dir='ltr'><strong>ό</strong></span> <span class='ocrx_word' id='word_1_430' title='bbox 3675 2731 3813 2787; x_wconf 80' lang='grc' dir='ltr'>Ἀπόο</span> 
     </span>
    </p>
   </div>
   <div class='ocr_carea' id='block_1_58' title="bbox 2261 2823 3816 2899">
    <p class='ocr_par' dir='ltr' id='par_1_58' title="bbox 2261 2823 3816 2899">
     <span class='ocr_line' id='line_1_58' title="bbox 2261 2823 3816 2899; baseline -0.005 -18"><span class='ocrx_word' id='word_1_431' title='bbox 2261 2828 2443 2892; x_wconf 88' lang='grc' dir='ltr'>στολος</span> <span class='ocrx_word' id='word_1_432' title='bbox 2481 2829 2729 2899; x_wconf 78' lang='grc' dir='ltr'><strong>Τιμοθέῳ</strong></span> <span class='ocrx_word' id='word_1_433' title='bbox 2771 2829 2829 2880; x_wconf 82' lang='grc' dir='ltr'>ὲν</span> <span class='ocrx_word' id='word_1_434' title='bbox 2899 2832 2966 2899; x_wconf 84' lang='grc' dir='ltr'><strong>τῇ</strong></span> <span class='ocrx_word' id='word_1_435' title='bbox 3018 2835 3065 2881; x_wconf 89' lang='grc' dir='ltr'>α’</span> <span class='ocrx_word' id='word_1_436' title='bbox 3116 2828 3317 2899; x_wconf 85' lang='grc' dir='ltr'>γράφει</span> <span class='ocrx_word' id='word_1_437' title='bbox 3376 2826 3701 2894; x_wconf 77' lang='grc' dir='ltr'>Ἐπιστολῇ,</span> <span class='ocrx_word' id='word_1_438' title='bbox 3729 2823 3816 2888; x_wconf 83' lang='grc' dir='ltr'><strong>ἀφ-</strong></span> 
     </span>
    </p>
   </div>
   <div class='ocr_carea' id='block_1_59' title="bbox 2259 2911 3815 2992">
    <p class='ocr_par' dir='ltr' id='par_1_59' title="bbox 2259 2911 3815 2992">
     <span class='ocr_line' id='line_1_59' title="bbox 2259 2911 3815 2992; baseline -0.005 -17"><span class='ocrx_word' id='word_1_439' title='bbox 2259 2922 2614 2992; x_wconf 86' lang='grc' dir='ltr'>ομοιωθέντες</span> <span class='ocrx_word' id='word_1_440' title='bbox 2656 2920 2929 2991; x_wconf 84' lang='grc' dir='ltr'>Ὑμεναίῳ</span> <span class='ocrx_word' id='word_1_441' title='bbox 2960 2921 3055 2973; x_wconf 87' lang='grc' dir='ltr'>κα¹ι</span> <span class='ocrx_word' id='word_1_442' title='bbox 3094 2918 3451 2990; x_wconf 81' lang='grc' dir='ltr'>Ἀλεξάνδρῳ,</span> <span class='ocrx_word' id='word_1_443' title='bbox 3510 2936 3528 2969; x_wconf 82' lang='grc' dir='ltr'><strong>ι</strong></span> <span class='ocrx_word' id='word_1_444' title='bbox 3556 2916 3681 2985; x_wconf 81' lang='grc' dir='ltr'>περὶ</span> <span class='ocrx_word' id='word_1_445' title='bbox 3732 2911 3815 2981; x_wconf 81' lang='grc' dir='ltr'>τὴν</span> 
     </span>
    </p>
   </div>
   <div class='ocr_carea' id='block_1_60' title="bbox 586 3004 2154 3081">
    <p class='ocr_par' dir='ltr' id='par_1_60' title="bbox 586 3009 2154 3081">
     <span class='ocr_line' id='line_1_60' title="bbox 586 3009 2154 3081; baseline -0.001 -16"><span class='ocrx_word' id='word_1_446' title='bbox 586 3012 835 3081; x_wconf 90' lang='lat' dir='ltr'><strong>quoniam</strong></span> <span class='ocrx_word' id='word_1_447' title='bbox 859 3025 1047 3064; x_wconf 91' lang='lat' dir='ltr'><strong>renum</strong></span> <span class='ocrx_word' id='word_1_448' title='bbox 1084 3009 1230 3064; x_wconf 90' lang='lat' dir='ltr'><strong>illius</strong></span> <span class='ocrx_word' id='word_1_449' title='bbox 1263 3009 1418 3064; x_wconf 89' lang='lat' dir='ltr'><strong>testis</strong></span> <span class='ocrx_word' id='word_1_450' title='bbox 1447 3019 1529 3063; x_wconf 90' lang='lat' dir='ltr'><strong>est</strong></span> <span class='ocrx_word' id='word_1_451' title='bbox 1557 3009 1714 3073; x_wconf 86' lang='lat' dir='ltr'><strong>Deus,</strong></span> <span class='ocrx_word' id='word_1_452' title='bbox 1761 3020 1816 3065; x_wconf 92' lang='lat' dir='ltr'><strong>et</strong></span> <span class='ocrx_word' id='word_1_453' title='bbox 1864 3012 2045 3065; x_wconf 88' lang='lat' dir='ltr'><strong>cordis</strong></span> <span class='ocrx_word' id='word_1_454' title='bbox 2091 3010 2154 3065; x_wconf 91' lang='lat' dir='ltr'><strong>il-</strong></span> 
     </span>
    </p>
   </div>
   <div class='ocr_carea' id='block_1_61' title="bbox 2256 3004 3819 3081">
    <p class='ocr_par' dir='ltr' id='par_1_61' title="bbox 2262 3004 3819 3081">
     <span class='ocr_line' id='line_1_61' title="bbox 2262 3004 3819 3081; baseline -0.005 -16"><span class='ocrx_word' id='word_1_455' title='bbox 2262 3012 2442 3065; x_wconf 88' lang='grc' dir='ltr'>πίστιν</span> <span class='ocrx_word' id='word_1_456' title='bbox 2471 3012 2834 3081; x_wconf 76' lang='grc' dir='ltr'>ἐναυάγησαν,</span> <span class='ocrx_word' id='word_1_457' title='bbox 2868 3011 2961 3063; x_wconf 60' lang='grc' dir='ltr'><strong>καὶ⁹</strong></span> <span class='ocrx_word' id='word_1_458' title='bbox 2991 3010 3363 3079; x_wconf 82' lang='grc' dir='ltr'>παρεδόθησαν</span> <span class='ocrx_word' id='word_1_459' title='bbox 3397 3008 3481 3080; x_wconf 82' lang='grc' dir='ltr'>τῷ</span> <span class='ocrx_word' id='word_1_460' title='bbox 3513 3006 3722 3076; x_wconf 83' lang='grc' dir='ltr'>Σατανᾷ</span> <span class='ocrx_word' id='word_1_461' title='bbox 3745 3004 3819 3057; x_wconf 83' lang='grc' dir='ltr'>ἶνα</span> 
     </span>
    </p>
   </div>
   <div class='ocr_carea' id='block_1_62' title="bbox 584 3092 2154 3173">
    <p class='ocr_par' dir='ltr' id='par_1_62' title="bbox 584 3100 2154 3171">
     <span class='ocr_line' id='line_1_62' title="bbox 584 3100 2154 3171; baseline -0.001 -16"><span class='ocrx_word' id='word_1_462' title='bbox 584 3101 687 3155; x_wconf 89' lang='lat' dir='ltr'><strong>lius</strong></span> <span class='ocrx_word' id='word_1_463' title='bbox 721 3101 993 3170; x_wconf 82' lang='lat' dir='ltr'><strong>inspector</strong></span> <span class='ocrx_word' id='word_1_464' title='bbox 1016 3107 1100 3153; x_wconf 89' lang='lat' dir='ltr'><strong>est</strong></span> <span class='ocrx_word' id='word_1_465' title='bbox 1145 3114 1326 3166; x_wconf 90' lang='lat' dir='ltr'><strong>verus,</strong></span> <span class='ocrx_word' id='word_1_466' title='bbox 1374 3109 1428 3154; x_wconf 91' lang='lat' dir='ltr'><strong>et</strong></span> <span class='ocrx_word' id='word_1_467' title='bbox 1478 3100 1675 3169; x_wconf 74' lang='lat' dir='ltr'><strong>lingua:</strong></span> <span class='ocrx_word' id='word_1_468' title='bbox 1727 3100 1974 3156; x_wconf 89' lang='lat' dir='ltr'><strong>auditor:</strong></span> <span class='ocrx_word' id='word_1_469' title='bbox 2023 3118 2154 3171; x_wconf 85' lang='lat' dir='ltr'><strong>quo.</strong></span> 
     </span>
    </p>
   </div>
   <div class='ocr_carea' id='block_1_63' title="bbox 2256 3092 3819 3173">
    <p class='ocr_par' dir='ltr' id='par_1_63' title="bbox 2271 3092 3819 3173">
     <span class='ocr_line' id='line_1_63' title="bbox 2271 3092 3819 3173; baseline -0.007 -17"><span class='ocrx_word' id='word_1_470' title='bbox 2271 3102 2594 3156; x_wconf 85' lang='grc' dir='ltr'>παιδευθῶσι</span> <span class='ocrx_word' id='word_1_471' title='bbox 2661 3102 2733 3173; x_wconf 84' lang='grc' dir='ltr'>μὴ</span> <span class='ocrx_word' id='word_1_472' title='bbox 2770 3101 3128 3172; x_wconf 85' lang='grc' dir='ltr'>βλασφημεῖν.</span> <span class='ocrx_word' id='word_1_473' title='bbox 3157 3120 3175 3151; x_wconf 72' lang='grc' dir='ltr'><strong>ι</strong></span> <span class='ocrx_word' id='word_1_474' title='bbox 3214 3099 3458 3163; x_wconf 76' lang='grc' dir='ltr'><strong>Εἰκότως</strong></span> <span class='ocrx_word' id='word_1_475' title='bbox 3478 3118 3492 3130; x_wconf 92' lang='grc'><strong>·</strong></span> <span class='ocrx_word' id='word_1_476' title='bbox 3525 3099 3699 3153; x_wconf 80' lang='grc' dir='ltr'>αἴσιον</span> <span class='ocrx_word' id='word_1_477' title='bbox 3726 3092 3819 3163; x_wconf 79' lang='grc' dir='ltr'>γὰρ</span> 
     </span>
    </p>
   </div>
   <div class='ocr_carea' id='block_1_64' title="bbox 585 3162 2154 3263">
    <p class='ocr_par' dir='ltr' id='par_1_64' title="bbox 585 3191 2154 3262">
     <span class='ocr_line' id='line_1_64' title="bbox 585 3191 2154 3262; baseline 0.001 -14"><span class='ocrx_word' id='word_1_478' title='bbox 585 3193 728 3248; x_wconf 91' lang='lat' dir='ltr'><strong>niam</strong></span> <span class='ocrx_word' id='word_1_479' title='bbox 770 3191 1001 3261; x_wconf 87' lang='lat' dir='ltr'><strong>Spiritus</strong></span> <span class='ocrx_word' id='word_1_480' title='bbox 1020 3192 1229 3247; x_wconf 90' lang='lat' dir='ltr'><strong>Domini</strong></span> <span class='ocrx_word' id='word_1_481' title='bbox 1262 3191 1489 3262; x_wconf 85' lang='lat' dir='ltr'><strong>replevit</strong></span> <span class='ocrx_word' id='word_1_482' title='bbox 1530 3194 1715 3246; x_wconf 85' lang='lat' dir='ltr'><strong>Orbem</strong></span> <span class='ocrx_word' id='word_1_483' title='bbox 1756 3202 2042 3259; x_wconf 89' lang='lat' dir='ltr'><strong>terrarum,</strong></span> <span class='ocrx_word' id='word_1_484' title='bbox 2099 3204 2154 3250; x_wconf 92' lang='lat' dir='ltr'><strong>et</strong></span> 
     </span>
    </p>
   </div>
   <div class='ocr_carea' id='block_1_65' title="bbox 2256 3162 3821 3263">
    <p class='ocr_par' dir='ltr' id='par_1_65' title="bbox 2268 3162 3821 3263">
     <span class='ocr_line' id='line_1_65' title="bbox 2268 3162 3821 3263; baseline -0.01 -13"><span class='ocrx_word' id='word_1_485' title='bbox 2268 3196 2448 3258; x_wconf 80' lang='grc' dir='ltr'>αὐτοῖς</span> <span class='ocrx_word' id='word_1_486' title='bbox 2470 3194 2531 3247; x_wconf 79' lang='grc' dir='ltr'>τὸ</span> <span class='ocrx_word' id='word_1_487' title='bbox 2559 3162 3139 3263; x_wconf 43' lang='grc' dir='ltr'>ἆγιόνΠνεῦμαΙπνεῖν</span> <span class='ocrx_word' id='word_1_488' title='bbox 3172 3193 3272 3245; x_wconf 77' lang='grc' dir='ltr'>οὐκ</span> <span class='ocrx_word' id='word_1_489' title='bbox 3301 3190 3601 3261; x_wconf 73' lang='grc' dir='ltr'>ἠθέλησαν,</span> <span class='ocrx_word' id='word_1_490' title='bbox 3627 3187 3717 3241; x_wconf 75' lang='grc' dir='ltr'>καὶ</span> <span class='ocrx_word' id='word_1_491' title='bbox 3740 3162 3821 3253; x_wconf 79' lang='grc' dir='ltr'>τὴν</span> 
     </span>
    </p>
   </div>
   <div class='ocr_carea' id='block_1_66' title="bbox 586 3277 2154 3356">
    <p class='ocr_par' dir='ltr' id='par_1_66' title="bbox 586 3282 2147 3354">
     <span class='ocr_line' id='line_1_66' title="bbox 586 3282 2147 3354; baseline 0.001 -16"><span class='ocrx_word' id='word_1_492' title='bbox 586 3285 689 3338; x_wconf 88' lang='lat' dir='ltr'><strong>hoc</strong></span> <span class='ocrx_word' id='word_1_493' title='bbox 721 3285 861 3354; x_wconf 90' lang='lat' dir='ltr'><strong>quod</strong></span> <span class='ocrx_word' id='word_1_494' title='bbox 884 3283 1123 3337; x_wconf 88' lang='lat' dir='ltr'><strong>continet</strong></span> <span class='ocrx_word' id='word_1_495' title='bbox 1152 3283 1353 3349; x_wconf 89' lang='lat' dir='ltr'><strong>omnia,</strong></span> <span class='ocrx_word' id='word_1_496' title='bbox 1397 3283 1680 3339; x_wconf 90' lang='lat' dir='ltr'><strong>scientiam</strong></span> <span class='ocrx_word' id='word_1_497' title='bbox 1718 3282 1879 3339; x_wconf 90' lang='lat' dir='ltr'><strong>habet</strong></span> <span class='ocrx_word' id='word_1_498' title='bbox 1911 3286 2077 3341; x_wconf 83' lang='lat' dir='ltr'><strong>vocis.</strong></span> <span class='ocrx_word' id='word_1_499' title='bbox 2128 3305 2147 3339; x_wconf 75' lang='grc' dir='ltr'><strong>ι</strong></span> 
     </span>
    </p>
   </div>
   <div class='ocr_carea' id='block_1_67' title="bbox 2256 3277 3821 3356">
    <p class='ocr_par' dir='ltr' id='par_1_67' title="bbox 2256 3277 3821 3356">
     <span class='ocr_line' id='line_1_67' title="bbox 2256 3277 3821 3356; baseline -0.006 -17"><span class='ocrx_word' id='word_1_500' title='bbox 2256 3286 2434 3356; x_wconf 79' lang='grc' dir='ltr'>πάσης</span> <span class='ocrx_word' id='word_1_501' title='bbox 2459 3284 2708 3354; x_wconf 83' lang='grc' dir='ltr'>ἀγκύρας</span> <span class='ocrx_word' id='word_1_502' title='bbox 2737 3282 3087 3354; x_wconf 76' lang='grc' dir='ltr'>βεϐαιοτέραν</span> <span class='ocrx_word' id='word_1_503' title='bbox 3116 3281 3418 3351; x_wconf 76' lang='grc' dir='ltr'>ἐπίλαμψιν</span> <span class='ocrx_word' id='word_1_504' title='bbox 3444 3279 3615 3334; x_wconf 78' lang='grc' dir='ltr'>αὐτοῦ</span> <span class='ocrx_word' id='word_1_505' title='bbox 3644 3277 3821 3347; x_wconf 70' lang='grc' dir='ltr'>ἠθέτη-</span> 
     </span>
    </p>
   </div>
   <div class='ocr_carea' id='block_1_68' title="bbox 583 3366 2154 3445">
    <p class='ocr_par' dir='ltr' id='par_1_68' title="bbox 583 3373 2154 3445">
     <span class='ocr_line' id='line_1_68' title="bbox 583 3373 2154 3445; baseline 0.001 -16"><span class='ocrx_word' id='word_1_506' title='bbox 583 3373 720 3430; x_wconf 83' lang='lat' dir='ltr'><strong>Nam</strong></span> <span class='ocrx_word' id='word_1_507' title='bbox 748 3376 838 3445; x_wconf 84' lang='lat' dir='ltr'><strong>qui</strong></span> <span class='ocrx_word' id='word_1_508' title='bbox 867 3374 1045 3429; x_wconf 88' lang='lat' dir='ltr'><strong>deitati</strong></span> <span class='ocrx_word' id='word_1_509' title='bbox 1087 3375 1202 3444; x_wconf 74' lang='lat' dir='ltr'><strong>ejus</strong></span> <span class='ocrx_word' id='word_1_510' title='bbox 1232 3389 1336 3429; x_wconf 91' lang='lat' dir='ltr'><strong>non</strong></span> <span class='ocrx_word' id='word_1_511' title='bbox 1379 3374 1624 3438; x_wconf 88' lang='lat' dir='ltr'><strong>credunt,</strong></span> <span class='ocrx_word' id='word_1_512' title='bbox 1681 3376 1820 3429; x_wconf 92' lang='lat' dir='ltr'><strong>sicut</strong></span> <span class='ocrx_word' id='word_1_513' title='bbox 1870 3376 2154 3444; x_wconf 75' lang='lat' dir='ltr'><strong>Apostolus</strong></span> 
     </span>
    </p>
   </div>
   <div class='ocr_carea' id='block_1_69' title="bbox 2256 3366 3825 3445">
    <p class='ocr_par' dir='ltr' id='par_1_69' title="bbox 2257 3366 3825 3443">
     <span class='ocr_line' id='line_1_69' title="bbox 2257 3366 3825 3443; baseline -0.008 -16"><span class='ocrx_word' id='word_1_514' title='bbox 2257 3392 2375 3437; x_wconf 88' lang='grc' dir='ltr'>σαν,</span> <span class='ocrx_word' id='word_1_515' title='bbox 2413 3374 2506 3427; x_wconf 79' lang='grc' dir='ltr'>καὶ</span> <span class='ocrx_word' id='word_1_516' title='bbox 2554 3374 2697 3443; x_wconf 75' lang='grc' dir='ltr'>ἔχειν</span> <span class='ocrx_word' id='word_1_517' title='bbox 2742 3373 2907 3427; x_wconf 86' lang='grc' dir='ltr'>αὐτοῦ</span> <span class='ocrx_word' id='word_1_518' title='bbox 2951 3390 3010 3426; x_wconf 91' lang='grc' dir='ltr'><strong>τε</strong></span> <span class='ocrx_word' id='word_1_519' title='bbox 3054 3373 3149 3426; x_wconf 79' lang='grc' dir='ltr'>καὶ</span> <span class='ocrx_word' id='word_1_520' title='bbox 3198 3370 3292 3425; x_wconf 87' lang='grc' dir='ltr'><strong>τοῦ</strong></span> <span class='ocrx_word' id='word_1_521' title='bbox 3336 3370 3585 3443; x_wconf 76' lang='grc' dir='ltr'>Χριστοῦ</span> <span class='ocrx_word' id='word_1_522' title='bbox 3633 3366 3825 3421; x_wconf 85' lang='grc' dir='ltr'>τελείαν</span> 
     </span>
    </p>
   </div>
   <div class='ocr_carea' id='block_1_70' title="bbox 586 3456 2154 3537">
    <p class='ocr_par' dir='ltr' id='par_1_70' title="bbox 586 3465 2154 3536">
     <span class='ocr_line' id='line_1_70' title="bbox 586 3465 2154 3536; baseline -0.001 -14"><span class='ocrx_word' id='word_1_523' title='bbox 586 3469 652 3522; x_wconf 87' lang='lat' dir='ltr'><strong>ad</strong></span> <span class='ocrx_word' id='word_1_524' title='bbox 686 3467 1023 3522; x_wconf 89' lang='lat' dir='ltr'><strong>Timotheum</strong></span> <span class='ocrx_word' id='word_1_525' title='bbox 1050 3468 1102 3521; x_wconf 92' lang='lat' dir='ltr'><strong>in</strong></span> <span class='ocrx_word' id='word_1_526' title='bbox 1136 3467 1308 3536; x_wconf 88' lang='lat' dir='ltr'><strong>prima</strong></span> <span class='ocrx_word' id='word_1_527' title='bbox 1341 3466 1530 3521; x_wconf 86' lang='lat' dir='ltr'><strong>scribit</strong></span> <span class='ocrx_word' id='word_1_528' title='bbox 1568 3465 1827 3535; x_wconf 85' lang='lat' dir='ltr'><strong>Epistola,</strong></span> <span class='ocrx_word' id='word_1_529' title='bbox 1876 3466 2154 3521; x_wconf 90' lang='lat' dir='ltr'><strong>assimilati</strong></span> 
     </span>
    </p>
   </div>
   <div class='ocr_carea' id='block_1_71' title="bbox 2256 3456 3824 3537">
    <p class='ocr_par' dir='ltr' id='par_1_71' title="bbox 2256 3456 3824 3537">
     <span class='ocr_line' id='line_1_71' title="bbox 2256 3456 3824 3537; baseline -0.004 -20"><span class='ocrx_word' id='word_1_530' title='bbox 2256 3466 2353 3537; x_wconf 84' lang='grc' dir='ltr'>τὴν</span> <span class='ocrx_word' id='word_1_531' title='bbox 2390 3465 2717 3535; x_wconf 76' lang='grc' dir='ltr'>κυὸἐρνησιν</span> <span class='ocrx_word' id='word_1_532' title='bbox 2753 3466 2853 3518; x_wconf 83' lang='grc' dir='ltr'>οὐκ</span> <span class='ocrx_word' id='word_1_533' title='bbox 2892 3465 3204 3535; x_wconf 75' lang='grc' dir='ltr'>ἠνέσχοντο,</span> <span class='ocrx_word' id='word_1_534' title='bbox 3232 3464 3331 3533; x_wconf 66' lang='grc' dir='ltr'>τῆς</span> <span class='ocrx_word' id='word_1_535' title='bbox 3369 3460 3714 3534; x_wconf 84' lang='grc' dir='ltr'>θεοπρεποῦς</span> <span class='ocrx_word' id='word_1_536' title='bbox 3742 3456 3824 3511; x_wconf 76' lang='grc' dir='ltr'>καὶ</span> 
     </span>
    </p>
   </div>
   <div class='ocr_carea' id='block_1_72' title="bbox 586 3547 2154 3631">
    <p class='ocr_par' dir='ltr' id='par_1_72' title="bbox 586 3557 2151 3631">
     <span class='ocr_line' id='line_1_72' title="bbox 586 3557 2151 3631; baseline -0.004 -15"><span class='ocrx_word' id='word_1_537' title='bbox 586 3560 873 3630; x_wconf 73' lang='lat' dir='ltr'><strong>Hymenaeo</strong></span> <span class='ocrx_word' id='word_1_538' title='bbox 900 3560 1033 3631; x_wconf 88' lang='lat'><strong>(98),</strong></span> <span class='ocrx_word' id='word_1_539' title='bbox 1065 3570 1118 3614; x_wconf 84' lang='lat' dir='ltr'><strong>et</strong></span> <span class='ocrx_word' id='word_1_540' title='bbox 1148 3558 1473 3626; x_wconf 82' lang='lat' dir='ltr'><strong>Alexandro,</strong></span> <span class='ocrx_word' id='word_1_541' title='bbox 1520 3576 1539 3610; x_wconf 79' lang='grc' dir='ltr'><strong>ι</strong></span> <span class='ocrx_word' id='word_1_542' title='bbox 1584 3558 1726 3613; x_wconf 89' lang='lat' dir='ltr'><strong>circa</strong></span> <span class='ocrx_word' id='word_1_543' title='bbox 1755 3557 1911 3613; x_wconf 80' lang='lat' dir='ltr'><strong>ﬁdem</strong></span> <span class='ocrx_word' id='word_1_544' title='bbox 1933 3558 2151 3612; x_wconf 80' lang='lat' dir='ltr'><strong>naufra-</strong></span> 
     </span>
    </p>
   </div>
   <div class='ocr_carea' id='block_1_73' title="bbox 2256 3547 3823 3631">
    <p class='ocr_par' dir='ltr' id='par_1_73' title="bbox 2256 3547 3823 3627">
     <span class='ocr_line' id='line_1_73' title="bbox 2256 3547 3823 3627; baseline 0 -19"><span class='ocrx_word' id='word_1_545' title='bbox 2256 3557 2497 3627; x_wconf 85' lang='grc' dir='ltr'>ἰσοτίμου</span> <span class='ocrx_word' id='word_1_546' title='bbox 2540 3557 2699 3627; x_wconf 80' lang='grc' dir='ltr'>δόξης</span> <span class='ocrx_word' id='word_1_547' title='bbox 2739 3557 2966 3620; x_wconf 74' lang='grc' dir='ltr'>ἑαυτοὺς</span> <span class='ocrx_word' id='word_1_548' title='bbox 3015 3559 3399 3627; x_wconf 76' lang='grc' dir='ltr'>στερήσαντες,</span> <span class='ocrx_word' id='word_1_549' title='bbox 3459 3553 3576 3608; x_wconf 80' lang='grc' dir='ltr'><strong>Καὶ</strong></span> <span class='ocrx_word' id='word_1_550' title='bbox 3606 3552 3732 3622; x_wconf 80' lang='grc' dir='ltr'>γὰρ.</span> <span class='ocrx_word' id='word_1_551' title='bbox 3760 3547 3823 3608; x_wconf 84' lang='grc' dir='ltr'><strong>ὡς</strong></span> 
     </span>
    </p>
   </div>
   <div class='ocr_carea' id='block_1_74' title="bbox 584 3637 2154 3722">
    <p class='ocr_par' dir='ltr' id='par_1_74' title="bbox 584 3649 2149 3722">
     <span class='ocr_line' id='line_1_74' title="bbox 584 3649 2149 3722; baseline -0.003 -15"><span class='ocrx_word' id='word_1_552' title='bbox 584 3660 862 3722; x_wconf 86' lang='lat' dir='ltr'><strong>gaverunt,</strong></span> <span class='ocrx_word' id='word_1_553' title='bbox 896 3662 952 3707; x_wconf 90' lang='lat' dir='ltr'><strong>et</strong></span> <span class='ocrx_word' id='word_1_554' title='bbox 976 3652 1162 3706; x_wconf 87' lang='lat' dir='ltr'><strong>traditi</strong></span> <span class='ocrx_word' id='word_1_555' title='bbox 1192 3661 1319 3707; x_wconf 90' lang='lat' dir='ltr'><strong>sunt</strong></span> <span class='ocrx_word' id='word_1_556' title='bbox 1345 3649 1584 3714; x_wconf 63' lang='lat' dir='ltr'><strong>Satanae,</strong></span> <span class='ocrx_word' id='word_1_557' title='bbox 1623 3659 1683 3703; x_wconf 92' lang='lat' dir='ltr'><strong>ut</strong></span> <span class='ocrx_word' id='word_1_558' title='bbox 1732 3650 2001 3704; x_wconf 80' lang='lat' dir='ltr'><strong>discerent</strong></span> <span class='ocrx_word' id='word_1_559' title='bbox 2044 3666 2149 3704; x_wconf 92' lang='lat' dir='ltr'><strong>non</strong></span> 
     </span>
    </p>
   </div>
   <div class='ocr_carea' id='block_1_75' title="bbox 2256 3637 3825 3722">
    <p class='ocr_par' dir='ltr' id='par_1_75' title="bbox 2256 3637 3825 3720">
     <span class='ocr_line' id='line_1_75' title="bbox 2256 3637 3825 3720; baseline -0.006 -18"><span class='ocrx_word' id='word_1_560' title='bbox 2256 3651 2308 3700; x_wconf 80' lang='grc' dir='ltr'>ὲν</span> <span class='ocrx_word' id='word_1_561' title='bbox 2337 3650 2401 3720; x_wconf 76' lang='grc' dir='ltr'><strong>τῇ</strong></span> <span class='ocrx_word' id='word_1_562' title='bbox 2444 3654 2491 3700; x_wconf 83' lang='grc' dir='ltr'>α’</span> <span class='ocrx_word' id='word_1_563' title='bbox 2519 3647 2626 3701; x_wconf 85' lang='grc' dir='ltr'><strong>τῶν</strong></span> <span class='ocrx_word' id='word_1_564' title='bbox 2651 3648 2945 3702; x_wconf 87' lang='grc' dir='ltr'>Βασιλειῶν</span> <span class='ocrx_word' id='word_1_565' title='bbox 2974 3649 3185 3719; x_wconf 71' lang='grc' dir='ltr'>εἴρηται</span> <span class='ocrx_word' id='word_1_566' title='bbox 3212 3646 3364 3717; x_wconf 81' lang='grc' dir='ltr'>παρὰ</span> <span class='ocrx_word' id='word_1_567' title='bbox 3396 3646 3495 3698; x_wconf 90' lang='grc' dir='ltr'><strong>τοῦ</strong></span> <span class='ocrx_word' id='word_1_568' title='bbox 3526 3643 3693 3703; x_wconf 74' lang='grc' dir='ltr'><strong>Είλὶ,‹</strong></span> <span class='ocrx_word' id='word_1_569' title='bbox 3716 3637 3825 3691; x_wconf 81' lang='grc' dir='ltr'><strong>Ἐὰν</strong></span> 
     </span>
    </p>
   </div>
   <div class='ocr_carea' id='block_1_76' title="bbox 583 3728 2154 3813">
    <p class='ocr_par' dir='ltr' id='par_1_76' title="bbox 583 3739 2147 3813">
     <span class='ocr_line' id='line_1_76' title="bbox 583 3739 2147 3813; baseline -0.004 -14"><span class='ocrx_word' id='word_1_570' title='bbox 583 3742 980 3813; x_wconf 73' lang='lat' dir='ltr'><strong>blasphemare.</strong></span> <span class='ocrx_word' id='word_1_571' title='bbox 1025 3761 1043 3794; x_wconf 73' lang='grc' dir='ltr'><strong>ι</strong></span> <span class='ocrx_word' id='word_1_572' title='bbox 1081 3742 1147 3796; x_wconf 86' lang='lat' dir='ltr'><strong>Et</strong></span> <span class='ocrx_word' id='word_1_573' title='bbox 1191 3742 1382 3796; x_wconf 87' lang='lat' dir='ltr'><strong>merito</strong></span> <span class='ocrx_word' id='word_1_574' title='bbox 1428 3742 1679 3810; x_wconf 85' lang='lat' dir='ltr'><strong>quidem:</strong></span> <span class='ocrx_word' id='word_1_575' title='bbox 1720 3756 1843 3794; x_wconf 90' lang='lat' dir='ltr'><strong>nam</strong></span> <span class='ocrx_word' id='word_1_576' title='bbox 1889 3739 2147 3810; x_wconf 88' lang='lat' dir='ltr'><strong>Spiritum</strong></span> 
     </span>
    </p>
   </div>
   <div class='ocr_carea' id='block_1_77' title="bbox 2256 3728 3823 3813">
    <p class='ocr_par' dir='ltr' id='par_1_77' title="bbox 2256 3728 3823 3813">
     <span class='ocr_line' id='line_1_77' title="bbox 2256 3728 3823 3813; baseline -0.011 -15"><span class='ocrx_word' id='word_1_577' title='bbox 2256 3739 2472 3813; x_wconf 77' lang='grc' dir='ltr'>ἁμάρτῃ</span> <span class='ocrx_word' id='word_1_578' title='bbox 2506 3741 2644 3811; x_wconf 73' lang='grc' dir='ltr'>ἀνὴρ</span> <span class='ocrx_word' id='word_1_579' title='bbox 2675 3744 2754 3804; x_wconf 79' lang='grc' dir='ltr'><strong>εἰς</strong></span> <span class='ocrx_word' id='word_1_580' title='bbox 2788 3741 2977 3811; x_wconf 78' lang='grc' dir='ltr'>ἄνδρα,</span> <span class='ocrx_word' id='word_1_581' title='bbox 3018 3741 3111 3793; x_wconf 80' lang='grc' dir='ltr'>καὶ</span> <span class='ocrx_word' id='word_1_582' title='bbox 3147 3737 3544 3811; x_wconf 81' lang='grc' dir='ltr'>προσεύξονται</span> <span class='ocrx_word' id='word_1_583' title='bbox 3574 3732 3702 3805; x_wconf 69' lang='grc' dir='ltr'>περὶ</span> <span class='ocrx_word' id='word_1_584' title='bbox 3725 3728 3823 3783; x_wconf 73' lang='grc' dir='ltr'><strong>αὓ-</strong></span> 
     </span>
    </p>
   </div>
   <div class='ocr_carea' id='block_1_78' title="bbox 585 3820 2154 3903">
    <p class='ocr_par' dir='ltr' id='par_1_78' title="bbox 585 3830 2146 3901">
     <span class='ocr_line' id='line_1_78' title="bbox 585 3830 2146 3901; baseline -0.003 -14"><span class='ocrx_word' id='word_1_585' title='bbox 585 3839 830 3887; x_wconf 90' lang='lat' dir='ltr'><strong>sanctum</strong></span> <span class='ocrx_word' id='word_1_586' title='bbox 856 3832 982 3900; x_wconf 88' lang='lat' dir='ltr'><strong>ipsis</strong></span> <span class='ocrx_word' id='word_1_587' title='bbox 1010 3844 1324 3901; x_wconf 88' lang='lat' dir='ltr'><strong>prosperum</strong></span> <span class='ocrx_word' id='word_1_588' title='bbox 1348 3830 1479 3884; x_wconf 84' lang='lat' dir='ltr'><strong>ﬂare</strong></span> <span class='ocrx_word' id='word_1_589' title='bbox 1511 3830 1819 3893; x_wconf 87' lang='lat' dir='ltr'><strong>noluerunt,</strong></span> <span class='ocrx_word' id='word_1_590' title='bbox 1852 3839 1907 3884; x_wconf 89' lang='lat' dir='ltr'><strong>et</strong></span> <span class='ocrx_word' id='word_1_591' title='bbox 1935 3830 2051 3899; x_wconf 85' lang='lat' dir='ltr'><strong>ejus</strong></span> <span class='ocrx_word' id='word_1_592' title='bbox 2081 3831 2146 3883; x_wconf 87' lang='lat' dir='ltr'><strong>il-</strong></span> 
     </span>
    </p>
   </div>
   <div class='ocr_carea' id='block_1_79' title="bbox 2256 3820 3824 3903">
    <p class='ocr_par' dir='ltr' id='par_1_79' title="bbox 2258 3820 3824 3903">
     <span class='ocr_line' id='line_1_79' title="bbox 2258 3820 3824 3903; baseline 0 -22"><span class='ocrx_word' id='word_1_593' title='bbox 2258 3830 2351 3882; x_wconf 88' lang='grc' dir='ltr'><strong>τοῦ</strong></span> <span class='ocrx_word' id='word_1_594' title='bbox 2378 3831 2513 3900; x_wconf 80' lang='grc' dir='ltr'>πρὸς</span> <span class='ocrx_word' id='word_1_595' title='bbox 2538 3832 2625 3883; x_wconf 76' lang='grc' dir='ltr'><strong>τὸν</strong></span> <span class='ocrx_word' id='word_1_596' title='bbox 2663 3831 2867 3903; x_wconf 81' lang='grc' dir='ltr'>Κύριον</span> <span class='ocrx_word' id='word_1_597' title='bbox 2886 3848 2899 3862; x_wconf 88' lang='grc'><strong>·</strong></span> <span class='ocrx_word' id='word_1_598' title='bbox 2942 3831 3035 3885; x_wconf 75' lang='grc' dir='ltr'>ἐὰν</span> <span class='ocrx_word' id='word_1_599' title='bbox 3065 3831 3121 3884; x_wconf 81' lang='grc' dir='ltr'><strong>δὲ</strong></span> <span class='ocrx_word' id='word_1_600' title='bbox 3148 3829 3226 3899; x_wconf 80' lang='grc' dir='ltr'>τῷ</span> <span class='ocrx_word' id='word_1_601' title='bbox 3253 3830 3444 3900; x_wconf 78' lang='grc' dir='ltr'>Κυρίῳ</span> <span class='ocrx_word' id='word_1_602' title='bbox 3480 3828 3722 3900; x_wconf 76' lang='grc' dir='ltr'>ἁμάρτῃ,</span> <span class='ocrx_word' id='word_1_603' title='bbox 3751 3820 3824 3881; x_wconf 81' lang='grc' dir='ltr'><strong>τίς</strong></span> 
     </span>
    </p>
   </div>
   <div class='ocr_carea' id='block_1_80' title="bbox 584 3911 2154 3994">
    <p class='ocr_par' dir='ltr' id='par_1_80' title="bbox 584 3918 2152 3989">
     <span class='ocr_line' id='line_1_80' title="bbox 584 3918 2152 3989; baseline 0.001 -16"><span class='ocrx_word' id='word_1_604' title='bbox 584 3918 986 3979; x_wconf 89' lang='lat' dir='ltr'><strong>luminationem</strong></span> <span class='ocrx_word' id='word_1_605' title='bbox 1040 3920 1184 3976; x_wconf 87' lang='lat' dir='ltr'><strong>omni</strong></span> <span class='ocrx_word' id='word_1_606' title='bbox 1224 3920 1457 3974; x_wconf 84' lang='lat' dir='ltr'><strong>anchora</strong></span> <span class='ocrx_word' id='word_1_607' title='bbox 1490 3919 1782 3974; x_wconf 81' lang='lat' dir='ltr'><strong>ﬁrmiorem</strong></span> <span class='ocrx_word' id='word_1_608' title='bbox 1816 3929 2152 3989; x_wconf 87' lang='lat' dir='ltr'><strong>spreverunt,</strong></span> 
     </span>
    </p>
   </div>
   <div class='ocr_carea' id='block_1_81' title="bbox 2256 3911 3823 3994">
    <p class='ocr_par' dir='ltr' id='par_1_81' title="bbox 2258 3911 3823 3994">
     <span class='ocr_line' id='line_1_81' title="bbox 2258 3911 3823 3994; baseline -0.004 -21"><span class='ocrx_word' id='word_1_609' title='bbox 2258 3921 2614 3992; x_wconf 78' lang='grc' dir='ltr'>προσεύξεται</span> <span class='ocrx_word' id='word_1_610' title='bbox 2644 3924 2769 3994; x_wconf 50' lang='grc' dir='ltr'><strong>περὶ⁵</strong></span> <span class='ocrx_word' id='word_1_611' title='bbox 2802 3923 3001 3987; x_wconf 86' lang='grc' dir='ltr'>αὐτοῦ;</span> <span class='ocrx_word' id='word_1_612' title='bbox 3031 3942 3049 3974; x_wconf 72' lang='grc' dir='ltr'><strong>ι</strong></span> <span class='ocrx_word' id='word_1_613' title='bbox 3099 3923 3157 3976; x_wconf 90' lang='lat'><strong>&#39;0</strong></span> <span class='ocrx_word' id='word_1_614' title='bbox 3184 3923 3241 3977; x_wconf 82' lang='grc' dir='ltr'><strong>δὲ</strong></span> <span class='ocrx_word' id='word_1_615' title='bbox 3284 3941 3301 3975; x_wconf 80' lang='grc' dir='ltr'><strong>ι</strong></span> <span class='ocrx_word' id='word_1_616' title='bbox 3323 3922 3541 3994; x_wconf 80' lang='grc' dir='ltr'>Κύριος</span> <span class='ocrx_word' id='word_1_617' title='bbox 3568 3919 3630 3973; x_wconf 75' lang='grc' dir='ltr'>τὸ</span> <span class='ocrx_word' id='word_1_618' title='bbox 3670 3911 3823 3970; x_wconf 76' lang='grc' dir='ltr'>Πνιῦ-</span> 
     </span>
    </p>
   </div>
   <div class='ocr_carea' id='block_1_82' title="bbox 578 4007 2154 4087">
    <p class='ocr_par' dir='ltr' id='par_1_82' title="bbox 578 4007 2153 4080">
     <span class='ocr_line' id='line_1_82' title="bbox 578 4007 2153 4080; baseline -0.004 -13"><span class='ocrx_word' id='word_1_619' title='bbox 578 4022 639 4067; x_wconf 86' lang='lat' dir='ltr'><strong>et</strong></span> <span class='ocrx_word' id='word_1_620' title='bbox 671 4010 959 4080; x_wconf 81' lang='lat' dir='ltr'><strong>perfectam</strong></span> <span class='ocrx_word' id='word_1_621' title='bbox 998 4007 1136 4078; x_wconf 77' lang='lat' dir='ltr'><strong>ejus,</strong></span> <span class='ocrx_word' id='word_1_622' title='bbox 1194 4017 1247 4063; x_wconf 93' lang='lat' dir='ltr'><strong>et</strong></span> <span class='ocrx_word' id='word_1_623' title='bbox 1300 4007 1501 4062; x_wconf 87' lang='lat' dir='ltr'><strong>Christi</strong></span> <span class='ocrx_word' id='word_1_624' title='bbox 1554 4008 2004 4078; x_wconf 75' lang='lat' dir='ltr'><strong>gubernationem</strong></span> <span class='ocrx_word' id='word_1_625' title='bbox 2067 4023 2153 4061; x_wconf 84' lang='lat' dir='ltr'><strong>re-</strong></span> 
     </span>
    </p>
   </div>
   <div class='ocr_carea' id='block_1_83' title="bbox 2256 4007 3200 4087">
    <p class='ocr_par' dir='ltr' id='par_1_83' title="bbox 2259 4011 3200 4087">
     <span class='ocr_line' id='line_1_83' title="bbox 2259 4011 3200 4087; baseline 0.003 -24"><span class='ocrx_word' id='word_1_626' title='bbox 2259 4011 2335 4082; x_wconf 92' lang='grc' dir='ltr'><strong>μά</strong></span> <span class='ocrx_word' id='word_1_627' title='bbox 2372 4012 2541 4075; x_wconf 77' lang='grc' dir='ltr'>ἐστιν,</span> <span class='ocrx_word' id='word_1_628' title='bbox 2566 4032 2584 4065; x_wconf 78' lang='grc' dir='ltr'><strong>ι</strong></span> <span class='ocrx_word' id='word_1_629' title='bbox 2625 4014 2700 4077; x_wconf 86' lang='grc' dir='ltr'>ὼς</span> <span class='ocrx_word' id='word_1_630' title='bbox 2738 4014 2941 4087; x_wconf 70' lang='grc' dir='ltr'>ἔγραψε</span> <span class='ocrx_word' id='word_1_631' title='bbox 2972 4014 3200 4077; x_wconf 85' lang='grc' dir='ltr'>Παῦλος.</span> 
     </span>
    </p>
   </div>
   <div class='ocr_carea' id='block_1_84' title="bbox 583 4098 3826 4174">
    <p class='ocr_par' dir='ltr' id='par_1_84' title="bbox 583 4098 3826 4174">
     <span class='ocr_line' id='line_1_84' title="bbox 583 4098 3826 4174; baseline -0.002 -16"><span class='ocrx_word' id='word_1_632' title='bbox 583 4110 870 4173; x_wconf 86' lang='lat' dir='ltr'><strong>spuerunt,</strong></span> <span class='ocrx_word' id='word_1_633' title='bbox 900 4101 1215 4167; x_wconf 90' lang='lat' dir='ltr'><strong>semetipsos</strong></span> <span class='ocrx_word' id='word_1_634' title='bbox 1247 4113 1313 4154; x_wconf 91' lang='lat' dir='ltr'><strong>eo</strong></span> <span class='ocrx_word' id='word_1_635' title='bbox 1356 4098 1763 4168; x_wconf 83' lang='lat' dir='ltr'><strong>gloriﬁcationis</strong></span> <span class='ocrx_word' id='word_1_636' title='bbox 1805 4102 2002 4169; x_wconf 88' lang='lat' dir='ltr'><strong>hymno</strong></span> <span class='ocrx_word' id='word_1_637' title='bbox 2049 4099 2345 4167; x_wconf 85' lang='lat' dir='ltr'><strong>privantes,</strong></span> <span class='ocrx_word' id='word_1_638' title='bbox 2408 4104 2499 4173; x_wconf 93' lang='lat' dir='ltr'><strong>qui</strong></span> <span class='ocrx_word' id='word_1_639' title='bbox 2576 4106 2682 4161; x_wconf 89' lang='lat' dir='ltr'><strong>Deo</strong></span> <span class='ocrx_word' id='word_1_640' title='bbox 2743 4108 3068 4160; x_wconf 85' lang='lat' dir='ltr'><strong>conveniens</strong></span> <span class='ocrx_word' id='word_1_641' title='bbox 3098 4114 3199 4169; x_wconf 92' lang='lat' dir='ltr'><strong>est,</strong></span> <span class='ocrx_word' id='word_1_642' title='bbox 3229 4113 3283 4159; x_wconf 90' lang='lat' dir='ltr'><strong>et</strong></span> <span class='ocrx_word' id='word_1_643' title='bbox 3301 4104 3678 4174; x_wconf 61' lang='lat' dir='ltr'><strong>aequalitatem</strong></span> <span class='ocrx_word' id='word_1_644' title='bbox 3719 4110 3826 4152; x_wconf 86' lang='lat' dir='ltr'><strong>ser-</strong></span> 
     </span>
    </p>
   </div>
   <div class='ocr_carea' id='block_1_85' title="bbox 583 4189 3827 4267">
    <p class='ocr_par' dir='ltr' id='par_1_85' title="bbox 583 4189 3827 4267">
     <span class='ocr_line' id='line_1_85' title="bbox 583 4189 3827 4267; baseline -0.001 -18"><span class='ocrx_word' id='word_1_645' title='bbox 583 4205 676 4249; x_wconf 87' lang='lat' dir='ltr'><strong>vat</strong></span> <span class='ocrx_word' id='word_1_646' title='bbox 700 4207 1075 4263; x_wconf 86' lang='lat' dir='ltr'><strong>personarum.</strong></span> <span class='ocrx_word' id='word_1_647' title='bbox 1111 4190 1242 4245; x_wconf 86' lang='lat' dir='ltr'><strong>Nam</strong></span> <span class='ocrx_word' id='word_1_648' title='bbox 1262 4194 1402 4246; x_wconf 88' lang='lat' dir='ltr'><strong>sicut</strong></span> <span class='ocrx_word' id='word_1_649' title='bbox 1428 4192 1479 4245; x_wconf 93' lang='lat' dir='ltr'><strong>in</strong></span> <span class='ocrx_word' id='word_1_650' title='bbox 1520 4192 1693 4259; x_wconf 91' lang='lat' dir='ltr'><strong>primo</strong></span> <span class='ocrx_word' id='word_1_651' title='bbox 1745 4190 2051 4260; x_wconf 84' lang='lat' dir='ltr'><strong>Regnorum</strong></span> <span class='ocrx_word' id='word_1_652' title='bbox 2101 4190 2239 4246; x_wconf 93' lang='lat' dir='ltr'><strong>libro</strong></span> <span class='ocrx_word' id='word_1_653' title='bbox 2305 4193 2414 4264; x_wconf 88' lang='lat'><strong>(99)</strong></span> <span class='ocrx_word' id='word_1_654' title='bbox 2470 4196 2671 4250; x_wconf 86' lang='lat' dir='ltr'><strong>dictum</strong></span> <span class='ocrx_word' id='word_1_655' title='bbox 2709 4206 2792 4251; x_wconf 91' lang='lat' dir='ltr'><strong>est</strong></span> <span class='ocrx_word' id='word_1_656' title='bbox 2840 4197 2907 4251; x_wconf 90' lang='lat' dir='ltr'><strong>ab</strong></span> <span class='ocrx_word' id='word_1_657' title='bbox 2954 4196 3071 4251; x_wconf 81' lang='lat' dir='ltr'><strong>Heli</strong></span> <span class='ocrx_word' id='word_1_658' title='bbox 3103 4196 3211 4267; x_wconf 78' lang='lat' dir='ltr'><strong>(l):</strong></span> <span class='ocrx_word' id='word_1_659' title='bbox 3249 4214 3267 4247; x_wconf 81' lang='grc' dir='ltr'><strong>ι</strong></span> <span class='ocrx_word' id='word_1_660' title='bbox 3304 4195 3360 4249; x_wconf 92' lang='lat' dir='ltr'><strong>Si</strong></span> <span class='ocrx_word' id='word_1_661' title='bbox 3407 4193 3725 4266; x_wconf 87' lang='lat' dir='ltr'><strong>peccaverit</strong></span> <span class='ocrx_word' id='word_1_662' title='bbox 3756 4189 3827 4261; x_wconf 66' lang='grc' dir='ltr'><strong>(ἲ)</strong></span> 
     </span>
    </p>
   </div>
   <div class='ocr_carea' id='block_1_86' title="bbox 581 4280 3828 4358">
    <p class='ocr_par' dir='ltr' id='par_1_86' title="bbox 581 4280 3828 4358">
     <span class='ocr_line' id='line_1_86' title="bbox 581 4280 3828 4358; baseline -0.002 -17"><span class='ocrx_word' id='word_1_663' title='bbox 581 4288 667 4341; x_wconf 82' lang='lat' dir='ltr'><strong>vir</strong></span> <span class='ocrx_word' id='word_1_664' title='bbox 697 4286 747 4339; x_wconf 93' lang='lat' dir='ltr'><strong>in</strong></span> <span class='ocrx_word' id='word_1_665' title='bbox 768 4286 967 4345; x_wconf 83' lang='lat' dir='ltr'><strong>virum,</strong></span> <span class='ocrx_word' id='word_1_666' title='bbox 999 4292 1055 4336; x_wconf 86' lang='lat' dir='ltr'><strong>et</strong></span> <span class='ocrx_word' id='word_1_667' title='bbox 1086 4281 1318 4335; x_wconf 89' lang='lat' dir='ltr'><strong>orabunt</strong></span> <span class='ocrx_word' id='word_1_668' title='bbox 1368 4296 1463 4348; x_wconf 91' lang='lat' dir='ltr'><strong>pro</strong></span> <span class='ocrx_word' id='word_1_669' title='bbox 1514 4295 1579 4336; x_wconf 87' lang='lat' dir='ltr'><strong>eo</strong></span> <span class='ocrx_word' id='word_1_670' title='bbox 1625 4280 1693 4333; x_wconf 88' lang='lat' dir='ltr'><strong>ad</strong></span> <span class='ocrx_word' id='word_1_671' title='bbox 1735 4280 2057 4336; x_wconf 89' lang='lat' dir='ltr'><strong>Dominum:</strong></span> <span class='ocrx_word' id='word_1_672' title='bbox 2109 4281 2154 4336; x_wconf 91' lang='lat' dir='ltr'><strong>si</strong></span> <span class='ocrx_word' id='word_1_673' title='bbox 2195 4294 2372 4339; x_wconf 83' lang='lat' dir='ltr'><strong>autem</strong></span> <span class='ocrx_word' id='word_1_674' title='bbox 2401 4286 2628 4341; x_wconf 92' lang='lat' dir='ltr'><strong>Domino</strong></span> <span class='ocrx_word' id='word_1_675' title='bbox 2658 4288 2983 4356; x_wconf 84' lang='lat' dir='ltr'><strong>peccaverit,</strong></span> <span class='ocrx_word' id='word_1_676' title='bbox 3024 4288 3144 4358; x_wconf 87' lang='lat' dir='ltr'><strong>quis</strong></span> <span class='ocrx_word' id='word_1_677' title='bbox 3194 4286 3372 4342; x_wconf 90' lang='lat' dir='ltr'><strong>orabit</strong></span> <span class='ocrx_word' id='word_1_678' title='bbox 3411 4303 3519 4358; x_wconf 89' lang='lat' dir='ltr'><strong>pro</strong></span> <span class='ocrx_word' id='word_1_679' title='bbox 3575 4287 3679 4345; x_wconf 83' lang='lat' dir='ltr'><strong>eo?</strong></span> <span class='ocrx_word' id='word_1_680' title='bbox 3711 4304 3730 4338; x_wconf 71' lang='grc' dir='ltr'><strong>ι</strong></span> <span class='ocrx_word' id='word_1_681' title='bbox 3771 4285 3828 4337; x_wconf 73' lang='lat' dir='ltr'><strong>At</strong></span> 
     </span>
    </p>
   </div>
   <div class='ocr_carea' id='block_1_87' title="bbox 574 4369 2038 4445">
    <p class='ocr_par' dir='ltr' id='par_1_87' title="bbox 574 4369 2038 4445">
     <span class='ocr_line' id='line_1_87' title="bbox 574 4369 2038 4445; baseline -0.004 -15"><span class='ocrx_word' id='word_1_682' title='bbox 574 4395 608 4430; x_wconf 63' lang='grc'><strong><em>4</em></strong></span> <span class='ocrx_word' id='word_1_683' title='bbox 636 4376 895 4432; x_wconf 82' lang='lat' dir='ltr'><strong>Dominus</strong></span> <span class='ocrx_word' id='word_1_684' title='bbox 920 4374 995 4445; x_wconf 83' lang='lat'><strong>(&#39;5)</strong></span> <span class='ocrx_word' id='word_1_685' title='bbox 1034 4373 1265 4442; x_wconf 88' lang='lat' dir='ltr'><strong>Spiritus</strong></span> <span class='ocrx_word' id='word_1_686' title='bbox 1297 4381 1399 4439; x_wconf 91' lang='lat' dir='ltr'><strong>est,</strong></span> <span class='ocrx_word' id='word_1_687' title='bbox 1432 4390 1451 4424; x_wconf 75' lang='grc' dir='ltr'><strong>ι</strong></span> <span class='ocrx_word' id='word_1_688' title='bbox 1496 4379 1553 4426; x_wconf 90' lang='lat' dir='ltr'><strong>ut</strong></span> <span class='ocrx_word' id='word_1_689' title='bbox 1589 4372 1804 4441; x_wconf 90' lang='lat' dir='ltr'><strong>scripsit</strong></span> <span class='ocrx_word' id='word_1_690' title='bbox 1826 4369 2038 4426; x_wconf 89' lang='lat' dir='ltr'><strong>Paulus.</strong></span> 
     </span>
    </p>
   </div>
   <div class='ocr_carea' id='block_1_88' title="bbox 576 4528 3832 4598">
    <p class='ocr_par' dir='ltr' id='par_1_88' title="bbox 576 4528 3832 4598">
     <span class='ocr_line' id='line_1_88' title="bbox 576 4528 3832 4598; baseline -0.001 -10"><span class='ocrx_word' id='word_1_691' title='bbox 576 4536 741 4591; x_wconf 75' lang='lat' dir='ltr'><strong>datur</strong></span> <span class='ocrx_word' id='word_1_692' title='bbox 784 4549 889 4589; x_wconf 92' lang='lat' dir='ltr'><strong>non</strong></span> <span class='ocrx_word' id='word_1_693' title='bbox 924 4547 1097 4588; x_wconf 70' lang='lat' dir='ltr'><strong>solum</strong></span> <span class='ocrx_word' id='word_1_694' title='bbox 1140 4530 1192 4585; x_wconf 90' lang='lat' dir='ltr'><strong>in</strong></span> <span class='ocrx_word' id='word_1_695' title='bbox 1243 4542 1403 4583; x_wconf 89' lang='lat' dir='ltr'><strong>omne</strong></span> <span class='ocrx_word' id='word_1_696' title='bbox 1454 4542 1691 4598; x_wconf 66' lang='lat' dir='ltr'><strong>praesens</strong></span> <span class='ocrx_word' id='word_1_697' title='bbox 1741 4528 2016 4598; x_wconf 69' lang='lat' dir='ltr'><strong>steculum,</strong></span> <span class='ocrx_word' id='word_1_698' title='bbox 2049 4528 2143 4582; x_wconf 90' lang='lat' dir='ltr'><strong>sed</strong></span> <span class='ocrx_word' id='word_1_699' title='bbox 2176 4531 2220 4587; x_wconf 88' lang='lat' dir='ltr'><strong>D</strong></span> <span class='ocrx_word' id='word_1_700' title='bbox 2256 4548 2273 4579; x_wconf 80' lang='grc' dir='ltr'><strong>ι</strong></span> <span class='ocrx_word' id='word_1_701' title='bbox 2297 4528 2646 4598; x_wconf 73' lang='lat' dir='ltr'><strong>appellet.....</strong></span> <span class='ocrx_word' id='word_1_702' title='bbox 2683 4529 3077 4583; x_wconf 85' lang='lat' dir='ltr'><strong>humanitatem</strong></span> <span class='ocrx_word' id='word_1_703' title='bbox 3128 4545 3259 4585; x_wconf 82' lang='lat' dir='ltr'><strong>vero</strong></span> <span class='ocrx_word' id='word_1_704' title='bbox 3288 4546 3447 4586; x_wconf 89' lang='lat' dir='ltr'><strong>suam</strong></span> <span class='ocrx_word' id='word_1_705' title='bbox 3473 4552 3495 4585; x_wconf 70' lang='grc' dir='ltr'><strong>ι</strong></span> <span class='ocrx_word' id='word_1_706' title='bbox 3535 4532 3704 4586; x_wconf 73' lang='lat' dir='ltr'><strong>lilium</strong></span> <span class='ocrx_word' id='word_1_707' title='bbox 3746 4529 3832 4583; x_wconf 86' lang='lat' dir='ltr'><strong>ho-</strong></span> 
     </span>
    </p>
   </div>
   <div class='ocr_carea' id='block_1_89' title="bbox 580 4597 3831 4679">
    <p class='ocr_par' dir='ltr' id='par_1_89' title="bbox 580 4597 3831 4679">
     <span class='ocr_line' id='line_1_89' title="bbox 580 4597 3831 4679; baseline -0.004 -18"><span class='ocrx_word' id='word_1_708' title='bbox 580 4605 830 4679; x_wconf 80' lang='lat' dir='ltr'><strong>etiamin</strong></span> <span class='ocrx_word' id='word_1_709' title='bbox 862 4603 1125 4679; x_wconf 66' lang='lat' dir='ltr'><strong>(titur-um.</strong></span> <span class='ocrx_word' id='word_1_710' title='bbox 1168 4600 1257 4654; x_wconf 82' lang='lat' dir='ltr'><strong>Ait</strong></span> <span class='ocrx_word' id='word_1_711' title='bbox 1297 4599 1495 4679; x_wconf 83' lang='lat' dir='ltr'><strong>quippe</strong></span> <span class='ocrx_word' id='word_1_712' title='bbox 1540 4597 1805 4663; x_wconf 88' lang='lat' dir='ltr'><strong>Salvator,</strong></span> <span class='ocrx_word' id='word_1_713' title='bbox 1845 4597 2143 4679; x_wconf 64' lang='lat' dir='ltr'><strong>«Blasphe-</strong></span> <span class='ocrx_word' id='word_1_714' title='bbox 2251 4597 2663 4679; x_wconf 48' lang='lat' dir='ltr'><strong>ruinisfyocct.</strong></span> <span class='ocrx_word' id='word_1_715' title='bbox 2697 4617 2715 4649; x_wconf 71' lang='grc' dir='ltr'><strong>ι</strong></span> <span class='ocrx_word' id='word_1_716' title='bbox 2745 4601 2812 4653; x_wconf 86' lang='lat' dir='ltr'><strong>At</strong></span> <span class='ocrx_word' id='word_1_717' title='bbox 2850 4600 3105 4679; x_wconf 58' lang='lat' dir='ltr'><strong>Didymus</strong></span> <span class='ocrx_word' id='word_1_718' title='bbox 3141 4611 3256 4679; x_wconf 81' lang='lat' dir='ltr'><strong>_tu_m</strong></span> <span class='ocrx_word' id='word_1_719' title='bbox 3301 4600 3429 4679; x_wconf 32' lang='lat' dir='ltr'><strong>Ihic,</strong></span> <span class='ocrx_word' id='word_1_720' title='bbox 3465 4613 3581 4655; x_wconf 89' lang='lat' dir='ltr'><strong>tum</strong></span> <span class='ocrx_word' id='word_1_721' title='bbox 3620 4602 3672 4653; x_wconf 91' lang='lat' dir='ltr'><strong>in</strong></span> <span class='ocrx_word' id='word_1_722' title='bbox 3704 4598 3831 4679; x_wconf 64' lang='lat' dir='ltr'><strong>libro</strong></span> 
     </span>
    </p>
   </div>
   <div class='ocr_carea' id='block_1_90' title="bbox 582 4666 3828 4741">
    <p class='ocr_par' dir='ltr' id='par_1_90' title="bbox 582 4666 3828 4741">
     <span class='ocr_line' id='line_1_90' title="bbox 582 4666 3828 4741; baseline -0.003 -13"><span class='ocrx_word' id='word_1_723' title='bbox 582 4674 749 4728; x_wconf 89' lang='lat' dir='ltr'><strong>manti</strong></span> <span class='ocrx_word' id='word_1_724' title='bbox 786 4674 837 4728; x_wconf 91' lang='lat' dir='ltr'><strong>in</strong></span> <span class='ocrx_word' id='word_1_725' title='bbox 869 4666 1411 4741; x_wconf 77' lang='lat' dir='ltr'><strong>Spiritumsanctuni</strong></span> <span class='ocrx_word' id='word_1_726' title='bbox 1434 4666 1547 4741; x_wconf 28' lang='lat' dir='ltr'><strong>lnon</strong></span> <span class='ocrx_word' id='word_1_727' title='bbox 1599 4682 1720 4721; x_wconf 88' lang='lat' dir='ltr'><strong>esse</strong></span> <span class='ocrx_word' id='word_1_728' title='bbox 1765 4668 2141 4741; x_wconf 62' lang='lat' dir='ltr'><strong>remissionem</strong></span> <span class='ocrx_word' id='word_1_729' title='bbox 2249 4666 2325 4720; x_wconf 87' lang='lat' dir='ltr'><strong>De</strong></span> <span class='ocrx_word' id='word_1_730' title='bbox 2348 4667 2551 4741; x_wconf 72' lang='lat' dir='ltr'><strong>Spiritu</strong></span> <span class='ocrx_word' id='word_1_731' title='bbox 2575 4679 2779 4741; x_wconf 72' lang='lat' dir='ltr'><strong>sancto,</strong></span> <span class='ocrx_word' id='word_1_732' title='bbox 2813 4666 3346 4741; x_wconf 16' lang='lat' dir='ltr'><strong>t‘ertiaun’l‘rinitatis</strong></span> <span class='ocrx_word' id='word_1_733' title='bbox 3380 4680 3684 4739; x_wconf 84' lang='lat' dir='ltr'><strong>personam</strong></span> <span class='ocrx_word' id='word_1_734' title='bbox 3710 4668 3828 4737; x_wconf 85' lang='lat' dir='ltr'><strong>Spi-</strong></span> 
     </span>
    </p>
   </div>
   <div class='ocr_carea' id='block_1_91' title="bbox 583 4736 3097 4813">
    <p class='ocr_par' dir='ltr' id='par_1_91' title="bbox 583 4736 3097 4813">
     <span class='ocr_line' id='line_1_91' title="bbox 583 4736 3097 4813; baseline -0.003 -15"><span class='ocrx_word' id='word_1_735' title='bbox 583 4758 756 4813; x_wconf 89' lang='lat' dir='ltr'><strong>neque</strong></span> <span class='ocrx_word' id='word_1_736' title='bbox 780 4744 833 4796; x_wconf 93' lang='lat' dir='ltr'><strong>in</strong></span> <span class='ocrx_word' id='word_1_737' title='bbox 866 4736 970 4797; x_wconf 79' lang='lat' dir='ltr'><strong>isto</strong></span> <span class='ocrx_word' id='word_1_738' title='bbox 992 4739 1205 4813; x_wconf 61' lang='lat' dir='ltr'><strong>sarculo,</strong></span> <span class='ocrx_word' id='word_1_739' title='bbox 1239 4737 1485 4813; x_wconf 80' lang='lat' dir='ltr'><strong>nequein</strong></span> <span class='ocrx_word' id='word_1_740' title='bbox 1517 4736 1761 4813; x_wconf 54' lang='lat' dir='ltr'><strong>futuro.)</strong></span> <span class='ocrx_word' id='word_1_741' title='bbox 1797 4736 1950 4792; x_wconf 83' lang='lat' dir='ltr'><strong>Unde</strong></span> <span class='ocrx_word' id='word_1_742' title='bbox 1974 4740 2143 4813; x_wconf 74' lang='lat' dir='ltr'><strong>magis</strong></span> <span class='ocrx_word' id='word_1_743' title='bbox 2249 4739 2534 4813; x_wconf 41' lang='lat' dir='ltr'><strong>tusAsaanti</strong></span> <span class='ocrx_word' id='word_1_744' title='bbox 2574 4738 3097 4813; x_wconf 84' lang='lat' dir='ltr'><strong>nomine_intelligit.</strong></span> 
     </span>
    </p>
   </div>
   <div class='ocr_carea' id='block_1_92' title="bbox 581 4805 3765 4947">
    <p class='ocr_par' dir='ltr' id='par_1_92' title="bbox 581 4805 3765 4947">
     <span class='ocr_line' id='line_1_92' title="bbox 581 4805 3223 4881; baseline -0.003 -14"><span class='ocrx_word' id='word_1_745' title='bbox 581 4828 645 4867; x_wconf 89' lang='lat' dir='ltr'><strong>ac</strong></span> <span class='ocrx_word' id='word_1_746' title='bbox 670 4805 847 4881; x_wconf 59' lang='lat' dir='ltr'><strong>&#39;magis</strong></span> <span class='ocrx_word' id='word_1_747' title='bbox 878 4820 1088 4881; x_wconf 91' lang='lat' dir='ltr'><strong>oportet</strong></span> <span class='ocrx_word' id='word_1_748' title='bbox 1133 4805 1436 4868; x_wconf 84' lang='lat' dir='ltr'><strong>intendere,</strong></span> <span class='ocrx_word' id='word_1_749' title='bbox 1463 4822 1584 4876; x_wconf 75' lang='lat' dir='ltr'><strong>qua:</strong></span> <span class='ocrx_word' id='word_1_750' title='bbox 1624 4805 2033 4875; x_wconf 75' lang='lat' dir='ltr'><strong>Scripturarum</strong></span> <span class='ocrx_word' id='word_1_751' title='bbox 2074 4805 2141 4860; x_wconf 87' lang='lat' dir='ltr'><strong>de</strong></span> <span class='ocrx_word' id='word_1_752' title='bbox 2343 4806 2430 4875; x_wconf 89' lang='lat'><strong>97)</strong></span> <span class='ocrx_word' id='word_1_753' title='bbox 2470 4806 2757 4875; x_wconf 77' lang='lat' dir='ltr'><strong>Benignus.</strong></span> <span class='ocrx_word' id='word_1_754' title='bbox 2792 4808 2920 4874; x_wconf 89' lang='lat' dir='ltr'><strong>Sap.</strong></span> <span class='ocrx_word' id='word_1_755' title='bbox 2954 4805 3061 4868; x_wconf 17' lang='lat'><strong>1.76</strong></span> <span class='ocrx_word' id='word_1_756' title='bbox 3088 4818 3139 4862; x_wconf 91' lang='lat' dir='ltr'><strong>et</strong></span> <span class='ocrx_word' id='word_1_757' title='bbox 3169 4807 3223 4860; x_wconf 90' lang='lat'><strong>7.</strong></span> 
     </span>
     <span class='ocr_line' id='line_1_93' title="bbox 581 4807 3765 4947; baseline -0.003 -11"><span class='ocrx_word' id='word_1_758' title='bbox 581 4898 645 4936; x_wconf 91' lang='lat' dir='ltr'><strong>eo</strong></span> <span class='ocrx_word' id='word_1_759' title='bbox 692 4882 880 4936; x_wconf 87' lang='lat' dir='ltr'><strong>relatio</strong></span> <span class='ocrx_word' id='word_1_760' title='bbox 910 4883 999 4946; x_wconf 88' lang='lat' dir='ltr'><strong>sit,</strong></span> <span class='ocrx_word' id='word_1_761' title='bbox 1034 4894 1103 4934; x_wconf 89' lang='lat' dir='ltr'><strong>ne</strong></span> <span class='ocrx_word' id='word_1_762' title='bbox 1132 4879 1184 4933; x_wconf 90' lang='lat' dir='ltr'><strong>in</strong></span> <span class='ocrx_word' id='word_1_763' title='bbox 1217 4878 1449 4946; x_wconf 86' lang='lat' dir='ltr'><strong>aliquem</strong></span> <span class='ocrx_word' id='word_1_764' title='bbox 1479 4877 1663 4947; x_wconf 70' lang='lat' dir='ltr'><strong>(codex</strong></span> <span class='ocrx_word' id='word_1_765' title='bbox 1692 4888 1885 4947; x_wconf 76' lang='lat' dir='ltr'><strong>noster,</strong></span> <span class='ocrx_word' id='word_1_766' title='bbox 1925 4890 1993 4930; x_wconf 89' lang='lat' dir='ltr'><strong>ne</strong></span> <span class='ocrx_word' id='word_1_767' title='bbox 2039 4876 2139 4928; x_wconf 88' lang='lat' dir='ltr'><strong>ali-</strong></span> <span class='ocrx_word' id='word_1_768' title='bbox 2250 4943 2289 4947; x_wconf 95' lang='lat'><em>_</em></span> <span class='ocrx_word' id='word_1_769' title='bbox 2319 4807 2432 4947; x_wconf 48' lang='lat'><strong>298)</strong></span> <span class='ocrx_word' id='word_1_770' title='bbox 2464 4875 2771 4946; x_wconf 73' lang='lat' dir='ltr'><strong>Hymemzo.</strong></span> <span class='ocrx_word' id='word_1_771' title='bbox 2830 4876 3011 4947; x_wconf 77' lang='lat' dir='ltr'><strong>codex</strong></span> <span class='ocrx_word' id='word_1_772' title='bbox 3072 4879 3347 4939; x_wconf 85' lang='lat' dir='ltr'><strong>mendose.</strong></span> <span class='ocrx_word' id='word_1_773' title='bbox 3389 4880 3677 4947; x_wconf 82' lang='grc' dir='ltr'><strong>’Υμενέῳ.</strong></span> <span class='ocrx_word' id='word_1_774' title='bbox 3713 4876 3765 4930; x_wconf 69' lang='lat' dir='ltr'><strong>Vi</strong></span> 
     </span>
    </p>
   </div>
   <div class='ocr_carea' id='block_1_93' title="bbox 578 4875 2154 5024">
    <p class='ocr_par' dir='ltr' id='par_1_93' title="bbox 578 4875 2141 5024">
     <span class='ocr_line' id='line_1_94' title="bbox 578 4875 2139 4948; baseline -0.005 -12"><span class='ocrx_word' id='word_1_775' title='bbox 578 4898 645 4936; x_wconf 92' lang='lat' dir='ltr'><strong>eo</strong></span> <span class='ocrx_word' id='word_1_776' title='bbox 692 4875 880 4936; x_wconf 71' lang='lat' dir='ltr'><strong>relatio</strong></span> <span class='ocrx_word' id='word_1_777' title='bbox 910 4875 999 4946; x_wconf 78' lang='lat' dir='ltr'><strong>sit,</strong></span> <span class='ocrx_word' id='word_1_778' title='bbox 1034 4894 1103 4934; x_wconf 89' lang='lat' dir='ltr'><strong>ne</strong></span> <span class='ocrx_word' id='word_1_779' title='bbox 1132 4879 1184 4933; x_wconf 90' lang='lat' dir='ltr'><strong>in</strong></span> <span class='ocrx_word' id='word_1_780' title='bbox 1217 4878 1449 4946; x_wconf 88' lang='lat' dir='ltr'><strong>aliquem</strong></span> <span class='ocrx_word' id='word_1_781' title='bbox 1479 4875 1663 4948; x_wconf 71' lang='lat' dir='ltr'><strong>(codex</strong></span> <span class='ocrx_word' id='word_1_782' title='bbox 1692 4888 1885 4938; x_wconf 76' lang='lat' dir='ltr'><strong>noster,</strong></span> <span class='ocrx_word' id='word_1_783' title='bbox 1925 4890 1993 4930; x_wconf 89' lang='lat' dir='ltr'><strong>ne</strong></span> <span class='ocrx_word' id='word_1_784' title='bbox 2039 4876 2139 4928; x_wconf 88' lang='lat' dir='ltr'><strong>ali-</strong></span> 
     </span>
     <span class='ocr_line' id='line_1_95' title="bbox 578 4946 2141 5024; baseline -0.004 -19"><span class='ocrx_word' id='word_1_785' title='bbox 578 4950 749 5024; x_wconf 84' lang='lat' dir='ltr'><strong>quis),</strong></span> <span class='ocrx_word' id='word_1_786' title='bbox 786 4951 976 5024; x_wconf 74' lang='lat' dir='ltr'><strong>saltem</strong></span> <span class='ocrx_word' id='word_1_787' title='bbox 1024 4964 1121 5024; x_wconf 86' lang='lat' dir='ltr'><strong>per</strong></span> <span class='ocrx_word' id='word_1_788' title='bbox 1171 4948 1554 5024; x_wconf 75' lang='lat' dir='ltr'><strong>ignorantiam,</strong></span> <span class='ocrx_word' id='word_1_789' title='bbox 1586 4946 1950 5024; x_wconf 42' lang='lat' dir='ltr'><strong>blasphemiae.</strong></span> <span class='ocrx_word' id='word_1_790' title='bbox 1985 4960 2141 5024; x_wconf 87' lang='lat' dir='ltr'><strong>er_ror</strong></span> 
     </span>
    </p>
   </div>
   <div class='ocr_carea' id='block_1_94' title="bbox 2256 4875 3829 5024">
    <p class='ocr_par' dir='ltr' id='par_1_94' title="bbox 2256 4875 3829 5024">
     <span class='ocr_line' id='line_1_96' title="bbox 2322 4875 3829 4952; baseline -0.001 -23"><span class='ocrx_word' id='word_1_791' title='bbox 2322 4875 2432 4947; x_wconf 92' lang='lat'><strong>(98)</strong></span> <span class='ocrx_word' id='word_1_792' title='bbox 2464 4875 2771 4946; x_wconf 74' lang='lat' dir='ltr'><strong>Hymemzo.</strong></span> <span class='ocrx_word' id='word_1_793' title='bbox 2830 4876 3011 4931; x_wconf 77' lang='lat' dir='ltr'><strong>Codex</strong></span> <span class='ocrx_word' id='word_1_794' title='bbox 3072 4879 3347 4939; x_wconf 86' lang='lat' dir='ltr'><strong>mendose.</strong></span> <span class='ocrx_word' id='word_1_795' title='bbox 3389 4880 3677 4952; x_wconf 82' lang='grc' dir='ltr'>’Υμενὲῳ.</span> <span class='ocrx_word' id='word_1_796' title='bbox 3713 4876 3829 4930; x_wconf 68' lang='lat' dir='ltr'><strong>Vide</strong></span> 
     </span>
     <span class='ocr_line' id='line_1_97' title="bbox 2256 4943 3718 5024; baseline -0.001 -24"><span class='ocrx_word' id='word_1_797' title='bbox 2256 4943 2432 5024; x_wconf 37' lang='lat' dir='ltr'><strong>Epist;</strong></span> <span class='ocrx_word' id='word_1_798' title='bbox 2459 4947 2562 5024; x_wconf 61' lang='lat' dir='ltr'><strong>lati</strong></span> <span class='ocrx_word' id='word_1_799' title='bbox 2595 4947 2735 5024; x_wconf 85' lang='lat' dir='ltr'><strong>Titn_.</strong></span> <span class='ocrx_word' id='word_1_800' title='bbox 2760 4962 2799 5011; x_wconf 92' lang='lat' dir='ltr'><strong>t,</strong></span> <span class='ocrx_word' id='word_1_801' title='bbox 2828 4946 2894 5024; x_wconf 57' lang='lat'><strong>19</strong></span> <span class='ocrx_word' id='word_1_802' title='bbox 2923 4958 2977 4999; x_wconf 88' lang='lat' dir='ltr'><strong>et</strong></span> <span class='ocrx_word' id='word_1_803' title='bbox 2998 4947 3091 5024; x_wconf 72' lang='grc' dir='ltr'><strong>2οε</strong></span> <span class='ocrx_word' id='word_1_804' title='bbox 3199 5018 3225 5024; x_wconf 76' lang='lat'>_</span> <span class='ocrx_word' id='word_1_805' title='bbox 3379 5017 3393 5024; x_wconf 84' lang='lat'>_</span> <span class='ocrx_word' id='word_1_806' title='bbox 3568 5020 3593 5024; x_wconf 40' lang='grc' dir='ltr'>μ</span> <span class='ocrx_word' id='word_1_807' title='bbox 3684 5018 3718 5024; x_wconf 82' lang='lat'><strong><em>_</em></strong></span> 
     </span>
    </p>
   </div>
   <div class='ocr_carea' id='block_1_95' title="bbox 578 5013 2154 5095">
    <p class='ocr_par' dir='ltr' id='par_1_95' title="bbox 578 5013 2146 5095">
     <span class='ocr_line' id='line_1_98' title="bbox 578 5013 2146 5095; baseline -0.003 -22"><span class='ocrx_word' id='word_1_808' title='bbox 578 5013 823 5095; x_wconf 60' lang='lat' dir='ltr'><strong>obrepat.</strong></span> <span class='ocrx_word' id='word_1_809' title='bbox 855 5038 874 5073; x_wconf 70' lang='grc' dir='ltr'><strong>ι</strong></span> <span class='ocrx_word' id='word_1_810' title='bbox 927 5013 1124 5095; x_wconf 69' lang='lat' dir='ltr'><strong>Eadem</strong></span> <span class='ocrx_word' id='word_1_811' title='bbox 1175 5013 1413 5073; x_wconf 70' lang='lat' dir='ltr'><strong>inculcat</strong></span> <span class='ocrx_word' id='word_1_812' title='bbox 1457 5018 1625 5070; x_wconf 85' lang='lat' dir='ltr'><strong>etiam</strong></span> <span class='ocrx_word' id='word_1_813' title='bbox 1657 5013 1717 5068; x_wconf 88' lang='lat' dir='ltr'><strong>in</strong></span> <span class='ocrx_word' id='word_1_814' title='bbox 1743 5015 1848 5069; x_wconf 80' lang='lat' dir='ltr'><strong>line</strong></span> <span class='ocrx_word' id='word_1_815' title='bbox 1903 5013 2146 5083; x_wconf 81' lang='lat' dir='ltr'><strong>ejusdem</strong></span> 
     </span>
    </p>
   </div>
   <div class='ocr_carea' id='block_1_96' title="bbox 2256 5013 3831 5095">
    <p class='ocr_par' dir='ltr' id='par_1_96' title="bbox 2256 5013 3831 5095">
     <span class='ocr_line' id='line_1_99' title="bbox 2256 5013 3831 5095; baseline 0.001 0"><span class='ocrx_word' id='word_1_816' title='bbox 2256 5013 2652 5095; x_wconf 59' lang='grc' dir='ltr'><strong>,⁷(99)1αίζντοο</strong></span> <span class='ocrx_word' id='word_1_817' title='bbox 2696 5013 2762 5095; x_wconf 81' lang='lat'><strong>.&#39;.&#39;.&#39;</strong></span> <span class='ocrx_word' id='word_1_818' title='bbox 2822 5015 3010 5095; x_wconf 50' lang='lat' dir='ltr'><strong>Grais)</strong></span> <span class='ocrx_word' id='word_1_819' title='bbox 3039 5037 3049 5068; x_wconf 85' lang='lat'><em>=</em></span> <span class='ocrx_word' id='word_1_820' title='bbox 3075 5017 3136 5095; x_wconf 62' lang='grc' dir='ltr'>ἐκ</span> <span class='ocrx_word' id='word_1_821' title='bbox 3165 5018 3255 5095; x_wconf 71' lang='grc' dir='ltr'>τῇ..</span> <span class='ocrx_word' id='word_1_822' title='bbox 3282 5017 3484 5095; x_wconf 63' lang='grc' dir='ltr'>πρώτη</span> <span class='ocrx_word' id='word_1_823' title='bbox 3521 5020 3635 5073; x_wconf 78' lang='grc' dir='ltr'><strong>τῶν</strong></span> <span class='ocrx_word' id='word_1_824' title='bbox 3684 5018 3831 5071; x_wconf 77' lang='grc' dir='ltr'>Βασι-</span> 
     </span>
    </p>
   </div>
   <div class='ocr_carea' id='block_1_97' title="bbox 571 5082 3830 5165">
    <p class='ocr_par' dir='ltr' id='par_1_97' title="bbox 571 5082 3830 5165">
     <span class='ocr_line' id='line_1_100' title="bbox 571 5082 3830 5165; baseline -0.002 -22"><span class='ocrx_word' id='word_1_825' title='bbox 571 5082 875 5165; x_wconf 43' lang='grc' dir='ltr'><strong>ιίὺιεξίῃυιῐι.</strong></span> <span class='ocrx_word' id='word_1_826' title='bbox 910 5089 1115 5165; x_wconf 69' lang='lat' dir='ltr'><strong>ultimo.</strong></span> <span class='ocrx_word' id='word_1_827' title='bbox 1144 5158 1155 5165; x_wconf 84' lang='lat'><strong>_</strong></span> <span class='ocrx_word' id='word_1_828' title='bbox 1344 5156 1403 5165; x_wconf 84' lang='lat'>__</span> <span class='ocrx_word' id='word_1_829' title='bbox 1482 5163 1488 5165; x_wconf 78' lang='lat'>_</span> <span class='ocrx_word' id='word_1_830' title='bbox 1524 5155 1591 5165; x_wconf 50' lang='grc' dir='ltr'>Μ</span> <span class='ocrx_word' id='word_1_831' title='bbox 2254 5082 2839 5165; x_wconf 36' lang='grc' dir='ltr'>λειξῖρνίδυρἰηιειιίςθ,</span> <span class='ocrx_word' id='word_1_832' title='bbox 2863 5084 3061 5165; x_wconf 29' lang='grc' dir='ltr'><strong>,βίϐλῳε</strong></span> <span class='ocrx_word' id='word_1_833' title='bbox 3085 5082 3255 5139; x_wconf 80' lang='lat' dir='ltr'><strong>Simili</strong></span> <span class='ocrx_word' id='word_1_834' title='bbox 3280 5082 3531 5143; x_wconf 53' lang='lat' dir='ltr'><strong>tn&#39;oilu&#39;in</strong></span> <span class='ocrx_word' id='word_1_835' title='bbox 3562 5100 3830 5145; x_wconf 81' lang='lat' dir='ltr'><strong>commcn-</strong></span> 
     </span>
    </p>
   </div>
   <div class='ocr_carea' id='block_1_98' title="bbox 647 5155 3831 5299">
    <p class='ocr_par' dir='ltr' id='par_1_98' title="bbox 647 5155 3831 5299">
     <span class='ocr_line' id='line_1_101' title="bbox 673 5155 3831 5225; baseline -0.003 -12"><span class='ocrx_word' id='word_1_836' title='bbox 673 5160 740 5213; x_wconf 68' lang='grc'><strong>96</strong></span> <span class='ocrx_word' id='word_1_837' title='bbox 790 5158 976 5214; x_wconf 82' lang='lat' dir='ltr'><strong>Omne.</strong></span> <span class='ocrx_word' id='word_1_838' title='bbox 1014 5158 1197 5212; x_wconf 81' lang='lat' dir='ltr'><strong>Matth.</strong></span> <span class='ocrx_word' id='word_1_839' title='bbox 1224 5174 1320 5219; x_wconf 80' lang='lat' dir='ltr'><strong>xu,</strong></span> <span class='ocrx_word' id='word_1_840' title='bbox 1344 5156 1407 5210; x_wconf 76' lang='lat'><strong>3!</strong></span> <span class='ocrx_word' id='word_1_841' title='bbox 1442 5163 1497 5210; x_wconf 89' lang='lat' dir='ltr'><strong>et</strong></span> <span class='ocrx_word' id='word_1_842' title='bbox 1523 5155 1615 5209; x_wconf 61' lang='grc' dir='ltr'><strong>δί.</strong></span> <span class='ocrx_word' id='word_1_843' title='bbox 2256 5155 2410 5209; x_wconf 84' lang='lat' dir='ltr'><strong>tariis</strong></span> <span class='ocrx_word' id='word_1_844' title='bbox 2434 5155 2490 5207; x_wconf 80' lang='lat' dir='ltr'><strong>in</strong></span> <span class='ocrx_word' id='word_1_845' title='bbox 2522 5156 2762 5208; x_wconf 77' lang='lat' dir='ltr'><strong>Psalmos</strong></span> <span class='ocrx_word' id='word_1_846' title='bbox 2809 5159 2873 5207; x_wconf 89' lang='lat' dir='ltr'><strong>ad</strong></span> <span class='ocrx_word' id='word_1_847' title='bbox 2947 5155 3085 5223; x_wconf 86' lang='lat' dir='ltr'><strong>psal.</strong></span> <span class='ocrx_word' id='word_1_848' title='bbox 3146 5170 3351 5220; x_wconf 65' lang='lat' dir='ltr'><strong>LXXVII,</strong></span> <span class='ocrx_word' id='word_1_849' title='bbox 3387 5173 3545 5213; x_wconf 85' lang='lat' dir='ltr'><strong>vers.</strong></span> <span class='ocrx_word' id='word_1_850' title='bbox 3600 5162 3692 5221; x_wconf 86' lang='lat'><strong>59,</strong></span> <span class='ocrx_word' id='word_1_851' title='bbox 3726 5172 3831 5225; x_wconf 76' lang='lat' dir='ltr'><strong>pag.</strong></span> 
     </span>
     <span class='ocr_line' id='line_1_102' title="bbox 647 5159 3831 5299; baseline -0.004 -13"><span class='ocrx_word' id='word_1_852' title='bbox 647 5159 762 5299; x_wconf 42' lang='lat'><strong>$95;</strong></span> <span class='ocrx_word' id='word_1_853' title='bbox 803 5228 869 5282; x_wconf 85' lang='lat' dir='ltr'><strong>In</strong></span> <span class='ocrx_word' id='word_1_854' title='bbox 908 5226 1395 5299; x_wconf 9' lang='lat' dir='ltr'><strong>Spiritum.rGr:eca</strong></span> <span class='ocrx_word' id='word_1_855' title='bbox 1418 5226 1585 5299; x_wconf 76' lang='lat' dir='ltr'><strong>editio</strong></span> <span class='ocrx_word' id='word_1_856' title='bbox 1614 5242 1626 5277; x_wconf 88' lang='lat'><strong>:</strong></span> <span class='ocrx_word' id='word_1_857' title='bbox 1658 5222 1931 5299; x_wconf 28' lang='lat' dir='ltr'><strong>&#39;H_6s&quot;ro-6</strong></span> <span class='ocrx_word' id='word_1_858' title='bbox 1965 5224 2141 5299; x_wconf 83' lang='grc' dir='ltr'>Πνεύ-</span> <span class='ocrx_word' id='word_1_859' title='bbox 2255 5220 2361 5299; x_wconf 66' lang='grc' dir='ltr'><strong>6ρι</strong></span> <span class='ocrx_word' id='word_1_860' title='bbox 2391 5234 2639 5299; x_wconf 75' lang='lat' dir='ltr'><strong>_catc_n:e_</strong></span> <span class='ocrx_word' id='word_1_861' title='bbox 2670 5224 3034 5299; x_wconf 69' lang='lat' dir='ltr'><strong>(Jorderiante,</strong></span> <span class='ocrx_word' id='word_1_862' title='bbox 3082 5225 3202 5299; x_wconf 74' lang='lat' dir='ltr'><strong>ait:</strong></span> <span class='ocrx_word' id='word_1_863' title='bbox 3244 5226 3329 5299; x_wconf 86' lang='grc' dir='ltr'>Ὡς</span> <span class='ocrx_word' id='word_1_864' title='bbox 3369 5228 3405 5296; x_wconf 76' lang='grc' dir='ltr'><strong>η</strong></span> <span class='ocrx_word' id='word_1_865' title='bbox 3446 5228 3652 5298; x_wconf 80' lang='grc' dir='ltr'>πρώτη</span> <span class='ocrx_word' id='word_1_866' title='bbox 3712 5225 3831 5294; x_wconf 73' lang='grc' dir='ltr'>φησὶ</span> 
     </span>
    </p>
   </div>
   <div class='ocr_carea' id='block_1_99' title="bbox 578 5220 3833 5381">
    <p class='ocr_par' dir='ltr' id='par_1_99' title="bbox 578 5220 3833 5381">
     <span class='ocr_line' id='line_1_103' title="bbox 647 5220 3833 5299; baseline -0.004 -13"><span class='ocrx_word' id='word_1_867' title='bbox 647 5220 758 5299; x_wconf 81' lang='lat'><strong>(95)</strong></span> <span class='ocrx_word' id='word_1_868' title='bbox 803 5228 869 5282; x_wconf 85' lang='lat' dir='ltr'><strong>In</strong></span> <span class='ocrx_word' id='word_1_869' title='bbox 908 5227 1183 5295; x_wconf 79' lang='lat' dir='ltr'><strong>Spiritum.</strong></span> <span class='ocrx_word' id='word_1_870' title='bbox 1211 5226 1395 5281; x_wconf 74' lang='lat' dir='ltr'><strong>Graeca</strong></span> <span class='ocrx_word' id='word_1_871' title='bbox 1418 5226 1585 5279; x_wconf 89' lang='lat' dir='ltr'><strong>editio</strong></span> <span class='ocrx_word' id='word_1_872' title='bbox 1614 5242 1626 5277; x_wconf 88' lang='lat'><strong>:</strong></span> <span class='ocrx_word' id='word_1_873' title='bbox 1658 5223 1722 5276; x_wconf 86' lang='grc' dir='ltr'><strong>Ἦ</strong></span> <span class='ocrx_word' id='word_1_874' title='bbox 1752 5223 1809 5277; x_wconf 80' lang='grc' dir='ltr'><strong>δὲ</strong></span> <span class='ocrx_word' id='word_1_875' title='bbox 1838 5222 1931 5277; x_wconf 88' lang='grc' dir='ltr'><strong>τοῦ</strong></span> <span class='ocrx_word' id='word_1_876' title='bbox 1965 5224 2141 5278; x_wconf 83' lang='grc' dir='ltr'>Πνεύ-</span> <span class='ocrx_word' id='word_1_877' title='bbox 2255 5220 2361 5275; x_wconf 74' lang='grc'><strong>644</strong></span> <span class='ocrx_word' id='word_1_878' title='bbox 2417 5234 2619 5276; x_wconf 70' lang='lat' dir='ltr'><strong>catena:</strong></span> <span class='ocrx_word' id='word_1_879' title='bbox 2670 5220 3034 5287; x_wconf 71' lang='lat' dir='ltr'><strong>Corderiatite,</strong></span> <span class='ocrx_word' id='word_1_880' title='bbox 3082 5225 3158 5278; x_wconf 92' lang='lat' dir='ltr'><strong>ait</strong></span> <span class='ocrx_word' id='word_1_881' title='bbox 3188 5242 3202 5277; x_wconf 89' lang='lat'><strong>:</strong></span> <span class='ocrx_word' id='word_1_882' title='bbox 3244 5226 3329 5289; x_wconf 88' lang='grc' dir='ltr'>Ὡς</span> <span class='ocrx_word' id='word_1_883' title='bbox 3369 5228 3405 5296; x_wconf 76' lang='grc' dir='ltr'><strong>η</strong></span> <span class='ocrx_word' id='word_1_884' title='bbox 3446 5228 3652 5298; x_wconf 80' lang='grc' dir='ltr'>πρώτη</span> <span class='ocrx_word' id='word_1_885' title='bbox 3682 5220 3685 5221; x_wconf 58' lang='grc'><strong><em>⁷</em></strong></span> <span class='ocrx_word' id='word_1_886' title='bbox 3712 5220 3833 5294; x_wconf 62' lang='grc' dir='ltr'>φησι</span> 
     </span>
     <span class='ocr_line' id='line_1_104' title="bbox 578 5291 3833 5381; baseline -0.002 -28"><span class='ocrx_word' id='word_1_887' title='bbox 578 5315 748 5381; x_wconf 73' lang='grc' dir='ltr'>ματος</span> <span class='ocrx_word' id='word_1_888' title='bbox 795 5298 1108 5381; x_wconf 54' lang='grc' dir='ltr'>βλασφημία</span> <span class='ocrx_word' id='word_1_889' title='bbox 1145 5298 1259 5378; x_wconf 36' lang='grc' dir='ltr'>,οὐκ</span> <span class='ocrx_word' id='word_1_890' title='bbox 1303 5294 1639 5381; x_wconf 57' lang='grc' dir='ltr'>ἀφεθήσεται</span> <span class='ocrx_word' id='word_1_891' title='bbox 1657 5296 1770 5381; x_wconf 49' lang='grc' dir='ltr'>τοῖς</span> <span class='ocrx_word' id='word_1_892' title='bbox 1812 5294 2139 5381; x_wconf 55' lang='grc' dir='ltr'>ἀνθρωποις,</span> <span class='ocrx_word' id='word_1_893' title='bbox 2253 5291 2700 5381; x_wconf 55' lang='grc' dir='ltr'>τεῦνιξασιλειῶν,</span> <span class='ocrx_word' id='word_1_894' title='bbox 2734 5295 2783 5348; x_wconf 90' lang='lat' dir='ltr'><strong>id</strong></span> <span class='ocrx_word' id='word_1_895' title='bbox 2834 5302 2938 5359; x_wconf 91' lang='lat' dir='ltr'><strong>est,</strong></span> <span class='ocrx_word' id='word_1_896' title='bbox 2976 5312 2994 5345; x_wconf 87' lang='grc' dir='ltr'><strong>ι</strong></span> <span class='ocrx_word' id='word_1_897' title='bbox 3028 5306 3085 5348; x_wconf 90' lang='lat' dir='ltr'><strong>ut</strong></span> <span class='ocrx_word' id='word_1_898' title='bbox 3129 5297 3203 5348; x_wconf 90' lang='lat' dir='ltr'><strong>ait</strong></span> <span class='ocrx_word' id='word_1_899' title='bbox 3251 5297 3467 5364; x_wconf 82' lang='lat' dir='ltr'><strong>primus</strong></span> <span class='ocrx_word' id='word_1_900' title='bbox 3532 5299 3833 5367; x_wconf 72' lang='lat' dir='ltr'><strong>Regnorum</strong></span> 
     </span>
    </p>
   </div>
   <div class='ocr_carea' id='block_1_100' title="bbox 579 5362 2527 5437">
    <p class='ocr_par' dir='ltr' id='par_1_100' title="bbox 579 5362 2527 5437">
     <span class='ocr_line' id='line_1_105' title="bbox 579 5362 2527 5437; baseline -0.005 -14"><span class='ocrx_word' id='word_1_901' title='bbox 579 5362 632 5423; x_wconf 82' lang='lat' dir='ltr'><strong>id</strong></span> <span class='ocrx_word' id='word_1_902' title='bbox 667 5378 768 5433; x_wconf 92' lang='lat' dir='ltr'><strong>est,</strong></span> <span class='ocrx_word' id='word_1_903' title='bbox 795 5362 823 5422; x_wconf 80' lang='grc' dir='ltr'><strong>ἰ</strong></span> <span class='ocrx_word' id='word_1_904' title='bbox 854 5362 1192 5437; x_wconf 72' lang='grc' dir='ltr'>Βιιιέρἶεηιίιι</span> <span class='ocrx_word' id='word_1_905' title='bbox 1235 5362 1365 5419; x_wconf 84' lang='lat' dir='ltr'><strong>vero</strong></span> <span class='ocrx_word' id='word_1_906' title='bbox 1410 5362 1645 5433; x_wconf 87' lang='lat' dir='ltr'><strong>Spiritus</strong></span> <span class='ocrx_word' id='word_1_907' title='bbox 1684 5379 1788 5417; x_wconf 90' lang='lat' dir='ltr'><strong>non</strong></span> <span class='ocrx_word' id='word_1_908' title='bbox 1841 5362 2146 5418; x_wconf 84' lang='lat' dir='ltr'><strong>remittetur</strong></span> <span class='ocrx_word' id='word_1_909' title='bbox 2257 5362 2480 5437; x_wconf 68' lang='lat' dir='ltr'><strong>(liber).</strong></span> <span class='ocrx_word' id='word_1_910' title='bbox 2510 5382 2527 5413; x_wconf 73' lang='grc' dir='ltr'><strong><em>ι</em></strong></span> 
     </span>
    </p>
   </div>
   <div class='ocr_carea' id='block_1_101' title="bbox 574 5430 2154 5503">
    <p class='ocr_par' dir='ltr' id='par_1_101' title="bbox 574 5430 1749 5503">
     <span class='ocr_line' id='line_1_106' title="bbox 574 5430 1749 5503; baseline 0.009 -10"><span class='ocrx_word' id='word_1_911' title='bbox 574 5430 903 5493; x_wconf 82' lang='lat' dir='ltr'><strong>hominibus.</strong></span> <span class='ocrx_word' id='word_1_912' title='bbox 931 5457 950 5490; x_wconf 74' lang='grc' dir='ltr'><strong>ι</strong></span> <span class='ocrx_word' id='word_1_913' title='bbox 981 5430 995 5437; x_wconf 62' lang='grc'><em>’</em></span> <span class='ocrx_word' id='word_1_914' title='bbox 1454 5430 1467 5433; x_wconf 34' lang='grc'>⁷</span> <span class='ocrx_word' id='word_1_915' title='bbox 1642 5500 1665 5503; x_wconf 29' lang='grc' dir='ltr'>,ν</span> <span class='ocrx_word' id='word_1_916' title='bbox 1746 5502 1749 5503; x_wconf 65' lang='lat'>,</span> 
     </span>
    </p>
   </div>
   <div class='ocr_carea' id='block_1_102' title="bbox 2256 5430 3270 5503">
    <p class='ocr_par' dir='ltr' id='par_1_102' title="bbox 2267 5430 3270 5503">
     <span class='ocr_line' id='line_1_107' title="bbox 2267 5430 3270 5503; baseline 0.001 -17"><span class='ocrx_word' id='word_1_917' title='bbox 2267 5430 2275 5433; x_wconf 78' lang='lat'><strong><em>‘</em></strong></span> <span class='ocrx_word' id='word_1_918' title='bbox 2327 5430 2401 5503; x_wconf 81' lang='grc'><strong>(1)</strong></span> <span class='ocrx_word' id='word_1_919' title='bbox 2435 5430 2573 5503; x_wconf 66' lang='lat' dir='ltr'><strong>Heli.</strong></span> <span class='ocrx_word' id='word_1_920' title='bbox 2602 5432 2801 5497; x_wconf 82' lang='lat' dir='ltr'><strong>Codex,</strong></span> <span class='ocrx_word' id='word_1_921' title='bbox 2832 5430 2971 5503; x_wconf 74' lang='grc' dir='ltr'>Ειλι,</span> <span class='ocrx_word' id='word_1_922' title='bbox 2998 5446 3094 5500; x_wconf 91' lang='lat' dir='ltr'><strong>pro</strong></span> <span class='ocrx_word' id='word_1_923' title='bbox 3129 5431 3270 5487; x_wconf 84' lang='grc' dir='ltr'><strong>Ἦλί.</strong></span> 
     </span>
    </p>
   </div>
   <div class='ocr_carea' id='block_1_103' title="bbox 649 5499 3837 5581">
    <p class='ocr_par' dir='ltr' id='par_1_103' title="bbox 649 5499 3837 5581">
     <span class='ocr_line' id='line_1_108' title="bbox 649 5499 3837 5581; baseline -0.002 -19"><span class='ocrx_word' id='word_1_924' title='bbox 649 5507 758 5579; x_wconf 83' lang='grc'><strong>(96)</strong></span> <span class='ocrx_word' id='word_1_925' title='bbox 789 5508 983 5581; x_wconf 73' lang='lat' dir='ltr'><strong>Contra</strong></span> <span class='ocrx_word' id='word_1_926' title='bbox 1029 5505 1293 5581; x_wconf 78' lang='lat' dir='ltr'><strong>Spiritum_</strong></span> <span class='ocrx_word' id='word_1_927' title='bbox 1325 5514 1583 5581; x_wconf 62' lang='lat' dir='ltr'><strong>sanctum.</strong></span> <span class='ocrx_word' id='word_1_928' title='bbox 1634 5500 1693 5557; x_wconf 90' lang='lat' dir='ltr'><strong>S.</strong></span> <span class='ocrx_word' id='word_1_929' title='bbox 1726 5502 2055 5581; x_wconf 51' lang='lat' dir='ltr'><strong>Athanasius</strong></span> <span class='ocrx_word' id='word_1_930' title='bbox 2085 5505 2140 5559; x_wconf 86' lang='lat' dir='ltr'><strong>in</strong></span> <span class='ocrx_word' id='word_1_931' title='bbox 2249 5572 2261 5581; x_wconf 85' lang='lat'><strong><em>_</em></strong></span> <span class='ocrx_word' id='word_1_932' title='bbox 2320 5499 2396 5573; x_wconf 53' lang='lat'><strong>(&#39;2)</strong></span> <span class='ocrx_word' id='word_1_933' title='bbox 2435 5502 2829 5581; x_wconf 50' lang='lat' dir='ltr'><strong>pugnauit:</strong></span> <span class='ocrx_word' id='word_1_934' title='bbox 2866 5503 2891 5581; x_wconf 84' lang='lat' dir='ltr'><strong>_l</strong></span> <span class='ocrx_word' id='word_1_935' title='bbox 2915 5499 3061 5581; x_wconf 53' lang='lat' dir='ltr'><strong>dies.</strong></span> <span class='ocrx_word' id='word_1_936' title='bbox 3096 5519 3155 5565; x_wconf 86' lang='lat' dir='ltr'><strong>ll,</strong></span> <span class='ocrx_word' id='word_1_937' title='bbox 3191 5503 3259 5556; x_wconf 73' lang='lat'><strong>27</strong></span> <span class='ocrx_word' id='word_1_938' title='bbox 3294 5503 3412 5573; x_wconf 87' lang='lat' dir='ltr'><strong>(seu</strong></span> <span class='ocrx_word' id='word_1_939' title='bbox 3450 5504 3578 5581; x_wconf 61' lang='grc' dir='ltr'><strong>ἓξ).</strong></span> <span class='ocrx_word' id='word_1_940' title='bbox 3617 5502 3752 5562; x_wconf 77' lang='lat' dir='ltr'><strong>Vide</strong></span> <span class='ocrx_word' id='word_1_941' title='bbox 3777 5499 3837 5557; x_wconf 82' lang='lat' dir='ltr'><strong>li-</strong></span> 
     </span>
    </p>
   </div>
   <div class='ocr_carea' id='block_1_104' title="bbox 572 5570 3545 5660">
    <p class='ocr_par' dir='ltr' id='par_1_104' title="bbox 572 5570 3545 5660">
     <span class='ocr_line' id='line_1_109' title="bbox 572 5570 3545 5660; baseline -0 -29"><span class='ocrx_word' id='word_1_942' title='bbox 572 5570 912 5660; x_wconf 55' lang='lat' dir='ltr'><strong>Eragtnentis</strong></span> <span class='ocrx_word' id='word_1_943' title='bbox 952 5570 1241 5660; x_wconf 63' lang='lat' dir='ltr'><strong>comment.</strong></span> <span class='ocrx_word' id='word_1_944' title='bbox 1277 5572 1873 5660; x_wconf 16' lang='grc' dir='ltr'><strong>βίᾳ-ιιίιῳιιηιξᾲρηβζ</strong></span> <span class='ocrx_word' id='word_1_945' title='bbox 2001 5573 2142 5660; x_wconf 43' lang='lat' dir='ltr'><strong>‘Mat:</strong></span> <span class='ocrx_word' id='word_1_946' title='bbox 2249 5570 2403 5660; x_wconf 41' lang='lat' dir='ltr'><strong>bruti)</strong></span> <span class='ocrx_word' id='word_1_947' title='bbox 2435 5572 2638 5660; x_wconf 47' lang='lat' dir='ltr'><strong>[lidytni</strong></span> <span class='ocrx_word' id='word_1_948' title='bbox 2671 5570 2985 5660; x_wconf 52' lang='lat' dir='ltr'><strong>DeHS‘pirilu</strong></span> <span class='ocrx_word' id='word_1_949' title='bbox 3025 5583 3231 5660; x_wconf 51' lang='lat' dir='ltr'><strong>sat-tito,</strong></span> <span class='ocrx_word' id='word_1_950' title='bbox 3260 5570 3412 5628; x_wconf 75' lang='lat' dir='ltr'><strong>nutu.</strong></span> <span class='ocrx_word' id='word_1_951' title='bbox 3446 5570 3545 5631; x_wconf 63' lang='lat'><strong>65.</strong></span> 
     </span>
    </p>
   </div>
   <div class='ocr_carea' id='block_1_105' title="bbox 576 5640 3184 5715">
    <p class='ocr_par' dir='ltr' id='par_1_105' title="bbox 576 5640 3184 5715">
     <span class='ocr_line' id='line_1_110' title="bbox 576 5640 3184 5715; baseline -0.003 -13"><span class='ocrx_word' id='word_1_952' title='bbox 576 5640 709 5704; x_wconf 74' lang='grc' dir='ltr'>ιιιαεῖ</span> <span class='ocrx_word' id='word_1_953' title='bbox 749 5646 921 5701; x_wconf 90' lang='lat' dir='ltr'><strong>locum</strong></span> <span class='ocrx_word' id='word_1_954' title='bbox 962 5661 991 5698; x_wconf 90' lang='lat' dir='ltr'><strong>a</strong></span> <span class='ocrx_word' id='word_1_955' title='bbox 1024 5646 1248 5715; x_wconf 87' lang='lat' dir='ltr'><strong>Didymo</strong></span> <span class='ocrx_word' id='word_1_956' title='bbox 1277 5646 1364 5698; x_wconf 93' lang='lat' dir='ltr'><strong>hic</strong></span> <span class='ocrx_word' id='word_1_957' title='bbox 1384 5644 1619 5715; x_wconf 12' lang='lat' dir='ltr'><strong>rcitatum‘</strong></span> <span class='ocrx_word' id='word_1_958' title='bbox 1653 5640 1737 5715; x_wconf 77' lang='lat' dir='ltr'><strong>sic</strong></span> <span class='ocrx_word' id='word_1_959' title='bbox 1779 5640 2037 5712; x_wconf 75' lang='lat' dir='ltr'><strong>explicat,</strong></span> <span class='ocrx_word' id='word_1_960' title='bbox 2081 5653 2140 5697; x_wconf 86' lang='lat' dir='ltr'><strong>ut</strong></span> <span class='ocrx_word' id='word_1_961' title='bbox 2321 5643 2395 5713; x_wconf 74' lang='grc' dir='ltr'><strong>(ὅ)</strong></span> <span class='ocrx_word' id='word_1_962' title='bbox 2433 5640 2709 5696; x_wconf 72' lang='lat' dir='ltr'><strong>Dominus.</strong></span> <span class='ocrx_word' id='word_1_963' title='bbox 2741 5640 2779 5695; x_wconf 93' lang='lat' dir='ltr'><strong>Il</strong></span> <span class='ocrx_word' id='word_1_964' title='bbox 2806 5641 2935 5698; x_wconf 70' lang='lat' dir='ltr'><strong>Cor.</strong></span> <span class='ocrx_word' id='word_1_965' title='bbox 2978 5656 3062 5705; x_wconf 88' lang='lat' dir='ltr'><strong>Ill,</strong></span> <span class='ocrx_word' id='word_1_966' title='bbox 3097 5641 3184 5695; x_wconf 81' lang='grc'><strong>17.</strong></span> 
     </span>
    </p>
   </div>
   <div class='ocr_carea' id='block_1_106' title="bbox 577 5712 2139 5786">
    <p class='ocr_par' dir='ltr' id='par_1_106' title="bbox 577 5712 2139 5786">
     <span class='ocr_line' id='line_1_111' title="bbox 577 5712 2139 5786; baseline -0.004 -13"><span class='ocrx_word' id='word_1_967' title='bbox 577 5734 598 5769; x_wconf 77' lang='grc' dir='ltr'><strong>ι</strong></span> <span class='ocrx_word' id='word_1_968' title='bbox 634 5716 901 5773; x_wconf 81' lang='lat' dir='ltr'><strong>deitatem</strong></span> <span class='ocrx_word' id='word_1_969' title='bbox 938 5715 1099 5772; x_wconf 76' lang='lat' dir='ltr'><strong>Verbi</strong></span> <span class='ocrx_word' id='word_1_970' title='bbox 1124 5712 1242 5786; x_wconf 76' lang='lat' dir='ltr'><strong>ipse</strong></span> <span class='ocrx_word' id='word_1_971' title='bbox 1265 5714 1515 5769; x_wconf 81' lang='lat' dir='ltr'><strong>Christus</strong></span> <span class='ocrx_word' id='word_1_972' title='bbox 1537 5731 1555 5765; x_wconf 72' lang='grc' dir='ltr'><strong>ι</strong></span> <span class='ocrx_word' id='word_1_973' title='bbox 1588 5712 1847 5782; x_wconf 85' lang='lat' dir='ltr'><strong>Spiritum</strong></span> <span class='ocrx_word' id='word_1_974' title='bbox 1894 5722 2139 5769; x_wconf 83' lang='lat' dir='ltr'><strong>sanctum</strong></span> 
     </span>
    </p>
   </div>
  </div>
