4060 6406
268 335 372 392 76!

1310 338 1398 394 DE
1438 338 1817 394 TRINITATE
1856 338 2060 396 LIBER
2102 337 2481 394 SECUNDUS.

3430 334 3539 392 76$

265 446 366 501 κδν
393 448 422 499 ὁ
474 446 749 518 ἐπάρατος
774 447 1104 519 Πορφύριος,
1166 450 1259 503 καὶ
1292 452 1429 520 πρὸς
1464 451 1564 521 τὴν
1602 451 1854 505 τελεωτά-

1969 461 2151 523 utpote
2204 451 2519 506 interiorem
2576 452 2769 506 mentis
2815 450 3074 520 visionem
3122 449 3392 505 turbatam
3437 452 3537 507 ba-

264 555 369 610 την
404 538 681 591 ἀδυνατῶν
749 538 1046 608 θεολογίαν,
1108 540 1201 593 at;
1257 543 1394 612 μήτε
1429 542 1548 595 κατ’
1589 542 1859 614 ἐπιθυμη-

267 629 430 698 τικὴν
456 628 585 700 [HO
622 628 672 700 ὁ]
704 630 797 683 καὶ
825 630 1072 701 φοιτικὴν
1106 632 1270 685 αὐτοῦ
1308 632 1503 705 ὁρμὴν,
1538 634 1636 694 τὴν
1660 634 1860 705 παροῦ-

269 736 369 771 σαν
400 717 722 786 ποιούμενος
760 718 1041 790 ἐξήγησιν,
1074 722 1333 793 ἀμυδρῶς
1365 721 1426 775 τὸ
1454 723 1510 774 ἓν
1545 723 1638 775 καὶ
1663 740 1861 778 σωστι-

267 808 366 863 κὸν
395 808 552 876 ἆγιον
588 809 813 879 Πνεῦμα
846 810 939 863 τοῦ
998 811 1134 864 Θεοῦ
1169 812 1348 883 ψυχὴν
1381 815 1819 887 προσηγόρευσεν
1842 833 1857 847 ο

264 902 327 955 οὐ
367 901 469 970 τὴν
508 899 794 971 ἀνθρώπου
848 902 904 955 δὲ
933 904 1104 973 ὅμως,
1140 904 1274 958 ἀλλὰ
1304 905 1401 976 τὴν
1440 906 1519 976 τῷ
1552 909 1714 960 παντὶ
1747 908 1860 960 δια-

265 993 667 1061 πεφοιτηκυῖαν
694 991 905 1062 κόσμῳ.
942 991 1128 1063 Ἔχεις
1189 987 1282 1048 οὖν
1311 996 1404 1048 καὶ
1449 997 1576 1060 τοὺς
1618 997 1727 1049 τῶν
1757 996 1861 1064 ἔξω

266 1086 470 1155 σοφοὺς
496 1085 930 1157 μαρτυροῦντας,
965 1087 1040 1151 ὡς
1064 1090 1119 1141 αἱ
1145 1091 1295 1160 τρεῖς
1320 1090 1585 1162 μακάριαι
1622 1090 1859 1145 ὑποστά-

267 1195 385 1241 σεις
412 1180 471 1230 ὲν
506 1180 607 1250 μιᾷ
658 1179 892 1250 θεότητι,
933 1180 1027 1233 καὶ
1052 1179 1150 1233 οὐκ
1178 1180 1365 1235 ἄλλοτε
1399 1184 1493 1236 καὶ
1531 1183 1718 1237 ἄλλοτε
1774 1184 1860 1250 ἐξ-

267 1270 554 1341 εφάνησαν
572 1288 585 1301 ⁸
628 1271 742 1325 ἀλλ’
764 1273 852 1325 ὅτε
886 1274 919 1343 ἡ
942 1271 1156 1344 πρώτη,
1192 1274 1313 1327 τότε
1337 1276 1432 1328 σὺν
1462 1276 1598 1348 αὐτῇ
1628 1276 1742 1348 ἅμα
1765 1277 1860 1331 καὶ

267 1363 325 1427 ἐξ
346 1364 524 1435 αὐτῆς
551 1365 648 1417 καὶ
677 1365 710 1435 ἡ
764 1365 897 1434 ἄλλη
931 1366 1025 1418 καὶ
1063 1367 1095 1435 ή
1131 1367 1293 1437 ἑτέρα
1348 1367 1653 1437 συναῖδίως,
1701 1368 1774 1431 ὡς
1800 1368 1861 1421 τὸ

268 1433 615 1526 ἀπαύγασμα
750 1457 899 1528 πυρί.
930 1433 1148 1512 Κείσθω
1184 1433 1242 1512 δέ
1271 1477 1321 1512 τι
1352 1460 1493 1513 κατὰ
1522 1433 1747 1529 ei?me
1773 1460 1860 1515 λό-

266 1566 361 1617 γον
394 1552 492 1603 καὶ
516 1553 580 1603 ἐκ
612 1550 720 1603 τῶν
768 1551 1053 1623 ἡμετέρων
1088 1552 1395 1625 μαρτυροῦν
1422 1556 1487 1625 τῇ
1519 1555 1739 1626 ἀνάρχῳ
1767 1555 1861 1607 ὲκ-

266 1640 551 1710 πορεύσει,
616 1643 711 1695 καὶ
772 1644 838 1712 τῇ
874 1643 1010 1714 πρὸς
1060 1643 1150 1696 τὸν
1194 1644 1451 1715 μονογενῆ
1508 1644 1640 1697 Θεὸν
1689 1645 1860 1713 Λόγον

266 1733 651 1803 ὁμοουσιότητι
698 1733 793 1787 τοῦ
830 1734 1010 1788 θεῖκοῦ
1065 1735 1183 1800 ἑνὸς
1215 1736 1550 1807 Πνεύματος.
1582 1737 1768 1791 Ἔστιν
1801 1737 1858 1790 δὲ

1965 542 2119 608 bens,
2160 551 2214 595 et
2260 541 2464 606 laesam,
2507 556 2678 609 neque
2728 544 2793 596 ad
2846 542 3296 612 perfectissimam
3330 540 3539 595 theolo-

1964 633 2104 703 giam
2152 634 2438 703 pervenire
2480 632 2681 695 valens,
2720 634 2914 702 quippe
2945 647 3063 701 quae
3109 631 3540 703 concupiscibili,

1963 734 2018 779 et
2049 740 2284 781 venereo
2308 724 2448 779 illius
2474 726 2732 795 appetitui
2766 736 3124 780 consentanea
3151 739 3254 780 non
3284 733 3388 789 est,
3413 724 3539 776 dum

1964 827 2288 886 praesentem
2318 818 2568 887 proponit
2609 816 3050 886 explicationem,
3079 816 3311 871 obscure
3354 830 3535 877 unum,

1964 919 2021 963 et
2052 907 2389 964 salutiferum
2422 908 2682 978 Spiritum
2710 907 2803 963 Dei
2834 917 3081 962 sanctum
3118 907 3394 972 indicavit,
3424 908 3543 962 ani‘

1965 1016 2109 1056 mam
2153 1016 2277 1055 eum
2315 1001 2638 1066 nominans;
2674 1016 2779 1055 non
2818 1000 3052 1056 hominis
3083 1009 3261 1055 tamen
3304 999 3541 1054 animam

1965 1093 2178 1157 dicens,
2209 1092 2301 1147 sed
2337 1090 2597 1155 animam,
2624 1106 2745 1161 qua:
2782 1091 3091 1146 universum
3131 1090 3387 1145 mundum
3422 1105 3544 1159 per-

1964 1184 2148 1238 vadat.
2175 1183 2325 1252 Ipsos
2348 1198 2478 1253 ergo
2501 1182 2840 1237 ethnicorum
2860 1182 3131 1251 sapientes
3158 1180 3344 1235 testari
3368 1180 3537 1243 vides,

1965 1286 2077 1330 tres
2108 1275 2297 1330 beatas
2338 1275 2659 1345 hypostases
2704 1274 2754 1328 in
2799 1289 2904 1328 una
2947 1275 3168 1339 deitate,
3212 1289 3385 1343 neque
3412 1288 3541 1327 vero

1965 1368 2125 1422 aliam
2160 1367 2316 1432 alias,
2355 1367 2593 1423 eluxisse
2623 1385 2637 1422 :
2665 1366 2760 1422 sed
2791 1367 3006 1438 quando
3035 1368 3230 1437 prima,
3264 1376 3391 1421 tunc
3416 1381 3539 1420 cum

1964 1461 2078 1531 ipsa
2110 1458 2292 1524 simul,
2320 1468 2373 1513 et
2408 1475 2472 1513 ex
2505 1460 2644 1528 ipsa,
2687 1459 2851 1513 etiam
2884 1458 3011 1523 alia,
3040 1469 3089 1513 et
3114 1458 3280 1513 altera
3310 1472 3539 1527 persona

1962 1561 2231 1606 coaeterne
2273 1549 2500 1611 exstitit,
2549 1550 2690 1604 sicut
2736 1549 2989 1618 Splendor
3028 1563 3239 1603 coaavus
3283 1557 3365 1602 est
3404 1546 3537 1616 igni.

1965 1643 2071 1697 Sed
2110 1641 2313 1711 aliquid
2352 1642 2513 1696 etiam
2544 1641 2611 1696 de
2656 1651 2845 1695 nostro
2881 1639 3173 1696 offeramus
3208 1656 3275 1695 ex
3305 1639 3537 1695 naturali

1966 1735 2174 1788 ratione
2203 1735 2512 1797 deductum,
2546 1734 2686 1802 quod
2727 1744 2987 1789 mternam
3018 1735 3177 1789 unius
3210 1734 3377 1788 divini
3419 1732 3543 1802 Spi-

262 1820 427 1873 τοῦτο
448 1838 463 1854 ·
495 1820 669 1890 Λόγος
721 1821 782 1874 οὐ
809 1822 1086 1889 γεννᾶται,
1126 1822 1159 1893 ἢ
1201 1804 1535 1891 ἐκφαίνεται,
1571 1824 1645 1897 μὴ
1668 1842 1854 1898 συνορ-

1963 1819 2097 1873 ritus
2119 1818 2547 1886 processionem,
2565 1817 2789 1887 ejusque
2806 1833 2925 1872 cum
2948 1818 3221 1889 unigenito
3235 1817 3345 1872 Deo
3365 1817 3542 1871 Verbo

266 1912 484 1982 μῶντος
510 1913 603 1964 καὶ
634 1913 1148 1984 συμπροερχομένου
1181 1914 1298 1985 ἅμα
1332 1916 1479 1987 αύτῷ
1514 1916 1855 1989 Πνεύματος.

261 2001 467 2055 Πολλοὶ⁸
489 2001 547 2054 δὲ
579 2001 811 2056 τοιοῦτοι
852 2003 912 2067 eg
952 2004 1280 2075 Ἑλληνικῶν
1334 2004 1531 2075 βίϐλων
1559 2007 1727 2076 λόγοι,
1765 2009 1857 2063 καὶ

256 2093 367 2146 οὐκ
390 2092 725 2163 ἀπόϐλητοι*
779 2091 895 2146 ἀλλ’
948 2094 1027 2147 ἔτι
1081 2094 1189 2149 τῶν
1235 2096 1746 2168 ἀπογεγραμμένων
1774 2101 1854 2152 ἐν·

254 2184 442 2239 ταῦθα
470 2185 869 2257 συμφυέστεροι
898 2186 993 2239 καὶ
1024 2187 1283 2261 ίδιώτεροι
1322 2189 1414 2242 ἐπὶ
1473 2189 1633 2243 πλέον
1666 2189 1852 2244 είσαῦ-

254 2277 369 2339 θις,
395 2277 491 2330 ἐὰν
512 2275 591 2346 τῷ
607 2274 725 2345 Θεῷ
746 2277 898 2347 δοκῇ,
922 2278 1002 2340 εἰς
1026 2278 1190 2347 μέσον
1210 2279 1697 2350 προενεχθήσονται
1719 2280 1855 2351 πρὸς

255 2370 442 2441 ἡμῶν.
477 2369 617 2438 Ἐγὼ
646 2371 756 2441 γὰρ
784 2372 879 2425 καὶ
939 2373 989 2425 οἱ
1021 2371 1166 2441 ἐμοὶ,
1195 2371 1270 2435 ὡς
1316 2374 1495 2427 ἴσασιν
1548 2376 1595 2426 οἱ
1633 2376 1852 2447 μνήμης

260 2477 355 2530 μοι
388 2460 492 2530 τῆς
524 2460 655 2531 περὶ
679 2461 778 2532 τὴν
808 2460 1042 2533 ἄναρχον
1068 2462 1164 2515 καὶ⁹
1190 2462 1276 2515 ἀεὶ
1299 2462 1559 2527 ὡσαύτως
1589 2464 1679 2517 καὶ
1709 2464 1851 2519 κατὰ

254 2552 439 2605 ταυτὰ
471 2552 701 2622 ἔχουσαν
749 2554 1029 2625 μακαρίαν
1062 2553 1291 2626 Τριάδα,
1330 2555 1433 2626 τῆς
1469 2555 1716 2627 διδούσης
1763 2556 1849 2610 ἀεὶ

263 2646 446 2710 καλὰ,
487 2646 588 2700 οὐκ
632 2646 1047 2718 ἀφαιρουμένης
1090 2647 1166 2713 δὲ,
1218 2648 1326 2701 οὐδ’
1367 2649 1751 2722 ὀνειδιζούσης,
1788 2650 1846 2705 ἐν

264 2740 392 2801 ταῖς
432 2740 564 2809 παρ’
601 2738 819 2810 ἡμέραν
859 2737 1087 2803 ταύταις
1133 2739 1447 2804 συνουσίαις
1489 2744 1853 2812 κοινωνήσαν-

260 2854 382 2928 haec
438 2852 701 2928 Didymus
749 2854 999 2928 dictaret.
1052 2854 1386 2928 Theodosius
1437 2858 1582 2911 enim
1628 2857 1853 2928 Magnus

264 2926 570 2995 imperatgr
591 2924 710 2990 ejus
736 2926 935 2993 scripta
967 2928 1086 2995 igne
1109 2924 1310 2979 aboleri
1330 2928 1584 2994 iusserat.

338 2994 457 3065 (45)
495 2992 865 3069 ΡνοῙενεηιιινέ
903 2992 1055 3062 Quod
1086 2997 1175 3051 hic
1203 2992 1505 3065 pollicetur,
1544 3008 1762 3069 praestat
1792 2999 1857 3053 li-

266 3065 367 3119 brn
402 3066 589 3127 tertio,
623 3081 742 3133 cap.
781 3065 889 3120 εει
914 3082 1064 3135 seqq.

336 3135 454 3205 (46)
495 3136 855 3210 Alternorum_
888 3138 1113 3191 dierum.
1154 3135 1399 3192 Perbelle
1436 3138 1549 3193 haec
1584 3139 1634 3193 in
1698 3139 1861 3210 Didy-

265 3221 416 3261 mum
443 3207 714 3272 quadrant
774 3224 789 3260 :
831 3205 1120 3261 Auctorem
1175 3210 1317 3261 enim
1360 3210 1598 3263 indicant
1628 3221 1681 3264 et
1732 3205 1860 3263 Ale-

266 3277 617 3336 xandrinum,
669 3286 724 3330 et
772 3275 1151 3331 Alexandrinae
1199 3278 1448 3333 Ecclesia:
1509 3282 1857 3335 eatechistam

268 3356 429 3414 atque
480 3346 783 3400 doctorem.
838 3346 973 3401 Nam
1033 3361 1364 3415 congressus
1390 3350 1498 3412 i5ti,
1538 3350 1654 3404 sive
1679 3351 1859 3405 eccle-

270 3416 472 3471 siastici
503 3425 805 3470 conventus
833 3417 1056 3470 alternis
1087 3418 1275 3471 diebus
1321 3420 1660 3474 Alexandria:
1695 3422 1861 3473 babe-

275 3486 491 3548 bantur,
523 3501 720 3552 nempe
747 3484 882 3541 feria
918 3496 1135 3554 quarta,
1175 3487 1308 3542 feria
1344 3498 1515 3553 sexta,
1548 3506 1612 3545 ac
1645 3491 1731 3543 die
1763 3490 1862 3544 Do-

276 3555 477 3608 minico
533 3554 825 3611 :Sabbato
872 3566 1051 3626 autem
1117 3573 1223 3611 non
1277 3560 1627 3613 habebantur.
1688 3561 1858 3626 Quem

278 3639 482 3700 morem
515 3626 870 3700 Epiphanius,
909 3624 1202 3700 Salamina:
1243 3628 1296 3682 in
1333 3629 1509 3700 Cypro
1534 3630 1673 3683 haud
1702 3624 1860 3700 longe

273 3698 345 3769 ab
378 3694 869 3769 Alexandrinorum
908 3697 1132 3769 civitate
1178 3694 1510 3769 degensfex
1548 3694 1859 3769 apostolicis

270 3764 479 3840 derivat
536 3766 892 3840 temporibus,
908 3782 1045 3840 cum
1079 3768 1131 3820 in
1166 3764 1682 3840 Expositione/Mei,
1710 3786 1855 3825 nunt.

263 3833 359 3897 22,
394 3845 531 3889 tom.
556 3836 600 3899 1,
632 3851 753 3904 pag.
792 3836 923 3891 1101
958 3837 1073 3891 haec
1098 3833 1287 3892 scribit
1322 3854 1337 3892 :
1371 3833 1628 3905 Συνάξεις
1658 3840 1715 3894 δὲ
1743 3842 1860 3893 ὲπι-

260 3906 589 3977 τελούμεναι
631 3905 914 3975 ταχθεῖσαι
950 3908 1087 3963 εἰσιν
1118 3907 1225 3962 ἀπὸ
1269 3910 1377 3963 τῶν
1408 3911 1739 3975 ἀποστόλων,
1768 3928 1860 3963 τε·

261 3977 570 4057 τράξι,κσξι
595 3977 985 4057 πῳσαξσάτῳ.
1021 3978 1117 4032 καὶ
1178 3981 1453 4053 κυριακῇ.
1482 3980 1612 4048 Qua:
1637 3982 1715 4035 sic
1740 3995 1861 4035 ver-

266 4045 334 4121 tit
366 4045 689 4121 Petavius;
733 4066 752 4100 ι
779 4045 944 4121 Sacri
966 4062 1133 4118 porro
1162 4045 1583 4121 conventum'et
1624 4066 1860 4121 synaxes

263 4120 336 4171 ab
384 4118 644 4186 apostolis
677 4117 936 4172 instituta!
975 4117 1112 4172 sunt
1161 4118 1243 4174 his
1266 4121 1599 4187 potissimum
1642 4117 1856 4186 diebus,

265 4198 507 4262 quarta,
545 4198 808 4260 sextaqne
854 4187 1014 4262 feria,
1046 4200 1101 4241 et
1148 4190 1443 4262 Dnminica.
1473 4211 1493 4245 ι
1545 4193 1657 4262 Ego
1682 4201 1857 4246 autem

267 4259 349 4311 sic
380 4260 568 4311 malim
597 4256 812 4313 vertere
844 4275 861 4329 ς
920 4277 939 4311 t
967 4256 1277 4329 Synaxibus
1310 4273 1486 4315 autem
1520 4256 1859 4317 cel'ebrandis

265 4338 489 4404 quarta,
521 4337 781 4397 sextaque
833 4328 987 4393 feria,
1012 4328 1020 4329 7
1043 4338 1105 4404 et
1150 4331 1450 4399 Dominica,
1480 4333 1593 4404 jam
1628 4333 1752 4387 inde
1791 4334 1859 4387 ab

1958 1908 2581 1963 consubstantialitatem
2632 1907 2939 1963 confirmet.
2985 1908 3080 1963 Est
3134 1918 3311 1962 autem
3354 1907 3543 1977 hujus-

1960 2004 2126 2058 inodi.
2152 2000 2343 2059 Sermo
2368 2018 2468 2057 non
2497 2012 2810 2073 generatur,
2834 2011 2927 2057 aut
2947 2016 3052 2056 non
3077 2000 3318 2067 ell‘ertur,
3346 2000 3448 2056 nisi
3472 2002 3544 2055 si-

1961 2094 2071 2150 mul
2101 2111 2223 2149 cum
2250 2096 2365 2165 ipso
2386 2094 2621 2165 Spiritus
2641 2104 2819 2163 exeat,
2841 2104 2893 2150 et
2908 2095 3183 2165 procedat.
3204 2094 3392 2149 Plures
3411 2109 3540 2148 vero

1958 2187 2079 2242 aliae
2124 2186 2433 2256 huiusmodi
2488 2187 2749 2250 rationes,
2790 2200 2854 2241 ac
2900 2185 3181 2251 doctrinae,
3213 2201 3396 2257 emque
3435 2201 3539 2240 non

1962 2278 2352 2347 improbandae,
2377 2278 2504 2345 quin
2542 2276 2711 2330 multo
2733 2277 2909 2331 adhuc
2939 2276 3110 2346 magis
3134 2277 3198 2329 ad
3230 2292 3342 2330 rem
3375 2275 3541 2344 perti-

1957 2380 2177 2435 nentes,
2208 2368 2487 2439 magisque
2512 2368 2763 2437 propriae,
2794 2382 2957 2439 quam
2989 2383 3111 2437 qua:
3145 2368 3232 2423 hic
3259 2368 3543 2437 exscripta:

1954 2470 2101 2525 sunt,
2156 2475 2365 2525 rursus,
2410 2460 2453 2514 si
2508 2459 2618 2515 Deo
2662 2462 2835 2516 visum
2882 2460 3065 2527 fuerit,
3119 2476 3184 2513 ex
3230 2459 3539 2514 Gmcoruin

1953 2552 2107 2611 libris
2145 2553 2197 2607 in
2234 2553 2469 2607 medium
2500 2568 2529 2606 a
2572 2552 2729 2608 nobis
2764 2550 3259 2623 proferenturHS).
3301 2549 3368 2606 Ut
3393 2550 3538 2605 enim

1960 2654 2158 2701 norunt
2172 2646 2261 2714 qui
2288 2645 2341 2699 in
2359 2644 2857 2699 hiscealternorum
2880 2644 3086 2699 dierum
3106 2642 3219 2715 (46)
3238 2640 3541 2713 congressi-

1958 2738 2058 2794 bus
2093 2738 2204 2809 (47)
2233 2735 2394 2808 305
2424 2751 2766 2791 communem
2800 2750 3008 2790 mecum
3044 2735 3349 2790 habuerunt
3388 2748 3540 2789 com-

1961 2834 2210 2924 leguntur
2236 2869 2408 2909 sacrae
2439 2854 2755 2922 Scriptura,
2806 2866 3007 2923 easque
3072 2854 3318 2924 doctores
3366 2854 3536 2908 inter-

1962 2922 2259 2995 pretantur;
2283 2934 2335 2978 et
2353 2935 2543 2977 cuncta
2570 2926 2725 2988 tiunt,
2759 2922 2956 2991 quaead
2974 2922 3219 2994 synaxim
3239 2924 3537 2995 pertinent,

1963 2994 2188 3064 excepta
2228 2996 2609 3066 mysteriorum
2642 2994 3026 3048 celebratione.
3065 2998 3241 3066 Atque
3289 2994 3374 3047 hic
3421 3009 3541 3048 inos

1887 3071 1932 3131 (ζ
1963 3062 2344 3120 Alexandrinae
2373 3064 2629 3119 Ecclesiae
2673 3071 2919 3119 vetustus
2972 3073 3075 3119 est.
3120 3062 3344 3117 Constat
3393 3066 3536 3117 enim

1965 3136 2250 3203 Origenem
2290 3136 2374 3188 his
2400 3145 2459 3189 ut
2502 3134 2789 3203 plurimum
2827 3134 3017 3189 diebus
3066 3136 3116 3188 in
3164 3133 3536 3203 ecclesiaﬁdo-

1963 3202 2161 3262 cuisse.
2198 3224 2215 3257 ι
2253 3202 2535 3271 Legendus
2565 3206 2727 3258 etiam
2759 3206 3092 3259 Sozomenus
3131 3203 3224 3257 lib.
3277 3217 3349 3256 vit
3392 3202 3536 3261 Hist.

1962 3276 2111 3339 eccl.,
2151 3291 2268 3344 cap.
2302 3275 2390 3341 19,
2420 3290 2483 3327 ac
2517 3274 2852 3342 Nicephorus
2876 3274 3131 3330 Callistus
3168 3274 3258 3330 lib.
3290 3289 3386 3337 xn,
3414 3290 3535 3341 cap.

1962 3347 2051 3401 54.
2088 3346 2384 3412 Quamdam
2417 3360 2542 3397 vero
2577 3345 2704 3397 huic
2733 3359 2834 3397 non
2878 3346 3191 3399 dissimilem
3244 3354 3535 3399 consuetu-

1962 3418 2141 3471 dinem
2172 3426 2386 3478 octavo,
2424 3421 2478 3467 et
2508 3429 2649 3468 nono
2683 3415 2879 3468 saeculo
2910 3416 2960 3468 in
2989 3415 3332 3469 monasteriis
3356 3417 3537 3468 adhuc

1965 3487 2201 3555 viguisse
2232 3495 2530 3555 constatex
2566 3484 2835 3555 Theodori
2869 3485 3093 3555 Studita:
3128 3485 3359 3555 epistola,
3382 3484 3445 3539 10
3469 3486 3537 3537 ad

1962 3552 2237 3611 NiColaum
2277 3554 2437 3625 (apud
2460 3553 2805 3625 Sirmondum
2845 3554 3057 3619 tom.V,
3090 3552 3213 3623 pag.
3247 3552 3369 3624 198)
3401 3570 3414 3607 :
3457 3557 3539 3625 sic

1962 3628 2105 3681 enim
2168 3623 2443 3679 Nicdlaum
2500 3624 2675 3692 ipsum
2730 3623 2981 3678 hortatur
3028 3633 3250 3678 sanctus
3296 3624 3531 3693 praesul:

1969 3716 1987 3748 ε
2019 3697 2158 3751 Cura
2189 3710 2409 3764 prorsus
2437 3705 2488 3747 ut
2536 3694 2864 3748 catecbesim
2915 3696 3153 3762 qualibet
3203 3695 3537 3748 hebdomade

1965 3779 2047 3821 ter
2081 3763 2248 3820 facias
2303 3766 2367 3819 ad
2412 3780 2727 3831 vesperam;
2777 3767 3028 3832 quoniam
3092 3782 3122 3818 a
3178 3763 3430 3819 Patribus
3482 3765 3536 3818 id

1962 3836 2217 3892 traditum
2249 3846 2353 3898 est,
2384 3845 2437 3889 et
2459 3834 2717 3887 salutare.
2745 3852 2764 3885 ι
2806 3837 2873 3887 At
2903 3845 3094 3889 contra
3126 3835 3177 3889 in
3207 3834 3533 3890 Caesariensi

1963 3908 2227 3977 Ecclesia,
2258 3905 2487 3972 exempli
2523 3903 2716 3974 gratia,
2757 3905 2966 3977 Didymi
3007 3916 3166 3963 aetate
3192 3914 3249 3960 et
3298 3904 3536 3960 Sabbato

1961 3980 2123 4033 etiam
2146 3976 2487 4048 habebantur
2514 3988 2766 4048 synaxes,
2797 3976 2883 4048 et;
2897 3976 3033 4048 feria
3057 3988 3252 4048 quarta
3273 3985 3534 4045 sextaque

1962 4043 2779 4118 distribuebaturEucharistia.
2813 4062 2833 4098 ι
2864 4044 2974 4118 Nos
3014 4043 3177 4118 igitur
3203 4056 3396 4117 quater
3419 4043 3533 4100 sin-

1962 4120 2102 4189 gulis
2129 4117 2448 4189 septimanis
2481 4116 2579 4189 (ait
2605 4114 2837 4189 Basilius
2870 4114 3191 4189 epist.'2§9)
3223 4114 3530 4173 communi-

1963 4185 2510 4251 cantuspbominica,
2556 4185 2692 4240 feria
2742 4199 2956 4253 quarta,
3002 4189 3056 4242 in
3108 4185 3428 4247 Parasceve,
3479 4196 3533 4239 et

1964 4258 2221 4313 Sabbatn.
2262 4276 2281 4309 ι
2318 4258 2633 4311 lnltomana
2663 4272 2788 4311 vero
2830 4255 3069 4312 Ecclesia
3117 4272 3365 4327 quaenam
3415 4265 3531 4309 tum

1964 4331 2170 4398 vigeret
2197 4329 2534 4398 consuetudo
2560 4329 2749 4382 saltem
2791 4328 3231 4398 Quadragesimaa
3267 4338 3529 4398 tempore,

266 4396 643 4479 apostolorum
696 4396 945 4479 tempore
1000 4399 1288 4479 assignatas
1336 4396 1526 4457 suntf»
1561 4405 1728 4457 Porro
1768 4404 1851 4457 bis
1883 4420 1928 4475 ι)
1955 4396 2158 4479 indicat
2186 4400 2349 4479 etiam
2381 4399 2439 4453 S.
2466 4397 2576 4453 Leo
2610 4399 2680 4479 in,
2685 4411 2936 4479 sermone
2960 4408 3160 4478 quarto
3181 4397 3255 4451 De
3282 4396 3530 4462 Quadra-

267 4468 405 4538 ipsis
458 4468 649 4523 diebus
694 4471 1007 4524 catecbeses
1038 4468 1238 4525 habere
1280 4484 1674 4528 consueverant
1703 4485 1850 4528 cate-

266 4539 462 4593 cbistae
490 4539 839 4593 Alexandrini
882 4560 894 4594 :
943 4540 1097 4609 isque
1125 4556 1241 4595 mos
1273 4544 1322 4595 in
1354 4545 1718 4597 Alexandrina
1742 4544 1844 4598 Ec-

264 4609 435 4663 clesia
466 4621 709 4664 vetustus
736 4620 877 4673 erat,
908 4612 1105 4684 quippe
1152 4614 1254 4684 qui
1277 4614 1343 4665 ab
1378 4613 1607 4682 Origene
1643 4616 1850 4684 Didymi

264 4692 611 4748 pmcessore
662 4690 910 4735 servatus
946 4683 1154 4738 fuisset.
1213 4682 1336 4737 Haec
1374 4688 1553 4739 omnia
1608 4682 1852 4739 Socratis

268 4752 588 4823 testimonio
627 4750 997 4823 conﬁrmanda
1031 4762 1175 4823 sunt,
1208 4756 1350 4823 quod
1381 4758 1664 4810 brevitatis
1687 4771 1851 4810 cau~a

263 4819 699 4893 Latine_tantum
741 4820 982 4888 aderam.
1031 4820 1078 4875 Is
1129 4819 1258 4891 ergo
1298 4825 1390 4879 lib.
1424 4842 1453 4879 v
1511 4826 1652 4881 Ilist.
1699 4827 1849 4893 eccl.,

265 4906 391 4967 ςειρ.
419 4890 513 4967 βε,
543 4901 825 4967 postquam
869 4893 1049 4967 varios
1082 4890 1469 4967 Ecclesiarum,
1496 4909 1756 4967 quantum
1784 4890 1850 4950 ad

259 4961 476 5038 jejunia
526 4962 779 5031 pertinet,
842 4961 978 5038 ritus
1040 4966 1308 5032 exposuit,
1375 4967 1485 5021 haec
1513 4961 1849 5038 'subjungit:

273 5050 293 5083 ι
320 5031 479 5097 Quod
516 5047 643 5105 vero
671 5042 877 5101 spectat
906 5033 971 5086 ad
1000 5031 1255 5105 synaxes,
1297 5053 1401 5091 non
1435 5040 1608 5092 minor
1630 5031 1850 5093 'est'va-

268 5106 459 5157 rietas.
518 5101 653 5155 Nam
699 5120 819 5157 cum
848 5101 1045 5158 omnes
1066 5104 1263 5174 ubique
1303 5118 1569 5161 terrarum
1603 5109 1851 5163 Ecclesia:

265 5189 369 5249 per
393 5175 1031 5249 singulashebdomadas
1050 5176 1136 5231 die
1164 5177 1384 5232 Sabbati
1408 5194 1559 5233 sacra
1595 5180 1850 5249 mysteria

263 5245 574 5316 celebrent,
602 5244 949 5298 Alexandrini
976 5255 1173 5313 tamen,
1211 5259 1266 5302 et
1300 5250 1549 5316 Romani,
1578 5244 1847 5305 veiustam

262 5315 564 5384 quamdam
594 5316 937 5368 traditionem
991 5319 1188 5383 secuti,
1236 5319 1286 5373 id
1322 5319 1498 5374 facere
1526 5324 1846 5375 detrectant.

262 5382 378 5440 Sed
399 5382 680 5456 ﬁ‘lgyptii,
708 5386 798 5455 qui
827 5385 1205 5456 Alexandrinis
1250 5392 1408 5444 vicini
1465 5402 1617 5454 sunt,
1668 5402 1722 5445 et
1785 5393 1847 5456 ii,

261 5456 358 5532 qui
387 5454 740 5532 Thebaidem
768 5456 1029 5532 incolunt,
1056 5455 1297 5512 Sabbato
1336 5462 1550 5532 quidem
1612 5454 1849 5532 synaxes

257 5528 579 5593 celebrant;
606 5541 711 5600 non
741 5529 1110 5600 tanten._sicut
1140 5545 1253 5600 mos
1280 5528 1367 5584 est
1388 5528 1844 5600 Christianorum,

258 5612 421 5655 sacra
462 5596 722 5666 mysteria
764 5597 1093 5669 percipiunt.
1146 5598 1437 5668 Postquam
1473 5604 1615 5655 enim
1648 5596 1845 5669 epulati

259 5678 413 5734 sunt,
447 5676 511 5742 et
545 5671 695 5742 omni
711 5668 972 5742 _ciburunt
1001 5683 1199 5742 genere
1232 5672 1481 5742 satur-ali,
1514 5674 1617 5726 sub
1660 5668 1847 5742 vespe-

258 5753 377 5793 ratu
402 5738 683 5793 oblatione
707 5737 847 5791 facta
874 5740 1290 5794 communicant.
1323 5741 1590 5796 Pnaterea
1614 5737 1845 5796 Alexan—

254 5810 391 5872 dri;
423 5820 624 5881 quarta
655 5808 818 5877 feria,
852 5818 905 5865 et
950 5824 1037 5877 ea,
1093 5825 1214 5880 qua:
1276 5812 1472 5868 dicitur
1518 5811 1841 5882 Parasceve,

1952 4470 2150 4548 gesima
2176 4471 2256 4548 si_c
2286 4473 2509 4548 loquens
2539 4486 2552 4523 :
2592 4486 2611 4519 ί
2648 4466 2896 4548 Secpnda
2931 4466 3143 4548 igitur,
3209 4480 3262 4523 et
3312 4476 3529 4548 quarta,

1955 4536 2008 4602 ἵει
2030 4546 2179 4595 sexta
2215 4536 2678 4607 feria'jejunemus
2701 4552 2716 4591 :
2741 4536 3193 4608 Sabbato’autem
3222 4539 3360 4608 apud
3401 4538 3528 4608 beat

1961 4628 2071 4672 tum
2108 4609 2325 4665 Petrum
2358 4604 2657 4679 apostolum
2707 4607 2917 4679 vigilias
2957 4604 3315 4663 celebremus.
3352 4624 3371 4657 ι
3413 4604 3528 4660 Etsi

1955 4686 2099 4743 enim
2136 4683 2250 4737 haec
2282 4676 2443 4735 Verba
2475 4678 2790 4745 Quesnellus
2827 4676 2897 4730 ibi
2921 4680 3276 4748 expungenda
3311 4692 3531 4733 censue-

1956 4760 2046 4817 rit,
2070 4768 2193 4808 cum
2224 4764 2401 4806 tamen
2423 4753 2473 4804 in
2505 4750 2829 4820 pervetustis
2856 4750 3255 4818 exemplaribus
3283 4756 3527 4813 exstent,

1954 4825 2231 4884 retinenda
2265 4822 2528 4877 videntur.

2027 4894 2140 4970 (47)
2171 4892 2235 4970 In
2260 4893 2464 4970 hisce...
2491 4891 2868 4970 congressibus.
2900 4891 3091 4970 Videat
3121 4890 3311 4970 lector,
3331 4901 3522 4970 utrum

1955 4962 2154 5023 locutio
2183 4969 2315 5029 base,
2348 4966 2405 5019 ὲν
2426 4963 2673 5027 ταύταις,
2714 4962 2767 5015 id
2812 4974 2915 5027 est,
2974 4983 2991 5015 ι
3025 4965 3078 5017 in
3126 4962 3231 5025 bis,
3265 4980 3284 5013 ›
3330 4964 3528 5017 iudicet

1954 5040 2240 5109 Didymum
2272 5035 2530 5109 concisiut
2554 5034 2721 5087 libros
2753 5034 2915 5109 hosce
2961 5034 3037 5109 De
3092 5030 3527 5109 Triuitate,__aut

1954 5102 2139 5164 eor-um
2178 5116 2383 5175 partem
2418 5105 2655 5172 aliquam
2710 5102 2969 5175 recitasse
3012 5105 3063 5157 in
3116 5105 3521 5175 congressibus,

1953 5196 2088 5247 quos
2112 5172 2272 5232 modo
2305 5175 2433 5237 dixi,
2462 5178 2587 5230 dum
2613 5172 2924 5229 catechista:
2947 5188 3168 5247 munere
3186 5173 3521 5247 iungeretur.

1953 5244 2108 5319 Quod
2131 5262 2260 5302 vero
2284 5247 2476 5319 attinet
2505 5247 2570 5298 ad
2603 5258 2815 5319 vocem,
2844 5244 3169 5319 συνουσίαις,
3200 5246 3301 5319 hac
3325 5246 3523 5319 potius,

1951 5313 2112 5391 quam
2165 5313 2886 5391 synaxium‘nomineideo
2942 5315 3388 5391 fortasse‘utitur
3436 5314 3526 5368 Di-

1952 5385 2169 5463 dymus,
2194 5385 2338 5457 quod
2369 5387 2421 5441 in
2454 5386 2816 5440 Alexandrina
2844 5387 3082 5441 Ecclesia
3117 5385 3263 5463 feriis
3305 5397 3522 5463 quarta,

1952 5456 2005 5516 ei
2039 5472 2191 5515 sexta
2216 5456 2321 5512 non
2355 5469 2745 5529 peragerentur
2770 5472 2926 5512 sacra
2952 5458 3231 5529 mysteria,
3260 5468 3353 5509 aut
3376 5456 3527 5529 quod

1949 5533 1985 5587 ii
2016 5538 2331 5593 conventus,
2374 5528 2573 5599 quibus
2606 5542 2712 5583 non
2748 5528 3050 5598 episcopus,
3090 5542 3196 5582 non
3245 5528 3527 5599 presbyter

1949 5612 2203 5672 praeerat,
2240 5601 2336 5672 sed
2378 5597 2835 5672 iiiagister_nullis
2883 5597 3054 5653 sacris
3090 5599 3373 5672 ordinibus
3414 5597 3525 5651 ini-

1949 5668 2134 5735 iiatns,
2167 5670 2466 5737 cuiusmodi
2490 5681 2606 5740 erat
2648 5669 2925 5740 Didymus,
2964 5670 3134 5739 magis
3160 5668 3375 5740 proprie
3403 5683 3529 5723 συν-

1948 5742 2146 5811 ουσίαι,
2184 5756 2343 5813 quam
2372 5737 2618 5808 συνάξεις
2647 5737 3060 5811 appellarentur.
