4060 6406
637 380 746 434 763

639 489 1082 546 memoratioan
1108 491 1220 563 ('48)
1244 501 1479 557 atteram,
1503 501 1556 546 et
1580 490 1739 546 simili
1768 508 1981 561 semper
2008 493 2222 546 eodem-

637 597 742 650 que
775 582 933 636 modo
959 599 1019 637 se
1057 584 1301 638 habentis
1343 584 1513 638 beatae
1566 583 1866 648 Trinitatis,
1914 599 2032 652 qua:
2083 591 2218 638 bona

638 686 702 723 ac
730 670 993 738 praeclara
1040 689 1256 740 semper
1301 673 1533 742 largitur
1582 672 1715 745 (49),
1773 689 1872 728 nec
1922 690 1982 726 ea
2025 675 2218 740 aufert,

640 770 732 812 ant
779 764 1073 830 exprobrat
1130 763 1264 833 (50),
1319 765 1519 818 nullum
1570 780 1805 834 unquam
1859 763 1957 817 fuit
1987 774 2221 834 tempus,

639 868 746 921 quo
787 868 886 924 ego
916 869 1017 906 una
1051 869 1170 907 cum
1207 855 1341 909 meis
1373 857 1698 910 cessaverim
1739 854 1852 927 [51]
1889 857 1962 928 (in
1997 859 2224 910 sanctis—

643 947 780 1000 simo
820 955 1000 1000 autem
1038 949 1204 1016 ipsius
1252 947 1535 1001 Trinitatis
1588 947 1806 1001 nomine
1849 949 2028 1002 omnia
2080 949 2220 1001 dicta

643 1035 773 1097 sint,
810 1043 864 1088 et
895 1035 1050 1099 fiant,
1085 1048 1138 1089 et
1189 1037 1371 1105 quiete
1409 1035 1798 1106 deliberentur)
1830 1036 2075 1090 mihimet
2122 1035 2222 1105 ipsi

640 1135 696 1178 et
736 1125 869 1180 meis
894 1128 1072 1180 omnia
1112 1127 1529 1182 subministrare
1577 1127 1713 1198 (ipsa
1764 1127 1932 1188 enim,
1976 1143 2096 1180 cum
2149 1126 2221 1180 sit

641 1219 880 1272 omnium
912 1234 1095 1284 causa,
1125 1221 1321 1273 nullius
1373 1221 1450 1274 rei
1489 1220 1710 1288 indiget,
1739 1234 1803 1272 ac
1854 1220 2005 1272 nobis
2057 1218 2222 1286 prod-

640 1324 763 1363 esse
807 1320 1010 1364 tantum
1071 1312 1186 1380 ipsa
1255 1312 1478 1380 potest),
1546 1327 1663 1366 eam
1724 1322 1777 1365 et
1827 1310 2117 1374 adoraudo,
2171 1321 2226 1364 et

644 1401 1016 1472 glui-ifieando,
1063 1413 1119 1458 et
1153 1418 1248 1472 pro
1301 1407 1436 1457 meis
1495 1403 1697 1458 viribus
1747 1401 2112 1458 celebrando:
2162 1419 2225 1458 ac

645 1499 790 1551 nullo
822 1513 1054 1566 unquam
1099 1509 1342 1566 tempore
1377 1511 1482 1549 non
1541 1495 1806 1558 dictitavi,
1841 1509 1934 1548 eos
1969 1494 2120 1549 valde
2172 1496 2224 1549 in

646 1605 798 1642 suam
836 1589 1075 1658 ipsorum
1116 1587 1412 1655 perniciem
1467 1600 1714 1655 peccare,
1765 1585 1854 1652 qui
1905 1584 2224 1654 przeelarum

643 1679 866 1748 aliquid,
917 1695 979 1733 ac
1024 1681 1267 1748 sapiente
1320 1679 1538 1746 dignum
1585 1677 1650 1730 de
1713 1676 1803 1729 illa
1853 1677 1940 1730 vel
2019 1677 2226 1732 discere

647 1774 946 1842 negligant,
985 1772 1065 1826 vel
1097 1773 1316 1826 docere.
1349 1771 1498 1828 Nunc
1525 1790 1676 1839 vero,
1709 1790 1829 1829 cum
1860 1789 1922 1828 ea
1961 1775 2224 1827 duntaxat

644 1863 880 1924 stabilia,
910 1873 962 1917 et
995 1862 1145 1915 ﬁrma
1185 1874 1305 1915 esse
1354 1863 1597 1929 credam,
1647 1879 1768 1933 qua;
1821 1861 2060 1916 Trinitas
2112 1863 2222 1930 ipsa

643 1955 948 2026 praecurrit,
1001 1955 1198 2008 mentis
1223 1954 1409 2009 oculos
1458 1954 1596 2023 (52),
1641 1963 1697 2008 ιιι
1739 1955 1909 2020 soleo,
1962 1969 2066 2008 una
2103 1969 2222 2006 cum

647 2064 876 2116 corpore
901 2063 1116 2101 sursum
1170 2047 1456 2102 intendens
1510 2048 1620 2118 (55)
1665 2049 1906 2118 supplico
1957 2063 2076 2102 eum
2128 2061 2225 2114 pro

646 2155 733 2192 me
767 2140 904 2207 ipso,
940 2146 1050 2191 tum
1086 2155 1182 2206 pro
1215 2139 1303 2202 iis,
1333 2141 1424 2210 qui
1461 2139 1566 2192 orti
1598 2151 1723 2193 sunt
1753 2156 1818 2193 ex
1852 2155 1959 2204 me,
1991 2151 2099 2193 tum
2129 2153 2226 2208 pro

646 2231 734 2296 iis,
767 2232 857 2299 qui
893 2246 956 2284 ex
993 2231 1126 2299 ipsis
1179 2231 1289 2284 nati
1345 2241 1491 2296 sunt,
1520 2243 1573 2285 et
1614 2244 1936 2296 nascentur;
1979 2247 2042 2285 ac
2073 2231 2222 2285 insu-

645 2336 740 2392 per
771 2323 1035 2376 Salvalnri
1068 2322 1283 2378 Christo
1313 2323 1592 2387 obedieus,
1645 2326 1736 2392 qui
1781 2339 1938 2378 Orare
1994 2324 2223 2376 alterum

645 2429 745 2483 pro
783 2414 952 2467 altero
977 2429 1074 2468 nos
1100 2414 1281 2482 jussit,
1314 2429 1411 2484 pro
1437 2416 1704 2470 universis
1733 2416 2039 2470 hominibus
2065 2415 2228 2486 306

646 2508 912 2576 supplico,
958 2523 1020 2562 ea
1069 2507 1274 2572 dicens,
1327 2525 1446 2579 qua:
1496 2507 1702 2563 Psaltes
1750 2509 1803 2562 in
1862 2524 1967 2562 Lxx
2015 2509 2226 2576 pSalmo

645 2616 810 2654 orans
841 2601 917 2653 ait
948 2618 962 2654 :
999 2618 1018 2651 ι
1053 2601 1106 2654 ln
1142 2612 1214 2666 te,
1251 2602 1472 2655 Domine
1501 2601 1637 2672 (54),
1673 2601 1908 2671 speravi,
1965 2617 2031 2656 ne
2093 2617 2224 2657 con-

649 2691 845 2746 fundar
878 2693 929 2745 in
956 2693 1255 2746 szeeulum;
1295 2694 1346 2747 in
1379 2693 1588 2762 justitia
1640 2683 1735 2745 'tua
1791 2692 1961 2746 libera
2016 2708 2121 2757 me,
2173 2702 2227 2748 et

645 2786 794 2852 eripe
824 2799 944 2848 me;
979 2785 1177 2837 inclina
1219 2785 1283 2838 ad
1311 2799 1395 2837 me
1431 2799 1617 2838 aurem
1648 2793 1814 2849 tuam,
1849 2796 1904 2838 et
1937 2784 2086 2840 salva
2119 2799 2222 2840 me.

646 2873 779 2928 Esto
812 2874 941 2927 mihi
980 2875 1031 2927 in
1073 2876 1237 2929 Deum
1286 2885 1642 2943 protectorem
1678 2876 1815 2946 (55),
1865 2886 1918 2930 et
1959 2876 2012 2929 in
2048 2876 2225 2930 locum

646 2968 938 3032 munitum,
969 2979 1026 3020 ut
1050 2969 1256 3021 salvum
1292 2984 1375 3021 me
1403 2969 1600 3034 facias,
1627 2968 1883 3036 quoniam
1914 2969 2226 3022 tlrmamen~

648 3069 760 3113 tum
799 3077 994 3127 meum,
1025 3073 1078 3115 et
1113 3062 1378 3130 refugium
1411 3077 1588 3116 meum
1620 3077 1678 3115 es
1736 3069 1813 3118 tu.
1859 3062 2000 3117 Deus
2055 3077 2226 3128 meus,

647 3155 797 3222 eripe
853 3170 938 3208 me
992 3156 1058 3208 de
1089 3171 1251 3207 manu
1318 3155 1643 3223 peccatoris,
1699 3155 1764 3208 de
1817 3169 1978 3207 manu
2039 3165 2228 3208 contra

648 3245 822 3312 legem
850 3247 1060 3317 agentis
1106 3256 1160 3300 et
1210 3247 1400 3315 iniqui.
1452 3245 1715 3311 Quoniam
1764 3255 1817 3298 tu
1874 3259 1933 3300 es
1967 3245 2226 3313 patientia

651 3355 790 3404 mea,
837 3338 1079 3401 Domine,
1113 3338 1353 3401 Domine,
1383 3353 1505 3406 spes
1538 3352 1652 3389 mea
1686 3355 1713 3390 ει
1747 3339 2031 3406 juventule
2085 3352 2224 3391 mea.

653 3427 711 3482 In
754 3438 803 3482 te
838 3415 1194 3482 confirmatus
1223 3444 1341 3481 sum
1379 3444 1445 3483 ex
1477 3439 1656 3494 utero,
1690 3428 1755 3480 de
1804 3437 1991 3480 ventre
2040 3429 2227 3482 matris

653 3536 786 3574 mete
818 3529 872 3572 ιιι
903 3534 963 3574 es
1002 3530 1273 3589 protector
1303 3535 1473 3574 meus.
1503 3517 1558 3572 ln
1593 3528 1644 3572 te
1669 3519 1902 3574 laudatio
1935 3535 2050 3572 mea
2083 3535 2226 3572 seiu-

653 3626 781 3678 per:
819 3619 1072 3678 tanquam
1111 3609 1408 3676 prodigium
1466 3605 1638 3660 factus
1682 3622 1802 3660 sum
1855 3605 2038 3659 multis
2088 3603 2224 3675 (56),

651 3712 708 3754 et
742 3713 824 3770 tu,
853 3701 1077 3755 Domine
1109 3700 1244 3770 (57),
1277 3699 1488 3766 adjutor
1514 3715 1664 3753 meus
1705 3697 1878 3753 fortis.
1942 3697 2229 3766 Repleatur

651 3809 714 3848 os
745 3809 918 3847 meum
953 3793 1130 3858 laude,
1174 3803 1231 3847 ul
1266 3803 1475 3848 cantem
1506 3792 1615 3863 (58)
1647 3791 1873 3862 gloriam
1916 3801 2084 3856 tuam,
2120 3800 2227 3845 tota

653 3886 742 3939 die
781 3884 1237 3954 magnificentiam
1289 3895 1454 3956 tuam.
1493 3884 1570 3939 Ne
1605 3883 1859 3953 projicias
1884 3896 1970 3936 me
2009 3883 2060 3935 in
2095 3894 2229 3936 tem-

653 3995 786 4050 pore
831 3978 1125 4033 senectutis
1173 3975 1321 4049 (59);
1377 3977 1503 4032 dum
1548 3978 1728 4032 detieit
1779 3975 2038 4030 fortitudo
2091 3989 2228 4040 mea,

724 4195 835 4267 (48)
860 4193 1452 4269 Caututcmoratiouem._
1487 4195 1542 4249 In
1576 4196 2056 4269 Grmco,_pvﬁpnq.
2095 4197 2224 4269 Quae

651 4265 754 4320 vox
783 4265 885 4318 non
925 4267 1057 4319 satis
1087 4279 1169 4320 est
1214 4265 1381 4320 clara.
1433 4265 1737 4333 Legeudum
1786 4265 2029 4334 forsitan,
2080 4267 2222 4336 γνώ-

654 4353 784 4407 μης,
813 4347 866 4390 et
903 4337 1216 4407 vertendum
1247 4354 1259 4389 :
1294 4355 1311 4385 ι
1347 4339 1668 4389 sententiam
1697 4337 1762 4390 de
1791 4349 2056 4392 :eternu...
2092 4339 2215 4391 'l‘ri-

652 4405 842 4460 nitate.
874 4424 892 4454 ι
951 4405 1101 4471 Quod
1153 4407 1196 4460 si
1245 4409 1366 4475 quis
1428 4409 1647 4478 μνήμην
1697 4408 2038 4477 interpretari
2087 4410 2216 4461 velit

658 4495 678 4528 ι
716 4480 1050 4540 memoriam,
1083 4496 1102 4528 ι
1149 4492 1339 4532 sensus
1369 4485 1511 4531 erit:
1556 4496 1572 4528 ι
1619 4479 1707 4547 qui
1750 4480 2128 4546 meminerunt,
2159 4491 2218 4532 ιιι

651 4564 772 4615 ego.
799 4561 984 4599 eomm
1027 4562 1144 4614 quae
1171 4548 1277 4600 dixi
1313 4548 1375 4599 de
1402 4557 1671 4601 αξιοι-πει...
1712 4547 1995 4601 Trinitate.
2031 4567 2049 4600 ι

724 4618 833 4686 (49)
871 4615 1142 4686 Largitur.
1167 4617 1220 4670 lu
1254 4616 1464 4681 Grarco,
1490 4615 1590 4687 τῆς
1613 4617 1880 4689 διδούσης,
1907 4628 2008 4689 etc.
2033 4619 2222 4689 Donec

651 4690 845 4760 melior
867 4697 1116 4760 decurrat
1145 4689 1320 4760 lectio,
1345 4689 1768 4760 legendumest-z
1795 4688 1891 4760 τὴν
1911 4688 2228 4743 διδοῦσαν...

649 4758 749 4809 οὐκ
784 4757 1190 4828 ἀφαιρουμένην
1220 4758 1298 4828 δὲ,
1333 4759 1438 4810 οὐδ’
1463 4756 1840 4822 ὀνειδίζουσαν.

725 4828 835 4899 (50)
869 4827 1188 4899 ιίέερρ-ρω-αι.
1219 4827 1384 4899 Jacob
1435 4845 1475 4895 ι,
1520 4829 1573 4883 5.
1619 4831 1683 4882 Et
1729 4829 2093 4886 Ecclesiastic.
2133 4845 2228 4895 xx,

653 4897 719 4949 ιδ.
755 4897 823 4948 ρι’
845 4913 955 4956 xu.
978 4897 1069 4959 29,
1108 4914 1200 4950 seu
1233 4898 1323 4950 98.

723 4968 836 5038 (51)
865 4969 1210 5024 Cessaverim.
1255 4968 1349 5022 llic
1391 4983 1602 5037 quoque
1661 4968 1907 5024 Graecum
1955 4971 2232 5039 exemplar

653 5039 1182 5111 sulmbscurumest.
1237 5039 1470 5094 Delenda
1529 5039 1742 5094 videtur
1789 5042 1977 5095 vocula
2022 5043 2057 5111 ἡ
2112 5053 2232 5111 post.

651 5122 834 5160 vorem
865 5109 1212 5178 ἐπαυσάμην.

725 5177 836 5248 (52)
862 5177 1056 5258 ﬂentis
1093 5177 1295 5243 oculos,
1317 5189 1422 5235 etc.
1458 5179 1590 5258 Cum
1628 5198 2012 5258 corporeorum
2043 5183 2227 5237 oeulo-

653 5262 773 5299 rnm
825 5252 1029 5329 visione
1089 5258 1326 5316 careret,
1371 5252 1567 5305 mentis
1609 5261 1815 5308 tantum
1854 5255 2039 5308 oculos
2081 5270 2228 5309 com-

652 5328 994 5370 tuemoravtt.

726 5387 838 5458 (55)
877 5386 1102 5442 Sursum
1126 5389 1418 5445 intendens.
1445 5391 1727 5449 Precanlis
1756 5401 1858 5458 est,
1886 5409 2076 5450 manus
2099 5395 2228 5448 ἀνα-

653 5456 871 5541 τείνειν,
931 5470 987 5539 ut
1033 5459 1272 5541 loquitur
1332 5475 1387 5541 et
1433 5463 1621 5518 Pollux
1653 5467 1770 5541 _li_b.
1818 5456 1854 5530 ι,
1909 5480 2077 5536 Segni.

656 5528 948 5605 tlttristiani
980 5538 1158 5605 autem
1184 5530 1303 5605 illas
1337 5534 1414 5588 sic
1442 5528 1853 5602 protendcbant,
1885 5544 1944 5588 ut
1971 5528 2228 5605 'corporis

658 5597 845 5668 habitu
899 5599 1077 5653 crucis
1145 5597 1454 5668 imaginem'
1485 5597 1849 5660 exhiberent.v
1897 5625 1914 5656 ι
1948 5605 2053 5661 Nos
2086 5597 2229 5659 ’νοω

656 5667 1156 5746 (ait_'l‘erlulliattus
1200 5667 1308 5746 Alib.
1351 5673 1425 5726 De
1455 5678 1694 5730 oratione
1735 5693 1853 5744 cap.
1888 5677 1972 5746 11)
2003 5693 2107 5729 non
2143 5685 2225 5728 at-

659 5737 1448 5816 tollimustantutn_(manus).
1501 5747 1593 5800 sed
1649 5737 1812 5800 etiam
1873 5737 2229 5816 expandimus

661 5820 694 5862 ε
725 5808 997 5868 Dominica
1026 5808 1278 5884 passione
1311 5808 1665 5884 modulatum,
1703 5827 1755 5873 ct
1802 5808 2020 5874 orantes
2061 5817 2228 5874 couti-

1897 377 2126 432 DlDYMI
2169 375 2636 432 ALEXANDRINI

3756 375 3836 430 τσι

2253 498 2295 552 Α
2325 510 2436 556 τες,
2481 492 2580 544 οὐκ
2607 491 2750 543 ἔστιν
2796 491 2904 555 ὅτε,
2946 490 2979 561 ἢ
3025 491 3374 558 ἐπαυσάμην,
3403 486 3533 557 ἢ(ἐν
3555 486 3632 557 τῷ
3654 487 3837 557 ὀνόματι

2324 585 2380 638 δέ
2426 585 2596 655 αὐτῆς
2639 583 2716 654 τῷ
2763 581 3015 653 παναγίῳ
3062 581 3241 635 πάντα
3287 579 3544 648 λεγέσθω,
3591 580 3676 633 καὶ
3702 598 3842 651 πρατο

2325 677 2520 739 τέσθω,
2588 678 2682 730 καὶ
2739 679 2863 747 σιγῇ
2923 674 3286 745 βουλευέσθω)
3341 671 3553 745 ἐμαυτῷ
3617 673 3700 725 καὶ
3753 676 3840 736 τοῖς

2325 766 2563 836 ἐμαυτοῦ
2596 765 2848 836 παρέχων
2874 764 2933 818 τὸ
2965 766 3073 818 πᾶν
3109 762 3326 834 (χρῄζει
3357 762 3462 833 γὰρ
3493 762 3640 832 αῦτη,
3667 763 3841 816 πάντων

2326 859 2478 912 αἰτία
2505 854 2662 917 οὖσα,
2695 857 2815 928 [Mi
2848 855 2904 927 α]
2946 855 3177 917 οὐδενὸς,
3213 856 3262 907 εἰ
3307 854 3382 925 μὴ
3430 853 3528 924 τῆς
3551 853 3694 923 ἡμῶν
3727 852 3841 921 ὠφε-

2325 946 2521 1014 λείας),
2547 944 2869 1018 προσκυνῶν
2897 962 2954 998 τε
2983 944 3076 998 καὶ
3107 943 3367 1009 δοξάζων,
3400 942 3490 996 καὶ
3518 943 3642 1014 πρὸς
3660 941 3843 1011 δύναμιν

2325 1039 2423 1110 τὴν
2487 1034 2652 1094 οὖσάν
2710 1056 2798 1109 μοι
2851 1036 3216 1108 ἐγκωμιάζων
3279 1037 3480 1107 αὐτήν·
3534 1034 3566 1106 ἦ
3609 1035 3662 1088 οὐ
3713 1035 3845 1089 πολλὰ

2326 1130 2463 1202 ἔφην
2501 1130 2805 1185 ἀδικεῖσθαι
2839 1130 2975 1202 πρὸς
3009 1128 3218 1184 ἑαυτῶν
3246 1129 3375 1192 τοὺς
3406 1128 3479 1199 μὴ
3503 1124 3844 1190 σπουδάζοντας

2330 1224 2493 1293 σοφόν
2550 1242 2601 1277 τι
2649 1224 2776 1294 περὶ
2837 1223 3045 1293 αὐτῆς,
3088 1223 3122 1294 ἢ
3182 1221 3395 1293 μαθεῖν,
3437 1220 3470 1289 ἦ
3517 1219 3722 1286 διδάξαι.
3763 1220 3846 1271 Καὶ

2328 1313 2422 1366 νῦν
2461 1314 2516 1367 δὲ
2563 1315 2808 1385 συνήθως
2854 1311 3150 1376 πιστεύων,
3197 1312 3273 1374 ὡς
3314 1310 3550 1382 σταθερὰ
3579 1310 3667 1362 καὶ
3695 1310 3847 1381 βέϐαια

2329 1404 2515 1458 ἐκεῖνά
2555 1404 2705 1458 ἐστιν
2749 1405 2905 1474 μόνα,
2944 1397 3019 1458 ὧν
3051 1407 3374 1477 προηγεῖται.
3416 1404 3571 1474 αὕτη,
3606 1403 3848 1456 ἀνατείνων

2331 1497 2427 1549 σὺν
2462 1495 2539 1566 τῷ
2588 1495 2800 1566 σώματι
2844 1496 2947 1565 τῆς
2989 1496 3230 1560 διανοίας
3271 1496 3339 1549 τὰ
3368 1496 3604 1568 ὄμματα,
3640 1495 3847 1563 λίσσομαι

2330 1587 2472 1658 ὑπέρ
2529 1604 2588 1640 τε
2644 1587 2885 1659 ἐμαυτοῦ
2929 1587 3022 1642 καὶ
3061 1588 3169 1640 τῶν
3221 1586 3279 1652 ἐξ
3329 1587 3486 1657 ἐμοῦ,
3529 1586 3620 1639 καὶ
3648 1586 3741 1638 τῶν
3777 1588 3848 1638 ἀπ’

2329 1679 2508 1733 αὐτῶν
2561 1678 2733 1732 όντων
2770 1696 2828 1731 τε
2876 1679 2968 1733 καὶ
3013 1679 3314 1750 ἐσομένων,
3361 1677 3442 1731 ἐτι
3480 1677 3583 1749 μὴν
3625 1679 3708 1731 καὶ
3743 1676 3850 1746 ὑπὲρ

2332 1772 2570 1836 πάντων,
2621 1772 2944 1842 πειθόμενος
2985 1772 3062 1844 τῷ
3105 1769 3639 1844 παρακελευσαμένῳ
3680 1767 3850 1837 Σωτῆρι

2258 1840 2296 1892 Β
2330 1863 2550 1935 Χριστῷ
2591 1840 2842 1935 εὔχεσθαι
2893 1840 3045 1938 ὑπὲρ*
3074 1840 3338 1936 ἀλλήλων,
3383 1863 3576 1932 λέγων,
3609 1840 3779 1932 ἅπερὸ
3808 1861 3850 1911 ὲν

2326 1963 2366 2009 0'
2418 1956 2617 2028 ψαλμῷ
2662 1958 3134 2029 προσευχόμενος·
3175 1976 3196 2009 ι
3255 1956 3381 2010 Ἐπὶ
3427 1956 3530 2021 σοι,
3571 1952 3850 2026 Κύριε,ἧλο

2331 2063 2503 2100 πισαο
2570 2048 2644 2118 μὴ
2689 2049 3144 2120 καταισχυνθείην
3204 2051 3282 2112 εἰς
3326 2048 3420 2101 τὸν
3481 2048 3670 2101 αἰῶναο
3718 2047 3766 2097 ὲν
3803 2046 3850 2113 τῇ

2329 2135 2644 2210 δικαιοσύνῃ
2704 2155 2795 2190 σου
2833 2137 2992 2210 ῥῦσαί
3035 2156 3127 2209 με,
3189 2138 3285 2192 καὶ
3333 2136 3518 2204 ἐξελοῦ
3573 2154 3664 2208 με’
3713 2135 3852 2189 κλῖνον

2332 2227 2469 2297 πρὸς
2512 2227 2580 2298 μὲ
2617 2227 2678 2280 τὸ
2716 2224 2810 2292 οῦς
2858 2245 2973 2291 σου,
3007 2229 3102 2281 καὶ
3141 2226 3316 2280 σῶσόν
3361 2244 3452 2296 με.
3501 2224 3656 2278 Γενοῦ
3701 2241 3773 2294 μοι
3795 2223 3853 2283 εἰς

2329 2318 2461 2371 Θεὸν
2558 2319 3009 2390 ὑπερασπιστὴν,
3052 2319 3146 2372 καὶ⁸
3186 2321 3266 2382 εἰς
3316 2318 3482 2371 τόπον
3540 2317 3746 2388 ὀχυρὸν,
3779 2311 3850 2366 τοῦ

2333 2409 2506 2462 σῶσαί
2553 2428 2654 2481 με·
2689 2412 2772 2464 ὅτι
2818 2411 3108 2482 στερέωμά
3163 2428 3263 2482 μου
3310 2411 3408 2465 καὶ
3461 2411 3728 2481 καταφυγή
3771 2423 3849 2479 μου

2329 2498 2381 2554 εἷ
2429 2503 2513 2555 σύ.
2573 2502 2630 2555 ὐ
2677 2502 2810 2566 Θεός
2859 2521 2984 2574 μου,
3029 2501 3193 2573 ῥῦσαί
3239 2521 3304 2574 με
3336 2504 3404 2556 ἐκ
3433 2504 3610 2574 χειρὸς
3647 2503 3852 2573 ἁμαρτω-

2331 2593 2448 2657 λοῦ,
2495 2597 2561 2648 ἐκ
2597 2594 2776 2666 χειρὸς
2819 2595 3262 2668 παρανομοῦντος
3305 2598 3401 2649 καὶ
3441 2595 3757 2657 ἀδικοῦντος·
3795 2592 3853 2643 ὅτι

2333 2686 2398 2737 σὺ
2443 2681 2495 2737 εἴ
2537 2687 2568 2756 ἡ
2611 2687 2856 2757 ὑπομονὴ
2907 2705 3032 2758 μου,
3086 2687 3279 2758 Κύριε,
3325 2689 3521 2761 Κύριε,
3564 2685 3754 2759 nam;
3779 2699 3852 2753 μου

2331 2777 2395 2828 ἐκ
2442 2777 2694 2848 νεότητός
2747 2795 2872 2848 μου.
2933 2779 3056 2831 Ἐπὶ
3095 2779 3153 2832 σέ
3199 2780 3602 2852 ἐπεστηρίχθην
3651 2777 3744 2830 ἀπὸ
3782 2790 3856 2841 γα·

2332 2869 2512 2939 στρὸς,
2547 2871 2611 2921 ἐκ
2645 2870 2850 2933 κοιλίας
2887 2870 3092 2941 μητρός
3123 2889 3223 2941 μου
3265 2872 3327 2925 σύ
3363 2891 3468 2943 μου
3499 2869 3549 2925 εἴ
3575 2866 3852 2934 σκεπαστής.

2345 2960 2432 3013 Ἐν
2472 2963 2553 3014 σοὶ
2586 2963 2618 3032 ἡ
2653 2961 2885 3032 ῦμνησίς
2921 2981 3023 3032 μου
3056 2963 3371 3027 διαπαντός.
3421 2965 3563 3017 Ὠσεὶ
3597 2962 3740 3034 τέρας
3765 2962 3855 3026 ἐγε-

2334 3053 2503 3124 νήθην
2534 3056 2647 3117 τοῖς
2678 3054 2916 3117 πολλοῖς,
2949 3055 3044 3107 καὶ
3073 3057 3158 3116 σὺ,
3198 3056 3390 3128 Κύριε,
3426 3056 3612 3127 βοηθός
3644 3071 3730 3125 μου
3756 3066 3855 3122 xpu-

2258 3180 2300 3236 Ο
2333 3143 2505 3205 ταιός.
2555 3144 2904 3216 Πληρωθήτω
2947 3145 3008 3198 τὸ
3060 3147 3233 3216 στόμα
3280 3165 3383 3218 μου
3425 3148 3701 3209 αἰνέσεως,
3745 3145 3854 3203 ὅπως

2334 3237 2629 3306 ἁνυμνήσω
2661 3236 2756 3306 τὴν
2801 3237 2956 3303 δόξαν
2993 3256 3108 3303 σου,
3141 3239 3269 3311 ὅλην
3295 3241 3398 3311 τὴν
3437 3242 3642 3313 ἡμέραν
3669 3239 3754 3308 τὴν
3785 3250 3855 3305 με·

2334 3326 2742 3397 γαλοπρέπειαν
2793 3345 2906 3382 σου.
2961 3330 3052 3401 Μὴ
3101 3332 3418 3404 ἀπορρίψῃς
3481 3351 3546 3404 με
3594 3333 3667 3394 εἱς
3711 3325 3854 3395 καιρὸν

2335 3423 2541 3492 γήρους
2563 3437 2576 3450 '
2629 3421 2686 3473 ὲν
2723 3420 2802 3492 τῷ
2837 3423 3108 3476 ἐκλείπειν
3141 3426 3238 3496 τὴν
3278 3427 3434 3497 ἰσχύν
3469 3445 3568 3499 μου
3617 3425 3684 3496 μὴ
3717 3425 3854 3488 ἐγκα-

2333 3513 2566 3583 ταλίπῃς
2602 3530 2689 3583 με.
2750 3533 2767 3562 ι
2813 3514 2968 3567 Οὕτω
3017 3515 3127 3587 γὰρ
3164 3517 3266 3581 ἂν,
3328 3518 3426 3572 σοῦ
3471 3520 3653 3580 ἕνεκα,
3688 3513 3786 3586 ΗΜ
3815 3508 3853 3579 ὁ]

2334 3606 2433 3675 τῆς
2460 3607 2560 3658 οὐκ
2606 3605 2838 3677 ἐχούσης
2869 3607 2929 3660 τὸ
2967 3609 3428 3680 ἀντιτασσόμενόν
3458 3629 3559 3676 σοι,
3593 3613 3646 3663 ἐν
3669 3606 3735 3677 τῷ
3766 3604 3855 3673 βου-

2331 3697 2581 3750 λεύεσθαι
2630 3697 2798 3752 ἐλεεῖν
2820 3699 2916 3752 καὶ
2949 3701 3075 3765 τοὺς
3106 3703 3468 3773 ἁμαρτωλοὺς
3499 3705 3660 3776 ἡμᾶς,
3688 3695 3856 3768 ἀγαθω-

2332 3790 2465 3861 τόιτη
2500 3789 2594 3843 καὶ
2629 3791 3048 3863 παναλκεστάτη
3084 3795 3125 3845 Τ
3131 3794 3274 3865 ριὰς,
3317 3797 3413 3865 ἀφ’
3441 3791 3506 3868 ἧς
3551 3796 3639 3849 καὶ
3671 3791 3780 3864 παρ’
3805 3782 3854 3857 ἦς

2337 3883 2446 3934 πᾶν
2469 3880 2694 3950 ἀγαθὸν,
2723 3883 2817 3934 καὶ
2845 3885 2925 3946 εἰς
2948 3883 3016 3953 ἢν
3052 3885 3267 3938 πάντων
3294 3889 3448 3940 πᾶσα
3480 3887 3697 3940 πάντοτε
3720 3878 3853 3941 ἐλπὶς,

2336 3973 2429 4026 καὶ
2485 3972 2603 4044 μεθ’
2653 3973 2721 4044 ἢν
2763 3975 3040 4040 παντελῶς
3085 3978 3272 4044 οὐδὲν,
3325 3979 3651 4051 ῥυσθείημεν
3688 3975 3779 4027 τῶν
3811 3986 3853 4023 τε

2333 4205 2506 4250 temur
2534 4197 2770 4252 Christo.
2811 4215 2828 4247 ι
2885 4200 2963 4251 Ae
3001 4213 3143 4252 nunc
3190 4197 3353 4252 etiam
3398 4201 3449 4254 iu
3491 4215 3640 4255 sacra
3678 4194 3848 4261 liturgia

2328 4267 2624 4333 Canonem,
2649 4267 2950 4322 orationem
2982 4268 3335 4334 Dominicam,
3361 4272 3601 4338 aliasque
3629 4268 3854 4322 orationes

2324 4339 2593 4406 proteusis
2629 4340 2680 4390 in
2729 4353 2849 4391 eum
2877 4339 3088 4389 modum
3110 4340 3357 4394 manibus
3398 4342 3648 4395 sacerdos
3689 4338 3850 4390 recitat.

2395 4408 2505 4476 (54)
2551 4407 2615 4476 In
2650 4420 2717 4469 te,
2757 4408 2998 4459 Domine.
3033 4407 3174 4463 Psal.
3207 4424 3332 4471 Lxx.
3370 4427 3401 4465 a
3436 4426 3574 4465 vers.
3604 4411 3623 4462 1
3668 4407 3725 4460 ad
3751 4405 3814 4457 10.

2551 4475 2924 4552 Protectm‘cm.
2960 4477 3138 4531 Codex
3169 4477 3848 4552 ιιίθιιαοεε,ὑπερασπιστὴς.

2248 4541 2296 4599 D
2332 4541 2425 4618 pro
2458 4541 2890 4670 ὑπερασπιστήν.

2406 4620 2518 4670 (56)
2602 4634 2830 4670 annuam
2872 4635 2890 4670 ι

2406 4620 2518 4688 (56)
2555 4611 2835 4686 Tanquam
2870 4618 3167 4686 prodigium
3198 4619 3369 4685 factus
3416 4639 3526 4674 sum
3562 4620 3743 4674 multis.
3770 4611 3851 4666 Me-

2333 4689 2436 4742 rito
2462 4691 2609 4743 hisce
2639 4688 2832 4760 Psaltis
2856 4689 3031 4740 verbis
3052 4701 3169 4741 orat
3194 4690 3478 4760 Didymus,
3509 4713 3527 4744 ι
3557 4691 3846 4760 multorum)

2333 4762 2548 4812 nomine
2575 4759 2824 4829 Arianos,
2877 4767 2945 4829 ut
2977 4768 3126 4827 puto,
3178 4751 3410 4829 quorum
3467 4751 3742 4817 acerrimus
3783 4751 3853 4804 atl-

2332 4831 2605 4900 versarius
2636 4829 2752 4893 fuit,
2784 4827 3106 4900 intelligens.
3132 4827 3211 4883 At
3231 4832 3385 4885 nobis
3416 4833 3521 4888 alio
3553 4833 3701 4884 etiam
3726 4833 3851 4900 sensu

2332 4899 2444 4974 haec
2472 4898 2596 4974 licet
2629 4907 2893 4968 accipere.
2918 4893 3229 4974 Quisenim
3275 4918 3399 4954 eum
3439 4921 3456 4954 ι
3491 4902 3662 4956 multis
3709 4893 3850 4974 prtuli-

2331 4973 2472 5033 gium
2512 4970 2754 5042 factum)
2799 4969 2989 5023 merito
3024 4970 3128 5042 diri
3158 4981 3335 5040 neget,
3365 4974 3480 5041 qui,
3504 4988 3622 5028 eum
3650 4986 3675 5022 a
3705 4969 3852 5042 quinto

2331 5042 2548 5092 circiter
2582 5041 2752 5093 a-tatis
2785 5054 2924 5092 anno
2980 5041 3151 5093 oculis
3209 5053 3420 5110 captus,
3475 5055 3629 5110 atque
3672 5041 3849 5091 omnino

2332 5125 2508 5182 etecus
2543 5117 2867 5182 esset,i__tau_t
2931 5110 3094 5162 multa
3150 5109 3326 5182 tamen
3364 5109 3572 5173 didicit.
3616 5127 3672 5164 ac
3700 5109 3851 5182 dicta-

2332 5179 2618 5233 vit?l’teete
2637 5179 2805 5233 deillo
2831 5178 3162 5234 Sozomenus
3184 5181 3273 5237 lib.
3302 5198 3356 5236 ιιι
3384 5178 3850 5237 Ilist.ecclesiastir..

2329 5267 2448 5318 cap.
2487 5250 2571 5315 15,
2615 5269 2634 5302 ι
2666 5250 2783 5305 Fuit
2819 5260 3020 5320 autem,
3054 5251 3253 5319 inquit,
3282 5270 3389 5307 non
3426 5255 3637 5320 vulgare
3666 5248 3847 5301 ltlit‘aCU’

2330 5320 2438 5373 lum
2473 5339 2486 5375 :
2525 5321 2786 5390 multique
2817 5319 2956 5390 fama
2991 5322 3106 5389 ejus
3143 5324 3353 5390 impubi
3409 5319 3764 5390 Aleiandriaut
3808 5321 3852 5390 Sf

2331 5381 2821 5460 t-ontulerunt,'alii
2853 5389 2968 5457 ejus
3003 5381 3277 5459 audiendi,
3305 5381 3401 5448 alii
3440 5404 3642 5448 tantum
3674 5381 3850 5439 videlldi

2329 5477 2513 5514 caus:i.
2549 5481 2567 5514 ι

2403 5531 2514 5600 (⁵⁷)
2547 5530 2796 5603 θονῖιίηεον
2825 5529 2934 5603 νρκ
2971 5547 3019 5603 ,3.
3053 5532 3281 5603 Didyme
3330 5535 3510 5588 addita
3540 5553 3552 5587 :
3601 5543 3694 5584 nec
3737 5518 3851 5575 enim

2328 5613 2506 5657 exstat
2543 5603 2594 5654 in
2628 5600 2832 5656 Graecis
2867 5599 3075 5656 Bibliis.

2400 5671 2511 5748 (58)
2562 5671 2796 5726 ﬂantem.
2857 5670 3065 5742 .Biblia,
3139 5675 3386 5748 ὑμνήσω.
3442 5675 3718 5745 Didymus,
3774 5660 3850 5712 ἀν’

2329 5745 2594 5823 υμνῄσωχ
2812 5813 2824 5823 _
2934 5813 2972 5823 _
3149 5745 3187 5823 _’
3271 5745 3286 5762 "
3719 5807 3730 5823 ι

2402 5815 2514 5885 (59)
2557 5813 2873 5870 δεηεεηηίε.
2931 5813 3404 5874 Francofurtensis
3452 5816 3632 5881 editio.
3678 5812 3842 5880 γήρως
