4060 6406
287 391 398 444 765

1311 393 1396 448 DE
1435 393 1804 450 TRINITATE
1842 393 2042 449 LIBER
2084 394 2464 453 SECUNDUS.

3417 392 3519 448 766

285 508 698 580 ἡμαρτημένων
722 510 852 580 ἡμῖν
885 509 1129 580 ψυχικῶν
1161 510 1253 564 καὶ
1278 513 1604 582 σωματικῶν
1632 515 1687 565 ἐν
1719 514 1850 582 γνώ-

1960 533 2024 569 ne
2063 517 2404 585 derelinquas
2459 528 2562 568 me.
2598 532 2616 564 ι
2667 513 2756 567 Sic
2798 514 2940 566 enim
2987 525 3078 578 per
3133 521 3182 565 te
3216 509 3349 581 (60),
3399 526 3520 579 quae

288 618 374 653 σει
402 601 495 652 καὶ
521 600 734 672 ἀγνοίᾳ,
766 602 823 653 ἐν
846 600 987 672 λόγῳ
1012 605 1106 655 καὶ
1129 602 1294 674 ἔργῳ,
1310 592 1410 656 ὧδε
1432 604 1524 658 καὶ
1551 624 1568 655 ‹
1595 606 1680 657 ὅτε
1703 607 1857 675 νικᾷς

288 693 348 744 ἐν
377 691 458 761 τῷ
487 691 693 760 κρίνειν
725 711 744 743 ι
771 691 838 745 τὰ
857 693 1072 762 κρυπτὰ
1089 693 1194 746 τῶν
1224 693 1546 765 ἀνθρώπων,
1583 695 1688 747 τῶν
1715 712 1772 746 τε
1801 697 1857 747 ἐν

290 783 481 854 κόσμῳ
508 783 782 852 ἐπαχθῶν,
813 784 906 836 καὶ
931 784 1024 837 τοῦ
1049 789 1161 849 τοῖς
1184 785 1405 854 ἀγαθοῖς
1428 787 1513 840 ἀεὶ
1541 787 1858 856 φθονοῦντος

289 872 384 923 καὶ
424 871 667 924 ἐναντίου
705 873 989 942 ἱσταμένου
1023 874 1293 945 δαίμονος,
1330 877 1423 929 καὶ
1458 877 1660 941 παντὸς
1693 877 1856 930 πνεύ-

289 976 466 1031 ματος
512 960 750 1031 πονηροῦ
788 962 881 1014 κα)⁸
917 962 1260 1034 ἀκαθάρτου,
1314 966 1406 1017 καὶ
1437 965 1528 1018 τοῦ
1565 966 1854 1035 μισοκάλου

302 1049 699 1120 Ἀντιχρίστου,
734 1043 962 1115 οὗτινος,
1000 1052 1075 1115 ὡς
1107 1057 1395 1125 τεκμηριοῖ
1434 1054 1501 1107 τὰ
1535 1055 1852 1127 πράγματα,

286 1141 317 1192 ὁ
351 1141 596 1208 ἀγωνίας
628 1141 806 1213 δεινῆς
840 1143 1024 1214 γέμων
1068 1145 1256 1214 χρόνος
1286 1147 1511 1216 ἤγγικεν
1541 1147 1638 1218 ἦδη
1659 1164 1672 1178 ·
1713 1147 1854 1202 ὥστε

288 1231 527 1302 μηδένα,
580 1232 656 1303 μὴ
719 1233 825 1287 τῶν
864 1234 990 1297 νῦν,
1035 1235 1109 1306 μὴ
1148 1236 1257 1290 τῶν
1294 1238 1413 1290 τότε
1450 1239 1851 1311 εὑρισκομένων

282 1321 607 1375 ἀπολέσθαι.
643 1322 829 1388 Οὕτως
859 1324 924 1377 ἂν
969 1327 1074 1378 πᾶν
1107 1327 1274 1380 κακὸν
1323 1327 1562 1381 ἐκποδὼν
1607 1329 1850 1400 γένηται,

283 1410 591 1482 διοικηθείη
623 1429 682 1464 τε
714 1413 892 1476 καλῶς
921 1415 1012 1467 καὶ
1039 1414 1274 1485 ἡσύχως,
1311 1417 1449 1470 κατὰ
1475 1417 1533 1470 τὸ
1569 1418 1658 1471 σὸν
1687 1419 1855 1487 ἄφθο-

286 1520 374 1555 νον
410 1503 508 1556 καὶ
548 1503 841 1573 φιλόψυχον
871 1503 1098 1575 (θέλημα,
1126 1506 1194 1559 τά
1222 1525 1279 1559 τε
1316 1507 1488 1572 κοινὰ,
1523 1509 1590 1561 τά
1623 1526 1681 1560 τε
1715 1508 1855 1562 ἰδιωο

279 1594 410 1646 ma
442 1594 744 1666 πράγματα
762 1612 774 1624 ·
810 1595 902 1648 καὶ
927 1595 1114 1667 αἱρετὴ
1141 1596 1322 1650 λοιπὸν
1349 1598 1442 1652 καὶ
1475 1598 1702 1652 εὐκταία
1746 1601 1854 1652 πᾶ-

289 1702 377 1738 σιν
422 1685 574 1738 ἔσται
604 1687 638 1756 ἠ
667 1688 724 1739 ἐν
768 1686 970 1760 ἑκάστη
1021 1688 1202 1754 πόλει,
1253 1689 1511 1760 μενοῦνγε
1550 1691 1582 1762 ἡ
1614 1692 1670 1744 ἐν
1702 1691 1854 1761 ἀγρῷ

279 1775 517 1845 εὐσεϐὴς
543 1777 636 1829 καὶ
664 1777 1036 1848 ἰδιοπράγμων
1053 1778 1264 1850 οἴκησις
1281 1799 1294 1813 ο
1315 1781 1407 1833 καὶ
1425 1781 1638 1853 ὑπάρξῃ
1665 1781 1847 1844 παντὶ,

1959 605 2087 658 nihil
2119 605 2307 668 habes,
2342 605 2483 674 quod
2507 617 2626 657 sese
2653 602 2745 655 tibi
2800 609 3054 670 opponat,
3107 599 3231 652 dum
3276 609 3518 652 nostrum

1957 697 2141 760 etiam,
2188 696 2278 765 qui
2319 703 2629 766 peccatores
2675 707 2880 756 sumus,
2940 690 3181 745 misereri
3222 690 3435 750 statuis.
3485 703 3522 744 θ

1956 789 2152 856 optima
2189 795 2242 841 ει
2268 785 2609 855 omnipotens
2639 783 2955 848 Trinitas,a
3008 797 3136 850 qua,
3193 789 3249 834 et
3300 794 3363 832 ex
3413 795 3518 849 qua

1955 886 2039 930 est
2078 891 2238 930 omne
2274 876 2491 940 bonum,
2527 885 2582 928 et
2630 874 2681 928 in
2731 888 2835 943 qua
2883 872 3059 926 omnis
3110 872 3348 925 onmium
3398 885 3522 938 spes

1955 979 2172 1032 semper
2211 965 2310 1019 sita
2331 975 2434 1028 εει,
2461 973 2517 1034 et
2552 972 2668 1033 post
2693 977 2852 1031 quam
2900 961 3029 1014 nihil
3070 960 3289 1015 omnino
3334 969 3437 1023 est,
3488 974 3516 1012 a

1956 1056 2189 1125 peccatis
2225 1056 2449 1119 nostris,
2499 1069 2615 1122 qua!
2641 1053 2821 1105 anima
2857 1061 2911 1105 et
2938 1065 3180 1119 corpore,
3217 1051 3522 1115 cognitione

1954 1157 2007 1200 et
2035 1146 2356 1216 ignorantia,
2404 1145 2569 1200 verbo
2616 1153 2668 1199 et
2692 1157 2854 1213 opere
2910 1141 3269 1212 peccavimus,
3323 1141 3523 1194 libera-

1954 1237 2133 1290 bimur
2155 1252 2314 1302 nunc,
2337 1245 2398 1291 ,ει
2421 1250 2542 1289 cum
2581 1251 2600 1285 ‹
2627 1234 2796 1287 vincis
2824 1233 2874 1286 in
2897 1232 3187 1301 judicando
3215 1230 3324 1302 (61)
3346 1250 3364 1282 ι
3401 1231 3522 1286 abs-

1953 1330 2164 1384 condita
2222 1330 2515 1395 hominum,
2571 1337 2625 1384 et
2676 1328 2858 1392 abiis,
2892 1327 2983 1396 qui
3026 1327 3178 1380 nobis
3232 1325 3285 1378 in
3323 1327 3520 1379 niundo

1953 1420 2161 1475 molesti
2197 1431 2340 1487 sunt,
2375 1431 2428 1475 et
2453 1436 2480 1473 a
2509 1421 2774 1483 daemone,
2809 1420 2896 1487 qui
2932 1418 3087 1472 bonis
3125 1432 3336 1487 semper
3384 1417 3521 1472 invi—

1953 1509 2064 1575 det,
2095 1524 2386 1579 eorumque
2412 1510 2751 1563 adversarius
2779 1518 2881 1572 est,
2922 1515 2977 1561 et
3009 1507 3076 1560 ab
3123 1507 3266 1560 omni
3323 1507 3517 1574 Spiritu

1955 1601 2095 1655 malo
2127 1611 2286 1670 atque
2321 1601 2594 1655 immundo
2625 1640 2639 1666 ,
2681 1611 2734 1655 et
2780 1602 2846 1654 ab
2893 1600 3104 1654 honesti
3151 1613 3310 1653 osore
3361 1600 3517 1652 Anti-

1953 1692 2175 1755 christo,
2220 1691 2394 1760 cujus,
2454 1700 2514 1744 ut
2567 1701 2760 1745 eventa
2803 1690 3061 1752 indicant,
3118 1689 3329 1758 plenum
3369 1691 3517 1758 gravi

1958 1781 2212 1837 conﬂictu
2243 1792 2448 1852 tempus
2470 1782 2580 1849 jam
2609 1783 3058 1852 appropinquavit
3082 1781 3225 1851 (62);
3274 1782 3408 1835 adeo
3459 1790 3521 1834 ut

278 1867 356 1930 ὡς
407 1870 522 1931 τοῖς
566 1869 731 1932 ὁσίοις
775 1871 1043 1940 πατράσιν
1090 1874 1183 1925 καὶ
1221 1875 1334 1937 τοῖς
1361 1873 1466 1946 πρὸ
1497 1874 1741 1938 ἐκείνων,
1790 1873 1850 1927 τὸ

1957 1887 2114 1926 nemo
2139 1886 2345 1935 eorum,
2382 1871 2541 1941 307
2566 1873 2655 1940 qui
2693 1887 2833 1926 nunc
2887 1882 3036 1934 sunt,
3099 1887 3255 1926 nemo
3306 1887 3515 1934 eorum,

280 1956 359 2018 ὡς
387 1959 490 2028 ἐρᾷ
524 1958 616 2010 καὶ
643 1957 892 2028 βούλεται
915 1960 1034 2014 κατ’
1065 1961 1309 2026 ἐξουσίαν
1333 1963 1505 2028 πλεῖν,
1529 1963 1846 2035 ὁδοιπορεῖν,

274 2044 419 2097 οἶκοι
478 2046 684 2117 μένειν,
727 2051 1022 2119 γεωργεῖν,
1073 2051 1346 2120 ἐπιμελῶς
1391 2053 1470 2115 είς
1517 2052 1851 2124 πανηγύρεις

278 2137 676 2207 παραϐάλλειν,
724 2137 905 2191 λαλεῖν
943 2140 1199 2211 χαρίεντα
1236 2143 1330 2196 καὶ
1373 2144 1612 2214 ἐπιεικῆ,
1651 2144 1744 2198 καὶ
1788 2144 1848 2198 τὸ

281 2225 470 2297 μεῖζον
502 2224 725 2294 τούτων,
765 2229 825 2282 τὸ
854 2231 1273 2303 ἀπερισπάστως
1301 2234 1394 2286 καὶ
1427 2233 1706 2304 νηφαλέως
1742 2252 1842 2305 με·

281 2316 527 2386 μνῆσθαί
554 2335 648 2370 σου
669 2361 684 2383 ,
721 2319 815 2372 καὶ
845 2321 1044 2386 παντὸς
1083 2324 1403 2394 πράγματος
1444 2325 1508 2377 ἐκ
1551 2324 1644 2378 σού
1677 2326 1849 2396 ἀρχὴν

273 2405 552 2460 ποιεῖσθαι
587 2409 677 2461 καὶ
700 2410 972 2479 τελευτὴν,
1007 2413 1338 2482 μεταδιδόναι
1364 2431 1420 2466 τε
1449 2416 1585 2486 πρὸς
1609 2414 1837 2485 δύναμιν

273 2498 389 2559 τοῖς
423 2497 776 2568 ἐνδεομένοις,
808 2501 1105 2572 ἀρχόμενον
1133 2505 1240 2557 ἀπὸ
1266 2504 1372 2558 τῶν
1400 2505 1534 2577 πρὸς
1565 2506 1719 2574 γένος
1756 2507 1850 2562 καὶ

274 2586 391 2640 τῶν
443 2589 692 2653 οἰκείων,
734 2593 825 2644 καὶ
863 2591 1012 2663 παρά
1045 2594 1136 2647 σοῦ
1171 2595 1229 2648 τὸ
1264 2594 1388 2667 [142
1427 2595 1484 2669 α]
1516 2597 1722 2650 δάνειον
1765 2599 1845 2662 είς

272 2679 334 2732 τὸ
373 2678 569 2750 μέλλον
603 2682 939 2753 ἐκδέχεσθαι,
970 2686 1064 2739 καὶ
1092 2687 1385 2759 ἐπίμετρον
1415 2687 1558 2760 ζωὴν
1607 2689 1843 2744 αἰώνιον.

282 2792 301 2824 ι
335 2775 585 2844 Νηστεία
621 2794 640 2828 ι
671 2777 801 2848 γὰρ,
837 2779 1020 2850 φησιν,
1057 2799 1074 2831 ι
1109 2782 1200 2834 καὶ
1227 2781 1501 2854 προσευχὴ
1532 2785 1594 2835 ἐκ
1618 2781 1846 2836 Θανάτου

276 2866 507 2937 ῥύεταιο
552 2868 886 2941 ἐλεημοσύνη
932 2871 1022 2940 δέ,
1054 2873 1193 2944 ὑπὲρ
1237 2873 1304 2926 τὰ
1339 2875 1642 2946 ἀμφότερα.
1697 2893 1715 2926 ι
1760 2875 1848 2938 Ὠς

277 2957 387 3029 γὰρ
417 2959 511 3012 καὶ
538 2961 586 3013 οἱ
613 2959 717 3026 ἔξω
749 2963 931 3031 φασίνο
1428 2955 1431 2960 ’

1954 1964 2041 2032 qui
2074 1972 2198 2018 tunc
2224 1963 2580 2027 invenientur,
2614 1973 2819 2033 pereat.
2849 1963 2938 2017 Sic
2970 1963 3156 2032 procul
3184 1962 3323 2017 absit
3355 1978 3520 2017 omne

1954 2054 2173 2118 malum,
2221 2062 2275 2109 et
2324 2054 2580 2122 praeclare
2628 2071 2691 2109 ac
2743 2057 2942 2123 quiete,
2988 2053 3140 2122 juxta
3211 2053 3515 2112 muniﬁcam

1955 2153 2096 2200 tuam
2129 2145 2456 2200 voluntatem
2490 2145 2624 2218 (65),
2650 2157 2811 2215 atque
2843 2161 3104 2208 amorem,
3152 2162 3257 2214 quo
3310 2146 3519 2198 animas

1955 2237 2316 2306 prosequeris,
2344 2237 2644 2307 dirigantur
2693 2251 3172 2300 cumcommunes,
3229 2245 3336 2289 tmn
3391 2235 3507 2304 pri-

1952 2336 2086 2379 vata!
2118 2342 2238 2390 res;
2269 2335 2322 2379 et
2353 2327 2423 2380 ita
2451 2341 2638 2381 omnes
2683 2327 2736 2381 in
2777 2337 3047 2397 posterum
3091 2328 3142 2381 in
3197 2342 3518 2396 unaquaque

1949 2420 2185 2487 civitate,
2227 2419 2335 2473 imo
2371 2425 2426 2472 ει
2451 2417 2504 2471 in
2535 2432 2685 2489 agro,
2750 2417 2838 2487 pie
2877 2433 2942 2471 ac
2997 2416 3267 2487 religiose,
3325 2427 3377 2472 et
3417 2432 3516 2469 sua

1947 2517 2153 2564 tantum
2194 2518 2445 2565 curantes
2483 2508 2688 2573 vivant,
2723 2518 2782 2561 ut
2826 2517 3036 2576 gratum
3093 2518 3252 2577 atque
3282 2509 3516 2575 optabile

1947 2601 2038 2655 ﬁat
2071 2601 2257 2656 iisdem
2287 2601 2336 2655 in
2370 2601 2502 2656 locis
2529 2601 2858 2655 domicilium
2890 2610 2977 2665 ;et
3005 2599 3163 2654 liceat
3188 2615 3328 2653 nunc
3351 2600 3513 2653 etiam

1948 2695 2264 2764 unicuique,
2304 2695 2444 2749 sicut
2491 2695 2700 2764 pridem
2738 2694 2944 2748 sanctis
2996 2693 3198 2748 nostris
3248 2693 3512 2761 patribus,

1942 2794 1996 2839 et
2029 2785 2114 2849 iis,
2143 2785 2233 2853 qui
2261 2796 2383 2838 ante
2417 2784 2538 2838 illos
2562 2783 2802 2849 fuerunt,
2840 2799 2936 2854 pro
2982 2784 3132 2837 libito
3178 2784 3320 2852 quod
3367 2784 3519 2852 quis-

1943 2888 2047 2942 que
2081 2881 2249 2936 amat,
2283 2882 2338 2926 et
2380 2872 2517 2939 vult,
2554 2873 2721 2928 libere
2747 2887 2931 2943 agere,
2975 2872 3252 2943 navigare,
3292 2887 3517 2943 peregre

1942 2964 2046 3018 iter
2090 2961 2289 3028 facere,
2331 2963 2475 3018 domi
2529 2978 2773 3028 manere,
2825 2977 2984 3033 agros
3023 2965 3222 3026 colere,
3278 2964 3517 3017 studiose

275 3052 342 3106 ad
401 3068 704 3124 panegyres
756 3072 819 3111 ac
882 3057 1012 3112 festa
1073 3056 1364 3122 conﬂuere,
1423 3055 1690 3125 jucundos
1751 3067 1800 3112 et
1843 3059 2095 3111 honestos
2131 3072 2409 3112 sermones
2463 3057 2685 3122 habere,
2721 3066 2797 3122 ct,
2847 3059 2986 3126 quod
3020 3058 3102 3111 his
3169 3057 3343 3127 majus
3403 3055 3516 3126 (64)

275 3159 378 3212 est,
411 3153 533 3207 sine
561 3149 666 3206 u'la
710 3149 1077 3212 distractione,
1102 3150 1166 3218 iet
1199 3148 1480 3219 vigilanter
1527 3149 1603 3202 tui
1642 3148 1968 3214 meminisse,
2009 3155 2061 3200 et
2088 3147 2324 3216 cujusvis
2353 3147 2428 3201 rei
2492 3149 2703 3207 initium
2777 3163 2806 3201 a
2848 3159 2919 3210 te,
2976 3163 3040 3202 ac
3100 3147 3257 3200 tinem
3316 3146 3518 3226 facere,

278 3248 332 3291 et
363 3241 453 3306 iis,
485 3242 578 3311 qui
606 3242 866 3308 indigent,
887 3237 1066 3306 largiri
1097 3254 1190 3307 pro
1219 3236 1438 3300 viribus,
1466 3252 1493 3289 a
1515 3237 1846 3306 prepinqnis,
1888 3246 1940 3291 et
1967 3236 2404 3306 consanguineis,
2443 3251 2506 3291 ac
2567 3236 2880 3292 domesticis
2906 3237 3237 3306 incipiendo,
3278 3246 3332 3290 et
3361 3235 3517 3291 fenus

281 3345 310 3383 ι
364 3343 416 3385 ιε
454 3333 510 3386 in
561 3343 834 3402 posterum
870 3344 1103 3392 sumere,
1143 3338 1198 3381 et
1233 3327 1456 3380 auctarii
1509 3327 1624 3380 loco
1680 3327 1842 3379 vitam
1883 3335 2135 3380 aeternam
2159 3325 2423 3395 accipere.
2459 3325 2592 3380 Nam
2621 3346 2640 3379 ι
2667 3326 2929 3396 jejunium
2971 3326 3102 3396 (65),
3133 3345 3152 3378 ο
3186 3327 3380 3398 inquit,
3418 3313 3519 3382 te‘

282 3421 454 3475 oratio
481 3422 675 3476 liberat
704 3436 731 3474 a
769 3427 975 3474 morte:
1002 3417 1341 3485 eleemosyna
1372 3432 1502 3472 vero
1531 3425 1614 3472 est
1654 3431 1814 3484 supra
1850 3426 2156 3488 utrumque.
2183 3436 2202 3470 ι
2240 3417 2392 3472 Sicut
2415 3419 2560 3472 enim
2593 3418 2754 3473 etiam
2786 3417 2997 3486 profani
3029 3418 3202 3484 aiunt,

291 3533 577 3600 Εὐσεϐίης
602 3530 785 3586 οὐδὲν
809 3528 1282 3598 προφερέστερον
1311 3528 1380 3580 ἐν
1400 3527 1795 3597 μερόπεσσιν.

286 3662 472 3726 Οὕτως
514 3661 578 3715 ἂν
644 3660 780 3732 πρὸς
845 3657 1056 3721 τούτοις
1101 3658 1392 3727 ἐγγένηται
1456 3657 1517 3710 τὸ
1565 3657 1638 3728 μὴ
1670 3661 1844 3711 νοσεῖν

286 3752 663 3823 ὑπερηφανίαν
683 3751 778 3802 καὶ
802 3750 990 3818 τῦφον,
1023 3751 1143 3821 μηδ’
1173 3747 1312 3803 εἶναι
1333 3750 1715 3820 καυχηματίαν
1737 3768 1751 3781 ·
1777 3751 1845 3805 δι’

276 3845 315 3898 ἃ
346 3847 565 3915 ἄφυκτα
598 3841 766 3912 πάθη,
802 3843 830 3894 ὁ
861 3841 957 3911 μὲν
986 3841 1228 3911 ἔχθιστος
1262 3839 1434 3894 Σατὰν
1467 3841 1560 3894 τοῦ
1597 3841 1707 3894 ἄνω
1738 3859 1849 3910 φω-

278 4093 440 4157 Alire,
471 4093 698 4164 γήρους,
751 4098 808 4145 ut
836 4090 1112 4164 Didymus.
1159 4090 1262 4155 Qui
1302 4103 1453 4164 suam
1514 4086 1680 4155 ipsius
1723 4090 1856 4163 teta-

286 4176 399 4218 tem
430 4159 828 4229 bic'respicere
864 4159 1107 4225 videtur;
1139 4171 1256 4214 erat
1284 4159 1449 4224 enim,
1477 4168 1532 4210 ut
1561 4167 1711 4226 puto,
1743 4159 1852 4222 jam

278 4249 476 4296 senex,
516 4231 640 4284 dum
673 4232 776 4284 ista
811 4230 1058 4284 dictaret.

354 4323 488 4395 (60),
516 4321 606 4378 Sic
629 4323 762 4395 enim
819 4337 911 4395 per
956 4330 1024 4375 te.
1079 4319 1543 4395 Quemadmodum
1599 4319 1855 4395 Didymus

282 4392 584 4449 secundum
632 4392 772 4445 hunc
827 4392 1021 4446 librum
1071 4392 1330 4450 oratione,
1387 4405 1479 4443 seu
1541 4393 1854 4457 precatione

283 4463 584 4527 concludit,
615 4463 683 4516 ita
709 4461 954 4515 Clemens
986 4476 1196 4528 quoque
1231 4460 1622 4528 Alexandrinus
1650 4459 1850 4514 Proda-

283 4549 504 4603 gogttm,
549 4542 603 4584 et
645 4529 874 4603 Hilarius
934 4527 1161 4603 primum
1219 4527 1288 4580 De
1333 4527 1589 4581 Trinitate
1617 4529 1841 4603 _librutn
1878 4545 1923 4602 ι)

285 4599 458 4658 simili
490 4605 646 4654 modo
675 4600 1069 4653 concluserant.
1127 4600 1366 4663 Quorum
1421 4599 1663 4663 exempla
1724 4601 1848 4652 imi-

283 4682 434 4727 tatus
466 4671 792 4740 Augustinus
832 4669 894 4740 in
938 4681 1177 4740 extremo
1202 4681 1392 4740 ⁸(ψει-ε
1445 4667 1520 4720 Ι)ε
1571 4667 1849 4740 Trinitate,

287 4761 306 4794 ι
339 4735 574 4794 Libruni
603 4741 784 4805 itaque
829 4739 1010 4799 istum,
1072 4737 1264 4805 inquit,
1315 4735 1425 4801 jam
1483 4738 1699 4791 tandem
1756 4735 1854 4791 ali-

280 4811 509 4878 quando
535 4811 840 4876 precatione
870 4809 1080 4869 melius,
1110 4823 1269 4875 quam
1311 4806 1674 4878 disputatione
1724 4824 1852 4864 con—

283 4875 780 4936 cludam.l)omine
810 4881 948 4931 Deus
977 4886 1178 4940 noster,
1211 4895 1228 4926 ι
1263 4882 1316 4930 ει
1345 4875 1567 4944 reliqua.

356 4970 474 5038 (61)
514 4967 686 5022 Vincis
720 4969 774 5022 in
800 4969 1115 5038 judicando.
1151 4967 1226 5021 Ex
1257 4966 1385 5034 psal.
1419 4981 1470 5020 ι..

357 5061 472 5131 (62)
517 5061 646 5131 ,Ιαιην
692 5063 1138 5129 appropinquavit.
1189 5057 1508 5112 Antichristi
1560 5059 1847 5131 adventum

280 5129 593 5203 proximum
628 5130 813 5203 fuisse,
851 5134 1034 5203 plures
1057 5141 1181 5203 ante
1215 5131 1496 5203 Didymqu
1526 5129 1712 5203 eodem
1747 5146 1847 5203 sae:

279 5198 408 5260 culo
439 5202 692 5268 suspicati
729 5208 870 5254 sunt.
906 5200 971 5253 Ut
1009 5201 1235 5252 Basilius
1278 5198 1500 5266 Magnus
1549 5200 1708 5266 epist.
1743 5200 1846 5254 159

281 5274 358 5326 ad
392 5272 780 5324 Alexandrinos
812 5285 950 5323 anno
972 5271 1077 5323 ’575
1107 5271 1262 5322 data:
1302 5268 1388 5320 ubi
1444 5279 1725 5334 pOStquam
1779 5272 1846 5323 de

281 5342 641 5402 cruciatilms,
669 5341 864 5406 quibus
897 5340 1230 5392 Alexandria:
1263 5338 1510 5391 catholici
1567 5339 1635 5390 ab
1676 5338 1847 5393 haere-

285 5412 417 5466 ticis
455 5411 810 5464 vexabantur.
851 5424 1151 5464 sermonem
1199 5409 1404 5468 habuit,
1464 5407 1575 5459 haec
1627 5407 1846 5474 subjicit

285 5496 442 5535 num.
467 5479 522 5539 2,
556 5495 678 5548 pag.
706 5479 806 5532 231
838 5496 850 5530 :
889 5496 906 5529 ι
935 5479 1016 5532 Ad
1044 5481 1138 5548 has
1181 5478 1532 5545 cogitationes
1561 5475 1841 5548 illaetiam

284 5549 525 5602 accessit
547 5546 570 5602 ε’
611 5548 746 5602 Num
806 5549 1060 5602 Dominus
1102 5547 1369 5601 Ecclesias
1425 5560 1550 5601 suas
1592 5546 1845 5614 reliquit?

285 5618 430 5674 Num
465 5619 758 5672 novissima
801 5619 926 5671 hora
956 5625 1058 5678 est,
1095 5627 1148 5670 et
1187 5615 1413 5670 defectio
1457 5629 1551 5684 per
1597 5615 1710 5670 haec
1760 5617 1844 5670 in-

287 5691 557 5756 greditur,
584 5688 922 5742 utreveletur
941 5686 1154 5740 tandem
1179 5686 1395 5756 iniquus
1424 5685 1512 5756 ille
1541 5684 1680 5740 ﬁlius
1711 5699 1838 5754 per-

286 5754 531 5821 ditionis,
566 5759 656 5827 qui
688 5759 1025 5822 adversatur,
1054 5766 1109 5810 et
1140 5754 1362 5809 effertur
1409 5755 1684 5827 adversus
1723 5770 1840 5827 oin-

289 5842 438 5896 nem,
466 5828 555 5899 qui
584 5823 787 5884 dicitur
838 5827 994 5893 Deus,
1043 5835 1131 5882 aut
1176 5826 1420 5882 numen?
1455 5842 1474 5876 ι
1522 5825 1602 5882 Ac
1641 5823 1838 5883 similia

2226 3529 2438 3586 Pietate
2467 3531 2600 3585 nihil
2629 3531 2813 3586 utilius
2836 3542 2911 3586 est
2938 3532 3252 3586 hominibus.

1954 3663 2045 3720 Sic
2071 3663 2196 3717 illud
2222 3664 2383 3718 etiam
2414 3665 2630 3735 insuper
2659 3666 2813 3721 nobis
2841 3666 3126 3730 concedas,
3153 3675 3211 3721 ut
3239 3667 3290 3722 in
3322 3683 3513 3738 super-

1953 3754 2054 3808 biae
2087 3766 2246 3822 atque
2271 3756 2593 3822 arrogantiae
2624 3756 2864 3812 morbum
2894 3772 2960 3812 ne
2991 3757 3311 3825 incidamus,
3359 3774 3423 3814 ac
3450 3777 3519 3816 ne

1956 3861 2092 3900 unus
2127 3845 2340 3916 quidem
2375 3847 2446 3900 sit
2478 3847 2740 3916 gloriosus
2762 3850 2948 3914 homo,
2981 3857 3142 3920 atque
3183 3858 3512 3918 ostentator;

1953 4085 2285 4158 scripserant
2319 4102 2440 4158 cum
2470 4085 2704 4141 Hilarius
2742 4097 2872 4145 tom.
2907 4090 2978 4153 ll,
3009 4104 3129 4158 pag.
3159 4090 3264 4145 595
3290 4090 3375 4144 ed.
3411 4088 3518 4145 Ve-

1953 4156 2215 4220 ronensis,
2251 4164 2360 4230 tum
2382 4157 2645 4230 ‘Cyrillus
2692 4156 3213 4230 Hierosolymitanus
3246 4160 3518 4217 catechesi

1950 4237 2046 4299 ἓν,
2071 4240 2216 4277 num.
2255 4226 2340 4279 18.
2379 4225 2543 4280 Paulo
2574 4238 2747 4299 autem
2780 4238 2919 4298 post.
2943 4225 3116 4299 'quam
3150 4230 3262 4283 haec
3289 4231 3520 4286 dictavit

1951 4293 2224 4368 Didymus,
2259 4312 2448 4368 nempe
2474 4298 2628 4368 anuis
2662 4293 2795 4365 plus'
2823 4293 2998 4352 minus
3021 4306 3143 4353 octo
3194 4309 3318 4368 ante
3377 4315 3516 4368 qua-

1957 4364 2434 4431 dringentesimum
2494 4364 2694 4420 Christi
2760 4384 2981 4430 annum,
3048 4369 3223 4422 aiebat
3278 4364 3518 4424 Joannes

1950 4431 2360 4506 Chrysostomus
2379 4437 2429 4487 in
2456 4439 2846 4490 commentario
2868 4437 3195 4490 inloannem
3224 4446 3354 4490 tom.
3385 4437 3513 4506 VIII,

1955 4516 2074 4569 pag.
2119 4503 2266 4557 200:
2320 4523 2356 4576 -ι
2393 4506 2445 4558 Si
2473 4515 2566 4570 ,tot
2617 4522 2878 4560 annorum
2929 4503 3514 4576 quadringentesimum

1961 4587 2079 4623 esse
2107 4576 2264 4626 linem
2301 4574 2620 4638 dixerimus,
2657 4591 2758 4627 non
2783 4574 3186 4631 aberrabimusf
3210 4596 3230 4628 ι
3265 4576 3518 4642 Quinimo

1961 4643 2200 4696 nonnulli
2229 4646 2370 4696 circa
2397 4660 2458 4698 ea
2499 4656 2737 4714 tempora
2759 4646 3151 4699 Antichristum
3185 4645 3297 4713 jam
3330 4657 3515 4699 natum

1959 4723 2302 4784 censuerunt,
2340 4714 2500 4782 idque
2528 4729 2558 4767 a
2594 4717 2653 4770 ὃ.
2687 4714 2913 4768 Martino
2967 4715 3356 4769 Turonensium
3405 4720 3519 4784 epi-

1959 4795 2124 4852 sc0po
2160 4783 2478 4837 aliirmatum
2509 4786 2710 4848 dixere,
2749 4795 2802 4836 ut
2831 4795 3044 4838 constat
3077 4801 3139 4837 ex
3171 4784 3387 4852 Sulpicii
3416 4783 3516 4839 Se-

1957 4853 2068 4902 veri
2105 4851 2319 4922 Dialogo
2353 4870 2408 4916 ιι,
2439 4870 2556 4924 cap.
2595 4853 2678 4917 M,
2714 4869 2830 4924 pag.
2863 4853 2966 4906 122
3000 4854 3128 4908 edit.
3167 4851 3514 4909 Veronensis.

2027 4940 2137 5011 (65)
2177 4940 2527 4998 Voluntatem.
2567 4943 2764 5008 Codex,
2806 4944 3086 5014 θελήματά
3123 4962 3180 4996 τε
3208 4947 3380 5000 κοινά.
3413 4945 3518 5000 Sed

1955 5022 2099 5080 patet
2126 5015 2404 5082 legendum
2428 5030 2564 5078 esse,
2599 5014 2809 5084 θέλημα
2833 5017 2900 5067 τά
2929 5031 2986 5066 τε
3023 5015 3196 5068 κοινά.

2391 5107 2591 5174 Codex,
2623 5106 2811 5176 μείζω,
2846 5122 2940 5175 pro
2973 5107 3177 5178 μεῖζον.
3213 5103 3345 5162 Vide
3405 5117 3530 5234 noui

2026 5260 2454 5335 (65)_Jejunium.
2496 5263 2608 5319 Duo
2641 5266 2962 5335 Scriptura;
3012 5265 3126 5320 ioca
3175 5263 3354 5331 ali'ert,
3421 5275 3515 5319 aut

1954 5331 2193 5398 respicit.
2225 5335 2374 5385 Alter
2412 5345 2585 5386 exstat
2622 5331 2806 5390 Tobiae
2849 5353 2948 5400 xu,
2985 5337 3018 5390 8
3055 5345 3105 5389 et
3135 5335 3189 5400 9,
3242 5337 3328 5387 ubi
3383 5335 3516 5403 legi-

1955 5410 2076 5452 lttt':
2121 5401 2346 5452 ’Λγαθὺν
2377 5405 2648 5452 προσευνῇ
2700 5407 2833 5452 μετὰ
2883 5406 3134 5452 νηστείας
3176 5405 3270 5452 καὶ
3291 5406 3516 5452 ἐλεημο-

1955 5410 2076 5453 tur:
2121 5402 2346 5468 ’Λγαθὺν
2377 5405 2649 5476 προσευχὴ
2699 5407 2833 5475 μετά
2883 5406 3134 5477 νηστείας
3176 5405 3270 5457 καὶ
3291 5402 3518 5476 ἐλεημο-

1954 5469 2182 5546 σύνηςτ.
2237 5471 2572 5544 ἐλεημοσύνη
2643 5475 2749 5546 γὰρ
2792 5479 2857 5530 ἐκ
2902 5477 3130 5530 Θανάτου
3189 5474 3420 5546 ῥύεται,
3465 5476 3518 5528 id

1951 5548 2034 5593 est
2075 5559 2094 5590 ι
2128 5539 2270 5593 Bona
2302 5539 2386 5593 res
2408 5552 2490 5617 est
2511 5539 2685 5599 oratio
2711 5539 2832 5599 cum
2870 5547 3112 5617 jejunio,
3134 5539 3201 5598 et'
3223 5559 3344 5598 cum
3376 5543 3518 5617 elec-

1953 5625 2240 5693 tnosynazu
2269 5625 2399 5693 nam
2428 5612 2768 5693 eleemosvna
2799 5632 2827 5668 a
2865 5612 3035 5693 inmte
3061 5614 3275 5693 liberat.
3309 5631 3328 5664 ι
3364 5614 3516 5693 alter

1949 5689 2128 5762 exstat
2158 5679 2518 5764 Epylesiastic:
2545 5698 2631 5749 XL,
2660 5679 2730 5738 26
2755 5702 2769 5736 :
2798 5687 2892 5739 καὶ
2913 5684 3048 5756 ὑπὲρ
3069 5683 3353 5755 ἀμφότερα
3371 5681 3518 5764 ἐλεη-

1953 5750 2153 5818 μοσύνη
2186 5750 2428 5820 ῥύσεται,
2461 5751 2511 5806 id
2541 5767 2644 5824 εει,
2703 5773 2722 5807 ι
2751 5765 2805 5812 ει
2837 5771 3000 5828 super
3021 5750 3328 5824 utrumque
3373 5750 3518 5808 else-

1949 5834 2169 5890 mosyna
2201 5820 2471 5877 liberabit.
2503 5841 2522 5875 ι
