4060 6406
595 262 700 319 775
751 325 759 344 γ

1832 255 2063 312 DlDYMl
2101 253 2574 312 ALEXANDRINI
2608 298 2628 320 ,

3708 249 3801 310 ’Πθ

593 391 774 437 siones
803 376 974 448 ipsam
1000 388 1032 430 ιι
1069 371 1164 430 Dei
1195 375 1469 431 consortio
1510 376 1746 442 abducit,
1785 393 1849 432 ac
1900 377 2151 431 deorsum

2266 374 2394 438 ιίας,
2433 377 2528 428 καὶ
2567 372 2864 442 καταφέρει
2913 368 3052 441 πρὸς
3094 368 3198 439 γῆν
3239 367 3334 421 καὶ
3370 366 3438 420 τά
3479 364 3603 436 γῆς,
3643 384 3800 437 οιμαι,

594 474 646 528 in
688 482 908 538 terram,
951 469 1201 539 atquein
1249 479 1514 535 terrenas,
1545 479 1602 524 ιιι
1637 479 1787 540 puto,
1839 468 2157 524 sollicitudi-

594 581 688 620 nes
721 565 890 634 ipsum
917 562 1177 626 inclinat;
1225 571 1386 629 atque
1412 561 1485 614 ita
1525 561 1793 631 imperare
1829 571 2053 616 conatur
2083 561 2152 628 ei,

592 672 710 724 quae
760 661 947 706 natura
976 649 1316 719 praestantior
1343 658 1447 714 est,
1491 657 1544 704 et
1591 659 1739 704 tanto
1781 650 2155 719 priestantior,

593 754 794 812 quanto
826 742 898 810 id,
933 741 1075 812 quod
1102 739 1404 794 immortale
1431 749 1534 802 cst,
1568 740 1919 795 excellentius
1944 750 2029 795 est
2066 756 2153 805 eo,

593 835 734 904 quod
803 842 884 887 est
937 828 1184 884 mortale.
1255 828 1593 882 Desiderium
1660 829 1877 899 insuper
1929 829 2158 898 propria:

597 926 763 993 ipsius
801 920 1075 990 explendae
1107 919 1421 982 voluntatis,
1467 929 1560 973 aut
1597 918 1938 989 acquirendae
1983 920 2157 989 cogni-

597 1014 776 1076 tionis,
811 1011 936 1066 illuc
985 1025 1104 1064 eam
1140 1009 1321 1074 trahit,
1358 1023 1529 1078 eoque
1585 1010 1776 1074 tendit,
1817 1019 1875 1063 ut
1913 1011 2157 1080 quaedam

594 1106 733 1177 scire
763 1103 932 1158 velit:
975 1101 1070 1158 sed
1113 1115 1236 1155 cum
1269 1108 1475 1154 rectum
1524 1114 1589 1154 ac
1633 1109 1807 1155 tutum
1839 1104 1939 1156 viae
1969 1100 2157 1154 ducto-

595 1213 709 1252 rem
751 1210 856 1251 non
901 1195 1120 1256 haheat,
1152 1199 1245 1246 aut
1279 1205 1568 1261 pravorum
1619 1190 1896 1245 hominum
1931 1203 2152 1246 consue-

599 1289 780 1343 tudine
805 1294 1009 1348 ulatur,
1041 1283 1275 1347 aberrat,
1302 1291 1357 1335 et
1384 1295 1586 1352 anceps
1616 1280 1809 1346 lueret,
1845 1295 1911 1336 ac
1940 1281 2158 1335 tandem

598 1380 663 1434 ad
689 1393 848 1449 quam
905 1376 1041 1432 forte
1090 1373 1308 1443 appulsa
1343 1372 1503 1426 fuerit
1541 1371 1868 1442 opinionem,
1895 1385 2015 1427 eam
2070 1371 2155 1426 in-

597 1469 936 1524 considerate
997 1466 1344 1536 amplectitur
1400 1483 1414 1520 :
1475 1476 1635 1534 atque
1693 1465 1765 1520 ita
1819 1478 2158 1534 summopere

598 1560 922 1615 miserabilis
955 1558 1032 1623 ﬁt,
1064 1573 1127 1612 ac
1167 1557 1400 1621 misera;
1442 1556 1637 1626 quippe
1668 1571 1786 1626 quae
1811 1557 1935 1610 dum
1960 1555 2154 1610 bonam

595 1651 952 1722 cognitionem
1010 1658 1330 1717 aucupatur,
1365 1662 1594 1716 eamque
1651 1661 1709 1702 se
1762 1646 2032 1701 invenisse
2069 1661 2160 1715 pu-

599 1754 715 1806 tat,
771 1743 821 1796 in
885 1755 1078 1811 pravas
1151 1740 1394 1793 incidens
1461 1739 1756 1793 sententias
1816 1738 2154 1807 depravatur.
2190 1715 2233 1769 Β

596 1834 750 1903 Quod
805 1836 947 1889 enim
999 1846 1098 1887 nos
1172 1847 1360 1886 omnes
1444 1841 1639 1885 natura
1721 1831 1794 1885 ita
1864 1829 2156 1901 comparati

595 1928 808 1992 simus,
893 1934 953 1979 ut
1051 1923 1329 1979 scientiam
1434 1933 1788 1990 appetamus,
1877 1921 2156 1988 ostendit,

601 2029 660 2076 ut
716 2019 892 2089 inquit
964 2017 1284 2072 Aristoteles
1349 2015 1500 2087 (80),
1565 2015 1724 2070 etiam
1803 2014 1963 2086 315
2034 2029 2159 2070 sen-

598 2126 753 2166 suum
821 2107 1182 2170 desiderium,
1226 2107 1370 2177 quod
1429 2106 1573 2160 nulla
1629 2115 1853 2176 urgente
1923 2105 2161 2162 necessi-

598 2213 709 2258 tate
745 2201 812 2255 ad
848 2215 907 2255 se
951 2199 1124 2269 ipsum
1184 2213 1284 2252 nos
1338 2196 1578 2250 attrahit.
1615 2195 1798 2264 Itaque
1842 2194 2024 2250 videre
2065 2194 2163 2249 ali-

600 2296 750 2365 quid,
781 2301 874 2348 aut
931 2305 1092 2364 agere
1142 2288 1435 2360 aliquando
1492 2297 1762 2356 optamus,
1792 2287 1894 2342 etsi
1943 2286 2162 2342 omnino

601 2383 968 2441 necessarium
1022 2394 1128 2436 non
1189 2382 1298 2445 sit,
1348 2379 1440 2434 sed
1485 2377 1665 2446 potius
1733 2377 1964 2430 noxium
2020 2375 2164 2445 quod

600 2475 955 2546 conspicitur,
999 2479 1092 2527 aut
1118 2469 1370 2527 eﬂicitur.
1429 2468 1584 2535 Quod
1622 2477 1804 2522 autem
1845 2467 1960 2522 haec
1999 2468 2072 2522 ita
2105 2481 2166 2522 se

601 2569 802 2624 habere
836 2573 1020 2635 aperte
1046 2561 1430 2618 allirinaverint
1470 2575 1638 2616 sacra:
1678 2559 1924 2622 Litterae,
1982 2559 2166 2614 decla-

603 2669 725 2715 rant
753 2658 917 2712 divini
954 2655 1251 2724 scriptores
1287 2649 1426 2722 (81),
1457 2652 1544 2720 qui
1577 2652 1655 2704 sic
1692 2649 1857 2705 locuti
1903 2657 2050 2704 sunt.
2075 2647 2142 2703 Ja

603 2752 769 2806 cobus
825 2750 1041 2820 inclytae
1089 2746 1364 2800 memoriae
1394 2745 1476 2798 vir
1510 2760 1524 2796 :
1569 2761 1588 2794 ι
1629 2741 1745 2797 Non
1800 2751 1883 2796 est
1915 2740 2048 2813 (82),
2086 2741 2166 2796 in-

603 2845 742 2914 quit,
763 2841 1027 2912 sapientia
1059 2839 1162 2894 iSta
1203 2837 1492 2892 desursum
1530 2834 1882 2897 descendens,
1915 2833 2010 2888 sed
2053 2842 2168 2888 ter-

605 2953 763 3002 reua,
797 2933 1088 2997 animalis,
1141 2930 1486 2986 diabolica.i
1543 2928 1610 2982 Et
1669 2927 1851 2982 subdit
1909 2945 1923 2982 :
1967 2944 1986 2978 ι
2039 2926 2170 2993 Quae

604 3030 746 3085 enim
777 3027 886 3098 (85)
908 3025 1190 3080 desursum
1225 3030 1308 3075 est
1337 3021 1623 3089 sapientia,
1676 3019 1907 3088 primum
1941 3018 2155 3088 quidem

605 3134 738 3190 pura
768 3129 869 3182 est,
902 3113 1122 3186 paciﬁca
1164 3109 1274 3183 (84)
1305 3149 1320 3174 ,
1347 3126 1520 3180 aequa,
1557 3109 1767 3172 docilis,
1811 3109 1965 3179 plena
2003 3110 2166 3164 mise-

606 3209 836 3265 ricordia
877 3219 932 3262 et
976 3204 1240 3259 fructibus
1277 3217 1500 3274 operum
1539 3203 1801 3256 bonorum
1859 3200 1993 3271 (85),
2059 3215 2169 3255 non

606 3301 926 3371 dijudicans,
954 3294 1315 3352 simulationis
1342 3309 1552 3364 expers.
1585 3312 1604 3347 ι
1631 3294 1709 3347 Ac
1759 3305 2022 3363 praeterea
2063 3293 2163 3348 du-

605 3393 759 3462 plicis
788 3390 978 3443 animae
1001 3401 1096 3442 eos
1123 3385 1364 3440 homines
1392 3394 1566 3447 vocat,
1607 3386 1696 3453 qui
1729 3385 1909 3448 rudes,
1950 3392 2005 3438 et
2049 3397 2171 3453 gre-

607 3482 741 3552 garii
781 3489 931 3546 sunt,
999 3491 1099 3532 nec
1160 3475 1418 3530 mundam
1450 3474 1846 3543 cognitionem,
1878 3484 1971 3528 aut
1999 3476 2172 3528 stabi-

608 3575 714 3630 lem
741 3571 854 3645 (86)
886 3570 1074 3626 anima:
1108 3567 1426 3624 electionem
1476 3566 1880 3636 propositumve
1916 3566 2115 3621 habent
2148 3607 2166 3631 ,

609 3668 734 3720 dum
766 3664 881 3718 hac
915 3659 1143 3716 scribit:
1176 3678 1195 3712 ι
1225 3657 1663 3729 Appropinquate
1686 3655 1797 3726 (87)
1828 3654 1962 3719 Deo,
1985 3665 2040 3711 et
2063 3671 2166 3725 ap-

607 3751 987 3825 propinquabit
1017 3751 1191 3815 vobis,
1239 3748 1528 3803 emundate
1563 3762 1774 3810 manus,
1834 3759 1867 3799 ο
1921 3758 2168 3816 peceato-

609 3862 719 3910 res,
741 3853 796 3898 et
819 3840 1099 3913 puriﬁcate
1132 3840 1319 3906 corda,
1373 3854 1410 3895 ο
1437 3838 1678 3906 duplices
1711 3838 1911 3892 animo.
1960 3858 1979 3891 ι
2023 3840 2165 3906 Quin

611 4110 823 4179 dymus,
851 4108 983 4179 dum
1008 4107 1088 4179 sic
1125 4105 1628 4179 loquitur,_respicit
1669 4106 1798 4160 illud
1855 4106 1989 4175 psal.
2021 4122 2170 4172 cm,

611 4176 752 4234 vers.
781 4177 814 4232 8
845 4195 860 4233 :
892 4195 911 4229 ι
948 4177 1093 4231 Educ
1117 4178 1183 4230 de
1215 4176 1458 4231 custodia
1491 4176 1724 4229 animam
1751 4191 1947 4239 meam,
1982 4195 1999 4226 ι
2027 4179 2162 4239 sire,

612 4259 672 4303 ut
707 4249 895 4316 legitur
912 4248 1052 4316 apud
1070 4244 1463 4316 Hieronymum
1489 4245 1582 4316 lib.
1614 4246 1734 4316 adv.
1765 4245 2024 4316 Joannem
2049 4245 2172 4298 Hie-

2259 467 2665 538 φροντίσματα’
2711 466 2803 518 καὶ
2843 461 2985 517 οὕτω
3025 463 3389 533 κατακρατεῖν
3432 461 3688 530 ἐπιχειρεῖ
3718 460 3803 529 τῆς

2258 555 2416 624 φύσει
2457 556 2783 626 κρείττονος,
2836 552 2930 606 καὶ
2971 549 3210 620 τοσούτῳ
3253 549 3578 620 κρείττονος,
3614 549 3728 602 ὅσον
3749 549 3804 602 τδ

2261 646 2526 700 ἀθάνατον
2571 647 2662 699 τοῦ
2713 645 2924 716 θνητοῦ.
2996 643 3061 696 Ἦ
3107 642 3164 695 δέ
3206 659 3271 710 γε
3319 641 3416 712 τῆς
3469 641 3601 703 ἰδίας
3652 641 3802 712 αὐτῆς

2259 737 2645 808 προαιρέσεως,
2683 738 2714 806 ἢ
2748 735 2999 806 γνώσεως
3039 733 3198 788 πάλιν
3233 732 3516 802 ἐπιθυμία,
3557 733 3696 785 ἕλκει
3721 732 3804 803 μὲν

2259 833 2337 894 είς
2363 830 2423 882 τὸ
2449 829 2619 884 θέλειν
2642 830 2840 882 εἰδέναι
2861 845 2914 880 τι
2945 827 3137 897 αὐτὴν,
3161 825 3255 879 καὶ
3290 827 3379 878 ἐπὶ
3414 825 3574 879 τοῦτο
3599 823 3801 894 πορεύεο

2257 941 2369 988 ται,
2399 922 2472 995 μὴ
2505 922 2698 993 ἔχουσα
2729 921 2786 975 δὲ
2825 919 2981 991 ὀρθὸν
3005 921 3103 983 τῆς
3133 917 3355 990 πορείας
3387 917 3624 986 ἀγωγὸν,
3715 934 3801 970 κα-

2259 1014 2371 1068 κῶν
2415 1013 2734 1085 χρησαμένη
2785 1010 3025 1083 ὁμιλίαις
3064 1008 3386 1080 ἀνθρώπων,
3430 1008 3689 1062 πλανᾶται
3726 1007 3805 1060 καὶ

2259 1105 2474 1178 ἀπορεῖ,
2517 1105 2614 1160 καὶ
2652 1104 2828 1168 τέλος,
2869 1105 2956 1174 ἐφ’
2992 1103 3061 1174 ἢν
3096 1100 3249 1172 τύχοι
3282 1099 3707 1172 προσορμήσασα
3735 1096 3806 1151 δό-

2261 1196 2378 1264 ξαν,
2413 1195 2637 1268 ἀμαθῶς
2670 1196 2874 1267 ταύτην
2915 1193 3159 1249 ἀνείλετο
3177 1209 3192 1226 ο
3237 1191 3332 1246 καὶ
3355 1189 3500 1245 οὕτω
3523 1190 3586 1262 δὴ
3612 1189 3806 1259 γέγονεν

2258 1287 2504 1359 οίκτίστη
2531 1304 2592 1340 τε
2612 1287 2705 1340 καὶ
2733 1285 2911 1350 ἀθλία,
2936 1285 2994 1338 ἐν
3014 1281 3264 1353 γνώσεως
3283 1282 3494 1354 ἀγαθῆς
3517 1279 3711 1352 ὑποψίᾳ
3727 1278 3805 1334 καὶ

2259 1378 2385 1453 δόξῃ
2397 1377 2751 1449 θηρασαμένη
2763 1376 3200 1432 κακόνοιαν.”οτι
3216 1375 3324 1446 γὰρ
3340 1374 3542 1437 πάντες
3559 1372 3804 1443 ἄνθρωποι

2261 1469 2401 1523 κατά
2425 1467 2584 1538 φύσιν
2606 1466 2700 1521 τοῦ
2728 1466 3018 1537 γινώσκειν
3041 1464 3362 1538 ὀρεγόμεθα,
3384 1464 3536 1536 δηλοῖ
3557 1462 3722 1526 τοῦτο,
3743 1460 3805 1527 ὥς

2262 1576 2424 1629 φησιν
2480 1558 2884 1630 Ἀριστοτέλης,
2933 1557 3027 1611 καὶ
3090 1559 3124 1627 ἡ
3187 1555 3296 1609 τῶν
3351 1556 3654 1628 αἰσθήσεων
3703 1559 3802 1609 ἔπιε

2263 1651 2450 1723 θυμία,
2475 1652 2615 1721 πέρα
2643 1649 2741 1720 τῆς
2798 1649 2985 1720 χρείας
3004 1651 3152 1720 ἡμᾶς
3179 1649 3261 1718 ἐφ’
3302 1648 3500 1719 ἑαυτὴν
3539 1647 3805 1718 παραπέμο

2262 1757 2456 1794 πουσα.
2499 1740 2660 1812 Ὀρᾷν
2703 1737 2916 1809 γοῦν,ῆ
2959 1741 3131 1791 ποιεῖν
3177 1737 3287 1790 ἔσθ’
3315 1737 3404 1790 ὅτε
3439 1737 3802 1807 ἐπιθυμοῦμεν,

2262 1830 2364 1884 κᾶν
2396 1830 2470 1901 μὴ
2505 1830 2643 1884 πάνυ
2672 1831 2988 1898 ἀναγκαῖον,
3012 1827 3148 1884 ἀλλά
3185 1829 3277 1882 καὶ
3305 1828 3596 1892 suismet;
3625 1828 3679 1880 τὸ
3699 1825 3807 1898 ὁρώ-

2265 1941 2446 1995 μενον,
2483 1924 2517 1994 ἢ
2565 1922 2932 1995 πραττόμενον
3050 1924 3171 1976 Ὅτι
3196 1922 3252 1974 δὲ
3284 1922 3459 1976 ταῦτα
3490 1921 3657 1985 οὕτως
3685 1920 3807 1975 ἀντι-

2263 2032 2399 2085 κρυς
2445 2013 2812 2084 εἴρηται,τῶν
2867 2014 3026 2068 θείων
3070 2014 3349 2085 Γραφείων
3381 2013 3722 2082 διασαφοῦσιν
3764 2013 3804 2064 οί

2263 2107 2591 2171 ἀξιώσαντες
2612 2107 2786 2159 εἰπεῖν
2823 2106 3064 2161 τοιῶσδε·
3113 2107 3367 2170 Ἰάκωϐος
3400 2109 3429 2161 ὁ
3460 2107 3558 2178 τῆς
3587 2102 3804 2167 εὐκλεοῦς

2267 2200 2504 2271 μνήμης·
2545 2215 2564 2249 ι
2600 2198 2713 2252 Οὐκ
2759 2197 2904 2251 ἔστιν
2950 2199 2984 2269 ἡ
3041 2199 3200 2268 σοφία
3233 2198 3369 2270 αὕτη
3411 2199 3610 2253 ἄνωθεν
3636 2215 3802 2267 κατερ-

2263 2289 2489 2361 χομένη,
2503 2288 2614 2342 ἀλλ’
2627 2289 2885 2356 ἐπίγειος,
2902 2289 3123 2360 ψυχικὴ,
3139 2289 3515 2360 δαιμονιώδης.
3529 2309 3548 2342 ι
3558 2287 3802 2357 Ἑπιφὲρει

2267 2398 2347 2433 τε·
2386 2399 2405 2432 ι
2447 2380 2514 2433 Ἦ
2546 2380 2654 2451 γὰρ
2681 2380 2886 2434 ἄνωθεν
2937 2380 3119 2450 σοφία,
3144 2380 3356 2452 πρῶτον
3397 2381 3492 2452 μὲν
3510 2378 3646 2451 άγνή
3665 2380 3805 2436 ἐστιν,

2267 2471 2536 2542 εἰρηνικὴ,
2575 2469 2847 2541 ἐπιεικὴς,
2883 2468 3008 2542 [146
3044 2469 3096 2542 b]
3128 2469 3406 2541 εὐπειθὴς,
3457 2471 3621 2541 μεστὴ
3654 2467 3804 2528 ἐλέους

2267 2563 2362 2615 καὶ
2395 2560 2620 2632 καρπῶν
2653 2561 2830 2632 ἔργων
2884 2561 3123 2631 ἀγαθῶν,
3174 2562 3512 2633 ἀδιάκριτος,
3546 2558 3804 2627 ἀνυπόκρι-

2267 2668 2376 2714 τος.
2397 2670 2416 2703 ι
2439 2653 2549 2705 Καὶ¹
2578 2651 2658 2704 ἔτι
2691 2651 2944 2722 διψύχους
2969 2651 3367 2724 προσαγορεύει
3384 2653 3510 2715 τοὺς
3536 2649 3803 2718 ἀγελαίους,

2268 2744 2365 2797 καὶ
2394 2744 2454 2797 οὐ
2495 2744 2739 2816 καθαρὰν
2781 2744 2982 2813 γνῶσιν
3037 2745 3131 2798 καὶ
3161 2743 3430 2815 σταθερὰν
3457 2743 3629 2814 ψυχῆς
3659 2738 3805 2812 προαί·

2273 2853 2423 2906 ρεσιν
2447 2835 2670 2907 ἔχοντας
2696 2835 3142 2908 τῶνάνθρώπων,
3171 2837 3399 2904 φάσκων
3426 2834 3618 2890 τοιάδε·
3651 2852 3668 2885 ι
3705 2832 3804 2898 Ἐγ-

2269 2927 2461 2995 γίσατε
2495 2927 2574 2997 τῷ
2603 2927 2743 2998 Θεῷ,
2773 2928 2866 2981 καὶ
2885 2929 3063 2996 ὲγγιεῖ
3086 2929 3231 2998 ὑμῖν·
3272 2928 3604 3000 καθαρίσατε
3631 2928 3802 2998 χεῖρας,

2270 3019 2604 3090 ἁμαρτωλοὶ,
2663 3021 2755 3073 καὶ
2773 3019 3026 3088 ἁγνίσατε
3060 3019 3304 3090 καρδίας,
3347 3021 3578 3091 δίψυχοι.
3617 3039 3635 3072 ι
3676 3016 3806 3072 Ἀλλὰ

2268 3109 2363 3162 καὶ
2393 3109 2528 3179 πρὸς
2557 3110 2682 3172 τοὺς
2713 3110 3072 3181 μισοπόνηρον
3095 3110 3254 3180 ζῆλον
3279 3110 3461 3183 ψυχῆς
3479 3113 3704 3182 ἔχοντας,
3730 3106 3804 3161 καὶ

2270 3201 2600 3270 νικηφόρους
2633 3201 2794 3265 ὄντας
2839 3203 3060 3273 ἀρετῆς,
3086 3202 3178 3266 οὓς
3198 3203 3258 3256 οὐ
3296 3203 3576 3274 διαφεύγει
3609 3201 3706 3256 τῶν
3741 3217 3803 3252 τι·

2275 3292 2411 3362 μίων
2439 3293 2560 3345 οὐδὲ
2586 3291 2664 3356 ἕν,
2695 3292 3019 3361 διαλέγεται,
3041 3293 3180 3346 ὥστε
3209 3295 3416 3366 εἵργειν
3441 3295 3548 3349 τῶν
3576 3295 3645 3364 μὴ
3660 3289 3804 3346 τοιού-

2268 3401 2378 3437 των
2412 3382 2711 3456 ἀνθρώπων
2755 3385 2816 3437 τὸ
2863 3385 3180 3450 ἀκόλαστον,
3227 3389 3319 3441 καὶ
3369 3389 3690 3459 μεταδιδόναι
3731 3384 3806 3437 καὶ

2271 3475 2470 3540 ἄλλοις,
2522 3468 2595 3528 ὧν
2621 3475 2776 3528 αὐτοὶ
2823 3475 3034 3546 ἔχουσιν
3079 3477 3320 3545 ἀγαθῶν,
3375 3481 3608 3550 ῥήμασιν
3633 3477 3802 3536 αὐτοῖς·

2279 3584 2298 3617 ι
2347 3567 2624 3636 Ἀδελφοὶ,
2673 3568 2767 3622 ὲάν
2824 3587 2907 3634 τις
2952 3572 3081 3642 παρ’
3141 3571 3268 3640 ὑμῖν
3314 3571 3558 3641 πλανηθῇ
3599 3569 3694 3622 ἀπὸ
3726 3565 3805 3633 τῆς

2273 3657 2547 3730 ἀληθείας,
2567 3661 2658 3713 καὶ
2677 3660 2977 3733 ἐπιστρέψῃ
3008 3678 3091 3725 τις
3117 3661 3297 3722 αὐτὸν,
3333 3661 3664 3730 γινωσκέτω,
3692 3658 3758 3710 ὃτι
3783 3654 3805 3705 ὀ

2273 3749 2602 3822 ἐπιστρέψας
2612 3752 2929 3823 ἁμαρτωλὸν
2945 3755 3008 3806 ὲκ
3020 3752 3225 3822 πλάνης
3235 3752 3353 3807 ὀδοῦ
3371 3752 3554 3817 αὑτοῦ,
3578 3748 3807 3817 σώσειψυ-

2273 3843 2374 3912 χὴν
2401 3844 2564 3896 αὑτοῦ
2577 3847 2641 3898 ἐκ
2662 3844 2913 3910 θανάτου,
2936 3845 3030 3898 και⁹
3050 3843 3278 3913 καλύψει
3292 3844 3495 3914 πλῆθος
3511 3839 3801 3913 ἁμαρτιῶν.»

2349 4106 2460 4228 581)
2508 4107 2680 4163 Divini
2735 4110 3033 4178 scriptores.
3083 4109 3285 4171 Codex,
3331 4109 3446 4163 τῶν
3483 4107 3636 4162 θείων
3688 4104 3803 4174 Γρα-

2370 4195 2464 4228 ων.
2494 4176 2794 4228 Leszendttm
2829 4180 3055 4228 fortasse
3075 4180 3184 4228 τῶν
3215 4179 3376 4228 θείων
3403 4178 3668 4228 γοαιοέων.
3707 4184 3801 4225 (⁸11111

2278 4176 2464 4244 φείων.
2494 4176 2794 4248 Legenduni
2829 4176 3055 4233 fortasse
3075 4180 3184 4233 τῶν
3215 4179 3376 4232 θείων
3403 4178 3668 4250 γραφέων,
3707 4184 3801 4225 cum

2279 4261 2472 4319 nomen
2507 4251 2764 4318 γραφεῖον
2807 4251 3045 4302 neutrius
3069 4251 3300 4319 generis
3321 4253 3414 4314 sit,
3444 4251 3653 4319 verbum
3685 4254 3801 4319 ⁸ιιιξτο

610 4313 1061 4388 τοιοιῇηιὲιοηιιηι,
1102 4313 1348 4388 ,ιιιιιιιξλ
1367 4332 1405 4388 _¢
1427 4314 1572 4388 E_duc
1599 4315 1665 4388 de
1693 4329 1909 4388 carcere
1935 4315 2167 4367 animam
2205 4373 2246 4388 ﬁ
2277 4313 2606 4380 ἀξιώσαντες
2630 4313 2906 4388 masculini
2943 4336 2957 4371 :
2988 4335 3048 4370 ac
3071 4313 3328 4386 praeterea
3363 4333 3554 4372 nomen
3585 4313 3695 4388 illud
3720 4322 3802 4363 ter-

611 4373 860 4458 meaiini
885 4373 1059 4457 Lege,
1073 4384 1116 4440 si
1142 4373 1422 4456 placet,’S.
1450 4385 1684 4438 Zenonis
1703 4384 1799 4439 lib.
1829 4400 1870 4452 ι,
1901 4394 2058 4439 tract.
2085 4387 2168 4448 16,
2205 4373 2249 4430 ο
2279 4373 2366 4458 tia;
2399 4373 2960 4458 partis'iTestainenti
3005 4373 3213 4442 Veteris
3247 4391 3520 4458 prOprium
3573 4385 3797 4458 videatur.

649 4473 732 4511 ac.
768 4456 888 4511 120.

611 4474 1140 4596 Ρθῗέθῖζὲἶὶιιοιειεε.
1177 4523 1417 4596 Primum
1444 4523 1920 4596 Metaphysicorum
1968 4521 2168 4596 lilii-uni

611 4591 988 4665 sic'exnrditur
1020 4596 1363 4665 philosophus
1385 4593 1641 4665 Stagirita
1663 4591 1685 4644 ι
1716 4593 1924 4665 Πάντες
1959 4591 2170 4665 ἀνθρω-

611 4664 821 4736 ποιᾲτοῦ
851 4666 1047 4718 εἰδέναι
1075 4664 1368 4736 ὀρέγονται
1392 4663 1586 4736 φύσειο
1630 4665 1871 4736 σημεῖονᾲ
1902 4663 1945 4716 δ’
1980 4665 2012 4733 ἠ
2062 4663 2170 4736 τῶν

613 4734 912 4804 αἰσθήσεων
945 4733 1242 4804 ἀγάπησις.
1275 4734 1404 4804 Και
1438 4735 1561 4804 γὰρ
1596 4734 1767 4804 χωρὶς
1805 4733 1908 4804 ,τῆς
1934 4803 1938 4804 ν
1961 4733 2168 4802 χρείας.

611 4803 929 4872 ἀγαπῶνται
968 4806 1034 4858 δι’
1068 4803 1284 4866 ἑαυτὰς,
1326 4803 1419 4856 κα)⁸
1477 4803 1704 4873 μάλιστα
1759 4803 1867 4855 τῶν
1911 4803 2083 4856 ἄλλων
2136 4804 2168 4873 ἡ

610 4877 699 4928 διὰ
735 4874 842 4927 τῶν
871 4876 1153 4944 ὀμμάτων.
1193 4875 1265 4927 Ού
1307 4873 1415 4944 γὰρ
1478 4872 1636 4942 μόνον
1684 4873 1778 4944 ἵνα,
1821 4872 2166 4944 πράττωμεν.

613 4945 748 5016 ἀλλὰ
783 4945 887 5016 καὶ
907 4941 1082 5014 ’μηθὲν
1121 4941 1402 5016 μέλλοντες
1425 4941 1796 5016 πράττεινγλτὺ
1823 4941 1964 5016 ὁρᾷν
1987 4941 2170 5016 αἱρού-

658 5015 754 5067 εθα
785 5011 1174 5080 ἀντιπάντων,
1209 5016 1283 5078 ώς
1309 5011 1501 5076 εἰπεῖν,
1535 5013 1641 5064 τῶν
1674 5012 1864 5065 ἄλλων.
1896 5011 2071 5064 Αἴτιον
2101 5011 2167 5070 δ’,

658 5033 754 5067 ευα
785 5033 904 5066 αντι
940 5033 1174 5080 παντων,
1209 5033 1283 5078 ως
1309 5033 1501 5076 ειπειν,
1535 5033 1641 5064 των
1674 5033 1864 5065 αλλων.
1896 5033 2071 5064 Λιτιον
2101 5033 2129 5063 ο
2151 5050 2167 5070 ,

613 5033 694 5138 ἔτι
723 5084 953 5154 μάλιστα
981 5087 1124 5137 ποιεῖ
1149 5083 1433 5155 γνωρίζειν
1458 5100 1510 5136 τι
1558 5083 1703 5152 ἡμᾶς
1746 5080 1885 5155 αὕτη
1932 5080 2039 5134 τῶν
2074 5083 2171 5155 μαί-

614 5150 881 5225 σθήσεων.
937 5156 1064 5221 Qum
1094 5150 1172 5225 sic
1195 5150 1704 5225 vei-tithssariou:
1775 5150 2019 5205 «Omnes
2073 5151 2170 5205 lio-

567 5275 581 5291 ν.
615 5223 788 5280 mines
830 5235 1024 5278 natura
1053 5223 1191 5277 scire
1215 5223 1542 5278 desiderant.
1589 5223 1810 5289 Signum
1857 5230 2036 5275 autem
2087 5231 2171 5275 est

573 5308 586 5335 ά
614 5309 867 5348 sensuum
896 5294 1150 5348 dilectio:
1185 5309 1307 5347 nam
1337 5301 1392 5345 et
1434 5291 1638 5360 absque
1685 5305 1782 5344 usu
1849 5301 2069 5358 propter
2095 5306 2172 5360 ise

614 5364 762 5432 ipsos
785 5373 1058 5416 amantur.
1086 5361 1204 5416 Prae
1234 5361 1443 5415 caeteris
1466 5372 1666 5425 autem,
1694 5360 1784 5429 qui
1831 5375 1949 5432 per_
1982 5359 2171 5432 oculos

616 5429 714 5488 ﬁt:
754 5448 860 5488 non
890 5434 1032 5487 enim
1062 5441 1365 5500 utagamus
1391 5431 1588 5491 solum,
1642 5445 1828 5483 verum
1879 5429 2044 5500 etiam
2098 5431 2173 5484 nil

613 5501 808 5566 acturi,
840 5503 1012 5572 ipsum
1041 5499 1225 5556 videre
1260 5513 1370 5566 pra:
1421 5500 1675 5572 omnibus
1708 5500 1844 5572 aliis
1881 5499 2167 5572 eligimus.

615 5572 788 5628 Causa
840 5569 1017 5628 autem
1060 5581 1164 5635 est,
1193 5573 1336 5640 quod
1363 5583 1615 5624 sensuum
1663 5569 1753 5626 hic
1811 5569 1896 5626 vel
1941 5569 2172 5627 maxime

620 5658 720 5700 nos
741 5656 1065 5714 cognoscere
1098 5643 1186 5712 qui
1202 5639 1386 5711 [quam
1411 5639 1554 5694 facit.
1568 5656 1587 5691 ι

2275 4455 2449 4525 Cujus,
2497 4465 2555 4508 ut
2601 4457 2927 4527 Epiphanius
2981 4458 3168 4510 luet-esi
3209 4455 3362 4524 xxix,
3421 4472 3536 4523 (ειη).
3581 4456 3628 4518 7,
3669 4460 3802 4527 testa-

2277 4536 2386 4588 tnr,
2423 4537 2533 4580 tres
2566 4527 2680 4579 istae
2727 4527 3145 4581 numerabantur
3166 4540 3368 4595 partes,
3409 4527 3589 4596 νόμος.
3629 4532 3800 4596 προφη·

2273 4605 2460 4717 ταιιῗί
2489 4599 2746 4665 γραφεῖα,
2791 4597 2841 4650 id
2871 4608 2949 4651 est
3010 4616 3028 4648 ι
3075 4592 3177 4659 lex,
3225 4592 3518 4665 propheta},
3571 4607 3623 4648 et
3652 4592 3802 4658 hagio-

2273 4680 2401 4717 zran
2425 4679 2494 4717 ia.
2529 4685 2548 4716 ι

2311 4679 2494 4717 ranlia.
2529 4685 2548 4716 1

2273 4680 2362 4734 gra
2409 4680 2494 4717 na.
2529 4685 2548 4716 ι

2343 4681 2454 4810 (ἕὲ)
2490 4734 2608 4810 {Van
2634 4745 2732 4810 est.
2761 4735 2929 4810 Epist.
2950 4734 3136 4789 Iacob.
3166 4734 3376 4810 σιμ-15ζ
3596 4800 3624 4810 η
3653 4799 3663 4810 θ

2345 4796 2455 4874 (85)
2481 4805 2612 4869 ραω
2637 4796 3014 4859 εηὶηι.Ἰι›ἰόθιῐι
3049 4820 3198 4874 vers.
3217 4803 3300 4857 l7.
3336 4803 3522 4859 Graeca
3548 4799 3697 4874 editio
3721 4796 3799 4846 ha-

2275 4872 2363 4926 bet
2393 4891 2406 4927 :
2439 4872 2509 4928 Ἥ
2539 4875 2596 4929 δὲ
2642 4874 2867 4939 ἄνωθεν,
2913 4877 2961 4928 id
3010 4887 3092 4930 est
3122 4893 3140 4926 ι
3171 4873 3300 4939 Quae
3337 4886 3514 4927 autem
3552 4872 3791 4924 desursum

2272 4953 2374 4996 Bal.
2415 4962 2433 4995 ι

2345 5013 2456 5086 (84)
2489 5013 2739 5081 Paciﬁco.
2773 5013 2937 5067 Biblia
2982 5015 3199 5079 habent,
3229 5013 3423 5068 ἔπειτα
3459 5005 3707 5082 είρηνική,
3757 4999 3833 5076 id,

2273 5094 2355 5137 εει
2387 5101 2405 5133 ι
2441 5086 2632 5138 deinde
2654 5086 2900 5152 paciﬁca.
2933 5102 2952 5133 ι

2344 5153 2454 5225 (85)
2487 5147 2769 5225 Fructibus
2800 5169 3011 5225 operum
3034 5152 3308 5206 bonorum.
3346 5153 3528 5208 Graeca
3553 5147 3700 5204 editio
3723 5156 3796 5225 ca:

2273 5220 2538 5294 ῒβίίνόεθν
2578 5223 2773 5294 ἔργων,
2808 5224 2859 5276 id
2894 5233 2972 5276 est
3012 5240 3031 5272 ι
3060 5237 3303 5294 operum.
3343 5243 3362 5276 ι
3404 5220 3798 5294 Quam_cuiu_ne

2272 5285 2534 5416 qulgatus
2561 5285 2775 5362 quidem
2799 5294 3064 5362 interpres
3091 5285 3302 5362 legerit,
3322 5285 3502 5359 ver'iit,
3529 5309 3547 5341 ι
3578 5285 3796 5342 fructibus

2295 5379 2447 5416 )OIIIS.
2479 5381 2498 5414 ’

2295 5379 2447 5416 )OIIIS.
2479 5381 2498 5414 ι

2347 5432 2457 5502 (86)
2508 5431 2782 5499 Stabilem,
2837 5439 2942 5486 etc.
2995 5430 3169 5486 Simili
3221 5432 3334 5502 fere
3384 5430 3538 5486 modo
3583 5419 3796 5502 διψύχιξιξς

2274 5499 2650 5571 interpretatur
2675 5502 2925 5558 Clemens
2968 5502 3019 5554 in
3073 5504 3247 5570 primo
3281 5500 3593 5557 Srromatum
3619 5507 3676 5549 ex
3706 5499 3793 5540 Ρη·

2273 5575 2436 5626 storis
2475 5573 2632 5635 libro,
2667 5574 2715 5626 id
2737 5581 2819 5627 est
2849 5589 2868 5622 ι
2908 5574 3188 5639 ancipites,
3223 5587 3286 5626 ac
3319 5572 3522 5625 dubios.
3567 5584 3586 5618 ι

2351 5643 2462 5714 (87)
2484 5643 2927 5714 Appropinquate.
2947 5644 3116 5712 Epist.
3135 5641 3319 5699 Jacob.
3341 5655 3412 5708 iv,
3435 5639 3490 5696 8.
