4060 6406
264 360 361 416 777

1330 365 1418 420 DE
1458 366 1837 427 TRINITATE
1877 371 2081 428 LIBER
2122 372 2443 429 TERTIUS.

3434 387 3542 452 778

262 477 424 531 υύδὲν
454 478 512 532 δὲ
571 472 732 551 ἦττον
761 482 855 534 καὶ
891 482 1094 553 Πέτρος
1121 482 1408 549 διδάσκων,
1433 488 1594 543 πόθεν
1626 492 1823 565 ἀπαθὴ.

1950 498 2112 551 etiam
2140 514 2257 561 eos.
2291 516 2518 569 quorum
2552 502 2730 559 anima
2761 503 2877 558 zelo
2910 507 3127 567 incensa
3171 512 3374 569 malum
3399 517 3532 579 odit.

260 571 594 641 τυγχάνουσα
627 572 796 643 ψυχὴ,
854 574 1041 628 παθῶν
1093 576 1377 642 ἀνάπλεώς
1421 598 1551 633 ποτε
1606 583 1839 652 γίνεται,

259 664 601 734 ἐπιστρέφων
657 665 713 718 δὲ
755 667 834 729 εἰς
862 667 923 720 τὸ
961 670 1318 740 μνημονεύειν
1352 672 1450 743 τῆς
1489 674 1843 743 ἁποϐιῶσεως

256 758 434 826 ἡμῶν,
491 758 753 829 ἔγραφεν·
818 776 837 808 ι
899 762 1194 833 Ἀπέχεσθε
1240 764 1347 818 ἀπὺ
1394 765 1504 819 τῶν
1562 772 1841 841 σαρκικῶν

256 848 579 919 ἐπιθυμιῶν,
607 852 806 916 αἵτινες
847 854 1231 924 στρατεύονται
1284 856 1427 911 κατὰ
1459 858 1557 930 τῆς
1583 860 1776 933 ψυχῆς,
1816 884 1835 915 ι

252 939 360 991 Καὶ
392 938 643 1010 Σολομὼν
675 940 731 994 δὲ
777 945 805 997 ὁ
859 944 954 997 τοῦ
1010 946 1174 999 Δαυΐὸ
1226 964 1410 1019 φησιν·
1450 966 1467 998 t
1508 950 1717 1023 Ὥσπερ
1743 953 1841 1023 οὐχ

251 1031 412 1099 ὅμοια
442 1034 711 1103 πρόσωπα
743 1034 1067 1106 ἀνθρώπων,
1086 1037 1258 1103 οὓτως
1288 1041 1407 1094 οὐδὲ
1426 1043 1478 1094 αἱ
1500 1043 1843 1114 καρδίαιτῶν

251 1123 556 1194 ἀνθρώπιον
609 1130 731 1191 ταῖς
768 1128 1018 1200 καρδίαις
1072 1132 1279 1203 ὅμοιαι.
1317 1151 1334 1183 ι
1388 1132 1612 1187 ’Υπεισι
1653 1135 1710 1188 δέ
1776 1154 1841 1207 με

249 1220 340 1271 καὶ
379 1220 445 1271 ἐκ
474 1219 583 1274 τῶν
608 1222 702 1275 τοῦ
744 1223 983 1293 μεγάλου
1018 1224 1328 1297 ἀθληφόρου
1396 1227 1632 1295 Παύλου,
1698 1228 1840 1303 ἆπερ

248 1310 435 1381 τοιᾷῆε
464 1314 651 1385 τρόπῳ
684 1316 991 1388 ἀνείρηκεν·
1032 1320 1313 1390 «Ψυχικὸς
1352 1322 1408 1375 δὲ
1460 1323 1743 1397 ἄνθρωπος
1780 1326 1839 1378 οὐ

247 1404 467 1474 δέχεται
495 1406 561 1459 τὰ
590 1408 683 1460 τοῦ
734 1410 1049 1481 Πνεύματος
1075 1412 1167 1465 τοῦ
1203 1413 1361 1467 Θεοῦ·
1402 1415 1529 1487 [146
1557 1416 1609 1489 b]
1658 1421 1839 1491 μωρία

246 1498 353 1567 γὰρ
385 1498 538 1568 αὐτῷ
582 1501 749 1553 ἐστιν·
789 1521 806 1551 ι
846 1504 938 1555 καὶ
970 1503 1152 1557 πάλιν·
1194 1524 1212 1557 ι
1268 1507 1325 1559 '0
1347 1507 1404 1561 δὲ
1464 1511 1833 1580 πνευματικὸς

242 1586 531 1659 ἀνακρίνει
566 1590 665 1661 μὲν
697 1591 924 1657 πάντας.
961 1594 1121 1660 αὐτὸς
1146 1595 1203 1649 δὲ
1244 1598 1335 1651 ὑπ’
1372 1600 1587 1665 οὐδενὸς
1610 1602 1836 1674 ἀνακρί-

240 1696 417 1733 νεῖαι.
455 1701 473 1734 I

1953 594 2154 661 quique
2188 596 2238 649 itt
2266 596 2485 650 virtutis
2515 612 2687 665 agone
2737 610 3013 656 certantes
3044 604 3275 673 palmam
3336 608 3534 664 retule-

1952 700 2097 748 runt.
2159 699 2209 741 et
2254 704 2394 756 quos
2452 689 2601 743 nulla
2650 691 2787 759 fugit
2842 709 2905 748 ex
2950 697 3114 752 rebus
3173 699 3536 757 aestimatione

1950 778 2160 847 dignis,
2200 779 2346 834 hisce
2373 780 2505 850 ipsis
2532 782 2713 837 verbis
2746 784 3041 854 alloquitur
3064 829 3081 855 ,
3122 800 3180 843 ut
3221 790 3526 855 hominum,

1949 873 2038 941 qui
2093 872 2173 929 eis
2238 873 2442 928 similes
2491 892 2593 928 non
2654 889 2804 943 sunt,
2874 880 3536 951 iutemperantiamcoer-

1950 974 2105 1016 ceaut
2130 1007 2143 1027 ,
2184 973 2235 1016 et
2262 965 2398 1019 alios
2434 965 2599 1019 etiant
2634 966 2899 1022 honorum
2924 1011 2940 1035 ,
2988 987 3107 1040 quae
3161 972 3261 1042 ipsi
3308 974 3531 1037 habent,

1957 1054 2250 1123 participes
2290 1056 2489 1108 faciant
2526 1074 2538 1111 :
2579 1074 2597 1107 ι
2633 1056 2853 1113 Fratres
2877 1058 2989 1130 (88)
3013 1102 3027 1124 ,
3061 1063 3275 1133 inquit,
3334 1064 3376 1119 si
3404 1065 3532 1135 quis

1952 1147 2090 1215 apud
2121 1162 2218 1201 vos
2264 1149 2531 1203 erraverit
2576 1165 2605 1201 a
2657 1150 2910 1218 veritate,
2955 1160 3009 1206 et
3039 1156 3372 1210 converterit
3404 1157 3530 1227 quis

1950 1254 2095 1297 eum.
2147 1236 2303 1305 sciat,
2342 1240 2481 1306 quod
2532 1239 2625 1308 qtti
2682 1245 3015 1297 converterit
3062 1255 3404 1313 peccatorem
3459 1246 3528 1301 ab

1948 1342 2135 1380 errore
2193 1327 2293 1381 vire
2348 1327 2488 1397 ejus,
2549 1328 2781 1382 salvabit
2822 1330 3059 1384 animant
3096 1332 3264 1401 ipsius
3320 1336 3431 1407 (89)
3494 1351 3525 1389 a

1950 1430 2122 1470 morte
2144 1458 2157 1477 ,
2184 1429 2234 1471 et
2264 1419 2477 1485 aperiet
2510 1419 2921 1475 multitudinem
2958 1434 3324 1491 peccatorum.
3372 1445 3391 1477 ι
3430 1425 3527 1479 Pa-

1947 1510 1987 1563 ri
2026 1511 2186 1563 modo
2221 1508 2415 1563 Petrus
2463 1525 2678 1581 quoque
2722 1526 2819 1567 nos
2871 1512 3071 1568 docens
3096 1553 3110 1579 ,
3173 1530 3407 1585 quanam
3446 1533 3513 1572 ex

1950 1616 2113 1655 causa
2146 1601 2259 1672 (90)
2302 1601 2479 1655 anima
2516 1617 2637 1655 cum
2676 1602 2745 1657 sit
2780 1603 3127 1672 impassibilis
3154 1646 3169 1672 ,
3206 1607 3519 1676 passionum

1944 1702 2130 1747 tamen
2170 1694 2328 1764 plena
2370 1693 2661 1762 aliquando
2704 1695 2952 1761 exsistat,
3001 1707 3055 1750 et
3111 1712 3207 1766 per
3228 1702 3520 1769 quamdam

241 1777 412 1829 veluti
444 1778 837 1846 digressionem
868 1780 1146 1835 interitum
1182 1792 1426 1838 nostrum
1458 1784 1571 1854 (9|)
1598 1801 2051 1861 commemorans,
2086 1788 2199 1842 haec
2276 1788 2531 1856 scripsit:
2570 1806 2589 1840 ι
2637 1789 2919 1845 Abstinete
2946 1788 3060 1861 (92)
3112 1806 3207 1847 vos
3254 1808 3283 1847 a
3321 1809 3516 1849 carna-

236 1865 384 1922 libus
427 1871 733 1939 desideriis,
766 1874 928 1946 316
977 1891 1097 1945 qua:
1145 1876 1377 1931 militant
1415 1877 1675 1933 adversus
1706 1860 1963 1933 animam.
1989 1898 2006 1930 ι
2036 1878 2257 1933 Davidis
2321 1894 2447 1933 vero
2479 1880 2619 1934 ﬁlius
2684 1880 2940 1935 Salomon
3002 1860 3112 1937 ait:
3144 1900 3161 1935 ι
3190 1882 3350 1939 Sicut
3404 1885 3520 1959 (93)

235 1978 345 2017 nm
383 1974 514 2019 sunt
568 1965 772 2021 similes
804 1968 986 2023 vultus
1038 1970 1315 2023 hominum
1343 2010 1358 2034 ,
1401 1970 1471 2024 ita
1514 1988 1615 2026 nec
1692 1970 1856 2026 corda
1900 1972 2183 2026 hominum
2216 1971 2472 2026 cordibus
2522 1972 2745 2027 similia.
2792 1992 2809 2025 ι
2864 1960 2944 2029 Ex
3011 1974 3097 2029 his
3162 1990 3289 2031 vero
3324 1978 3515 2047 etiam,

233 2074 361 2125 quae
415 2072 641 2123 magnus
678 2099 693 2124 ,
729 2059 1071 2129 invictusque
1101 2060 1303 2115 athleta
1337 2060 1533 2118 Paulus
1578 2062 1921 2131 conscripsit,
1960 2079 2020 2117 ea
2050 2062 2183 2115 mihi
2232 2062 2283 2116 in
2324 2072 2559 2119 mentem
2617 2064 2873 2130 veniunt,
2940 2081 3061 2135 qttte
3129 2068 3210 2122 sic
3271 2071 3521 2141 promul-

231 2151 435 2218 gavit:
489 2168 509 2200 ί
554 2135 818 2205 Αιιίιιῖιιιίε
860 2148 971 2222 (94)
1038 2159 1216 2204 autem
1270 2150 1434 2205 homo
1472 2167 1581 2207 non
1641 2152 1831 2221 recipit
1869 2165 2075 2217 eaquae
2102 2161 2226 2205 sunt
2250 2150 2485 2219 Spiritus
2506 2152 2641 2220 Dei;
2675 2152 2900 2207 stultitia
2933 2154 3076 2210 enim
3134 2156 3236 2227 ipsi
3271 2135 3420 2217 vsunt
3445 2179 3461 2231 ;
3490 2179 3513 2216 θ

230 2254 282 2297 et
323 2258 521 2296 rursus
554 2259 567 2296 :
608 2260 627 2292 ι
674 2240 945 2313 Spiritalis
996 2241 1108 2313 (95)
1140 2254 1319 2297 autem
1349 2243 1556 2313 judicat
1600 2245 1819 2315 quidem
1852 2260 2065 2308 omnes,
2090 2245 2206 2312 ipse
2229 2259 2356 2298 vero
2380 2259 2407 2297 a
2444 2245 2660 2300 nemine
2692 2244 3025 2313 iudicatur.»

314 2338 468 2392 Ἀλλ’
500 2339 636 2409 ὅπερ
673 2338 771 2409 μὲν
806 2338 1009 2407 ἔλεγον,
1053 2340 1086 2410 ἡ
1130 2339 1448 2411 προαίρεσις
1476 2339 1615 2411 αὕτη
1644 2340 1737 2394 καὶ
1770 2340 1823 2393 τὸ

2004 2339 2132 2400 Sed.
2178 2349 2231 2392 ut
2268 2339 2426 2393 modo
2474 2328 2752 2401 dicebam.
2793 2340 2983 2396 isthaze
3020 2340 3134 2414 (96)
3167 2344 3384 2412 quidem
3414 2360 3515 2401 vo-

230 2432 406 2503 σῶμα
441 2431 701 2494 πολλάκις
753 2430 1035 2484 καθέλκειν
1064 2433 1154 2484 ἐπὶ
1178 2434 1245 2485 τὰ
1276 2432 1420 2503 πάθη
1458 2433 1667 2502 πέφυκε
1730 2432 1828 2504 τὴν

229 2521 442 2594 ψυχήν·
475 2524 604 2575 ποτὲ
629 2523 687 2575 δὲ
717 2523 812 2575 καὶ
837 2522 1197 2594 συνεισφέρει,
1219 2523 1355 2595 αὐτῇ
1398 2541 1540 2595 φημι
1571 2528 1635 2594 τῇ
1657 2524 1824 2595 ψυχῇ,

229 2616 423 2685 ἀγαθὰ
447 2617 547 2669 οὐκ
576 2616 751 2683 ὀλίγα·
799 2614 857 2667 τὸ
886 2614 983 2685 μὲν
1030 2614 1208 2685 σῶμα,
1254 2615 1353 2689 τὴν
1386 2618 1496 2669 τῶν
1553 2616 1826 2687 αἰσθητῶν

230 2709 445 2777 γνῶσιν
478 2707 573 2759 καὶ
611 2707 709 2777 τὴν
755 2706 918 2778 ἄλλην
948 2709 1271 2779 ὑπηρεσίαν·
1326 2711 1359 2779 ἡ
1412 2710 1468 2762 δὲ
1507 2710 1827 2782 προαίρεσις

230 2800 432 2868 αὐτῆς,
490 2798 587 2868 τὴν
614 2798 721 2851 ἀπὺ
739 2798 837 2867 τῆς
859 2798 1142 2861 εὐϐουλίας
1171 2801 1263 2851 καὶ
1300 2798 1609 2871 ὀρθοδοξίας
1646 2819 1825 2871 μακα-

233 2893 490 2963 ριότητα·
522 2889 710 2960 ῶτπερ
741 2889 901 2943 πάλιν
951 2889 1175 2961 ἡψυχὴ,
1207 2892 1334 2944 ὅταν
1358 2887 1415 2944 εὖ
1447 2894 1512 2962 ζῇ
1549 2893 1687 2962 μετὰ
1722 2891 1825 2945 σώ-

234 3001 431 3054 ματος,
464 2983 557 3035 καὶ
584 2985 920 3053 κατακρατῇ,
950 2983 1044 3035 καὶ
1078 2984 1212 3054 πρὸς
1239 2984 1371 3037 Θεὸν
1405 2984 1818 3056 ὲπιστρέφηται,

230 3078 325 3130 καὶ
348 3076 462 3129 τῶν
504 3074 668 3128 αὐτοῦ
705 3075 1005 3145 πληροῦται
1034 3077 1295 3144 νοήσεων,
1332 3077 1550 3130 πλείονα
1589 3080 1683 3131 καὶ
1730 3096 1821 3131 σε·

233 3171 479 3242 μνότερα
513 3169 747 3224 δίδωσιν.
801 3168 874 3220 Τὸ
917 3169 1015 3240 μὲν
1053 3170 1161 3238 γὰρ
1194 3171 1401 3240 γήινον,
1452 3171 1658 3237 ἀπαθὲς
1710 3167 1822 3226 οἷον

234 3261 562 3330 ἀποφαίνειν
605 3259 913 3323 σπουδάζει,
952 3261 1230 3331 κοσμοῦσα
1288 3263 1419 3316 αὐτὸ
1471 3264 1675 3337 ἱδρῶτι,
1726 3268 1821 3321 καὶ

238 3354 527 3425 καρτερίᾳ,
562 3353 657 3405 καὶ
698 3354 861 3405 πᾶσιν
884 3355 994 3416 τοῖς
1038 3353 1096 3417 ἐξ
1126 3353 1328 3424 ἀρετῆς
1353 3355 1556 3420 πόνοις,
1588 3358 1681 3410 καὶ
1708 3359 1819 3412 δια-

242 3444 579 3511 κυϐερνῶσα,
618 3441 712 3494 καὶ
746 3440 842 3500 ¹διιί
869 3441 968 3512 τῆς
1003 3441 1112 3495 τῶν
1149 3441 1413 3510 ἀλγεινῶν
1454 3445 1669 3515 πείρας,
1726 3446 1819 3499 ἐπὶ

246 3535 331 3603 rip
385 3534 613 3603 θεοσεϐῆ
640 3531 783 3603 ζωὴν
823 3531 1199 3603 ἀνεγείρουσα·
1230 3534 1329 3603 τὴν
1369 3532 1426 3586 δὲ
1460 3533 1594 3588 ἰδίαν
1626 3538 1819 3607 προαί-

254 3642 415 3694 ρεσιν,
447 3627 538 3677 καὶ
578 3624 678 3694 τὴν
709 3624 911 3689 πίστιν,
947 3622 1243 3677 ἄπταιστον
1266 3626 1569 3697 διακρατεί,
1608 3629 1813 3681 καὶτὸν

1931 2430 2072 2484 lendi
2098 2429 2438 2499 eligendique
2477 2428 2709 2482 faettltas
2734 2437 2789 2483 et
2818 2444 3038 2500 corpus,
3078 2446 3220 2499 saepe
3274 2433 3512 2488 animant

1928 2536 2145 2591 quoque
2184 2520 2437 2575 deorsum
2494 2519 2747 2584 trahere,
2788 2527 2842 2573 et
2899 2520 2965 2574 ad
3018 2522 3298 2590 passiones
3346 2523 3507 2577 incli-

1929 2626 2058 2666 nare
2107 2617 2539 2677 consueverunt;
2603 2609 2892 2677 aliquando
2932 2618 3110 2665 tamen
3156 2612 3319 2666 etiam
3372 2614 3512 2670 bona

1929 2703 2221 2772 important
2256 2701 2354 2770 ipsi
2405 2700 2597 2754 anima:
2628 2714 2739 2755 non
2775 2700 3100 2769 mediocria;
3147 2718 3343 2773 nempe
3381 2719 3508 2760 cor-

1926 2807 2024 2860 pus
2048 2791 2290 2861 quidem,
2341 2790 2623 2845 sensiliutn
2656 2789 3046 2858 cognitionem,
3088 2800 3144 2846 et
3180 2792 3345 2846 alium
3379 2808 3501 2848 om-

1925 2900 2046 2938 nem
2094 2882 2445 2945 famulatum,
2495 2896 2656 2951 quem
2700 2894 2919 2951 przestat
2959 2883 3201 2949 an’imte;
3266 2884 3505 2956 eligendi

1925 2992 2054 3030 vero
2083 2975 2347 3039 facultas,
2398 2990 2517 3043 qua:
2549 2974 2648 3044 ipsi
2700 2973 2895 3029 anima:
2957 2975 3137 3042 inest,
3194 2976 3505 3033 felicitatem

1926 3067 2071 3122 illam
2106 3108 2123 3133 ,
2184 3082 2299 3136 qua:
2332 3082 2398 3121 ex
2447 3080 2577 3120 sana
2645 3066 3033 3122 deliberatione
3109 3080 3165 3122 et
3200 3084 3267 3123 ex
3314 3071 3505 3124 ortho-

1927 3161 2085 3216 doxia
2122 3162 2417 3215 derivatur.
2448 3160 2527 3215 Ac
2556 3159 2798 3214 vicissim
2840 3158 3018 3214 anima
3065 3159 3116 3217 si
3158 3171 3305 3215 recte
3359 3161 3508 3217 vixe-

1922 3255 1993 3308 rit
2024 3270 2146 3308 cum
2178 3269 2429 3323 corpore,
2463 3261 2518 3308 et
2550 3252 2677 3306 illud
2710 3250 2810 3306 sibi
2835 3252 3236 3322 obtemperans,
3270 3268 3335 3307 ac
3364 3254 3505 3307 sub-

1914 3346 2124 3417 jectum
2166 3355 2366 3413 teneat,
2405 3354 2459 3400 et
2488 3347 2554 3399 ad
2583 3345 2751 3400 Deum
2793 3355 3157 3411 convertatur,
3205 3356 3258 3400 et
3291 3346 3381 3401 Dei
3419 3362 3508 3403 eoa

1920 3438 2269 3506 gitationibtts
2302 3438 2612 3506 impleatur,
2640 3436 2791 3505 plura
2829 3447 2883 3491 et
2911 3437 3221 3503 augustiora
3254 3442 3453 3507 prabet
3482 3457 3499 3494 :

1921 3547 2041 3585 nam
2067 3530 2210 3600 quod
2264 3540 2533 3585 terrenum
2578 3539 2679 3594 est,
2716 3530 2766 3582 id
2812 3544 2875 3583 ea
2904 3530 3129 3584 reddere
3162 3532 3350 3585 nititur
3379 3532 3500 3587 vel-

1920 3624 1995 3677 uti
2044 3623 2313 3692 passionis
2359 3636 2576 3693 eXpers,
2617 3622 2815 3677 sudore
2840 3621 2973 3675 illud
3004 3636 3068 3675 ac
3099 3622 3416 3687 tolerantia,
3442 3634 3499 3680 et

245 3716 521 3788 ἄνθρωπον
560 3718 702 3789 ὑπὲρ
752 3716 1040 3789 ἄνθρωπον
1074 3720 1239 3783 ποιεῖ,
1276 3717 1460 3771 πίστει
1506 3719 1599 3772 καὶ
1642 3719 1819 3788 λόγοις

1929 3716 2197 3780 munibus,
2249 3730 2385 3784 quos
2439 3714 2661 3768 virtutis
2691 3729 2852 3768 causa
2902 3714 3155 3779 sustinet,
3222 3715 3501 3772 laboribus

239 3810 504 3873 αύτῦνεὶς
561 3809 622 3861 τὸ
659 3808 855 3879 σεμνὸν
912 3807 1339 3881 προϐιϐάζουσα,
1387 3811 1482 3865 καὶ
1526 3812 1661 3882 πρὸς
1710 3814 1822 3865 ἱκε-

236 3904 356 3957 σίαν
396 3905 497 3973 τῆς
530 3904 760 3974 Τριὲιδος
813 3904 1076 3974 ῥέπουσα,
1123 3904 1217 3957 καὶ
1263 3904 1468 3976 τροφὴν
1522 3906 1817 3979 ποιουμένη

231 3997 329 4066 τὴν
359 3996 471 4048 ἀπὸ
516 3996 721 4048 τούτων
755 3995 1041 4064 ὠφέλειαν.
1073 3996 1133 4048 Ei
1158 3995 1265 4066 γὰρ
1284 3996 1578 4068 νομιοῦμεν
1615 3997 1815 4068 ψυχὴν,

232 4088 562 4159 κοσμεῖσθαι
591 4089 682 4142 καὶ
707 4087 1002 4161 τρέφεσθαι
1028 4088 1129 4141 οὐκ
1165 4088 1369 4154 ἄλλοις,
1423 4090 1593 4160 ἀλλ’ἢ
1636 4089 1816 4157 λόγοις

227 4182 322 4233 καὶ
353 4180 542 4232 πίστει
579 4179 839 4247 πέφυκεν.
892 4176 1183 4250 ’Λνθρώπῳ
1208 4178 1316 4251 γὰρ
1344 4180 1515 4251 τροφὴ
1547 4182 1733 4251 ἄμφω,
1774 4180 1807 4250 ἦ

224 4289 283 4324 τε
304 4274 373 4324 ἐκ
396 4271 500 4340 τῆς
531 4270 825 4342 γεωργίας,
849 4272 883 4341 ἦ
927 4288 985 4323 τε
1020 4272 1084 4323 ἐκ
1112 4272 1219 4323 τῶν
1252 4271 1425 4340 λόγων
1464 4272 1558 4325 καὶ
1593 4273 1689 4343 τῆς
1718 4272 1808 4325 πί-

226 4380 423 4425 στεως·
462 4361 576 4416 ἀλλ’
612 4364 644 4432 ἡ
677 4363 773 4432 μὲν
801 4364 860 4415 τὸ
887 4364 1043 4434 σῶμα
1068 4357 1204 4415 εἶναι
1234 4380 1292 4415 τε
1319 4363 1410 4415 καὶ
1460 4364 1723 4435 ἀντέχειν,
1774 4366 1808 4435 ὴ

221 4455 278 4507 δὲ
315 4458 437 4518 ταῖς
484 4455 683 4524 ψυχαῖς
734 4454 794 4507 τὸ
828 4454 1027 4525 ἐτέρων
1059 4454 1309 4525 προέχειν
1337 4454 1571 4519 δίδωσιν,
1614 4457 1709 4509 καὶ
1723 4455 1810 4509 διὰ

224 4550 469 4611 πίστεως
505 4547 599 4599 κα).
624 4548 796 4615 λόγων
821 4546 912 4601 καὶ
944 4549 975 4617 ἡ
1009 4546 1143 4617 ἄλλη
1167 4546 1427 4618 σύμπασα
1453 4547 1813 4620 κατορθοῦται

221 4640 368 4710 ζωή.
409 4640 542 4711 [H7
567 4638 620 4711 α]
661 4641 853 4710 Φωρᾷν
898 4639 1072 4691 ἔνεστι
1110 4638 1279 4692 ταῦτα
1311 4639 1387 4709 μὴ
1420 4639 1594 4703 ἄλλως
1645 4638 1809 4710 ἔχειν,

219 4732 690 4803 ὲπιπορευόμενον
710 4731 787 4801 τῷ
814 4730 910 4802 νῷ,
951 4731 1026 4794 ὡς
1082 4730 1280 4786 αὐτίκα
1308 4730 1385 4802 τῷ
1417 4732 1642 4800 τοιούτῳ
1686 4732 1810 4783 ἐπι-

216 4824 431 4895 λάμπει
480 4823 575 4877 καὶ
617 4823 866 4890 συνεογεῖ
902 4823 930 4875 ὁ
967 4820 1313 4893 ἐπιϐεϐηκὼς
1346 4824 1457 4885 τοῖς
1508 4822 1648 4885 ὅλοις
1680 4821 1809 4885 Υἱὸς

292 5044 411 5115 (88)
462 5043 699 5100 Fratres.
758 5045 873 5099 Jac.
938 5065 991 5111 ν,
1060 5049 1125 5103 l9
1157 5056 1213 5100 et
1258 5047 1348 5100 20.
1400 5044 1585 5100 Graeca
1634 5043 1799 5115 editio
1842 5028 1884 5082 D

218 5113 319 5193 pro
353 5117 486 5187 παρ’
515 5116 643 5185 ὑμῖν
666 5118 827 5172 habet
860 5118 918 5171 ὲν
942 5120 1091 5189 ὑμῖν,
1117 5118 1165 5173 id
1191 5128 1275 5173 est
1301 5137 1319 5170 ι
1350 5117 1591 5180 invehis,
1618 5134 1636 5167 ι
1664 5113 1797 5177 sive,

223 5207 240 5236 ι
275 5198 413 5240 Ittlct'
433 5204 547 5241 vos.
581 5205 599 5237 ι

292 5279 405 5347 (89)
440 5276 634 5347 Ipsius.
682 5278 839 5333 Deest
863 5280 978 5333 haec
1004 5296 1106 5333 vox
1132 5280 1183 5332 in
1214 5279 1418 5334 Graecis
1440 5278 1651 5333 Bibliis.
1690 5277 1795 5333 Sed

216 5364 340 5401 eam
367 5353 496 5416 legit
530 5346 681 5417 Vulg.
704 5351 990 5419 interpres,
1022 5361 1080 5403 ut
1110 5352 1388 5421 Didymus.

290 5442 401 5511 (90)
461 5441 707 5506 Quanam
771 5460 836 5495 ea:
898 5460 1047 5498 caua.
1098 5444 1308 5507 Codex,
1360 5442 1545 5495 ποθέν.
1610 5443 1776 5497 Loro.

213 5512 321 5563 1:60
329 5530 404 5565 εν.

291 5603 402 5667 (91)
438 5601 711 5655 Interitum
743 5613 996 5658 nostrum.
1031 5603 1192 5657 Libro
1222 5619 1433 5673 quoque
1476 5601 1551 5657 De
1594 5603 1687 5672 Sp.
1737 5604 1795 5657 S.

220 5689 371 5725 nutu.
399 5674 492 5734 39.
532 5691 550 5721 ι
584 5678 773 5727 Carnis
805 5675 1089 5742 sapientia,
1114 5675 1306 5742 inquit,
1332 5675 1471 5727 illico
1498 5686 1667 5729 morte
1699 5675 1799 5727 sibi

215 5744 444 5805 Sl'ocizllﬂ,
474 5744 727 5797 interlicit
753 5760 862 5810 eos,
893 5744 983 5812 qui
1019 5743 1171 5811 juxta
1214 5759 1431 5800 carnem
1455 5746 1798 5816 gradiuntur,

212 5822 273 5865 et
308 5826 541 5884 saptunt.

540 5908 807 5969 ΡΑτιιοι..
855 5907 971 5969 Gn.
1018 5907 1317 5970 XXXIX.

1924 3822 2219 3870 exornans,
2249 3817 2303 3860 et
2334 3808 2506 3873 ipsum
2569 3819 2764 3874 regens
2801 3820 2863 3860 ac
2930 3806 3241 3871 moderans,
3301 3817 3354 3860 et
3406 3823 3501 3875 put'

1927 3900 2299 3955 molestiarum
2334 3901 2688 3967 dolorumque
2710 3939 2725 3963 ,
2772 3915 2908 3969 quos
2940 3900 3247 3969 experitur,
3284 3916 3501 3970 perpes-

1918 3993 2150 4055 sionem,
2199 3992 2265 4045 ad
2300 3992 2609 4061 religiosam
2653 4007 2717 4047 ac
2757 3994 2896 4061 piam
2939 3993 3105 4046 vitam
3155 3991 3284 4047 illud
3346 3996 3496 4047 εχει-

1920 4094 2061 4151 tatis,
2103 4100 2166 4138 ac
2215 4084 2379 4139 veluti
2437 4100 2651 4138 sursum
2704 4086 2918 4155 erigens
2962 4104 2975 4139 :
3025 4084 3296 4153 propriam
3368 4100 3494 4140 vero

1917 4178 2250 4231 voluntatem
2294 4178 2393 4232 sibi
2450 4176 2746 4243 subjectam
2778 4186 2944 4241 tenet,
2982 4193 3047 4233 ac
3100 4178 3255 4233 [idem
3315 4188 3499 4234 servat

1922 4268 2286 4337 inculpatant,
2307 4280 2360 4322 et
2382 4269 2653 4323 hominem
2676 4271 3124 4338 suprahominem
3151 4270 3350 4337 evehit,
3394 4273 3498 4327 [ide

1918 4370 1971 4413 et
1999 4360 2262 4414 doctrinis
2296 4375 2418 4414 eum
2452 4362 2823 4414 venerandum
2857 4361 3088 4416 reddens
3112 4402 3127 4426 ,
3165 4372 3218 4415 et
3257 4364 3322 4417 ad
3357 4378 3488 4434 sup.

1918 4450 2226 4521 plicandutn
2264 4451 2516 4506 Trinitati
2549 4468 2607 4507 se
2638 4450 2925 4519 inclinans,
2985 4463 3039 4506 et
3092 4453 3493 4523 adjumentum,

1913 4544 2054 4612 quod
2084 4560 2150 4599 ex
2198 4545 2348 4600 hisce
2399 4546 2562 4600 rebus
2615 4545 2867 4615 percipit,
2908 4560 3063 4599 suum
3097 4546 3259 4600 veluti
3312 4546 3491 4602 cibum

1914 4635 2156 4705 faciens;
2208 4654 2331 4692 nam
2369 4639 2416 4693 si
2448 4639 2685 4692 animam
2743 4648 2888 4692 recte
2936 4639 3310 4706 aestimemus;
3347 4641 3492 4694 nulla

1909 4729 2013 4783 alia
2050 4746 2107 4784 re
2151 4730 2332 4784 ornari
2390 4731 2503 4799 ipsa
2560 4746 2622 4785 ac
2662 4730 2855 4785 nutriri
2897 4740 3113 4801 potest,
3177 4747 3338 4801 quam
3398 4735 3493 4787 du-

1911 4824 2086 4878 ctrina
2116 4833 2167 4879 et
2214 4822 2321 4878 [ide
2346 4842 2359 4877 :
2386 4824 2592 4880 homini
2621 4824 2765 4879 enim
2798 4824 2955 4879 ambo
2990 4824 3102 4878 lucc
3140 4825 3294 4880 cibus
3321 4837 3447 4881 sunt
3473 4868 3490 4889 ,

1987 5042 2096 5111 (99.)
2124 5043 2405 5097 Abstinete.
2432 5041 2613 5095 lPetr.
2657 5057 2720 5105 tt,
2758 5042 2842 5095 Η.
2876 5041 3044 5097 Biblia
3077 5041 3301 5099 Graeca:
3354 5044 3487 5098 Ἀπ-

1908 5113 2124 5184 ἐχεσθαι
2151 5112 2259 5165 τῶν
2288 5112 2585 5184 σαρκικῶν,
2604 5122 2709 5184 etc.

1982 5186 2091 5253 (95)
2129 5186 2298 5237 Sicut.
2363 5180 2485 5237 ΙΙωο
2523 5183 2616 5253 in;
2657 5180 2881 5253 Vulgata
2918 5182 3285 5253 translatione
3328 5181 3486 5236 Lati-

1908 5250 2114 5308 na'nun
2154 5262 2386 5311 exstant.
2441 5251 2534 5306 sed
2580 5250 2766 5303 Graeca
2801 5252 2967 5307 editio
3010 5268 3073 5306 ea
3107 5254 3265 5306 habet
3318 5255 3481 5305 Prov.

1910 5340 2078 5394 xxv",
2110 5323 2194 5386 l9,
2226 5321 2842 5394 ubidlegiturgh'ﬂonep
2885 5322 2984 5394 οὐχ
3006 5323 3485 5394 ὃμοιαγπρὸσωπα

1907 5393 2247 5466 προσώποις,
2287 5392 2457 5458 οὓτως
2515 5391 2636 5445 οὐδὲ
2674 5391 2731 5445 αἱ
2772 5391 2990 5463 καρδίαι
3027 5391 3136 5448 τῶν
3175 5391 3483 5465 ἀνθρώπων

1897 5482 2097 5535 ομοιαι.

1970 5536 2081 5603 (tu)
2110 5534 2386 5588 Animalia.
2423 5532 2582 5586 lCor.
2610 5548 2668 5599 ll,
2702 5534 2787 5588 Η.

1972 5606 2083 5673 (95)
2116 5606 2405 5675 Spiritalis.
2456 5604 2655 5658 Ibidem
2683 5620 2822 5659 vers.
2872 5604 2957 5658 15.
2981 5605 3166 5662 Grmca
3194 5604 3361 5660 editio
3384 5620 3483 5675 pro

1902 5676 2108 5738 πάντας
2142 5677 2301 5729 habet
2333 5674 2529 5733 πάντα,
2561 5674 2609 5727 id
2650 5685 2732 5729 est
2760 5693 2777 5726 ι
2811 5679 3013 5729 omnia.
3057 5696 3075 5729 ι

1971 5746 2084 5816 (96)
2110 5745 2321 5799 lsi/two.
2343 5745 2518 5816 Codex
2544 5745 2661 5799 sine
2689 5747 2879 5811 spiritu
2929 5758 3091 5815 atque
3118 5755 3362 5810 accentu,
3392 5761 3479 5801 ιω-

1901 5814 1989 5887 τηζ
2014 5814 2194 5887 Itaque
2214 5818 2330 5887 lege
2354 5814 2515 5888 αὕτη,
2552 5825 2643 5871 aut
2681 5817 2843 5885 αὐτή,
2877 5828 2936 5872 ιιι
2970 5814 3161 5871 niavis.

3092 5910 3171 5969 ‘23
