4060 6406
587 314 709 375 ’779

1849 309 2082 364 DIDYMI
2118 308 2396 363 ALEXAN
2408 308 2593 364 DRINI
3725 316 3811 373 780

603 438 801 503 nempe
841 444 965 485 cum
1003 427 1111 492 ille,
1138 424 1230 496 qui
1261 440 1326 480 ex
1361 425 1712 496 agricultura,
1747 434 1856 480 tum
1886 428 1994 490 ille,
2020 427 2112 496 qui
2135 442 2184 480 ei

2307 427 2478 497 Λόγος
2510 426 2604 480 τοῦ
2652 425 2808 490 Θεοῦ,
2845 429 2872 480 ὁ
2919 425 3143 499 μηδενὸς
3198 427 3330 498 μηδὲ
3369 426 3538 480 αὐτῶν
3564 427 3656 481 τῶν
3679 448 3816 486 κατα-

605 523 855 582 doctrina
879 533 934 578 et
959 522 1063 576 fide
1087 529 1439 591 comparatur
1463 538 1474 573 :
1499 520 1594 575 sed
1620 520 1709 574 ille
1725 521 1942 590 quidem
1968 519 2184 587 corpori

597 616 709 672 hoc
747 615 966 679 tribuit,
989 624 1050 669 ut
1071 613 1324 676 exsistat,
1357 622 1412 666 et
1443 612 1720 682 perduret,
1757 613 1859 667 iste
1905 626 2034 666 vero
2084 609 2186 666 hoc

595 709 891 763 animabus
921 707 1156 767 confert,
1208 713 1266 759 ut
1293 703 1414 759 aliis
1453 704 1783 760 antecellunt
1827 725 1840 759 :
1883 719 1945 759 ac
1989 718 2086 774 per
2121 702 2184 757 fi-

599 801 726 858 dem
758 802 999 871 insuper,
1051 798 1466 867 doctrinamque
1509 799 1763 854 universa
1815 797 1925 852 vita
1978 805 2183 860 nostra,

600 893 791 966 quoad
822 892 925 946 alia
959 891 1148 956 etiam,
1183 889 1312 944 felix
1357 889 1560 955 evadit,
1616 897 1671 944 et
1719 893 1893 944 recta.
1931 886 2046 942 Non
2087 886 2187 942 ali-

2295 518 2634 590 φρονοῦντων
2677 517 2842 572 αὐτοῦ
2899 517 3282 590 καταφρονῶν,
3322 519 3351 570 ὁ
3382 520 3447 590 τῇ
3479 517 3630 590 ψυχῇ,
3657 521 3722 584 είς
3766 523 3819 592 ἢν

2292 609 2379 664 διὰ
2403 609 2496 663 τοῦ
2541 611 2862 683 φυσήματος
2914 611 2975 664 τὸ
3003 610 3158 679 ἄτιον
3199 609 3366 665 αὐτοῦ
3398 611 3606 682 Πνεῦμα
3630 611 3823 683 κατῴκι-

2294 706 2406 764 σεν,
2435 702 2526 754 τὸν
2552 701 2708 771 λόγον
2729 702 2838 755 τῶν
2868 702 3084 755 πάντων
3118 701 3179 754 τὸ
3209 693 3530 772 τιμιώτατον
3572 705 3823 756 κατασπεί-

2295 812 2416 867 ρας.
2439 795 2531 849 Διδ
2559 797 2653 849 καὶ
2686 795 3019 867 θαυμαστῶς
3051 794 3156 849 ὑπὸ
3169 794 3278 848 τῶν
3302 794 3408 862 ἔξω
3429 794 3506 859 είς
3531 795 3694 866 στίχου
3709 793 3824 858 τινος

2293 886 2701 961 ἀκροτελεύτιον
2741 887 2976 958 εἴρηταισ

601 989 825 1045 terhaec
850 1003 908 1044 se
938 988 1157 1051 habere,
1182 985 1526 1057 317quam
1586 985 1721 1049 dixi,
1786 983 2071 1055 perspicue
2137 983 2440 1053 comperiet
2471 984 2596 1053 quis
2630 1022 2645 1049 ,
2694 983 2739 1038 si
2813 982 2940 1038 illud
2996 981 3179 1036 animo
3236 988 3468 1050 reputet,
3521 976 3606 1033 tali
3657 977 3826 1031 homini

603 1082 785 1136 statim
847 1079 1187 1146 illucescere,
1248 1089 1302 1132 et
1352 1086 1759 1148 cooperatorem
1797 1079 1985 1132 adesse
2045 1091 2192 1142 eum,
2234 1077 2325 1146 qui
2364 1078 2545 1132 omnia
2576 1077 2940 1148 pervadit,ac
3004 1090 3169 1145 supra
3227 1075 3409 1130 omnia
3434 1071 3714 1136 extollitur,
3748 1068 3826 1122 Dei

598 1171 840 1228 Verbum
893 1169 1126 1233 Filium,
1164 1171 1253 1241 qui
1297 1172 1589 1237 neminem,
1624 1186 1690 1226 ne
1746 1185 1812 1226 ex
1852 1170 1918 1225 iis
1951 1169 2194 1234 quidem,
2234 1184 2263 1224 a
2303 1169 2500 1240 quibus
2542 1171 2840 1240 spernitur,
2905 1169 3227 1235 centemnit,
3279 1167 3482 1238 quique
3530 1165 3726 1226 animae,
3783 1161 3825 1214 iu

604 1277 708 1334 qua
749 1276 844 1331 per
873 1261 1287 1316 insuﬂlationem
1321 1271 1566 1316 sanctum
1627 1277 1782 1315 suum
1850 1259 2110 1330 Spiritum
2149 1259 2392 1317 habitare
2446 1261 2597 1330 fecit,
2666 1262 2930 1317 rationem
2959 1301 2972 1323 ,
3033 1274 3152 1330 qua:
3193 1273 3281 1313 res
3317 1269 3403 1312 est
3439 1255 3669 1312 omnium
3716 1266 3829 1323 prm-

606 1357 968 1424 Stantissima,
1012 1356 1263 1412 inseruit.
1316 1355 1443 1412 Ideo
1503 1372 1534 1411 ιι
1605 1357 1849 1427 profanis
1918 1371 2133 1428 quoque
2191 1358 2450 1428 praeclare
2496 1360 2549 1415 in
2605 1360 2887 1430 cujusdam
2939 1373 3129 1414 versus
3176 1365 3419 1413 extrema
3470 1363 3618 1426 parte
3662 1351 3827 1407 dictum

607 1447 709 1503 fuit
741 1464 758 1501 :

892 1541 1194 1615 Ubicunque
1215 1554 1292 1599 est
1317 1544 1474 1599 homo
1505 1585 1520 1611 ,
1546 1545 1620 1599 ibi
1652 1552 1731 1600 est
1755 1547 1910 1600 ratio.

605 1634 712 1690 Sed
771 1635 844 1690 ita
900 1637 1115 1706 quidem
1176 1636 1294 1692 haec
1347 1652 1406 1692 se
1468 1637 1692 1694 habent.
1755 1636 2004 1694 Haeretici
2065 1654 2192 1696 vero

604 1727 736 1783 nihil
789 1729 891 1786 nisi
949 1729 1092 1803 quod
1135 1730 1470 1785 immundum
1533 1731 1623 1800 sit,
1682 1731 1970 1802 spirantes,
2031 1732 2192 1788 allata

589 1823 670 1877 de
717 1819 1078 1890 Redemptore
1139 1821 1248 1877 Deo
1303 1822 1480 1877 Verbo
1524 1839 1706 1878 rerum
1747 1827 1988 1879 omnium
2047 1825 2191 1880 Con-

605 1914 783 1969 ditore
805 1913 1056 1968 sublimia
1121 1906 1452 1979 testimonia,
1513 1915 1737 1986 ejusque
1776 1917 1917 1972 dona
1971 1927 2024 1972 et
2073 1933 2185 1971 ma-

587 2007 795 2076 :gnilica
844 2021 1009 2076 opera
1075 2022 1180 2059 non
1242 2007 1603 2072 attendentes,
1653 2009 1720 2062 ad
1779 2008 1949 2076 ipsius
2015 2009 2190 2064 deita-

605 2108 712 2151 tem
760 2095 998 2150 rcferunt
1049 2107 1209 2163 atque
1257 2095 1533 2165 applicant
1567 2111 1628 2153 ea
1682 2097 1976 2168 Scriptura:
2027 2098 2182 2167 loca,

606 2204 725 2254 qua!
774 2190 838 2242 de
867 2203 1078 2243 suntme
1113 2188 1392 2257 ineffabili,
1419 2198 1476 2243 et
1520 2204 1787 2244 summam
1832 2189 1948 2262 ejus
1990 2191 2188 2245 immu-

605 2278 926 2333 tabrlitatem
961 2295 1065 2334 non
1101 2278 1328 2334 lmdente
1366 2279 1603 2351 benigna
1639 2279 2018 2338 lncarnatione
2046 2284 2186 2338 dicta

605 2379 753 2437 sinit,
818 2386 1046 2441 quaeque
1081 2371 1190 2426 illis
1225 2370 1449 2427 humilia
1507 2375 1781 2436 videntur,
1831 2382 1998 2444 atque
2029 2374 2182 2428 inde-

590 2477 731 2516 cora
767 2480 780 2515 :
831 2472 887 2518 et
928 2463 1124 2532 quibus
1165 2477 1230 2519 ex
1262 2463 1424 2520 rebus
1458 2464 1682 2534 gloriam
1730 2464 1822 2519 Dei
1859 2467 2184 2536 perspicere,

603 2552 832 2623 ejusque
868 2552 921 2607 in
960 2551 1211 2609 homines
1249 2553 1644 2625 benignitatem
1688 2556 1862 2628 magis
1906 2556 2188 2613 celebrare

611 2645 876 2701 deberent
923 2660 1022 2717 per
1070 2646 1168 2702 has
1202 2646 1347 2717 ipsas
1393 2647 1550 2718 longe
1578 2663 1609 2702 a
1648 2650 1881 2704 veritate
1907 2649 2064 2704 alieni
2093 2651 2182 2704 de-

609 2737 1037 2808 prehenduntur,
1085 2753 1148 2793 ac
1192 2753 1256 2794 eo
1309 2738 1626 2806 deveniunt,
1668 2748 1726 2794 ut
1780 2740 2183 2797 benefactorem

606 2842 671 2883 ac
701 2828 1039 2884 Salvatorem
1082 2831 1436 2887 contumeliis
1461 2831 1737 2887 alliciant:
1773 2849 1872 2888 nec
1904 2849 2027 2891 eum
2071 2836 2184 2905 pla-

2473 1540 2790 1612 Πανταχοῦ
2819 1541 3021 1608 λόγος,
3053 1537 3198 1592 ἔνθα
3224 1536 3318 1590 καὶ
3338 1535 3656 1602 ἄνθρωπος.

2307 1635 2466 1689 Ἀλλὰ
2491 1635 2665 1689 ταῦτα
2709 1633 2807 1705 μὲν
2864 1626 2964 1686 ὧδέ
2997 1649 3072 1703 πη
3119 1630 3248 1701 ἔχει.
3282 1626 3556 1699 Αίρετικοὶ
3589 1625 3659 1690 δὲ,
3697 1621 3832 1694 μηδὲν

2290 1727 2656 1791 ἀναπνέοντες
2685 1725 2950 1798 καθαρὸν,
2986 1726 3108 1788 ταῖς
3156 1722 3441 1794 κειμέναις
3481 1717 3608 1791 περὶ
3640 1717 3726 1770 τοῦ
3758 1716 3832 1768 λυ-

2289 1819 2497 1891 τρωτοῦ
2532 1819 2665 1874 Θεοῦ
2713 1817 2909 1887 Λόγου,
2941 1817 3036 1870 τοῦ
3062 1815 3280 1869 πάντων
3312 1808 3833 1884 γενεσιουργοῦ,ί›ψη-

2290 1913 2409 1976 λαῖς
2446 1911 2776 1983 μαρτυρίαις
2815 1927 2874 1962 τε
2911 1908 3006 1963 καὶ
3040 1908 3292 1979 δωρεαῖς,
3319 1907 3415 1959 καὶ¹
3451 1899 3834 1976 μεγαλουργίαις

2289 2004 2350 2056 οὐ
2384 2003 2764 2075 προσέχοντες,
2802 1999 2873 2054 τὰ
2899 2001 3028 2073 περὶ
3053 2001 3152 2071 τῆς
3187 1997 3564 2072 ἁρῤητοτὰτης
3593 1995 3681 2048 καὶ
3706 1993 3834 2063 ἀτρε-

2291 2097 2560 2168 πτοτὰτης
2597 2093 2980 2166 φιλανθρώπου
3029 2091 3495 2165 ὲνανθρωπήσεως
3525 2087 3682 2142 αὑτοῦ
3711 2101 3836 2154 νομι·

2289 2189 2492 2261 ζόμενα
2541 2188 2766 2251 ἐκείνοις
2804 2181 2944 2240 εἶναι
2993 2184 3347 2257 μικροπρεπῆ
3386 2185 3624 2255 ῥήματα,
3665 2175 3837 2250 τῇθεόο

2287 2299 2412 2353 τητι
2449 2279 2615 2335 αὑτοῦ
2643 2278 3072 2350 προσάπτουσινο
3112 2279 3204 2332 καὶ
3235 2279 3327 2348 ἀφ’
3365 2269 3442 2330 ῶν
3481 2273 3719 2345 ὤφειλον,
3753 2271 3834 2339 τήν

2287 2391 2350 2427 τε
2376 2373 2535 2440 δόξαν
2563 2372 2817 2444 διειδέναι
2843 2372 2938 2426 τοῦ
2986 2371 3145 2436 Θεοῦ,
3178 2371 3273 2425 καὶ
3309 2371 3568 2441 ἁνυμνεῖν
3605 2364 3749 2419 πλέον
3788 2361 3836 2414 τὸ

2289 2465 2668 2538 φιλάνθρωπον
2693 2463 2880 2528 αὑτοῦ,
2911 2464 2997 2519 διὰ
3019 2463 3227 2518 τούτων
3264 2463 3369 2530 ἔξω
3394 2479 3456 2515 τε
3485 2462 3581 2532 τῆς
3618 2456 3838 2527 ἀληθείας

2289 2558 2579 2630 φερόμενοι
2634 2557 2966 2620 ἁλίσκονται,
3018 2557 3113 2609 καὶ
3165 2555 3412 2627 ὑϐρίζειν
3457 2553 3548 2606 τὸν
3581 2549 3836 2622 εὐεργέτην

2288 2652 2383 2706 καὶ
2403 2652 2630 2722 Σωτῆρα
2659 2649 3011 2721 προάγονταιο
3045 2647 3266 2720 φροντίς
3291 2664 3350 2700 τε
3386 2647 3593 2708 αὐτοῖς.
3614 2643 3704 2712 οὐχ
3720 2643 3840 2699 ὅπως

2288 2741 2681 2810 ἐξιλεώσωνται
2718 2741 2879 2794 αὐτὸν
2915 2739 2991 2804 ὡς
3030 2739 3243 2810 κριτήνο
3300 2736 3418 2791 ἀλλ’
3450 2737 3599 2798 ὅπως
3625 2732 3720 2787 ὑπὸ
3742 2729 3838 2802 κρί-

2289 2852 2372 2889 σιν
2412 2835 2562 2897 ὅντα,
2602 2833 2677 2898 ὡς
2715 2833 2955 2894 κτιστὸν,
3010 2831 3104 2886 καὶ
3158 2831 3296 2901 μετὰ
3352 2828 3455 2900 τὴν
3499 2830 3579 2891 εἰς
3617 2822 3841 2895 οὐρανοὺς

603 2936 731 2975 orare
758 2923 977 2977 student
1007 2932 1064 2977 ut
1101 2923 1365 2991 judicem,
1400 2925 1493 2980 sed
1522 2939 1552 2979 e
1578 2926 1858 2982 contrario
1889 2931 2173 2983 ostendere

2290 2925 2472 2981 ἄνοδον
2488 2923 2582 2978 καὶ
2607 2922 2706 2994 τὴν
2745 2925 2810 2976 ὲκ
2846 2921 3036 2986 δεξιῶν
3075 2921 3169 2974 τοῦ
3215 2919 3413 2973 ἑαυτοῦ
3451 2917 3662 2989 Πατρὶς
3706 2911 3841 2965 ίσότι-

604 3023 895 3078 conantur,
929 3016 1130 3086 ipsum,
1187 3026 1374 3085 utpote
1427 3027 1710 3082 creatum,
1749 3018 1955 3089 judicio
2006 3019 2187 3088 subje-

581 3115 752 3158 -ctum
813 3119 934 3160 esse
1001 3121 1147 3162 nunc
1193 3122 1427 3178 quoque,
1487 3117 1768 3178 postquam
1817 3119 1873 3164 et
1915 3111 1967 3165 in
2017 3113 2188 3166 caelos

595 3195 873 3261 ascendit,
897 3205 952 3252 et
983 3199 1048 3252 ad
1079 3197 1359 3253 dexteram
1388 3199 1565 3256 Patris
1597 3201 1678 3254 sui
1713 3201 1957 3256 considet
1987 3202 2184 3273 aequali

605 3303 669 3342 ac
694 3288 784 3344 ille
824 3289 1030 3344 honore
1065 3289 1399 3346 afﬁciendus.
1436 3291 1574 3359 Quin
1611 3293 1776 3346 etiam
1814 3308 2187 3362 szepcnumero

605 3395 727 3448 qua:
763 3379 830 3435 de
871 3379 987 3450 ipso
1029 3378 1190 3445 Filio,
1234 3391 1328 3435 aut
1362 3383 1429 3436 ab
1475 3383 1592 3452 ipso
1637 3383 1782 3438 dicta
1815 3398 1921 3438 non
1969 3383 2187 3439 fuerunt

606 3481 703 3526 aut
749 3487 869 3542 qua:
902 3487 1101 3528 arcano
1156 3482 1315 3543 atque
1353 3474 1698 3545 aanigmatico
1757 3492 1919 3532 sensu
1980 3478 2183 3546 scripta

591 3575 757 3631 «sunt,
808 3578 870 3618 ea
913 3565 1031 3620 sine
1082 3553 1354 3632 examine,
1393 3567 1549 3636 quasi
1604 3578 1792 3624 contra
1837 3571 2038 3638 ipsum,
2095 3579 2187 3624 aut

607 3657 677 3711 ab
731 3657 848 3725 ipso
890 3659 1234 3727 pronuntiata
1269 3669 1595 3730 preponunt,
1637 3671 1691 3716 et
1724 3677 1950 3732 pravam
1999 3677 2185 3732 quam-

586 3747 739 3803 .1ibct
784 3761 942 3819 atque
993 3749 1263 3804 inﬁrmant
1298 3752 1800 3821 interpretationem
1833 3754 2050 3823 plurimi
2105 3752 2185 3807 fa-

606 3841 754 3896 ciunt
781 3858 796 3897 :
829 3857 894 3897 ac
923 3843 1241 3910 semetipsos
1265 3843 1396 3896 nihil
1432 3842 1500 3897 ab
1533 3842 1938 3898 irrationalibus
1977 3846 2186 3897 anima-

607 3935 747 3991 libus
769 3934 1136 4006 discrepantes
1183 3934 1444 3990 exhibent
1497 3934 1623 3989 huic
1676 3933 2018 4004 Optatissimo
2077 3932 2184 3985 Do-

606 4028 753 4083 mino
775 4067 791 4092 ,
821 4028 912 4097 qui
944 4027 1228 4081 credentes
1258 4026 1405 4080 ducit
1446 4025 1560 4079 sine
1589 4025 1841 4079 violentia
1877 4023 1931 4078 in
1958 4023 2134 4079 Patris
2167 4064 2182 4089 ,

606 4125 663 4171 et
691 4117 772 4170 sui
809 4117 1016 4186 ipsius,
1056 4126 1110 4170 et
1159 4115 1332 4169 sancti
1369 4112 1603 4184 Spiritus
1637 4128 1799 4167 unum
1847 4114 2177 4168 individuum

606 4223 863 4279 regnum,
919 4205 1123 4276 quique
1171 4205 1238 4260 ob
1290 4220 1441 4259 suam
1484 4221 1612 4274 erga
1665 4221 1763 4261 nos
1792 4205 2180 4275 indulgentiam

2292 3033 2389 3086 μον
2421 3014 2700 3086 συνεδρίαν
2720 3012 3096 3077 ἀποδείξωσιν.
3138 3013 3406 3075 Πολλάκις
3438 3012 3497 3064 δὲ
3538 3006 3719 3063 καὶτὰ
3741 3002 3843 3072 περὶ

2288 3108 2471 3171 αὐτοῦ,
2511 3105 2698 3178 ἢπαρ’
2750 3104 2914 3158 αὐτοῦ
2957 3104 3032 3176 μὴ
3059 3103 3490 3175 λεχθέντα,ἢδι’
3533 3097 3842 3170 ἐπικρύψεως

2288 3200 2576 3272 ᾐνιγμένα,
2617 3200 2692 3263 ὡς
2730 3201 2852 3252 κατ’
2885 3197 3126 3268 αὑτοῦ,ἢ
3167 3198 3297 3268 παρ’
3331 3194 3536 3268 [1471,]
3568 3189 3723 3249 αὐτοῦ
3743 3192 3848 3243 am.

2288 3292 2615 3364 πεφασμένα
2679 3292 3064 3355 ἀϐασανίστως
3122 3289 3488 3355 διατιθέασιν,
3551 3286 3644 3341 καὶ
3697 3282 3843 3336 πάντα

2289 3383 2487 3456 σαθρὸν
2526 3385 2620 3436 καὶ
2648 3383 2875 3438 ἄναλκιν
2930 3382 3322 3453 ὲκτετιμήκασι
3365 3381 3518 3434 νοῦν·
3561 3377 3704 3432 οὐδὲν
3739 3370 3846 3426 καλ·

2287 3475 2436 3538 λίους
2472 3474 2681 3543 ἀλόγων
2707 3473 2861 3539 ζώων
2912 3476 3138 3537 ἑαυτοὺς
3166 3471 3542 3544 προσάγοντες
3579 3468 3741 3538 τούτῳ
3784 3461 3846 3531 τῷ

2288 3567 2640 3638 περιποθήτω
2690 3567 2959 3640 Δεσπότῃ,
3001 3566 3078 3636 τῷ
3136 3566 3322 3634 ἄγοντι
3388 3566 3518 3636 δίχα
3579 3561 3696 3633 βίας
3745 3554 3848 3615 τοὺς

2287 3658 2646 3729 πειθομένους
2678 3660 2758 3722 είς
2789 3659 2889 3731 τὴν
2946 3657 3047 3722 τοῦ
3087 3657 3322 3728 Πατρὺς,
3366 3658 3465 3710 καὶ
3513 3652 3724 3714 ἑαυτοῦ,
3773 3647 3849 3700 καὶ

2286 3750 2379 3804 τοῦ
2426 3752 2581 3820 ἁγίου
2642 3751 2978 3822 Πνεῦματος,
3050 3751 3179 3822 μίαν
3227 3751 3541 3823 ἀδιαίρετον
3583 3741 3847 3820 βασιλείαν,

2287 3846 2380 3897 καὶ
2406 3844 2575 3913 φειδοῖ
2621 3848 2689 3916 τῇ
2711 3845 2845 3916 πρὸς
2869 3845 3018 3916 ἡμᾶς
3043 3843 3426 3918 παραινοῦντι·
3477 3861 3497 3894 r
3540 3842 3632 3912 Μὴ
3666 3832 3849 3908 γίνεσθε

2286 3937 2362 4000 ὼς
2413 3937 2579 4002 ἵππος
2607 3938 2703 3991 καὶ
2741 3937 2985 4009 ἡμίονος,
3020 3932 3102 4002 οἷς
3129 3939 3230 3992 οῦκ
3270 3938 3419 3992 ἔστιν
3468 3937 3701 3998 σύνεσις.
3733 3950 3749 3982 ι
3785 3925 3850 3978 Τά

2285 4029 2394 4100 γὰρ
2415 4029 2582 4098 ἄλογα
2617 4031 2751 4095 ζῶα,
2786 4033 2971 4102 φησιν,
3015 4027 3095 4095 οἷς
3121 4034 3153 4103 ἡ
3181 4031 3326 4104 ψυχὴ
3365 4032 3429 4084 τὸ
3461 4031 3523 4096 ἐξ
3563 4030 3692 4100 ῦλης
3714 4019 3848 4092 αἷμα.

2286 4121 2427 4175 κατὰ
2449 4122 2538 4175 τὸν
2555 4124 2776 4176 εἰπόντα
2827 4127 2883 4178 ἐν
2914 4127 2978 4196 τῇ
3022 4124 3260 4190 Γενέσει,
3293 4142 3312 4175 ι
3360 4126 3437 4178 Τὸ
3482 4120 3623 4195 αἷμα
3657 4115 3848 4183 αὑτοῦὴ

2285 4211 2432 4284 ψυχὴ
2462 4213 2650 4275 αὐτοῦ,
2689 4232 2706 4265 ι
2747 4216 2825 4278 είς
2854 4214 2958 4286 γῆν
2982 4215 3254 4281 νένευκεν,
3300 4216 3391 4271 ἀεὶ
3415 4221 3484 4289 τῇ
3505 4213 3702 4286 γαστρὶ
3739 4209 3849 4282 μάντι

606 4314 705 4353 nos
748 4298 821 4351 ita
871 4297 1119 4351 hortatur
1146 4314 1158 4349 :
1189 4314 1207 4346 ι
1246 4294 1424 4350 Nolite
1457 4295 1570 4365 (97)
1599 4295 1711 4351 fieri
1743 4296 1878 4351 sicut
1911 4313 2079 4367 equus
2129 4307 2182 4352 et

2288 4303 2629 4369 δουλεύοντα,
2663 4309 2755 4360 καὶ
2785 4308 2884 4361 οὐκ
2923 4309 3220 4380 ἀνέστηκεν
3264 4309 3343 4382 τῷ
3398 4310 3620 4382 σώματι
3651 4306 3737 4361 καὶ
3788 4299 3850 4369 τῷ

606 4389 802 4456 mulus,
847 4389 1044 4458 quibus
1082 4403 1185 4442 non
1222 4398 1308 4444 est
1349 4387 1672 4443 intellectus.
1718 4408 1737 4441 ι
1776 4389 1940 4455 Quasi
1991 4390 2174 4444 dicat:

607 4499 730 4536 nam
789 4483 995 4536 ratione
1028 4481 1284 4536 destituta
1337 4483 1654 4545 animantia,
1711 4497 1940 4552 quorum
1999 4481 2178 4535 anima

604 4584 688 4630 cst
712 4575 931 4644 sanguis
955 4574 1278 4640 materialis,
1313 4575 1466 4644 juxta
1500 4593 1643 4641 cum,
1683 4578 1772 4645 qui
1803 4577 1882 4630 ait
1913 4577 1966 4630 in
2005 4578 2186 4632 Gene-

605 4670 648 4720 si
674 4664 782 4735 (98)
821 4683 834 4718 :
879 4683 898 4715 ‹
943 4663 1173 4735 Sanguis
1213 4666 1329 4736 ejus
1353 4675 1436 4720 cst
1471 4667 1646 4720 anima
1678 4667 1794 4737 ejus
1819 4706 1834 4731 ,
1875 4687 1892 4719 ι
1930 4668 1982 4722 in
2022 4667 2187 4739 318

609 4773 804 4813 terram
836 4775 1000 4829 prona
1035 4768 1160 4812 sunt
1192 4774 1426 4827 semper,
1461 4761 1632 4815 ventri
1667 4771 1876 4815 tantum
1932 4764 2185 4816 servien-

607 4852 702 4913 tia,
767 4864 939 4918 neque
992 4864 1220 4917 corpore
1252 4866 1314 4904 ac
1359 4861 1536 4906 mente
1586 4859 1869 4921 eriguntur
1901 4863 1958 4905 ut
2001 4856 2184 4917 homo,

604 4943 695 5013 qui
730 4951 780 4994 ut
817 4952 1028 4995 terrena
1064 4942 1249 5006 sentit,
1277 4951 1328 4995 et
1373 4943 1622 4996 sublimia
1663 4943 1825 5004 videt,
1848 4954 1903 4996 et
1930 4945 1994 4997 ad
2025 4944 2186 4996 cude-

604 5045 741 5086 slcm
771 5032 1175 5085 serenissimum
1197 5073 1212 5098 ,
1243 5041 1297 5086 et
1326 5031 1565 5101 cujusvis
1595 5033 1750 5102 plane
1783 5035 2052 5100 passionis
2091 5051 2186 5087 ex-

607 5130 1034 5189 pertemstutum
1069 5121 1326 5185 festinat,
1358 5138 1521 5192 atque
1581 5126 1632 5177 in
1673 5126 1871 5178 mundo
1929 5128 2072 5178 velut
2126 5128 2175 5178 in

607 5211 821 5277 publico
844 5211 1076 5279 quodam
1111 5211 1346 5280 hospitio
1379 5214 1645 5282 hospitem
1681 5229 1739 5268 sc
1768 5213 2035 5268 diversari
2077 5232 2178 5282 pu-

607 5316 709 5373 tat,
751 5313 806 5360 et
829 5306 1067 5376 quotidie
1103 5322 1222 5362 sese
1252 5308 1366 5378 (99)
1398 5309 1464 5363 ad
1495 5310 1697 5363 exitum
1729 5324 1794 5363 ex
1838 5309 1937 5364 hac
1960 5310 2070 5362 vita
2098 5327 2185 5364 sa-

609 5404 822 5476 pienter
854 5402 1062 5474 agendo
1123 5415 1424 5474 praeparat;
1468 5405 1699 5476 ideoque
1731 5405 1835 5460 ﬁde
1885 5416 1939 5461 et
2007 5421 2188 5464 mente

675 5563 794 5638 (9?)
824 5563 1024 5638 Nolite.
1053 5563 1198 5638 Psal.
1229 5581 1379 5638 xxiii,
1408 5567 1467 5620 11
1505 5568 1619 5634 (seu
1645 5567 1721 5638 9).

682 5631 795 5706 (98)
831 5632 896 5688 In
922 5631 1149 5706 Genesis
1182 5633 1236 5689 ln
1283 5631 1476 5691 Genesi
1514 5631 1638 5692 Ἰιιιιιτ
1683 5631 1786 5694 non
1824 5640 2023 5694 inveni.
2072 5639 2180 5694 Re-

610 5706 792 5773 spicit,
834 5716 892 5760 ut
940 5717 1084 5773 puto,
1136 5705 1360 5759 Levitie.
1406 5723 1538 5770 xvii,
1587 5709 1646 5762 11
1713 5720 1766 5763 et
1822 5710 1910 5773 M,
1969 5711 2057 5768 ubi
2103 5713 2180 5764 Ic-

611 5786 752 5844 gttur
800 5796 814 5832 :
878 5776 940 5830 Ἡ
991 5777 1098 5848 γὰρ
1151 5775 1294 5847 ψυχὴ
1350 5777 1530 5842 πάσης
1585 5779 1784 5849 σαρκὸς
1833 5777 1969 5852 αἷμα
2015 5780 2179 5835 αὑτοῦ

2284 4395 2381 4467 νῷ,
2431 4397 2505 4462 ὡς
2536 4399 2564 4450 ὁ
2607 4398 2914 4471 ἄνθρωπος,
2962 4403 2990 4453 ό
3039 4402 3134 4455 καὶ
3173 4402 3282 4457 τῶν
3322 4405 3595 4473 ἐπιγείων
3633 4394 3852 4454 αἰσθανό-

2287 4508 2466 4562 μενος,
2496 4491 2589 4544 καὶ
2627 4492 2695 4545 τὰ
2743 4494 2992 4567 μετέωρα
3041 4495 3274 4565 βλέπων,
3324 4498 3423 4550 καὶ
3473 4497 3571 4549 ἐπὶ
3632 4493 3725 4564 τὴν
3763 4489 3852 4542 ἄνω

2285 4583 2660 4653 γαληνοτάτην
2695 4585 2789 4637 καὶ
2816 4585 3206 4658 ἁπαθεστάτην
3229 4589 3582 4643 κατάστασιν
3617 4582 3852 4640 σπεύδων,

2286 4675 2378 4728 καὶ
2425 4675 2531 4741 ὡςῖ
2563 4677 2621 4730 ὲν
2665 4677 2939 4750 πανδοκίῳ
2977 4681 3085 4732 τινὶ
3122 4682 3180 4732 ἐν
3221 4681 3298 4751 τῷ
3345 4683 3546 4754 κόσμῳ
3583 4679 3854 4751 ἠγοῦμεντις

2287 4766 2732 4834 καταλελυκέναι,
2773 4771 2867 4822 καὶ
2907 4772 3478 4842 παρασκευαζόμενος
3530 4773 3600 4826 ἵν’
3649 4763 3854 4838 εὐφρονῇ

2287 4859 2369 4926 ἐφ’
2407 4858 2642 4930 ἑκάστης
2674 4859 2810 4930 πρὸς
2842 4861 2939 4932 τὴν
2971 4864 3034 4916 ἐκ
3072 4863 3260 4916 τούτου
3290 4863 3604 4927 senem-sta
3632 4879 3688 4914 τε
3723 4855 3855 4911 τοῦτο

2278 4949 2490 5013 ,ἁπλοῦς
2512 4951 2606 5021 τὴν
2626 4953 2806 5005 πίστιν
2841 4955 2933 5007 καὶ
2967 4955 3067 5026 τὴν
3090 4955 3314 5028 γνώμην
3350 4958 3378 5008 ὁ
3407 4957 3580 5026 σοφὸς
3627 4954 3854 5020 ὑπάρχει-

2288 5041 2455 5092 Παντὶ
2477 5040 2585 5111 γάρ
2628 5057 2706 5111 τῳ
2734 5041 2914 5112 δῆλον,
2946 5043 3023 5106 ὡς
3051 5045 3230 5114 πάσης
3263 5044 3363 5114 τῆς
3417 5044 3513 5097 διὰ
3567 5043 3736 5108 λόγων
3781 5031 3856 5085 καὶ

2267 5133 2344 5182 ,ἐν
2365 5131 2542 5199 λόγοις
2564 5133 2759 5204 τέχνης
2799 5137 2833 5205 ἡ
2888 5135 3114 5205 ἀλήθεια
3159 5136 3431 5205 κρείττων
3460 5138 3573 5200 ἀεὶ,
3603 5136 3722 5206 ἥτις
3746 5143 3858 5196 cui“

2293 5225 2536 5293 πέφυκεν
2558 5229 2622 5297 τῇ
2659 5228 2940 5299 ἁπλότητι.
2976 5229 3279 5302 Ταράττειν
3313 5229 3369 5282 δὲ
3395 5230 3498 5283 καὶ
3521 5219 3858 5299 ταράττεσθαι

2293 5315 2541 5369 δοκοῦσιν
2573 5319 2620 5371 οἱ
2662 5322 2900 5390 τεχνικο“ι
2931 5320 3098 5389 λόγοι,
3137 5321 3186 5375 οἳ
3230 5320 3633 5385 πλεονάζουσιν
3677 5318 3859 5386 αἱρετιο

2297 5413 2411 5473 κοῖς
2439 5414 2551 5476 τοῖς
2597 5413 2695 5483 τῆς
2729 5413 3044 5486 Θεολογικῆς
3075 5415 3330 5487 θεωρίας,
3363 5417 3445 5480 ὡς
3489 5415 3589 5469 καὶ
3629 5409 3861 5476 ’Έλληνες

2285 5570 2422 5650 ἐστι,
2461 5571 2509 5624 id
2539 5581 2642 5636 est,
2678 5589 2697 5623 ι
2731 5572 2908 5626 anima
2941 5574 3086 5628 enim
3114 5573 3293 5628 omnis
3333 5575 3529 5630 carnis
3557 5585 3642 5630 est
3669 5565 3861 5638 sanguis

2283 5658 2417 5695 CIIIS.
2453 5661 2470 5692 1

2311 5657 3025 5780 J"(393"051’5150..(30tlex,
3084 5713 3377 5768 πανδοκίω.
3426 5713 3537 5768 Alii
3571 5708 3862 5782 πανδοχεῖον

2288 5782 2552 5839 scribunt.
2597 5782 2939 5854 Phrynichus
2974 5785 3176 5841 mavult
3209 5783 3564 5840 πανδοκεῖον.
