4060 6406
313 379 412 434 781

1377 382 1464 437 DE
1502 381 1880 442 TlllNlTATE
1919 383 2124 440 ΗΒΕίῖ
2164 385 2492 444 TERTIUS.

3479 389 3584 446 ’182

310 492 634 563 ἀλλοτρίοις.
684 491 819 547 Θεὸν
869 495 968 565 μὲν
1021 493 1152 567 γὰρ,
1203 496 1298 549 καὶ
1359 497 1585 569 Κύριον,
1645 502 1738 555 καὶ
1777 501 1886 554 Υίὸε

2013 500 2242 568 simplex
2278 511 2362 556 est
2413 501 2664 572 sapiens;
2709 502 2999 574 unicuique
3043 503 3184 559 enim
3234 501 3582 560 manifestum

310 583 572 638 καλοῦσιν
608 584 791 649 αὐτὸν,
832 584 934 638 ούκ
977 583 1058 638 ἔτι
1101 584 1158 638 δὲ
1184 585 1264 650 ὼς.
1281 587 1380 658 μὲν
1414 589 1545 644 Θεὸν
1571 591 1667 645 καὶ
1698 592 1904 664 Κύριον

310 677 588 742 ἄκτιστον,
646 676 903 749 ἄναρχον,
955 676 1336 742 αὐτεξούσιον,
1389 681 1484 735 καὶ
1523 683 1637 736 ἴσον
1672 683 1749 754 τῷ
1784 683 1904 754 Θεῷ

310 768 510 839 Πατρί·
547 768 624 831 ὡς
665 767 723 820 δὲ
774 769 1036 838 μονογενῆ
1085 770 1211 822 Υἱὸν
1257 768 1385 841 [MS
1414 770 1469 844 α]
1514 772 1798 844 όμοούσιον
1825 774 1904 845 τῷ

307 859 631 930 γεννήσαντι
657 858 926 927 λέγουσιν·
955 858 1245 915 καὶταῦτα
1286 863 1614 932 ὲκφαίνοντα
1647 865 1741 918 καὶ
1771 883 1904 937 προ-

306 950 567 1020 φαίνοντα
591 950 652 1004 τὺ
673 951 935 1022 ὁμότιμον
965 951 1058 1005 καὶ
1102 953 1372 1018 ίσοσθενὲς
1404 956 1503 1026 τῆς
1537 955 1699 1024 ἁγίας
1737 957 1904 1027 Τριά-

303 1044 395 1108 δος
424 1046 507 1109 είς
538 1043 601 1098 16
636 1046 764 1116 περὶ
783 1045 844 1097 16
871 1044 1155 1117 βάπτισμα
1192 1046 1336 1100 θεῖον
1359 1047 1524 1102 αὐτοῦ
1558 1049 1756 1121 δόγμα,
1798 1053 1894 1105 καὶ

304 1139 364 1190 ἐν
394 1137 575 1202 ἄλλοις
599 1137 656 1191 δὲ
691 1137 930 1202 πολλοῖς,
970 1137 1046 1202 ὡς
1090 1137 1326 1212 εἴρηταν
1369 1140 1483 1194 ἀλλ’
1519 1141 1745 1213 Ἕλλησι
1772 1143 1895 1215 τρό-

304 1245 408 1281 πον
434 1227 560 1281 τινὰ
607 1229 1039 1300 συμφερόμενοι,
1088 1230 1485 1302 διαφορότητας
1539 1233 1634 1286 καὶ¹
1676 1233 1898 1303 ὑφέσεις

301 1322 504 1375 οὐσιῶν
537 1321 630 1375 καὶ
683 1321 861 1394 δόξης,
894 1321 1038 1376 κατὰ
1074 1323 1200 1386 νόας
1251 1323 1435 1388 ἰδίους,
1478 1324 1587 1378 τῶν
1612 1325 1770 1378 θείων
1804 1326 1897 1378 καὶ

299 1416 608 1485 όμοουσῐων
632 1415 800 1490 τριῶν
825 1417 1176 1470 ὑποστάσεων
1202 1418 1490 1487 ὑφιστᾶσιν
1517 1419 1608 1472 καὶ
1623 1419 1896 1474 διανοοῦν-

300 1524 394 1560 ται
426 1506 558 1575 περί
592 1503 768 1559 τετοῦ
801 1504 928 1558 Υἱοῦ
971 1505 1067 1560 καὶ
1101 1505 1197 1559 τοῦ
1228 1505 1388 1575 ἁγίου
1440 1505 1753 1578 Πνεύματος
1800 1506 1894 1560 τοῦ

301 1598 466 1655 Θεοῦ.

2006 599 2110 656 est,
2150 592 2447 648 artiﬁciosa
2499 594 2747 663 quamvis
2803 594 3254 662 ratiocinatione,
3306 596 3586 651 dicendive

2008 681 2263 738 facultate
2322 684 2639 750 veritatem,
2691 700 2853 754 quam
2907 684 3227 741 naturaliter
3270 684 3588 756 simplicitas

2009 775 2331 840 comitatur,
2377 777 2811 846 przcstantiorem
2852 793 3066 847 semper
3111 793 3233 834 esse
3277 793 3342 835 ac
3386 794 3587 850 praeva-

2007 863 2160 932 lere;
2219 866 2544 923 artiticiosas
2614 883 2745 924 vero
2817 869 3352 938 argumentationes,
3391 869 3587 939 quibus

2008 960 2284 1016 abundant
2339 962 2576 1019 haeretici
2629 964 2721 1034 qui
2766 944 3138 1033 a'theol0gica
3215 965 3460 1019 doctrina
3529 975 3588 1018 et

2008 1053 2377 1122 speculatione
2432 1056 2558 1110 item
2597 1067 2653 1111 ut
2687 1056 2858 1112 Graeci
2884 1097 2899 1121 ,
2935 1058 2983 1110 id
3027 1067 3110 1112 est
3151 1057 3372 1122 etlmici,
3420 1058 3581 1113 alieni

2004 1159 2152 1215 sunt,
2207 1159 2262 1202 et
2325 1150 2544 1204 turbare
2597 1161 2813 1205 constat
2853 1161 2908 1204 et
2963 1151 3192 1204 turbari.
3232 1150 3366 1205 Nam
3415 1151 3583 1207 Deum

2005 1241 2222 1309 quidem
2261 1239 2436 1310 ipsum
2463 1278 2478 1298 .
2529 1251 2584 1295 et
2622 1241 2950 1306 Dominum,
3009 1251 3062 1295 et
3101 1240 3295 1295 Filium
3345 1252 3580 1306 vocant,

2005 1332 2098 1386 sed
2134 1331 2282 1386 illum
2322 1343 2591 1402 quatenus
2641 1331 2811 1389 Deum
2855 1335 3094 1404 quidem,
3147 1343 3200 1389 et
3253 1335 3535 1390 Dominum
3563 1373 3581 1400 ,

2004 1438 2112 1477 non
2145 1425 2298 1478 aiunt
2345 1424 2646 1480 increatnm
2689 1439 2831 1493 esse,
2868 1435 3152 1490 mternum,
3184 1428 3400 1497 propria
3430 1443 3493 1484 ac
3521 1428 3584 1482 Ii-

2003 1511 2133 1567 bera
2187 1523 2461 1581 poteState
2512 1515 2796 1584 praeditum
2843 1524 2893 1569 et
2944 1517 3204 1586 aequalem
3251 1518 3361 1573 Deo
3395 1519 3582 1582 Patri;

2003 1612 2278 1674 quatenus
2327 1621 2455 1662 vero
2501 1607 2834 1677 unigenitum
2868 1606 3097 1672 Filium,
3149 1611 3586 1666 consubstantia-

300 1693 411 1748 lem
462 1693 707 1751 Genitori
742 1710 847 1749 non
885 1702 1226 1766 agnoscunt;
1276 1692 1526 1763 quamvis
1566 1692 1683 1748 hac
1723 1707 1884 1749 unam
1923 1709 2127 1753 sanctae
2195 1699 2505 1766 Trinitatis,
2552 1711 2609 1756 et
2656 1701 2917 1770 aequalem
2965 1700 3324 1769 majestatem,
3389 1710 3445 1757 et
3484 1720 3581 1770 po-

301 1791 531 1844 tentiam
581 1790 952 1855 manifestent,
983 1799 1038 1844 et
1094 1788 1237 1844 clare
1291 1787 1621 1856 patefaciant
1669 1803 1790 1842 cum
1859 1789 1916 1845 in
1955 1791 2139 1848 divino
2199 1795 2317 1865 ejus
2367 1798 2618 1867 dogmate
2674 1797 2740 1852 de
2795 1797 3103 1866 baptismo,
3169 1809 3280 1854 tum
3348 1798 3400 1854 in
3457 1799 3583 1854 aliis

298 1884 514 1948 multis,
559 1895 619 1938 ut
665 1884 867 1939 dictum
932 1891 1054 1938 est:
1085 1883 1180 1938 sed
1227 1880 1430 1938 Grrecis
1479 1883 1878 1951 quodammodo
1939 1889 2348 1954 consentiendo,
2385 1890 2797 1960 discrepantias,
2863 1899 2920 1946 et
2991 1891 3275 1948 inferiores
3313 1893 3582 1948 essentia-

300 1994 422 2033 runt
453 1987 510 2032 et
547 1977 732 2048 gloria:
777 1977 1008 2047 gradus,
1050 1976 1344 2032 secundum
1379 1975 1596 2046 propria
1627 1975 1869 2045 ipsorum
1924 1990 2264 2051 commenta,
2311 1984 2366 2040 in
2435 1985 2609 2039 tribus
2669 1984 2864 2040 divinis
2908 1995 2960 2040 et
3014 1983 3570 2039 consubstantialilms

297 2071 687 2143 hypostasihus
718 2071 1098 2138 constituunt,
1137 2078 1192 2128 et
1234 2085 1298 2126 ea
1364 2069 1676 2126 discrimina
1720 2072 2069 2145 excogitant,
2135 2095 2258 2134 cum
2324 2080 2390 2136 de
2447 2080 2583 2136 Filio
2611 2095 2673 2137 ac
2715 2081 2781 2137 de
2815 2078 3022 2153 Spiritu
3074 2090 3263 2135 sancto
3325 2079 3420 2135 Dei
3465 2091 3580 2135 ser-

299 2184 521 2222 monem
562 2169 789 2226 habent.

371 2260 553 2330 Ἀπερ
581 2260 677 2314 καὶ
703 2259 753 2313 οἱ
778 2259 1072 2331 ἀλάστορες
1106 2257 1202 2312 καὶ
1237 2260 1474 2330 μυσαροὶ
1525 2259 1798 2331 δαίμονες,
1833 2265 1881 2318 οί

2057 2262 2128 2316 At
2153 2261 2269 2315 hinc
2300 2258 2383 2315 vel
2421 2259 2520 2328 ipsi
2572 2258 2897 2323 exitiabiles,
2963 2265 3014 2309 ct
3084 2255 3429 2310 abominandi
3479 2253 3581 2309 dae-

295 2353 362 2406 δι⁹
397 2351 606 2414 οἰκείας
643 2351 866 2423 γνώμης
887 2351 1160 2421 κακότητα
1176 2349 1606 2421 ἀναδειχθέντες,
1643 2353 1886 2425 ἄχρηστα

1999 2370 2207 2420 mones,
2265 2354 2356 2424 qui
2419 2354 2488 2407 ob
2519 2352 2753 2422 propria:
2795 2348 2994 2404 mentis
3020 2348 3280 2403 malitiam
3313 2348 3467 2401 malae
3498 2346 3578 2417 (ι)

295 2444 396 2496 καὶ
430 2441 699 2513 μισόκαλα
740 2443 1014 2513 κτίσματα
1046 2439 1298 2504 ἀκοῦσαι,
1333 2443 1531 2512 μήτιγε
1565 2443 1659 2498 καὶ
1691 2446 1890 2511 εἰπεῖν,

295 2537 637 2609 φρίττουσιν.
701 2536 765 2589 Oi
831 2535 931 2606 μὲν
978 2529 1072 2589 οὖν
1122 2533 1292 2602 λόγοι,
1343 2531 1396 2587 οἱ
1455 2534 1555 2598 τὰς
1611 2536 1890 2606 θεολογίας

295 2629 671 2701 περιέχοντες,
700 2627 1066 2701 ἀποχρώντως
1104 2625 1578 2700 ἀπειργάσθησαν,
1599 2629 1699 2700 ἤδη
1716 2630 1891 2685 οὐσῶν

296 2724 402 2793 μὲν
429 2721 524 2775 καὶ
562 2721 736 2776 ἄλλων
775 2720 1142 2792 μυριολὲκτων
1171 2719 1521 2786 ἀποδείξεων,
1554 2720 1629 2792 μὴ
1679 2739 1890 2793 μνημο-

293 2811 588 2864 νευθεισῶν
642 2810 720 2874 δὲ,
767 2811 914 2874 ὅπως
955 2811 1093 2882 μήτε
1143 2809 1350 2864 ὀκνοίεν
1402 2810 1492 2864 διὰ
1557 2810 1620 2865 τὸ
1683 2811 1889 2883 πλῆθος

291 2906 343 2957 oi.
400 2902 842 2974 ἐντυγχάνοντες,
909 2903 1045 2974 μήτε
1100 2903 1529 2974 μακροπερίοδος
1581 2903 1677 2958 καὶ
1735 2905 1891 2958 πολυ-

291 2997 472 3067 λογῶν
525 2997 782 3068 φαίνηται
819 2998 848 3049 6
884 2995 1132 3066 γράφων.
1190 2996 1253 3047 El
1291 2995 1397 3069 γὰρ
1433 3016 1450 3046 ι
1488 2996 1691 3061 ἁπλοῦς
1724 3001 1753 3052 6
1788 2998 1890 3070 μῦ-

291 3091 388 3155 θος
439 3091 540 3161 τῆς
563 3089 821 3158 ἀληθείας
867 3088 990 3157 ἔφυ,
1037 3107 1054 3141 ›
1083 3087 1246 3157 φασὶν
1274 3088 1323 3142 οἱ
1354 3087 1462 3141 τῶν
1500 3089 1766 3160 Ἑλλήνων
1799 3092 1889 3145 εύ-

289 3184 532 3253 ὂόκιμοι,
569 3181 662 3234 καὶ
710 3179 963 3251 Ἀλήθεια
989 3180 1075 3234 διὰ
1112 3180 1270 3235 τοῦτο
1298 3180 1522 3247 εἰκότως
1559 3180 1624 3234 ἂν
1646 3181 1708 3234 16
1733 3182 1907 3236 Θεῖον

292 3275 760 3347 προσαγορεύοιτο
780 3274 956 3345 μόνον·
985 3274 1164 3344 δῆλον,
1197 3274 1272 3338 ώς
1297 3275 1392 3328 καὶ
1415 3276 1442 3327 6
1471 3274 1599 3346 περὶ
1629 3273 1721 3327 τοῦ
1751 3273 1885 3328 Θεοῦ

293 3367 470 3436 Λόγου
520 3366 677 3435 λόγος
731 3364 955 3430 ἁπλοῦς,
995 3366 1089 3419 καὶ
1125 3366 1305 3436 πάσης
1352 3364 1674 3435 διαστρόφου
1711 3383 1888 3420 ποικι-

295 3460 412 3523 λίας
436 3456 877 3530 ἀπηλλαγμένος.
912 3458 1031 3511 Ἵνα
1055 3458 1111 3511 δὲ
1139 3457 1457 3512 εὐσύνοπτοι
1483 3451 1616 3511 ὦσιν
1661 3459 1715 3510 αἱ
1757 3458 1884 3530 θεη-

299 3552 500 3624 γορίαι,
524 3551 615 3606 διὰ
651 3550 722 3604 τὰ
742 3550 860 3604 νυνὶ
886 3550 1262 3622 λεχθησόμενα
1286 3549 1493 3621 προϐλή
1503 3567 1646 3620 ματα
1674 3551 1883 3621 αἱρετι-

1994 2456 2281 2512 creatum,
2323 2459 2387 2499 ac
2417 2443 2628 2499 honesti
2687 2442 2919 2496 inimicae
2954 2440 3150 2494 redditi
3196 2449 3351 2504 sunt,
3391 2439 3580 2493 audire

1996 2537 2236 2602 horrent,
2270 2536 2465 2591 nedum
2491 2534 2691 2588 dicere.
2740 2530 2856 2587 .lam
2899 2547 3028 2587 vero
3062 2531 3126 2584 de
3161 2530 3461 2600 Scriptum
3492 2539 3579 2585 te-

1993 2629 2296 2693 stimoniis,
2320 2626 2514 2697 quibus
2551 2623 2697 2690 Filii,
2735 2633 2826 2678 aut
2851 2622 3083 2693 Spiritus
3114 2621 3302 2676 sancti'
3324 2620 3578 2678 divinitas-

1993 2720 2318 2783 declaretur,
2349 2701 2480 2772 satis
2519 2719 2629 2785 jam
2679 2713 2845 2769 locuti
2878 2729 3103 2777 sumus;
3152 2712 3253 2767 etsi
3289 2711 3435 2766 enim
3473 2712 3575 2766 alia

1991 2815 2152 2870 etiam
2166 2821 2379 2868 exstent
2393 2809 2583 2864 millies
2600 2824 2630 2863 a
2644 2806 2938 2862 Catholicis
2955 2805 3222 2860 inculcata
3244 2804 3319 2875 (9..)
3339 2804 3576 2860 testimo-

1993 2907 2114 2972 nia,
2147 2921 2209 2961 ea
2242 2915 2417 2959 tamen
2445 2918 2548 2956 non
2573 2897 3141 2961 commemoravimus,
3176 2907 3284 2950 tum
3309 2911 3372 2950 ne
3397 2895 3468 2951 ob
3502 2895 3576 2950 ni-

1993 3001 2154 3054 miam
2183 3011 2368 3052 eorum
2398 2995 2606 3065 copiam
2639 2991 2798 3046 taedio
2832 2990 3062 3044 lectores
3101 2987 3426 3054 adiciantur,
3459 2998 3573 3042 tum

1988 3092 2150 3146 etiam
2192 3103 2257 3142 ne
2284 3088 2519 3155 scriptor
2557 3083 2630 3156 (ὅ)
2667 3082 2828 3137 nimis
2852 3081 3111 3134 verbosus
3139 3079 3386 3134 videatur
3411 3089 3462 3132 et
3493 3077 3574 3132 lo-

1989 3198 2152 3253 quax.
2185 3179 2350 3252 319
2392 3177 2446 3233 Si
2492 3177 2635 3233 enim
2695 3176 2977 3230 «veritatis
3011 3186 3190 3228 sermo
3234 3172 3310 3238 (ι)
3345 3171 3572 3242 simplex

1990 3275 2180 3340 suapte
2212 3279 2402 3323 natura
2430 3277 2531 3332 est,
2565 3285 2584 3318 ι
2622 3275 2680 3320 ιιι
2714 3265 2866 3319 aiunt
2895 3264 2995 3318 viri
3026 3265 3166 3318 inter
3197 3260 3417 3318 Gnaeos
3446 3277 3572 3332 spe~

1987 3365 2288 3435 ctatissirni,
2322 3363 2548 3431 ideoque
2577 3361 2723 3417 solus
2753 3359 2893 3416 Deus
2927 3358 3120 3413 merito
3166 3356 3382 3412 Veritas
3405 3359 3574 3412 deno-

1988 3462 2262 3522 minatur;
2328 3456 2668 3525 perstricunm
2708 3463 2793 3508 est
2837 3467 3050 3508 omnem
3093 3466 3306 3520 quoque
3347 3451 3414 3506 de
3462 3451 3571 3508 Deo

1994 3547 2170 3600 Verbo
2220 3559 2521 3600 sermonem
2553 3542 2851 3610 simplicem
2883 3556 3004 3596 esse
3034 3540 3254 3603 debere,
3291 3548 3346 3593 et
3383 3538 3568 3607 cujus.

304 3619 434 3711 κῶν,
459 3647 615 3718 φέρε,
655 3646 730 3708 ὡς
748 3646 804 3698 ὲν
843 3619 1048 3715 μερικῇ
1071 3642 1162 3696 καὶ
1195 3619 1444 3713 συντόμῳ
1471 3619 1885 3711 όινακειραλαιώ-

1991 3639 2120 3693 libet
2158 3652 2426 3704 perversae
2482 3633 2882 3699 inconstantiae,
2938 3646 3002 3687 ac
3055 3631 3336 3686 varietatis
3373 3646 3566 3700 exper-

303 3757 384 3793 σει
419 3739 757 3812 συνείρωμεν
776 3737 868 3791 τὸν
917 3737 1072 3806 λόγον
1114 3735 1316 3799 αὐτῶν,
1352 3736 1400 3788 εί
1443 3735 1535 3788 καὶ
1564 3735 1883 3787 ταυτοεπεῖν

295 3832 592 3904 μέλλομεν,
626 3830 740 3886 ἀλλ’
775 3830 922 3901 ὅμως
950 3829 1038 3884 διὰ
1086 3827 1147 3882 16
1212 3825 1472 3900 χρειῶδες
1511 3826 1603 3878 καὶ
1643 3825 1702 3879 τὸ
1749 3827 1884 3879 πᾶσι

291 3923 639 3994 πανταχόθεν
678 3922 948 3994 ἁλώσιμα,
995 3920 1137 3976 κατά
1165 3938 1227 3990 γε
1262 3919 1324 3972 16
1379 3918 1620 3987 ἐφικτὸν,
1661 3916 1788 3989 [148
1829 3915 1882 3989 b]

289 4016 552 4084 γενέσθαι
599 4015 668 4068 τὰ
689 4016 816 4086 περὶ
850 4013 1050 4067 αὐτῶν.
1079 4012 1187 4065 Καὶ
1211 4011 1319 4083 γὰρ
1345 4011 1438 4064 καὶ
1482 4011 1529 4063 οἱ
1558 4008 1882 4080 προθέμενοι

289 4109 611 4179 οἰκοδομίαν
640 4105 992 4178 ποιήσασθαι,
1052 4103 1438 4172 συνοψίσαντες
1495 4101 1759 4173 πρότερον
1787 4099 1884 4163 τὰς

289 4201 649 4274 ἁρμοζούσας
703 4198 832 4261 ὖλας
865 4195 1239 4258 ἀποτίθενται,
1271 4188 1391 4247 εἶτα
1418 4191 1478 4257 ἐξ
1514 4191 1694 4246 αὐτῶν
1745 4192 1882 4262 πλη-

290 4295 409 4347 σίον
444 4291 678 4346 ἑκάστου
730 4289 900 4342 τόπου
947 4287 1341 4359 ἐξεργάζεσθαι
1389 4286 1673 4357 μέλλοντος
1715 4303 1885 4356 παρα-

287 4383 556 4446 τιθέασιν,
610 4380 684 4444 ώς
706 4379 771 4433 ἂν
799 4378 971 4449 ἔχοιεν
1001 4377 1093 4430 ὑπ’
1128 4377 1337 4448 ὄμμασι
1390 4378 1484 4429 καὶ
1508 4377 1565 4428 ὲν
1607 4374 1882 4447 προχείρῳ

285 4477 520 4530 ἕκαστοι
541 4472 650 4526 τῶν
678 4474 745 4543 τῇ
795 4469 1116 4542 χειρουργίᾳ
1169 4468 1546 4540 κεχρημένων,
1605 4467 1696 4522 καὶ
1739 4465 1882 4519 οὕτω

285 4569 384 4622 τοῦ
421 4569 747 4638 πράγματος
786 4563 1065 4635 ἄρχονται.
1110 4561 1201 4632 Τῷ
1225 4562 1281 4615 δὲ
1311 4560 1431 4631 Θεῷ
1478 4555 1634 4623 αὖθις
1666 4558 1724 4611 τὸ
1773 4560 1880 4612 πᾶν

287 4659 599 4730 θαρρήσας,
633 4653 711 4725 τῷ
743 4653 811 4706 τὰ
850 4653 1072 4724 κύματα
1103 4651 1352 4711 παύοντι,
1389 4650 1482 4703 καὶ
1512 4648 1682 4702 εὖδιον
1713 4648 1879 4702 πλοῦν

282 4751 509 4814 διδόντι,
537 4749 631 4803 καὶ
677 4750 853 4801 πάντα
893 4741 1268 4816 κατορθοῦντι,
1321 4737 1382 4795 οὗ
1419 4741 1561 4795 κατὰ
1605 4742 1764 4814 χάριν
1792 4743 1878 4812 (ἣν

287 4842 386 4896 καὶ
435 4835 781 4910 ἁμαρτωλοῖς
809 4835 904 4888 καὶ
933 4837 1138 4898 στενοῖς
1175 4833 1264 4886 τὸν
1292 4832 1469 4900 λόγον,
1517 4831 1620 4884 ἰδία
1648 4831 1693 4885 δ’
1742 4831 1876 4903 ἐμοῦ

284 4933 454 5000 λέγω,
491 4930 748 5002 χορηγεῖν
783 4925 996 4995 εἴωθεν)
1037 4927 1118 4989 εἰς
1157 4925 1362 4995 ταύτην
1396 4922 1739 4996 προελήλυθα
1781 4922 1876 4994 τὴν

363 5091 441 5159 (ll
475 5084 887 5162 Μαίᾳνηῦοιὶρχ,
926 5083 1188 5162 βχρισταί.
1229 5080 1372 5152 Lego
1424 5078 1694 5162 ἄχρηστα.
1729 5077 1866 5132 Nihil
1903 5094 1944 5149 ι)

286 5154 450 5231 ριιὲτο
505 5157 753 5231 crebrius
796 5154 1032 5231 inculcat
1075 5154 1336 5231 Didymus
1378 5167 1500 5231 _c_um
1543 5154 1594 5203 in
1635 5164 1862 5231 enarra~

286 5219 548 5289 iionibus.
577 5239 685 5280 tmn
713 5228 768 5280 in
794 5225 1044 5280 omnibus
1081 5219 1202 5277 aliis
1241 5222 1517 5291 operibus,
1559 5235 1719 5288 quam
1754 5219 1865 5272 dae-

286 5317 478 5354 mones
507 5314 612 5351 non
648 5317 665 5349 ι
710 5308 899 5350 natura
929 5315 948 5348 ι
1010 5294 1179 5349 malos
1229 5306 1375 5355 esse,
1411 5301 1470 5344 nt
1499 5291 1862 5345 exsecrabiles

282 5369 568 5427 Manicbwi
600 5369 884 5431 docebant,
909 5366 1000 5422 sed
1023 5364 1093 5419 ob
1120 5364 1351 5435 propriae
1384 5361 1579 5416 mentis
1605 5360 1861 5413 malitiam

282 5442 459 5498 malos
486 5438 722 5494 redditos
738 5437 926 5491 fuisse.

358 5513 432 5579 (Ξ)
486 5509 683 5564 Millies
724 5526 754 5560 η
783 5506 1064 5561 Catholicis
1101 5504 1378 5579 inculcata.
1407 5500 1464 5555 In
1493 5501 1709 5579 _G_r:eco,
1758 5517 1862 5569 μυ-

283 5572 600 5654 ριολέκτων.
671 5579 764 5632 Est
825 5589 999 5654 autem
1083 5574 1432 5654 μυριόλεκτόν
1467 5572 1661 5654 ¹ἰιιιξηιΔ
1703 5581 1862 5639 atque

286 5643 758 5723 Euol'JOpLillq-mv,
780 5668 796 5698 ι
825 5649 1033 5723 tritum,
1071 5643 1364 5723 uulgatum,
1394 5643 1551 5723 vulgo
1575 5647 1796 5723 nolit-nr:
1837 5659 1855 5689 ι

283 5742 390 5791 quo
431 5710 594 5776 sensu
619 5710 668 5773 ἰι
722 5718 1088 5791 Xenophonte
1119 5710 1406 5791 adhibetur
1441 5713 1534 5768 lib.
1581 5726 1612 5765 v
1669 5710 1858 5780 Ἐλλη-

282 5785 395 5849 ιῖιιιι.
433 5795 486 5847 in
517 5787 1019 5858 orationchligenis
1066 5785 1333 5858 Agebantii.

356 5866 429 5936 (ὅ)
459 5861 718 5930 Scriptor.
749 5853 1016 5913 Vide'not.
1049 5857 1136 5917 ἠδ,
1183 5871 1299 5925 pag.
1332 5853 1454 5908 258.

1989 3738 2116 3784 tem.
2176 3728 2243 3784 Ut
2290 3739 2470 3782 autem
2523 3727 2624 3781 sub
2671 3740 2778 3779 uno
2828 3723 2988 3778 veluti
3045 3731 3336 3792 conspectu
3395 3737 3566 3792 appa.

1986 3830 2139 3876 reant
2189 3819 2383 3874 divinae
2436 3819 2751 3883 locutiones,
2803 3816 2872 3870 ob
2905 3815 3282 3870 hereticorum
3350 3813 3564 3882 objecta

1987 3929 2111 3966 mox
2160 3909 2459 3978 afferenda,
2508 3923 2606 3978 age
2635 3916 2978 3976 argumenta,
3028 3920 3149 3976 qua:
3182 3905 3336 3960 nobis
3358 3905 3561 3960 e.edem

1986 4004 2425 4070 subministrant,
2487 4002 2650 4057 veluti
2695 3998 3101 4071 inparticulari
3156 3997 3410 4068 quodam,
3469 4007 3566 4052 aut

1986 4111 2082 4164 per
2111 4104 2291 4163 partes
2324 4095 2591 4164 exposito,
2626 4102 2680 4146 et
2715 4091 2935 4147 concise
2981 4087 3192 4158 epilogo
3235 4086 3394 4144 simul
3429 4102 3564 4142 con.

1987 4194 2263 4240 nectamus
2297 4205 2310 4240 :
2346 4185 2446 4240 etsi
2479 4185 2622 4239 enim
2671 4185 2750 4240 sic
2795 4193 3019 4255 agentes
3050 4179 3354 4251 tautologia:
3379 4189 3560 4234 notam

1985 4296 2088 4334 non
2119 4277 2459 4347 ell'ugiemus,
2498 4275 2549 4332 id
2596 4286 2773 4332 tamen
2824 4276 3220 4349 prmstabimus,
3274 4281 3385 4327 tum
3434 4272 3558 4340 quia

1983 4372 2212 4442 perutile
2257 4371 2494 4425 futurum
2538 4379 2640 4436 est,
2677 4381 2788 4424 tum
2832 4370 2996 4424 etiam
3034 4377 3092 4421 ut
3125 4363 3439 4421 earumdem
3482 4362 3560 4417 lo—

1983 4463 2256 4516 cutionum
2284 4461 2367 4516 vis
2395 4464 2462 4515 ab
2494 4463 2745 4516 omnibus
2771 4461 2916 4514 omni
2961 4474 3026 4514 ex
3073 4466 3248 4528 parte,
3296 4463 3557 4524 quantum

1981 4556 2196 4624 quidem
2225 4554 2338 4608 ﬁeri
2373 4564 2566 4624 potest,
2621 4554 2969 4624 percipiatur.
3017 4552 3151 4606 Nam
3187 4551 3219 4605 ii
3250 4551 3436 4613 etiam,
3465 4545 3554 4616 qui

1980 4648 2267 4702 :mlilicittm
2319 4658 2600 4702 exstruere
2652 4655 3044 4716 proposuerunt
3076 4687 3091 4710 ,
3122 4645 3269 4713 prius
3313 4643 3412 4697 sub
3448 4655 3558 4693 uno

1980 4751 2269 4808 conspectu
2337 4739 2418 4810 (5)
2487 4739 2872 4793 convenientes
2939 4737 3194 4790 materias
3267 4743 3551 4804 seponam,

1981 4832 2173 4885 deinde
2226 4829 2344 4885 illas
2391 4831 2444 4884 in
2489 4830 2694 4901 singula
2727 4829 2865 4892 loca,
2896 4831 2948 4882 in
2988 4827 3186 4897 quibus
3220 4823 3549 4878 rmmentarii

1978 4922 2251 4993 operaturi
2303 4931 2449 4988 sunt,
2499 4922 2850 4985 distribuunt,
2909 4933 2972 4973 ac
3030 4931 3197 4987 prope
3245 4916 3332 4969 illa
3386 4915 3554 4984 depo-

2042 5079 2118 5148 (4)
2186 5077 2434 5133 Veritatis
2501 5092 2692 5131 sermo.
2762 5073 3034 5144 Euripidis
3097 5085 3288 5126 versus
3343 5079 3428 5126 est
3479 5086 3548 5125 ex

1968 5149 2269 5206 Pbmnissis
2297 5151 2638 5215 depromptns
2671 5163 2685 5198 :

2182 5213 2436 5284 Ἀπλοῦς
2463 5221 2494 5272 ό
2521 5213 2712 5285 μῦθος
2740 5214 2850 5283 τῆς
2877 5214 3166 5280 ἀληθείας
3195 5213 3332 5280 ἔφυ.

1963 5288 2016 5344 ΙιΙ
2057 5299 2140 5342 est
2179 5308 2191 5343 :
2237 5290 2331 5343 Est
2383 5283 2619 5343 veritatis
2653 5304 2823 5341 sermo
2857 5287 3300 5351 simplicissimus.
3325 5283 3423 5336 (Ini
3474 5285 3553 5337 si-

1964 5361 2090 5414 mile
2124 5361 2250 5413 illud
2291 5360 2532 5429 Aiscltyli
2581 5361 2632 5410 in
2664 5373 2931 5412 armorum
2968 5356 3180 5409 Iudicio
3215 5358 3354 5423 apud
3377 5353 3548 5409 J0m-

1965 5447 2087 5484 nem
2121 5430 2440 5485 Stohensem
2473 5431 2525 5482 in
2558 5429 2729 5482 Edric.
2769 5445 2934 5482 serm.
2977 5443 3026 5480 χι
3054 5445 3067 5479 :

2186 5500 2363 5570 Ἀᾇλᾶ
2393 5499 2505 5570 γάρ
2531 5500 2661 5552 ἐστι
2689 5498 2800 5567 τῆς
2837 5498 3127 5566 ἀληθείας
3165 5496 3304 5564 ἔπη.

1972 5570 2025 5625 ltl
2064 5580 2146 5625 est
2179 5590 2191 5624 :
2232 5569 2366 5624 Nunt
2404 5569 2636 5624 veritatis
2672 5570 2821 5623 verba
2861 5569 3270 5635 strttplicissimu.

2045 5643 2120 5711 (5)
2178 5640 2284 5694 Sub
2334 5658 2436 5694 uno
2502 5651 2832 5711 conspectth
2866 5639 3053 5693 Grmce
3081 5679 3094 5699 .
3131 5637 3546 5711 συνοῴίσαντεςο

1971 5707 2181 5809 ρένηιιυ
2215 5714 2378 5768 verbo
2416 5713 2532 5767 vide
2557 5722 2686 5766 totn.
2720 5709 2763 5766 ll
2801 5709 3036 5780 Operum
3085 5707 3381 5771 Athanasii,
3424 5725 3542 5776 pag.

1969 5787 2093 5837 58's.
