4060 6406
271 309 383 369 7J3

1343 305 1433 359 DE
1476 303 1855 360 TRINITATE
1896 302 2095 357 LIBER
2136 302 2465 359 TERTIUS.

3429 306 3535 360 794

270 432 371 487 τοῦ
405 427 535 483 Υἱοῦ
567 428 659 481 τὸν
687 427 821 481 Θεὸν
852 427 946 480 καὶ
975 424 1196 497 Πατέρα
1227 424 1387 495 μόνον
1417 426 1754 491 ἐγνωκότας·
1798 421 1859 473 οὐ

1973 419 2185 483 Paulus,
2228 435 2289 473 ac
2314 417 2357 474 si
2388 418 2433 473 is
2473 425 2734 488 praeterea
2779 416 2999 481 atheos,
3062 416 3113 471 id
3158 424 3242 473 est
3270 419 3382 473 sine
3412 419 3546 487 Deo,

271 526 480 594 κτίσμα
506 523 534 575 6
562 521 693 584 Θεὸς
727 520 919 588 Λόγος.

344 802 449 854 IE'.
482 799 546 853 Εἰ
587 797 856 862 Ἰουδαῖοι,
902 796 1302 864 ἀπιστήσαντες
1350 790 1426 862 τῷ
1462 788 1707 861 Χριστῷ,
1750 788 1861 841 ἴσον

268 892 468 946 ἑαυτὸν
522 890 767 944 ποιοῦντι
806 888 885 959 τῷ
933 887 1077 957 Θεῷ,
1124 886 1219 939 κα).
1261 884 1351 938 διά
1396 883 1555 936 τοῦτο
1614 880 1861 950 σταυρώ-

268 998 467 1044 σαντες
506 979 666 1033 αὑτὸν
708 976 1135 1047 κατεκρίθησαν,
1176 970 1496 1044 Χριστιανοὶ
1537 969 1596 1022 δὲ
1638 966 1861 1020 πιστεύκ

268 1090 466 1135 σαντες
496 1071 763 1140 ’ἀνωτέρω
797 1068 1019 1122 ἐκείνων
1051 1066 1369 1135 γεγόνασιν·
1424 1064 1485 1115 οῦ
1538 1060 1861 1131 μικρότερος

265 1167 325 1220 ἐν
354 1184 463 1219 τινι
488 1164 587 1218 τοῦ
619 1164 749 1217 ίδίου
780 1161 993 1234 Πατρὸς
1023 1163 1051 1213 6
1084 1159 1233 1222 Υἱός.

340 1260 465 1326 ις’.
499 1258 565 1311 Ei
605 1255 701 1309 τοῦ
759 1255 921 1327 μόνου
958 1252 1092 1305 Θεοῦ
1146 1250 1423 1320 ἐξαίρετον
1463 1248 1525 1301 τὸ
1576 1245 1862 1315 ὑμνεῖσθαι

270 1369 289 1403 t
330 1350 511 1419 μέγας
537 1348 703 1412 Θεὸς,
745 1365 769 1398 ι
792 1342 1193 1413 ἀναφθέγγεται
1237 1339 1281 1392 δ’
1320 1338 1440 1410 [151
1475 1336 1527 1409 b]
1560 1340 1587 1390 6
1616 1335 1860 1398 Παῦλος,

269 1462 289 1494 ι
317 1440 433 1495 Τοῦ
474 1440 711 1511 μεγάλου
748 1437 881 1491 Θεοῦ
908 1436 1001 1490 κα).
1035 1434 1285 1503 Σωτῆρος
1322 1430 1480 1501 ήμῶν
1521 1429 1696 1499 Ἰησοῦ
1728 1427 1864 1498 Χρι-

262 1551 427 1595 στου,
452 1552 471 1584 ι
522 1532 616 1585 καὶ
640 1533 667 1584 6
696 1529 886 1593 Δαυῖδ,
924 1547 942 1579 ‹
969 1527 1065 1591 Τίς
1108 1526 1293 1596 ὅμοιός
1339 1540 1418 1575 σοι
1449 1523 1503 1574 ὲν
1544 1520 1684 1584 θεοῖς
1705 1564 1719 1587 ,
1753 1522 1863 1574 Κύ-

259 1640 383 1695 ριε;
419 1644 440 1676 ι
493 1622 593 1675 οὐκ
628 1619 954 1692 ἐξοχώτερος
984 1618 1077 1672 τοῦ
1127 1615 1282 1681 Υἱοῦ,
1310 1613 1429 1667 οὐδὲ
1476 1612 1863 1685 ἀπαράὸλητος

260 1718 416 1788 7:96;
456 1716 640 1770 αὐτόν.

1965 512 2088 565 illos
2119 521 2301 573 vocat,
2363 510 2455 578 qui
2508 518 2666 563 antea
2697 524 2803 563 non
2858 507 3077 573 Filium,
3139 509 3235 564 sed
3284 510 3449 564 Deum
3492 521 3547 565 et

1966 602 2184 656 Patrem
2217 602 2485 656 duntaxat
2531 613 2832 667 noveram;
2873 616 2981 656 non
3012 612 3103 672 est
3136 616 3268 658 sane
3294 613 3547 658 creatura

1964 694 2108 748 Deus
2143 692 2403 747 Verbum.

2036 784 2151 839 XV.
2186 784 2243 839 Si
2269 782 2463 851 Judrei,
2492 784 2583 855 qui
2616 784 2838 839 Christo
2857 796 3206 855 semetipsum
3238 787 3347 841 Deo
3364 803 3547 857 aequa-

1966 877 2066 931 lem
2102 877 2320 931 facienti
2360 893 2463 931 non
2500 877 2876 942 crediderunt,
2894 893 3065 948 eaque
3101 880 3165 932 de
3198 894 3363 933 causa
3393 880 3544 936 illum

1965 970 2380 1037 cruciﬁxerunt,
2446 971 2792 1024 condemnati
2853 982 3009 1037 sunt;
3072 970 3363 1027 Christiani
3395 989 3545 1040 vero,

1965 1062 2057 1132 qui
2099 1063 2147 1117 ei
2183 1063 2558 1128 crediderunt,
2583 1079 2746 1133 supra
2799 1063 2917 1119 illos
2945 1063 3137 1118 elevati
3177 1064 3362 1131 fuere;
3403 1066 3546 1121 nulla

1970 1155 2022 1208 in
2058 1169 2115 1207 re
2157 1154 2378 1223 proprio
2408 1152 2568 1207 Patre
2599 1156 2779 1209 mitior
2810 1165 2890 1209 est
2919 1155 3109 1210 Filius.

2037 1246 2174 1301 XVI.
2216 1248 2271 1302 Si
2302 1247 2399 1302 soli
2430 1246 2538 1302 Deo
2570 1249 2790 1316 eximie,
2852 1258 3015 1318 atque
3057 1248 3391 1304 excellenter
3418 1266 3545 1304 con-

1964 1339 2131 1405 venit,
2165 1350 2221 1393 ut
2250 1361 2267 1391 ι
2289 1339 2511 1409 Magnus
2530 1342 2669 1395 Deus
2698 1361 2715 1393 i
2744 1352 3084 1409 nuncupetur
3120 1358 3182 1396 ac
3200 1343 3545 1411 praedicetur,

1966 1430 2042 1484 ait
2076 1444 2212 1489 .vero
2253 1429 2471 1493 Paulus,
2502 1450 2519 1482 t
2548 1430 2728 1499 Magni
2755 1431 2846 1484 Dei
2882 1431 2991 1502 (50)
3038 1442 3091 1486 et
3123 1432 3421 1486 Salvatoris
3446 1448 3548 1485 no-

1967 1524 2065 1577 stri
2097 1522 2226 1577 Jesu
2252 1522 2477 1586 Christi,
2516 1542 2533 1573 i
2562 1532 2616 1577 et
2650 1522 2841 1587 David,
2894 1541 2911 1573 ‹
2938 1524 3068 1590 Quis
3101 1524 3292 1578 siniilis
3317 1524 3427 1593 (51)
3454 1525 3549 1579 tibi

1968 1617 2019 1669 iii
2051 1618 2174 1681 diis,
2209 1616 2476 1669 Domine?
2503 1636 2521 1669 i
2581 1632 2685 1670 non
2719 1624 2802 1669 est
2833 1632 2962 1670 sane
2996 1616 3155 1671 Pater
3196 1618 3550 1672 excellentior

1968 1708 2124 1772 Filio,
2160 1724 2339 1777 neque
2374 1708 2820 1775 incomparabilis
2850 1721 3098 1777 respectu
3140 1710 3330 1779 ipsius.

329 1779 442 1866 lZ".
484 1810 547 1862 Εί
580 1810 608 1861 6
641 1807 803 1871 αὐτὸς
833 1803 1045 1867 Παῦλος
1079 1802 1138 1856 οὐ
1172 1800 1497 1874 συναριθμεῖ
1538 1797 1702 1853 αὐτὸν
1746 1800 1861 1862 τοῖς

2040 1800 2201 1857 XVII.
2247 1802 2300 1855 Si
2343 1802 2482 1856 idern
2540 1801 2740 1855 Paulus
2794 1802 2935 1856 inter
2990 1813 3206 1857 creatos
3230 1804 3357 1857 deos
3401 1804 3548 1857 illum

255 1905 513 1966 κτιστοῖς
543 1902 705 1965 θεοῖς,
751 1899 1034 1952 συντάττει
1072 1897 1128 1949 δὲ
1165 1895 1304 1967 μετὰ
1346 1893 1441 1947 τοῦ
1476 1892 1709 1962 Πατρὸς,
1744 1893 1855 1945 Κο-

260 1996 504 2069 ρινθίοις
552 1995 801 2066 γράφων,
840 2011 859 2043 ι
898 1991 1010 2044 Καὶ
1057 1989 1167 2060 γάρ
1215 1989 1373 2059 εἴπερ
1420 1987 1526 2038 εἰσ).
1577 1984 1861 2055 λεγόμενοι

254 2088 383 2141 θεοὶ
412 2087 620 2151 πολλοὶ,
649 2087 744 2138 καὶ
778 2083 959 2154 κύριοι
989 2081 1173 2135 πολλοὶ
1199 2080 1256 2135 έν
1297 2096 1355 2132 τε
1388 2079 1605 2151 οὐρανῷ
1638 2081 1730 2131 κα).
1770 2078 1863 2131 ἐπὶ

255 2183 394 2251 γῆς.
434 2179 548 2232 ἀλλ’
590 2179 723 2248 ἡμῖν
760 2170 841 2240 εἷς
868 2174 1000 2237 Θεὸς
1029 2174 1057 2225 6
1093 2173 1300 2244 Πατὴρ,
1346 2171 1406 2237 ἐξ
1439 2166 1500 2225 οὗ
1535 2170 1603 2223 τὰ
1640 2171 1821 2224 πάντα
1844 2185 1858 2199 ·

256 2274 360 2327 καὶ
404 2268 485 2335 εἷς
518 2269 723 2341 Κύριος
760 2265 967 2338 Ἰησοῦς
996 2265 1253 2336 Χριστὸς,
1302 2264 1370 2318 δι’
1408 2258 1468 2316 οῦ
1501 2263 1574 2316 τά
1603 2263 1810 2317 πάντα·
1836 2281 1856 2315 i

256 2366 367 2420 οὐκ
400 2366 461 2417 ὲν
494 2365 762 2434 ποιήμασι
793 2359 1198 2426 συντετάξεται,
1232 2358 1371 2429 μετά
1404 2357 1461 2411 δὲ
1492 2357 1707 2429 Πατρὸς
1740 2373 1865 2410 συν-

258 2457 699 2528 δοξασθήσεται.

338 2551 460 2607 lH'.
502 2552 567 2605 Εἰ
632 2546 965 2622 δημιουργὸς
1028 2545 1286 2612 πάντων,
1342 2543 1439 2598 καὶ
1513 2542 1689 2600 αὐτῶν
1755 2541 1865 2598 τῶν

262 2646 491 2703 αἰώνων
534 2644 682 2697 ἐστὶν
723 2644 754 2695 6
786 2642 936 2707 Υἱὸς,
971 2639 1046 2704 ὡς
1077 2639 1318 2711 ἐγράφη,
1361 2636 1469 2709 πρὸ
1504 2636 1684 2707 πάσης
1716 2636 1867 2707 ἐνερ-

264 2738 437 2806 γείας
483 2734 668 2788 ἐστίν’
717 2736 745 2788 6
778 2733 835 2786 δὲ
883 2732 989 2804 πρὸ
1035 2730 1213 2800 πάσης
1261 2728 1545 2802 ἐνεργείας
1598 2728 1696 2781 οὐκ
1746 2727 1867 2799 ἐδη-

271 2828 615 2901 μιουργήθη.
640 2825 808 2882 Οὐδὲν
847 2826 955 2897 γάρ
985 2823 1332 2896 προαιώνιον,
1378 2823 1410 2893 ἢ
1451 2822 1556 2893 πρὸ
1588 2820 1867 2892 ἐνεργείας

269 2924 486 2976 νοεῖται
539 2919 781 2983 κτιστὸν,
832 2918 946 2972 ἀλλ’
989 2918 1023 2987 ἡ
1068 2918 1127 2969 έν
1178 2916 1322 2969 ένάδι
1381 2915 1646 2985 ἀγένητος
1698 2911 1869 2985 Τριάς

272 3015 443 3086 μόνη.
470 3013 584 3066 Καὶ
610 3011 786 3074 ἄλλως
804 3028 819 3042 ·
853 3011 917 3064 Ei
951 3011 1170 3064 πάντων
1197 3006 1581 3078 γενεσιουργός
1613 3007 1730 3058 ἐστι
1758 3003 1868 3057 τῶν

1964 1908 2071 1946 non
2108 1903 2486 1957 contiunierat,
2530 1894 2624 1947 sed
2672 1895 2845 1963 ipsum
2899 1910 3018 1948 cum
3069 1893 3229 1948 Patre
3282 1906 3459 1962 aequat
3496 1902 3551 1951 et

1965 1985 2217 2050 collocat,
2270 1986 2515 2041 scribens
2554 1986 2874 2052 Corinthiis,
2929 2007 2946 2038 (
2981 1985 3112 2041 Nam
3145 1989 3243 2042 etsi
3280 1988 3391 2059 (5‘2)
3426 2000 3550 2044 sunt

1964 2078 2055 2147 qui
2092 2078 2347 2133 dicuntur
2401 2078 2475 2133 dii
2510 2079 2685 2141 multi,
2714 2088 2767 2132 et
2797 2080 3002 2134 domini
3048 2080 3198 2135 iitiilti
3230 2092 3281 2137 et
3312 2083 3362 2136 in
3390 2082 3548 2146 etelo,

1967 2169 2102 2223 etin
2141 2178 2320 2224 terra:
2358 2178 2536 2223 tamen
2590 2170 2747 2225 nobis
2789 2187 2929 2226 unus
2970 2171 3113 2227 Dens
3133 2173 3315 2240 Pater,
3343 2190 3409 2228 ex
3443 2190 3552 2244 quo

1967 2262 2177 2325 omnia,
2215 2271 2271 2315 et
2305 2277 2446 2316 unus
2471 2262 2735 2317 Dominus
2752 2262 2911 2319 Jesus
2942 2265 3211 2330 Christus,
3251 2283 3347 2336 per
3392 2284 3551 2337 quem

1967 2354 2182 2417 omnia;
2211 2372 2227 2404 i
2265 2369 2370 2407 non
2397 2362 2482 2408 est
2510 2355 2672 2424 igitur
2698 2355 2840 2409 inter
2862 2366 3145 2413 creaturas
3174 2359 3551 2424 collocandus.

1967 2447 2062 2501 sed
2096 2461 2218 2499 cum
2246 2444 2412 2499 Patre
2443 2446 2961 2517 congloriﬁcandus.

2044 2538 2208 2609 326
2247 2538 2431 2593 XVIII.
2455 2538 2511 2593 Si
2543 2554 2727 2594 rerum
2746 2540 3009 2604 omnium,
3029 2558 3091 2595 ac
3128 2542 3364 2612 ipsorum
3389 2544 3551 2599 etiam

1968 2631 2288 2685 saaculorum
2326 2631 2577 2685 conditor
2604 2640 2690 2685 est
2735 2630 2927 2695 Filius,
2958 2634 3101 2687 sicut
3133 2634 3392 2704 scriptum
3420 2636 3554 2706 legi-

1971 2733 2059 2777 tur
2091 2723 2226 2795 (55),
2265 2723 2475 2778 exstitit
2524 2738 2652 2795 ergo
2700 2733 2989 2794 antequam
3031 2726 3325 2795 quidquam
3374 2727 3550 2783 ﬁeret.

1968 2814 2037 2867 At
2082 2814 2171 2883 qui
2224 2814 2435 2868 exstitit
2491 2826 2779 2883 antequam
2838 2814 3136 2885 quidquam
3198 2818 3384 2880 ﬁeret,
3446 2832 3554 2871 non

1969 2903 2073 2958 fuit
2098 2905 2389 2969 conditus;
2441 2904 2575 2958 nihil
2613 2906 2787 2969 enim,
2820 2906 2967 2976 quod
3024 2914 3268 2961 creatum
3296 2907 3385 2971 sit,
3428 2919 3555 2962 ante

1972 2995 2196 3059 saecula,
2221 3005 2314 3050 aut
2348 3005 2475 3049 ante
2502 2998 2836 3051 creationem
2883 2997 3163 3052 exsistens
3201 2999 3553 3071 intelligitur;

271 3106 473 3169 ὅντων,
515 3104 617 3158 οῦκ
651 3103 797 3156 ἐστιν
826 3102 901 3166 ὼς
938 3101 1111 3155 ταῦτα
1146 3100 1385 3163 κτιστός.
1411 3097 1547 3151 Κατ’
1576 3096 1729 3150 οὐδὲν
1760 3094 1866 3166 γάρ

1975 3087 2070 3142 sed
2111 3102 2173 3141 ea
2204 3088 2491 3155 duntaxat,
2543 3102 2661 3156 qua:
2706 3088 2760 3140 in
2798 3088 3006 3143 unitate
3034 3090 3267 3155 exsistit,
3312 3092 3553 3147 iiicreata

274 3203 389 3265 τοῖς
436 3198 737 3269 κτίσμασιν
772 3198 800 3250 6
828 3196 1055 3267 κτίστης
1088 3193 1475 3265 παραπλήσιος
1509 3186 1650 3243 εἶναι
1701 3187 1866 3242 δύνα-

278 3308 392 3354 ται,
425 3290 463 3361 ἦ
507 3288 733 3358 ὀφείλει.
772 3286 910 3339 Ἀλλ’
946 3286 1067 3340 οὐδὲ
1114 3286 1321 3355 κτίσμα
1364 3280 1729 3354 δημιουργοῦν
1777 3279 1868 3333 οὐ·

286 3384 411 3448 σιοί,
437 3383 471 3454 ἢ
503 3380 721 3450 λογικὸν
748 3378 1019 3434 ἀποτελεῖ.

362 3638 457 3696 10'.
492 3640 556 3693 Ei
587 3633 656 3710 ἦν
684 3639 741 3692 ὲν
772 3640 839 3710 τῇ
870 3639 1012 3710 ἀρχῇ
1046 3636 1179 3699 Θεὸς
1224 3636 1362 3707 πρὸς
1394 3632 1485 3687 τὸν
1512 3632 1666 3697 Θεὸν,
1696 3631 1869 3703 ἀρχὴν

286 3732 450 3803 ἄλλην
480 3731 644 3795 αὐτὸς
670 3732 771 3784 οὐκ
793 3731 927 3801 ἔχει,
958 3728 1315 3801 ἀρχαιότερος
1340 3726 1414 3780 ὢν
1454 3727 1638 3795 πάσης
1672 3726 1865 3796 ἀρχῆς.

295 3825 453 3878 Ἐπεὶ
494 3822 710 3893 ἀνάγκη
760 3823 912 3875 πᾶσα
958 3820 1140 3875 δοῦναι
1187 3818 1362 3891 ἀρχὴν
1407 3818 1502 3871 καὶ
1544 3816 1623 3887 τῷ
1672 3815 1867 3886 Πατρί.

286 3938 305 3970 t
330 3912 448 3970 Ἦν
479 3934 499 3967 ι
539 3915 671 3986 γὰρ,
713 3916 900 3985 φησιν,
952 3933 970 3966 ι
999 3916 1056 3968 ὲν
1100 3916 1166 3985 τῇ
1221 3913 1362 3984 ἀρχῇ
1421 3910 1553 3973 Θεὸς
1594 3909 1729 3980 πρὸς
1778 3907 1870 3961 τὸν

279 4010 443 4064 Θεόν.
472 4027 493 4060 ι
541 4010 656 4061 Οὐκ
689 4007 831 4059 ἐστιν
883 4005 940 4060 δὲ
973 4004 1115 4077 ἀρχὴ
1149 4006 1250 4075 τῆς
1284 4005 1415 4076 μιᾶς
1462 4003 1720 4074 θεότητος
1770 4000 1870 4071 τῆς

279 4100 455 4173 οὔσης
485 4101 543 4152 ὲν
573 4102 639 4170 τῇ
676 4100 840 4171 ἀρχῇ.

355 4196 445 4247 K’.
481 4194 545 4246 Ei
573 4191 667 4246 νοῦ
709 4191 910 4256 παντὸς
940 4189 1262 4261 ἀνῴκισται,
1300 4187 1417 4252 πῶς
1450 4187 1728 4260 Παρθένος
1754 4185 1872 4259 ῥεύ-

281 4303 431 4349 σεως
462 4284 620 4348 ἐκτὸς
663 4282 869 4351 ἔτεκεν,
903 4283 1132 4354 μείνασα
1170 4282 1331 4336 πάλιν
1361 4282 1657 4353 παρθένος·
1694 4281 1872 4353 πολλῷ

284 4377 498 4451 μᾶλλον
524 4376 957 4447 ἀνεφικτότερον,
986 4374 1105 4438 πῶς
1135 4374 1434 4445 αὑτογενὴς
1468 4375 1599 4438 Θεὸς
1628 4375 1723 4427 κα).
1760 4376 1873 4428 Πα-

1975 3174 2239 3231 Trinitas.
2274 3176 2343 3230 Et
2373 3176 2572 3233 aliter:
2609 3176 2665 3232 Si
2692 3179 2954 3242 omnium,
2992 3196 3113 3249 quae
3138 3190 3283 3249 sunt,
3307 3184 3557 3237 conditor

1974 3278 2078 3334 est,
2100 3285 2203 3324 non
2228 3279 2309 3325 est
2339 3278 2574 3333 creatus,
2603 3268 2903 3338 cujusmodi
2937 3271 3025 3325 illa
3055 3285 3212 3340 sunt;
3248 3275 3394 3327 nullo
3411 3276 3554 3328 enim

1976 3364 2136 3417 modo
2160 3364 2430 3418 creaturis
2447 3363 2677 3419 Creator
2691 3363 2882 3419 similis
2899 3379 3018 3419 esse
3041 3376 3215 3436 potest
3254 3378 3346 3421 aut
3364 3368 3552 3434 debet;

1976 3467 2075 3507 nec
2105 3462 2365 3521 praeterea
2395 3463 2645 3508 creatura
2678 3454 2912 3510 creando
2935 3455 3066 3509 dare
3090 3457 3555 3524 potestexsisten-

1979 3545 2132 3611 tiam,
2170 3562 2344 3614 neque
2378 3547 2602 3602 rationis
2653 3548 2971 3618 participem
3012 3551 3317 3618 quempiam
3353 3550 3551 3606 facere.

2049 3637 2186 3693 XIX.
2233 3638 2288 3694 Si
2312 3649 2430 3693 erat
2465 3640 2517 3692 iii
2548 3639 2814 3709 principio
2841 3640 2983 3695 Deus
3016 3643 3158 3709 apud
3195 3643 3380 3708 Deum,
3410 3643 3554 3695 aliud

1982 3732 2311 3801 principium
2342 3731 2510 3787 Filius
2540 3733 2653 3802 ipse
2680 3748 2784 3788 noti
2818 3732 2980 3787 habet
3020 3749 3142 3788 cum
3183 3735 3254 3788 sit
3284 3735 3557 3805 antiquior

1982 3823 2133 3877 omni
2161 3824 2427 3893 principio
2455 3842 2470 3879 :
2509 3824 2747 3893 alioquin
2787 3826 3009 3879 omnino
3062 3828 3424 3881 necessarium
3452 3830 3558 3883 erit

1979 3916 2256 3986 assignare
2270 3917 2588 3986 principium
2602 3916 2761 3971 etiam
2777 3917 2947 3973 Patri.
2968 3918 3154 3973 «Εωι»
3172 3919 3338 3987 enim,
3360 3920 3555 3989 inquit,

1986 4027 2004 4059 ι
2034 4008 2086 4061 in
2125 4008 2390 4077 principio
2417 4008 2559 4065 Deus
2592 4010 2733 4080 apud
2769 4012 2933 4065 Deum
2961 4011 3095 4083 (54).
3119 4031 3137 4063 i
3178 4011 3393 4065 Nullum
3426 4028 3557 4066 vero

1978 4099 2304 4169 principium
2338 4100 2500 4155 habet
2528 4118 2632 4155 una
2679 4102 2860 4159 Deitas
2885 4105 3155 4159 exsisteiis
3185 4106 3235 4158 in
3264 4104 3551 4175 principio.

2056 4188 2173 4244 XX.
2215 4189 2271 4244 Si
2305 4190 2446 4243 nulla
2498 4192 2778 4261 percipere
2831 4207 2984 4249 mens
3037 4203 3236 4263 potest,
3286 4197 3555 4264 quomodo

1996 4279 2155 4351 Virgo
2216 4283 2338 4336 sine
2373 4280 2514 4336 ﬂuxu
2553 4285 2845 4353 pepererit,
2882 4300 3105 4340 manens
3155 4301 3342 4341 rursus
3369 4287 3555 4355 virgo:

1980 4380 2186 4441 quanto
2219 4373 2401 4427 minus
2464 4373 2693 4443 intelligi
2745 4376 2965 4444 poterit,
3019 4375 3292 4445 quomodo
3324 4376 3415 4431 ille
3461 4392 3560 4445 per

280 4474 419 4544 τὴρ,
444 4469 723 4541 ἀνάρχως,
760 4470 854 4522 καὶ
879 4469 1001 4538 δίχα
1033 4468 1243 4533 πάθους
1282 4467 1340 4534 ἐξ
1375 4468 1497 4520 ὅλου
1526 4466 1721 4520 ἑαυτοῦ
1754 4466 1866 4520 ὅλον

1982 4478 2041 4518 se
2075 4464 2347 4519 exsistens
2380 4466 2520 4521 Deus
2549 4481 2612 4521 ac
2637 4466 2821 4533 Pater,
2850 4470 2916 4523 ab
2952 4478 3173 4531 a-terno,
3206 4478 3259 4522 et
3289 4469 3404 4523 sine
3436 4485 3559 4538 pas-

286 4562 605 4634 ίσομέτρως
631 4563 819 4615 τέτοκε
843 4560 933 4615 τὸν
961 4561 1108 4617 Υίόν.

364 4742 502 4794 KA’.
540 4741 605 4793 Εί
662 4741 811 4813 ἡμᾶς
868 4741 1111 4805 πλάσας,
1162 4740 1545 4804 αὐτεξουσίους
1610 4739 1752 4811 [152
1809 4738 1874 4811 α]

293 4832 585 4903 ἐποίησεν,
627 4834 813 4903 κρίσιν
858 4834 1045 4903 ὁρίσας
1089 4834 1182 4887 ἐπὶ
1226 4834 1365 4904 καλῇ
1403 4835 1497 4886 καὶ
1531 4836 1674 4903 κακῇ
1731 4832 1875 4903 πρά-

291 4926 410 4991 ξει·
459 4925 580 4988 πῶς
622 4926 784 4988 αὐτὸς
833 4926 949 4978 οὐκ·
980 4925 1091 4995 ἔχει
1139 4925 1318 4989 τοῦτο,
1358 4926 1387 4977 ὃ
1430 4925 1629 4978 ἔδωκεν
1660 4928 1794 4994 ἡμῖν
1848 4925 1878 4978 6

293 5012 443 5068 κατὰ
486 5013 585 5080 τὴν
630 5015 969 5086 προφητείαν
1003 5014 1080 5068 ὢν
1124 5014 1288 5082 Θεὸς,
1336 5015 1586 5086 ἰσχυρὸς,
1635 5013 1879 5080 ἐξουσια-

297 5120 466 5169 σττς’

370 5289 505 5342 KB'.
541 5289 605 5343 Εἰ
661 5290 850 5353 πιστός
909 5289 1026 5343 ἐστι
1088 5290 1293 5361 Πέτρος
1349 5290 1408 5343 ἐν
1463 5291 1584 5354 ταῖς
1636 5291 1875 5363 Πράξεσι

372 5426 489 5493 (50)
531 5427 714 5497 Magni
754 5428 866 5482 Dei.
908 5429 1013 5483 Tit.
1043 5445 1101 5489 ti,
1138 5429 1225 5485 I3.

402 5498 492 5567 5|)
535 5498 665 5562 Quis
722 5499 928 5555 similis.
980 5498 1122 5553 Psal.
1177 5515 1374 5561 ωιτν,
1424 5500 1476 5556 7.
1555 5497 1724 5551 Bililia
1784 5512 1883 5567 pro

300 5568 419 5637 τίςς,
475 5569 525 5622 id
555 5577 639 5622 est
673 5587 691 5619 ι
721 5570 861 5637 quis,
892 5589 910 5621 i
956 5571 1153 5625 habent
1195 5570 1295 5623 οὐκ
1324 5570 1490 5634 ἔστιν,
1527 5569 1577 5622 id
1615 5577 1698 5623 est
1724 5587 1742 5619 ι
1773 5585 1878 5623 non

310 5649 413 5691 est.
444 5658 463 5689 ι
502 5639 611 5692 Sed
643 5640 765 5693 vide
793 5640 935 5693 Psal.
964 5655 1226 5701 Lxxxvm.
1257 5641 1343 5696 7..

379 5708 495 5779 (5'2)
538 5707 679 5761 Nam
716 5711 834 5764 etsi.
902 5711 919 5763 I
988 5711 1112 5763 Cor.
1171 5727 1290 5774 vui,
1324 5712 1377 5772 5,
1430 5710 1481 5764 6.
1545 5711 1743 5765 Sextus
1793 5719 1876 5763 ta-

317 5792 436 5835 uien
471 5781 766 5838 versemus
792 5782 947 5853 paulo
975 5780 1132 5837 aliter
1160 5797 1219 5839 se
1249 5783 1411 5838 habet
1438 5784 1491 5837 in
1532 5781 1715 5838 Bibliis
1747 5794 1870 5837 cum

1982 4555 2135 4609 sione
2167 4571 2231 4609 ex
2262 4564 2375 4611 toto
2404 4558 2699 4628 semetipso
2743 4569 2913 4615 totum
2959 4560 3062 4614 sibi
3100 4559 3342 4630 perfecte
3370 4576 3558 4631 aequa-

1982 4648 2089 4701 lem
2114 4650 2366 4716 genuerit
2393 4648 2642 4718 Filium?

2056 4740 2201 4795 XXI.
2241 4741 2296 4796 Si
2332 4758 2455 4796 cum
2503 4742 2671 4797 Filius
2724 4742 2838 4813 ipse
2903 4758 2999 4798 nos
3026 4744 3310 4810 formavit,
3341 4746 3559 4815 proiiria

1984 4835 2236 4889 libertate
2267 4835 2523 4904 przeditos
2552 4819 2693 4899 fecit,
2720 4834 2967 4903 judicare
3012 4851 3107 4889 nos
3138 4845 3384 4892 statuens
3402 4848 3561 4907 prout

1987 4927 2143 4983 bona:
2172 4938 2268 4982 aut
2302 4928 2458 4983 malae
2507 4936 2706 4982 nostra:
2739 4927 2985 4981 actiones
3024 4926 3256 4996 fuerint;
3289 4931 3562 4998 quomodo

1990 5022 2104 5091 ipse
2128 5021 2183 5075 id
2212 5036 2318 5075 non
2346 5021 2530 5085 habet,
2574 5018 2717 5089 quod
2748 5019 2897 5073 dedit
2922 5019 3112 5074 nobis?
3144 5020 3279 5089 ipse,
3319 5022 3556 5092 inquam,

1986 5113 2077 5182 qui
2126 5113 2279 5182 juxta
2336 5112 2673 5183 prophetiam
2728 5121 2811 5165 est
2862 5110 3007 5167 Deus
3062 5111 3258 5180 fortis,
3312 5114 3559 5169 domina-

1985 5215 2068 5259 tor
2094 5204 2204 5274 (55)
2227 5205 2250 5257 ?

2054 5294 2223 5350 XXII.
2268 5295 2324 5350 Si
2359 5296 2462 5350 ﬁde
2490 5296 2684 5367 dignus
2716 5306 2802 5352 est
2822 5295 3016 5352 Petrus
3045 5297 3097 5352 in
3127 5296 3277 5353 Actis
3294 5296 3557 5355 clamans:

1984 5428 2209 5494 Grmcis,
2240 5439 2349 5484 tum
2375 5428 2600 5485 Latinis.

2053 5499 2167 5565 (53)
2206 5499 2440 5569 Legitur.
2483 5501 2645 5555 IIelir.
2672 5516 2711 5568 i,
2736 5502 2793 5556 ἓ.

2050 5569 2164 5638 (54)
2206 5568 2346 5624 Deus
2376 5573 2514 5638 apud
2560 5571 2746 5627 Deum.
2782 5573 2927 5628 Citzit
2969 5587 3191 5627 sensum
3238 5568 3394 5625 Joan.
3426 5584 3465 5635 t,
3494 5569 3551 5623 9.

1974 5709 1991 5766 1
2033 5640 2539 5766 t(£5)ufhminaior.
2580 5641 2682 5699 ha.
2714 5659 2791 5712 ix,
2818 5644 2875 5712 6,
2901 5643 3056 5714 juxta
3087 5643 3338 5700 Graecam
3380 5649 3558 5699 trana-

1997 5727 2023 5765 a
2110 5727 2177 5766 ne
2240 5753 2252 5766 .

1997 5720 2252 5768 titionem.
