4060 6406
227 377 319 433 797
1315 370 1400 423 DE
1440 369 1815 425 TRINITATE
1855 369 2059 425 LIBER
2100 367 2424 423 TERTIUS.

3384 364 3494 424 798

218 489 459 562 πρόϐατα
510 487 613 558 τῆς
646 486 785 557 ἐμῆς
833 483 1019 554 φωνῆς
1068 482 1287 535 ἀκούει·
1317 502 1334 533 ι
1377 485 1468 536 καὶ
1520 483 1654 554 πρὸς
1698 484 1790 536 τὸν

1895 494 1950 538 et
1984 498 2214 538 rursus:
2250 500 2267 533 ι
2288 481 2428 537 Oves
2446 477 2559 549 (68)
2589 491 2722 532 mea:
2756 490 2944 533 vocem
2977 490 3153 532 meam
3182 478 3440 548 audiunt;
3463 500 3488 535 ι

219 584 445 653 Πέτρον·
492 598 510 631 ι
538 579 631 631 Σοὶ
658 576 814 630 δώσω
844 577 942 641 τὰς
969 579 1114 639 κλεῖς
1148 575 1256 628 τῶν
1302 575 1548 646 οὐρανῶν
1571 575 1638 645 ι),
1677 592 1792 627 κτι-

347 674 402 726 se
439 672 538 741 οὐχ
579 670 817 741 ὑπάρχει
854 669 914 721 τὸ
942 669 1047 722 ἴδια
1079 664 1216 721 εἶναι.
1253 669 1403 739 πάσῃ
1435 670 1500 739 τῇ
1530 667 1649 737 Θείᾳ
1680 668 1796 720 κτί-

217 784 313 829 σει,
354 766 387 837 ἢ
430 764 680 831 ἐξουσίαν
727 761 928 814 διδόναι
987 760 1233 833 οὐρανῶν
1285 760 1576 826 ἀνοίξεως,
1628 760 1796 829 ἦγουν

215 858 385 926 λέγειν
443 853 602 907 τοῦτο
651 850 977 914 ἀκινδύνως·
1021 849 1433 904 συνδεσποτεύει
1484 848 1557 920 τῷ
1601 865 1798 902 παντο-

214 949 437 1020 κράτορι
466 946 632 1000 αὑτοῦ
662 945 859 1017 Πατρί.
1340 948 1345 955 “

276 1129 405 1182 KZ'.
440 1127 506 1181 El
535 1128 563 1180 ό
599 1125 865 1189 ἀθάνατος
895 1125 957 1178 οὐ
990 1125 1259 1197 κρείσσων
1296 1121 1390 1176 τοῦ
1424 1121 1561 1175 Θεοῦ
1595 1122 1789 1191 Λόγου,

210 1222 298 1275 καὶ
332 1222 381 1273 εἰ
419 1218 544 1273 οὔτε
577 1218 729 1284 Θεὸς,
760 1217 883 1272 οὔτε
914 1217 1118 1288 ἄψυχος
1153 1216 1288 1289 σὰρξ
1330 1216 1502 1270 δεῖταί
1551 1234 1636 1273 πω
1672 1234 1796 1288 τρο-

210 1315 329 1383 φῆς,
358 1313 395 1383 ἢ
430 1311 601 1365 ὕπνου
622 1328 635 1341 ·
668 1312 769 1363 οὐκ
814 1310 921 1381 ἄρα
954 1310 1043 1362 διὰ
1072 1309 1252 1379 ψυχῆς
1294 1310 1326 1379 ἡ
1357 1308 1596 1379 ἇῤῥητος
1645 1310 1796 1361 ἐναν-

209 1404 515 1476 θρώπησις,
545 1401 669 1456 οὔτε
723 1402 829 1474 μὴν
880 1402 1247 1473 ὲπιγραπτέον
1286 1404 1351 1471 τῇ
1384 1400 1596 1471 θεότητι
1644 1400 1791 1469 ἀγωο

208 1497 339 1562 νῐαν,
389 1497 487 1549 καὶ
530 1496 736 1568 τροφῆς
788 1494 994 1565 ἔφεσιν,
1046 1495 1139 1547 καὶ
1189 1493 1377 1559 ῦπνον,
1424 1495 1518 1547 καὶ
1565 1494 1633 1547 τὰ
1679 1510 1792 1546 τοι-

204 1587 364 1641 αὕτα.

267 1683 417 1735 κη’.
462 1681 545 1743 Εί,
576 1678 719 1733 καθὰ
753 1678 1092 1749 γέγραπται,
1134 1680 1199 1731 ἐκ
1249 1675 1439 1741 δεξιῶν
1488 1675 1793 1747 συνεδρεύει

199 1776 271 1846 τῷ
318 1776 526 1846 Ila-cpi,
554 1774 629 1837 ὡς
659 1772 911 1845 ἀληθινὸς
941 1773 1034 1825 καὶ
1066 1773 1307 1843 ἰσότιμος
1337 1770 1487 1834 Θεὸς,
1537 1772 1632 1823 καὶ
1662 1769 1791 1831 Υἱὸς

1904 592 1969 631 ac
1995 578 2037 630 si
2073 576 2235 630 Petro
2260 576 2373 644 ipse
2401 573 2531 628 dicit
2557 591 2570 625 :
2614 590 2631 623 ι
2653 570 2773 625 Tibi
2792 570 2904 642 (69)
2941 571 3081 627 dabo
3105 570 3285 626 claves
3317 575 3487 629 caelo-

1905 684 2055 734 rum;
2092 686 2109 719 i
2152 678 2417 721 creaturae
2446 665 2614 735 328
2636 678 2764 717 vero
2794 678 2898 718 non
2933 664 3187 718 convenit
3228 664 3389 717 ullam
3421 681 3486 721 ex

1904 756 1996 811 Dei
2041 756 2312 811 creaturis
2346 756 2619 824 prepriam
2644 752 2754 823 (70)
2786 753 3012 819 habere,
3046 762 3137 805 aut
3168 763 3486 822 potestatem

1902 848 2069 902 caelos
2129 846 2405 917 aperiendi
2447 843 2723 908 conferre,
2765 856 2859 898 aut
2922 844 3038 898 haec
3093 854 3207 897 tuto
3255 847 3483 901 dicere:

1900 939 2147 1009 sequitur
2177 946 2233 992 ut
2255 936 2427 992 Filius
2456 950 2803 991 communem
2838 950 2959 990 cum
2989 935 3344 1004 omnipotenti
3388 952 3487 993 suo

1900 1030 2061 1084 Patre
2090 1031 2425 1084 dominatum
2469 1029 2685 1085 habeat.

1974 1121 2185 1179 XXVII.
2216 1123 2271 1177 Si
2305 1121 2630 1176 immortalis
2661 1121 2771 1175 Deo
2796 1118 2975 1175 Verbo
3012 1121 3352 1190 praestantior
3377 1136 3483 1176 non

1899 1226 2004 1279 est,
2035 1230 2098 1269 ac
2138 1216 2183 1270 si
2235 1230 2408 1285 neque
2444 1214 2605 1282 Deus,
2643 1228 2817 1283 neque
2858 1228 2986 1267 caro
3029 1213 3321 1267 inanimato
3364 1214 3485 1270 cibo

1901 1308 2137 1378 indiget,
2195 1318 2289 1362 aut
2346 1322 2571 1373 somno;
2634 1322 2740 1361 non
2792 1320 2924 1377 ergo
2986 1306 3102 1361 sine
3164 1307 3341 1361 anima
3370 1306 3484 1381 (7i)

1899 1401 2189 1458 ineﬂabilis
2216 1401 2522 1455 lucarnatio
2557 1400 2696 1454 facta
2723 1408 2824 1464 est,
2845 1414 2944 1454 nec
2975 1410 3230 1467 praaterea
3267 1400 3483 1470 agonia,

1898 1503 1952 1547 et
1976 1493 2079 1548 cibi
2119 1493 2409 1563 appetitus,
2446 1502 2499 1547 et
2525 1508 2768 1559 somnus,
2794 1501 2846 1547 et
2875 1492 3073 1548 similia
3108 1492 3301 1548 Deitati
3328 1494 3482 1550 attri-

1898 1584 2106 1639 bttenda
2144 1595 2291 1638 sunt.

1969 1674 2205 1730 XXVIII.
2244 1674 2323 1741 Si,
2359 1674 2813 1746 quemadmodum
2851 1674 3145 1745 Scriptura:
3187 1684 3482 1741 testantur,

1898 1781 1928 1821 a
1982 1768 2188 1823 dextris
2237 1784 2357 1822 cum
2413 1766 2574 1822 Patre
2630 1765 2873 1822 considet
2929 1776 2988 1820 ut
3042 1782 3225 1831 verus,
3274 1776 3329 1821 et
3381 1767 3479 1834 ipsi

196 1866 366 1919 αὐτοῦ
411 1866 736 1936 μονογενής·
777 1861 1071 1933 ὁμόορονός
1139 1863 1306 1927 ἐστιν,
1350 1860 1645 1932 ἀμέριστον
1700 1860 1790 1912 καὶ

1897 1861 2121 1929 aequalis
2185 1861 2349 1927 Deus,
2396 1871 2450 1915 et
2498 1870 2554 1913 ut
2602 1859 2771 1913 Filius
2809 1859 2923 1929 ejus
2955 1859 3291 1929 unigenitus;
3333 1859 3483 1914 sedet

194 1961 513 2032 ἀπέραντον
543 1960 641 2028 τὴν
676 1956 953 2027 βασιλείαν
978 1956 1340 2027 κεκτημένος,
1378 1956 1471 2008 καὶ
1504 1953 1581 2024 τῷ
1622 1952 1796 2025 Πατρὶ

193 2054 249 2119 ἐξ
304 2055 434 2105 ἴσου
500 2049 1087 2122 συμπροσκυνούμενος
1156 2049 1251 2101 καὶ
1312 2046 1793 2116 συνδοξαζόμενος.

192 2146 363 2208 αὑτός
414 2162 473 2198 τε
524 2146 619 2197 καὶ
651 2143 711 2195 τὸ
766 2139 991 2212 Πνεῦμα
1038 2140 1132 2194 τοῦ
1201 2139 1355 2195 Θεοῦ.
1407 2139 1531 2201 Πῶς
1572 2138 1682 2208 γὰρ
1730 2136 1795 2190 ἂν

192 2239 460 2307 ἠδύνατο,
494 2237 723 2309 Τριάδος
759 2238 816 2289 ὲν
855 2236 935 2290 ἑνὶ
966 2235 1141 2307 θρόνῳ
1176 2233 1477 2305 παρούσης,
1514 2227 1593 2295 εἷς
1628 2248 1795 2301 προσ-

196 2330 486 2383 κυνεῖσθαι
509 2329 791 2381 κατέναντι
819 2327 911 2380 τοῦ
934 2328 1049 2390 ἐνὸς
1064 2326 1279 2379 αἰωνίου
1310 2326 1521 2397 θρόνου,
1557 2325 1642 2376 ἐπ’
1660 2326 1794 2377 ἁνα-

195 2422 356 2485 τπλὰς
394 2423 496 2491 τῆς
524 2421 941 2490 προσκυνήσεως
972 2417 1099 2489 [155
1131 2435 1162 2469 a
1184 2415 1200 2487 ]
1224 2416 1534 2486 γινομένης,
1569 2414 1659 2467 καὶ
1695 2413 1794 2483 τῆς

194 2515 354 2584 δόξης
381 2511 851 2581 ἁναπεμπομὲνης
880 2527 893 2574 ;
923 2511 1045 2563 Ὅτι
1084 2509 1192 2579 γὰρ
1213 2506 1339 2561 ἔνθα
1360 2508 1388 2558 ὁ
1427 2504 1635 2575 Πατὴρ,
1680 2506 1796 2557 ἐκεῖ

196 2609 284 2659 καὶ
339 2605 407 2658 τὸ
443 2602 670 2673 Πνεῦμα
724 2600 889 2655 αὑτοῦ
940 2602 1108 2659 ἐστιν.
1145 2599 1411 2653 σύνθακον
1458 2597 1609 2668 αὐτῷ
1642 2599 1793 2668 εὑρι-

199 2698 470 2768 σκόμενον
500 2696 593 2747 καὶ
636 2691 1239 2763 συμπροσκυνοῦμενον,
1285 2691 1361 2754 ὡς
1395 2690 1494 2759 τῆς
1537 2689 1793 2742 ἁπάντων

199 2788 476 2859 βασιλίδος
512 2786 726 2856 φύσεως
770 2785 1034 2855 ὑπάρχον,
1068 2785 1130 2835 ἐκ
1166 2782 1377 2835 πολλῶν
1420 2780 1789 2852 ἁνεκηρύχθη,

200 2882 293 2933 καὶ
330 2882 398 2931 ἐκ
428 2879 527 2948 τῆς
559 2877 823 2946 λεγούσης
852 2874 1108 2947 Γραφῆς·
1151 2894 1169 2925 ι
1213 2876 1300 2927 Ἐν
1341 2874 1515 2944 τούτῳ
1558 2873 1666 2944 γὰρ
1709 2891 1793 2941 γι-

198 2972 513 3041 νώσκομεν,
546 2971 627 3023 ὃτι
666 2971 695 3021 ό
726 2968 856 3031 Θεὸς
886 2969 943 3020 ὲν
986 2969 1117 3037 ἡμῖν
1166 2969 1337 3031 ἐστιν,
1378 2966 1443 3019 ὲκ
1473 2964 1567 3017 τοῦ
1619 2964 1790 3017 Πνεῦ-

204 3080 375 3133 ματος
413 3060 606 3124 αῦτοῦ,
634 3054 694 3114 οὗ
725 3062 754 3112 ό
782 3059 909 3122 Υἱὸς
938 3058 1135 3110 ἔδωκεν
1154 3060 1338 3128 ἡμῖν.)
1369 3058 1443 3110 Οὐ
1470 3061 1669 3110 νοεῖται
1687 3056 1793 3125 γὰρ

203 3155 260 3206 τὸ
287 3154 566 3224 ἡμέτερον
621 3151 865 3220 πνεῦμα·
900 3149 1057 3203 τοῦτο
1091 3150 1200 3221 γὰρ
1240 3150 1454 3220 ἔχοντες
1504 3150 1627 3221 ἤδη,
1665 3148 1790 3201 ὲλά-

206 3248 371 3316 6ομεν
401 3247 463 3299 τὸ
498 3244 654 3313 ἅγιον
688 3242 915 3314 Πνεῦμα
944 3241 1037 3296 τοῦ
1066 3242 1222 3298 Θεοῦ.

278 3435 405 3488 KG’.
442 3435 507 3488 Εἰ
555 3434 769 3506 θέλημα
800 3436 893 3488 τοῦ
926 3436 1164 3510 Πατρός,
1213 3438 1300 3493 ἵνα.
1341 3439 1544 3504 πάντες
1583 3439 1788 3511 τιμῶσι

217 3527 307 3580 τὸν
338 3528 483 3589 Tim,
522 3528 709 3593 καθὼς
762 3530 962 3596 τιμῶσι
996 3531 1085 3587 τὸν
1134 3533 1382 3601 Πατέρα·
1419 3535 1476 3585 ὲν
1523 3532 1611 3604 ἴσῃ
1665 3533 1789 3604 δόξῃ

221 3619 314 3670 καὶ
364 3622 459 3690 μιᾷ
511 3620 738 3691 ἰδιότητι
790 3622 1023 3693 ὑπάρχει
1077 3623 1170 3675 τοῦ
1232 3625 1483 3695 Πατρός·
1544 3626 1637 3677 καὶ
1692 3626 1791 3695 οὐχ

214 3711 375 3774 ὁσίως
404 3713 674 3776 ποιοῦσιν,
704 3714 738 3782 ἢ
769 3714 866 3784 τὴν
898 3714 1056 3780 δόξαν
1089 3716 1488 3785 ἐναμείϐοντες,
1530 3717 1563 3789 ἢ
1603 3717 1791 3772 ὑποτο-

209 3806 478 3871 πάζοντες
516 3807 659 3885 κατᾴ
688 3825 743 3860 τι
779 3808 1180 3879 παραλλάττειν
1220 3811 1403 3865 αὐτόν.

275 3981 354 4033 A'.
399 3980 467 4033 El
498 3985 886 4051 προσκυνεῖται
917 3986 1047 4056 παρ’
1078 3985 1348 4054 ἀγγέλων,
1379 3986 1497 4051 πῶς
1524 3987 1624 4041 οὐκ
1647 3987 1795 4054 ἄξιος

205 4072 299 4123 καὶ
332 4073 467 4142 παρ’
489 4071 821 4143 ἀνθρώπων·
852 4076 915 4128 El
946 4076 1003 4129 δὲ
1032 4081 1421 4132 προσκυνεῖται
1441 4119 1455 4145 ,
1480 4080 1541 4132 οὺ
1567 4079 1794 4151 κτίσμα.

199 4308 393 4437 “Si?
438 4307 589 4366 Oras.
616 4307 770 4365 Joau.
794 4326 851 4375 κ,
877 4311 966 4365 27.
998 4313 1223 4368 Sensum
1254 4314 1423 4385 magis
1451 4310 1603 4405 citat,
1623 4331 1784 4387 quam

274 4452 392 4519 (G9)
439 4450 573 4505 Tibi.
611 4451 797 4506 Matth.
831 4469 941 4517 xw,
984 4452 1072 4506 I9.

272 4523 393 4586 (70)
440 4519 740 4592 Propriam.
784 4523 836 4577 Itt
865 4524 1053 4578 Gra’co
1079 4524 1292 4592 aliqttod
1327 4527 1603 4581 mendum.

1896 1968 2025 2022 ergo
2064 1953 2116 2007 in
2142 1953 2329 2007 eodem
2362 1954 2579 2015 throno,
2627 1950 2961 2004 individuum
3007 1960 3059 2003 et
3093 1950 3478 2005 indetermina-

1899 2041 2003 2095 bile
2035 2057 2259 2110 regnum
2284 2040 2587 2111 possidens,
2614 2048 2667 2093 et
2693 2046 2814 2092 cum
2851 2038 3008 2093 Patre
3035 2053 3098 2090 ex
3129 2053 3281 2107 ecquo
3315 2037 3479 2092 simul

1896 2128 2174 2193 adorator,
2212 2137 2266 2181 et
2297 2127 2737 2198 conglorilicatur
2779 2141 2902 2180 cum
2934 2126 3067 2195 ipse,
3107 2138 3214 2180 tum
3244 2126 3482 2197 Spiritus

1896 2217 2022 2285 Dei;
2070 2234 2190 2273 nam
2236 2220 2457 2290 alioqui,
2494 2235 2615 2275 cum
2647 2219 2890 2274 Trinitas
2921 2218 2972 2271 in
3012 2234 3118 2272 uno
3154 2220 3348 2273 throno
3388 2221 3478 2285 sit,

1900 2311 2175 2378 quomodo
2218 2321 2403 2380 posset
2446 2326 2588 2366 unus
2616 2327 2643 2364 a
2674 2311 2829 2365 nobis
2857 2310 3068 2364 adorari
3109 2309 3162 2363 in
3188 2319 3478 2379 conspectu

1898 2403 2056 2457 unius
2096 2404 2279 2457 aeterni
2326 2403 2526 2468 throni,
2560 2404 2775 2473 quando
2805 2401 2869 2455 ad
2902 2401 3167 2455 orientem
3188 2400 3300 2471 (72)
3342 2417 3477 2456 cou-

1897 2495 2038 2549 versi
2105 2495 2477 2548 adorationem
2536 2494 2868 2562 perﬁcimus,
2929 2502 2982 2547 et
3032 2492 3476 2561 gloriﬁcatiouem

1896 2584 2207 2640 oderimus?
2241 2584 2394 2651 Quod
2423 2586 2567 2639 enim
2600 2585 2686 2639 ubi
2710 2593 2792 2638 est
2829 2583 3013 2648 Pater,
3048 2584 3118 2637 ibi
3156 2585 3320 2637 etiam
3354 2582 3477 2652 Spi-

1896 2677 2030 2731 ritus
2068 2678 2184 2743 ejus
2222 2678 2315 2740 sit,
2358 2677 2516 2731 simul
2560 2693 2683 2731 cum
2740 2692 2806 2731 eo
2850 2676 3158 2741 considens,
3207 2675 3477 2745 simulque

1895 2784 2018 2823 cum
2056 2784 2120 2822 eo
2159 2770 2438 2834 adoratus,
2493 2778 2677 2837 utpote
2732 2768 2822 2836 qui
2871 2778 3078 2821 natura:
3116 2777 3198 2823 est
3234 2769 3476 2822 omnium

1896 2859 2145 2923 dominte,
2181 2875 2303 2914 cum
2337 2876 2400 2914 ex
2437 2861 2620 2914 multis
2649 2861 2940 2930 Scriptura;
2967 2859 3205 2916 oraculis
3235 2870 3471 2922 constat.

1897 2962 2007 3005 ttnn
2045 2952 2279 3007 tuaxime
2298 2968 2365 3007 ex
2395 2967 2459 3007 eo
2493 2954 2634 3023 quod
2656 2954 2734 3007 sic
2768 2968 2826 3008 se
2864 2955 3057 3008 habet:
3097 2971 3115 3003 ι
3152 2951 3208 3006 lu
3240 2953 3342 3008 hoc
3360 2952 3472 3024 (73)

1895 3048 2037 3098 enim
2072 3048 2472 3114 cognoscimus,
2508 3047 2649 3115 quod
2679 3047 2820 3101 Deus
2854 3047 2905 3101 in
2941 3048 3094 3101 nobis
3129 3060 3232 3111 est,
3255 3062 3321 3101 ex
3352 3046 3474 3116 Spi-

1896 3136 1999 3189 ritu
2035 3134 2171 3203 ejus,
2211 3151 2369 3205 quem
2404 3136 2571 3191 Filius
2599 3138 2746 3191 dedit
2775 3140 2950 3193 nobis.
2989 3157 3007 3189 ι
3040 3138 3151 3192 Nec
3181 3138 3324 3191 enint
3354 3142 3467 3207 spi—

1817 3234 1860 3292 (ζ
1899 3227 2031 3281 ritus
2068 3237 2254 3283 noster
2299 3229 2402 3283 hoc
2451 3227 2570 3284 loco
2610 3229 2952 3299 intelligitur;
3000 3245 3122 3283 nam
3171 3245 3295 3284 cum
3348 3246 3469 3283 eum

1893 3318 2004 3389 jam
2041 3318 2383 3386 haberemus,
2420 3322 2727 3390 accepimus
2766 3320 3028 3389 Spiritum
3068 3331 3312 3375 sanctum
3356 3320 3472 3377 Dei.

1963 3432 2155 3489 XXIX.
2190 3434 2250 3489 Si
2272 3434 2722 3491 voluntas-Patris
2750 3436 2863 3490 haec
2889 3445 2990 3500 est,
3028 3454 3048 3486 ί
3073 3445 3128 3489 ιιι
3160 3436 3477 3512 οιιιιεεεση)

1888 3529 2159 3584 honorent
2189 3526 2405 3591 Filium,
2451 3527 2590 3581 sicut
2644 3527 2913 3581 honorant
2940 3525 3193 3590 Patrem;
3231 3544 3252 3577 ι
3287 3542 3469 3597 aequa-

1889 3622 1993 3676 letu
2055 3622 2307 3692 gloriam,
2350 3630 2405 3674 et
2459 3636 2620 3674 unam
2676 3623 3060 3689 proprietatem
3124 3621 3288 3675 habet
3346 3636 3469 3674 cum

1890 3713 2086 3777 Patre;
2119 3723 2175 3767 et
2202 3712 2366 3782 impie
2391 3710 2777 3782 faciuut329
2814 3713 2907 3783 qui
2950 3722 3042 3767 aut
3070 3712 3480 3782 glorillcationis

1891 3807 2054 3862 verba
2089 3808 2396 3870 immutant,
2426 3816 2521 3861 aut
2542 3810 2838 3861 secundum
2868 3804 3072 3875 aliquid
3102 3821 3224 3860 eum
3256 3821 3285 3858 a
3311 3804 3477 3861 Patre

1893 3899 2165 3953 diversum
2199 3913 2319 3952 esse
2350 3899 2719 3967 suspicantur.
2775 3939 2780 3945 .

1969 3987 2137 4044 XXX.
2164 3988 2219 4043 Si
2250 3990 2510 4043 adorator
2541 3990 2608 4044 ab
2634 3988 2838 4059 angelis
2858 3988 2970 4061 (75)
2993 3988 3183 4053 Filius,
3212 3988 3481 4055 quomodo

1896 4097 2002 4137 non
2035 4089 2121 4135 est
2149 4082 2460 4136 adorandus
2487 4080 2652 4136 etiam
2680 4081 2749 4137 ab
2781 4081 3129 4137 hominibus?
3166 4082 3237 4137 At
3265 4083 3309 4137 si
3351 4080 3482 4137 ado-

1900 4328 2061 4374 ritum
2096 4318 2330 4389 viguisse
2360 4327 2591 4374 testatur
2622 4317 2795 4373 Lucas
2827 4316 3333 4389 Tudeusis.s:eculi
3376 4334 3475 4372 xm

1896 4388 2271 4459 scriptor,’lib.
2299 4406 2337 4443 tt
2365 4400 2549 4444 contra
2575 4390 2899 4458 Albigenses,
2931 4404 3050 4459 cap.
3074 4388 3165 4441 23.
3196 4391 3248 4441 lu
3279 4388 3475 4442 liituali

1895 4469 2073 4514 tamen
2108 4462 2292 4514 codice
2318 4460 2675 4529 Cephtorum,
2707 4474 2863 4527 quem
2895 4459 3303 4512 ediditAllatius
3335 4459 3429 4511 lib.
3459 4474 3477 4512 ι

1896 4530 2270 4600 Symmiclwn,
2318 4534 2600 4598 cpiscopus
2648 4545 2833 4592 orans,
2871 4530 3031 4600 modo
3078 4530 3144 4581 ad
3188 4530 3475 4593 orientem,

277 4578 397 4659 ιη)
440 4578 802 4669 suam...
832 4596 1033 4669 c......,
1062 4595 1149 4648 διὰ
1170 4578 1602 4669 emensa
1644 4616 1663 4649 .
1694 4614 1789 4669 ρετ
1815 4578 1866 4638 ι)
1896 4578 3144 4669 {nauigiiarguam:1.;omgtsagatat.‘
3176 4578 3476 4669 έεέείέδίέ

199 4669 517 4737 animant._-
560 4662 663 4714 Sed
706 4662 983 4737 legendum
1027 4676 1153 4731 puto
1192 4662 1328 4735 δίκε
1365 4667 1567 4737 ψυχῆς,
1607 4669 1657 4722 id
1694 4662 1789 4723 ’ρει

208 4757 227 4787 ι
257 4739 380 4790 sine
406 4734 587 4785 anima
611 4751 624 4785 :
648 4753 666 4782 ι
697 4750 819 4787 nant
847 4735 1033 4788 Ariani
1065 4734 1279 4804 quoque
1307 4734 1543 4791 anima—tiu
1567 4740 1787 4794 Christo

200 4806 501 4861 tit-galtattl.

314 4823 501 4856 τιυίιιιι.

274 4823 393 4943 ῗῖὲ)
437 4872 519 4925 Λα
553 4872 822 4943 orientem.
852 4872 1209 4932 Consucvisse
1256 4876 1620 4941 Christianos,
1658 4879 1781 4932 dum

201 4942 473 5006 orabant,
527 4942 593 4995 ad
646 4944 910 4997 orientem
963 4950 1204 5001 converti
1236 4989 1249 5008 .
1299 4959 1523 5001 testatur
1572 4946 1788 5001 Tertul-

203 5019 387 5070 lianus
421 5016 472 5067 in
511 5012 862 5086 Apologetico,
892 5032 1011 5085 cap.
1046 5018 1109 5071 16
1144 5036 1157 5070 :
1194 5037 1211 5069 ι
1244 5018 1382 5080 Alii,
1411 5037 1431 5069 υ
1484 5019 1658 5086 inquit
1689 5058 1701 5070 .
1729 5060 1742 5073 .
1771 5058 1786 5073 .

209 5106 229 5137 ι
261 5089 431 5141 solem
481 5085 709 5157 credunt
745 5085 907 5137 Deum
962 5098 1202 5141 nostrum
1225 5128 1238 5142 .
1265 5126 1279 5142 .
1302 5126 1316 5140 .
1356 5089 1480 5143 lude
1528 5085 1788 5157 suspicio,

203 5160 348 5226 quod
385 5156 682 5228 innotuerit
714 5157 902 5228 nosad
938 5160 1164 5212 orientis
1202 5161 1473 5228 regionem
1509 5160 1738 5227 precari.
1763 5178 1779 5211 ι

206 5227 419 5298 Didymi
450 5233 764 5298 geroauate
793 5226 970 5298 ritunr
993 5228 1135 5282 hunc
1160 5226 1434 5283 seruatum
1469 5226 1636 5283 fuisse
1667 5247 1788 5283 cou-

205 5293 324 5351 stat'
349 5312 415 5349 ex
449 5293 637 5365 Basilii
662 5294 796 5347 libro
831 5295 905 5349 De
938 5296 1139 5363 Spiritu
1167 5316 1366 5363 sancm,
1392 5314 1511 5365 cap.
1540 5298 1629 5361 27.
1662 5303 1789 5354 Am-

206 5368 374 5421 brosii
423 5366 559 5438 libro
604 5362 680 5417 De
736 5371 1014 5435 mysteriis,
1050 5386 1167 5438 cap.
1196 5368 1253 5430 2,
1303 5362 1533 5431 ιιιιιιιζἹ,
1572 5370 1787 5425 Eusebii

203 5436 1429 5511 CmariensiscomntentariisiuPsalmium
1484 5455 1610 5511 κει,
1665 5456 1786 5511 pag.

207 5512 335 5571 608,
365 5519 421 5559 et
450 5522 515 5560 ex
550 5505 671 5558 aliis
697 5524 711 5559 :
746 5509 880 5561 adeo
910 5519 965 5562 ut
1002 5509 1255 5563 Socrates
1291 5510 1383 5563 lib.
1411 5526 1439 5560 v
1462 5510 1609 5565 Hist.
1635 5505 1786 5575 εὲυιῖ,

205 5592 330 5654 cap.
360 5578 455 5640 22,
498 5587 751 5654 tanquam
783 5592 980 5654 _n_ovui_u
1038 5592 1203 5654 atque
1244 5580 1788 5654 itutsitatunt_ttarra-

208 5651 348 5702 verit
393 5650 539 5715 quod
582 5646 881 5701 Antiochiae
932 5646 1132 5704 factum
1178 5650 1372 5703 fuerat.
1411 5668 1431 5703 ι
1461 5652 1784 5715 Antiochiae,

210 5734 331 5786 qua:
370 5729 454 5773 est
488 5718 542 5770 in
584 5716 806 5786 Syria,»
853 5721 1045 5787 inquit,
1087 5738 1106 5770 ‹
1137 5722 1383 5775 inversus
1412 5732 1496 5775 est
1536 5721 1787 5776 Ecclesiae

212 5789 382 5854 situs;
425 5802 603 5856 neque
648 5787 791 5840 enim
844 5790 1014 5843 altare
1047 5791 1115 5844 ad
1159 5790 1288 5844 solis
1319 5801 1498 5845 ortum
1550 5803 1786 5859 spectat,

213 5859 309 5918 sed
363 5861 432 5916 ad
476 5872 793 5915 occasum.»
840 5860 910 5915 At
962 5875 1058 5916 sua
1104 5860 1266 5919 etiam
1313 5869 1471 5920 aetate
1517 5872 1787 5921 vetustum

1896 4682 2108 4749 vertere
2138 4670 2376 4749 jubetur.
2412 4670 2607 4749 Yerutu
2656 4685 2744 4749 ex_
2771 4672 2878 4749 _hoc
2914 4668 3123 4749 Didymi
3146 4668 3293 4749 .loco
3340 4668 3476 4749 nihil

1893 4739 2035 4793 aliud
2089 4751 2201 4793 tuto
2255 4741 2430 4809 colligi
2490 4741 2931 4809 posse'vidctur,
2979 4738 3077 4791 uisi
3132 4738 3477 4792 Alexandria:

1894 4820 2021 4863 tunc
2060 4808 2401 4878 potissimum
2425 4810 2773 4864 cousuevisse
2806 4808 3151 4878 Christianos
3180 4810 3245 4861 ad
3289 4810 3477 4863 orien-

1894 4890 1997 4932 tem
2035 4875 2193 4943 verti,
2219 4898 2336 4933 cum
2367 4881 2668 4949 doxologize
2725 4895 2817 4933 seu
2860 4875 3275 4949 glorilicationis
3308 4880 3475 4932 verba

1895 4950 2061 5003 Deum
2118 4952 2390 5004 adoranda
2465 4948 2783 5005 recitabant.
2836 4949 2935 5014 Qui
2997 4948 3133 5002 ritus
3183 4949 3358 5018 aliqua
3407 4964 3474 5002 ex

1892 5032 2043 5089 parte
2088 5023 2384 5075 etiamnum
2440 5022 2619 5089 viget:
2662 5034 2783 5073 nam
2813 5024 3033 5085 etcum
3064 5018 3476 5086 gloriﬁcatiouis

1895 5093 2053 5143 verba
2090 5092 2138 5143 in
2190 5092 2294 5143 line
2341 5091 2671 5159 psalmorum
2723 5101 2777 5143 et
2814 5091 3175 5160 hymnorum,
3217 5100 3309 5141 aut
3342 5090 3477 5141 alias

1890 5162 2142 5223 dicimus,
2184 5148 2441 5215 inclinato
2478 5161 2656 5229 capite
2704 5148 2913 5217 ontne's'.
2960 5174 3024 5213 ac
3072 5148 3224 5227 proni
3270 5160 3471 5211 adura-

1894 5246 2033 5292 tuus,
2076 5241 2131 5283 ct
2174 5234 2429 5286 sacerdos
2476 5232 2528 5284 iu
2582 5244 2739 5285 sacra
2777 5231 2990 5298 liturgia
3024 5231 3239 5298 quoties
3266 5230 3473 5299 glorili-

1892 5300 2119 5354 catiouis
2166 5303 2351 5363 verba.
2405 5314 2454 5356 et
2505 5300 2810 5355 orationum
2867 5299 3302 5363 conclusionem,
3354 5314 3474 5367 qua:

1892 5373 2160 5437 quoddam
2206 5371 2612 5437 glorilicatiouis
2648 5386 2818 5440 genus
2863 5378 2967 5433 est,
3003 5371 3217 5435 recitat,
3250 5371 3475 5440 ὓιΙβιΊι·

1891 5456 2007 5494 cem
2058 5444 2107 5495 in
2160 5442 2340 5495 medio
2385 5443 2539 5495 altari
2592 5439 2828 5496 erectam
2880 5455 3172 5495 conversus
3240 5439 3470 5494 inclina-

1894 5522 1997 5576 tur,
2037 5513 2087 5565 id
2139 5525 2243 5577 est,
2276 5523 2514 5582 Spectato
2563 5511 2735 5568 veteri
2780 5511 2967 5566 altaris
3014 5511 3157 5576 situ,
3203 5510 3471 5566 orientem

1890 5595 2103 5638 VCI'SIIS.

1959 5652 2071 5719 (75)
2114 5651 2179 5708 In
2209 5656 2324 5708 hoc.
2349 5652 2368 5708 l
2396 5650 2647 5716 Joau.tv,
2682 5652 2769 5707 I3.

1964 5724 2075 5792 (Μ)
2120 5722 2188 5776 Ut
2220 5741 2417 5779 omnes.
2444 5722 2600 5781 JOan.
2620 5740 2673 5787 ν,
2700 5724 2795 5777 ‘25.

1890 5788 2192 5921 “(amitis
2226 5796 2446 5867 angelis.
2517 5796 2647 5853 Vide
2709 5810 2832 5866 pag.
2896 5794 3018 5861 101,
3072 5802 3125 5848 ct
3171 5791 3343 5863 Epist.
3397 5788 3469 5846 ad

1940 5882 1964 5921 c
2039 5906 2050 5921 .
2109 5907 2124 5921 .
2194 5905 2207 5921 .

1940 5882 2050 5921 (ω’.
2082 5882 2124 5922 ι.
2156 5882 2207 5921 υ.
