4060 6406
188 345 277 402 SOI
1253 341 1343 397 DE
1376 337 1749 397 TRINITATE
1780 338 1981 396 LIBER
2019 341 2344 401 TERTIUS.

3314 346 3429 405 Β(ὶῖ

187 467 278 517 καὶ
315 461 377 513 ού
418 459 806 532 δημιούργημα
845 459 975 513 αὐτὸ
1012 459 1279 530 τυγχάνον
1330 461 1452 515 καθ’
1496 461 1750 533 ὓπαρξιν,

1856 463 1997 517 enim
2028 464 2403 521 inmutabilis.
2447 464 2676 521 Creator
2701 478 2831 536 ergo
2856 458 2961 533 est,
3004 481 3109 521 non
3152 474 3426 527 creatura.

190 555 326 609 κατὰ
350 556 422 608 τὰ
448 554 841 627 προειρημένα.

254 734 380 787 ΛΖ’.
412 734 481 785 Et
521 734 557 804 ἡ
604 732 781 797 κτίσις
810 732 1337 805 ἀναλαμϐανομένην
1382 750 1477 787 και
1512 734 1753 787 αποὸαλ-

186 824 419 895 λομένην
473 824 674 892 γνῶσιν
720 824 854 894 εχει,
907 824 969 878 τὸ
1014 825 1070 877 δὲ
1120 826 1345 895 Πνεῦμα
1392 825 1501 877 οὐδ’
1557 825 1754 889 ἔξωθεν

186 918 359 986 ἔσχεν,
394 916 507 969 οὐδ’
556 917 912 987 ἀπορριπτεῐν
957 916 1167 986 πέφυκε
1208 916 1306 987 τὴν
1347 916 1568 985 γνῶσιν,
1617 916 1753 970 ἀλλὰ

186 1010 276 1061 καὶ⁵
297 1008 703 1061 ἀποκαλύπτειν
734 1008 801 1062 τὰ
820 1008 919 1062 τοῦ
950 1008 1085 1061 θεοῦ
1125 1008 1317 1077 σοφίας
1349 1008 1442 1061 καὶ
1478 1008 1751 1077 γνώσεως,

187 1101 277 1153 καὶ
310 1098 408 1152 τοῦ
440 1100 650 1171 Πατρὸς
677 1101 795 1152 κατ’
833 1100 1019 1153 οὐσίαν
1063 1099 1335 1170 ὑπάρχον·
1368 1099 1467 1152 οὐκ
1497 1098 1604 1168 ἄρα
1638 1097 1755 1150 κτί-

184 1208 294 1261 σμα
324 1192 384 1244 τὸ
419 1194 661 1263 Πνεῦμα.
707 1192 1016 1261 Ἐπατωμεν
1049 1190 1105 1243 δὲ
1142 1191 1239 1243 καὶ
1267 1190 1374 1244 τῶν
1408 1190 1533 1261 περὶ
1562 1188 1751 1242 τούτου

190 1282 521 1353 Ἑλληνικῶν
554 1281 922 1353 σοφισμάτων,
954 1279 1185 1350 ἐχόντων
1209 1273 1310 1333 ὧδε
1330 1294 1345 1309 ·

238 1557 372 1608 ΑΠ’.
424 1554 489 1606 Εἰ
532 1556 561 1607 ό
610 1551 792 1616 δοῦλος
835 1551 935 1605 οὐκ
970 1546 1130 1613 οἶδεν,
1183 1547 1235 1601 τί
1282 1547 1429 1601 ποιεῖ
1474 1547 1506 1600 ό
1549 1546 1753 1617 Κύριος

174 1647 339 1700 αὐτοῦ
361 1688 377 1709 ,
413 1646 473 1699 τὸ
506 1646 562 1699 δὲ
602 1645 826 1716 Πνεῦμα
872 1639 1010 1697 οἶδεν
1048 1643 1119 1696 τὰ
1159 1640 1255 1695 τοῦ
1284 1640 1421 1693 Θεοῦ
1446 1679 1462 1705 ,
1496 1639 1635 1693 κατὰ
1662 1638 1752 1691 τὸν

183 1738 547 1793 Ἀττόστολονο
586 1737 647 1788 οὐ
680 1734 960 1807 διώρισται
987 1732 1150 1788 αὐτοῦ
1182 1732 1340 1802 φύσει
1381 1732 1475 1783 καὶ
1513 1731 1579 1799 τῇ
1615 1746 1752 1798 συμ-

170 1828 371 1897 φωνίᾳ,
400 1823 844 1895 ὁμολογουμένως
871 1823 927 1875 δὲ
948 1821 1089 1884 Θεός
1134 1823 1283 1874 ἐστιν
1310 1819 1405 1873 καὶ
1431 1818 1708 1887 Δεσπότης
1730 1857 1745 1881 ,
1782 1813 1823 1868 D

169 1920 299 1989 [σην
321 1917 529 1987 γνῶσιν
569 1916 709 1985 ἔχων
731 1914 808 1984 τῷ
838 1913 978 1984 θεῷ,
1013 1914 1149 1985 ὅπερ
1178 1913 1459 1984 ἀμήχανον
1486 1912 1585 1965 καὶ
1616 1910 1750 1964 ἀδύ-

164 2028 329 2064 νατον
354 2004 498 2062 εἶναι
525 2008 615 2060 ἐπὶ
647 2006 853 2069 παντὸς
882 2003 1125 2059 κτιστοῦ.

234 2210 370 2265 ΔΘ’.
413 2210 477 2262 Ei
507 2208 565 2261 ἓν
591 2207 685 2261 καὶ
720 2208 876 2278 μόνον
899 2202 1037 2261 εἶναι
1069 2206 1244 2272 τοῦτο,
1276 2206 1351 2269 ὡς
1380 2224 1473 2259 κα.
1496 2206 1586 2259 τὸν
1619 2207 1746 2260 Υίὸν

167 2304 436 2373 μονογενῆ
460 2342 475 2361 ,
510 2301 689 2354 ἴσασιν
734 2299 791 2352 αἱ
819 2300 857 2351 Γ
863 2299 1063 2370 ραιραί·
1100 2301 1199 2352 οῦκ
1244 2299 1358 2351 ἔστι
1394 2299 1626 2363 κτιστὸν,
1674 2300 1749 2363 ὡς

165 2396 219 2447 τὸ
248 2393 464 2461 πλῆθος
492 2392 600 2444 τῶν
627 2390 975 2460 πνευμάτων,
1014 2388 1148 2442 ἀλλὰ
1186 2390 1285 2460 τῆς
1327 2389 1555 2461 μονάδος
1601 2390 1751 2453 θείας

164 2483 373 2546 οὐσίας.
421 2481 515 2534 Διὸ
566 2480 724 2551 μόνον
773 2480 903 2533 αὐτὸ
951 2480 1094 2543 ἰδίως
1137 2480 1231 2532 καὶ
1280 2480 1484 2550 κυρίως
1534 2477 1647 2532 ἔστι
1690 2497 1749 2533 τε

167 2578 257 2629 καὶ
280 2575 555 2646 κέκληται
580 2576 734 2643 ἅγιον
762 2571 1005 2642 Πνεῦμα,
1029 2572 1123 2625 καὶ
1145 2570 1368 2641 Πνεῦμα
1394 2570 1488 2623 τοῦ
1512 2572 1746 2641 Πατρός,

165 2668 253 2719 καὶ
284 2665 522 2736 Πνεῦμα
554 2664 646 2718 τοῦ
678 2664 835 2726 Θεοῦ,
869 2665 962 2717 καὶ
1010 2662 1233 2733 Πνεῦμα
1267 2662 1327 2715 τὸ
1357 2664 1421 2715 ὲκ
1450 2661 1545 2715 τοῦ
1574 2663 1708 2715 Θεοῦ
1728 2704 1744 2727 ,

167 2762 255 2812 καὶ
296 2758 532 2827 Πνεῦμα
576 2758 605 2809 ὃ
642 2756 791 2828 παρὰ
830 2756 921 2808 τοῦ
964 2756 1175 2826 Πατρός
1209 2754 1602 2826 ἐκπορεύεταιο
1652 2757 1749 2809 καὶ

167 2852 225 2901 ἐκ
263 2849 364 2902 τοῦ
400 2846 545 2902 εἶναι
586 2849 717 2902 αὐτὸ
746 2850 800 2901 ὲν
851 2849 1035 2913 πᾶσιν,
1066 2847 1141 2910 ὡς
1169 2847 1261 2901 τὸν
1286 2846 1418 2899 Θεὸν
1438 2886 1453 2911 ,
1488 2846 1750 2916 γινώσκο-

171 2954 285 3005 μεν,
315 2938 403 2989 ὃτι
432 2937 462 2987 ὁ
496 2935 631 2998 Θεὸς
657 2938 713 2989 ὲν
746 2938 877 3006 ἡμῖν
902 2938 1071 2990 ἐστιν.

232 3093 323 3145 Μ’.
361 3092 424 3143 Ei
452 3092 515 3142 ὲν
541 3091 641 3161 imp
666 3090 1023 3163 ἐμαρτυρήθη
1057 3086 1197 3145 εἶναι
1224 3093 1257 3163 ἡ
1291 3092 1464 3163 Τριὰς
1492 3092 1740 3165 ἀλήθεια,

1856 556 2144 609 seemidum
2181 556 2488 621 essentiam,
2511 555 2663 627 juxta
2688 555 2781 612 illa
2826 571 2949 627 qua:
2984 564 3108 612 ante
3126 554 3238 629 (80)
3280 555 3425 611 dicta

1855 653 2001 697 sunt.

1912 733 2245 789 XXXVII.Si
2262 743 2506 789 creatura
2524 734 2879 805 cognitionem
2903 748 3053 789 suam
3075 731 3235 787 modo
3251 732 3433 803 acqui-

1848 828 1942 891 rit,
1962 828 2117 882 modo
2142 829 2367 894 amittit;
2394 826 2625 895 Spiritus
2643 844 2768 883 vero
2788 842 2960 897 neque
2974 826 3310 881 extrinsecus
3334 840 3427 880 co-

1854 918 2145 987 gnitionem
2163 934 2312 972 suam
2334 918 2542 984 habuit,
2571 933 2670 973 nec
2696 933 2813 973 eam
2841 917 3073 986 abjicere
3100 922 3297 986 potest,
3331 915 3425 969 sed

1854 1013 2031 1079 potius
2057 1025 2119 1064 ea
2155 1010 2376 1073 revelat,
2408 1025 2527 1078 quae
2567 1019 2691 1064 sunt
2721 1010 3000 1079 sapientiae
3027 1018 3082 1063 et
3104 1006 3427 1077 cognitionis

1858 1101 1971 1164 Dei,
1995 1118 2057 1155 ac
2081 1102 2123 1154 si
2151 1100 2327 1157 Patris
2350 1110 2433 1156 est
2453 1102 2562 1173 (81)
2604 1103 2896 1157 secundum
2946 1100 3275 1164 essentiam;
3318 1113 3426 1153 non

1855 1201 1937 1247 est
1968 1207 2100 1262 ergo
2135 1203 2381 1247 creatura
2428 1192 2682 1261 Spiritus.
2713 1194 3012 1248 Audiamus
3064 1207 3194 1246 vero
3224 1190 3289 1245 de
3318 1190 3423 1244 hoc

1856 1284 2014 1336 etiam
2054 1282 2360 1337 Graecorum
2408 1283 2639 1353 cogitata
2682 1300 2801 1353 quae
2840 1286 2919 1339 sic
2954 1299 3011 1338 se
3049 1280 3421 1354 habent(82):

1924 1549 2210 1605 XXXVIII.
2242 1548 2297 1604 Si
2338 1564 2525 1603 servus
2558 1564 2661 1603 non
2694 1549 2841 1602 novit
2867 1547 2993 1619 quiti
3042 1548 3207 1603 faciat
3249 1545 3423 1600 domi-

1854 1658 1954 1697 nus
1984 1642 2137 1712 ejus;
2172 1640 2404 1707 Spiritus
2436 1655 2561 1693 vero
2594 1638 2746 1707 juxta
2798 1640 3113 1709 ApOstolum
3160 1640 3310 1693 novit
3361 1653 3424 1693 ea

1857 1749 1976 1803 qua}
2010 1744 2136 1788 sunt
2176 1733 2270 1786 Dei
2317 1749 2330 1786 :
2378 1747 2483 1784 non
2525 1731 2872 1801 distinguitur
2912 1746 3007 1800 per
3066 1739 3311 1785 naturam
3354 1728 3425 1784 ab

1854 1826 1967 1893 ipso
2024 1823 2157 1889 Deo,
2208 1822 2380 1892 neque
2429 1840 2525 1894 per
2570 1824 2955 1888 concordiam;
2997 1824 3087 1877 sed
3128 1822 3268 1877 Deus
3301 1838 3421 1892 pro-

1854 1914 1994 1967 lecto
2021 1923 2124 1975 est,
2160 1922 2213 1966 et
2248 1913 2527 1977 Dominus.
2557 1912 2815 1981 aequalem
2844 1926 2966 1968 eum
2998 1912 3109 1967 Deo
3159 1912 3423 1981 cognitio—

1853 2018 1974 2059 nem
2010 2006 2213 2061 habens
2244 2024 2257 2060 :
2291 2006 2340 2059 id
2370 2007 2519 2075 quod
2572 2005 2716 2060 nulla
2768 2004 2924 2074 plane
2954 2004 3170 2060 ratione
3202 2004 3291 2059 ulli
3327 2020 3425 2059 un-

1851 2113 2011 2167 quam
2052 2110 2314 2153 creaturze
2341 2098 2631 2153 convenire
2662 2104 2863 2166 potest.

1923 2208 2162 2263 XXXIX.
2191 2208 2246 2263 Si
2284 2224 2448 2263 unum
2478 2218 2532 2262 et
2584 2208 2757 2262 solum
2802 2222 2923 2261 esse
2962 2207 3105 2261 hunc
3145 2203 3424 2277 Spiritum,

1854 2300 1977 2354 item
2025 2309 2081 2352 ιιι
2112 2298 2303 2352 Filium
2336 2300 2691 2368 unigenitum,
2733 2310 2929 2353 norunt
2966 2298 3281 2367 Scriptura),
3316 2313 3421 2351 non

1852 2399 1935 2442 est
1955 2403 2083 2459 ergo
2108 2397 2341 2454 creatus,
2373 2388 2668 2455 cujusmodi
2691 2398 2773 2442 est
2796 2388 3077 2457 spirituum
3101 2388 3385 2442 multitudo
3408 2405 3426 2445 :

1853 2480 1943 2533 sed
1976 2480 2040 2532 ad
2072 2480 2334 2533 unitatem
2383 2480 2615 2551 pertinet
2656 2480 2849 2532 divinae
2875 2480 3148 2533 essentize.
3184 2477 3307 2531 Ideo
3339 2495 3429 2533 su-

1851 2571 1938 2625 Ius
1964 2571 2078 2641 ipse
2123 2571 2339 2639 proprie
2399 2586 2463 2625 ac
2508 2571 2854 2641 singulariter
2897 2580 2952 2624 et
2994 2580 3073 2625 est
3107 2580 3162 2625 et
3201 2581 3422 2625 vocatus

1852 2661 1950 2715 fuit
1974 2660 2205 2731 Spiritus
2236 2671 2474 2728 sanctus,
2498 2672 2552 2717 et
2598 2661 2832 2729 Spiritus
2872 2659 3068 2725 Patris,
3102 2671 3155 2715 et
3190 2661 3433 2729 Spiritus

1853 2752 1967 2817 Dei,
1989 2764 2042 2807 et
2069 2754 2299 2822 Spiritus
2316 2754 2405 2823 qui
2423 2765 2586 2809 estex
2614 2754 2744 2817 Deo,
2765 2764 2819 2807 et
2836 2752 3068 2821 Spiritus
3098 2754 3190 2824 qui
3213 2770 3241 2806 a
3264 2753 3430 2808 Patre

1850 2846 2112 2914 procedit.
2177 2845 2243 2899 Et
2285 2861 2351 2898 ex
2397 2860 2463 2900 eo
2492 2846 2635 2915 quod
2686 2844 2799 2913 ipse
2843 2846 2915 2899 sit
2973 2844 3025 2898 in
3082 2846 3332 2899 omnibus
3369 2852 3428 2897 ut.

1852 2933 2013 3002 Deus,
2042 2937 2417 3006 cognoscimus
2449 2936 2559 3009 (85)
2602 2937 2745 3006 quod
2782 2934 2923 2991 Deus
2952 2935 3003 2991 in
3032 2936 3187 2991 nobis
3217 2945 3320 2991 est.

1924 3089 2035 3145 XL.
2068 3088 2125 3144 Si
2157 3088 2394 3146 Trinitas
2436 3106 2500 3145 ex
2536 3107 2692 3161 teque
2721 3091 2772 3144 in
2806 3090 3104 3159 Seripttrris
3131 3108 3249 3147 esse
3286 3094 3425 3148 dici-

171 3183 259 3235 καὶ
302 3151 624 3252 ἀγαθότης,
1088 3151 1257 3253 ἁγίαί
1283 3151 1353 3238 ὲν.
1379 3151 1477 3257 μιᾷ
1525 3151 1739 3259 θειότητί

1855 3193 1941 3235 tur
1974 3184 2195 3246 veritas,
2218 3194 2272 3237 et
2303 3184 2535 3247 bonitas,
2567 3193 2621 3238 et
2648 3194 2854 3249 saneta,
2886 3184 3042 3254 331
3096 3186 3339 3255 sequitur
3368 3194 3427 3240 ut

172 3276 332 3337 ἐστιν,
371 3276 538 3347 μηδὲν
580 3276 778 3345 ἔχουσα
824 3274 1162 3347 πολυσχιδές.
1207 3278 1320 3332 Μία
1369 3278 1475 3350 γὰρ
1509 3282 1543 3351 ἡ
1585 3281 1746 3351 ἄτρε-

176 3382 301 3428 πτος
354 3366 476 3420 θεία
522 3365 783 3437 ἀλήθεια,
829 3367 925 3419 καὶ
973 3368 1278 3439 ἀγαθότης,
1314 3370 1417 3422 καὶ
1456 3370 1742 3442 ἁγιωσύνῃ

179 3456 341 3509 ἐστίν.
387 3455 446 3509 Ἥ
478 3456 589 3528 γὰρ
620 3457 816 3520 κτίσις,
853 3459 949 3511 καὶ
974 3458 1262 3529 μεθεκτῶς
1288 3459 1459 3512 ταῦτα
1486 3460 1619 3531 ἔχει,
1650 3463 1744 3514 καὶ

183 3548 433 3618 τρέπεται
480 3552 599 3601 κατ’
653 3548 858 3602 οἰκείαν
902 3550 1224 3621 προαίρεσιν
1270 3552 1357 3603 ἐπ’
1399 3552 1614 3617 αὐτοῖς,
1651 3552 1745 3605 νῦν

184 3639 283 3707 μὲν
312 3639 663 3708 ἀληθεύουσα,
694 3638 880 3693 ἄλλοτε
908 3639 964 3691 δὲ
1004 3639 1313 3710 ψευδομένη
1337 3680 1351 3703 ,
1388 3641 1482 3694 καὶ
1520 3641 1615 3694 νῦν
1648 3643 1746 3712 μὲν

178 3730 545 3801 ἀγαθυνομὲνη
565 3770 580 3792 ,
611 3730 797 3784 ἄλλοτε
828 3730 884 3783 δὲ
916 3732 1284 3802 κακυνομένη.
1327 3731 1609 3784 Φαίνονται
1649 3736 1745 3787 καὶ

173 3825 299 3893 περὶ
333 3824 525 3875 τούτου
556 3823 610 3875 οί
648 3821 867 3888 λογάδες
889 3822 1001 3874 τῶν
1030 3822 1133 3887 ἔξω
1170 3823 1451 3893 είρηκότες
1476 3824 1601 3877 τάδε
1623 3841 1638 3855 ’

229 4002 549 4128 ἶςῖοςὲτὰρ
574 4004 718 4069 νόος
745 4004 917 4057 ἐστὶν
948 4004 1310 4074 ἐπιχθονίων
1329 4006 1674 4074 ἀνθρώπων,

274 4090 1440 4128 ιονπ............

274 4090 1440 4130 ιονεπ............

232 4168 372 4223 MA'.
410 4167 514 4225 Εἰ,
564 4165 708 4218 καθὰ
748 4165 1091 4237 γέγραπται,
1138 4167 1474 4232 ἁνακαινίζει
1516 4170 1663 4241 ἡμᾶς
1691 4171 1748 4222 ὲν

162 4258 238 4329 τῷ
268 4260 641 4330 βαπτίσματι,
674 4259 769 4311 καὶ
791 4258 1065 4330 ἐλευθεροῖ
1089 4259 1196 4312 ἀπὸ
1223 4261 1499 4332 ἁμαρτίας
1530 4262 1624 4314 καὶ
1654 4261 1750 4316 ϐα-

1851 3275 1922 3329 sit
1953 3275 2003 3328 in
2047 3291 2149 3328 una
2188 3276 2409 3340 deitate,
2467 3277 2595 3329 nihil
2654 3278 2859 3331 habens
2911 3278 3272 3345 multifidum;
3321 3295 3429 3333 una

1850 3374 1932 3420 est
1960 3368 2101 3419 enim
2141 3367 2495 3421 immutabilis
2529 3369 2709 3420 divina
2748 3370 2970 3431 veritas,
3006 3379 3058 3423 et
3094 3370 3328 3433 bonitas,
3376 3380 3431 3423 et

1854 3458 2136 3512 sanctitas.
2174 3457 2307 3512 Nam
2336 3468 2588 3512 creatura
2614 3471 2663 3512 et
2695 3474 2789 3527 per
2816 3460 3284 3530 participationem
3313 3461 3426 3515 Innc

1854 3545 2039 3610 habet,
2071 3556 2122 3599 et
2152 3546 2204 3599 in
2238 3546 2320 3601 Iris
2353 3557 2589 3601 mutatur
2620 3566 2717 3618 per
2745 3551 3013 3619 propriam
3041 3551 3206 3619 ipsius
3234 3550 3421 3603 volun-

1854 3645 2038 3699 tatem,
2085 3640 2245 3691 modo
2296 3639 2511 3707 quidem
2564 3653 2750 3693 verum
2806 3640 3052 3709 loquens,
3106 3641 3238 3695 alias
3292 3654 3423 3692 vero

1852 3732 2151 3792 mentiens;
2194 3740 2248 3783 et
2303 3731 2461 3783 modo
2511 3730 2726 3800 quidem
2770 3733 2906 3785 bona
2951 3732 3241 3795 exsislens,
3287 3731 3424 3784 alias

1857 3834 1985 3873 vero
2018 3822 2179 3875 mala.
2214 3822 2287 3876 De
2336 3824 2435 3877 hac
2475 3824 2637 3877 etiam
2683 3839 2741 3878 re
2776 3824 3115 3878 ethnicorum
3154 3823 3431 3893 sapientes

1855 3912 1954 3966 ista
1986 3914 2186 3966 ditissc
2218 3925 2464 3969 cnnslat:

1998 4002 2140 4055 Tum
2163 4007 2297 4057 enim
2328 4023 2471 4059 mens
2507 4018 2579 4059 est
2630 4015 2950 4061 terrenarum
2990 4006 3275 4071 hominum,

1996 4075 2368 4142 Qualemﬂu).
2414 4114 2428 4128 .
2472 4114 2488 4129 .
2532 4114 2548 4130 .
2590 4114 2608 4131 .

1926 4164 2060 4218 XLI.
2080 4166 2159 4230 Si,
2185 4177 2241 4220 ut
2266 4170 2528 4235 scriptum
2552 4177 2651 4233 est,
2670 4181 2894 4225 renovat
2928 4186 3024 4225 nos
3046 4172 3103 4225 in
3134 4171 3426 4240 baptismo,

1856 4264 1909 4307 et
1943 4255 2133 4309 liberat
2163 4272 2191 4309 a
2238 4268 2482 4325 peccato,
2517 4269 2570 4313 et
2622 4274 2653 4313 a
2702 4272 2875 4315 morte
2916 4260 3154 4330 Spiritus
3187 4272 3429 4326 sanctus,

163 4352 324 4405 νέτου
344 4352 410 4403 τὺ
439 4351 596 4417 ᾰγιον
621 4348 864 4420 Πνεῦμα,
890 4350 982 4403 καὶ
1004 4350 1129 4414 ναὸς
1153 4350 1317 4403 αὐτοῦ
1361 4354 1526 4421 ἐσμεν
1550 4352 1749 4421 ὁμοίως

1857 4362 1919 4401 ac
1954 4347 1996 4401 si
2035 4348 2287 4417 templum
2318 4350 2434 4416 ejus
2474 4367 2658 4407 sumus
2690 4354 2939 4408 similiter
2977 4370 3042 4409 ac
3080 4355 3169 4408 Dei
3216 4352 3429 4416 Patris;

163 4443 253 4496 τοῦ
304 4442 451 4496 Θεοῦ
495 4441 738 4512 Πατρός·
775 4441 851 4505 ὡς
880 4442 1216 4512 Δημιουργὸς
1253 4444 1346 4496 καὶ
1376 4444 1635 4514 συνεργὸς
1674 4443 1750 4512 τῷ

1858 4436 2024 4506 igitur
2069 4447 2323 4507 tanquam
2360 4441 2638 4505 Conditor,
2687 4450 2742 4496 ei.
2795 4442 3070 4497 Creatoris
3112 4451 3432 4511 cooperator

162 4532 509 4605 Δημιουργῷ
553 4532 832 4596 ἀνακτίζει
856 4572 869 4595 ,
900 4533 995 4585 καὶ
1033 4511 1109 4597 ὡς
1139 4534 1415 4603 Δεσπότης
1447 4511 1752 4606 ἐλευθεροῖ,

1863 4544 2047 4583 rursus
2088 4538 2272 4593 creat;
2318 4540 2372 4584 et
2427 4541 2484 4584 ut
2524 4531 2782 4587 Dominus
2835 4532 3062 4597 liberat,
3101 4544 3154 4586 et
3196 4542 3253 4585 ut
3292 4532 3432 4585 Deus

159 4626 252 4677 καὶ
294 4626 380 4687 ὡς
416 4622 555 4687 Θεὸς
588 4624 808 4676 ἐνοικεῖ.
862 4623 921 4676 '0
967 4623 1024 4676 δὲ
1056 4623 1229 4677 ταῦτα
1263 4624 1360 4688 ὢν,
1395 4626 1605 4697 ποίημα
1646 4645 1752 4681 πα-

1865 4620 2147 4674 inhabitat.
2198 4623 2299 4689 Qui
2340 4634 2519 4677 autem
2550 4632 2630 4678 est
2658 4625 2789 4689 haec,
2823 4640 2925 4678 non
2968 4632 3139 4692 potest
3181 4630 3431 4677 creatura

163 4715 496 4786 [ναπλησίως
540 4716 651 4777 τοῖς
706 4715 1001 4786 ποιήμασιν
1050 4710 1188 4769 εἶναι
1242 4717 1302 4769 οὐ
1346 4716 1589 4771 δύναται·
1634 4719 1752 4772 οὐδὲ

1863 4726 1985 4767 esse
2020 4714 2193 4767 instar
2224 4716 2450 4768 aliarum
2485 4725 2887 4781 creaturarum;
2930 4728 3101 4783 neque
3130 4714 3228 4767 hoc
3251 4714 3435 4767 dicere

159 4806 369 4871 λέγειν,
408 4806 445 4875 ἢ
489 4804 776 4858 σιωπῶντα
814 4805 1100 4875 ἀνέχεσθαι
1129 4804 1349 4859 ἀκούειν
1381 4807 1538 4860 τοῦτο
1574 4808 1752 4878 Θέμις.

1866 4808 1946 4860 fas
1982 4816 2085 4870 est,
2136 4817 2230 4860 aut
2273 4809 2386 4862 haec
2439 4809 2705 4862 dicentem
2758 4808 2982 4861 tacendo
3034 4806 3303 4875 patienter
3337 4822 3434 4859 au-

1860 4898 1993 4952 dire.

228 4980 369 5034 ΜΒ.
407 4979 475 5031 El
513 4978 629 5048 ἅμα
652 4978 733 5049 τῷ
773 4979 890 5050 Θεῷ
924 4980 1097 5051 Πατρὶ
1128 4980 1220 5034 καὶ
1247 4980 1325 5051 τῷ
1354 4980 1467 5050 Υίῷ
1496 4980 1658 5034 αὑτοῦ
1689 4980 1749 5035 τὺ

1888 4992 1895 4999 ’
1938 4986 2095 5041 XLII.
2132 4988 2187 5041 Si
2220 4988 2377 5043 simul
2403 5005 2525 5043 cum
2554 4988 2666 5042 Deo
2694 4988 2874 5049 Patre,
2906 4996 2960 5040 et
3006 4985 3144 5040 Filio
3189 4984 3305 5050 ejus
3342 4987 3436 5039 ha-

160 5070 319 5138 ἆγιον
388 5068 621 5138 Πνεῦμα
668 5070 757 5123 διὰ
800 5072 894 5124 τοῦ
960 5072 1333 5142 βαπτίσματος
1394 5073 1752 5143 ἁναστοιχειοί

1861 5084 2113 5150 ptismum
2142 5081 2377 5149 Spiritus
2406 5091 2626 5135 sanctus
2658 5095 2756 5134 nos
2784 5078 3045 5133 reformat
3071 5077 3121 5130 in
3143 5075 3431 5145 pristinam

158 5164 310 5233 ἡμᾶς
346 5165 435 5227 εἰς
467 5164 649 5217 εἰκόνα
684 5164 780 5234 τὴν
806 5162 1050 5235 πρώτην,
1082 5166 1175 5218 καὶ
1207 5163 1298 5217 διὰ
1326 5163 1426 5233 τῆς
1458 5166 1749 5235 μετουσίας

1859 5171 2166 5239 imaginem,
2204 5181 2258 5225 et
2292 5187 2388 5239 per
2432 5173 2512 5225 sui
2564 5170 3031 5240 participationem
3084 5180 3249 5220 causa
3282 5166 3438 5221 nobis

159 5258 339 5308 αἴτιον
371 5257 507 5326 ἡμῖν
556 5254 831 5320 υἱοθεσίας
864 5256 955 5310 καὶ
988 5254 1081 5309 τοῦ
1107 5255 1351 5324 γίνεσθαι
1383 5255 1539 5321 θεούς
1579 5258 1748 5323 ἐστιν,

1856 5271 1941 5317 est
1983 5272 2041 5316 ut
2100 5263 2418 5331 adoptemur
2476 5262 2527 5316 in
2578 5261 2739 5326 ﬁlios,
2786 5267 2842 5315 et
2887 5258 2957 5313 dii
3000 5256 3338 5322 eﬂiciamur;
3382 5264 3439 5309 et

1922 5436 2035 5507 (Si)
2084 5436 2325 5502 Qualem.
2370 5435 2594 5507 Reliqua
2618 5435 2823 5507 desunt
2856 5433 3151 5507 incodice.
3176 5430 3214 5507 _[
3234 5429 3434 5507 Ilome-

231 5433 356 5501 (80)
408 5434 567 5487 Ante.
613 5434 744 5487 Vide
768 5448 887 5557 pag.
924 5432 1031 5489 I57
1066 5440 1120 5487 et
1140 5431 1263 5486 158.

233 5508 355 5557 (8t)
410 5502 590 5557 Patris
639 5516 733 5557 ιιι.
805 5522 835 5557 n
882 5502 1070 5557 Graeco
1112 5505 1263 5557 sube:

1857 5504 1953 5561 ric'i
1997 5504 2123 5561 sunt
2163 5522 2351 5561 versus
2379 5546 2393 5570 ,
2443 5506 2547 5560 0d.
2590 5506 2817 5570 2,137,
2846 5506 2935 5574 qui
2966 5508 3051 5561 sic
3087 5520 3147 5559 se
3176 5504 3378 5558 habent
3417 5518 3432 5555 :

233 5508 355 5575 (8t)
410 5502 590 5558 Patris
639 5516 733 5557 ut.
776 5502 1070 5559 In’Grmco
1112 5505 1297 5557 subest
1338 5502 1551 5573 aliquod
1602 5518 1753 5559 men-

154 5573 357 5712 ὀαξὲἐὶ
406 5641 497 5712 Sic
532 5660 585 5697 se
611 5643 816 5697 habent.
856 5644 1074 5712 Reliqua
1104 5643 1284 5698 omisit
1316 5644 1595 5699 librarius.

236 5710 364 5839 (ira)
415 5711 811 5785 Cognascimus.
853 5710 1153 5782 V'idc'Sap.
1196 5730 1297 5781 xu,
1340 5715 1391 5783 1,
1436 5724 1492 5769 et
1533 5710 1753 5784 I_Joan.

157 5798 241 5845 tr.
312 5802 373 5838 ο.

1860 5618 2023 5688 Τρῖος
2046 5618 2154 5687 γὰρ
2174 5619 2321 5688 γόος
2348 5618 2521 5671 ἐστὶν
2549 5618 2903 5688 ἐπιχθονίων
2927 5617 3274 5688 ἀνθρώπως.

1850 5683 2127 5742 Οἷονίέὲτί
2158 5684 2314 5760 ἦμαρ
2350 5689 2530 5759 ἄγῃσι
2569 5683 2765 5761 πατὴρ
2799 5683 3408 5819 ἀνδρῶν’τεεθεῶνῖτε

2285 5786 2293 5792 -
3173 5771 3284 5810 οιτ-
