4060 6406
244 296 346 353 805

1320 295 1413 351 DE
1449 292 1827 352 TRINITATE
1865 294 2066 351 LIBER
2107 293 2433 354 TERTIUS.

3407 308 3512 363 806

243 412 426 483 λέσθη,
455 410 597 464 οὕτω
622 410 715 463 καὶ
742 409 835 464 τοῦ
855 408 1012 478 ἁγίου
1042 410 1180 465 Ηνεὺ
1191 428 1356 482 ματος
1378 415 1410 484 ἡ
1436 415 1786 485 Πεντηκοστή
1807 431 1820 444 ο

1931 424 2035 477 est,
2078 416 2149 468 ita
2188 424 2243 468 et
2284 418 2352 469 ad
2382 415 2609 486 gloriam
2632 414 2873 486 Spiritus
2901 417 3076 473 sancti
3114 419 3383 476 celebrata
3428 432 3511 477 est

242 505 359 571 πῷς
384 503 447 555 οὑ
476 503 810 573 συναναρχος
838 501 985 574 αὑτῷ
1012 502 1249 573 ὑπάρχει
1274 504 1567 574 ἀείμνητος
1597 504 1727 569 Θεός
1751 522 1765 571 ;

311 682 433 735 NI".
499 683 584 745 Εἰ,
619 681 695 744 ὡς
712 679 809 734 τοῦ
839 679 1155 752 σημάντρου
1192 679 1287 733 τοῦ
1325 679 1431 734 ἀπὸ
1462 678 1558 733 τοῦ
1604 680 1822 752 Πατρὸς

240 774 450 828 καὶτοῦ
481 774 630 838 Υίοῦ,
658 774 799 827 οὕτω
828 775 919 827 καὶ
943 773 1036 827 τοῦ
1063 773 1173 827 ἀπὸ
1200 772 1292 827 τοῦ
1326 773 1480 841 ἁγίου
1506 773 1645 826 Πνεὺ
1654 792 1821 845 ματος

240 867 643 937 σημαινομένου
685 867 817 936 ἡμῖν
864 864 1193 936 μνημονεύει
1220 864 1289 918 τὰ
1316 865 1474 935 λόγια
1496 882 1508 894 ·
1535 866 1635 919 οὑκ
1674 865 1821 919 ἔστιν

236 959 292 1009 ἑν
317 959 432 1019 τοῖς
468 956 790 1027 ποιήμασιν,
836 954 973 1008 ἀλλὰ
1014 956 1109 1007 καὶ
1146 957 1203 1008 ὲν
1232 952 1323 1025 ἴση
1351 957 1485 1026 τιμῇ
1527 954 1623 1009 καὶ
1654 955 1819 1025 εὑχα-

236 1049 441 1120 ριστία.
472 1049 548 1101 Οὑ
589 1048 697 1118 γὰρ
730 1049 1030 1118 ποιήματος
1071 1046 1187 1117 ἅμα
1220 1047 1316 1100 καὶ
1346 1046 1440 1099 τοῦ
1470 1044 1605 1099 Θεοῦ
1648 1063 1821 1117 σφρα-

234 1141 356 1209 γῖδα
401 1138 874 1209 ἀναλαμϐάνομεν,
912 1138 1033 1191 οὑδὲ
1074 1137 1610 1209 συμπαραλαμϐάνει
1638 1140 1667 1191 ὁ
1689 1138 1823 1201 Θεὸς

236 1231 536 1300 κτίσματος
560 1230 852 1299 σφραγῖδα,
879 1231 949 1300 τῇ
984 1228 1178 1282 ἑαυτοῦ
1208 1228 1284 1292 ὡς
1310 1228 1472 1300 μόνος
1504 1227 1695 1294 σώζειν
1725 1229 1821 1299 οὑχ

235 1322 443 1385 ἱκανός.

300 1500 429 1552 ΝΔ’.
469 1499 531 1551 Εἰ
567 1498 716 1550 πᾶσα
748 1496 1063 1567 βλασφημία
1095 1496 1312 1567 ἀφίεται
1335 1499 1446 1562 τοῖς
1478 1495 1817 1567 ἀνθρώποις,

227 1592 261 1662 ἡ
297 1591 358 1643 δὲ
393 1592 473 1652 είς
498 1589 559 1641 τὸ
594 1588 815 1659 Πνεῦμα
840 1590 933 1642 τοῦ
962 1588 1098 1642 Θεοῦ
1130 1590 1522 1663 ὰσυγχώρητος
1549 1608 1563 1621 ·
1590 1592 1698 1661 ἄρα
1723 1591 1823 1644 οὑκ

226 1684 477 1736 ἐλάττων
516 1682 771 1751 τυγχάνει
815 1682 966 1744 Θεός.
1003 1680 1330 1752 Βλασφημία
1370 1683 1426 1735 δέ
1466 1685 1613 1736 ἐστιν
1652 1682 1713 1735 τὸ
1748 1682 1822 1753 μὴ

1933 506 2285 561 Pentecoste:
2320 507 2591 575 quomodo
2631 523 2739 563 non
2793 518 2882 564 est
2911 509 3011 579 ipsi
3060 511 3167 565 Deo
3204 524 3510 569 comternus

1927 598 2201 669 perpetuis
2228 598 2475 652 laudibus
2501 598 2862 654 celebrandus
2888 600 2999 672 (86)
3037 601 3213 657 Deus?

1994 687 2127 743 Llll.
2176 688 2232 744 Si
2275 689 2683 758 Scripturarnm
2727 691 2944 745 oracula
2998 691 3139 747 sicut
3182 708 3509 749 commemo-

1926 788 2049 832 rant
2085 778 2423 849 signaculum
2464 794 2493 832 a
2535 777 2719 844 Patre,
2754 789 2808 832 et
2841 795 2869 833 a
2900 779 3035 834 Filio
3066 781 3507 851 impressum,ita

1924 871 2086 924 etiam
2146 869 2486 939 signaculum
2544 880 3011 935 commemorant,
3065 886 3173 940 quo
3216 887 3245 927 a
3303 871 3507 941 Spiritu

1924 972 2115 1017 sancto
2144 963 2413 1033 obsignati
2449 977 2639 1016 sumus
2670 960 2821 1032 (87):
2859 978 2965 1014 non
3009 972 3090 1016 est
3126 963 3268 1017 inter
3296 974 3509 1019 creatu-

1926 1070 2011 1109 ras
2061 1054 2426 1109 numerandus
2468 1054 2723 1122 Spiritus,
2763 1054 2857 1108 sed
2902 1054 3127 1124 mqualis
3173 1057 3220 1109 ei
3282 1055 3510 1110 debetur

1923 1147 2083 1218 333
2110 1146 2304 1211 honor,
2332 1156 2386 1199 et
2431 1148 2727 1217 gratiarum
2761 1148 2922 1204 actio.
2967 1146 3072 1201 Nec
3117 1147 3260 1202 enim
3290 1158 3506 1202 creatu-

1930 1254 2002 1291 ra:
2041 1238 2223 1301 simul,
2266 1248 2317 1291 et
2354 1237 2445 1291 Dei
2488 1237 2921 1306 obsignationem
2956 1238 3271 1307 accipimus,
3333 1254 3508 1306 neque

1924 1339 2188 1386 creatura:
2243 1329 2679 1398 obsignationem
2734 1329 2894 1381 simul
2953 1344 3074 1382 cum
3131 1343 3228 1384 sua
3282 1331 3511 1383 assumit

1924 1422 2084 1485 Dens,
2123 1421 2274 1490 quasi
2302 1421 2450 1475 solus
2478 1419 2687 1475 Salvare
2718 1434 2822 1473 non
2856 1419 3054 1475 valeat.

1998 1512 2129 1567 LIV.
2175 1511 2231 1566 Si
2273 1512 2450 1566 omnis
2481 1511 2813 1579 blasphemia
2853 1511 3147 1564 remittitur
3178 1511 3507 1579 hominibus,

1923 1604 2262 1673 blasphemia
2306 1619 2433 1658 vero
2465 1604 2515 1657 in
2552 1603 2813 1673 Spiritum
2855 1601 2942 1655 Dei
2976 1612 3057 1655 est
3093 1604 3507 1667 irremissibilis,

1928 1714 2035 1751 non
2079 1710 2160 1753 eat
2191 1712 2318 1765 ergo
2357 1695 2593 1764 Spiritus
2628 1694 2805 1749 minor
2830 1694 3025 1763 aliquis
3056 1693 3214 1749 Deus.
3251 1695 3508 1764 Blasphe-

226 1778 417 1846 λέγειν
456 1776 587 1828 αὑτὸ
631 1775 782 1828 Θεόν.
827 1775 1109 1842 Ἀνάγεται
1156 1773 1262 1846 γὰρ
1308 1775 1696 1848 ήβλασφημία
1729 1775 1820 1829 καὶ

1932 1790 2036 1842 mia
2073 1803 2202 1843 vero
2250 1797 2354 1849 est,
2401 1788 2574 1855 ipsum
2627 1801 2732 1839 non
2780 1785 2962 1838 dicere
2993 1785 3205 1841 Deum:
3245 1786 3509 1841 redundat

222 1868 306 1931 εἰς
346 1867 446 1919 τὸν
480 1864 920 1936 Παντοκράτορα,
952 1859 1012 1919 οῦ
1044 1863 1181 1935 πνοὴ
1210 1865 1489 1937 τυγχάνει.

294 2044 435 2098 NE’.
489 2043 551 2095 ΕΞ
604 2040 957 2112 ἀπαράϐατον
1026 2042 1293 2113 αἱρετικοὶ
1344 2040 1470 2113 [156
1513 2040 1566 2114 α]
1617 2042 1822 2112 φυλάτ-

218 2154 419 2190 τουσιν
444 2134 507 2187 τὸ
544 2151 603 2187 τε
632 2134 958 2206 πρόσταγμα
996 2132 1089 2186 τοῦ
1124 2133 1337 2203 Πατρος
1375 2132 1645 2200 λέγοντος,
1684 2154 1701 2185 ι
1725 2128 1824 2189 Οὗ-

219 2230 318 2292 τός
350 2229 503 2279 ἐστιν
532 2228 560 2279 ὁ
604 2225 727 2288 Υἱός
772 2242 872 2295 μου
901 2226 928 2276 ὁ
964 2224 1244 2295 ἀγαπητός
1264 2240 1277 2254 ·
1322 2224 1488 2277 αὑτοῦ
1519 2224 1768 2291 ἀκούετε,
1802 2245 1819 2277 ι

218 2326 324 2395 τήν
362 2339 427 2375 τε
458 2320 588 2391 περὶ
632 2319 693 2372 τὸ
728 2318 1008 2388 βάπτισμα
1064 2316 1158 2368 τοῦ
1202 2315 1333 2369 Υίοῦ
1371 2316 1700 2387 παράδοσιν·
1739 2317 1827 2369 διὰ

220 2415 275 2466 τί
307 2413 396 2483 μὴ
431 2409 732 2480 ἀχώριστον
772 2411 837 2479 τῇ
882 2408 1061 2477 φύσει,
1095 2407 1189 2459 καὶ
1226 2407 1489 2476 ἰσότιμον,
1526 2408 1621 2460 καὶ
1653 2402 1827 2460 ῑσοδὺ-

219 2523 288 2559 να
299 2522 411 2576 μον
441 2501 762 2575 ὁμολογοῦσι
793 2500 890 2571 τὴν
920 2499 1143 2571 Τριὰδα,
1171 2499 1266 2550 καὶ
1290 2498 1546 2569 ἰσοτίμως
1575 2498 1826 2564 δοξάζου-⁸

222 2615 356 2662 σιν;
393 2598 490 2648 Ἕν
524 2595 630 2665 γὰρ
660 2593 851 2663 ὄνομα,
880 2590 1024 2645 τοῦτ’
1056 2591 1201 2643 ἐστιν
1243 2592 1303 2643 τὸ
1328 2592 1428 2659 τῆς
1478 2592 1606 2662 μιᾶς
1622 2591 1824 2662 ’θεότη-

221 2710 343 2757 τος,
382 2692 530 2761 τρεῖς
564 2688 621 2741 δὲ
654 2688 979 2749 ὑποστάσεις
1006 2685 1265 2751 ἐδίδαξεν,
1296 2685 1502 2755 ἑκάστῃ
1533 2683 1632 2757 τὴν
1660 2686 1825 2738 ἰσοτι-

226 2786 369 2854 μίαν
398 2782 665 2852 τηρήσας.

910 2875 1061 2927 ΚΕΦ.
1098 2874 1171 2927 1".

299 2967 422 3021 Καὶ
445 2966 618 3019 ταῦτα
654 2965 751 3037 μὲν
794 2965 1219 3036 ἀποδεδειγμένα
1258 2964 1476 3020 κείσθω.
1524 2966 1824 3036 Λὶρετικῶν

224 3060 279 3113 δὲ
351 3059 573 3131 πρῶτον
626 3061 774 3112 ἐστιν
833 3059 1193 3111 ἀσεϐέστατον
1250 3060 1343 3112 καὶ
1400 3058 1821 3129 ἀποτομώτατον

228 3153 553 3225 πρόϐλημα,
586 3154 644 3205 τὸ
680 3155 734 3205 ὲν
760 3152 1033 3223 Παροιμίαι
1058 3151 1370 3221 Σολομῶνος
1403 3153 1818 3223 γεγραμμένονο

236 3267 254 3296 ι
297 3246 507 3317 Κύριος
547 3245 760 3297 ἔκτισεν
796 3263 861 3315 με
892 3245 1062 3315 ἀρχὴν
1090 3244 1225 3297 ὁδῶν
1257 3243 1421 3297 αὑτοῦ
1450 3246 1529 3308 είς
1557 3244 1695 3315 ἔργα
1722 3244 1821 3296 αὑ-

231 3337 364 3389 τοῦ·
402 3336 510 3408 πρὸ
543 3337 639 3388 τοῦ
682 3336 875 3400 αἰῶνος
918 3336 1277 3407 ὲθεμελίωσέν
1321 3354 1419 3407 με’
1457 3339 1514 3389 ὲν
1543 3337 1683 3407 ἀρχῇ
1718 3334 1824 3407 πρὸ

236 3432 331 3484 τοῦ
372 3431 469 3502 τὴν
508 3431 615 3500 γῆν
659 3433 901 3500 ποιῆσαι,
958 3430 1054 3483 καὶ
1108 3430 1212 3500 πρὸ
1261 3430 1355 3483 τοῦ
1412 3431 1510 3494 τὰς
1555 3430 1825 3494 ἀϐύσσους

243 3524 483 3593 ποιῆσαι,
519 3524 627 3596 πρὸ
657 3523 752 3576 τοῦ
782 3522 953 3575 ἐλθεῖν
986 3523 1085 3585 τὰς
1114 3523 1296 3593 πηγὰς
1326 3522 1433 3575 τῶν
1456 3522 1686 3587 ὑδάτων,
1718 3522 1823 3591 πρὸ

246 3616 341 3669 τοῦ
372 3617 467 3687 ὄρη
508 3615 853 3688 ἑδρασθῆναι,
904 3614 1008 3685 πρὸ
1051 3615 1107 3667 δὲ
1158 3616 1374 3669 πάντων
1428 3614 1629 3684 βουνῶν
1662 3614 1825 3683 γεννᾷ

246 3726 337 3778 με.
377 3728 395 3758 ι
444 3711 540 3763 Διά
587 3708 780 3761 τούτου
828 3707 936 3779 γὰρ
978 3708 1070 3761 τοῦ
1126 3708 1510 3779 προϐλήματος
1549 3705 1824 3779 βιάζονται

237 3802 444 3870 κτίσμα
469 3801 559 3853 τὸν
581 3800 805 3871 κτίστην
834 3800 927 3853 καὶ
950 3798 1242 3871 εὐεργέτην
1261 3799 1602 3869 ἀποφαίνειν.
1628 3798 1825 3869 Κρείτ-

234 3915 344 3949 των
374 3897 430 3949 δὲ
467 3894 560 3948 καὶ
587 3894 957 3965 πειθανωτέρα
989 3894 1087 3964 τῆς
1115 3894 1293 3948 αὐτῶν
1332 3894 1639 3966 βουλήσεως
1672 3894 1765 3946 καὶ
1790 3896 1823 3965 ὴ

231 3990 333 4057 τῆς
370 3990 595 4058 Γραςῆς
632 3987 832 4058 ταύτης
876 3987 1109 4057 ὑπάρχει
1154 3986 1357 4056 νόησις.
1410 3988 1471 4039 Εἰ
1503 3986 1610 4058 γὰρ
1648 3985 1823 4056 ἀληθῆ

232 4087 328 4135 καὶ
358 4081 813 4153 κατακρατοῦντα
858 4082 924 4133 τὰ
965 4081 1299 4153 προκείμενα
1341 4080 1517 4134 πάντα
1559 4080 1825 4149 κεφάλαια

230 4172 328 4223 καὶ
362 4173 434 4224 τὰ
470 4172 527 4223 ἐν
548 4170 626 4240 τῷ
650 4170 851 4240 πρώτῳ
879 4170 1022 4241 λόγῳ
1046 4171 1420 4238 καταταγέντα
1445 4171 1611 4235 ἐστὶν,
1636 4171 1825 4240 ὥσπερ

230 4262 327 4319 οὖν
363 4268 537 4329 ἐστιν,
579 4264 981 4335 ἁρηδηλοτάτην
1018 4262 1125 4315 ἀπὸ
1169 4262 1277 4315 τῶν
1319 4262 1477 4314 θείων
1515 4262 1710 4330 λογίων
1741 4260 1827 4314 δε-

232 4359 445 4428 ξαμένη
500 4356 841 4427 μαρτυρίαν·
889 4355 1001 4419 πῶς
1056 4355 1114 4407 οὑ
1163 4354 1269 4407 τῶν
1321 4354 1698 4408 ἀνοσιωτάτων
1732 4354 1827 4405 καὶ

1930 1880 2072 1934 εηῑηι
2130 1877 2462 1948 blaSphemia
2520 1876 2682 1931 etiam
2738 1876 2793 1931 in
2843 1876 3310 1947 Omnipotentem,
3356 1878 3509 1946 cujus

1930 1970 2045 2041 ipse
2076 1970 2274 2024 halitus
2312 1978 2417 2023 est.

2000 2062 2108 2117 LV.
2147 2061 2201 2117 Si
2251 2077 2354 2115 non
2391 2059 2861 2129 transgrediuntur
2894 2060 3153 2125 haeretici,
3188 2059 3280 2114 sed
3314 2059 3505 2114 obser-

1927 2165 2057 2207 vant
2133 2170 2256 2207 cum
2332 2161 2656 2221 przeceptum
2722 2151 2902 2208 Patris
2956 2152 3283 2221 inquientis,
3353 2170 3372 2204 ι
3413 2150 3510 2207 llic

1928 2256 2007 2298 est
2039 2242 2158 2314 (88)
2192 2242 2356 2296 Filius
2382 2256 2533 2296 meus
2575 2241 2802 2297 dilectus
2837 2262 2849 2297 :
2886 2243 3056 2311 ipsmn
3106 2242 3317 2305 audite;
3348 2261 3365 2293 ι
3397 2252 3506 2295 tum

1926 2352 2008 2398 ea,
2049 2353 2168 2405 qua:
2202 2335 2368 2389 Filius
2404 2336 2470 2389 de
2518 2336 2787 2404 baptismo
2835 2336 3053 2389 tradidit
3086 2351 3101 2388 :
3135 2350 3302 2403 quare
3333 2334 3510 2388 Trini-

1930 2437 2095 2483 tatem
2133 2437 2322 2480 natura
2366 2426 2807 2496 inseparabilem,
2835 2437 2889 2479 et
2923 2442 3076 2495 atque
3112 2428 3507 2485 lienorandam.

1934 2530 1988 2575 et
2017 2536 2167 2589 teque
2212 2528 2483 2588 potentem
2526 2535 2630 2574 non
2658 2518 3004 2581 conﬁtentur,
3043 2532 3140 2572 nec
3171 2534 3290 2573 eam
3314 2519 3509 2586 zequali

1856 2670 1861 2675 ,
1929 2614 2131 2667 honore
2162 2610 2504 2681 glorilicant?
2542 2610 2715 2666 Unum
2736 2610 2878 2664 enim
2918 2626 3037 2664 esse
3074 2626 3291 2673 nomen,
3324 2610 3374 2663 id
3402 2622 3503 2672 εει.

1928 2720 2120 2758 nomen
2152 2704 2313 2756 unius
2348 2702 2597 2762 deitalis;
2646 2711 2755 2755 tres
2783 2717 2914 2755 vero
2956 2702 3297 2771 hypostases,
3329 2701 3373 2755 is
3406 2701 3509 2755 duo

1926 2794 2056 2857 cuit,
2088 2792 2378 2860 unicuique
2412 2806 2635 2845 servans
2671 2792 2894 2845 honoris
2921 2792 3310 2861 aaqualitatem.

2576 2881 2730 2937 CAP.
2773 2882 2862 2937 Ill.

1998 2975 2174 3044 Atque
2206 2974 2319 3028 hazc
2341 2974 2557 3042 quidem
2589 2984 2697 3028 uta
2728 2976 2881 3030 nobis
2912 2976 3281 3030 demonstrata
3309 2990 3507 3044 suppo-

1928 3078 2141 3121 nantur.
2197 3066 2585 3120 llmreticorum
2634 3076 2761 3121 νει-ο
2808 3069 2979 3135 prima
3031 3068 3287 3134 objectio,
3334 3084 3509 3137 eaque

1926 3158 2269 3228 impiissima,
2321 3166 2374 3210 et
2423 3157 2811 3210 absurdissima
2845 3159 2983 3227 (89),
3038 3172 3100 3210 ex
3151 3172 3216 3212 eo
3268 3158 3506 3223 ducitur,

1924 3251 2067 3321 quod
2118 3251 2169 3304 in
2222 3248 2515 3303 Proverhio
2549 3248 2660 3317 (90)
2711 3250 3018 3306 Salomonis
3074 3251 3332 3320 scriptum
3371 3259 3453 3305 est
3484 3292 3500 3306 .

1932 3359 1949 3392 ι
1987 3341 2245 3395 Dominus
2277 3338 2392 3410 (91)
2420 3343 2625 3393 creavit
2660 3357 2744 3394 me
2779 3342 2986 3395 initium
3038 3342 3243 3396 \lal‘utll
3285 3357 3507 3397 suarunt

1926 3436 1979 3488 in
2023 3450 2184 3503 opera
2232 3433 2435 3501 ipsius;
2498 3444 2624 3487 ante
2683 3434 2936 3489 sacculum
2992 3435 3235 3490 fundavit
3283 3449 3401 3501 me;
3452 3436 3507 3489 in

1928 3526 2193 3596 principio
2242 3535 2531 3592 antequam
2590 3535 2789 3579 terram
2843 3527 3066 3590 faceret,
3117 3536 3172 3581 et
3219 3536 3506 3598 antequam

1926 3620 2154 3688 abyszos
2217 3617 2456 3682 faceret;
2509 3627 2802 3686 antequam
2860 3621 3107 3673 venirent
3154 3621 3267 3690 (92)
3333 3621 3508 3676 fonti-3

1926 3726 2187 3779 aquarum
2224 3728 2236 3763 :
2265 3718 2553 3776 antequam
2593 3720 2803 3765 montes
2831 3710 3174 3765 firmarentur
3198 3712 3307 3781 (95)
3341 3724 3507 3766 :ante

1926 3817 2114 3855 munes
2150 3817 2278 3856 vero
2311 3804 2477 3858 colles
2506 3801 2675 3873 gignit
2708 3819 2812 3855 me.
2844 3821 2863 3854 ι
2904 3800 3033 3857 Hoc
3054 3803 3196 3856 enim
3242 3804 3383 3873 quod
3411 3805 3509 3855 oh-

1922 3894 2137 3961 jicinnt,
2190 3907 2509 3965 argumento
2560 3902 2827 3949 conantur
2874 3894 3182 3957 ostendere,
3224 3896 3371 3961 eam,
3414 3894 3504 3963 qui

1926 3985 2153 4040 Creator
2187 3996 2287 4049 est,
2321 4002 2386 4041 ac
2429 3986 2816 4041 beneﬁciorum
2850 3985 3096 4055 largitor,
3128 4001 3248 4040 esse
3292 3997 3509 4041 creatu-

1930 4094 2063 4131 ram.
2110 4076 2217 4131 Sed
2274 4075 2742 4147 germanahnjns
2786 4077 2945 4130 etiam
2992 4076 3193 4130 oraculi
3238 4078 3506 4130 sententia

1927 4184 2112 4222 eorum
2180 4168 2626 4237 interpretatione
2690 4181 2755 4221 ac
2817 4164 2983 4235 scopo
3029 4168 3371 4236 praestantior
3420 4179 3505 4221 est

1928 4276 1989 4315 ac
2014 4260 2363 4330 probabilior.
2398 4258 2455 4314 Si
2492 4262 2634 4315 enim
2668 4275 2793 4314 vera
2826 4269 2951 4314 sunt
2983 4260 3145 4327 (sicut
3181 4275 3310 4315 sane
3332 4272 3504 4325 sunt),

1928 4366 1983 4408 et
2013 4368 2292 4409 assensum
2328 4352 2704 4422 extorquentia
2746 4353 2950 4417 omnia,
2994 4368 3115 4422 qua:
3144 4363 3301 4406 antea
3346 4352 3506 4406 allata

228 4450 665 4505 ἀδυνατωτάτων
698 4449 844 4500 ἐστὶν
871 4447 1043 4511 οὕτως
1075 4446 1388 4517 ἐκδέχεσθαι
1411 4446 1477 4500 τὰ
1503 4446 1570 4499 δι’
1601 4444 1820 4516 ἐπικρύ-

1933 4446 2150 4501 fuerunt
2177 4432 2417 4515 capituia
2446 4456 2609 4513 atque
2634 4451 2973 4513 argumenta,
3003 4458 3226 4512 qumque
3258 4444 3309 4497 in
3334 4443 3507 4512 primo

227 4545 382 4615 ψεως
411 4541 719 4613 δηλούμενα
767 4539 884 4593 θεῖα
930 4540 1268 4610 πράγματα;
1317 4537 1525 4591 Οὔκουν
1577 4536 1818 4608 εὔδηλον,

1930 4538 2073 4609 λόγῳ
2105 4539 2219 4608 (94)
2252 4540 2424 4609 posita
2496 4552 2561 4593 ac
2594 4548 2908 4594 enumerata
2952 4544 3109 4591 sunt:
3146 4535 3310 4608 334
3335 4540 3509 4592 mani-

306 4787 425 4857 (86)
456 4782 993 4857 Perpetuisiaudibus
1014 4778 1377 4857 celebrandas.
1405 4775 1583 4831 Codex
1604 4776 1822 4846 ἀείμνη-

228 4849 347 4921 τος.
390 4849 697 4922 Legendnm
737 4849 1375 4922 fortasse,_dsipvr;o‘:o;.

305 4915 424 4996 (87)
469 4915 743 4993 Ὁὸιὶρηαιέ
770 4938 969 4977 sumus.
996 4915 1285 4996 lnGi-aeco,
1323 4918 1638 4988 ἐσήμαινον.
1680 4915 1825 4985 Lego

235 4990 664 5072 σημαινομένου,
694 5003 785 5047 aut
813 4990 1250 5062 σεσημασμένου.

307 5093 423 5161 (68)
472 5086 570 5141 Hic
596 5096 687 5141 est.
720 5083 910 5139 Matth.
949 5098 1082 5149 xvu,
1118 5082 1166 5135 5.

308 5185 425 5251 (89)
488 5180 937 5251 Absurdissima._
975 5177 1031 5229 In
1095 5174 1283 5251 Graeco
1308 5214 1322 5237 ,
1363 5170 1820 5251 _dt7;o¢0ptb_ratov:

235 5241 453 5323 neq...
484 5267 612 5305 voce
641 5251 774 5323 lege,
811 5252 867 5323 si
890 5248 1106 5323 ρίξιεειζ
1133 5246 1189 5300 S.
1238 5243 1454 5323 Maximi
1498 5242 1704 5323 scholia
1758 5241 1823 5294 ad

235 5311 447 5394 eapf‘Z,
485 5311 809 5391 paragraph.
841 5311 1030 5372 ﬁ'libri
1068 5316 1141 5369 De
1172 5316 1365 5367 cwlesti
1405 5311 1727 5366 hierarchia.

310 5420 424 5488 (90)
478 5416 543 5470 In
586 5413 917 5488 Proverbia;
935 5411 1050 5464 Non
1089 5406 1560 5488 dissinnilbmodo,
1596 5420 1821 5488 numero

237 5475 449 5546 scilicet
499 5484 781 5554 singulari,
832 5502 849 5534 ι
884 5479 1230 5554 Proverhintn
1258 5498 1298 5554 Du
1326 5476 1615 5554 alii__et_iam
1670 5475 1822 5554 dixe-

242 5544 367 5615 runt
407 5544 635 5622 Didyni'o
683 5568 964 5622 suppares,
998 5562 1053 5602 ut
1103 5544 1815 5622 Palladins__llelenopolita-

243 5614 346 5684 nns
392 5634 443 5682 in
500 5614 763 5690 Epistola'
790 5614 857 5675 'nd
897 5614 1151 5699 Lausum,
1178 5619 1292 5699 ubi,
1333 5616 1511 5699 allatis
1564 5614 1815 5699 ev'linh‘ro

241 5686 657 5753 Proverbiorum
685 5694 1000 5757 quibusdam
1042 5691 1239 5743 verbis.
1268 5688 1540 5757 subiungit
1571 5704 1584 5739 ε
1618 5686 1815 5749 Καθὼς

244 5773 276 5833 ἡ
324 5768 597 5837 Παροιμία
652 5763 819 5831 λέγει,
854 5765 904 5819 id
962 5773 1076 5830 est,
1124 5780 1141 5813 ι
1171 5770 1225 5815 ιιι
1263 5757 1611 5816 Provet'biunt
1667 5757 1760 5810 ait.
1791 5775 1811 5807 ι

1930 4776 2243 4900 ΕοάεΤὲιιιε
2293 4778 2450 4831 modo
2481 4776 2721 4847 loquitur
2753 4777 3081 4846 Epiphanius
3106 4776 3158 4831 in
3183 4778 3504 4843 Ancharalo,

1930 4863 2048 4900 (ξιιμ.
2163 4886 2172 4897 .

1930 4863 2048 4913 cap.
2084 4863 2172 4900 42.

2002 4917 2114 4986 (91)
2155 4917 2430 4971 Dominus.
2478 4916 2633 4971 Prov.
2686 4933 2799 4979 vm,
2835 4916 3017 4970 2-3-25.
3063 4917 3254 4972 Merito
3293 4916 3360 4970 ab
3404 4918 3508 4971 huc

1931 4995 2078 5040 textu
2132 4986 2389 5055 Didymus
2421 5004 2435 5039 :
2467 5003 2531 5041 ex
2578 5005 2643 5042 eo
2698 4992 2839 5041 enim
2892 4990 3051 5041 Arius
3118 4989 3369 5041 terroris
3423 4990 3503 5041 sui

1929 5056 2301 5111 introduceudi
2338 5060 2675 5111 occasionem
2721 5068 2908 5112 nactus
2937 5068 3039 5125 est,
3074 5077 3093 5109 ι
3151 5068 3209 5112 ιιι
3258 5058 3335 5111 ait
3379 5059 3505 5127 Epi-

1930 5128 2155 5196 phanius
2198 5128 2386 5180 Incrcsi
2417 5144 2563 5190 ωιιχ,
2603 5145 2749 5180 lltllll.
2792 5128 2879 5181 12.

2003 5197 2122 5270 (92)
2164 5198 2450 5270 Antequam
2493 5200 2742 5251 venirent.
2790 5198 2976 5252 Gneoa
3016 5198 3203 5265 editio,
3251 5196 3356 5270 πρὸ
3407 5196 3501 5251 τοῦ

1933 5266 2235 5339 προελθεῖν,
2268 5268 2317 5320 id
2346 5278 2428 5321 est
2479 5287 2495 5318 ι
2528 5278 2815 5339 antequam
2853 5272 3229 5333 procederent.
3260 5288 3277 5319 ι

2006 5339 2114 5407 (95)
2161 5338 2553 5390 Ι⁴’ἰγιιιιιιε›ιιιιι’.
2603 5338 2653 5390 In
2691 5339 3056 5407 Cumplulensi
3093 5340 3327 5392 editione
3375 5338 3504 5405 legi-

1933 5418 2036 5471 tur,
2070 5408 2413 5478 ὲδρασθῆναι,
2445 5424 2507 5478 ae
2541 5409 2765 5461 vertitur
2799 5426 2811 5461 :
2854 5428 2870 5459 ι
2893 5408 3016 5463 facti
3053 5421 3235 5464 essent
3267 5427 3326 5462 γε
3354 5409 3501 5473 quasi

1930 5477 2156 5532 ducatur
2191 5494 2253 5532 ex
2293 5481 2454 5530 verbo
2490 5477 2641 5548 δρᾷν.
2674 5480 2742 5532 At
2777 5478 3249 5533 Francofurtensis
3284 5481 3502 5541 rectius,

1930 5561 1979 5670 BI
2013 5558 2166 5669 lputo,
2208 5548 2369 5602 habet
2410 5548 2738 5619 ἑδρασθῆναι
2780 5563 2902 5602 cum
2942 5550 3131 5616 spiritu
3177 5565 3404 5617 aspero,
3444 5560 3503 5601 ut

1976 5638 2003 5669 n
2030 5634 2205 5670 vmus.

1976 5621 2205 5674 nlvmus.

1996 5634 2205 5758 ﬁliai:
2232 5690 2401 5756 primo
2453 5689 2615 5759 λόγῳ.
2675 5689 2755 5741 Au
2804 5690 3035 5758 primum
3087 5688 3288 5745 indicat
3325 5688 3505 5758 ‘llujus

1924 5760 2100 5829 operis
2128 5761 2353 5815 librum?
2392 5760 2524 5819 Vide
2557 5770 2670 5816 not.
2704 5760 2763 5827 ‘2,
2797 5778 2927 5831 pag-
2966 5759 3085 5816 157.
