4060 6406
297 348 399 403 809
1353 347 1438 401 DE
1479 347 1845 404 TRINITATE
1884 351 2085 406 LIBER
2122 353 2444 409 TERTIUS.
3429 363 3529 418 8I0

299 465 460 527 hunc,
498 478 519 513 ι
543 459 805 515 Dominus
836 457 1038 513 creavit
1075 473 1179 521 me,
1216 475 1234 509 ι
1267 462 1610 527 antecedunt,
1634 457 1696 516 ac
1737 464 2157 534 subsequuntur,
2184 467 2478 534 prudenter
2536 467 2656 535 quis
2716 482 2779 521 ac
2841 470 2927 536 pie
2985 471 3330 526 considerare
3352 474 3535 529 volue-

298 555 384 619 rit,
419 557 546 621 cito,
586 555 695 608 imo
725 554 906 610 statim
933 554 1118 607 eodem
1162 555 1211 606 in
1248 554 1367 608 loco
1395 557 1557 609 multa
1595 557 1847 622 inveniet,
1890 561 2086 628 quibus
2113 561 2352 616 haeretici
2419 562 2585 614 refelli
2649 573 2868 630 queant.
2904 562 3036 616 Nam
3082 574 3242 617 antea
3295 566 3409 620 luec
3439 581 3538 634 po-

293 660 475 701 suerat
527 648 780 701 Salomon
830 665 845 701 :
889 665 907 698 ι
941 646 1153 699 Initium
1198 647 1370 717 (2-41)
1396 649 1668 717 sapientiae
1701 651 1860 706 timor
1898 652 2142 719 Domini,
2176 655 2524 723 intelligentia
2560 655 2672 725 (42)
2713 667 2890 708 autem
2933 657 3069 708 bona
3134 656 3386 710 omnibus
3443 655 3536 725 qui
3591 698 3604 706 .

295 737 504 790 τηοίιιιιι
553 752 710 801 θλιιι;
743 755 760 786 ι
794 746 847 788 ει
879 753 1068 788 rursus
1099 755 1110 790 :
1147 756 1165 786 ε
1201 736 1302 790 I’er
1344 754 1425 790 me
1471 740 1581 808 (.55)
1633 756 1782 808 reges
1826 753 2073 810 regnant,
2137 755 2193 799 et
2250 751 2490 815 dynastaa
2531 746 2773 799 scribunt
2808 744 3070 814 justitiam
3097 764 3112 807 ;
3139 761 3232 814 per
3279 761 3364 800 me
3429 762 3542 800 me-

289 831 536 896 gistanes
568 830 677 900 (Η)
707 830 1140 897 inagnilicantur,
1167 840 1221 883 et
1254 834 1620 885 dominatores
1654 851 1748 902 per
1777 851 1863 888 me
1901 836 2172 906 imperant
2199 847 2374 891 terno.
2405 856 2422 888 ι

371 923 534 975 Ἀνευ
558 923 613 975 δὲ
639 923 848 991 σοφίας,
893 940 964 994 φη
977 924 1081 987 σὶν,
1118 925 1242 994 ἥτις
1273 927 1420 980 ἐστὶν
1447 929 1480 999 ἡ
1523 929 1876 998 μεταδοθεῖσα

2051 931 2180 984 Sine
2233 931 2496 998 sapientia
2540 945 2684 994 vero,
2739 931 2933 998 inquit,
2978 931 3080 986 hoc
3124 941 3225 995 est,
3278 934 3394 987 sine
3424 933 3537 994 illa,

290 1020 424 1088 ἡμῖν
470 1015 674 1069 ἄνωθεν
727 1016 1016 1086 φρόνησις,
1073 1017 1165 1069 καὶ
1217 1020 1499 1088 νουνεχία,
1557 1022 1651 1073 καὶ
1703 1021 1875 1090 λόγων

1988 1034 2100 1089 qua:
2149 1021 2377 1088 desuper
2423 1019 2578 1073 nobis
2637 1021 3087 1083 communicatur,
3129 1025 3433 1089 prudentia,
3484 1031 3541 1078 et

288 1107 484 1179 ἀρετὴ,
529 1106 677 1159 οὐδὲν
723 1106 831 1158 τῶν
879 1105 1104 1160 δεόντων
1155 1108 1551 1178 κατορθοῦται·
1596 1112 1874 1180 διαφεύγει

1988 1110 2205 1165 consilio
2240 1149 2256 1174 ,
2302 1122 2355 1165 et
2399 1113 2638 1166 scientia:
2690 1111 3053 1181 ᾶοςῑτίιιαξίιυε
3107 1114 3256 1180 copia
3311 1114 3451 1167 nullo
3487 1115 3542 1169 itt

287 1201 403 1270 γὰρ
431 1200 498 1252 τὰ
534 1197 703 1251 πολλὰ
752 1198 846 1250 καὶ
885 1198 1026 1252 καλὰ
1071 1198 1177 1252 τῶν
1212 1202 1499 1270 νοημάτων
1545 1203 1634 1256 τὸν
1674 1203 1877 1274 ταύτης

1988 1197 2086 1250 vita
2134 1196 2307 1252 oliicio
2345 1209 2487 1251 recte
2531 1200 2650 1266 quis
2679 1198 2938 1269 fungitur.
2978 1200 3078 1266 Qui
3123 1203 3265 1255 enim
3308 1203 3408 1256 ista
3454 1220 3544 1258 sa-

288 1289 676 1360 ἐστερημένον.
726 1289 784 1342 Ὀ
839 1289 894 1341 δὲ
950 1290 1154 1360 ταύτης
1186 1334 1197 1344 .
1226 1292 1539 1363 μεταλαχὼν
1591 1295 1874 1366 ἄνθρωπος

1988 1287 2176 1352 pientia
2204 1297 2404 1350 careat,
2441 1304 2560 1340 eum
2592 1288 2798 1359 fugiunt
2837 1290 3028 1352 multa,
3079 1300 3128 1344 et
3159 1293 3410 1359 praeclara
3450 1308 3542 1349 co-

285 1381 382 1433 τόν
410 1398 469 1432 τε
500 1381 652 1439 Θεὸν,
686 1380 760 1442 ὡς
784 1381 908 1451 χρὴ,
945 1382 1210 1448 φοϐεῖται,
1240 1386 1333 1436 καὶ
1368 1386 1494 1452 φίλα
1531 1387 1677 1456 αὐτῷ
1710 1389 1876 1458 πράτ-

1988 1381 2173 1448 gitata;
2221 1378 2312 1446 qui
2342 1394 2470 1433 vero
2501 1380 2644 1434 hanc
2680 1383 2840 1436 homo
2870 1383 3091 1436 sortitus
3117 1393 3221 1445 est,
3259 1393 3311 1437 et
3352 1383 3541 1448 Deum,

283 1490 395 1537 τει,
426 1474 519 1524 καὶ
556 1471 826 1543 ἀνθρώπῳ
858 1473 1155 1543 νομοθετεῖ,
1193 1476 1288 1528 καὶ
1324 1471 1478 1540 οὗτος
1507 1482 1698 1549 κρατεῖ
1730 1481 1875 1532 ἐκεί⁴

1988 1483 2034 1526 ut
2072 1481 2308 1538 oportet,
2351 1473 2524 1536 timet,
2564 1482 2618 1524 et
2650 1482 2796 1540 grata
2832 1473 2880 1526 ei
2912 1472 3060 1535 facit,
3113 1486 3165 1526 et
3199 1474 3400 1527 homini
3428 1475 3540 1544 (45)

289 1583 412 1626 νου,
443 1565 538 1616 καὶ
571 1564 943 1617 πολλαπλάσια
973 1568 1259 1636 ἐκτήσατο,
1297 1570 1388 1621 καὶ
1418 1571 1477 1622 ού
1514 1571 1670 1640 μόνον
1703 1572 1876 1640 λέγων

1988 1565 2121 1632 leges
2153 1563 2399 1631 imponit,
2427 1570 2479 1616 et
2520 1563 2590 1616 ita
2624 1561 2733 1630 (46)
2765 1563 2908 1614 illum
2943 1564 3043 1616 sibi
3075 1564 3314 1628 subiicit,
3347 1574 3399 1616 et
3427 1565 3542 1632 plu-

290 1657 465 1718 αὐτὸς
489 1657 581 1709 καὶ
611 1657 777 1709 ποιῶν
803 1659 1009 1726 ἥδεται,
1038 1658 1172 1710 ἀλλὰ
1212 1661 1304 1711 καὶ
1338 1663 1465 1723 τοὺς
1494 1663 1875 1733 ἀκροωμένους

1988 1655 2114 1705 rima
2145 1653 2245 1706 sibi
2290 1663 2587 1720 comparat,
2634 1663 2686 1706 ct
2727 1669 2830 1706 non
2864 1652 3032 1706 solum
3072 1653 3369 1706 oblectatur
3407 1655 3542 1722 ipse,

291 1749 558 1819 αὑτοῦ,ἢ
603 1749 761 1820 ἔργον
807 1751 1174 1820 μανθάνοντας
1195 1752 1261 1805 τὰ
1313 1754 1497 1817 αὑτοῦ,
1534 1755 1873 1826 σωφρονίζει,

1988 1745 2102 1796 dum
2158 1745 2417 1812 loquitur,
2479 1744 2712 1812 dumque
2764 1745 2890 1812 agit,
2938 1745 3030 1798 sed
3073 1745 3236 1798 etiam
3283 1760 3396 1808 eos,
3451 1745 3543 1809 qui

295 1843 397 1895 Ἐν
430 1841 486 1892 δὲ
527 1844 636 1903 τοῖς
671 1839 869 1910 ἐφεξῆς
918 1842 1132 1906 ἐξέθετο
1168 1844 1442 1916 σποράδην
1472 1846 1644 1898 ταῦτα
1670 1864 1681 1875 ·
1714 1867 1731 1896 ι
1760 1847 1876 1899 Κύ-

1988 1837 2158 1904 ipsum
2193 1836 2435 1897 audiunt,
2474 1846 2567 1887 aut
2604 1835 2720 1905 ejus
2761 1835 2999 1889 actiones
3025 1835 3133 1905 (47)
3166 1845 3380 1900 norunt,
3412 1849 3541 1903 pru-

285 1949 412 2002 ριος
440 1932 694 2001 ἐποίησεν
722 1931 902 2002 χώρας
937 1933 1243 2002 ἀοικήτους,
1287 1936 1379 1986 καὶ
1417 1937 1559 2007 ἄκρα
1586 1938 1877 2008 οἰκούμενα

1988 1929 2169 1981 dentes
2216 1927 2410 1981 reddit.
2441 1926 2498 1980 In
2531 1929 2982 1995 subsequentibus
3008 1943 3136 1981 vero
3167 1928 3279 1982 haec
3313 1928 3542 1996 sparsim

279 2024 395 2092 τῆς
456 2025 546 2076 ὑπ’
598 2023 845 2092 οὐρανόν.
905 2023 1094 2076 Ἠνίκα
1149 2024 1409 2094 ἡτοίμαζε
1483 2028 1574 2080 τὸν
1613 2028 1873 2098 οὐρανὸν,

1988 2018 2226 2086 exposuit
2255 2018 2366 2085 ipse
2399 2017 2652 2072 Salomon
2684 2017 2793 2086 (48)
2824 2035 2836 2069 :
2875 2036 2892 2066 ι
2927 2017 3184 2072 Dominus
3217 2018 3341 2070 fecit
3369 2019 3544 2088 regio-

279 2115 672 2186 συμπαρήμην
698 2113 876 2184 αὐτῷ’
919 2114 1080 2185 ἡνίκα
1109 2116 1351 2186 ἀφώριζε
1409 2118 1498 2170 τὸν
1527 2120 1717 2173 ἑαυτοῦ
1752 2120 1875 2192 θρό-

1988 2123 2075 2160 nes
2125 2108 2503 2162 inhabitabiles
2548 2108 2682 2179 (49),
2741 2117 2796 2162 et
2852 2110 3223 2162 extremitates
3275 2109 3545 2164 habitatas

278 2222 383 2257 νον
415 2206 501 2256 ἐπ’
532 2205 768 2275 ἀνέμων,
813 2206 976 2275 ἡνίκα
1017 2207 1211 2277 ἰσχυρὰ
1256 2209 1428 2260 ἐποίει
1470 2210 1540 2263 τὰ
1575 2212 1685 2264 ἄνω
1717 2212 1873 2282 νέφη,
1980 2199 2116 2268 ejus,
2156 2215 2275 2268 qua:
2319 2203 2418 2254 sub
2450 2201 2586 2254 ccelo
2621 2212 2724 2254 est.
2780 2200 3004 2266 Quando
3052 2201 3384 2268 praeparabat
3429 2215 3544 2256 cm-

278 2297 389 2349 καὶ
418 2296 494 2358 ὡς
526 2296 785 2364 ἀσφαλεῖς
820 2296 982 2348 ἐτίθει
1029 2297 1210 2367 πηγὰς
1252 2301 1352 2368 τῆς
1393 2301 1484 2351 ὑπ’
1530 2301 1776 2372 οὐρανὸν,
1819 2303 1878 2354 ἐν

1988 2291 2111 2354 Ιιιιη,
2148 2292 2306 2345 simul
2354 2307 2472 2344 cum
2513 2305 2577 2345 eo
2607 2291 2859 2356 aderam;
2909 2292 3122 2358 quando
3151 2290 3260 2359 (50)
3292 2305 3546 2360 segrega-

277 2387 369 2457 τῷ
400 2386 605 2438 τιθέναι
648 2387 809 2439 αὑτὸν
847 2390 908 2457 τῇ
958 2387 1199 2459 θαλάσσῃ
1246 2389 1591 2460 ἀκριόασμὸν
1630 2391 1816 2444 αὐτοῦ.
1854 2410 1873 2442 ι

1988 2385 2077 2438 bat
2106 2385 2356 2438 thronum
2388 2399 2542 2438 suum
2576 2399 2736 2454 super
2769 2394 2989 2448 ventos;
3022 2385 3235 2451 quando
3266 2384 3432 2437 fortes
3461 2383 3546 2436 fa-

291 2477 362 2530 ⁹Ο
401 2477 456 2530 δέ
487 2481 711 2546 ποιήσας
755 2479 852 2547 τὴν
875 2478 979 2547 γῆν
1007 2481 1070 2530 ἐκ
1107 2479 1180 2550 μὴ
1215 2482 1339 2550 γῆς,
1369 2481 1463 2533 καὶ
1498 2481 1678 2545 καλῶς
1705 2500 1881 2552 τεχνι-

1988 2476 2160 2530 ciebat
2214 2475 2458 2529 excelsas
2514 2476 2715 2542 nubes;
2766 2483 2821 2528 et
2867 2490 2988 2527 cum
3038 2488 3260 2527 securos
3312 2474 3546 2540 ponebat

280 2569 498 2632 τεύσας
526 2569 766 2640 οὐρανῶν
811 2575 1126 2642 περιφερεῖς
1160 2571 1395 2634 κύκλους
1424 2573 1488 2625 ἐκ
1515 2573 1590 2644 μὴ
1617 2575 1878 2645 οὐρανῶν,

1988 2569 2160 2622 fontes
2211 2568 2360 2638 ejus,
2434 2582 2553 2634 qua:
2610 2569 2708 2620 sub
2773 2564 2909 2620 caelo
2967 2574 3090 2628 est;
3144 2563 3267 2616 dum
3325 2569 3550 2631 poneret

282 2661 393 2714 καὶ
422 2665 550 2724 τοὺς
591 2661 820 2732 δρόμους
863 2665 1046 2732 ταχεῖς
1096 2661 1352 2715 τελοῦντα
1401 2663 1567 2734 ἥλιον.
1604 2666 1878 2737 πανταχοῦ

1988 2657 2097 2727 ipse
2120 2658 2230 2728 (5i)
2270 2658 2402 2711 mari
2442 2657 2610 2726 legem
2662 2666 2911 2710 accurate
2957 2654 3024 2708 ab
3057 2669 3122 2707 eo
3160 2653 3495 2707 servandam.
3522 2671 3541 2704 ι

281 2755 350 2808 οὐ
362 2754 528 2825 ρανοῦ
544 2755 636 2807 καὶ
661 2755 759 2825 τῆς
773 2756 873 2825 γῆς
895 2756 1171 2824 φαίνοντα,
1193 2756 1287 2809 καὶ
1305 2756 1488 2820 ἁπλῶς
1506 2756 1648 2826 λόγῳ
1670 2757 1882 2812 ἅπαντα

1988 2752 2050 2802 At
2077 2749 2182 2816 ille,
2216 2749 2307 2818 qui
2345 2759 2540 2802 terrain
2581 2747 2708 2801 fecit
2741 2761 2805 2800 ex
2843 2762 2948 2800 non
2977 2755 3140 2809 terra,
3173 2745 3261 2814 qui
3292 2744 3550 2799 rotundos

281 2849 495 2917 φήνας,
528 2851 818 2918 μονογενής
847 2851 991 2900 ἐστιν
1009 2849 1135 2911 Υἱὸς
1152 2849 1319 2917 Λόγος
1349 2849 1443 2902 τοῦ
1477 2850 1633 2913 Θεοῦ,
1656 2853 1684 2904 ὁ
1726 2853 1881 2904 ἀνευ-

1988 2844 2240 2896 caelorum
2274 2842 2432 2895 orbes
2457 2857 2523 2894 ex
2563 2856 2666 2893 non
2697 2839 2849 2894 ctelis
2883 2838 3101 2908 pulchre
3127 2837 3429 2903 fabricavit,
3455 2837 3547 2906 qui

286 2936 576 3006 φημηθεὶς
631 2936 766 2989 Θεοῦ
825 2937 1074 3009 δύναμις,
1126 2939 1220 2990 καὶ
1264 2939 1398 2992 Θεοῦ
1432 2940 1610 3009 σοφία,
1660 2941 1753 2992 καὶ
1806 2942 1882 3004 ὡς

1988 2934 2148 2988 solem
2178 2932 2392 2986 veloces
2414 2946 2602 2986 cursus
2628 2933 3018 3001 perlicientem,
3049 2944 3113 2984 ac
3140 2928 3319 2983 omnia
3353 2926 3550 2998 ubique

287 3028 341 3100 [ι
357 3028 424 3081 57
455 3028 506 3100 b]
538 3029 712 3081 ταῦτα
729 3029 1087 3100 ὑπάρχωντοῦ
1103 3030 1338 3101 ἀνάρχου
1363 3031 1457 3083 καὶ
1477 3031 1691 3101 ἀληθῶς
1717 3033 1881 3086 αὐτοῦ

1988 3026 2263 3086 etelorum,
2298 3023 2462 3095 336
2491 3032 2545 3077 et
2595 3032 2860 3077 terrarum
2914 3021 3323 3084 illuminantem,
3375 3028 3448 3083 et,
3491 3029 3551 3074 ut

291 3121 537 3190 ιῖατρὸς,
573 3119 646 3190 μὴ
694 3119 829 3190 ἔχων
881 3121 1076 3192 ἀρχὴν,
1112 3121 1255 3174 καθὰ
1291 3121 1654 3183 διδάσκουσιν,
1704 3123 1882 3177 Ἰωάν-

292 3228 397 3280 νης
427 3210 528 3278 μὲν
559 3208 758 3276 λέγων·
801 3229 818 3260 ι
849 3209 1030 3263 Πάντα
1057 3210 1122 3262 δι’
1147 3211 1310 3262 αὑτοῦ
1340 3211 1556 3279 ἐγένετο
1576 3229 1588 3241 ο
1618 3232 1636 3262 ι
1672 3210 1883 3276 Παῦλος

293 3303 357 3354 δὲ
395 3301 671 3374 Ἑϐραίοις
696 3302 948 3373 γράφων·
990 3321 1007 3352 ι
1035 3304 1180 3374 Πρὸς
1211 3303 1265 3356 δὲ
1287 3303 1376 3356 τὸν
1406 3303 1533 3356 Υἱόν
1576 3321 1738 3374 φησιν
1765 3320 1779 3332 ⁸
1828 3304 1884 3356 '0

301 3395 492 3465 bpévo;
523 3411 640 3457 σου,
663 3397 692 3446 ὁ
719 3395 870 3457 Θεὸς,
901 3395 982 3458 είς
1009 3394 1100 3447 τὸν
1143 3395 1314 3448 αἰῶνα
1349 3397 1442 3448 τοῦ
1478 3397 1690 3460 αἰῶνος.
1729 3415 1746 3447 ι
1775 3394 1884 3448 Καὶ

310 3487 508 3556 μεταξύ
564 3502 762 3555 φησιν’
813 3507 830 3536 ι
862 3487 969 3539 Καὶ
1024 3487 1089 3539 σὺ
1136 3487 1256 3538 κατ’
1291 3486 1497 3558 ἀρχὰς,
1544 3486 1749 3552 Κύριε,
1789 3486 1885 3555 τὴν

311 3579 414 3647 γῆν
438 3578 820 3649 ἐθεμελίωσας,
857 3581 947 3629 καὶ
988 3576 1121 3648 ἔργα
1167 3576 1272 3630 τῶν
1316 3577 1514 3647 χειρῶν
1549 3575 1640 3629 σού
1671 3578 1810 3628 εἰσιν
1837 3575 1884 3627 ot

1982 3116 2218 3171 breviter
2240 3116 2436 3179 dicam,
2474 3114 2565 3181 qui
2593 3115 2839 3166 universa
2874 3112 3038 3165 verbo
3070 3110 3327 3175 condidit,
3363 3124 3427 3162 ac
3452 3124 3549 3180 ap-

1985 3223 2178 3277 parere
2206 3207 2352 3272 fecit,
2384 3207 2448 3268 is,
2483 3206 2722 3274 inquam,
2762 3213 2844 3258 est
2889 3203 3195 3272 unigenitus
3223 3201 3391 3256 Filius
3418 3199 3551 3256 Ver-

1985 3300 2110 3352 bum
2140 3298 2254 3363 Dei,
2285 3297 2374 3366 qui
2415 3296 2714 3350 celebratus
2745 3295 2845 3348 fuit
2881 3311 2943 3348 ac
2973 3305 3197 3348 vocatus
3230 3292 3322 3347 Dei
3358 3304 3549 3361 poten-

1989 3391 2080 3456 tia,
2122 3401 2176 3444 et
2203 3391 2291 3444 Dei
2334 3388 2616 3457 sapientia,
2654 3387 2851 3455 quique
2883 3395 2944 3440 ut
2990 3387 3175 3439 (sterni
3211 3386 3292 3438 sui
3344 3395 3400 3440 et
3438 3384 3550 3439 veri

1986 3480 2163 3534 Patris
2191 3481 2426 3549 potentia
2460 3488 2513 3532 et
2540 3479 2804 3546 sapientia
2837 3488 2936 3540 est,
2972 3478 3182 3530 initium
3221 3493 3324 3530 non
3366 3476 3550 3539 habet,

1989 3573 2128 3626 sicut
2158 3572 2350 3625 docent
2377 3571 2609 3624 Joannes
2632 3569 2846 3637 quidem
2880 3584 3002 3620 cum
3029 3569 3155 3621 dicit
3178 3567 3287 3637 (52)
3319 3586 3332 3619 :
3370 3587 3388 3618 ι
3419 3567 3549 3622 Om-

314 3670 536 3738 οέρανοί.
580 3689 596 3718 )
634 3671 799 3721 Ὥστε
851 3671 924 3739 μὴ
971 3668 1153 3730 αὐτὸν,
1205 3667 1339 3720 ἀλλὰ
1375 3669 1484 3739 γὰρ
1526 3668 1710 3738 ’έτερον
1747 3662 1884 3718 εἶναι

1989 3663 2074 3717 nia
2100 3678 2194 3731 per
2231 3663 2402 3729 ipsum
2439 3659 2579 3713 facta
2623 3667 2783 3720 sunt;
2819 3679 2836 3707 ι
2870 3657 3065 3710 Paulus
3094 3673 3243 3719 vero,
3288 3671 3408 3709 cum
3457 3655 3552 3710 lie-

313 3763 596 3832 πρόσωπον
625 3762 686 3814 τὸ
717 3764 892 3814 πάντα
919 3760 1110 3825 ταῦτα,
1145 3759 1238 3812 καὶ
1275 3760 1354 3822 τὸ,
1399 3779 1416 3810 ‹
1457 3759 1660 3830 Κύριος
1704 3758 1884 3809 ἐκτισέ

309 3872 398 3924 με,
431 3874 449 3905 ι
485 3855 724 3926 είρηκὸς.
749 3850 861 3905 Εἶτ’
896 3855 1203 3922 ἐπήγαγεν·
1238 3871 1254 3901 ι
1296 3851 1405 3903 Καὶ
1431 3850 1597 3902 ῦδατα
1625 3850 1684 3901 οὐ
1744 3865 1886 3919 παρ-

301 3946 585 4000 ελεύσεται
622 3945 797 4014 στόμα
819 3943 1034 3998 αὐτοῦ.»
1075 3946 1212 4014 Ἀρα
1235 3938 1327 3996 οὖν
1351 3943 1426 4004 ῶς
1456 3941 1675 4011 ἐκτίσθη
1704 3941 1883 4008 σοφία,

302 4039 434 4108 περὶ
469 4038 561 4090 τοῦ
587 4037 779 4108 νοητοῦ
817 4039 1080 4107 στόματος
1111 4035 1206 4089 τοῦ
1253 4033 1584 4107 δημιουργοῦ
1619 4033 1752 4086 Θεοῦ
1785 4033 1887 4086 Λό-

301 4147 402 4196 γου
464 4129 757 4198 ἐξηγεῖται.
797 4125 962 4192 Αὖθίς
1007 4146 1066 4181 τε
1093 4145 1106 4157 ο
1148 4148 1166 4179 ‹
1218 4128 1408 4180 Ἡνίκα
1471 4127 1667 4198 ισχυρὰ
1711 4126 1883 4178 ἐποίει

300 4225 371 4276 τὰ
400 4222 629 4291 θεμέλια
674 4221 769 4292 τῆς
806 4222 940 4290 γῆς,
981 4223 1127 4292 ἤμην
1168 4221 1295 4290 παρ’
1338 4218 1485 4289 αὐτῷ
1529 4217 1881 4289 ἁρμόζουσα’

301 4315 417 4383 ἐγὼ
449 4315 598 4384 ήμην
697 4313 1054 4385 προσέχαιρεν
1085 4311 1203 4364 καθ’
1233 4311 1475 4382 ἡμέραν·
1517 4310 1884 4380 εύφραινόμην

299 4407 359 4459 δὲ
382 4408 446 4458 ἐν
485 4402 761 4475 προσώπῳ
791 4403 953 4456 αὑτοῦ
993 4405 1049 4454 ἐν
1082 4404 1243 4455 παντὶ
1287 4401 1491 4472 καιρῷ·
1530 4403 1618 4453 ὅτε
1665 4400 1888 4472 εὐφραί·

304 4515 430 4550 νετο
473 4498 574 4568 τὴν
625 4496 948 4567 οἰκουμένην
997 4495 1332 4559 συντελέσας,
1386 4495 1478 4546 καὶ
1511 4494 1890 4563 ἐνευφραίνετο

304 4593 366 4642 ὲν
400 4590 542 4651 υἱοῖς
569 4588 885 4659 ἀνθρώπων.
921 4607 938 4638 ι
977 4588 1032 4640 '0
1054 4587 1162 4657 γὰρ
1197 4585 1524 4656 δημιουργὸς
1545 4586 1672 4648 Υἱὸς
1695 4585 1886 4653 Λόγος,

303 4683 336 4735 ὁ
370 4681 558 4734 πάντα
597 4681 692 4751 μέν
733 4679 994 4751 προειδὼς
1038 4680 1132 4731 καὶ
1167 4677 1589 4750 προδυνὰμενος,
1622 4675 1891 4745 μακροθυ-

379 4857 565 4928 (2-H)
599 4857 836 4910 Initium.
881 4857 1036 4928 Prov.
1074 4873 1112 4916 I.
1141 4857 1192 4909 7.

377 4921 497 4994 (42)
546 4921 933 4995 intelligentia.
983 4926 1227 4980 Secunda
1290 4926 1406 4978 hac
1454 4921 1705 4995 versiculi
1751 4935 1878 4995 pars

306 4991 513 5067 legitur
555 4999 606 5050 in
652 4991 834 5051 Grieca
874 4997 990 5048 libri
1032 4995 1440 5067 Proverbiorutn
1483 4992 1746 5067 editionne,
1774 4991 1879 5067 sed

304 5060 467 5130 deest
534 5070 588 5120 in
631 5067 890 5121 Hebraico
925 5068 1072 5119 I'Onte
1115 5075 1274 5132 atque
1321 5065 1372 5117 in
1420 5063 1625 5116 Latinis
1672 5060 1878 5114 Bibliis.

307 5142 429 5193 llnc
455 5153 584 5189 vero
615 5139 868 5189 translata
897 5146 980 5190 est
1012 5151 1074 5188 ex
1118 5137 1320 5204 psalmo
1350 5149 1435 5187 cx.

382 5209 499 5273 (13)
540 5207 643 5260 Per
676 5223 773 5259 me.
805 5206 962 5259 Prov.
989 5203 1210 5269 νιιι,ί15
1237 5215 1291 5256 et
1319 5203 1408 5256 Ili.

383 5275 496 5348 (44)
542 5276 876 5346 Mcgistanex.
907 5274 1109 5337 Codex,
1144 5273 1484 5344 μεγιστᾶνες,
1507 5286 1628 5326 cum
1661 5279 1882 5324 accentu

305 5359 500 5404 acuto.

305 5489 340 5544 θ
385 5417 501 5505 (45)
534 5415 775 5471 Homini.
801 5416 1003 5480 Codex,
1029 5413 1160 5471 ἄνω.
1201 5411 1342 5482 Lege
1381 5411 1515 5483 ἀνῲ,
1559 5410 1610 5464 id
1650 5418 1752 5472 est,
1796 5409 1882 5461 ἀν.

346 5507 541 5544 nemo.

381 5507 521 5541 ωπω
527 5530 541 5540 .

345 5510 541 5563 ρωπῳ.

388 5558 504 5628 (Mi)
544 5569 652 5612 ita.
683 5555 883 5617 Codex,
913 5549 1096 5628 οὗτος.
1116 5553 1320 5628 Malim,
1347 5552 1542 5616 οὕτως.

387 5618 502 5698 (47)
523 5629 675 5702 Ejus
703 5628 956 5702 actiones.
991 5626 1193 5702 (ludes,
1229 5623 1427 5702 ἔργον.
1465 5663 1523 5702 ._.
1557 5663 1569 5676 .
1599 5622 1667 5676 τὰ
1697 5618 1881 5702 αὐτοῦ..

313 5689 626 5786 ιςὲόειίιιυῖη
649 5736 664 5761 ,
717 5696 882 5766 ἔργα.
914 5735 927 5748 .
950 5733 966 5748 .
1010 5693 1078 5748 τὰ
1115 5689 1315 5758 αὐτοῦ,
1342 5695 1447 5758 vel,
1492 5693 1650 5764 ἔργον
1680 5733 1692 5746 .
1725 5731 1740 5746 .
1768 5731 1783 5745 .
1827 5689 1888 5741 τὸ

314 5785 485 5822 αυτου

645 5859 913 5918 Ρλτιιοι..
947 5857 1063 5918 Gn.
1101 5855 1399 5919 XXXIX.

1987 3755 2141 3808 bracis
2172 3752 2418 3807 scribens
2453 3751 2526 3803 ait
2558 3769 2571 3803 :
2608 3769 2624 3799 ‹
2659 3751 2735 3802 Ad
2773 3748 2963 3801 Filium
2993 3747 3100 3816 (55)
3129 3757 3306 3800 autem
3336 3765 3348 3798 :
3382 3745 3551 3799 Thro-

1987 3861 2089 3899 nus
2127 3855 2270 3907 tuus,
2310 3845 2466 3906 lleus,
2501 3845 2550 3894 in
2581 3839 2835 3895 saeculum
2880 3839 3083 3893 saeculi.
3122 3858 3140 3889 ι
3169 3839 3246 3890 Ac
3283 3837 3552 3892 nonnullis

1987 3936 2279 4005 interjectis
2324 3952 2337 3986 :
2396 3952 2412 3984 ι
2475 3932 2540 3986 Et
2587 3942 2640 3985 tu
2690 3930 2800 4000 (54)
2842 3929 3017 3991 initio,
3055 3929 3308 3987 Domine,
3354 3937 3552 3980 terram

1987 4027 2243 4090 fundasti,
2301 4035 2355 4079 et
2404 4039 2566 4093 opera
2610 4037 2862 4075 manuum
2912 4031 3124 4072 tuarum
3178 4029 3303 4070 sunt
3349 4017 3492 4071 cmli.
3525 4035 3546 4070 ι

1991 4119 2180 4187 Itaque
2205 4132 2458 4186 persona,
2489 4131 2607 4184 qum
2637 4115 2746 4167 lucc
2771 4113 2951 4167 omnia
2982 4113 3033 4164 in
3063 4111 3368 4164 Proverbiis
3394 4109 3550 4172 dixit,

1992 4210 2097 4262 alia
2135 4220 2217 4263 est
2256 4210 2322 4262 ab
2351 4224 2410 4262 ea
2455 4207 2742 4275 sapientia,
2777 4219 2895 4274 quae
2925 4205 3019 4265 ait,
3058 4221 3078 4253 ι
3109 4202 3364 4256 Dominus
3403 4214 3554 4255 crea-

1991 4302 2070 4353 vit
2114 4315 2220 4362 me,
2254 4319 2272 4350 ι
2311 4315 2414 4352 non
2456 4314 2582 4352 vero
2612 4307 2692 4351 est
2745 4299 2952 4350 eadem.
3006 4291 3291 4361 Subjungit
3326 4302 3550 4360 postea:

1996 4411 2014 4441 ι
2045 4391 2110 4444 Ει
2145 4406 2296 4460 aqua!
2316 4389 2428 4460 (55)
2458 4406 2562 4443 non
2600 4388 2945 4455 praeteribunt
2973 4401 3034 4439 os
3056 4385 3186 4451 ejus.
3222 4403 3239 4434 ι
3282 4382 3557 4452 Sapientia

1991 4500 2139 4554 ergo,
2171 4495 2441 4554 quatenus
2474 4492 2653 4535 creata
2689 4489 2791 4543 est,
2831 4478 2970 4547 quod
3003 4478 3156 4540 dixit,
3193 4478 3272 4530 sic
3313 4475 3551 4542 exponit.

1993 4589 2053 4633 ut
2083 4581 2150 4633 de
2181 4577 2506 4647 intelligibili
2539 4592 2633 4628 ore
2667 4571 2992 4633 Conditoris,
3031 4583 3223 4637 nempe
3248 4568 3343 4622 Dei
3369 4566 3551 4627 Verbi,

1993 4686 2051 4726 se
2081 4672 2225 4742 loqui
2272 4673 2543 4725 ostendat.
2588 4669 2654 4721 Et
2688 4681 2874 4720 rursus
2901 4683 2911 4717 :
2948 4681 2966 4713 ί
2999 4663 3223 4728 Quando
3255 4660 3413 4714 fortia
3444 4659 3554 4731 (56)

2058 4849 2169 4915 (48)
2215 4849 2485 4902 Dominus.
2534 4846 2692 4899 Prov.
2724 4861 2842 4907 vm,
2877 4844 3071 4915 ‘20-‘29.

2058 4907 2166 4988 (49)
2208 4918 2624 4988 Ιηὴαίιὶιαὸίιεεη
2659 4916 2959 4988 Graecaed.
2999 4913 3178 4973 habet,
3231 4907 3324 4962 καὶ
3366 4907 3558 4980 ἀοική-

1986 4985 2222 5051 τους,’ἰι1
2256 4997 2339 5040 est
2382 5007 2400 5038 ι
2423 4987 2584 5041 etiam
2614 4985 3012 5038 inhabitabiles.
3040 5001 3058 5031 ι

2061 5047 2171 5128 (51³)
2223 5059 2466 5128 Quando.
2528 5055 2798 5128 Didymus,
2848 5053 3028 5122 ἡνίκα.
3071 5049 3277 5119 Compl.
3307 5049 3417 5115 ed.,
3463 5047 3559 5100 καὶ

1989 5131 2098 5181 ὅτε.
2139 5126 2623 5185 Francol‘ut'tensis,
2651 5127 2761 5176 ὅτε.

2059 5200 2174 5269 (51)
2213 5197 2353 5269 Ipse.
2387 5196 2522 5257 Vox,
2555 5194 2739 5269 αὐτόν,
2779 5193 2929 5246 deest
2960 5193 3009 5246 in
3042 5189 3244 5246 Bibliis.

2066 5266 2179 5338 (52)
2217 5267 2431 5338 Cap._t_,
2466 5266 2688 5338 vers:_5.

2218 5337 2296 5409 Ad
2333 5334 2568 5409 Filium,
2589 5333 2749 5409 IIebr.
2770 5349 2830 5409 Διλ.
2861 5333 2914 5387 8.

2068 5403 2180 5476 (54)
2225 5407 2290 5457 Et
2318 5421 2335 5459 :
2365 5403 2444 5457 Tu
2508 5403 2667 5476 Hebr.
2699 5419 2736 5465 ι,
2764 5404 2850 5457 I0.

2070 5464 2181 5546 (55)
2223 5475 2290 5528 Et
2345 5464 2732 5546 aquw._Prov.
2781 5490 2896 5539 vin,
2950 5472 3039 5527 29.
3103 5470 3275 5524 Bihlia
3359 5464 3562 5520 habent

2001 5543 2264 5614 στόματος
2321 5561 2418 5612 pro
2460 5543 2652 5614 στόμα.

2067 5566 2264 5634 οματος
2321 5566 2418 5612 pro
2460 5566 2652 5625 στομα.
3135 5610 3185 5642 0‘
3242 5611 3285 5637 ε
3432 5609 3441 5618 Ι

2067 5619 2176 5689 (ob)
2233 5616 2456 5689 Quando
2493 5614 2697 5689 fortia.
2751 5615 2908 5670 Prov.
2968 5628 3080 5676 vin,
3140 5609 3328 5664 ..θ-οι.
3387 5607 3558 5663 Btbna

1995 5684 2194 5744 habent
2219 5684 2308 5739 καί
2361 5701 2457 5754 pro
2484 5685 2659 5754 ἡνίκα.

3213 5833 3288 5892 26
