  <div class='ocr_page' id='page_1' title='image "/cluster/home/n/w/nwhite01/storage/ocr_20150623/39/hvd.32044037979440/417.png"; bbox 0 0 4060 6406; ppageno 0'>
   <div class='ocr_carea' id='block_1_1' title="bbox 560 356 656 413">
    <p class='ocr_par' dir='ltr' id='par_1_1' title="bbox 560 356 656 413">
     <span class='ocr_line' id='line_1_1' title="bbox 560 356 656 413; baseline -0.031 0"><span class='ocrx_word' id='word_1_1' title='bbox 560 356 656 413; x_wconf 78' lang='grc'><strong>811</strong></span> 
     </span>
    </p>
   </div>
   <div class='ocr_carea' id='block_1_2' title="bbox 1788 345 2526 404">
    <p class='ocr_par' dir='ltr' id='par_1_2' title="bbox 1788 345 2526 404">
     <span class='ocr_line' id='line_1_2' title="bbox 1788 345 2526 404; baseline -0.004 -2"><span class='ocrx_word' id='word_1_2' title='bbox 1788 345 2020 404; x_wconf 80' lang='lat' dir='ltr'><strong>DIDYMI</strong></span> <span class='ocrx_word' id='word_1_3' title='bbox 2057 345 2336 401; x_wconf 80' lang='lat' dir='ltr'><strong>ALEXAN</strong></span> <span class='ocrx_word' id='word_1_4' title='bbox 2345 345 2526 400; x_wconf 77' lang='lat' dir='ltr'><strong>DRINI</strong></span> 
     </span>
    </p>
   </div>
   <div class='ocr_carea' id='block_1_3' title="bbox 3663 353 3749 406">
    <p class='ocr_par' dir='ltr' id='par_1_3' title="bbox 3663 353 3749 406">
     <span class='ocr_line' id='line_1_3' title="bbox 3663 353 3749 406; baseline 0.035 -3"><span class='ocrx_word' id='word_1_5' title='bbox 3663 353 3749 406; x_wconf 71' lang='lat'><strong>81‘!</strong></span> 
     </span>
    </p>
   </div>
   <div class='ocr_carea' id='block_1_4' title="bbox 558 459 2117 531">
    <p class='ocr_par' dir='ltr' id='par_1_4' title="bbox 558 461 2117 531">
     <span class='ocr_line' id='line_1_4' title="bbox 558 461 2117 531; baseline -0.006 -8"><span class='ocrx_word' id='word_1_6' title='bbox 558 465 1162 525; x_wconf 76' lang='lat' dir='ltr'><strong>faciebatfnndamenta</strong></span> <span class='ocrx_word' id='word_1_7' title='bbox 1197 474 1372 528; x_wconf 63' lang='lat' dir='ltr'><strong>terrae,</strong></span> <span class='ocrx_word' id='word_1_8' title='bbox 1418 476 1564 518; x_wconf 92' lang='lat' dir='ltr'><strong>eram</strong></span> <span class='ocrx_word' id='word_1_9' title='bbox 1617 462 1755 531; x_wconf 85' lang='lat' dir='ltr'><strong>apud</strong></span> <span class='ocrx_word' id='word_1_10' title='bbox 1799 463 1974 531; x_wconf 90' lang='lat' dir='ltr'><strong>ipsum</strong></span> <span class='ocrx_word' id='word_1_11' title='bbox 2029 461 2117 515; x_wconf 88' lang='lat' dir='ltr'><strong>ad-</strong></span> 
     </span>
    </p>
   </div>
   <div class='ocr_carea' id='block_1_5' title="bbox 2219 459 3755 531">
    <p class='ocr_par' dir='ltr' id='par_1_5' title="bbox 2237 459 3755 531">
     <span class='ocr_line' id='line_1_5' title="bbox 2237 459 3755 531; baseline 0.003 -19"><span class='ocrx_word' id='word_1_12' title='bbox 2237 459 2352 529; x_wconf 88' lang='grc' dir='ltr'><strong>μῶν</strong></span> <span class='ocrx_word' id='word_1_13' title='bbox 2383 477 2443 512; x_wconf 89' lang='grc' dir='ltr'><strong>τε</strong></span> <span class='ocrx_word' id='word_1_14' title='bbox 2471 461 2566 514; x_wconf 71' lang='grc' dir='ltr'><strong>καὶ</strong></span> <span class='ocrx_word' id='word_1_15' title='bbox 2588 459 2678 512; x_wconf 76' lang='grc' dir='ltr'>ἐπὶ</span> <span class='ocrx_word' id='word_1_16' title='bbox 2711 460 2878 529; x_wconf 85' lang='grc' dir='ltr'>ἀδίκῳ</span> <span class='ocrx_word' id='word_1_17' title='bbox 2923 462 3015 513; x_wconf 75' lang='grc' dir='ltr'><strong>καὶ</strong></span> <span class='ocrx_word' id='word_1_18' title='bbox 3056 459 3329 531; x_wconf 80' lang='grc' dir='ltr'>κακοδόξῳ</span> <span class='ocrx_word' id='word_1_19' title='bbox 3363 459 3543 531; x_wconf 80' lang='grc' dir='ltr'>πλήθει</span> <span class='ocrx_word' id='word_1_20' title='bbox 3567 463 3648 515; x_wconf 77' lang='grc' dir='ltr'><strong>καὶ</strong></span> <span class='ocrx_word' id='word_1_21' title='bbox 3674 480 3755 516; x_wconf 66' lang='grc' dir='ltr'>πει</span> 
     </span>
    </p>
   </div>
   <div class='ocr_carea' id='block_1_6' title="bbox 557 552 2126 631">
    <p class='ocr_par' dir='ltr' id='par_1_6' title="bbox 557 552 2126 631">
     <span class='ocr_line' id='line_1_6' title="bbox 557 552 2126 631; baseline -0.006 -16"><span class='ocrx_word' id='word_1_22' title='bbox 557 572 750 631; x_wconf 87' lang='lat' dir='ltr'><strong>aptans</strong></span> <span class='ocrx_word' id='word_1_23' title='bbox 777 577 790 613; x_wconf 90' lang='lat'><strong>:</strong></span> <span class='ocrx_word' id='word_1_24' title='bbox 822 573 921 627; x_wconf 88' lang='lat' dir='ltr'><strong>ego</strong></span> <span class='ocrx_word' id='word_1_25' title='bbox 952 571 1126 621; x_wconf 87' lang='lat' dir='ltr'><strong>eram,</strong></span> <span class='ocrx_word' id='word_1_26' title='bbox 1159 556 1210 611; x_wconf 91' lang='lat' dir='ltr'><strong>in</strong></span> <span class='ocrx_word' id='word_1_27' title='bbox 1247 571 1351 625; x_wconf 89' lang='lat' dir='ltr'><strong>qua</strong></span> <span class='ocrx_word' id='word_1_28' title='bbox 1370 554 1635 626; x_wconf 75' lang='lat' dir='ltr'><strong>gaudebat</strong></span> <span class='ocrx_word' id='word_1_29' title='bbox 1656 567 1751 620; x_wconf 84' lang='lat' dir='ltr'><strong>per</strong></span> <span class='ocrx_word' id='word_1_30' title='bbox 1774 552 1946 619; x_wconf 90' lang='lat' dir='ltr'><strong>diem;</strong></span> <span class='ocrx_word' id='word_1_31' title='bbox 1977 552 2126 606; x_wconf 73' lang='lat' dir='ltr'><strong>laeta-</strong></span> 
     </span>
    </p>
   </div>
   <div class='ocr_carea' id='block_1_7' title="bbox 557 645 2122 717">
    <p class='ocr_par' dir='ltr' id='par_1_7' title="bbox 557 645 2122 717">
     <span class='ocr_line' id='line_1_7' title="bbox 557 645 2122 717; baseline -0.005 -13"><span class='ocrx_word' id='word_1_32' title='bbox 557 651 658 704; x_wconf 89' lang='lat' dir='ltr'><strong>har</strong></span> <span class='ocrx_word' id='word_1_33' title='bbox 706 663 835 703; x_wconf 87' lang='lat' dir='ltr'><strong>vero</strong></span> <span class='ocrx_word' id='word_1_34' title='bbox 862 647 975 717; x_wconf 85' lang='lat'>(57)</span> <span class='ocrx_word' id='word_1_35' title='bbox 1007 647 1060 701; x_wconf 92' lang='lat' dir='ltr'><strong>in</strong></span> <span class='ocrx_word' id='word_1_36' title='bbox 1101 660 1332 716; x_wconf 83' lang='lat' dir='ltr'><strong>persona</strong></span> <span class='ocrx_word' id='word_1_37' title='bbox 1379 645 1496 715; x_wconf 84' lang='lat' dir='ltr'><strong>ejus</strong></span> <span class='ocrx_word' id='word_1_38' title='bbox 1543 645 1599 699; x_wconf 91' lang='lat' dir='ltr'><strong>in</strong></span> <span class='ocrx_word' id='word_1_39' title='bbox 1645 645 1796 698; x_wconf 91' lang='lat' dir='ltr'><strong>omni</strong></span> <span class='ocrx_word' id='word_1_40' title='bbox 1847 651 2122 711; x_wconf 88' lang='lat' dir='ltr'><strong>tempore;</strong></span> 
     </span>
    </p>
   </div>
   <div class='ocr_carea' id='block_1_8' title="bbox 555 732 2126 810">
    <p class='ocr_par' dir='ltr' id='par_1_8' title="bbox 555 732 2126 810">
     <span class='ocr_line' id='line_1_8' title="bbox 555 732 2126 810; baseline -0.002 -18"><span class='ocrx_word' id='word_1_41' title='bbox 555 740 770 810; x_wconf 86' lang='lat' dir='ltr'><strong>quando</strong></span> <span class='ocrx_word' id='word_1_42' title='bbox 817 738 1186 793; x_wconf 78' lang='lat' dir='ltr'><strong>oblectabatur</strong></span> <span class='ocrx_word' id='word_1_43' title='bbox 1223 736 1335 807; x_wconf 88' lang='grc'>(58)</span> <span class='ocrx_word' id='word_1_44' title='bbox 1381 745 1666 805; x_wconf 78' lang='lat' dir='ltr'><strong>postquam</strong></span> <span class='ocrx_word' id='word_1_45' title='bbox 1728 732 1912 788; x_wconf 84' lang='lat' dir='ltr'><strong>orbem</strong></span> <span class='ocrx_word' id='word_1_46' title='bbox 1970 744 2126 789; x_wconf 73' lang='lat' dir='ltr'><strong>terra:</strong></span> 
     </span>
    </p>
   </div>
   <div class='ocr_carea' id='block_1_9' title="bbox 553 824 2124 900">
    <p class='ocr_par' dir='ltr' id='par_1_9' title="bbox 553 824 2124 900">
     <span class='ocr_line' id='line_1_9' title="bbox 553 824 2124 900; baseline -0.003 -16"><span class='ocrx_word' id='word_1_47' title='bbox 553 828 890 900; x_wconf 80' lang='lat' dir='ltr'><strong>perfecisset,</strong></span> <span class='ocrx_word' id='word_1_48' title='bbox 912 840 964 885; x_wconf 91' lang='lat' dir='ltr'><strong>et</strong></span> <span class='ocrx_word' id='word_1_49' title='bbox 987 828 1355 883; x_wconf 72' lang='lat' dir='ltr'><strong>delectabatur</strong></span> <span class='ocrx_word' id='word_1_50' title='bbox 1378 828 1428 880; x_wconf 94' lang='lat' dir='ltr'><strong>in</strong></span> <span class='ocrx_word' id='word_1_51' title='bbox 1457 827 1578 882; x_wconf 84' lang='lat' dir='ltr'><strong>ﬁliis</strong></span> <span class='ocrx_word' id='word_1_52' title='bbox 1605 827 1904 881; x_wconf 87' lang='lat' dir='ltr'><strong>hominum.</strong></span> <span class='ocrx_word' id='word_1_53' title='bbox 1935 843 1954 877; x_wconf 75' lang='grc' dir='ltr'><strong>ι</strong></span> <span class='ocrx_word' id='word_1_54' title='bbox 1987 824 2124 879; x_wconf 86' lang='lat' dir='ltr'><strong>Nam</strong></span> 
     </span>
    </p>
   </div>
   <div class='ocr_carea' id='block_1_10' title="bbox 555 915 2122 992">
    <p class='ocr_par' dir='ltr' id='par_1_10' title="bbox 555 915 2122 992">
     <span class='ocr_line' id='line_1_10' title="bbox 555 915 2122 992; baseline -0.003 -20"><span class='ocrx_word' id='word_1_55' title='bbox 555 923 814 976; x_wconf 77' lang='lat' dir='ltr'><strong>Conditor</strong></span> <span class='ocrx_word' id='word_1_56' title='bbox 872 922 1088 992; x_wconf 79' lang='lat' dir='ltr'><strong>quidem</strong></span> <span class='ocrx_word' id='word_1_57' title='bbox 1136 919 1304 974; x_wconf 86' lang='lat' dir='ltr'><strong>Filius</strong></span> <span class='ocrx_word' id='word_1_58' title='bbox 1347 917 1605 986; x_wconf 84' lang='lat' dir='ltr'><strong>Verbum,</strong></span> <span class='ocrx_word' id='word_1_59' title='bbox 1666 918 1757 987; x_wconf 92' lang='lat' dir='ltr'><strong>qui</strong></span> <span class='ocrx_word' id='word_1_60' title='bbox 1804 915 1983 970; x_wconf 85' lang='lat' dir='ltr'><strong>omnia</strong></span> <span class='ocrx_word' id='word_1_61' title='bbox 2026 931 2122 969; x_wconf 86' lang='lat' dir='ltr'><strong>an-</strong></span> 
     </span>
    </p>
   </div>
   <div class='ocr_carea' id='block_1_11' title="bbox 555 1008 2120 1082">
    <p class='ocr_par' dir='ltr' id='par_1_11' title="bbox 555 1008 2120 1082">
     <span class='ocr_line' id='line_1_11' title="bbox 555 1008 2120 1082; baseline -0.003 -17"><span class='ocrx_word' id='word_1_62' title='bbox 555 1020 642 1066; x_wconf 85' lang='lat' dir='ltr'><strong>tea</strong></span> <span class='ocrx_word' id='word_1_63' title='bbox 687 1024 741 1066; x_wconf 89' lang='lat' dir='ltr'><strong>et</strong></span> <span class='ocrx_word' id='word_1_64' title='bbox 789 1011 1148 1082; x_wconf 84' lang='lat' dir='ltr'><strong>praesciebat,</strong></span> <span class='ocrx_word' id='word_1_65' title='bbox 1211 1020 1266 1064; x_wconf 88' lang='lat' dir='ltr'><strong>et</strong></span> <span class='ocrx_word' id='word_1_66' title='bbox 1304 1019 1549 1079; x_wconf 83' lang='lat' dir='ltr'><strong>poterat,</strong></span> <span class='ocrx_word' id='word_1_67' title='bbox 1601 1011 1800 1079; x_wconf 92' lang='lat' dir='ltr'><strong>quique</strong></span> <span class='ocrx_word' id='word_1_68' title='bbox 1845 1021 1972 1077; x_wconf 87' lang='lat' dir='ltr'><strong>erga</strong></span> <span class='ocrx_word' id='word_1_69' title='bbox 2016 1008 2120 1062; x_wconf 84' lang='lat' dir='ltr'><strong>ini-</strong></span> 
     </span>
    </p>
   </div>
   <div class='ocr_carea' id='block_1_12' title="bbox 553 1103 2123 1175">
    <p class='ocr_par' dir='ltr' id='par_1_12' title="bbox 553 1103 2123 1175">
     <span class='ocr_line' id='line_1_12' title="bbox 553 1103 2123 1175; baseline -0.001 -17"><span class='ocrx_word' id='word_1_70' title='bbox 553 1122 714 1175; x_wconf 90' lang='lat' dir='ltr'><strong>quam</strong></span> <span class='ocrx_word' id='word_1_71' title='bbox 755 1105 940 1170; x_wconf 84' lang='lat' dir='ltr'><strong>etiam,</strong></span> <span class='ocrx_word' id='word_1_72' title='bbox 969 1115 1022 1158; x_wconf 92' lang='lat' dir='ltr'><strong>et</strong></span> <span class='ocrx_word' id='word_1_73' title='bbox 1053 1119 1215 1174; x_wconf 86' lang='lat' dir='ltr'><strong>prave</strong></span> <span class='ocrx_word' id='word_1_74' title='bbox 1249 1103 1570 1158; x_wconf 85' lang='lat' dir='ltr'><strong>sentientem</strong></span> <span class='ocrx_word' id='word_1_75' title='bbox 1615 1105 2010 1158; x_wconf 88' lang='lat' dir='ltr'><strong>multitudinem</strong></span> <span class='ocrx_word' id='word_1_76' title='bbox 2043 1103 2123 1156; x_wconf 86' lang='lat' dir='ltr'><strong>le-</strong></span> 
     </span>
    </p>
   </div>
   <div class='ocr_carea' id='block_1_13' title="bbox 553 1194 2124 1264">
    <p class='ocr_par' dir='ltr' id='par_1_13' title="bbox 553 1194 2124 1264">
     <span class='ocr_line' id='line_1_13' title="bbox 553 1194 2124 1264; baseline -0.003 -13"><span class='ocrx_word' id='word_1_77' title='bbox 553 1199 642 1251; x_wconf 90' lang='lat' dir='ltr'><strong>nis</strong></span> <span class='ocrx_word' id='word_1_78' title='bbox 687 1206 790 1262; x_wconf 90' lang='lat' dir='ltr'><strong>est,</strong></span> <span class='ocrx_word' id='word_1_79' title='bbox 838 1213 900 1250; x_wconf 90' lang='lat' dir='ltr'><strong>ac</strong></span> <span class='ocrx_word' id='word_1_80' title='bbox 933 1197 1085 1250; x_wconf 82' lang='lat' dir='ltr'><strong>tarde</strong></span> <span class='ocrx_word' id='word_1_81' title='bbox 1111 1194 1388 1258; x_wconf 87' lang='lat' dir='ltr'><strong>irascitur,</strong></span> <span class='ocrx_word' id='word_1_82' title='bbox 1420 1202 1474 1248; x_wconf 85' lang='lat' dir='ltr'><strong>et</strong></span> <span class='ocrx_word' id='word_1_83' title='bbox 1518 1195 1894 1264; x_wconf 68' lang='lat' dir='ltr'><strong>paenitentiam</strong></span> <span class='ocrx_word' id='word_1_84' title='bbox 1934 1208 2124 1263; x_wconf 81' lang='lat' dir='ltr'><strong>exspe-</strong></span> 
     </span>
    </p>
   </div>
   <div class='ocr_carea' id='block_1_14' title="bbox 2231 553 3756 625">
    <p class='ocr_par' dir='ltr' id='par_1_14' title="bbox 2231 553 3756 625">
     <span class='ocr_line' id='line_1_14' title="bbox 2231 553 3756 625; baseline 0.001 -19"><span class='ocrx_word' id='word_1_85' title='bbox 2231 553 2464 625; x_wconf 87' lang='grc' dir='ltr'>ριμένων</span> <span class='ocrx_word' id='word_1_86' title='bbox 2515 553 2831 624; x_wconf 83' lang='grc' dir='ltr'>μετάνοιαν,</span> <span class='ocrx_word' id='word_1_87' title='bbox 2888 553 3209 616; x_wconf 76' lang='grc' dir='ltr'><strong>συντελέσας</strong></span> <span class='ocrx_word' id='word_1_88' title='bbox 3258 553 3326 606; x_wconf 77' lang='grc' dir='ltr'>τὰ</span> <span class='ocrx_word' id='word_1_89' title='bbox 3389 555 3570 618; x_wconf 83' lang='grc' dir='ltr'>πάντα,</span> <span class='ocrx_word' id='word_1_90' title='bbox 3612 572 3756 625; x_wconf 81' lang='grc' dir='ltr'>προσ-</span> 
     </span>
    </p>
   </div>
   <div class='ocr_carea' id='block_1_15' title="bbox 2227 645 3760 720">
    <p class='ocr_par' dir='ltr' id='par_1_15' title="bbox 2227 645 3760 720">
     <span class='ocr_line' id='line_1_15' title="bbox 2227 645 3760 720; baseline 0.003 -22"><span class='ocrx_word' id='word_1_91' title='bbox 2227 646 2412 718; x_wconf 81' lang='grc' dir='ltr'>έχαιρε</span> <span class='ocrx_word' id='word_1_92' title='bbox 2451 648 2516 718; x_wconf 79' lang='grc' dir='ltr'>τῇ</span> <span class='ocrx_word' id='word_1_93' title='bbox 2577 645 2773 720; x_wconf 86' lang='grc' dir='ltr'>ἑνούσῃ</span> <span class='ocrx_word' id='word_1_94' title='bbox 2824 648 2937 710; x_wconf 85' lang='grc' dir='ltr'>τοῖς</span> <span class='ocrx_word' id='word_1_95' title='bbox 2985 645 3277 717; x_wconf 87' lang='grc' dir='ltr'>κτίσμασιν</span> <span class='ocrx_word' id='word_1_96' title='bbox 3307 645 3464 700; x_wconf 86' lang='grc' dir='ltr'>αύτοῦ</span> <span class='ocrx_word' id='word_1_97' title='bbox 3493 647 3652 719; x_wconf 78' lang='grc' dir='ltr'>σοφίᾳ,</span> <span class='ocrx_word' id='word_1_98' title='bbox 3683 650 3760 702; x_wconf 75' lang='grc' dir='ltr'><strong>καὶ</strong></span> 
     </span>
    </p>
   </div>
   <div class='ocr_carea' id='block_1_16' title="bbox 2228 737 3757 810">
    <p class='ocr_par' dir='ltr' id='par_1_16' title="bbox 2228 737 3757 810">
     <span class='ocr_line' id='line_1_16' title="bbox 2228 737 3757 810; baseline -0.001 -18"><span class='ocrx_word' id='word_1_99' title='bbox 2228 739 2608 808; x_wconf 85' lang='grc' dir='ltr'>ὲνευφραίνετο</span> <span class='ocrx_word' id='word_1_100' title='bbox 2639 740 2695 792; x_wconf 84' lang='grc' dir='ltr'>ὲν</span> <span class='ocrx_word' id='word_1_101' title='bbox 2730 739 2889 810; x_wconf 81' lang='grc' dir='ltr'>αὐτῇ,</span> <span class='ocrx_word' id='word_1_102' title='bbox 2925 737 3352 808; x_wconf 84' lang='grc' dir='ltr'>ἑπιγαννύμενος</span> <span class='ocrx_word' id='word_1_103' title='bbox 3379 738 3452 808; x_wconf 84' lang='grc' dir='ltr'>τῷ</span> <span class='ocrx_word' id='word_1_104' title='bbox 3482 739 3584 809; x_wconf 70' lang='grc' dir='ltr'>ἰδίῳ</span> <span class='ocrx_word' id='word_1_105' title='bbox 3605 738 3757 810; x_wconf 74' lang='grc' dir='ltr'>ἔργῳ·</span> 
     </span>
    </p>
   </div>
   <div class='ocr_carea' id='block_1_17' title="bbox 2227 827 3760 903">
    <p class='ocr_par' dir='ltr' id='par_1_17' title="bbox 2227 827 3760 903">
     <span class='ocr_line' id='line_1_17' title="bbox 2227 827 3760 903; baseline -0.001 -19"><span class='ocrx_word' id='word_1_106' title='bbox 2227 830 2544 903; x_wconf 80' lang='grc' dir='ltr'>εὐφραίνετο</span> <span class='ocrx_word' id='word_1_107' title='bbox 2571 831 2626 884; x_wconf 87' lang='grc' dir='ltr'>δὲ</span> <span class='ocrx_word' id='word_1_108' title='bbox 2650 831 2742 884; x_wconf 74' lang='grc' dir='ltr'>καὶ</span> <span class='ocrx_word' id='word_1_109' title='bbox 2766 831 2900 901; x_wconf 77' lang='grc' dir='ltr'>αὑτὴ</span> <span class='ocrx_word' id='word_1_110' title='bbox 2929 831 2985 882; x_wconf 80' lang='grc' dir='ltr'>ἐν</span> <span class='ocrx_word' id='word_1_111' title='bbox 3011 829 3286 902; x_wconf 81' lang='grc' dir='ltr'>προσώπῳ</span> <span class='ocrx_word' id='word_1_112' title='bbox 3312 830 3491 883; x_wconf 79' lang='grc' dir='ltr'>αὐτοῦ.</span> <span class='ocrx_word' id='word_1_113' title='bbox 3521 827 3641 884; x_wconf 78' lang='grc' dir='ltr'>Εἶτα</span> <span class='ocrx_word' id='word_1_114' title='bbox 3663 831 3760 899; x_wconf 82' lang='grc' dir='ltr'>μεθ’</span> 
     </span>
    </p>
   </div>
   <div class='ocr_carea' id='block_1_18' title="bbox 2226 919 3762 992">
    <p class='ocr_par' dir='ltr' id='par_1_18' title="bbox 2226 919 3762 992">
     <span class='ocr_line' id='line_1_18' title="bbox 2226 919 3762 992; baseline -0.003 -18"><span class='ocrx_word' id='word_1_115' title='bbox 2226 920 2392 992; x_wconf 73' lang='grc' dir='ltr'>ἓτερά</span> <span class='ocrx_word' id='word_1_116' title='bbox 2417 939 2608 992; x_wconf 88' lang='grc' dir='ltr'>φησιν·</span> <span class='ocrx_word' id='word_1_117' title='bbox 2644 942 2662 973; x_wconf 78' lang='grc' dir='ltr'><strong>ι</strong></span> <span class='ocrx_word' id='word_1_118' title='bbox 2695 923 2761 974; x_wconf 75' lang='lat' dir='ltr'><strong>Ai</strong></span> <span class='ocrx_word' id='word_1_119' title='bbox 2791 921 2847 974; x_wconf 81' lang='grc' dir='ltr'>δὲ</span> <span class='ocrx_word' id='word_1_120' title='bbox 2877 920 3042 988; x_wconf 76' lang='grc' dir='ltr'>ἔξοδοί</span> <span class='ocrx_word' id='word_1_121' title='bbox 3081 938 3183 992; x_wconf 92' lang='grc' dir='ltr'><strong>μου</strong></span> <span class='ocrx_word' id='word_1_122' title='bbox 3228 921 3286 973; x_wconf 87' lang='grc' dir='ltr'><strong>ἑν</strong></span> <span class='ocrx_word' id='word_1_123' title='bbox 3337 921 3472 984; x_wconf 82' lang='grc' dir='ltr'>δδοίς</span> <span class='ocrx_word' id='word_1_124' title='bbox 3504 919 3651 990; x_wconf 81' lang='grc' dir='ltr'>ζωῆς,</span> <span class='ocrx_word' id='word_1_125' title='bbox 3684 920 3762 972; x_wconf 80' lang='grc' dir='ltr'><strong>καὶ</strong></span> 
     </span>
    </p>
   </div>
   <div class='ocr_carea' id='block_1_19' title="bbox 2231 1012 3764 1085">
    <p class='ocr_par' dir='ltr' id='par_1_19' title="bbox 2231 1012 3764 1085">
     <span class='ocr_line' id='line_1_19' title="bbox 2231 1012 3764 1085; baseline -0.002 -19"><span class='ocrx_word' id='word_1_126' title='bbox 2231 1013 2574 1084; x_wconf 77' lang='grc' dir='ltr'>ἑτοιμάζεται</span> <span class='ocrx_word' id='word_1_127' title='bbox 2595 1015 2810 1084; x_wconf 83' lang='grc' dir='ltr'>Θέλησις</span> <span class='ocrx_word' id='word_1_128' title='bbox 2827 1015 2977 1085; x_wconf 83' lang='grc' dir='ltr'><strong>παρά</strong></span> <span class='ocrx_word' id='word_1_129' title='bbox 2997 1014 3220 1085; x_wconf 84' lang='grc' dir='ltr'>Κυρίου.</span> <span class='ocrx_word' id='word_1_130' title='bbox 3238 1014 3299 1066; x_wconf 84' lang='grc' dir='ltr'>Οί</span> <span class='ocrx_word' id='word_1_131' title='bbox 3324 1013 3378 1066; x_wconf 82' lang='grc' dir='ltr'>δὲ</span> <span class='ocrx_word' id='word_1_132' title='bbox 3405 1012 3764 1084; x_wconf 74' lang='grc' dir='ltr'><strong>ἁμαρτάνοντες</strong></span> 
     </span>
    </p>
   </div>
   <div class='ocr_carea' id='block_1_20' title="bbox 2231 1102 3763 1177">
    <p class='ocr_par' dir='ltr' id='par_1_20' title="bbox 2231 1102 3763 1177">
     <span class='ocr_line' id='line_1_20' title="bbox 2231 1102 3763 1177; baseline -0.001 -21"><span class='ocrx_word' id='word_1_133' title='bbox 2231 1106 2311 1168; x_wconf 84' lang='grc' dir='ltr'><strong>είς</strong></span> <span class='ocrx_word' id='word_1_134' title='bbox 2344 1105 2443 1175; x_wconf 82' lang='grc' dir='ltr'>ἐμὲ</span> <span class='ocrx_word' id='word_1_135' title='bbox 2501 1107 2857 1177; x_wconf 76' lang='grc' dir='ltr'>ἀσεϐήσουσιν</span> <span class='ocrx_word' id='word_1_136' title='bbox 2899 1107 2980 1170; x_wconf 88' lang='grc' dir='ltr'>εἰς</span> <span class='ocrx_word' id='word_1_137' title='bbox 3012 1105 3109 1169; x_wconf 84' lang='grc' dir='ltr'><strong>τάς</strong></span> <span class='ocrx_word' id='word_1_138' title='bbox 3142 1107 3348 1158; x_wconf 80' lang='grc' dir='ltr'><strong>ἑαυτῶν</strong></span> <span class='ocrx_word' id='word_1_139' title='bbox 3383 1103 3584 1174; x_wconf 74' lang='grc' dir='ltr'>ψυχάςο</span> <span class='ocrx_word' id='word_1_140' title='bbox 3613 1103 3697 1156; x_wconf 69' lang='grc' dir='ltr'><strong>καὶ</strong></span> <span class='ocrx_word' id='word_1_141' title='bbox 3720 1102 3763 1154; x_wconf 74' lang='grc' dir='ltr'>οἱ</span> 
     </span>
    </p>
   </div>
   <div class='ocr_carea' id='block_1_21' title="bbox 2235 1195 3369 1268">
    <p class='ocr_par' dir='ltr' id='par_1_21' title="bbox 2235 1195 3369 1268">
     <span class='ocr_line' id='line_1_21' title="bbox 2235 1195 3369 1268; baseline 0 -21"><span class='ocrx_word' id='word_1_142' title='bbox 2235 1195 2514 1266; x_wconf 84' lang='grc' dir='ltr'>μισοῦντές</span> <span class='ocrx_word' id='word_1_143' title='bbox 2542 1214 2609 1267; x_wconf 89' lang='grc' dir='ltr'><strong>με</strong></span> <span class='ocrx_word' id='word_1_144' title='bbox 2660 1197 3004 1268; x_wconf 84' lang='grc' dir='ltr'>ἀγαπήσουσι</span> <span class='ocrx_word' id='word_1_145' title='bbox 3065 1195 3312 1251; x_wconf 78' lang='grc' dir='ltr'>θάνατον.</span> <span class='ocrx_word' id='word_1_146' title='bbox 3350 1215 3369 1247; x_wconf 82' lang='grc' dir='ltr'><strong>ι</strong></span> 
     </span>
    </p>
   </div>
   <div class='ocr_carea' id='block_1_22' title="bbox 552 1284 3766 1358">
    <p class='ocr_par' dir='ltr' id='par_1_22' title="bbox 552 1284 3766 1358">
     <span class='ocr_line' id='line_1_22' title="bbox 552 1284 3766 1358; baseline -0.002 -14"><span class='ocrx_word' id='word_1_147' title='bbox 552 1298 696 1353; x_wconf 84' lang='lat' dir='ltr'><strong>ctat,</strong></span> <span class='ocrx_word' id='word_1_148' title='bbox 755 1301 1038 1358; x_wconf 83' lang='lat' dir='ltr'><strong>postquam</strong></span> <span class='ocrx_word' id='word_1_149' title='bbox 1101 1286 1280 1340; x_wconf 88' lang='lat' dir='ltr'><strong>omnia</strong></span> <span class='ocrx_word' id='word_1_150' title='bbox 1335 1285 1687 1354; x_wconf 79' lang='lat' dir='ltr'><strong>perfecisset,</strong></span> <span class='ocrx_word' id='word_1_151' title='bbox 1739 1286 2006 1356; x_wconf 85' lang='lat' dir='ltr'><strong>gaudebat</strong></span> <span class='ocrx_word' id='word_1_152' title='bbox 2059 1285 2124 1338; x_wconf 90' lang='lat' dir='ltr'><strong>de</strong></span> <span class='ocrx_word' id='word_1_153' title='bbox 2164 1285 2522 1344; x_wconf 84' lang='lat' dir='ltr'><strong>inexsistente</strong></span> <span class='ocrx_word' id='word_1_154' title='bbox 2589 1291 2856 1345; x_wconf 89' lang='lat' dir='ltr'><strong>creaturis</strong></span> <span class='ocrx_word' id='word_1_155' title='bbox 2888 1288 3002 1344; x_wconf 88' lang='lat' dir='ltr'><strong>suis</strong></span> <span class='ocrx_word' id='word_1_156' title='bbox 3066 1287 3351 1358; x_wconf 87' lang='lat' dir='ltr'><strong>sapientia,</strong></span> <span class='ocrx_word' id='word_1_157' title='bbox 3383 1287 3518 1344; x_wconf 88' lang='lat' dir='ltr'><strong>etin</strong></span> <span class='ocrx_word' id='word_1_158' title='bbox 3551 1301 3612 1343; x_wconf 86' lang='lat' dir='ltr'><strong>ea</strong></span> <span class='ocrx_word' id='word_1_159' title='bbox 3640 1284 3766 1340; x_wconf 80' lang='lat' dir='ltr'><strong>dele-</strong></span> 
     </span>
    </p>
   </div>
   <div class='ocr_carea' id='block_1_23' title="bbox 549 1375 3767 1453">
    <p class='ocr_par' dir='ltr' id='par_1_23' title="bbox 549 1375 3767 1453">
     <span class='ocr_line' id='line_1_23' title="bbox 549 1375 3767 1453; baseline -0.001 -16"><span class='ocrx_word' id='word_1_160' title='bbox 549 1384 817 1447; x_wconf 88' lang='lat' dir='ltr'><strong>ctabatur,</strong></span> <span class='ocrx_word' id='word_1_161' title='bbox 846 1382 898 1435; x_wconf 93' lang='lat' dir='ltr'><strong>in</strong></span> <span class='ocrx_word' id='word_1_162' title='bbox 930 1395 1026 1434; x_wconf 91' lang='lat' dir='ltr'><strong>suo</strong></span> <span class='ocrx_word' id='word_1_163' title='bbox 1056 1379 1224 1448; x_wconf 87' lang='lat' dir='ltr'><strong>ipsius</strong></span> <span class='ocrx_word' id='word_1_164' title='bbox 1249 1392 1410 1447; x_wconf 90' lang='lat' dir='ltr'><strong>opere</strong></span> <span class='ocrx_word' id='word_1_165' title='bbox 1439 1393 1556 1432; x_wconf 90' lang='lat' dir='ltr'><strong>sese</strong></span> <span class='ocrx_word' id='word_1_166' title='bbox 1578 1377 1851 1431; x_wconf 88' lang='lat' dir='ltr'><strong>oblectans</strong></span> <span class='ocrx_word' id='word_1_167' title='bbox 1876 1376 2010 1444; x_wconf 76' lang='lat'><strong>(5-9).</strong></span> <span class='ocrx_word' id='word_1_168' title='bbox 2033 1375 2104 1430; x_wconf 83' lang='lat' dir='ltr'><strong>At</strong></span> <span class='ocrx_word' id='word_1_169' title='bbox 2142 1376 2257 1446; x_wconf 91' lang='lat' dir='ltr'><strong>ipsa</strong></span> <span class='ocrx_word' id='word_1_170' title='bbox 2297 1379 2460 1434; x_wconf 87' lang='lat' dir='ltr'><strong>etiam</strong></span> <span class='ocrx_word' id='word_1_171' title='bbox 2504 1382 2769 1450; x_wconf 87' lang='lat' dir='ltr'><strong>sapientia</strong></span> <span class='ocrx_word' id='word_1_172' title='bbox 2817 1393 2998 1438; x_wconf 88' lang='lat' dir='ltr'><strong>creata</strong></span> <span class='ocrx_word' id='word_1_173' title='bbox 3066 1384 3118 1437; x_wconf 90' lang='lat' dir='ltr'><strong>in</strong></span> <span class='ocrx_word' id='word_1_174' title='bbox 3183 1396 3412 1453; x_wconf 86' lang='lat' dir='ltr'><strong>persona</strong></span> <span class='ocrx_word' id='word_1_175' title='bbox 3449 1379 3609 1451; x_wconf 88' lang='lat' dir='ltr'><strong>ipsius</strong></span> <span class='ocrx_word' id='word_1_176' title='bbox 3635 1378 3767 1433; x_wconf 89' lang='lat' dir='ltr'><strong>oble-</strong></span> 
     </span>
    </p>
   </div>
   <div class='ocr_carea' id='block_1_24' title="bbox 549 1466 3764 1542">
    <p class='ocr_par' dir='ltr' id='par_1_24' title="bbox 549 1466 3764 1542">
     <span class='ocr_line' id='line_1_24' title="bbox 549 1466 3764 1542; baseline -0.002 -12"><span class='ocrx_word' id='word_1_177' title='bbox 549 1475 818 1530; x_wconf 84' lang='lat' dir='ltr'><strong>ctabatur.</strong></span> <span class='ocrx_word' id='word_1_178' title='bbox 865 1472 1002 1526; x_wconf 89' lang='lat' dir='ltr'><strong>Tum</strong></span> <span class='ocrx_word' id='word_1_179' title='bbox 1046 1479 1165 1540; x_wconf 89' lang='lat' dir='ltr'><strong>post</strong></span> <span class='ocrx_word' id='word_1_180' title='bbox 1201 1470 1302 1524; x_wconf 88' lang='lat' dir='ltr'><strong>alia</strong></span> <span class='ocrx_word' id='word_1_181' title='bbox 1348 1468 1559 1538; x_wconf 87' lang='lat' dir='ltr'><strong>inquit:</strong></span> <span class='ocrx_word' id='word_1_182' title='bbox 1601 1488 1618 1520; x_wconf 86' lang='grc'><strong>‹</strong></span> <span class='ocrx_word' id='word_1_183' title='bbox 1652 1469 1838 1522; x_wconf 74' lang='lat' dir='ltr'><strong>Exitus</strong></span> <span class='ocrx_word' id='word_1_184' title='bbox 1862 1466 1970 1538; x_wconf 90' lang='lat'>(60)</span> <span class='ocrx_word' id='word_1_185' title='bbox 2035 1481 2164 1521; x_wconf 86' lang='lat' dir='ltr'><strong>vero</strong></span> <span class='ocrx_word' id='word_1_186' title='bbox 2201 1469 2306 1522; x_wconf 90' lang='lat' dir='ltr'><strong>mei</strong></span> <span class='ocrx_word' id='word_1_187' title='bbox 2354 1469 2406 1523; x_wconf 92' lang='lat' dir='ltr'><strong>in</strong></span> <span class='ocrx_word' id='word_1_188' title='bbox 2453 1472 2552 1525; x_wconf 91' lang='lat' dir='ltr'><strong>viis</strong></span> <span class='ocrx_word' id='word_1_189' title='bbox 2595 1473 2759 1528; x_wconf 75' lang='lat' dir='ltr'><strong>vine:</strong></span> <span class='ocrx_word' id='word_1_190' title='bbox 2791 1482 2847 1528; x_wconf 91' lang='lat' dir='ltr'><strong>et</strong></span> <span class='ocrx_word' id='word_1_191' title='bbox 2891 1482 3111 1542; x_wconf 90' lang='lat' dir='ltr'><strong>paratur</strong></span> <span class='ocrx_word' id='word_1_192' title='bbox 3175 1473 3423 1528; x_wconf 81' lang='lat' dir='ltr'><strong>voluntas</strong></span> <span class='ocrx_word' id='word_1_193' title='bbox 3478 1487 3505 1525; x_wconf 94' lang='lat' dir='ltr'><strong>a</strong></span> <span class='ocrx_word' id='word_1_194' title='bbox 3543 1469 3764 1526; x_wconf 87' lang='lat' dir='ltr'><strong>Domino.</strong></span> 
     </span>
    </p>
   </div>
   <div class='ocr_carea' id='block_1_25' title="bbox 549 1555 3764 1643">
    <p class='ocr_par' dir='ltr' id='par_1_25' title="bbox 549 1555 3764 1643">
     <span class='ocr_line' id='line_1_25' title="bbox 549 1555 3764 1643; baseline -0.002 -17"><span class='ocrx_word' id='word_1_195' title='bbox 549 1575 650 1642; x_wconf 88' lang='lat' dir='ltr'><strong>Qui</strong></span> <span class='ocrx_word' id='word_1_196' title='bbox 692 1586 869 1630; x_wconf 80' lang='lat' dir='ltr'><strong>antem</strong></span> <span class='ocrx_word' id='word_1_197' title='bbox 907 1579 1133 1643; x_wconf 89' lang='lat' dir='ltr'><strong>peccant</strong></span> <span class='ocrx_word' id='word_1_198' title='bbox 1179 1570 1230 1624; x_wconf 92' lang='lat' dir='ltr'><strong>in</strong></span> <span class='ocrx_word' id='word_1_199' title='bbox 1265 1585 1370 1636; x_wconf 88' lang='lat' dir='ltr'><strong>me,</strong></span> <span class='ocrx_word' id='word_1_200' title='bbox 1403 1568 1548 1635; x_wconf 88' lang='lat' dir='ltr'><strong>impii</strong></span> <span class='ocrx_word' id='word_1_201' title='bbox 1582 1575 1742 1622; x_wconf 92' lang='lat' dir='ltr'><strong>erunt</strong></span> <span class='ocrx_word' id='word_1_202' title='bbox 1773 1564 1885 1636; x_wconf 86' lang='grc'>(61)</span> <span class='ocrx_word' id='word_1_203' title='bbox 1910 1565 1962 1618; x_wconf 84' lang='grc' dir='ltr'>ἰιι</span> <span class='ocrx_word' id='word_1_204' title='bbox 2002 1579 2128 1620; x_wconf 90' lang='lat' dir='ltr'><strong>suas</strong></span> <span class='ocrx_word' id='word_1_205' title='bbox 2168 1564 2402 1636; x_wconf 90' lang='lat' dir='ltr'><strong>ipsorum</strong></span> <span class='ocrx_word' id='word_1_206' title='bbox 2472 1569 2696 1632; x_wconf 86' lang='lat' dir='ltr'><strong>animas,</strong></span> <span class='ocrx_word' id='word_1_207' title='bbox 2769 1579 2822 1623; x_wconf 89' lang='lat' dir='ltr'><strong>et</strong></span> <span class='ocrx_word' id='word_1_208' title='bbox 2861 1569 2950 1638; x_wconf 90' lang='lat' dir='ltr'><strong>qui</strong></span> <span class='ocrx_word' id='word_1_209' title='bbox 2996 1555 3228 1625; x_wconf 72' lang='lat' dir='ltr'><strong>oderunt</strong></span> <span class='ocrx_word' id='word_1_210' title='bbox 3269 1583 3378 1634; x_wconf 89' lang='lat' dir='ltr'><strong>me,</strong></span> <span class='ocrx_word' id='word_1_211' title='bbox 3409 1566 3616 1638; x_wconf 73' lang='lat' dir='ltr'><strong>diligent</strong></span> <span class='ocrx_word' id='word_1_212' title='bbox 3643 1579 3764 1621; x_wconf 86' lang='lat' dir='ltr'><strong>mor-</strong></span> 
     </span>
    </p>
   </div>
   <div class='ocr_carea' id='block_1_26' title="bbox 589 1687 734 1724">
    <p class='ocr_par' dir='ltr' id='par_1_26' title="bbox 589 1687 734 1724">
     <span class='ocr_line' id='line_1_26' title="bbox 589 1687 734 1724; baseline -0.021 -1"><span class='ocrx_word' id='word_1_213' title='bbox 589 1687 680 1724; x_wconf 72' lang='lat' dir='ltr'><strong>:lli.</strong></span> <span class='ocrx_word' id='word_1_214' title='bbox 716 1692 734 1720; x_wconf 72' lang='grc' dir='ltr'><strong>ι</strong></span> 
     </span>
    </p>
   </div>
   <div class='ocr_carea' id='block_1_27' title="bbox 552 1680 2117 1827">
    <p class='ocr_par' dir='ltr' id='par_1_27' title="bbox 552 1680 2117 1827">
     <span class='ocr_line' id='line_1_27' title="bbox 552 1680 734 1724; baseline -0.011 -2"><span class='ocrx_word' id='word_1_215' title='bbox 552 1680 680 1724; x_wconf 82' lang='lat' dir='ltr'><strong>teut.</strong></span> <span class='ocrx_word' id='word_1_216' title='bbox 716 1692 734 1720; x_wconf 72' lang='grc' dir='ltr'><strong>ι</strong></span> 
     </span>
     <span class='ocr_line' id='line_1_28' title="bbox 620 1748 2117 1827; baseline -0.011 -11"><span class='ocrx_word' id='word_1_217' title='bbox 620 1763 683 1816; x_wconf 85' lang='grc' dir='ltr'>Ει</span> <span class='ocrx_word' id='word_1_218' title='bbox 703 1761 894 1814; x_wconf 88' lang='lat' dir='ltr'><strong>merito</strong></span> <span class='ocrx_word' id='word_1_219' title='bbox 909 1758 1119 1827; x_wconf 90' lang='lat' dir='ltr'><strong>quidem</strong></span> <span class='ocrx_word' id='word_1_220' title='bbox 1142 1755 1222 1811; x_wconf 93' lang='lat' dir='ltr'><strong>sic</strong></span> <span class='ocrx_word' id='word_1_221' title='bbox 1243 1751 1385 1823; x_wconf 90' lang='lat' dir='ltr'><strong>loqui</strong></span> <span class='ocrx_word' id='word_1_222' title='bbox 1397 1762 1502 1806; x_wconf 92' lang='lat' dir='ltr'><strong>tur.</strong></span> <span class='ocrx_word' id='word_1_223' title='bbox 1526 1749 1625 1817; x_wconf 86' lang='lat' dir='ltr'><strong>Qui</strong></span> <span class='ocrx_word' id='word_1_224' title='bbox 1645 1749 1786 1804; x_wconf 91' lang='lat' dir='ltr'><strong>enim</strong></span> <span class='ocrx_word' id='word_1_225' title='bbox 1802 1764 1954 1804; x_wconf 89' lang='lat' dir='ltr'><strong>suam</strong></span> <span class='ocrx_word' id='word_1_226' title='bbox 1973 1748 2117 1816; x_wconf 88' lang='lat' dir='ltr'><strong>ipso-</strong></span> 
     </span>
    </p>
   </div>
   <div class='ocr_carea' id='block_1_28' title="bbox 2219 1680 3768 1827">
    <p class='ocr_par' dir='ltr' id='par_1_28' title="bbox 2293 1742 3768 1815">
     <span class='ocr_line' id='line_1_29' title="bbox 2293 1742 3768 1815; baseline -0.002 -17"><span class='ocrx_word' id='word_1_227' title='bbox 2293 1747 2400 1798; x_wconf 77' lang='grc' dir='ltr'>Καὶ</span> <span class='ocrx_word' id='word_1_228' title='bbox 2455 1745 2598 1814; x_wconf 82' lang='grc' dir='ltr'>μάλα</span> <span class='ocrx_word' id='word_1_229' title='bbox 2645 1744 2891 1806; x_wconf 83' lang='grc' dir='ltr'>είκότως.</span> <span class='ocrx_word' id='word_1_230' title='bbox 2939 1745 3001 1797; x_wconf 80' lang='lat' dir='ltr'><strong>Oi</strong></span> <span class='ocrx_word' id='word_1_231' title='bbox 3049 1743 3158 1815; x_wconf 82' lang='grc' dir='ltr'>γὰρ</span> <span class='ocrx_word' id='word_1_232' title='bbox 3195 1743 3286 1797; x_wconf 79' lang='grc' dir='ltr'>τὸν</span> <span class='ocrx_word' id='word_1_233' title='bbox 3321 1743 3527 1798; x_wconf 80' lang='grc' dir='ltr'><strong>ἑαυτῶν</strong></span> <span class='ocrx_word' id='word_1_234' title='bbox 3565 1742 3668 1813; x_wconf 87' lang='grc' dir='ltr'>βίον</span> <span class='ocrx_word' id='word_1_235' title='bbox 3704 1759 3768 1814; x_wconf 85' lang='grc' dir='ltr'><strong>μη</strong></span> 
     </span>
    </p>
   </div>
   <div class='ocr_carea' id='block_1_29' title="bbox 548 1840 2124 1920">
    <p class='ocr_par' dir='ltr' id='par_1_29' title="bbox 548 1840 2124 1920">
     <span class='ocr_line' id='line_1_30' title="bbox 548 1840 2124 1920; baseline -0.011 -12"><span class='ocrx_word' id='word_1_236' title='bbox 548 1869 665 1910; x_wconf 83' lang='lat' dir='ltr'><strong>rum</strong></span> <span class='ocrx_word' id='word_1_237' title='bbox 694 1854 857 1907; x_wconf 87' lang='lat' dir='ltr'><strong>vitam</strong></span> <span class='ocrx_word' id='word_1_238' title='bbox 889 1849 1154 1920; x_wconf 85' lang='lat' dir='ltr'><strong>sapientia</strong></span> <span class='ocrx_word' id='word_1_239' title='bbox 1181 1847 1316 1901; x_wconf 89' lang='lat' dir='ltr'><strong>duce</strong></span> <span class='ocrx_word' id='word_1_240' title='bbox 1347 1861 1448 1898; x_wconf 91' lang='lat' dir='ltr'><strong>non</strong></span> <span class='ocrx_word' id='word_1_241' title='bbox 1480 1845 1802 1914; x_wconf 86' lang='lat' dir='ltr'><strong>gubernant,</strong></span> <span class='ocrx_word' id='word_1_242' title='bbox 1824 1841 1857 1896; x_wconf 91' lang='lat' dir='ltr'><strong>ii</strong></span> <span class='ocrx_word' id='word_1_243' title='bbox 1885 1840 2124 1894; x_wconf 88' lang='lat' dir='ltr'><strong>sibimet-</strong></span> 
     </span>
    </p>
   </div>
   <div class='ocr_carea' id='block_1_30' title="bbox 548 1933 2124 2014">
    <p class='ocr_par' dir='ltr' id='par_1_30' title="bbox 548 1933 2124 2014">
     <span class='ocr_line' id='line_1_31' title="bbox 548 1933 2124 2014; baseline -0.01 -14"><span class='ocrx_word' id='word_1_244' title='bbox 548 1945 678 2014; x_wconf 90' lang='lat' dir='ltr'><strong>ipsis</strong></span> <span class='ocrx_word' id='word_1_245' title='bbox 695 1944 1109 2005; x_wconf 86' lang='lat' dir='ltr'><strong>insidiantur,et</strong></span> <span class='ocrx_word' id='word_1_246' title='bbox 1128 1953 1237 1993; x_wconf 74' lang='lat' dir='ltr'><strong>sua:</strong></span> <span class='ocrx_word' id='word_1_247' title='bbox 1255 1938 1493 2007; x_wconf 89' lang='lat' dir='ltr'><strong>ipsorum</strong></span> <span class='ocrx_word' id='word_1_248' title='bbox 1512 1933 1834 2003; x_wconf 64' lang='lat' dir='ltr'><strong>insipientia;</strong></span> <span class='ocrx_word' id='word_1_249' title='bbox 1871 1943 2033 2002; x_wconf 88' lang='lat' dir='ltr'><strong>atque</strong></span> <span class='ocrx_word' id='word_1_250' title='bbox 2051 1933 2124 1985; x_wconf 88' lang='lat' dir='ltr'><strong>in-</strong></span> 
     </span>
    </p>
   </div>
   <div class='ocr_carea' id='block_1_31' title="bbox 551 2025 2125 2106">
    <p class='ocr_par' dir='ltr' id='par_1_31' title="bbox 551 2025 2125 2106">
     <span class='ocr_line' id='line_1_32' title="bbox 551 2025 2125 2106; baseline -0.009 -13"><span class='ocrx_word' id='word_1_251' title='bbox 551 2039 725 2094; x_wconf 69' lang='lat' dir='ltr'><strong>scitia:</strong></span> <span class='ocrx_word' id='word_1_252' title='bbox 746 2045 1130 2106; x_wconf 88' lang='lat' dir='ltr'><strong>congruentem</strong></span> <span class='ocrx_word' id='word_1_253' title='bbox 1157 2030 1456 2086; x_wconf 87' lang='lat' dir='ltr'><strong>mercedem</strong></span> <span class='ocrx_word' id='word_1_254' title='bbox 1482 2027 1760 2082; x_wconf 90' lang='lat' dir='ltr'><strong>inveniunt</strong></span> <span class='ocrx_word' id='word_1_255' title='bbox 1779 2035 2029 2082; x_wconf 88' lang='lat' dir='ltr'><strong>mortem.</strong></span> <span class='ocrx_word' id='word_1_256' title='bbox 2053 2025 2125 2080; x_wconf 92' lang='lat' dir='ltr'><strong>Ut</strong></span> 
     </span>
    </p>
   </div>
   <div class='ocr_carea' id='block_1_32' title="bbox 550 2118 2120 2186">
    <p class='ocr_par' dir='ltr' id='par_1_32' title="bbox 550 2118 2120 2186">
     <span class='ocr_line' id='line_1_33' title="bbox 550 2118 2120 2186; baseline -0.007 -4"><span class='ocrx_word' id='word_1_257' title='bbox 550 2124 756 2182; x_wconf 87' lang='lat' dir='ltr'><strong>rectam</strong></span> <span class='ocrx_word' id='word_1_258' title='bbox 793 2139 942 2186; x_wconf 89' lang='lat' dir='ltr'><strong>vero,</strong></span> <span class='ocrx_word' id='word_1_259' title='bbox 992 2137 1056 2176; x_wconf 91' lang='lat' dir='ltr'><strong>ac</strong></span> <span class='ocrx_word' id='word_1_260' title='bbox 1098 2137 1286 2176; x_wconf 90' lang='lat' dir='ltr'><strong>sanam</strong></span> <span class='ocrx_word' id='word_1_261' title='bbox 1336 2118 1836 2186; x_wconf 87' lang='lat' dir='ltr'><strong>interpretationem</strong></span> <span class='ocrx_word' id='word_1_262' title='bbox 1882 2126 2120 2173; x_wconf 86' lang='lat' dir='ltr'><strong>nostram</strong></span> 
     </span>
    </p>
   </div>
   <div class='ocr_carea' id='block_1_33' title="bbox 545 2206 2112 2290">
    <p class='ocr_par' dir='ltr' id='par_1_33' title="bbox 545 2206 2112 2290">
     <span class='ocr_line' id='line_1_34' title="bbox 545 2206 2112 2290; baseline -0.011 -15"><span class='ocrx_word' id='word_1_263' title='bbox 545 2217 706 2290; x_wconf 82' lang='lat'><strong>337</strong></span> <span class='ocrx_word' id='word_1_264' title='bbox 743 2230 864 2270; x_wconf 89' lang='lat' dir='ltr'><strong>esse</strong></span> <span class='ocrx_word' id='word_1_265' title='bbox 893 2214 1003 2285; x_wconf 82' lang='grc'>(62)</span> <span class='ocrx_word' id='word_1_266' title='bbox 1031 2213 1259 2282; x_wconf 88' lang='lat' dir='ltr'><strong>quisque</strong></span> <span class='ocrx_word' id='word_1_267' title='bbox 1289 2210 1491 2273; x_wconf 87' lang='lat' dir='ltr'><strong>videat,</strong></span> <span class='ocrx_word' id='word_1_268' title='bbox 1522 2223 1586 2263; x_wconf 90' lang='lat' dir='ltr'><strong>ac</strong></span> <span class='ocrx_word' id='word_1_269' title='bbox 1619 2225 1685 2262; x_wconf 83' lang='lat' dir='ltr'><strong>ne</strong></span> <span class='ocrx_word' id='word_1_270' title='bbox 1721 2208 1848 2262; x_wconf 70' lang='lat' dir='ltr'><strong>czeci</strong></span> <span class='ocrx_word' id='word_1_271' title='bbox 1871 2206 2112 2276; x_wconf 90' lang='lat' dir='ltr'><strong>quidem,</strong></span> 
     </span>
    </p>
   </div>
   <div class='ocr_carea' id='block_1_34' title="bbox 547 2298 2120 2372">
    <p class='ocr_par' dir='ltr' id='par_1_34' title="bbox 547 2298 2120 2372">
     <span class='ocr_line' id='line_1_35' title="bbox 547 2298 2120 2372; baseline -0.006 -9"><span class='ocrx_word' id='word_1_272' title='bbox 547 2321 608 2363; x_wconf 89' lang='lat' dir='ltr'><strong>ut</strong></span> <span class='ocrx_word' id='word_1_273' title='bbox 637 2307 740 2362; x_wconf 89' lang='lat' dir='ltr'><strong>dici</strong></span> <span class='ocrx_word' id='word_1_274' title='bbox 778 2305 934 2372; x_wconf 88' lang='lat' dir='ltr'><strong>solet,</strong></span> <span class='ocrx_word' id='word_1_275' title='bbox 971 2305 1038 2359; x_wconf 92' lang='lat' dir='ltr'><strong>de</strong></span> <span class='ocrx_word' id='word_1_276' title='bbox 1077 2303 1179 2358; x_wconf 89' lang='lat' dir='ltr'><strong>hac</strong></span> <span class='ocrx_word' id='word_1_277' title='bbox 1213 2317 1272 2357; x_wconf 89' lang='lat' dir='ltr'><strong>re</strong></span> <span class='ocrx_word' id='word_1_278' title='bbox 1309 2301 1585 2370; x_wconf 82' lang='lat' dir='ltr'><strong>ambigere</strong></span> <span class='ocrx_word' id='word_1_279' title='bbox 1618 2308 1855 2368; x_wconf 86' lang='lat' dir='ltr'><strong>queant;</strong></span> <span class='ocrx_word' id='word_1_280' title='bbox 1915 2298 1984 2353; x_wconf 89' lang='lat' dir='ltr'><strong>de</strong></span> <span class='ocrx_word' id='word_1_281' title='bbox 2028 2298 2120 2354; x_wconf 92' lang='lat' dir='ltr'><strong>illo</strong></span> 
     </span>
    </p>
   </div>
   <div class='ocr_carea' id='block_1_35' title="bbox 546 2389 2122 2472">
    <p class='ocr_par' dir='ltr' id='par_1_35' title="bbox 546 2389 2122 2472">
     <span class='ocr_line' id='line_1_36' title="bbox 546 2389 2122 2472; baseline -0.008 -15"><span class='ocrx_word' id='word_1_282' title='bbox 546 2403 684 2472; x_wconf 91' lang='lat' dir='ltr'><strong>ipso,</strong></span> <span class='ocrx_word' id='word_1_283' title='bbox 713 2400 778 2455; x_wconf 88' lang='lat' dir='ltr'><strong>de</strong></span> <span class='ocrx_word' id='word_1_284' title='bbox 809 2413 916 2468; x_wconf 92' lang='lat' dir='ltr'><strong>quo</strong></span> <span class='ocrx_word' id='word_1_285' title='bbox 943 2395 1080 2450; x_wconf 80' lang='lat' dir='ltr'><strong>dixit</strong></span> <span class='ocrx_word' id='word_1_286' title='bbox 1105 2394 1340 2450; x_wconf 86' lang='lat' dir='ltr'><strong>Joannes</strong></span> <span class='ocrx_word' id='word_1_287' title='bbox 1380 2393 1520 2466; x_wconf 73' lang='lat'>(63),</span> <span class='ocrx_word' id='word_1_288' title='bbox 1553 2412 1572 2444; x_wconf 82' lang='grc' dir='ltr'><strong>ι</strong></span> <span class='ocrx_word' id='word_1_289' title='bbox 1611 2391 1680 2446; x_wconf 86' lang='lat' dir='ltr'><strong>Et</strong></span> <span class='ocrx_word' id='word_1_290' title='bbox 1719 2389 1955 2446; x_wconf 80' lang='lat' dir='ltr'><strong>Verbum</strong></span> <span class='ocrx_word' id='word_1_291' title='bbox 1986 2405 2122 2445; x_wconf 90' lang='lat' dir='ltr'><strong>caro</strong></span> 
     </span>
    </p>
   </div>
   <div class='ocr_carea' id='block_1_36' title="bbox 544 2481 2119 2553">
    <p class='ocr_par' dir='ltr' id='par_1_36' title="bbox 544 2481 2119 2553">
     <span class='ocr_line' id='line_1_37' title="bbox 544 2481 2119 2553; baseline -0.008 -6"><span class='ocrx_word' id='word_1_292' title='bbox 544 2492 746 2547; x_wconf 75' lang='lat' dir='ltr'><strong>factum</strong></span> <span class='ocrx_word' id='word_1_293' title='bbox 781 2496 886 2553; x_wconf 84' lang='lat' dir='ltr'><strong>est,</strong></span> <span class='ocrx_word' id='word_1_294' title='bbox 915 2496 972 2541; x_wconf 89' lang='lat' dir='ltr'><strong>et</strong></span> <span class='ocrx_word' id='word_1_295' title='bbox 1003 2485 1265 2541; x_wconf 83' lang='lat' dir='ltr'><strong>habitavit</strong></span> <span class='ocrx_word' id='word_1_296' title='bbox 1294 2485 1346 2538; x_wconf 88' lang='lat' dir='ltr'><strong>io</strong></span> <span class='ocrx_word' id='word_1_297' title='bbox 1375 2483 1552 2548; x_wconf 88' lang='lat' dir='ltr'><strong>nobis,</strong></span> <span class='ocrx_word' id='word_1_298' title='bbox 1587 2501 1607 2535; x_wconf 76' lang='grc' dir='ltr'><strong>ι</strong></span> <span class='ocrx_word' id='word_1_299' title='bbox 1639 2481 1905 2551; x_wconf 88' lang='lat' dir='ltr'><strong>sapientia</strong></span> <span class='ocrx_word' id='word_1_300' title='bbox 1935 2491 2119 2534; x_wconf 84' lang='lat' dir='ltr'><strong>creata</strong></span> 
     </span>
    </p>
   </div>
   <div class='ocr_carea' id='block_1_37' title="bbox 543 2575 2120 2651">
    <p class='ocr_par' dir='ltr' id='par_1_37' title="bbox 543 2575 2120 2651">
     <span class='ocr_line' id='line_1_38' title="bbox 543 2575 2120 2651; baseline -0.008 -13"><span class='ocrx_word' id='word_1_301' title='bbox 543 2580 738 2651; x_wconf 87' lang='lat' dir='ltr'><strong>inquit,</strong></span> <span class='ocrx_word' id='word_1_302' title='bbox 775 2596 793 2631; x_wconf 86' lang='grc' dir='ltr'><strong>ι</strong></span> <span class='ocrx_word' id='word_1_303' title='bbox 830 2577 1107 2646; x_wconf 87' lang='lat' dir='ltr'><strong>Sapientia</strong></span> <span class='ocrx_word' id='word_1_304' title='bbox 1147 2575 1259 2647; x_wconf 77' lang='grc'>(64)</span> <span class='ocrx_word' id='word_1_305' title='bbox 1291 2575 1578 2630; x_wconf 67' lang='lat' dir='ltr'><strong>aediﬁcavit</strong></span> <span class='ocrx_word' id='word_1_306' title='bbox 1627 2575 1729 2630; x_wconf 88' lang='lat' dir='ltr'><strong>sibi</strong></span> <span class='ocrx_word' id='word_1_307' title='bbox 1769 2575 2012 2637; x_wconf 90' lang='lat' dir='ltr'><strong>domum,</strong></span> <span class='ocrx_word' id='word_1_308' title='bbox 2065 2582 2120 2628; x_wconf 86' lang='lat' dir='ltr'><strong>et</strong></span> 
     </span>
    </p>
   </div>
   <div class='ocr_carea' id='block_1_38' title="bbox 544 2664 2121 2736">
    <p class='ocr_par' dir='ltr' id='par_1_38' title="bbox 544 2664 2121 2736">
     <span class='ocr_line' id='line_1_39' title="bbox 544 2664 2121 2736; baseline -0.004 -11"><span class='ocrx_word' id='word_1_309' title='bbox 544 2670 774 2725; x_wconf 72' lang='lat' dir='ltr'><strong>suﬂ‘ulsit</strong></span> <span class='ocrx_word' id='word_1_310' title='bbox 805 2667 1082 2722; x_wconf 84' lang='lat' dir='ltr'><strong>columnas</strong></span> <span class='ocrx_word' id='word_1_311' title='bbox 1132 2676 1359 2736; x_wconf 91' lang='lat' dir='ltr'><strong>septem.</strong></span> <span class='ocrx_word' id='word_1_312' title='bbox 1406 2684 1424 2716; x_wconf 77' lang='grc' dir='ltr'><strong>ι</strong></span> <span class='ocrx_word' id='word_1_313' title='bbox 1491 2665 1567 2719; x_wconf 92' lang='lat' dir='ltr'><strong>De</strong></span> <span class='ocrx_word' id='word_1_314' title='bbox 1621 2680 1728 2735; x_wconf 86' lang='lat' dir='ltr'><strong>qua</strong></span> <span class='ocrx_word' id='word_1_315' title='bbox 1789 2664 1947 2718; x_wconf 85' lang='lat' dir='ltr'><strong>domo</strong></span> <span class='ocrx_word' id='word_1_316' title='bbox 2006 2664 2121 2733; x_wconf 90' lang='lat' dir='ltr'><strong>ipse</strong></span> 
     </span>
    </p>
   </div>
   <div class='ocr_carea' id='block_1_39' title="bbox 543 2755 2119 2828">
    <p class='ocr_par' dir='ltr' id='par_1_39' title="bbox 543 2755 2119 2828">
     <span class='ocr_line' id='line_1_40' title="bbox 543 2755 2119 2828; baseline -0.006 -11"><span class='ocrx_word' id='word_1_317' title='bbox 543 2763 802 2818; x_wconf 91' lang='lat' dir='ltr'><strong>Dominus</strong></span> <span class='ocrx_word' id='word_1_318' title='bbox 833 2761 909 2814; x_wconf 88' lang='lat' dir='ltr'><strong>ait</strong></span> <span class='ocrx_word' id='word_1_319' title='bbox 946 2776 960 2812; x_wconf 90' lang='lat'><strong>:</strong></span> <span class='ocrx_word' id='word_1_320' title='bbox 1007 2777 1026 2809; x_wconf 83' lang='grc' dir='ltr'><strong>ι</strong></span> <span class='ocrx_word' id='word_1_321' title='bbox 1063 2756 1267 2813; x_wconf 78' lang='lat' dir='ltr'><strong>Solvite</strong></span> <span class='ocrx_word' id='word_1_322' title='bbox 1295 2755 1408 2828; x_wconf 85' lang='grc'>(65)</span> <span class='ocrx_word' id='word_1_323' title='bbox 1460 2758 1717 2826; x_wconf 88' lang='lat' dir='ltr'><strong>templum</strong></span> <span class='ocrx_word' id='word_1_324' title='bbox 1763 2757 1882 2819; x_wconf 85' lang='lat' dir='ltr'><strong>hoc,</strong></span> <span class='ocrx_word' id='word_1_325' title='bbox 1914 2763 1968 2809; x_wconf 93' lang='lat' dir='ltr'><strong>et</strong></span> <span class='ocrx_word' id='word_1_326' title='bbox 2021 2771 2119 2824; x_wconf 87' lang='lat' dir='ltr'><strong>ego</strong></span> 
     </span>
    </p>
   </div>
   <div class='ocr_carea' id='block_1_40' title="bbox 542 2848 2118 2915">
    <p class='ocr_par' dir='ltr' id='par_1_40' title="bbox 542 2848 2118 2915">
     <span class='ocr_line' id='line_1_41' title="bbox 542 2848 2118 2915; baseline -0.006 -7"><span class='ocrx_word' id='word_1_327' title='bbox 542 2855 597 2909; x_wconf 91' lang='lat' dir='ltr'><strong>in</strong></span> <span class='ocrx_word' id='word_1_328' title='bbox 628 2856 800 2909; x_wconf 86' lang='lat' dir='ltr'><strong>tribus</strong></span> <span class='ocrx_word' id='word_1_329' title='bbox 826 2852 1014 2907; x_wconf 90' lang='lat' dir='ltr'><strong>diebus</strong></span> <span class='ocrx_word' id='word_1_330' title='bbox 1045 2850 1299 2906; x_wconf 81' lang='lat' dir='ltr'><strong>excitabo</strong></span> <span class='ocrx_word' id='word_1_331' title='bbox 1332 2849 1482 2902; x_wconf 89' lang='lat' dir='ltr'><strong>illud.</strong></span> <span class='ocrx_word' id='word_1_332' title='bbox 1527 2867 1546 2899; x_wconf 76' lang='grc' dir='ltr'><strong>ι</strong></span> <span class='ocrx_word' id='word_1_333' title='bbox 1587 2848 1694 2901; x_wconf 85' lang='lat' dir='ltr'><strong>Sed</strong></span> <span class='ocrx_word' id='word_1_334' title='bbox 1720 2856 1776 2900; x_wconf 92' lang='lat' dir='ltr'><strong>ut</strong></span> <span class='ocrx_word' id='word_1_335' title='bbox 1812 2849 1982 2915; x_wconf 86' lang='lat' dir='ltr'><strong>magis</strong></span> <span class='ocrx_word' id='word_1_336' title='bbox 2005 2862 2118 2898; x_wconf 88' lang='lat' dir='ltr'><strong>ma-</strong></span> 
     </span>
    </p>
   </div>
   <div class='ocr_carea' id='block_1_41' title="bbox 543 2937 2117 3016">
    <p class='ocr_par' dir='ltr' id='par_1_41' title="bbox 543 2937 2117 3016">
     <span class='ocr_line' id='line_1_42' title="bbox 543 2937 2117 3016; baseline -0.005 -16"><span class='ocrx_word' id='word_1_337' title='bbox 543 2946 731 3016; x_wconf 86' lang='lat' dir='ltr'><strong>gisque</strong></span> <span class='ocrx_word' id='word_1_338' title='bbox 779 2943 1030 2999; x_wconf 88' lang='lat' dir='ltr'><strong>ostendat</strong></span> <span class='ocrx_word' id='word_1_339' title='bbox 1082 2941 1358 3005; x_wconf 90' lang='lat' dir='ltr'><strong>Salomon,</strong></span> <span class='ocrx_word' id='word_1_340' title='bbox 1391 2941 1458 2995; x_wconf 91' lang='lat' dir='ltr'><strong>de</strong></span> <span class='ocrx_word' id='word_1_341' title='bbox 1487 2940 1788 2994; x_wconf 86' lang='lat' dir='ltr'><strong>conditrice</strong></span> <span class='ocrx_word' id='word_1_342' title='bbox 1839 2937 2117 3008; x_wconf 90' lang='lat' dir='ltr'><strong>Sapientia</strong></span> 
     </span>
    </p>
   </div>
   <div class='ocr_carea' id='block_1_42' title="bbox 547 3029 2113 3102">
    <p class='ocr_par' dir='ltr' id='par_1_42' title="bbox 547 3029 2113 3102">
     <span class='ocr_line' id='line_1_43' title="bbox 547 3029 2113 3102; baseline -0.004 -13"><span class='ocrx_word' id='word_1_343' title='bbox 547 3049 744 3098; x_wconf 74' lang='lat' dir='ltr'><strong>se.non</strong></span> <span class='ocrx_word' id='word_1_344' title='bbox 797 3033 966 3102; x_wconf 91' lang='lat' dir='ltr'><strong>loqui,</strong></span> <span class='ocrx_word' id='word_1_345' title='bbox 1008 3032 1061 3086; x_wconf 92' lang='lat' dir='ltr'><strong>in</strong></span> <span class='ocrx_word' id='word_1_346' title='bbox 1101 3031 1450 3100; x_wconf 88' lang='lat' dir='ltr'><strong>sequentibus</strong></span> <span class='ocrx_word' id='word_1_347' title='bbox 1489 3030 1562 3085; x_wconf 89' lang='lat' dir='ltr'><strong>ita</strong></span> <span class='ocrx_word' id='word_1_348' title='bbox 1588 3029 1857 3084; x_wconf 88' lang='lat' dir='ltr'><strong>disserere</strong></span> <span class='ocrx_word' id='word_1_349' title='bbox 1891 3029 2064 3100; x_wconf 82' lang='lat' dir='ltr'><strong>pergit</strong></span> <span class='ocrx_word' id='word_1_350' title='bbox 2098 3046 2113 3082; x_wconf 91' lang='lat'><strong>:</strong></span> 
     </span>
    </p>
   </div>
   <div class='ocr_carea' id='block_1_43' title="bbox 2227 1833 3770 1908">
    <p class='ocr_par' dir='ltr' id='par_1_43' title="bbox 2227 1833 3770 1908">
     <span class='ocr_line' id='line_1_44' title="bbox 2227 1833 3770 1908; baseline -0.003 -17"><span class='ocrx_word' id='word_1_351' title='bbox 2227 1838 2389 1907; x_wconf 82' lang='grc' dir='ltr'>σοφίᾳ</span> <span class='ocrx_word' id='word_1_352' title='bbox 2419 1836 2806 1908; x_wconf 77' lang='grc' dir='ltr'>κυϐερνῶντες,</span> <span class='ocrx_word' id='word_1_353' title='bbox 2839 1838 3050 1899; x_wconf 79' lang='grc' dir='ltr'>ἑαυτοῖς</span> <span class='ocrx_word' id='word_1_354' title='bbox 3085 1835 3521 1890; x_wconf 78' lang='grc' dir='ltr'>ἐπιϐουλεύουσιν</span> <span class='ocrx_word' id='word_1_355' title='bbox 3556 1834 3673 1907; x_wconf 80' lang='grc'>[158</span> <span class='ocrx_word' id='word_1_356' title='bbox 3701 1833 3770 1904; x_wconf 85' lang='lat' dir='ltr'><strong>a],</strong></span> 
     </span>
    </p>
   </div>
   <div class='ocr_carea' id='block_1_44' title="bbox 2223 1924 3769 1998">
    <p class='ocr_par' dir='ltr' id='par_1_44' title="bbox 2223 1924 3769 1998">
     <span class='ocr_line' id='line_1_45' title="bbox 2223 1924 3769 1998; baseline -0.002 -17"><span class='ocrx_word' id='word_1_357' title='bbox 2223 1929 2447 1998; x_wconf 76' lang='grc' dir='ltr'>καὶτῆς</span> <span class='ocrx_word' id='word_1_358' title='bbox 2490 1927 2698 1980; x_wconf 82' lang='grc' dir='ltr'>ἑαυτῶν</span> <span class='ocrx_word' id='word_1_359' title='bbox 2743 1926 3053 1998; x_wconf 78' lang='grc' dir='ltr'><strong>ἀφροσύνης</strong></span> <span class='ocrx_word' id='word_1_360' title='bbox 3110 1927 3205 1980; x_wconf 76' lang='grc' dir='ltr'><strong>καὶ</strong></span> <span class='ocrx_word' id='word_1_361' title='bbox 3249 1925 3595 1990; x_wconf 75' lang='grc' dir='ltr'><strong>ἀπαιδευσίας</strong></span> <span class='ocrx_word' id='word_1_362' title='bbox 3641 1924 3769 1990; x_wconf 72' lang='grc' dir='ltr'>ἀξιον</span> 
     </span>
    </p>
   </div>
   <div class='ocr_carea' id='block_1_45' title="bbox 2223 2014 3768 2090">
    <p class='ocr_par' dir='ltr' id='par_1_45' title="bbox 2223 2014 3768 2090">
     <span class='ocr_line' id='line_1_46' title="bbox 2223 2014 3768 2090; baseline -0.002 -19"><span class='ocrx_word' id='word_1_363' title='bbox 2223 2019 2533 2090; x_wconf 78' lang='grc' dir='ltr'>εὑρίσκουσι</span> <span class='ocrx_word' id='word_1_364' title='bbox 2571 2018 2819 2072; x_wconf 74' lang='grc' dir='ltr'>θάνατον.</span> <span class='ocrx_word' id='word_1_365' title='bbox 2852 2017 3015 2070; x_wconf 83' lang='grc' dir='ltr'>Ὥστε</span> <span class='ocrx_word' id='word_1_366' title='bbox 3060 2016 3236 2072; x_wconf 76' lang='grc' dir='ltr'>δὲκαὶ</span> <span class='ocrx_word' id='word_1_367' title='bbox 3278 2017 3529 2087; x_wconf 80' lang='grc' dir='ltr'>τυφλοὺς,</span> <span class='ocrx_word' id='word_1_368' title='bbox 3553 2014 3768 2085; x_wconf 83' lang='grc' dir='ltr'>τοῦτοδὴ</span> 
     </span>
    </p>
   </div>
   <div class='ocr_carea' id='block_1_46' title="bbox 2221 2105 3772 2178">
    <p class='ocr_par' dir='ltr' id='par_1_46' title="bbox 2221 2105 3772 2178">
     <span class='ocr_line' id='line_1_47' title="bbox 2221 2105 3772 2178; baseline -0.003 -17"><span class='ocrx_word' id='word_1_369' title='bbox 2221 2109 2283 2161; x_wconf 88' lang='grc' dir='ltr'>τὸ</span> <span class='ocrx_word' id='word_1_370' title='bbox 2307 2106 2402 2161; x_wconf 78' lang='grc' dir='ltr'>τοῦ</span> <span class='ocrx_word' id='word_1_371' title='bbox 2440 2108 2620 2176; x_wconf 86' lang='grc' dir='ltr'>λόγου,</span> <span class='ocrx_word' id='word_1_372' title='bbox 2670 2107 2742 2178; x_wconf 86' lang='grc' dir='ltr'><strong>μὴ</strong></span> <span class='ocrx_word' id='word_1_373' title='bbox 2778 2106 3138 2176; x_wconf 77' lang='grc' dir='ltr'>ἀμφιϐάλλειν</span> <span class='ocrx_word' id='word_1_374' title='bbox 3187 2106 3355 2175; x_wconf 81' lang='grc' dir='ltr'>ὑγιῶς</span> <span class='ocrx_word' id='word_1_375' title='bbox 3389 2107 3486 2178; x_wconf 76' lang='grc' dir='ltr'>τὴν</span> <span class='ocrx_word' id='word_1_376' title='bbox 3526 2105 3772 2177; x_wconf 86' lang='grc' dir='ltr'>ἡμετέραν</span> 
     </span>
    </p>
   </div>
   <div class='ocr_carea' id='block_1_47' title="bbox 2223 2199 3772 2272">
    <p class='ocr_par' dir='ltr' id='par_1_47' title="bbox 2223 2199 3772 2272">
     <span class='ocr_line' id='line_1_48' title="bbox 2223 2199 3772 2272; baseline -0.003 -18"><span class='ocrx_word' id='word_1_377' title='bbox 2223 2200 2538 2272; x_wconf 89' lang='grc' dir='ltr'>ἑρμηνείαν,</span> <span class='ocrx_word' id='word_1_378' title='bbox 2573 2203 2604 2270; x_wconf 83' lang='grc' dir='ltr'><strong>ή</strong></span> <span class='ocrx_word' id='word_1_379' title='bbox 2638 2200 2830 2272; x_wconf 82' lang='grc' dir='ltr'>κτιστὴ</span> <span class='ocrx_word' id='word_1_380' title='bbox 2853 2199 3013 2269; x_wconf 83' lang='grc' dir='ltr'>σοφία</span> <span class='ocrx_word' id='word_1_381' title='bbox 3035 2199 3231 2270; x_wconf 83' lang='grc' dir='ltr'>φάσκει</span> <span class='ocrx_word' id='word_1_382' title='bbox 3254 2201 3386 2272; x_wconf 69' lang='grc' dir='ltr'><strong>περ)⁸</strong></span> <span class='ocrx_word' id='word_1_383' title='bbox 3411 2200 3636 2262; x_wconf 84' lang='grc' dir='ltr'>ἑκείνου,</span> <span class='ocrx_word' id='word_1_384' title='bbox 3663 2199 3772 2269; x_wconf 80' lang='grc' dir='ltr'>περὶ</span> 
     </span>
    </p>
   </div>
   <div class='ocr_carea' id='block_1_48' title="bbox 2220 2287 3771 2364">
    <p class='ocr_par' dir='ltr' id='par_1_48' title="bbox 2220 2287 3771 2364">
     <span class='ocr_line' id='line_1_49' title="bbox 2220 2287 3771 2364; baseline -0.004 -18"><span class='ocrx_word' id='word_1_385' title='bbox 2220 2287 2282 2346; x_wconf 73' lang='grc' dir='ltr'>οὗ</span> <span class='ocrx_word' id='word_1_386' title='bbox 2307 2291 2460 2347; x_wconf 75' lang='grc' dir='ltr'>εἶπεν</span> <span class='ocrx_word' id='word_1_387' title='bbox 2503 2294 2775 2362; x_wconf 84' lang='grc' dir='ltr'>Ἰωάννης,</span> <span class='ocrx_word' id='word_1_388' title='bbox 2812 2313 2828 2344; x_wconf 83' lang='grc' dir='ltr'><strong>ι</strong></span> <span class='ocrx_word' id='word_1_389' title='bbox 2864 2293 2973 2346; x_wconf 77' lang='grc' dir='ltr'>Καὶ</span> <span class='ocrx_word' id='word_1_390' title='bbox 3003 2293 3032 2345; x_wconf 84' lang='grc' dir='ltr'><strong>ὁ</strong></span> <span class='ocrx_word' id='word_1_391' title='bbox 3063 2293 3235 2362; x_wconf 82' lang='grc' dir='ltr'>Λόγος</span> <span class='ocrx_word' id='word_1_392' title='bbox 3269 2292 3407 2364; x_wconf 79' lang='grc' dir='ltr'>σὰρξ</span> <span class='ocrx_word' id='word_1_393' title='bbox 3443 2292 3664 2361; x_wconf 73' lang='grc' dir='ltr'>ἐγένετο,</span> <span class='ocrx_word' id='word_1_394' title='bbox 3693 2290 3771 2343; x_wconf 76' lang='grc' dir='ltr'><strong>καὶ</strong></span> 
     </span>
    </p>
   </div>
   <div class='ocr_carea' id='block_1_49' title="bbox 2221 2384 3770 2456">
    <p class='ocr_par' dir='ltr' id='par_1_49' title="bbox 2221 2384 3770 2456">
     <span class='ocr_line' id='line_1_50' title="bbox 2221 2384 3770 2456; baseline -0.002 -18"><span class='ocrx_word' id='word_1_395' title='bbox 2221 2387 2530 2456; x_wconf 78' lang='grc' dir='ltr'>ἐσκήνωσεν</span> <span class='ocrx_word' id='word_1_396' title='bbox 2577 2387 2633 2437; x_wconf 85' lang='grc' dir='ltr'>ὲν</span> <span class='ocrx_word' id='word_1_397' title='bbox 2657 2387 2806 2455; x_wconf 86' lang='grc' dir='ltr'>ἡμῖν·</span> <span class='ocrx_word' id='word_1_398' title='bbox 2844 2405 2860 2432; x_wconf 77' lang='grc' dir='ltr'><strong>ι</strong></span> <span class='ocrx_word' id='word_1_399' title='bbox 2902 2403 2920 2436; x_wconf 85' lang='grc' dir='ltr'><strong>ι</strong></span> <span class='ocrx_word' id='word_1_400' title='bbox 2961 2385 3024 2438; x_wconf 82' lang='grc' dir='ltr'><strong><em>Ἠ</em></strong></span> <span class='ocrx_word' id='word_1_401' title='bbox 3063 2384 3220 2454; x_wconf 87' lang='grc' dir='ltr'>σοφία</span> <span class='ocrx_word' id='word_1_402' title='bbox 3261 2385 3606 2456; x_wconf 78' lang='grc' dir='ltr'>ᾠκοδόμησεν</span> <span class='ocrx_word' id='word_1_403' title='bbox 3630 2384 3770 2452; x_wconf 77' lang='grc' dir='ltr'>ἑαυτῇ</span> 
     </span>
    </p>
   </div>
   <div class='ocr_carea' id='block_1_50' title="bbox 2221 2469 3774 2549">
    <p class='ocr_par' dir='ltr' id='par_1_50' title="bbox 2221 2469 3774 2549">
     <span class='ocr_line' id='line_1_51' title="bbox 2221 2469 3774 2549; baseline -0.004 -17"><span class='ocrx_word' id='word_1_404' title='bbox 2221 2475 2388 2542; x_wconf 83' lang='grc' dir='ltr'>οἷκον,</span> <span class='ocrx_word' id='word_1_405' title='bbox 2417 2478 2508 2531; x_wconf 73' lang='grc' dir='ltr'><strong>καὶ</strong></span> <span class='ocrx_word' id='word_1_406' title='bbox 2567 2478 2832 2548; x_wconf 81' lang='grc' dir='ltr'>ὑπήρεισε</span> <span class='ocrx_word' id='word_1_407' title='bbox 2873 2476 3092 2540; x_wconf 76' lang='grc' dir='ltr'>στύλους</span> <span class='ocrx_word' id='word_1_408' title='bbox 3127 2477 3318 2531; x_wconf 76' lang='grc' dir='ltr'>ἑπτά.»</span> <span class='ocrx_word' id='word_1_409' title='bbox 3357 2477 3496 2549; x_wconf 77' lang='grc' dir='ltr'>Περὶ</span> <span class='ocrx_word' id='word_1_410' title='bbox 3523 2469 3581 2529; x_wconf 70' lang='grc' dir='ltr'>οὗ</span> <span class='ocrx_word' id='word_1_411' title='bbox 3601 2476 3774 2529; x_wconf 79' lang='grc' dir='ltr'>οἴκουὸ</span> 
     </span>
    </p>
   </div>
   <div class='ocr_carea' id='block_1_51' title="bbox 2218 2565 3774 2638">
    <p class='ocr_par' dir='ltr' id='par_1_51' title="bbox 2218 2565 3774 2638">
     <span class='ocr_line' id='line_1_52' title="bbox 2218 2565 3774 2638; baseline -0.004 -16"><span class='ocrx_word' id='word_1_412' title='bbox 2218 2567 2381 2631; x_wconf 83' lang='grc' dir='ltr'>αὐτὸς</span> <span class='ocrx_word' id='word_1_413' title='bbox 2415 2568 2689 2637; x_wconf 84' lang='grc' dir='ltr'>Δεσπότης</span> <span class='ocrx_word' id='word_1_414' title='bbox 2718 2566 2820 2638; x_wconf 81' lang='grc' dir='ltr'>ἔφη</span> <span class='ocrx_word' id='word_1_415' title='bbox 2841 2581 2852 2597; x_wconf 71' lang='grc'>⁸</span> <span class='ocrx_word' id='word_1_416' title='bbox 2885 2586 2902 2617; x_wconf 81' lang='grc' dir='ltr'><strong>ι</strong></span> <span class='ocrx_word' id='word_1_417' title='bbox 2933 2566 3145 2620; x_wconf 84' lang='grc' dir='ltr'>Λύσατε</span> <span class='ocrx_word' id='word_1_418' title='bbox 3173 2566 3266 2622; x_wconf 80' lang='grc' dir='ltr'><strong>τὸν</strong></span> <span class='ocrx_word' id='word_1_419' title='bbox 3305 2569 3434 2622; x_wconf 78' lang='grc' dir='ltr'>ναὸν</span> <span class='ocrx_word' id='word_1_420' title='bbox 3469 2567 3669 2628; x_wconf 80' lang='grc' dir='ltr'>τοῦτον,</span> <span class='ocrx_word' id='word_1_421' title='bbox 3695 2565 3774 2618; x_wconf 79' lang='grc' dir='ltr'><strong>καὶ</strong></span> 
     </span>
    </p>
   </div>
   <div class='ocr_carea' id='block_1_52' title="bbox 2221 2655 3776 2729">
    <p class='ocr_par' dir='ltr' id='par_1_52' title="bbox 2221 2655 3776 2729">
     <span class='ocr_line' id='line_1_53' title="bbox 2221 2655 3776 2729; baseline -0.004 -18"><span class='ocrx_word' id='word_1_422' title='bbox 2221 2657 2331 2728; x_wconf 79' lang='grc' dir='ltr'>ἐγὼ</span> <span class='ocrx_word' id='word_1_423' title='bbox 2353 2659 2411 2710; x_wconf 87' lang='grc' dir='ltr'><strong>ἑν</strong></span> <span class='ocrx_word' id='word_1_424' title='bbox 2431 2657 2606 2728; x_wconf 75' lang='grc' dir='ltr'>τρισὶν</span> <span class='ocrx_word' id='word_1_425' title='bbox 2643 2657 2882 2729; x_wconf 78' lang='grc' dir='ltr'>ἡμέραις</span> <span class='ocrx_word' id='word_1_426' title='bbox 2909 2656 3086 2726; x_wconf 81' lang='grc' dir='ltr'>ἐγερῶ</span> <span class='ocrx_word' id='word_1_427' title='bbox 3117 2657 3298 2710; x_wconf 90' lang='grc' dir='ltr'>αύτόν.</span> <span class='ocrx_word' id='word_1_428' title='bbox 3331 2676 3349 2707; x_wconf 78' lang='grc' dir='ltr'><strong>ι</strong></span> <span class='ocrx_word' id='word_1_429' title='bbox 3387 2657 3600 2712; x_wconf 77' lang='grc' dir='ltr'>Μᾶλλον</span> <span class='ocrx_word' id='word_1_430' title='bbox 3623 2655 3776 2709; x_wconf 78' lang='grc' dir='ltr'>δὲκαὶ</span> 
     </span>
    </p>
   </div>
   <div class='ocr_carea' id='block_1_53' title="bbox 2223 2744 3774 2822">
    <p class='ocr_par' dir='ltr' id='par_1_53' title="bbox 2223 2744 3774 2822">
     <span class='ocr_line' id='line_1_54' title="bbox 2223 2744 3774 2822; baseline -0.003 -20"><span class='ocrx_word' id='word_1_431' title='bbox 2223 2749 2421 2819; x_wconf 83' lang='grc' dir='ltr'>μᾶλλον</span> <span class='ocrx_word' id='word_1_432' title='bbox 2448 2750 2660 2813; x_wconf 84' lang='grc' dir='ltr'>δεικνὺς</span> <span class='ocrx_word' id='word_1_433' title='bbox 2684 2747 2954 2819; x_wconf 86' lang='grc' dir='ltr'>Σολομὼν,</span> <span class='ocrx_word' id='word_1_434' title='bbox 2986 2749 3062 2812; x_wconf 84' lang='grc' dir='ltr'>ὡς</span> <span class='ocrx_word' id='word_1_435' title='bbox 3093 2750 3154 2801; x_wconf 78' lang='grc' dir='ltr'><strong>οὐ</strong></span> <span class='ocrx_word' id='word_1_436' title='bbox 3182 2751 3436 2822; x_wconf 76' lang='grc' dir='ltr'>περὶτῆς</span> <span class='ocrx_word' id='word_1_437' title='bbox 3467 2744 3774 2820; x_wconf 82' lang='grc' dir='ltr'>δημιουργοῦ</span> 
     </span>
    </p>
   </div>
   <div class='ocr_carea' id='block_1_54' title="bbox 2217 2841 3777 2912">
    <p class='ocr_par' dir='ltr' id='par_1_54' title="bbox 2217 2841 3777 2912">
     <span class='ocr_line' id='line_1_55' title="bbox 2217 2841 3777 2912; baseline -0.004 -17"><span class='ocrx_word' id='word_1_438' title='bbox 2217 2841 2523 2910; x_wconf 78' lang='grc' dir='ltr'>διαλέγεται</span> <span class='ocrx_word' id='word_1_439' title='bbox 2572 2842 2783 2911; x_wconf 82' lang='grc' dir='ltr'>σοφίας,</span> <span class='ocrx_word' id='word_1_440' title='bbox 2835 2843 2892 2893; x_wconf 89' lang='grc' dir='ltr'><strong>ἑν</strong></span> <span class='ocrx_word' id='word_1_441' title='bbox 2951 2844 3063 2905; x_wconf 86' lang='grc' dir='ltr'>τοῖς</span> <span class='ocrx_word' id='word_1_442' title='bbox 3112 2842 3404 2911; x_wconf 80' lang='grc' dir='ltr'>ἑπομένοις</span> <span class='ocrx_word' id='word_1_443' title='bbox 3468 2841 3777 2912; x_wconf 80' lang='grc' dir='ltr'>διεξέρχεται</span> 
     </span>
    </p>
   </div>
   <div class='ocr_carea' id='block_1_55' title="bbox 2217 2932 3778 3007">
    <p class='ocr_par' dir='ltr' id='par_1_55' title="bbox 2217 2932 3778 3007">
     <span class='ocr_line' id='line_1_56' title="bbox 2217 2932 3778 3007; baseline 0.001 -21"><span class='ocrx_word' id='word_1_444' title='bbox 2217 2933 2419 2996; x_wconf 67' lang='grc' dir='ltr'><strong>οὕτως⁹</strong></span> <span class='ocrx_word' id='word_1_445' title='bbox 2468 2954 2486 2984; x_wconf 82' lang='grc' dir='ltr'><strong>ι</strong></span> <span class='ocrx_word' id='word_1_446' title='bbox 2521 2933 2638 2997; x_wconf 83' lang='grc' dir='ltr'>Υἱὲ,</span> <span class='ocrx_word' id='word_1_447' title='bbox 2675 2933 2769 2987; x_wconf 76' lang='grc' dir='ltr'>ἐὰν</span> <span class='ocrx_word' id='word_1_448' title='bbox 2813 2932 2976 3003; x_wconf 73' lang='grc' dir='ltr'>σοφὸς</span> <span class='ocrx_word' id='word_1_449' title='bbox 3018 2935 3179 3005; x_wconf 79' lang='grc' dir='ltr'>γένῃ,</span> <span class='ocrx_word' id='word_1_450' title='bbox 3227 2937 3445 3007; x_wconf 85' lang='grc' dir='ltr'>σεαυτῷ</span> <span class='ocrx_word' id='word_1_451' title='bbox 3497 2937 3651 3005; x_wconf 80' lang='grc' dir='ltr'>σοφὸς</span> <span class='ocrx_word' id='word_1_452' title='bbox 3692 2935 3778 3004; x_wconf 66' lang='grc' dir='ltr'>ἐστι</span> 
     </span>
    </p>
   </div>
   <div class='ocr_carea' id='block_1_56' title="bbox 2219 3023 3776 3099">
    <p class='ocr_par' dir='ltr' id='par_1_56' title="bbox 2219 3023 3776 3099">
     <span class='ocr_line' id='line_1_57' title="bbox 2219 3023 3776 3099; baseline 0.001 -23"><span class='ocrx_word' id='word_1_453' title='bbox 2219 3024 2445 3086; x_wconf 70' lang='grc' dir='ltr'>καὶτοῖς</span> <span class='ocrx_word' id='word_1_454' title='bbox 2471 3023 2728 3095; x_wconf 68' lang='grc' dir='ltr'>πλησίονο</span> <span class='ocrx_word' id='word_1_455' title='bbox 2758 3024 2853 3079; x_wconf 82' lang='grc' dir='ltr'>ἑὰν</span> <span class='ocrx_word' id='word_1_456' title='bbox 2900 3025 2956 3078; x_wconf 82' lang='grc' dir='ltr'><strong>δὲ</strong></span> <span class='ocrx_word' id='word_1_457' title='bbox 3010 3025 3177 3089; x_wconf 74' lang='grc' dir='ltr'>κακὸς</span> <span class='ocrx_word' id='word_1_458' title='bbox 3228 3028 3466 3099; x_wconf 77' lang='grc' dir='ltr'>ἀποϐᾔς,</span> <span class='ocrx_word' id='word_1_459' title='bbox 3509 3029 3661 3098; x_wconf 85' lang='grc' dir='ltr'>μόνος</span> <span class='ocrx_word' id='word_1_460' title='bbox 3696 3027 3776 3079; x_wconf 84' lang='grc' dir='ltr'>ἀν-</span> 
     </span>
    </p>
   </div>
   <div class='ocr_carea' id='block_1_57' title="bbox 548 3097 2117 3194">
    <p class='ocr_par' dir='ltr' id='par_1_57' title="bbox 548 3097 2115 3194">
     <span class='ocr_line' id='line_1_58' title="bbox 548 3097 2115 3194; baseline -0.002 -18"><span class='ocrx_word' id='word_1_461' title='bbox 548 3145 565 3176; x_wconf 81' lang='grc' dir='ltr'><strong>ι</strong></span> <span class='ocrx_word' id='word_1_462' title='bbox 609 3097 707 3178; x_wconf 65' lang='lat' dir='ltr'><strong>Fili</strong></span> <span class='ocrx_word' id='word_1_463' title='bbox 758 3097 894 3194; x_wconf 82' lang='lat'>(66),</span> <span class='ocrx_word' id='word_1_464' title='bbox 953 3097 995 3176; x_wconf 85' lang='lat' dir='ltr'><strong>si</strong></span> <span class='ocrx_word' id='word_1_465' title='bbox 1045 3097 1262 3192; x_wconf 80' lang='lat' dir='ltr'><strong>sapiens</strong></span> <span class='ocrx_word' id='word_1_466' title='bbox 1310 3119 1494 3184; x_wconf 80' lang='lat' dir='ltr'><strong>fueris,</strong></span> <span class='ocrx_word' id='word_1_467' title='bbox 1551 3118 1860 3188; x_wconf 88' lang='lat' dir='ltr'><strong>tibimetipsi</strong></span> <span class='ocrx_word' id='word_1_468' title='bbox 1892 3097 2115 3189; x_wconf 78' lang='lat' dir='ltr'><strong>sapiens</strong></span> 
     </span>
    </p>
   </div>
   <div class='ocr_carea' id='block_1_58' title="bbox 2219 3097 3778 3194">
    <p class='ocr_par' dir='ltr' id='par_1_58' title="bbox 2219 3097 3778 3190">
     <span class='ocr_line' id='line_1_59' title="bbox 2219 3097 3778 3190; baseline 0.001 -22"><span class='ocrx_word' id='word_1_469' title='bbox 2219 3115 2431 3186; x_wconf 85' lang='grc' dir='ltr'>τλήσεις</span> <span class='ocrx_word' id='word_1_470' title='bbox 2478 3116 2657 3169; x_wconf 80' lang='grc' dir='ltr'>κακά’</span> <span class='ocrx_word' id='word_1_471' title='bbox 2697 3135 2715 3165; x_wconf 74' lang='grc' dir='ltr'><strong>ι</strong></span> <span class='ocrx_word' id='word_1_472' title='bbox 2771 3117 2865 3170; x_wconf 69' lang='grc' dir='ltr'><strong>καὶ</strong></span> <span class='ocrx_word' id='word_1_473' title='bbox 2917 3116 3106 3170; x_wconf 75' lang='grc' dir='ltr'>πάλιν·</span> <span class='ocrx_word' id='word_1_474' title='bbox 3153 3139 3170 3170; x_wconf 79' lang='grc' dir='ltr'><strong>ι</strong></span> <span class='ocrx_word' id='word_1_475' title='bbox 3208 3119 3336 3183; x_wconf 75' lang='grc' dir='ltr'>Υἱὸς</span> <span class='ocrx_word' id='word_1_476' title='bbox 3372 3097 3778 3190; x_wconf 80' lang='grc' dir='ltr'>πεπαιδευμένος</span> 
     </span>
    </p>
   </div>
   <div class='ocr_carea' id='block_1_59' title="bbox 541 3208 2112 3284">
    <p class='ocr_par' dir='ltr' id='par_1_59' title="bbox 541 3208 2112 3284">
     <span class='ocr_line' id='line_1_60' title="bbox 541 3208 2112 3284; baseline -0.004 -14"><span class='ocrx_word' id='word_1_477' title='bbox 541 3216 673 3280; x_wconf 87' lang='lat' dir='ltr'><strong>eris,</strong></span> <span class='ocrx_word' id='word_1_478' title='bbox 707 3225 763 3268; x_wconf 91' lang='lat' dir='ltr'><strong>et</strong></span> <span class='ocrx_word' id='word_1_479' title='bbox 801 3211 1117 3284; x_wconf 89' lang='lat' dir='ltr'><strong>propinquis</strong></span> <span class='ocrx_word' id='word_1_480' title='bbox 1143 3210 1255 3280; x_wconf 87' lang='lat'>(67)</span> <span class='ocrx_word' id='word_1_481' title='bbox 1298 3233 1308 3264; x_wconf 92' lang='lat'>:</span> <span class='ocrx_word' id='word_1_482' title='bbox 1351 3211 1397 3264; x_wconf 81' lang='lat' dir='ltr'><strong>si</strong></span> <span class='ocrx_word' id='word_1_483' title='bbox 1426 3219 1605 3265; x_wconf 85' lang='lat' dir='ltr'><strong>autem</strong></span> <span class='ocrx_word' id='word_1_484' title='bbox 1649 3208 1822 3263; x_wconf 89' lang='lat' dir='ltr'><strong>malus</strong></span> <span class='ocrx_word' id='word_1_485' title='bbox 1851 3209 2112 3273; x_wconf 83' lang='lat' dir='ltr'><strong>evaseris,</strong></span> 
     </span>
    </p>
   </div>
   <div class='ocr_carea' id='block_1_60' title="bbox 542 3299 2113 3372">
    <p class='ocr_par' dir='ltr' id='par_1_60' title="bbox 542 3299 2113 3372">
     <span class='ocr_line' id='line_1_61' title="bbox 542 3299 2113 3372; baseline -0.004 -12"><span class='ocrx_word' id='word_1_486' title='bbox 542 3307 689 3360; x_wconf 90' lang='lat' dir='ltr'><strong>solus</strong></span> <span class='ocrx_word' id='word_1_487' title='bbox 724 3304 1014 3359; x_wconf 80' lang='lat' dir='ltr'><strong>exhauries</strong></span> <span class='ocrx_word' id='word_1_488' title='bbox 1054 3301 1216 3356; x_wconf 89' lang='lat' dir='ltr'><strong>mala.</strong></span> <span class='ocrx_word' id='word_1_489' title='bbox 1260 3321 1278 3353; x_wconf 78' lang='grc' dir='ltr'><strong>ι</strong></span> <span class='ocrx_word' id='word_1_490' title='bbox 1334 3301 1399 3355; x_wconf 82' lang='grc' dir='ltr'>Ει</span> <span class='ocrx_word' id='word_1_491' title='bbox 1437 3315 1625 3355; x_wconf 87' lang='lat' dir='ltr'><strong>rursus</strong></span> <span class='ocrx_word' id='word_1_492' title='bbox 1668 3317 1683 3353; x_wconf 93' lang='lat'><strong>:</strong></span> <span class='ocrx_word' id='word_1_493' title='bbox 1734 3317 1753 3352; x_wconf 82' lang='grc' dir='ltr'><strong>ι</strong></span> <span class='ocrx_word' id='word_1_494' title='bbox 1786 3299 1956 3356; x_wconf 92' lang='lat' dir='ltr'><strong>Filius</strong></span> <span class='ocrx_word' id='word_1_495' title='bbox 2003 3299 2113 3372; x_wconf 89' lang='grc'>(68)</span> 
     </span>
    </p>
   </div>
   <div class='ocr_carea' id='block_1_61' title="bbox 540 3391 2116 3464">
    <p class='ocr_par' dir='ltr' id='par_1_61' title="bbox 540 3391 2116 3464">
     <span class='ocr_line' id='line_1_62' title="bbox 540 3391 2116 3464; baseline -0.003 -12"><span class='ocrx_word' id='word_1_496' title='bbox 540 3399 799 3458; x_wconf 88' lang='lat' dir='ltr'><strong>eruditus,</strong></span> <span class='ocrx_word' id='word_1_497' title='bbox 835 3396 1052 3464; x_wconf 90' lang='lat' dir='ltr'><strong>sapiens</strong></span> <span class='ocrx_word' id='word_1_498' title='bbox 1101 3392 1238 3457; x_wconf 91' lang='lat' dir='ltr'><strong>erit;</strong></span> <span class='ocrx_word' id='word_1_499' title='bbox 1279 3392 1564 3462; x_wconf 87' lang='lat' dir='ltr'><strong>insipiente</strong></span> <span class='ocrx_word' id='word_1_500' title='bbox 1637 3401 1818 3446; x_wconf 89' lang='lat' dir='ltr'><strong>autem</strong></span> <span class='ocrx_word' id='word_1_501' title='bbox 1869 3391 2116 3448; x_wconf 89' lang='lat' dir='ltr'><strong>ministro</strong></span> 
     </span>
    </p>
   </div>
   <div class='ocr_carea' id='block_1_62' title="bbox 539 3483 2119 3555">
    <p class='ocr_par' dir='ltr' id='par_1_62' title="bbox 539 3483 2119 3555">
     <span class='ocr_line' id='line_1_63' title="bbox 539 3483 2119 3555; baseline -0.001 -14"><span class='ocrx_word' id='word_1_502' title='bbox 539 3500 754 3555; x_wconf 88' lang='lat' dir='ltr'><strong>utetur;</strong></span> <span class='ocrx_word' id='word_1_503' title='bbox 795 3508 813 3541; x_wconf 78' lang='grc' dir='ltr'><strong>ι</strong></span> <span class='ocrx_word' id='word_1_504' title='bbox 864 3498 918 3542; x_wconf 89' lang='lat' dir='ltr'><strong>et</strong></span> <span class='ocrx_word' id='word_1_505' title='bbox 953 3501 1134 3542; x_wconf 83' lang='lat' dir='ltr'><strong>rursus</strong></span> <span class='ocrx_word' id='word_1_506' title='bbox 1174 3508 1186 3542; x_wconf 86' lang='lat'><strong>:</strong></span> <span class='ocrx_word' id='word_1_507' title='bbox 1224 3505 1242 3536; x_wconf 83' lang='grc' dir='ltr'><strong>ι</strong></span> <span class='ocrx_word' id='word_1_508' title='bbox 1269 3485 1500 3554; x_wconf 87' lang='lat' dir='ltr'><strong>Sapiens</strong></span> <span class='ocrx_word' id='word_1_509' title='bbox 1527 3483 1637 3555; x_wconf 89' lang='lat'>(69)</span> <span class='ocrx_word' id='word_1_510' title='bbox 1673 3485 1837 3539; x_wconf 91' lang='lat' dir='ltr'><strong>corde</strong></span> <span class='ocrx_word' id='word_1_511' title='bbox 1889 3485 2119 3554; x_wconf 85' lang='lat' dir='ltr'><strong>suscipit</strong></span> 
     </span>
    </p>
   </div>
   <div class='ocr_carea' id='block_1_63' title="bbox 539 3573 2113 3652">
    <p class='ocr_par' dir='ltr' id='par_1_63' title="bbox 539 3573 2113 3652">
     <span class='ocr_line' id='line_1_64' title="bbox 539 3573 2113 3652; baseline -0.004 -18"><span class='ocrx_word' id='word_1_512' title='bbox 539 3589 838 3652; x_wconf 66' lang='lat' dir='ltr'><strong>praecepta;</strong></span> <span class='ocrx_word' id='word_1_513' title='bbox 881 3599 900 3631; x_wconf 72' lang='grc' dir='ltr'><strong>ι</strong></span> <span class='ocrx_word' id='word_1_514' title='bbox 939 3588 993 3633; x_wconf 92' lang='lat' dir='ltr'><strong>et</strong></span> <span class='ocrx_word' id='word_1_515' title='bbox 1035 3594 1050 3632; x_wconf 89' lang='lat'><strong>:</strong></span> <span class='ocrx_word' id='word_1_516' title='bbox 1094 3597 1112 3629; x_wconf 82' lang='grc' dir='ltr'><strong>ι</strong></span> <span class='ocrx_word' id='word_1_517' title='bbox 1147 3575 1250 3631; x_wconf 85' lang='lat' dir='ltr'><strong>Hic</strong></span> <span class='ocrx_word' id='word_1_518' title='bbox 1288 3574 1401 3645; x_wconf 87' lang='lat'>(70)</span> <span class='ocrx_word' id='word_1_519' title='bbox 1434 3590 1500 3629; x_wconf 84' lang='lat' dir='ltr'><strong>ex</strong></span> <span class='ocrx_word' id='word_1_520' title='bbox 1558 3573 1716 3629; x_wconf 85' lang='lat' dir='ltr'><strong>labiis</strong></span> <span class='ocrx_word' id='word_1_521' title='bbox 1767 3573 1973 3644; x_wconf 84' lang='lat' dir='ltr'><strong>profert</strong></span> <span class='ocrx_word' id='word_1_522' title='bbox 2021 3589 2113 3629; x_wconf 90' lang='lat' dir='ltr'><strong>sa-</strong></span> 
     </span>
    </p>
   </div>
   <div class='ocr_carea' id='block_1_64' title="bbox 539 3665 2109 3742">
    <p class='ocr_par' dir='ltr' id='par_1_64' title="bbox 539 3665 2109 3742">
     <span class='ocr_line' id='line_1_65' title="bbox 539 3665 2109 3742; baseline -0.002 -19"><span class='ocrx_word' id='word_1_523' title='bbox 539 3673 846 3742; x_wconf 73' lang='lat' dir='ltr'><strong>pientiam:</strong></span> <span class='ocrx_word' id='word_1_524' title='bbox 897 3671 1047 3741; x_wconf 87' lang='lat' dir='ltr'><strong>virga</strong></span> <span class='ocrx_word' id='word_1_525' title='bbox 1100 3667 1327 3724; x_wconf 87' lang='lat' dir='ltr'><strong>verbera</strong></span> <span class='ocrx_word' id='word_1_526' title='bbox 1369 3665 1479 3738; x_wconf 91' lang='grc'>(71)</span> <span class='ocrx_word' id='word_1_527' title='bbox 1529 3666 1702 3720; x_wconf 87' lang='lat' dir='ltr'><strong>virum</strong></span> <span class='ocrx_word' id='word_1_528' title='bbox 1755 3666 2041 3720; x_wconf 85' lang='lat' dir='ltr'><strong>vecordem</strong></span> <span class='ocrx_word' id='word_1_529' title='bbox 2094 3680 2109 3719; x_wconf 91' lang='lat'><strong>:</strong></span> 
     </span>
    </p>
   </div>
   <div class='ocr_carea' id='block_1_65' title="bbox 540 3757 2112 3833">
    <p class='ocr_par' dir='ltr' id='par_1_65' title="bbox 540 3757 2112 3833">
     <span class='ocr_line' id='line_1_66' title="bbox 540 3757 2112 3833; baseline -0.005 -15"><span class='ocrx_word' id='word_1_530' title='bbox 540 3765 813 3833; x_wconf 84' lang='lat' dir='ltr'><strong>sapientes</strong></span> <span class='ocrx_word' id='word_1_531' title='bbox 845 3760 1178 3816; x_wconf 89' lang='lat' dir='ltr'><strong>abscondent</strong></span> <span class='ocrx_word' id='word_1_532' title='bbox 1227 3773 1484 3824; x_wconf 85' lang='lat' dir='ltr'><strong>sensum;</strong></span> <span class='ocrx_word' id='word_1_533' title='bbox 1524 3776 1543 3810; x_wconf 72' lang='grc' dir='ltr'><strong>ι</strong></span> <span class='ocrx_word' id='word_1_534' title='bbox 1581 3766 1637 3812; x_wconf 90' lang='lat' dir='ltr'><strong>et</strong></span> <span class='ocrx_word' id='word_1_535' title='bbox 1687 3771 1874 3812; x_wconf 88' lang='lat' dir='ltr'><strong>rursus</strong></span> <span class='ocrx_word' id='word_1_536' title='bbox 1907 3777 1919 3811; x_wconf 92' lang='lat'><strong>:</strong></span> <span class='ocrx_word' id='word_1_537' title='bbox 1961 3775 1979 3809; x_wconf 80' lang='grc' dir='ltr'><strong>ι</strong></span> <span class='ocrx_word' id='word_1_538' title='bbox 2013 3757 2112 3812; x_wconf 89' lang='lat' dir='ltr'><strong>Sa-</strong></span> 
     </span>
    </p>
   </div>
   <div class='ocr_carea' id='block_1_66' title="bbox 541 3851 2108 3926">
    <p class='ocr_par' dir='ltr' id='par_1_66' title="bbox 541 3851 2108 3926">
     <span class='ocr_line' id='line_1_67' title="bbox 541 3851 2108 3926; baseline -0.004 -16"><span class='ocrx_word' id='word_1_539' title='bbox 541 3856 746 3926; x_wconf 88' lang='lat' dir='ltr'><strong>pientia</strong></span> <span class='ocrx_word' id='word_1_540' title='bbox 783 3854 894 3922; x_wconf 86' lang='grc'>(72)</span> <span class='ocrx_word' id='word_1_541' title='bbox 925 3855 1043 3907; x_wconf 91' lang='lat' dir='ltr'><strong>viro</strong></span> <span class='ocrx_word' id='word_1_542' title='bbox 1091 3852 1234 3923; x_wconf 86' lang='lat' dir='ltr'><strong>parit</strong></span> <span class='ocrx_word' id='word_1_543' title='bbox 1282 3851 1660 3920; x_wconf 87' lang='lat' dir='ltr'><strong>prudentiam;</strong></span> <span class='ocrx_word' id='word_1_544' title='bbox 1701 3869 1719 3902; x_wconf 78' lang='grc' dir='ltr'><strong>ι</strong></span> <span class='ocrx_word' id='word_1_545' title='bbox 1767 3859 1823 3904; x_wconf 91' lang='lat' dir='ltr'><strong>et</strong></span> <span class='ocrx_word' id='word_1_546' title='bbox 1868 3865 2056 3904; x_wconf 89' lang='lat' dir='ltr'><strong>rursus</strong></span> <span class='ocrx_word' id='word_1_547' title='bbox 2095 3868 2108 3903; x_wconf 88' lang='lat'><strong>:</strong></span> 
     </span>
    </p>
   </div>
   <div class='ocr_carea' id='block_1_67' title="bbox 547 3937 2110 4014">
    <p class='ocr_par' dir='ltr' id='par_1_67' title="bbox 547 3937 2110 4014">
     <span class='ocr_line' id='line_1_68' title="bbox 547 3937 2110 4014; baseline -0.003 -16"><span class='ocrx_word' id='word_1_548' title='bbox 547 3966 568 3998; x_wconf 71' lang='grc' dir='ltr'><strong>ε</strong></span> <span class='ocrx_word' id='word_1_549' title='bbox 601 3944 674 4002; x_wconf 86' lang='lat' dir='ltr'><strong>Os</strong></span> <span class='ocrx_word' id='word_1_550' title='bbox 705 3945 833 4014; x_wconf 83' lang='lat' dir='ltr'><strong>justi</strong></span> <span class='ocrx_word' id='word_1_551' title='bbox 870 3945 982 4014; x_wconf 86' lang='grc'>(75)</span> <span class='ocrx_word' id='word_1_552' title='bbox 1018 3942 1241 3998; x_wconf 90' lang='lat' dir='ltr'><strong>distillat</strong></span> <span class='ocrx_word' id='word_1_553' title='bbox 1264 3941 1616 4010; x_wconf 88' lang='lat' dir='ltr'><strong>sapientiam;</strong></span> <span class='ocrx_word' id='word_1_554' title='bbox 1659 3959 1677 3992; x_wconf 74' lang='grc' dir='ltr'><strong>ι</strong></span> <span class='ocrx_word' id='word_1_555' title='bbox 1717 3951 1810 3994; x_wconf 86' lang='lat' dir='ltr'><strong>et:</strong></span> <span class='ocrx_word' id='word_1_556' title='bbox 1847 3959 1863 3990; x_wconf 84' lang='grc' dir='ltr'><strong>ι</strong></span> <span class='ocrx_word' id='word_1_557' title='bbox 1889 3937 2110 4008; x_wconf 72' lang='lat' dir='ltr'><strong>Lingua:</strong></span> 
     </span>
    </p>
   </div>
   <div class='ocr_carea' id='block_1_68' title="bbox 542 4031 2108 4106">
    <p class='ocr_par' dir='ltr' id='par_1_68' title="bbox 542 4031 2108 4106">
     <span class='ocr_line' id='line_1_69' title="bbox 542 4031 2108 4106; baseline -0.003 -18"><span class='ocrx_word' id='word_1_558' title='bbox 542 4038 656 4106; x_wconf 70' lang='grc'>(74)</span> <span class='ocrx_word' id='word_1_559' title='bbox 695 4037 995 4104; x_wconf 90' lang='lat' dir='ltr'><strong>sapientum</strong></span> <span class='ocrx_word' id='word_1_560' title='bbox 1033 4042 1255 4097; x_wconf 85' lang='lat' dir='ltr'><strong>sanant;</strong></span> <span class='ocrx_word' id='word_1_561' title='bbox 1300 4051 1319 4082; x_wconf 76' lang='grc' dir='ltr'><strong>ι</strong></span> <span class='ocrx_word' id='word_1_562' title='bbox 1351 4041 1406 4086; x_wconf 88' lang='lat' dir='ltr'><strong>et</strong></span> <span class='ocrx_word' id='word_1_563' title='bbox 1455 4052 1468 4085; x_wconf 89' lang='lat'>:</span> <span class='ocrx_word' id='word_1_564' title='bbox 1516 4049 1534 4083; x_wconf 85' lang='grc' dir='ltr'><strong>ι</strong></span> <span class='ocrx_word' id='word_1_565' title='bbox 1574 4031 1674 4097; x_wconf 84' lang='lat' dir='ltr'><strong>Qui</strong></span> <span class='ocrx_word' id='word_1_566' title='bbox 1723 4031 1963 4084; x_wconf 89' lang='lat' dir='ltr'><strong>ambulat</strong></span> <span class='ocrx_word' id='word_1_567' title='bbox 1996 4031 2108 4101; x_wconf 87' lang='grc'>(75)</span> 
     </span>
    </p>
   </div>
   <div class='ocr_carea' id='block_1_69' title="bbox 539 4123 2106 4197">
    <p class='ocr_par' dir='ltr' id='par_1_69' title="bbox 539 4123 2106 4197">
     <span class='ocr_line' id='line_1_70' title="bbox 539 4123 2106 4197; baseline -0.004 -15"><span class='ocrx_word' id='word_1_568' title='bbox 539 4145 662 4184; x_wconf 79' lang='lat' dir='ltr'><strong>cum</strong></span> <span class='ocrx_word' id='word_1_569' title='bbox 720 4128 1090 4197; x_wconf 86' lang='lat' dir='ltr'><strong>sapientibus,</strong></span> <span class='ocrx_word' id='word_1_570' title='bbox 1154 4124 1369 4194; x_wconf 87' lang='lat' dir='ltr'><strong>sapiens</strong></span> <span class='ocrx_word' id='word_1_571' title='bbox 1421 4124 1544 4179; x_wconf 89' lang='lat' dir='ltr'><strong>erit.</strong></span> <span class='ocrx_word' id='word_1_572' title='bbox 1581 4143 1599 4175; x_wconf 75' lang='grc' dir='ltr'><strong>ι</strong></span> <span class='ocrx_word' id='word_1_573' title='bbox 1666 4123 1867 4178; x_wconf 88' lang='lat' dir='ltr'><strong>Deinde</strong></span> <span class='ocrx_word' id='word_1_574' title='bbox 1919 4139 2051 4178; x_wconf 90' lang='lat' dir='ltr'><strong>vero</strong></span> <span class='ocrx_word' id='word_1_575' title='bbox 2094 4142 2106 4176; x_wconf 92' lang='lat'>:</span> 
     </span>
    </p>
   </div>
   <div class='ocr_carea' id='block_1_70' title="bbox 2215 3206 3782 3282">
    <p class='ocr_par' dir='ltr' id='par_1_70' title="bbox 2215 3206 3782 3282">
     <span class='ocr_line' id='line_1_71' title="bbox 2215 3206 3782 3282; baseline -0.001 -23"><span class='ocrx_word' id='word_1_576' title='bbox 2215 3207 2375 3275; x_wconf 74' lang='grc' dir='ltr'>σοφὸς</span> <span class='ocrx_word' id='word_1_577' title='bbox 2406 3206 2578 3270; x_wconf 79' lang='grc' dir='ltr'>ἔσται,</span> <span class='ocrx_word' id='word_1_578' title='bbox 2606 3206 2684 3278; x_wconf 84' lang='grc' dir='ltr'>τῷ</span> <span class='ocrx_word' id='word_1_579' title='bbox 2716 3207 2771 3260; x_wconf 84' lang='grc' dir='ltr'><strong>δὲ</strong></span> <span class='ocrx_word' id='word_1_580' title='bbox 2802 3209 2994 3279; x_wconf 77' lang='grc' dir='ltr'>ἄφρονι</span> <span class='ocrx_word' id='word_1_581' title='bbox 3037 3209 3269 3280; x_wconf 81' lang='grc' dir='ltr'>διακόνῳ</span> <span class='ocrx_word' id='word_1_582' title='bbox 3317 3212 3586 3282; x_wconf 84' lang='grc' dir='ltr'>χρήσεται</span> <span class='ocrx_word' id='word_1_583' title='bbox 3609 3227 3622 3240; x_wconf 75' lang='grc' dir='ltr'><strong><em>ο</em></strong></span> <span class='ocrx_word' id='word_1_584' title='bbox 3657 3229 3673 3259; x_wconf 76' lang='grc' dir='ltr'><strong>ι</strong></span> <span class='ocrx_word' id='word_1_585' title='bbox 3699 3206 3782 3262; x_wconf 72' lang='grc' dir='ltr'>καὶ</span> 
     </span>
    </p>
   </div>
   <div class='ocr_carea' id='block_1_71' title="bbox 2213 3292 3780 3371">
    <p class='ocr_par' dir='ltr' id='par_1_71' title="bbox 2213 3292 3780 3371">
     <span class='ocr_line' id='line_1_72' title="bbox 2213 3292 3780 3371; baseline 0.001 -22"><span class='ocrx_word' id='word_1_586' title='bbox 2213 3293 2394 3360; x_wconf 73' lang='grc' dir='ltr'>αὖθις·</span> <span class='ocrx_word' id='word_1_587' title='bbox 2427 3315 2445 3348; x_wconf 78' lang='grc' dir='ltr'><strong>ι</strong></span> <span class='ocrx_word' id='word_1_588' title='bbox 2478 3297 2646 3366; x_wconf 80' lang='grc' dir='ltr'>Σοφὸς</span> <span class='ocrx_word' id='word_1_589' title='bbox 2681 3299 2876 3371; x_wconf 80' lang='grc' dir='ltr'>καρδίᾳ</span> <span class='ocrx_word' id='word_1_590' title='bbox 2909 3299 3118 3370; x_wconf 82' lang='grc' dir='ltr'>δέχεται</span> <span class='ocrx_word' id='word_1_591' title='bbox 3148 3300 3368 3364; x_wconf 71' lang='grc' dir='ltr'>ἐντολάς</span> <span class='ocrx_word' id='word_1_592' title='bbox 3389 3319 3404 3333; x_wconf 86' lang='grc'><strong>·</strong></span> <span class='ocrx_word' id='word_1_593' title='bbox 3441 3321 3459 3353; x_wconf 80' lang='grc' dir='ltr'><strong>ι</strong></span> <span class='ocrx_word' id='word_1_594' title='bbox 3497 3301 3610 3365; x_wconf 74' lang='grc' dir='ltr'>καὶ,</span> <span class='ocrx_word' id='word_1_595' title='bbox 3648 3321 3664 3351; x_wconf 84' lang='grc' dir='ltr'><strong>ι</strong></span> <span class='ocrx_word' id='word_1_596' title='bbox 3692 3292 3780 3352; x_wconf 73' lang='grc' dir='ltr'><strong>Οὗ-</strong></span> 
     </span>
    </p>
   </div>
   <div class='ocr_carea' id='block_1_72' title="bbox 2213 3390 3780 3465">
    <p class='ocr_par' dir='ltr' id='par_1_72' title="bbox 2213 3390 3780 3465">
     <span class='ocr_line' id='line_1_73' title="bbox 2213 3390 3780 3465; baseline 0.001 -23"><span class='ocrx_word' id='word_1_597' title='bbox 2213 3407 2304 3452; x_wconf 86' lang='grc' dir='ltr'><strong>τος</strong></span> <span class='ocrx_word' id='word_1_598' title='bbox 2335 3391 2399 3442; x_wconf 81' lang='grc' dir='ltr'><strong>ἐκ</strong></span> <span class='ocrx_word' id='word_1_599' title='bbox 2433 3390 2654 3460; x_wconf 85' lang='grc' dir='ltr'>χειλέων</span> <span class='ocrx_word' id='word_1_600' title='bbox 2709 3391 2970 3462; x_wconf 85' lang='grc' dir='ltr'>προφέρει</span> <span class='ocrx_word' id='word_1_601' title='bbox 3009 3393 3220 3460; x_wconf 85' lang='grc' dir='ltr'>σοφίαν.</span> <span class='ocrx_word' id='word_1_602' title='bbox 3263 3393 3478 3465; x_wconf 81' lang='grc' dir='ltr'><strong>Ῥἀόδῳ</strong></span> <span class='ocrx_word' id='word_1_603' title='bbox 3511 3393 3677 3447; x_wconf 83' lang='grc' dir='ltr'>τύπτε</span> <span class='ocrx_word' id='word_1_604' title='bbox 3701 3392 3780 3446; x_wconf 77' lang='grc' dir='ltr'><strong>ἄν·</strong></span> 
     </span>
    </p>
   </div>
   <div class='ocr_carea' id='block_1_73' title="bbox 2215 3480 3780 3557">
    <p class='ocr_par' dir='ltr' id='par_1_73' title="bbox 2215 3480 3780 3557">
     <span class='ocr_line' id='line_1_74' title="bbox 2215 3480 3780 3557; baseline 0.001 -25"><span class='ocrx_word' id='word_1_605' title='bbox 2215 3480 2315 3552; x_wconf 74' lang='grc' dir='ltr'><strong>δρα</strong></span> <span class='ocrx_word' id='word_1_606' title='bbox 2378 3480 2634 3550; x_wconf 81' lang='grc' dir='ltr'>ἀκάρδιον</span> <span class='ocrx_word' id='word_1_607' title='bbox 2665 3498 2678 3511; x_wconf 69' lang='grc' dir='ltr'><strong>ν</strong></span> <span class='ocrx_word' id='word_1_608' title='bbox 2732 3484 2884 3550; x_wconf 72' lang='grc' dir='ltr'>σοφοὶ</span> <span class='ocrx_word' id='word_1_609' title='bbox 2943 3483 3242 3555; x_wconf 79' lang='grc' dir='ltr'>κρύψουσιν</span> <span class='ocrx_word' id='word_1_610' title='bbox 3297 3486 3587 3557; x_wconf 70' lang='grc' dir='ltr'>αῖσθησινσ</span> <span class='ocrx_word' id='word_1_611' title='bbox 3628 3504 3646 3536; x_wconf 78' lang='grc' dir='ltr'><strong>ι</strong></span> <span class='ocrx_word' id='word_1_612' title='bbox 3699 3483 3780 3536; x_wconf 74' lang='grc' dir='ltr'><strong>καὶ</strong></span> 
     </span>
    </p>
   </div>
   <div class='ocr_carea' id='block_1_74' title="bbox 2210 3571 3783 3647">
    <p class='ocr_par' dir='ltr' id='par_1_74' title="bbox 2210 3571 3783 3647">
     <span class='ocr_line' id='line_1_75' title="bbox 2210 3571 3783 3647; baseline 0.001 -24"><span class='ocrx_word' id='word_1_613' title='bbox 2210 3571 2402 3624; x_wconf 83' lang='grc' dir='ltr'>πάλιν·</span> <span class='ocrx_word' id='word_1_614' title='bbox 2453 3593 2469 3624; x_wconf 78' lang='grc' dir='ltr'><strong>ι</strong></span> <span class='ocrx_word' id='word_1_615' title='bbox 2511 3573 2575 3626; x_wconf 81' lang='grc' dir='ltr'><strong><em>Ἡ</em></strong></span> <span class='ocrx_word' id='word_1_616' title='bbox 2627 3573 2784 3642; x_wconf 87' lang='grc' dir='ltr'>σοφία</span> <span class='ocrx_word' id='word_1_617' title='bbox 2834 3573 2987 3644; x_wconf 73' lang='grc' dir='ltr'>ἀνδρὶ</span> <span class='ocrx_word' id='word_1_618' title='bbox 3025 3576 3196 3627; x_wconf 86' lang='grc' dir='ltr'>τίκτει</span> <span class='ocrx_word' id='word_1_619' title='bbox 3246 3577 3543 3647; x_wconf 76' lang='grc' dir='ltr'>φρόνησιν·</span> <span class='ocrx_word' id='word_1_620' title='bbox 3581 3597 3599 3628; x_wconf 86' lang='grc'><strong>›</strong></span> <span class='ocrx_word' id='word_1_621' title='bbox 3644 3571 3783 3636; x_wconf 78' lang='grc' dir='ltr'>αὖθίς</span> 
     </span>
    </p>
   </div>
   <div class='ocr_carea' id='block_1_75' title="bbox 2210 3665 3780 3738">
    <p class='ocr_par' dir='ltr' id='par_1_75' title="bbox 2210 3665 3780 3738">
     <span class='ocr_line' id='line_1_76' title="bbox 2210 3665 3780 3738; baseline 0.002 -22"><span class='ocrx_word' id='word_1_622' title='bbox 2210 3681 2269 3716; x_wconf 86' lang='grc' dir='ltr'><strong>τε</strong></span> <span class='ocrx_word' id='word_1_623' title='bbox 2292 3683 2304 3696; x_wconf 77' lang='grc' dir='ltr'><strong>ο</strong></span> <span class='ocrx_word' id='word_1_624' title='bbox 2339 3684 2354 3715; x_wconf 84' lang='grc' dir='ltr'><strong>ι</strong></span> <span class='ocrx_word' id='word_1_625' title='bbox 2371 3665 2551 3734; x_wconf 84' lang='grc' dir='ltr'>Στόμα</span> <span class='ocrx_word' id='word_1_626' title='bbox 2584 3665 2793 3718; x_wconf 83' lang='grc' dir='ltr'>δικαίου</span> <span class='ocrx_word' id='word_1_627' title='bbox 2820 3667 3115 3732; x_wconf 75' lang='grc' dir='ltr'>ἀποστάζει</span> <span class='ocrx_word' id='word_1_628' title='bbox 3142 3670 3332 3738; x_wconf 86' lang='grc' dir='ltr'>σοφίαν</span> <span class='ocrx_word' id='word_1_629' title='bbox 3357 3691 3371 3702; x_wconf 88' lang='grc'><strong>·</strong></span> <span class='ocrx_word' id='word_1_630' title='bbox 3395 3691 3414 3721; x_wconf 79' lang='grc' dir='ltr'><strong>ι</strong></span> <span class='ocrx_word' id='word_1_631' title='bbox 3445 3672 3558 3729; x_wconf 85' lang='grc' dir='ltr'>καὶ,</span> <span class='ocrx_word' id='word_1_632' title='bbox 3590 3669 3780 3722; x_wconf 79' lang='grc' dir='ltr'>«Γλῶσ-</span> 
     </span>
    </p>
   </div>
   <div class='ocr_carea' id='block_1_76' title="bbox 2211 3757 3783 3835">
    <p class='ocr_par' dir='ltr' id='par_1_76' title="bbox 2211 3757 3783 3835">
     <span class='ocr_line' id='line_1_77' title="bbox 2211 3757 3783 3835; baseline 0.004 -28"><span class='ocrx_word' id='word_1_633' title='bbox 2211 3773 2300 3808; x_wconf 88' lang='grc' dir='ltr'><strong>σαι</strong></span> <span class='ocrx_word' id='word_1_634' title='bbox 2346 3757 2524 3825; x_wconf 85' lang='grc' dir='ltr'>σοφῶν</span> <span class='ocrx_word' id='word_1_635' title='bbox 2568 3757 2784 3811; x_wconf 73' lang='grc' dir='ltr'>ἰῶνται·</span> <span class='ocrx_word' id='word_1_636' title='bbox 2820 3777 2837 3808; x_wconf 74' lang='grc' dir='ltr'><strong>ι</strong></span> <span class='ocrx_word' id='word_1_637' title='bbox 2873 3759 2988 3823; x_wconf 72' lang='grc' dir='ltr'>καὶ,</span> <span class='ocrx_word' id='word_1_638' title='bbox 3025 3779 3043 3810; x_wconf 83' lang='grc' dir='ltr'><strong>ι</strong></span> <span class='ocrx_word' id='word_1_639' title='bbox 3095 3761 3150 3814; x_wconf 86' lang='grc' dir='ltr'><strong>Ὀ</strong></span> <span class='ocrx_word' id='word_1_640' title='bbox 3192 3765 3673 3835; x_wconf 85' lang='grc' dir='ltr'>συμπορευόμενος</span> <span class='ocrx_word' id='word_1_641' title='bbox 3704 3777 3783 3814; x_wconf 85' lang='grc' dir='ltr'>σο-</span> 
     </span>
    </p>
   </div>
   <div class='ocr_carea' id='block_1_77' title="bbox 2210 3849 3783 3928">
    <p class='ocr_par' dir='ltr' id='par_1_77' title="bbox 2210 3849 3783 3928">
     <span class='ocr_line' id='line_1_78' title="bbox 2210 3849 3783 3928; baseline 0.001 -26"><span class='ocrx_word' id='word_1_642' title='bbox 2210 3851 2328 3919; x_wconf 82' lang='grc' dir='ltr'>φοῖς</span> <span class='ocrx_word' id='word_1_643' title='bbox 2381 3851 2540 3919; x_wconf 69' lang='grc' dir='ltr'>σοφὸς</span> <span class='ocrx_word' id='word_1_644' title='bbox 2575 3851 2726 3903; x_wconf 76' lang='grc' dir='ltr'>ἔσται</span> <span class='ocrx_word' id='word_1_645' title='bbox 2753 3870 2765 3883; x_wconf 90' lang='grc'><strong>·</strong></span> <span class='ocrx_word' id='word_1_646' title='bbox 2802 3871 2821 3904; x_wconf 76' lang='grc' dir='ltr'><strong>ι</strong></span> <span class='ocrx_word' id='word_1_647' title='bbox 2883 3849 3001 3906; x_wconf 80' lang='grc' dir='ltr'>εἶτα</span> <span class='ocrx_word' id='word_1_648' title='bbox 3041 3854 3196 3924; x_wconf 73' lang='grc' dir='ltr'><strong>έξῆς⁹</strong></span> <span class='ocrx_word' id='word_1_649' title='bbox 3237 3875 3254 3907; x_wconf 79' lang='grc' dir='ltr'><strong>ι</strong></span> <span class='ocrx_word' id='word_1_650' title='bbox 3291 3858 3566 3928; x_wconf 80' lang='grc' dir='ltr'>Ζητήσεις</span> <span class='ocrx_word' id='word_1_651' title='bbox 3609 3868 3783 3922; x_wconf 77' lang='grc' dir='ltr'>σοφίαν</span> 
     </span>
    </p>
   </div>
   <div class='ocr_carea' id='block_1_78' title="bbox 2208 3941 3780 4020">
    <p class='ocr_par' dir='ltr' id='par_1_78' title="bbox 2208 3941 3780 4020">
     <span class='ocr_line' id='line_1_79' title="bbox 2208 3941 3780 4020; baseline 0.003 -26"><span class='ocrx_word' id='word_1_652' title='bbox 2208 3941 2356 4012; x_wconf 77' lang='grc' dir='ltr'>παρὰ</span> <span class='ocrx_word' id='word_1_653' title='bbox 2387 3946 2596 4008; x_wconf 88' lang='grc' dir='ltr'>κακοῖς,</span> <span class='ocrx_word' id='word_1_654' title='bbox 2640 3943 2734 3996; x_wconf 76' lang='grc' dir='ltr'><strong>καὶ</strong></span> <span class='ocrx_word' id='word_1_655' title='bbox 2771 3945 2868 4016; x_wconf 74' lang='grc' dir='ltr'>οὐχ</span> <span class='ocrx_word' id='word_1_656' title='bbox 2909 3946 3194 4017; x_wconf 80' lang='grc' dir='ltr'>εὑρήσεις·</span> <span class='ocrx_word' id='word_1_657' title='bbox 3231 3965 3249 3996; x_wconf 74' lang='grc' dir='ltr'><strong>ι</strong></span> <span class='ocrx_word' id='word_1_658' title='bbox 3297 3949 3396 4002; x_wconf 68' lang='grc' dir='ltr'><strong>καὶ</strong></span> <span class='ocrx_word' id='word_1_659' title='bbox 3434 3948 3555 4020; x_wconf 77' lang='grc' dir='ltr'>μεθ’</span> <span class='ocrx_word' id='word_1_660' title='bbox 3597 3947 3780 4016; x_wconf 67' lang='grc' dir='ltr'><strong>’ἐτεριιι⁹</strong></span> 
     </span>
    </p>
   </div>
   <div class='ocr_carea' id='block_1_79' title="bbox 2215 4032 3783 4104">
    <p class='ocr_par' dir='ltr' id='par_1_79' title="bbox 2215 4032 3783 4104">
     <span class='ocr_line' id='line_1_80' title="bbox 2215 4032 3783 4104; baseline 0.006 -21"><span class='ocrx_word' id='word_1_661' title='bbox 2215 4051 2234 4083; x_wconf 77' lang='grc' dir='ltr'><strong>ι</strong></span> <span class='ocrx_word' id='word_1_662' title='bbox 2261 4032 2429 4100; x_wconf 82' lang='grc' dir='ltr'>Σοφία</span> <span class='ocrx_word' id='word_1_663' title='bbox 2479 4033 2801 4104; x_wconf 84' lang='grc' dir='ltr'>πανούργων</span> <span class='ocrx_word' id='word_1_664' title='bbox 2853 4034 3213 4104; x_wconf 78' lang='grc' dir='ltr'>ἐπιγνώσεται</span> <span class='ocrx_word' id='word_1_665' title='bbox 3265 4036 3368 4100; x_wconf 85' lang='grc' dir='ltr'><strong>τάς</strong></span> <span class='ocrx_word' id='word_1_666' title='bbox 3403 4036 3560 4099; x_wconf 87' lang='grc' dir='ltr'>ὁδούς</span> <span class='ocrx_word' id='word_1_667' title='bbox 3585 4054 3598 4066; x_wconf 77' lang='grc' dir='ltr'><strong><em>ο</em></strong></span> <span class='ocrx_word' id='word_1_668' title='bbox 3635 4032 3783 4102; x_wconf 74' lang='grc' dir='ltr'>φόϐος</span> 
     </span>
    </p>
   </div>
   <div class='ocr_carea' id='block_1_80' title="bbox 2208 4123 3783 4196">
    <p class='ocr_par' dir='ltr' id='par_1_80' title="bbox 2208 4123 3783 4196">
     <span class='ocr_line' id='line_1_81' title="bbox 2208 4123 3783 4196; baseline 0 -19"><span class='ocrx_word' id='word_1_669' title='bbox 2208 4123 2435 4195; x_wconf 85' lang='grc' dir='ltr'>Κυρίου,</span> <span class='ocrx_word' id='word_1_670' title='bbox 2472 4125 2688 4178; x_wconf 84' lang='grc' dir='ltr'>παιδεία</span> <span class='ocrx_word' id='word_1_671' title='bbox 2721 4127 2812 4180; x_wconf 79' lang='grc' dir='ltr'><strong>καὶ</strong></span> <span class='ocrx_word' id='word_1_672' title='bbox 2845 4128 3005 4196; x_wconf 87' lang='grc' dir='ltr'>σοφία</span> <span class='ocrx_word' id='word_1_673' title='bbox 3029 4146 3042 4160; x_wconf 70' lang='grc'><strong>⁸</strong></span> <span class='ocrx_word' id='word_1_674' title='bbox 3082 4147 3099 4180; x_wconf 78' lang='grc' dir='ltr'><strong>ι</strong></span> <span class='ocrx_word' id='word_1_675' title='bbox 3156 4125 3310 4192; x_wconf 76' lang='grc' dir='ltr'>αὖθίς</span> <span class='ocrx_word' id='word_1_676' title='bbox 3343 4147 3407 4183; x_wconf 87' lang='grc' dir='ltr'><strong>τε</strong></span> <span class='ocrx_word' id='word_1_677' title='bbox 3431 4146 3446 4160; x_wconf 88' lang='grc'><strong>·</strong></span> <span class='ocrx_word' id='word_1_678' title='bbox 3493 4150 3510 4181; x_wconf 78' lang='grc' dir='ltr'><strong>ι</strong></span> <span class='ocrx_word' id='word_1_679' title='bbox 3543 4127 3783 4185; x_wconf 75' lang='grc' dir='ltr'>Νεοσσοῖς</span> 
     </span>
    </p>
   </div>
   <div class='ocr_carea' id='block_1_81' title="bbox 540 4215 2117 4292">
    <p class='ocr_par' dir='ltr' id='par_1_81' title="bbox 540 4215 2111 4289">
     <span class='ocr_line' id='line_1_82' title="bbox 540 4215 2111 4289; baseline -0.004 -14"><span class='ocrx_word' id='word_1_680' title='bbox 540 4242 560 4275; x_wconf 78' lang='grc' dir='ltr'><strong>ι</strong></span> <span class='ocrx_word' id='word_1_681' title='bbox 594 4221 811 4288; x_wconf 68' lang='grc' dir='ltr'>ριιωτεε</span> <span class='ocrx_word' id='word_1_682' title='bbox 844 4218 955 4289; x_wconf 89' lang='grc'>(76)</span> <span class='ocrx_word' id='word_1_683' title='bbox 991 4219 1314 4288; x_wconf 88' lang='lat' dir='ltr'><strong>sapientiam</strong></span> <span class='ocrx_word' id='word_1_684' title='bbox 1345 4217 1484 4286; x_wconf 88' lang='lat' dir='ltr'><strong>apud</strong></span> <span class='ocrx_word' id='word_1_685' title='bbox 1517 4215 1708 4280; x_wconf 86' lang='lat' dir='ltr'><strong>malos,</strong></span> <span class='ocrx_word' id='word_1_686' title='bbox 1736 4223 1790 4268; x_wconf 93' lang='lat' dir='ltr'><strong>et</strong></span> <span class='ocrx_word' id='word_1_687' title='bbox 1817 4230 1923 4269; x_wconf 91' lang='lat' dir='ltr'><strong>non</strong></span> <span class='ocrx_word' id='word_1_688' title='bbox 1964 4215 2111 4269; x_wconf 86' lang='lat' dir='ltr'><strong>inve-</strong></span> 
     </span>
    </p>
   </div>
   <div class='ocr_carea' id='block_1_82' title="bbox 2219 4215 3786 4292">
    <p class='ocr_par' dir='ltr' id='par_1_82' title="bbox 2219 4215 3786 4292">
     <span class='ocr_line' id='line_1_83' title="bbox 2219 4215 3786 4292; baseline -0.001 -24"><span class='ocrx_word' id='word_1_689' title='bbox 2219 4215 2567 4286; x_wconf 77' lang='grc' dir='ltr'>ιιὶρετώτεραι</span> <span class='ocrx_word' id='word_1_690' title='bbox 2618 4218 2877 4287; x_wconf 85' lang='grc' dir='ltr'>χρυσίου·</span> <span class='ocrx_word' id='word_1_691' title='bbox 2913 4219 3156 4270; x_wconf 73' lang='grc' dir='ltr'>νεοσσιαὶ</span> <span class='ocrx_word' id='word_1_692' title='bbox 3193 4219 3249 4271; x_wconf 80' lang='grc' dir='ltr'>δὲ</span> <span class='ocrx_word' id='word_1_693' title='bbox 3289 4221 3630 4292; x_wconf 72' lang='grc' dir='ltr'>φρονήσεως,</span> <span class='ocrx_word' id='word_1_694' title='bbox 3661 4215 3786 4283; x_wconf 80' lang='grc' dir='ltr'>ὑπὲρ</span> 
     </span>
    </p>
   </div>
   <div class='ocr_carea' id='block_1_83' title="bbox 604 4391 2117 4472">
    <p class='ocr_par' dir='ltr' id='par_1_83' title="bbox 604 4393 2101 4472">
     <span class='ocr_line' id='line_1_84' title="bbox 604 4393 2101 4472; baseline -0.005 -16"><span class='ocrx_word' id='word_1_695' title='bbox 604 4402 718 4472; x_wconf 88' lang='grc'>(57)</span> <span class='ocrx_word' id='word_1_696' title='bbox 746 4399 1155 4472; x_wconf 62' lang='lat' dir='ltr'><strong>Lwtoparvero.</strong></span> <span class='ocrx_word' id='word_1_697' title='bbox 1190 4395 1360 4450; x_wconf 89' lang='lat' dir='ltr'><strong>Biblia</strong></span> <span class='ocrx_word' id='word_1_698' title='bbox 1403 4393 1560 4472; x_wconf 85' lang='lat' dir='ltr'><strong>paulo</strong></span> <span class='ocrx_word' id='word_1_699' title='bbox 1585 4393 1800 4472; x_wconf 38' lang='grc' dir='ltr'><strong>ἰιιίιιξικ⁸</strong></span> <span class='ocrx_word' id='word_1_700' title='bbox 1824 4393 2101 4472; x_wconf 69' lang='lat' dir='ltr'><strong>praemissa</strong></span> 
     </span>
    </p>
   </div>
   <div class='ocr_carea' id='block_1_84' title="bbox 2219 4391 3780 4472">
    <p class='ocr_par' dir='ltr' id='par_1_84' title="bbox 2285 4391 3780 4472">
     <span class='ocr_line' id='line_1_85' title="bbox 2285 4391 3780 4472; baseline 0 -26"><span class='ocrx_word' id='word_1_701' title='bbox 2285 4391 2396 4472; x_wconf 85' lang='lat'>(67)</span> <span class='ocrx_word' id='word_1_702' title='bbox 2437 4392 2504 4472; x_wconf 59' lang='grc' dir='ltr'><strong>Ιξι</strong></span> <span class='ocrx_word' id='word_1_703' title='bbox 2543 4395 3101 4472; x_wconf 64' lang='lat' dir='ltr'><strong>propinqui§._Voces_,</strong></span> <span class='ocrx_word' id='word_1_704' title='bbox 3126 4399 3222 4451; x_wconf 76' lang='grc' dir='ltr'><strong>καὶ</strong></span> <span class='ocrx_word' id='word_1_705' title='bbox 3267 4401 3385 4472; x_wconf 75' lang='grc' dir='ltr'>τοῖς</span> <span class='ocrx_word' id='word_1_706' title='bbox 3417 4397 3674 4472; x_wconf 68' lang='grc' dir='ltr'>πλησίον,</span> <span class='ocrx_word' id='word_1_707' title='bbox 3699 4392 3780 4447; x_wconf 87' lang='lat' dir='ltr'><strong>de-</strong></span> 
     </span>
    </p>
   </div>
   <div class='ocr_carea' id='block_1_85' title="bbox 529 4463 3780 4543">
    <p class='ocr_par' dir='ltr' id='par_1_85' title="bbox 529 4463 3780 4543">
     <span class='ocr_line' id='line_1_86' title="bbox 529 4463 3780 4543; baseline -0.002 -19"><span class='ocrx_word' id='word_1_708' title='bbox 529 4463 790 4543; x_wconf 70' lang='lat' dir='ltr'><strong>partic&#39;nla</strong></span> <span class='ocrx_word' id='word_1_709' title='bbox 851 4468 942 4534; x_wconf 85' lang='grc' dir='ltr'><strong>δέ,</strong></span> <span class='ocrx_word' id='word_1_710' title='bbox 992 4469 1046 4523; x_wconf 91' lang='lat' dir='ltr'><strong>in</strong></span> <span class='ocrx_word' id='word_1_711' title='bbox 1104 4469 1246 4522; x_wconf 88' lang='lat' dir='ltr'><strong>hunc</strong></span> <span class='ocrx_word' id='word_1_712' title='bbox 1295 4466 1509 4520; x_wconf 92' lang='lat' dir='ltr'><strong>modum</strong></span> <span class='ocrx_word' id='word_1_713' title='bbox 1544 4463 1724 4517; x_wconf 73' lang='lat' dir='ltr'><strong>:KaG‘</strong></span> <span class='ocrx_word' id='word_1_714' title='bbox 1778 4463 1992 4533; x_wconf 80' lang='grc' dir='ltr'>ἡμέραν</span> <span class='ocrx_word' id='word_1_715' title='bbox 2046 4463 2104 4516; x_wconf 82' lang='grc' dir='ltr'>δὲ</span> <span class='ocrx_word' id='word_1_716' title='bbox 2141 4526 2181 4543; x_wconf 56' lang='grc'>“</span> <span class='ocrx_word' id='word_1_717' title='bbox 2214 4463 2340 4543; x_wconf 75' lang='lat' dir='ltr'><strong>sunt</strong></span> <span class='ocrx_word' id='word_1_718' title='bbox 2370 4467 2434 4543; x_wconf 90' lang='lat' dir='ltr'><strong>in_</strong></span> <span class='ocrx_word' id='word_1_719' title='bbox 2455 4464 2721 4543; x_wconf 69' lang='lat' dir='ltr'><strong>Coniplut.</strong></span> <span class='ocrx_word' id='word_1_720' title='bbox 2742 4463 3012 4522; x_wconf 83' lang='lat' dir='ltr'><strong>editione.</strong></span> <span class='ocrx_word' id='word_1_721' title='bbox 3061 4463 3548 4524; x_wconf 70' lang='lat' dir='ltr'><strong>Francol‘urtensis</strong></span> <span class='ocrx_word' id='word_1_722' title='bbox 3593 4465 3780 4521; x_wconf 84' lang='lat' dir='ltr'><strong>habet:</strong></span> 
     </span>
    </p>
   </div>
   <div class='ocr_carea' id='block_1_86' title="bbox 529 4526 2865 4612">
    <p class='ocr_par' dir='ltr' id='par_1_86' title="bbox 529 4526 2865 4612">
     <span class='ocr_line' id='line_1_87' title="bbox 529 4526 2865 4612; baseline 0.008 -42"><span class='ocrx_word' id='word_1_723' title='bbox 529 4526 940 4612; x_wconf 51' lang='grc' dir='ltr'><strong>ξὺφραινᾲμηνξ</strong></span> <span class='ocrx_word' id='word_1_724' title='bbox 985 4610 993 4612; x_wconf 19' lang='grc'><strong><em>4</em></strong></span> <span class='ocrx_word' id='word_1_725' title='bbox 1191 4605 1222 4612; x_wconf 41' lang='grc' dir='ltr'><strong>Α</strong></span> <span class='ocrx_word' id='word_1_726' title='bbox 1359 4609 1367 4612; x_wconf 21' lang='grc' dir='ltr'><strong>Δ</strong></span> <span class='ocrx_word' id='word_1_727' title='bbox 1548 4603 1561 4612; x_wconf 35' lang='grc'><strong>⁸</strong></span> <span class='ocrx_word' id='word_1_728' title='bbox 1699 4603 1710 4612; x_wconf 68' lang='lat'><strong>_</strong></span> <span class='ocrx_word' id='word_1_729' title='bbox 1893 4526 1906 4533; x_wconf 78' lang='grc'><em>’</em></span> <span class='ocrx_word' id='word_1_730' title='bbox 2141 4526 2184 4582; x_wconf 90' lang='lat' dir='ltr'><strong>D</strong></span> <span class='ocrx_word' id='word_1_731' title='bbox 2213 4526 2865 4612; x_wconf 46' lang='lat' dir='ltr'><strong>thjoignaritﬁoiovoou.</strong></span> 
     </span>
    </p>
   </div>
   <div class='ocr_carea' id='block_1_87' title="bbox 602 4603 2117 4681">
    <p class='ocr_par' dir='ltr' id='par_1_87' title="bbox 602 4603 2111 4681">
     <span class='ocr_line' id='line_1_88' title="bbox 602 4603 2111 4681; baseline -0.005 -16"><span class='ocrx_word' id='word_1_732' title='bbox 602 4603 714 4681; x_wconf 74' lang='lat'>(58)</span> <span class='ocrx_word' id='word_1_733' title='bbox 757 4603 1158 4681; x_wconf 64' lang='lat' dir='ltr'><strong>Oblectabatur.</strong></span> <span class='ocrx_word' id='word_1_734' title='bbox 1183 4605 1454 4676; x_wconf 85' lang='lat' dir='ltr'><strong>Complut.</strong></span> <span class='ocrx_word' id='word_1_735' title='bbox 1497 4603 1609 4669; x_wconf 90' lang='lat' dir='ltr'><strong>ed.,</strong></span> <span class='ocrx_word' id='word_1_736' title='bbox 1650 4603 2012 4675; x_wconf 73' lang='grc' dir='ltr'>ηὐφραίνετο,</span> <span class='ocrx_word' id='word_1_737' title='bbox 2056 4613 2111 4657; x_wconf 90' lang='lat' dir='ltr'><strong>et</strong></span> 
     </span>
    </p>
   </div>
   <div class='ocr_carea' id='block_1_88' title="bbox 2219 4603 3782 4681">
    <p class='ocr_par' dir='ltr' id='par_1_88' title="bbox 2219 4603 3782 4681">
     <span class='ocr_line' id='line_1_89' title="bbox 2219 4603 3782 4681; baseline -0.006 -20"><span class='ocrx_word' id='word_1_738' title='bbox 2219 4605 2398 4681; x_wconf 86' lang='lat'>__(_68)</span> <span class='ocrx_word' id='word_1_739' title='bbox 2470 4603 2660 4681; x_wconf 68' lang='lat' dir='ltr'><strong>Filius.</strong></span> <span class='ocrx_word' id='word_1_740' title='bbox 2711 4607 2837 4681; x_wconf 67' lang='lat' dir='ltr'><strong>llasc</strong></span> <span class='ocrx_word' id='word_1_741' title='bbox 2894 4607 2946 4681; x_wconf 82' lang='lat' dir='ltr'><strong>in</strong></span> <span class='ocrx_word' id='word_1_742' title='bbox 2982 4607 3224 4681; x_wconf 15' lang='lat' dir='ltr'><strong>AHebrteo</strong></span> <span class='ocrx_word' id='word_1_743' title='bbox 3277 4623 3582 4681; x_wconf 59' lang='lat' dir='ltr'><strong>exemptam</strong></span> <span class='ocrx_word' id='word_1_744' title='bbox 3635 4614 3687 4660; x_wconf 90' lang='lat' dir='ltr'><strong>et</strong></span> <span class='ocrx_word' id='word_1_745' title='bbox 3737 4603 3782 4681; x_wconf 81' lang='lat' dir='ltr'><strong>i_n</strong></span> 
     </span>
    </p>
   </div>
   <div class='ocr_carea' id='block_1_89' title="bbox 531 4673 3782 4750">
    <p class='ocr_par' dir='ltr' id='par_1_89' title="bbox 531 4673 3782 4750">
     <span class='ocr_line' id='line_1_90' title="bbox 531 4673 3782 4750; baseline -0.002 -19"><span class='ocrx_word' id='word_1_746' title='bbox 531 4673 860 4750; x_wconf 62' lang='lat' dir='ltr'><strong>paulo&#39;post,</strong></span> <span class='ocrx_word' id='word_1_747' title='bbox 895 4673 1350 4750; x_wconf 54' lang='lat' dir='ltr'><strong>‘quucppaivsro.&#39;_</strong></span> <span class='ocrx_word' id='word_1_748' title='bbox 1501 4747 1511 4750; x_wconf 28' lang='grc' dir='ltr'><strong>Α</strong></span> <span class='ocrx_word' id='word_1_749' title='bbox 1675 4673 1683 4675; x_wconf 13' lang='grc' dir='ltr'>ἡ</span> <span class='ocrx_word' id='word_1_750' title='bbox 1713 4742 1724 4750; x_wconf 33' lang='grc' dir='ltr'><strong>Δ</strong></span> <span class='ocrx_word' id='word_1_751' title='bbox 1769 4673 1776 4675; x_wconf 49' lang='grc'><em>“</em></span> <span class='ocrx_word' id='word_1_752' title='bbox 1968 4744 1987 4750; x_wconf 88' lang='lat'>_</span> <span class='ocrx_word' id='word_1_753' title='bbox 2214 4673 2442 4750; x_wconf 73' lang='lat' dir='ltr'><strong>vulgata</strong></span> <span class='ocrx_word' id='word_1_754' title='bbox 2487 4678 3278 4750; x_wconf 75' lang='lat' dir='ltr'><strong>translationedesiderantur.</strong></span> <span class='ocrx_word' id='word_1_755' title='bbox 3308 4673 3782 4750; x_wconf 71' lang='lat' dir='ltr'><strong>Francofnrtcosis</strong></span> 
     </span>
    </p>
   </div>
   <div class='ocr_carea' id='block_1_90' title="bbox 603 4742 3780 4819">
    <p class='ocr_par' dir='ltr' id='par_1_90' title="bbox 603 4742 3780 4819">
     <span class='ocr_line' id='line_1_91' title="bbox 603 4742 3780 4819; baseline 0 -15"><span class='ocrx_word' id='word_1_756' title='bbox 603 4742 877 4819; x_wconf 59' lang='lat' dir='ltr'><strong>(59)&#39;Sese</strong></span> <span class='ocrx_word' id='word_1_757' title='bbox 906 4742 1191 4803; x_wconf 62' lang='lat' dir='ltr'><strong>obiectans.</strong></span> <span class='ocrx_word' id='word_1_758' title='bbox 1242 4746 1444 4811; x_wconf 82' lang='lat' dir='ltr'><strong>Codex,</strong></span> <span class='ocrx_word' id='word_1_759' title='bbox 1497 4742 1916 4814; x_wconf 85' lang='grc' dir='ltr'>ὲπιγανύμενος.</span> <span class='ocrx_word' id='word_1_760' title='bbox 1968 4744 2110 4814; x_wconf 88' lang='lat' dir='ltr'><strong>Lego</strong></span> <span class='ocrx_word' id='word_1_761' title='bbox 2211 4742 2378 4819; x_wconf 82' lang='lat' dir='ltr'><strong>editio</strong></span> <span class='ocrx_word' id='word_1_762' title='bbox 2412 4748 2599 4802; x_wconf 91' lang='lat' dir='ltr'><strong>eadem</strong></span> <span class='ocrx_word' id='word_1_763' title='bbox 2647 4747 2732 4801; x_wconf 89' lang='lat' dir='ltr'><strong>bis</strong></span> <span class='ocrx_word' id='word_1_764' title='bbox 2777 4747 2938 4802; x_wconf 86' lang='lat' dir='ltr'><strong>habet</strong></span> <span class='ocrx_word' id='word_1_765' title='bbox 2972 4749 3024 4803; x_wconf 94' lang='lat' dir='ltr'><strong>in</strong></span> <span class='ocrx_word' id='word_1_766' title='bbox 3065 4748 3400 4811; x_wconf 82' lang='lat' dir='ltr'><strong>Proverbiis,</strong></span> <span class='ocrx_word' id='word_1_767' title='bbox 3435 4765 3564 4818; x_wconf 91' lang='lat' dir='ltr'><strong>cap.</strong></span> <span class='ocrx_word' id='word_1_768' title='bbox 3595 4764 3668 4819; x_wconf 81' lang='lat' dir='ltr'><strong>Ix,</strong></span> <span class='ocrx_word' id='word_1_769' title='bbox 3703 4742 3780 4819; x_wconf 63' lang='lat'><strong>4?.</strong></span> 
     </span>
    </p>
   </div>
   <div class='ocr_carea' id='block_1_91' title="bbox 531 4813 2117 4890">
    <p class='ocr_par' dir='ltr' id='par_1_91' title="bbox 531 4813 2059 4890">
     <span class='ocr_line' id='line_1_92' title="bbox 531 4813 2059 4890; baseline 0.001 -18"><span class='ocrx_word' id='word_1_770' title='bbox 531 4813 1019 4890; x_wconf 37' lang='grc' dir='ltr'>ἐπιγαννύμενοςη</span> <span class='ocrx_word' id='word_1_771' title='bbox 1335 4885 1402 4890; x_wconf 43' lang='grc' dir='ltr'><strong>μ</strong></span> <span class='ocrx_word' id='word_1_772' title='bbox 1541 4884 1608 4890; x_wconf 84' lang='lat'>__</span> <span class='ocrx_word' id='word_1_773' title='bbox 1678 4884 1708 4890; x_wconf 86' lang='lat'><strong>_</strong></span> <span class='ocrx_word' id='word_1_774' title='bbox 1742 4813 1748 4814; x_wconf 32' lang='grc'><strong><em>⁷</em></strong></span> <span class='ocrx_word' id='word_1_775' title='bbox 1937 4886 1967 4890; x_wconf 45' lang='grc' dir='ltr'><strong>η</strong></span> <span class='ocrx_word' id='word_1_776' title='bbox 2002 4885 2013 4890; x_wconf 84' lang='lat'>_</span> <span class='ocrx_word' id='word_1_777' title='bbox 2050 4813 2059 4814; x_wconf 20' lang='grc' dir='ltr'><strong>ί</strong></span> 
     </span>
    </p>
   </div>
   <div class='ocr_carea' id='block_1_92' title="bbox 2219 4813 3782 4890">
    <p class='ocr_par' dir='ltr' id='par_1_92' title="bbox 2219 4813 3782 4890">
     <span class='ocr_line' id='line_1_93' title="bbox 2219 4813 3782 4890; baseline 0.001 -23"><span class='ocrx_word' id='word_1_778' title='bbox 2219 4815 2456 4890; x_wconf 70' lang='lat' dir='ltr'><strong>proxime</strong></span> <span class='ocrx_word' id='word_1_779' title='bbox 2497 4826 2617 4890; x_wconf 86' lang='lat' dir='ltr'><strong>post</strong></span> <span class='ocrx_word' id='word_1_780' title='bbox 2664 4819 3051 4890; x_wconf 67' lang='lat' dir='ltr'><strong>praecedentia,</strong></span> <span class='ocrx_word' id='word_1_781' title='bbox 3094 4829 3148 4873; x_wconf 89' lang='lat' dir='ltr'><strong>et</strong></span> <span class='ocrx_word' id='word_1_782' title='bbox 3195 4835 3314 4888; x_wconf 88' lang='lat' dir='ltr'><strong>cap.</strong></span> <span class='ocrx_word' id='word_1_783' title='bbox 3365 4836 3423 4881; x_wconf 69' lang='grc' dir='ltr'><strong>κ,</strong></span> <span class='ocrx_word' id='word_1_784' title='bbox 3460 4813 3608 4872; x_wconf 72' lang='lat' dir='ltr'><strong>vers.</strong></span> <span class='ocrx_word' id='word_1_785' title='bbox 3635 4817 3687 4890; x_wconf 75' lang='grc'>5.</span> <span class='ocrx_word' id='word_1_786' title='bbox 3720 4813 3782 4864; x_wconf 72' lang='lat' dir='ltr'><strong>At</strong></span> 
     </span>
    </p>
   </div>
   <div class='ocr_carea' id='block_1_93' title="bbox 603 4884 2117 4959">
    <p class='ocr_par' dir='ltr' id='par_1_93' title="bbox 603 4884 2105 4959">
     <span class='ocr_line' id='line_1_94' title="bbox 603 4884 2105 4959; baseline -0.003 -15"><span class='ocrx_word' id='word_1_787' title='bbox 603 4884 713 4959; x_wconf 83' lang='lat'>(60)</span> <span class='ocrx_word' id='word_1_788' title='bbox 761 4884 966 4942; x_wconf 64' lang='lat' dir='ltr'><strong>Exitus.</strong></span> <span class='ocrx_word' id='word_1_789' title='bbox 998 4889 1157 4959; x_wconf 78' lang='lat' dir='ltr'><strong>Prov.</strong></span> <span class='ocrx_word' id='word_1_790' title='bbox 1185 4885 1408 4959; x_wconf 36' lang='grc' dir='ltr'>νιιιηὸεξ</span> <span class='ocrx_word' id='word_1_791' title='bbox 1446 4884 1633 4959; x_wconf 20' lang='grc' dir='ltr'>οιμὸϐ.</span> <span class='ocrx_word' id='word_1_792' title='bbox 1670 4884 1854 4938; x_wconf 59' lang='lat' dir='ltr'><strong>Greca</strong></span> <span class='ocrx_word' id='word_1_793' title='bbox 1885 4885 2051 4959; x_wconf 86' lang='lat' dir='ltr'><strong>editio</strong></span> <span class='ocrx_word' id='word_1_794' title='bbox 2091 4903 2105 4940; x_wconf 91' lang='lat'><strong>:</strong></span> 
     </span>
    </p>
   </div>
   <div class='ocr_carea' id='block_1_94' title="bbox 2219 4884 3778 4959">
    <p class='ocr_par' dir='ltr' id='par_1_94' title="bbox 2219 4884 3778 4959">
     <span class='ocr_line' id='line_1_95' title="bbox 2219 4884 3778 4959; baseline -0.004 -20"><span class='ocrx_word' id='word_1_795' title='bbox 2219 4884 2610 4959; x_wconf 69' lang='lat' dir='ltr'><strong>Complutensis</strong></span> <span class='ocrx_word' id='word_1_796' title='bbox 2636 4884 2696 4942; x_wconf 82' lang='lat' dir='ltr'><strong>ea</strong></span> <span class='ocrx_word' id='word_1_797' title='bbox 2731 4897 2936 4941; x_wconf 88' lang='lat' dir='ltr'><strong>tantum</strong></span> <span class='ocrx_word' id='word_1_798' title='bbox 2975 4889 3136 4942; x_wconf 90' lang='lat' dir='ltr'><strong>habet</strong></span> <span class='ocrx_word' id='word_1_799' title='bbox 3185 4884 3305 4958; x_wconf 85' lang='lat' dir='ltr'><strong>cap.</strong></span> <span class='ocrx_word' id='word_1_800' title='bbox 3354 4906 3413 4945; x_wconf 79' lang='grc' dir='ltr'>ιι.</span> <span class='ocrx_word' id='word_1_801' title='bbox 3445 4888 3659 4959; x_wconf 82' lang='lat' dir='ltr'><strong>Didymi</strong></span> <span class='ocrx_word' id='word_1_802' title='bbox 3697 4897 3778 4935; x_wconf 81' lang='lat' dir='ltr'><strong>ve-</strong></span> 
     </span>
    </p>
   </div>
   <div class='ocr_carea' id='block_1_95' title="bbox 532 4953 2117 5034">
    <p class='ocr_par' dir='ltr' id='par_1_95' title="bbox 532 4953 2108 5034">
     <span class='ocr_line' id='line_1_96' title="bbox 532 4953 2108 5034; baseline -0.002 -21"><span class='ocrx_word' id='word_1_803' title='bbox 532 4953 722 5034; x_wconf 53' lang='grc' dir='ltr'>Αίγὰρ</span> <span class='ocrx_word' id='word_1_804' title='bbox 742 4958 926 5034; x_wconf 64' lang='grc' dir='ltr'><strong>Δἔξοδοί</strong></span> <span class='ocrx_word' id='word_1_805' title='bbox 956 4977 1055 5030; x_wconf 89' lang='grc' dir='ltr'><strong>μου</strong></span> <span class='ocrx_word' id='word_1_806' title='bbox 1089 4957 1258 5024; x_wconf 74' lang='grc' dir='ltr'>ἔξοδοι</span> <span class='ocrx_word' id='word_1_807' title='bbox 1304 4953 1472 5026; x_wconf 78' lang='grc' dir='ltr'>ζωῆς,</span> <span class='ocrx_word' id='word_1_808' title='bbox 1511 4956 1562 5009; x_wconf 89' lang='lat' dir='ltr'><strong>id</strong></span> <span class='ocrx_word' id='word_1_809' title='bbox 1595 4966 1697 5019; x_wconf 82' lang='lat' dir='ltr'><strong>est,</strong></span> <span class='ocrx_word' id='word_1_810' title='bbox 1729 4973 1748 5006; x_wconf 87' lang='grc' dir='ltr'><strong>ι</strong></span> <span class='ocrx_word' id='word_1_811' title='bbox 1775 4971 1898 5008; x_wconf 89' lang='lat' dir='ltr'><strong>nam</strong></span> <span class='ocrx_word' id='word_1_812' title='bbox 1930 4957 2108 5010; x_wconf 90' lang='lat' dir='ltr'><strong>exitus</strong></span> 
     </span>
    </p>
   </div>
   <div class='ocr_carea' id='block_1_96' title="bbox 2219 4953 3780 5034">
    <p class='ocr_par' dir='ltr' id='par_1_96' title="bbox 2219 4953 3780 5034">
     <span class='ocr_line' id='line_1_97' title="bbox 2219 4953 3780 5034; baseline -0.001 -27"><span class='ocrx_word' id='word_1_813' title='bbox 2219 4953 2473 5034; x_wconf 68' lang='lat' dir='ltr'><strong>roBiblia</strong></span> <span class='ocrx_word' id='word_1_814' title='bbox 2507 4959 3031 5034; x_wconf 64' lang='lat' dir='ltr'><strong>_tloniplutettsibus_</strong></span> <span class='ocrx_word' id='word_1_815' title='bbox 3058 4962 3160 5013; x_wconf 83' lang='lat' dir='ltr'><strong>hac</strong></span> <span class='ocrx_word' id='word_1_816' title='bbox 3201 4953 3264 5012; x_wconf 53' lang='lat' dir='ltr'><strong>in&#39;</strong></span> <span class='ocrx_word' id='word_1_817' title='bbox 3305 4975 3364 5014; x_wconf 90' lang='lat' dir='ltr'><strong>re</strong></span> <span class='ocrx_word' id='word_1_818' title='bbox 3421 4953 3780 5016; x_wconf 73' lang='lat' dir='ltr'><strong>consentanea</strong></span> 
     </span>
    </p>
   </div>
   <div class='ocr_carea' id='block_1_97' title="bbox 2210 5025 3342 5086">
    <p class='ocr_par' dir='ltr' id='par_1_97' title="bbox 2210 5025 3342 5086">
     <span class='ocr_line' id='line_1_98' title="bbox 2210 5025 3342 5086; baseline 0.002 -7"><span class='ocrx_word' id='word_1_819' title='bbox 2210 5025 2400 5086; x_wconf 81' lang='lat' dir='ltr'><strong>fuisse.</strong></span> <span class='ocrx_word' id='word_1_820' title='bbox 2429 5025 2672 5082; x_wconf 84' lang='lat' dir='ltr'><strong>indicant</strong></span> <span class='ocrx_word' id='word_1_821' title='bbox 2696 5044 2856 5082; x_wconf 84' lang='lat' dir='ltr'><strong>voces</strong></span> <span class='ocrx_word' id='word_1_822' title='bbox 2891 5045 2904 5080; x_wconf 88' lang='lat'><strong>:</strong></span> <span class='ocrx_word' id='word_1_823' title='bbox 2943 5045 2960 5078; x_wconf 82' lang='grc' dir='ltr'><strong>ι</strong></span> <span class='ocrx_word' id='word_1_824' title='bbox 2991 5028 3058 5082; x_wconf 87' lang='grc' dir='ltr'>Ει</span> <span class='ocrx_word' id='word_1_825' title='bbox 3086 5044 3291 5084; x_wconf 81' lang='lat' dir='ltr'><strong>rursus.</strong></span> <span class='ocrx_word' id='word_1_826' title='bbox 3322 5049 3342 5081; x_wconf 78' lang='grc' dir='ltr'><strong>ι</strong></span> 
     </span>
    </p>
   </div>
   <div class='ocr_carea' id='block_1_98' title="bbox 2283 5089 3776 5166">
    <p class='ocr_par' dir='ltr' id='par_1_98' title="bbox 2283 5089 3776 5166">
     <span class='ocr_line' id='line_1_99' title="bbox 2283 5089 3776 5166; baseline -0.017 5"><span class='ocrx_word' id='word_1_827' title='bbox 2283 5096 2393 5166; x_wconf 67' lang='lat'><strong>(69)</strong></span> <span class='ocrx_word' id='word_1_828' title='bbox 2422 5097 2662 5165; x_wconf 69' lang='grc' dir='ltr'>δαρίεηεο</span> <span class='ocrx_word' id='word_1_829' title='bbox 2705 5099 2863 5153; x_wconf 76' lang='lat' dir='ltr'><strong>Prov.</strong></span> <span class='ocrx_word' id='word_1_830' title='bbox 2907 5115 2964 5162; x_wconf 72' lang='grc' dir='ltr'><strong>ι.</strong></span> <span class='ocrx_word' id='word_1_831' title='bbox 3006 5098 3060 5154; x_wconf 88' lang='grc'><strong>9.</strong></span> <span class='ocrx_word' id='word_1_832' title='bbox 3092 5099 3279 5154; x_wconf 68' lang='lat' dir='ltr'><strong>Graeca</strong></span> <span class='ocrx_word' id='word_1_833' title='bbox 3307 5099 3485 5154; x_wconf 89' lang='lat' dir='ltr'><strong>editio</strong></span> <span class='ocrx_word' id='word_1_834' title='bbox 3509 5096 3670 5153; x_wconf 87' lang='lat' dir='ltr'><strong>habet</strong></span> <span class='ocrx_word' id='word_1_835' title='bbox 3695 5089 3776 5146; x_wconf 63' lang='grc' dir='ltr'>δέν</span> 
     </span>
    </p>
   </div>
   <div class='ocr_carea' id='block_1_99' title="bbox 2210 5164 2750 5238">
    <p class='ocr_par' dir='ltr' id='par_1_99' title="bbox 2210 5164 2750 5238">
     <span class='ocr_line' id='line_1_100' title="bbox 2210 5164 2750 5238; baseline 0.007 -21"><span class='ocrx_word' id='word_1_836' title='bbox 2210 5164 2357 5238; x_wconf 80' lang='grc' dir='ltr'>ξεται</span> <span class='ocrx_word' id='word_1_837' title='bbox 2389 5181 2485 5238; x_wconf 81' lang='lat' dir='ltr'><strong>pro</strong></span> <span class='ocrx_word' id='word_1_838' title='bbox 2501 5164 2750 5238; x_wconf 85' lang='grc' dir='ltr'>δέχεται.</span> 
     </span>
    </p>
   </div>
   <div class='ocr_carea' id='block_1_100' title="bbox 2059 5236 3778 5316">
    <p class='ocr_par' dir='ltr' id='par_1_100' title="bbox 2059 5236 3778 5316">
     <span class='ocr_line' id='line_1_101' title="bbox 2059 5236 3778 5316; baseline 0 -27"><span class='ocrx_word' id='word_1_839' title='bbox 2059 5305 2070 5316; x_wconf 41' lang='grc' dir='ltr'><strong>ο</strong></span> <span class='ocrx_word' id='word_1_840' title='bbox 2236 5237 2403 5316; x_wconf 42' lang='grc'>,(70)</span> <span class='ocrx_word' id='word_1_841' title='bbox 2436 5236 2754 5316; x_wconf 51' lang='grc' dir='ltr'>Ιξὶεζξίον.</span> <span class='ocrx_word' id='word_1_842' title='bbox 2783 5254 2838 5302; x_wconf 89' lang='lat' dir='ltr'><strong>x,</strong></span> <span class='ocrx_word' id='word_1_843' title='bbox 2872 5237 2940 5292; x_wconf 64' lang='grc'>14</span> <span class='ocrx_word' id='word_1_844' title='bbox 2984 5248 3044 5316; x_wconf 74' lang='lat' dir='ltr'><strong>et</strong></span> <span class='ocrx_word' id='word_1_845' title='bbox 3086 5238 3177 5294; x_wconf 82' lang='grc'>15.</span> <span class='ocrx_word' id='word_1_846' title='bbox 3223 5239 3416 5296; x_wconf 67' lang='lat' dir='ltr'><strong>Graeca</strong></span> <span class='ocrx_word' id='word_1_847' title='bbox 3470 5237 3641 5294; x_wconf 88' lang='lat' dir='ltr'><strong>editio</strong></span> <span class='ocrx_word' id='word_1_848' title='bbox 3690 5248 3778 5303; x_wconf 83' lang='lat' dir='ltr'><strong>pro</strong></span> 
     </span>
    </p>
   </div>
   <div class='ocr_carea' id='block_1_101' title="bbox 603 5300 2117 5381">
    <p class='ocr_par' dir='ltr' id='par_1_101' title="bbox 603 5305 2103 5381">
     <span class='ocr_line' id='line_1_102' title="bbox 603 5305 2103 5381; baseline -0.003 -18"><span class='ocrx_word' id='word_1_849' title='bbox 603 5309 717 5381; x_wconf 89' lang='grc'>(62)</span> <span class='ocrx_word' id='word_1_850' title='bbox 755 5308 1022 5381; x_wconf 82' lang='lat' dir='ltr'><strong>Sanam...</strong></span> <span class='ocrx_word' id='word_1_851' title='bbox 1059 5324 1188 5381; x_wconf 72' lang='lat' dir='ltr'><strong>esse.</strong></span> <span class='ocrx_word' id='word_1_852' title='bbox 1220 5306 1347 5360; x_wconf 85' lang='lat' dir='ltr'><strong>Post</strong></span> <span class='ocrx_word' id='word_1_853' title='bbox 1395 5321 1602 5381; x_wconf 82' lang='lat' dir='ltr'><strong>vocem,</strong></span> <span class='ocrx_word' id='word_1_854' title='bbox 1630 5305 1975 5381; x_wconf 60' lang='grc' dir='ltr'>ἑρμηνείαν,</span> <span class='ocrx_word' id='word_1_855' title='bbox 2036 5305 2103 5381; x_wconf 87' lang='lat' dir='ltr'><strong>l_i_-</strong></span> 
     </span>
    </p>
   </div>
   <div class='ocr_carea' id='block_1_102' title="bbox 2219 5300 3106 5381">
    <p class='ocr_par' dir='ltr' id='par_1_102' title="bbox 2219 5300 3106 5381">
     <span class='ocr_line' id='line_1_103' title="bbox 2219 5300 3106 5381; baseline 0.002 -23"><span class='ocrx_word' id='word_1_856' title='bbox 2219 5300 2551 5381; x_wconf 32' lang='grc' dir='ltr'>)ὗτοςῖιιρίκιι</span> <span class='ocrx_word' id='word_1_857' title='bbox 2585 5309 2664 5372; x_wconf 84' lang='grc' dir='ltr'>ὃς,</span> <span class='ocrx_word' id='word_1_858' title='bbox 2691 5310 2739 5381; x_wconf 77' lang='lat' dir='ltr'><strong>it_i</strong></span> <span class='ocrx_word' id='word_1_859' title='bbox 2769 5300 2872 5381; x_wconf 82' lang='lat' dir='ltr'><strong>est,</strong></span> <span class='ocrx_word' id='word_1_860' title='bbox 2909 5330 2926 5360; x_wconf 76' lang='grc' dir='ltr'><strong>ι</strong></span> <span class='ocrx_word' id='word_1_861' title='bbox 2949 5311 3066 5381; x_wconf 69' lang='grc' dir='ltr'>ηιιὶ.</span> <span class='ocrx_word' id='word_1_862' title='bbox 3089 5329 3106 5360; x_wconf 76' lang='grc' dir='ltr'><strong>ι</strong></span> 
     </span>
    </p>
   </div>
   <div class='ocr_carea' id='block_1_103' title="bbox 535 5377 3743 5448">
    <p class='ocr_par' dir='ltr' id='par_1_103' title="bbox 535 5377 3743 5448">
     <span class='ocr_line' id='line_1_104' title="bbox 535 5377 3743 5448; baseline -0.002 -14"><span class='ocrx_word' id='word_1_863' title='bbox 535 5377 748 5434; x_wconf 84' lang='lat' dir='ltr'><strong>hrarius</strong></span> <span class='ocrx_word' id='word_1_864' title='bbox 779 5380 938 5433; x_wconf 86' lang='lat' dir='ltr'><strong>vacui</strong></span> <span class='ocrx_word' id='word_1_865' title='bbox 981 5380 1139 5446; x_wconf 88' lang='lat' dir='ltr'><strong>spatii</strong></span> <span class='ocrx_word' id='word_1_866' title='bbox 1191 5387 1400 5432; x_wconf 87' lang='lat' dir='ltr'><strong>tantum</strong></span> <span class='ocrx_word' id='word_1_867' title='bbox 1452 5377 1991 5448; x_wconf 85' lang='lat' dir='ltr'><strong>reliquit,quanlum</strong></span> <span class='ocrx_word' id='word_1_868' title='bbox 2021 5377 2104 5427; x_wconf 91' lang='lat' dir='ltr'><strong>di-</strong></span> <span class='ocrx_word' id='word_1_869' title='bbox 2277 5377 2389 5448; x_wconf 78' lang='grc'>(71)</span> <span class='ocrx_word' id='word_1_870' title='bbox 2432 5377 2676 5448; x_wconf 76' lang='lat' dir='ltr'><strong>Verbera.</strong></span> <span class='ocrx_word' id='word_1_871' title='bbox 2705 5379 2873 5432; x_wconf 85' lang='lat' dir='ltr'><strong>Biblia</strong></span> <span class='ocrx_word' id='word_1_872' title='bbox 2896 5377 3110 5442; x_wconf 80' lang='grc' dir='ltr'>τύπτει,</span> <span class='ocrx_word' id='word_1_873' title='bbox 3150 5381 3201 5435; x_wconf 91' lang='lat' dir='ltr'><strong>id</strong></span> <span class='ocrx_word' id='word_1_874' title='bbox 3229 5389 3332 5445; x_wconf 83' lang='lat' dir='ltr'><strong>est,</strong></span> <span class='ocrx_word' id='word_1_875' title='bbox 3371 5398 3390 5431; x_wconf 80' lang='grc' dir='ltr'><strong>ι</strong></span> <span class='ocrx_word' id='word_1_876' title='bbox 3427 5378 3700 5434; x_wconf 85' lang='lat' dir='ltr'><strong>verberat.</strong></span> <span class='ocrx_word' id='word_1_877' title='bbox 3727 5392 3743 5424; x_wconf 77' lang='grc' dir='ltr'><strong>ι</strong></span> 
     </span>
    </p>
   </div>
   <div class='ocr_carea' id='block_1_104' title="bbox 529 5445 2117 5517">
    <p class='ocr_par' dir='ltr' id='par_1_104' title="bbox 529 5445 2092 5517">
     <span class='ocr_line' id='line_1_105' title="bbox 529 5445 2092 5517; baseline -0.004 -10"><span class='ocrx_word' id='word_1_878' title='bbox 529 5453 765 5507; x_wconf 88' lang='lat' dir='ltr'><strong>ctionem</strong></span> <span class='ocrx_word' id='word_1_879' title='bbox 799 5448 945 5517; x_wconf 70' lang='grc' dir='ltr'>ἔχειν</span> <span class='ocrx_word' id='word_1_880' title='bbox 979 5445 1175 5516; x_wconf 78' lang='lat' dir='ltr'><strong>capere</strong></span> <span class='ocrx_word' id='word_1_881' title='bbox 1198 5456 1380 5516; x_wconf 84' lang='lat' dir='ltr'><strong>queat,</strong></span> <span class='ocrx_word' id='word_1_882' title='bbox 1414 5452 1576 5514; x_wconf 75' lang='lat' dir='ltr'><strong>quam</strong></span> <span class='ocrx_word' id='word_1_883' title='bbox 1611 5447 1910 5500; x_wconf 85' lang='lat' dir='ltr'><strong>addendam</strong></span> <span class='ocrx_word' id='word_1_884' title='bbox 1942 5453 2092 5515; x_wconf 90' lang='lat' dir='ltr'><strong>puto.</strong></span> 
     </span>
    </p>
   </div>
   <div class='ocr_carea' id='block_1_105' title="bbox 2219 5445 3108 5517">
    <p class='ocr_par' dir='ltr' id='par_1_105' title="bbox 2275 5445 3108 5517">
     <span class='ocr_line' id='line_1_106' title="bbox 2275 5445 3108 5517; baseline 0.006 -19"><span class='ocrx_word' id='word_1_885' title='bbox 2275 5445 2387 5517; x_wconf 84' lang='grc'>(72)</span> <span class='ocrx_word' id='word_1_886' title='bbox 2419 5447 2706 5517; x_wconf 81' lang='lat' dir='ltr'><strong>Sapientia.</strong></span> <span class='ocrx_word' id='word_1_887' title='bbox 2741 5449 2896 5504; x_wconf 86' lang='lat' dir='ltr'><strong>Prov.</strong></span> <span class='ocrx_word' id='word_1_888' title='bbox 2936 5467 2989 5512; x_wconf 86' lang='lat' dir='ltr'><strong>x,</strong></span> <span class='ocrx_word' id='word_1_889' title='bbox 3018 5451 3108 5504; x_wconf 71' lang='grc'><strong>24.</strong></span> 
     </span>
    </p>
   </div>
   <div class='ocr_carea' id='block_1_106' title="bbox 626 5449 2117 5589">
    <p class='ocr_par' dir='ltr' id='par_1_106' title="bbox 626 5449 2092 5589">
     <span class='ocr_line' id='line_1_107' title="bbox 626 5449 2092 5517; baseline -0.002 -14"><span class='ocrx_word' id='word_1_890' title='bbox 626 5463 765 5504; x_wconf 84' lang='lat' dir='ltr'><strong>)nem</strong></span> <span class='ocrx_word' id='word_1_891' title='bbox 799 5449 945 5517; x_wconf 70' lang='grc' dir='ltr'>ἔχειν</span> <span class='ocrx_word' id='word_1_892' title='bbox 979 5462 1175 5516; x_wconf 88' lang='lat' dir='ltr'><strong>capere</strong></span> <span class='ocrx_word' id='word_1_893' title='bbox 1198 5456 1380 5516; x_wconf 84' lang='lat' dir='ltr'><strong>queat,</strong></span> <span class='ocrx_word' id='word_1_894' title='bbox 1414 5452 1576 5514; x_wconf 75' lang='lat' dir='ltr'><strong>quam</strong></span> <span class='ocrx_word' id='word_1_895' title='bbox 1611 5449 1910 5500; x_wconf 88' lang='lat' dir='ltr'><strong>addendam</strong></span> <span class='ocrx_word' id='word_1_896' title='bbox 1942 5453 2092 5515; x_wconf 90' lang='lat' dir='ltr'><strong>puto.</strong></span> 
     </span>
     <span class='ocr_line' id='line_1_108' title="bbox 626 5518 1234 5589; baseline -0.007 -16"><span class='ocrx_word' id='word_1_897' title='bbox 626 5519 712 5589; x_wconf 78' lang='grc'><strong>65)</strong></span> <span class='ocrx_word' id='word_1_898' title='bbox 741 5519 873 5589; x_wconf 85' lang='lat' dir='ltr'><strong>Cap.</strong></span> <span class='ocrx_word' id='word_1_899' title='bbox 906 5533 946 5582; x_wconf 91' lang='grc' dir='ltr'><strong>ι,</strong></span> <span class='ocrx_word' id='word_1_900' title='bbox 975 5533 1116 5589; x_wconf 80' lang='lat' dir='ltr'><strong>vers.</strong></span> <span class='ocrx_word' id='word_1_901' title='bbox 1147 5518 1234 5570; x_wconf 81' lang='grc'><strong>14.</strong></span> 
     </span>
    </p>
   </div>
   <div class='ocr_carea' id='block_1_107' title="bbox 2219 5449 3072 5589">
    <p class='ocr_par' dir='ltr' id='par_1_107' title="bbox 2275 5449 3072 5589">
     <span class='ocr_line' id='line_1_109' title="bbox 2275 5449 3072 5586; baseline 0.005 -88"><span class='ocrx_word' id='word_1_902' title='bbox 2275 5449 2388 5586; x_wconf 58' lang='grc'>(72)</span> <span class='ocrx_word' id='word_1_903' title='bbox 2419 5449 2706 5517; x_wconf 81' lang='lat' dir='ltr'><strong>Sapientia.</strong></span> <span class='ocrx_word' id='word_1_904' title='bbox 2741 5449 2896 5504; x_wconf 86' lang='lat' dir='ltr'><strong>Prov.</strong></span> <span class='ocrx_word' id='word_1_905' title='bbox 2936 5467 2989 5512; x_wconf 86' lang='lat' dir='ltr'><strong>x,</strong></span> <span class='ocrx_word' id='word_1_906' title='bbox 3018 5451 3072 5503; x_wconf 65' lang='grc'>24</span> 
     </span>
     <span class='ocr_line' id='line_1_110' title="bbox 2276 5517 3072 5589; baseline 0.006 -19"><span class='ocrx_word' id='word_1_907' title='bbox 2276 5518 2366 5589; x_wconf 65' lang='grc'><strong>(75</strong></span> <span class='ocrx_word' id='word_1_908' title='bbox 2421 5517 2493 5573; x_wconf 75' lang='lat' dir='ltr'><strong>Os</strong></span> <span class='ocrx_word' id='word_1_909' title='bbox 2516 5520 2670 5589; x_wconf 76' lang='lat' dir='ltr'><strong>justi.</strong></span> <span class='ocrx_word' id='word_1_910' title='bbox 2713 5519 2870 5574; x_wconf 86' lang='lat' dir='ltr'><strong>Prov.</strong></span> <span class='ocrx_word' id='word_1_911' title='bbox 2903 5537 2959 5585; x_wconf 76' lang='grc' dir='ltr'><strong>κ,</strong></span> <span class='ocrx_word' id='word_1_912' title='bbox 2983 5522 3072 5576; x_wconf 77' lang='grc'>52.</span> 
     </span>
    </p>
   </div>
   <div class='ocr_carea' id='block_1_108' title="bbox 625 5586 2117 5660">
    <p class='ocr_par' dir='ltr' id='par_1_108' title="bbox 625 5586 2071 5660">
     <span class='ocr_line' id='line_1_111' title="bbox 625 5586 2071 5660; baseline 0.008 -21"><span class='ocrx_word' id='word_1_913' title='bbox 625 5586 714 5654; x_wconf 70' lang='grc'>64)</span> <span class='ocrx_word' id='word_1_914' title='bbox 748 5586 1043 5660; x_wconf 63' lang='lat' dir='ltr'><strong>Sapientia.</strong></span> <span class='ocrx_word' id='word_1_915' title='bbox 1074 5586 1232 5641; x_wconf 84' lang='lat' dir='ltr'><strong>Prov.</strong></span> <span class='ocrx_word' id='word_1_916' title='bbox 1268 5591 1457 5660; x_wconf 30' lang='grc' dir='ltr'>ιτ,1.,</span> <span class='ocrx_word' id='word_1_917' title='bbox 1568 5659 1571 5660; x_wconf 16' lang='grc' dir='ltr'><em>ν</em></span> <span class='ocrx_word' id='word_1_918' title='bbox 1647 5656 1657 5660; x_wconf 27' lang='grc' dir='ltr'><strong>Α</strong></span> <span class='ocrx_word' id='word_1_919' title='bbox 1718 5656 1731 5660; x_wconf 94' lang='lat'><em>_</em></span> <span class='ocrx_word' id='word_1_920' title='bbox 1903 5656 1915 5660; x_wconf 31' lang='grc' dir='ltr'><strong>Α</strong></span> <span class='ocrx_word' id='word_1_921' title='bbox 2019 5655 2071 5660; x_wconf 89' lang='lat'>__</span> 
     </span>
    </p>
   </div>
   <div class='ocr_carea' id='block_1_109' title="bbox 2219 5586 3115 5660">
    <p class='ocr_par' dir='ltr' id='par_1_109' title="bbox 2277 5586 3115 5660">
     <span class='ocr_line' id='line_1_112' title="bbox 2277 5586 3115 5660; baseline 0.007 -20"><span class='ocrx_word' id='word_1_922' title='bbox 2277 5588 2391 5660; x_wconf 77' lang='grc'>(74)</span> <span class='ocrx_word' id='word_1_923' title='bbox 2427 5586 2663 5658; x_wconf 60' lang='lat' dir='ltr'><strong>Lingua.</strong></span> <span class='ocrx_word' id='word_1_924' title='bbox 2699 5590 2865 5660; x_wconf 83' lang='lat' dir='ltr'><strong>Prov.</strong></span> <span class='ocrx_word' id='word_1_925' title='bbox 2899 5607 2999 5656; x_wconf 75' lang='lat' dir='ltr'><strong>xu,</strong></span> <span class='ocrx_word' id='word_1_926' title='bbox 3030 5593 3115 5647; x_wconf 89' lang='grc'>19.</span> 
     </span>
    </p>
   </div>
   <div class='ocr_carea' id='block_1_110' title="bbox 626 5655 2117 5730">
    <p class='ocr_par' dir='ltr' id='par_1_110' title="bbox 626 5655 2102 5730">
     <span class='ocr_line' id='line_1_113' title="bbox 626 5655 2102 5730; baseline -0.003 -16"><span class='ocrx_word' id='word_1_927' title='bbox 626 5661 716 5730; x_wconf 83' lang='grc'><strong>65)</strong></span> <span class='ocrx_word' id='word_1_928' title='bbox 752 5657 967 5713; x_wconf 82' lang='lat' dir='ltr'><strong>Solvite.</strong></span> <span class='ocrx_word' id='word_1_929' title='bbox 1010 5656 1166 5715; x_wconf 80' lang='lat' dir='ltr'><strong>Joan.</strong></span> <span class='ocrx_word' id='word_1_930' title='bbox 1209 5673 1268 5719; x_wconf 92' lang='grc' dir='ltr'><strong>ιι,</strong></span> <span class='ocrx_word' id='word_1_931' title='bbox 1307 5659 1392 5712; x_wconf 83' lang='grc'>19.</span> <span class='ocrx_word' id='word_1_932' title='bbox 1421 5657 1531 5710; x_wconf 75' lang='lat' dir='ltr'><strong>Vox</strong></span> <span class='ocrx_word' id='word_1_933' title='bbox 1562 5656 1671 5725; x_wconf 79' lang='grc' dir='ltr'><strong>ἐγώ</strong></span> <span class='ocrx_word' id='word_1_934' title='bbox 1701 5656 1854 5714; x_wconf 86' lang='lat' dir='ltr'><strong>deest</strong></span> <span class='ocrx_word' id='word_1_935' title='bbox 1902 5656 1956 5711; x_wconf 90' lang='lat' dir='ltr'><strong>in</strong></span> <span class='ocrx_word' id='word_1_936' title='bbox 2018 5655 2102 5710; x_wconf 85' lang='lat' dir='ltr'><strong>Bi-</strong></span> 
     </span>
    </p>
   </div>
   <div class='ocr_carea' id='block_1_111' title="bbox 2219 5655 3300 5730">
    <p class='ocr_par' dir='ltr' id='par_1_111' title="bbox 2275 5655 3300 5730">
     <span class='ocr_line' id='line_1_114' title="bbox 2275 5655 3300 5730; baseline 0.004 -16"><span class='ocrx_word' id='word_1_937' title='bbox 2275 5655 2386 5730; x_wconf 84' lang='grc'>(75)</span> <span class='ocrx_word' id='word_1_938' title='bbox 2425 5655 2544 5724; x_wconf 62' lang='lat' dir='ltr'><strong>Qui</strong></span> <span class='ocrx_word' id='word_1_939' title='bbox 2562 5661 2814 5714; x_wconf 85' lang='lat' dir='ltr'><strong>ambulat.</strong></span> <span class='ocrx_word' id='word_1_940' title='bbox 2852 5659 3013 5715; x_wconf 89' lang='lat' dir='ltr'><strong>Prov.</strong></span> <span class='ocrx_word' id='word_1_941' title='bbox 3056 5679 3176 5726; x_wconf 79' lang='lat' dir='ltr'><strong>xui,</strong></span> <span class='ocrx_word' id='word_1_942' title='bbox 3208 5661 3300 5718; x_wconf 79' lang='grc'>21.</span> 
     </span>
    </p>
   </div>
   <div class='ocr_carea' id='block_1_112' title="bbox 528 5729 3081 5811">
    <p class='ocr_par' dir='ltr' id='par_1_112' title="bbox 528 5729 3081 5811">
     <span class='ocr_line' id='line_1_115' title="bbox 528 5729 3081 5811; baseline 0 -25"><span class='ocrx_word' id='word_1_943' title='bbox 528 5729 705 5811; x_wconf 25' lang='grc' dir='ltr'><strong>ὣιίῖετιέ</strong></span> <span class='ocrx_word' id='word_1_944' title='bbox 903 5797 940 5811; x_wconf 43' lang='lat' dir='ltr'><strong>ﬁ</strong></span> <span class='ocrx_word' id='word_1_945' title='bbox 2277 5729 2387 5800; x_wconf 86' lang='lat'>(76)</span> <span class='ocrx_word' id='word_1_946' title='bbox 2423 5731 2655 5796; x_wconf 65' lang='lat' dir='ltr'><strong>Quaeres.</strong></span> <span class='ocrx_word' id='word_1_947' title='bbox 2694 5734 2848 5787; x_wconf 85' lang='lat' dir='ltr'><strong>l’rov.</strong></span> <span class='ocrx_word' id='word_1_948' title='bbox 2885 5748 2992 5798; x_wconf 70' lang='lat' dir='ltr'><strong>xuv,</strong></span> <span class='ocrx_word' id='word_1_949' title='bbox 3029 5732 3081 5787; x_wconf 88' lang='lat'><strong>6.</strong></span> 
     </span>
    </p>
   </div>
   <div class='ocr_carea' id='block_1_113' title="bbox 602 5797 1288 5875">
    <p class='ocr_par' dir='ltr' id='par_1_113' title="bbox 602 5797 1288 5875">
     <span class='ocr_line' id='line_1_116' title="bbox 602 5797 1288 5875; baseline -0.003 -19"><span class='ocrx_word' id='word_1_950' title='bbox 602 5799 710 5875; x_wconf 85' lang='grc'>(66)</span> <span class='ocrx_word' id='word_1_951' title='bbox 747 5799 871 5854; x_wconf 79' lang='lat' dir='ltr'><strong>Fili.</strong></span> <span class='ocrx_word' id='word_1_952' title='bbox 898 5797 1059 5856; x_wconf 87' lang='lat' dir='ltr'><strong>Prov.</strong></span> <span class='ocrx_word' id='word_1_953' title='bbox 1090 5816 1162 5867; x_wconf 86' lang='lat' dir='ltr'><strong>tx,</strong></span> <span class='ocrx_word' id='word_1_954' title='bbox 1209 5799 1288 5854; x_wconf 84' lang='grc'>12.</span> 
     </span>
    </p>
   </div>
   <div class='ocr_carea' id='block_1_114' title="bbox 532 5031 1070 5084">
    <p class='ocr_par' dir='ltr' id='par_1_114' title="bbox 532 5031 1070 5084">
     <span class='ocr_line' id='line_1_117' title="bbox 532 5031 1070 5084; baseline -0.007 0"><span class='ocrx_word' id='word_1_955' title='bbox 532 5032 634 5084; x_wconf 80' lang='lat' dir='ltr'><strong>tnei</strong></span> <span class='ocrx_word' id='word_1_956' title='bbox 670 5031 846 5084; x_wconf 82' lang='lat' dir='ltr'><strong>exitus</strong></span> <span class='ocrx_word' id='word_1_957' title='bbox 878 5031 1019 5083; x_wconf 70' lang='lat' dir='ltr'><strong>vitae.</strong></span> <span class='ocrx_word' id='word_1_958' title='bbox 1050 5047 1070 5080; x_wconf 72' lang='grc' dir='ltr'><strong>ι</strong></span> 
     </span>
    </p>
   </div>
   <div class='ocr_carea' id='block_1_115' title="bbox 604 5093 2108 5169">
    <p class='ocr_par' dir='ltr' id='par_1_115' title="bbox 604 5093 2108 5169">
     <span class='ocr_line' id='line_1_118' title="bbox 604 5093 2108 5169; baseline -0.005 -15"><span class='ocrx_word' id='word_1_959' title='bbox 604 5100 712 5169; x_wconf 86' lang='grc'>(61)</span> <span class='ocrx_word' id='word_1_960' title='bbox 753 5099 930 5169; x_wconf 72' lang='lat' dir='ltr'><strong>lmpii_</strong></span> <span class='ocrx_word' id='word_1_961' title='bbox 950 5109 1122 5153; x_wconf 84' lang='lat' dir='ltr'><strong>erunt.</strong></span> <span class='ocrx_word' id='word_1_962' title='bbox 1167 5097 1360 5159; x_wconf 88' lang='lat' dir='ltr'><strong>Biblia,</strong></span> <span class='ocrx_word' id='word_1_963' title='bbox 1387 5094 1715 5169; x_wconf 66' lang='grc' dir='ltr'><strong>ἀσεϐοῦσιν,⁸</strong></span> <span class='ocrx_word' id='word_1_964' title='bbox 1745 5093 1796 5169; x_wconf 86' lang='lat' dir='ltr'><strong>id</strong></span> <span class='ocrx_word' id='word_1_965' title='bbox 1829 5104 1932 5161; x_wconf 85' lang='lat' dir='ltr'><strong>est,</strong></span> <span class='ocrx_word' id='word_1_966' title='bbox 1960 5112 1978 5146; x_wconf 86' lang='grc' dir='ltr'><strong>ι</strong></span> <span class='ocrx_word' id='word_1_967' title='bbox 2003 5095 2108 5169; x_wconf 79' lang='lat' dir='ltr'><strong>im-</strong></span> 
     </span>
    </p>
   </div>
   <div class='ocr_carea' id='block_1_116' title="bbox 534 5165 2107 5311">
    <p class='ocr_par' dir='ltr' id='par_1_116' title="bbox 534 5165 2107 5311">
     <span class='ocr_line' id='line_1_119' title="bbox 534 5165 2107 5291; baseline -0.002 -70"><span class='ocrx_word' id='word_1_968' title='bbox 534 5165 848 5291; x_wconf 60' lang='lat' dir='ltr'><strong>pii&#39;suntJ</strong></span> <span class='ocrx_word' id='word_1_969' title='bbox 892 5167 958 5222; x_wconf 88' lang='lat' dir='ltr'><strong>Et</strong></span> <span class='ocrx_word' id='word_1_970' title='bbox 990 5169 1150 5238; x_wconf 89' lang='lat' dir='ltr'><strong>paulo</strong></span> <span class='ocrx_word' id='word_1_971' title='bbox 1191 5179 1329 5238; x_wconf 88' lang='lat' dir='ltr'><strong>post,</strong></span> <span class='ocrx_word' id='word_1_972' title='bbox 1375 5166 1650 5233; x_wconf 86' lang='grc' dir='ltr'>ἀγαπῶσι,</span> <span class='ocrx_word' id='word_1_973' title='bbox 1703 5165 1756 5219; x_wconf 91' lang='lat' dir='ltr'><strong>id</strong></span> <span class='ocrx_word' id='word_1_974' title='bbox 1786 5175 1892 5233; x_wconf 87' lang='lat' dir='ltr'><strong>est,</strong></span> <span class='ocrx_word' id='word_1_975' title='bbox 1944 5165 2107 5219; x_wconf 69' lang='lat' dir='ltr'><strong>«dili-</strong></span> 
     </span>
     <span class='ocr_line' id='line_1_120' title="bbox 535 5258 2070 5311; baseline 0 -22"><span class='ocrx_word' id='word_1_976' title='bbox 535 5258 636 5311; x_wconf 61' lang='lat' dir='ltr'><strong>gnn</strong></span> <span class='ocrx_word' id='word_1_977' title='bbox 669 5278 683 5311; x_wconf 52' lang='grc' dir='ltr'><strong>ε</strong></span> <span class='ocrx_word' id='word_1_978' title='bbox 711 5260 730 5292; x_wconf 66' lang='grc' dir='ltr'><strong>Ρ</strong></span> <span class='ocrx_word' id='word_1_979' title='bbox 766 5308 792 5311; x_wconf 76' lang='lat'>_</span> <span class='ocrx_word' id='word_1_980' title='bbox 1221 5306 1251 5311; x_wconf 38' lang='grc' dir='ltr'><strong>λ</strong></span> <span class='ocrx_word' id='word_1_981' title='bbox 1665 5306 1677 5311; x_wconf 35' lang='grc' dir='ltr'><strong>Δ</strong></span> <span class='ocrx_word' id='word_1_982' title='bbox 1875 5305 1885 5311; x_wconf 47' lang='grc'><strong>.</strong></span> <span class='ocrx_word' id='word_1_983' title='bbox 2036 5305 2070 5311; x_wconf 51' lang='grc' dir='ltr'>η</span> 
     </span>
    </p>
   </div>
  </div>
