4060 6406
605 389 709 443 815

1871 384 2102 441 DIDYMI
2140 383 2608 440 ALEXANDRINI
3696 392 3777 449 816

607 511 769 563 licare
798 505 1030 570 Videtur,
1059 505 1154 560 sed
1180 519 1276 574 per
1302 519 1461 558 unam
1494 520 1626 567 rem,
1647 512 2035 572 autpersonam
2063 501 2171 571 ple-

2275 501 2439 556 ὲστίν.
2469 503 2605 574 Περὶ
2649 502 2852 574 ταύτης
2877 503 2937 557 δὲ
2985 501 3082 572 τῆς
3134 500 3342 570 σοφίας,
3379 499 3511 570 φημὶ
3539 502 3624 573 τῆς
3656 504 3704 558 ἒν
3729 511 3782 579 τῇ

605 612 833 666 rumque
866 596 967 650 alia
996 596 1050 650 in
1078 610 1142 650 eo
1168 595 1479 664 designetur
1511 613 1525 649 :
1555 595 1808 650 Salomon
1835 609 1961 649 vero
1985 593 2176 647 Parae-

607 690 846 752 miastes,
884 688 936 742 id
965 696 1047 741 est
1071 687 1480 742 Proverhiorum
1521 687 1754 756 scriptor
1786 685 1874 749 sit,
1906 700 2010 740 non
2047 700 2176 753 pro-

607 780 764 848 pheta
803 778 934 850 (9-1).
966 777 1041 833 De
1069 779 1170 832 hac
1210 793 1366 848 porro
1393 778 1675 846 sapientia,
1710 779 1775 831 de
1799 791 1882 843 ea,
1936 777 2175 846 inquam,

607 887 724 938 qua:
775 880 856 923 est
913 870 966 922 in
1025 879 1304 934 creatura,
1349 885 1467 922 cum
1517 868 1680 938 339
1753 868 2177 938 sapientissimus

613 961 825 1014 Sirachi
868 959 1006 1014 tilius
1041 959 1155 1013 ait:
1197 977 1215 1009 ι
1255 959 1414 1013 Prior
1440 959 1552 1028 (92)
1583 960 2058 1014 omnibusscreata
2096 967 2177 1014 est

605 1052 889 1120 sapientia,
916 1061 968 1105 et
1005 1050 1303 1106 intellectus
1333 1051 1626 1119 prudentia:
1658 1050 1722 1103 ab
1761 1065 1874 1103 mvo
1906 1067 1918 1103 :
1955 1068 1973 1102 ι
2010 1050 2176 1103 Dein-

609 1146 674 1198 de
724 1143 903 1198 subdit
936 1161 949 1197 :
981 1161 998 1193 ι
1033 1142 1164 1196 Cum
1203 1143 1449 1197 tidelibus
1477 1141 1586 1212 (95)
1616 1141 1665 1194 in
1693 1140 1848 1194 vulva
1895 1150 2176 1196 concreata

609 1245 691 1290 est
738 1251 856 1289 cum
912 1235 1074 1304 ipsis;
1120 1244 1174 1288 et
1223 1250 1346 1288 cum
1401 1233 1706 1288 hominibus
1772 1233 2176 1286 fundamentum

611 1329 792 1383 saeculi
845 1327 1176 1381 nidificavit:
1209 1344 1228 1377 ι
1271 1335 1378 1377 tum
1441 1324 1728 1394 Apostolus
1771 1325 1822 1378 in
1869 1326 2040 1392 prima
2109 1323 2176 1376 ad

614 1421 918 1476 Corinthios
953 1421 1024 1473 ita
1055 1419 1268 1487 scripsit
1297 1436 1351 1470 ε(
1388 1417 1652 1484 Quoniam
1686 1416 1959 1487 (94))enitn
1996 1416 2046 1470 itt
2084 1416 2176 1476 Dei

616 1513 889 1580 Sapientia
944 1526 1049 1563 non
1111 1510 1364 1578 cognovit
1423 1509 1653 1561 mundus
1700 1522 1795 1576 per
1855 1506 2173 1574 sapientiam

609 1603 811 1670 Deum,
851 1602 1050 1671 placuit
1107 1600 1216 1654 Deo
1273 1615 1366 1670 per
1418 1598 1700 1652 stultitiam
1778 1598 2175 1666 praedicationis

609 1693 784 1746 salvos
834 1692 1014 1745 facere
1053 1690 1378 1742 credentes:
1413 1707 1430 1740 ι
1466 1698 1518 1741 et
1549 1706 1560 1740 :
1602 1705 1620 1737 ‹
1643 1687 1868 1741 Stultam
1904 1687 2016 1758 (95)
2052 1687 2176 1742 fecit

608 1785 749 1839 Deus
780 1783 1096 1852 sapientiam
1121 1782 1321 1834 mundi.
1362 1799 1380 1832 ι
1407 1779 1544 1846 Quin
1586 1783 1747 1834 etiam
1798 1779 1897 1835 Job
1931 1781 2001 1835 ita
2052 1797 2167 1834 eam

2280 594 2487 658 κτίσει,
2516 595 2545 647 ὃ
2577 611 2636 647 τε
2687 594 2994 665 σοφώτατος
3029 590 3150 658 ὐίὸς
3193 594 3388 666 Σειρὰχ
3420 594 3578 663 λέγει·
3613 615 3630 648 ι
3669 601 3785 670 [lpo-

2277 684 2411 757 τέρα
2445 687 2658 741 πάντων
2691 687 2933 742 ἔκτισται
2977 689 3135 759 σοφία
3163 690 3257 742 xui
3287 687 3492 751 σύνεσις
3522 693 3788 761 φρονήσεως

2278 775 2338 841 ἐξ
2368 777 2596 842 αἰῶνος·
2642 799 2661 832 ι
2704 780 2797 834 xui
2839 781 3088 852 ἐπιφέρει
3133 781 3338 852 τούτῳ·
3382 798 3400 831 ι
3439 781 3582 834 Μετὰ
3618 783 3806 835 πιστῶν

2277 867 2335 920 ἐν
2369 869 2553 940 μήτρᾳ
2597 869 2915 941 συνεκτίσθη
2961 872 3178 937 αὐτοῖς,
3226 873 3320 925 xui
3355 871 3486 942 μετὰ
3533 873 3789 942 ἀνθρώπων

2278 957 2524 1029 θεμέλιον
2551 960 2742 1024 αἰῶνος
2769 962 3111 1015 ὲνόσσευσεν·
3152 982 3170 1015 ι
3214 963 3242 1016 ὃ
3275 980 3335 1015 τε
3382 963 3674 1026 ’Λπόστολος
3699 965 3789 1016 Ko-

2279 1051 2501 1123 ρινοίοις
2547 1052 2608 1106 τὸ
2675 1053 2890 1124 πρῶτον
2955 1054 3228 1108 ἐπέστειλε
3275 1055 3418 1109 τόνδε
3461 1055 3544 1107 τὸν
3591 1056 3790 1124 τρόπον·

2283 1162 2301 1194 ι
2346 1144 2562 1216 Ἐπειδὴ
2591 1145 2718 1219 γὰρ,
2753 1166 2772 1200 ›
2807 1148 2989 1218 φησὶν,
3026 1167 3045 1200 ί
3081 1150 3138 1202 ὲν
3166 1149 3231 1219 τῇ
3271 1149 3428 1219 σοφίᾳ
3455 1146 3543 1200 τοῦ
3569 1147 3687 1200 Θεοῦ
3713 1149 3793 1200 οὐκ

2276 1235 2418 1305 ἔγνω
2449 1237 2478 1288 6
2509 1237 2712 1309 κόσμος
2749 1238 2837 1291 διὰ
2881 1240 2978 1310 τῆς
3009 1239 3194 1308 σοφίας
3235 1239 3320 1292 τὸν
3365 1239 3511 1304 Θεὸν,
3544 1239 3794 1309 εὐδόκησεν

2274 1329 2302 1380 ὁ
2331 1328 2462 1392 Θεὸς
2493 1329 2578 1383 διὰ
2610 1331 2711 1401 τῆς
2755 1332 2964 1402 μωρίας
2991 1331 3083 1384 τοῦ
3115 1331 3462 1403 κηρύγματος
3505 1331 3660 1384 σῶσαι
3690 1332 3794 1394 τοὺς

2277 1419 2660 1484 πιστεύοντας·
2706 1440 2724 1472 ι
2769 1423 2886 1485 xui,
2938 1440 2956 1472 ι
3021 1421 3330 1494 Ἐμώρσνεν
3371 1423 3398 1474 6
3434 1421 3561 1484 Θεὸς
3593 1421 3681 1491 τὴν
3722 1439 3796 1474 σο-

2277 1510 2403 1580 φίαν
2437 1510 2528 1563 τοῦ
2571 1512 2800 1582 κόσμου.
2839 1531 2856 1562 ο
2893 1513 3001 1565 Καὶ
3027 1512 3090 1582 δὴ
3126 1511 3219 1565 xui
3260 1515 3289 1565 6
3334 1511 3450 1564 Ἰὼϐ
3488 1511 3688 1564 τοιῶσδε
3720 1513 3797 1581 μέο

2279 1619 2475 1672 μνηται
2505 1602 2705 1672 ταύτης
2726 1621 2738 1632 ·
2782 1622 2800 1654 r
2851 1602 2912 1656 Ἦ
2940 1603 2995 1656 δὲ
3033 1603 3190 1666 σοφία
3222 1602 3384 1655 πόθεν
3413 1603 3634 1674 εὑρέθη;
3672 1605 3799 1665 ποῖος

2274 1693 2329 1746 δὲ
2351 1693 2512 1756 τόπος
2567 1694 2683 1746 ἐστὶ
2710 1693 2810 1763 τῆς
2841 1695 3150 1764 φρονήσεως
3175 1711 3188 1759 ;
3223 1713 3239 1744 ι
3268 1694 3360 1746 xui
3410 1693 3622 1765 ἑτέρωθι
3644 1709 3656 1723 ·
3681 1711 3697 1742 ι
3723 1693 3800 1744 Σο-

2277 1785 2373 1852 φία
2396 1784 2486 1836 τοῦ
2518 1785 2743 1854 πένητος
2777 1784 3225 1855 ἐξουθενουμένη·
3279 1804 3296 1836 ›
3334 1786 3445 1849 xui,
3486 1803 3504 1835 ‹
3543 1777 3694 1846 Οὗτος
3717 1782 3800 1851 τῆς

611 1887 872 1932 memorat
894 1893 907 1928 :
930 1894 948 1926 ι
962 1873 1228 1942 Sapientia
1250 1873 1360 1944 (96)
1384 1889 1506 1928 vero
1523 1874 1664 1927 unde
1681 1874 1892 1926 inventa
1911 1874 2137 1942 est?qua
2151 1903 2169 1914 -

2275 1875 2464 1943 σοφίας
2489 1875 2606 1927 ἐστὶ
2666 1875 2978 1946 διορθωτής.
3019 1895 3036 1926 ι
3071 1875 3224 1938 Τινὲς
3254 1875 3310 1928 δὲ
3341 1875 3432 1928 τὸν
3464 1874 3802 1944 γενεσιουργὸν

609 1968 677 2023 lis
729 1976 907 2020 autem
949 1975 1034 2019 est
1083 1965 1232 2018 locus
1283 1965 1580 2034 prudentiae
1630 1963 1792 2033 (97)?
1827 1981 1845 2015 ι
1903 1963 1969 2017 Ει
1996 1964 2166 2018 alibi:

616 2076 636 2111 ι
671 2059 944 2129 Sapientia
963 2056 1072 2128 (98)
1097 2057 1362 2126 ipaaperis
1391 2066 1722 2123 contempta;
1749 2074 1767 2106 ι
1795 2063 1881 2110 et:
1907 2055 2033 2110 (llic
2059 2056 2169 2125 (99)

610 2151 886 2220 sapientiae
938 2158 1020 2203 est
1063 2150 1388 2202 moderator.
1430 2166 1448 2199 ι
1504 2145 1730 2210 Quidam
1775 2160 1907 2200 vero
1954 2145 2173 2202 Creato-

610 2255 723 2293 rem
757 2246 1017 2308 putarunt
1069 2253 1133 2292 ex
1180 2253 1406 2307 persona
1455 2246 1650 2291 creatae
1696 2238 1970 2306 sapientia:
2013 2239 2173 2293 dixis-

609 2345 688 2394 se,
727 2347 746 2380 ‹
803 2327 1061 2382 Dominus
1099 2329 1301 2382 creavit
1335 2343 1420 2381 me
1471 2345 1484 2381 :
1537 2345 1556 2377 ι
1602 2341 1727 2380 nam
1787 2328 1878 2395 qui
1933 2329 2171 2382 omnium

609 2421 867 2476 Conditor
888 2437 951 2474 ac
996 2421 1252 2475 Servator
1283 2429 1392 2485 est,
1421 2419 1615 2488 saepius
1643 2429 2014 2472 creaturarum
2049 2433 2168 2488 per-

610 2530 800 2569 sonam
834 2528 1114 2568 assumens
1144 2512 1428 2581 loquitur,.
1457 2522 1516 2565 ut
1553 2525 1672 2564 cum
1705 2526 1771 2564 ex
1813 2525 2039 2580 persona
2076 2510 2174 2564 Ec-

609 2609 786 2662 clesiae
808 2607 936 2661 olim
967 2621 997 2659 a
1036 2605 1202 2659 Paulo
1243 2614 1444 2659 vexatae
1478 2605 1553 2657 ait
1601 2622 1614 2658 :
1653 2623 1669 2655 ι
1707 2603 1835 2657 Saul
1877 2604 1976 2674 (1),
2022 2603 2170 2666 Saul,

2279 1965 2505 2036 ἐνόησαν
2533 1965 2597 2019 ὲκ
2624 1965 2915 2037 προσώπου
2950 1967 3047 2038 τῆς
3089 1968 3311 2036 κτιστῆς
3342 1967 3614 2040 εἰρηκέναι
3641 1965 3802 2034 σοφίας

2276 2055 2356 2118 τὸ,
2388 2075 2406 2107 ‹
2441 2055 2642 2124 Κύριος
2677 2056 2855 2108 ἓκτισέ
2917 2074 3004 2127 με.
3044 2077 3062 2110 ι
3098 2058 3361 2121 Πολλάκις
3391 2058 3498 2130 γὰρ
3526 2056 3805 2126 κτισμάτων

2280 2148 2566 2218 πρόσωπον
2597 2150 2625 2200 6
2659 2148 2873 2202 πάντων
2905 2149 3211 2222 ὑποστάτης
3251 2151 3344 2203 xui
3378 2151 3564 2222 Σωτὴρ
3592 2148 3802 2216 ἀναλαμ-

2281 2239 2456 2293 ϐάνων
2498 2241 2833 2308 διαλέγεται·
2872 2243 2948 2303 di;
2976 2243 3102 2297 ὅταν
3137 2245 3201 2296 ὲκ
3237 2244 3528 2316 προσώπου
3574 2243 3668 2312 τῆς
3697 2255 3806 2292 ποτε

2275 2331 2596 2404 διωχθείσης
2681 2333 3003 2404 Ἐκκλησίας
3089 2335 3239 2406 παρὰ
3322 2336 3536 2389 Παύλου
3608 2335 3802 2402 φάσκει·

2283 2441 2301 2473 ι
2343 2423 2530 2488 Σαοὺλ,
2563 2425 2750 2487 Σαοὺλ,
2783 2425 2834 2478 τί
2871 2443 2936 2496 με
2969 2425 3224 2491 διώκεις;
3267 2446 3284 2479 ι
3316 2416 3564 2489 ’καὶτοῖς
3599 2422 3652 2480 εὖ
3679 2425 3808 2494 mn)-

2279 2531 2456 2569 σασιν·
2508 2534 2527 2569 ι
2575 2517 2894 2582 Ἐπείνασα,
2929 2519 3023 2572 xui
3067 2518 3302 2572 ἐδώκατέ
3341 2537 3434 2590 μοι
3463 2521 3680 2589 φαγεῖν·
3720 2515 3807 2567 ὲδί-

2277 2606 2444 2676 ψησα,
2490 2609 2586 2661 xu’t
2609 2609 2892 2662 ἐποτίσατέ
2935 2628 3000 2680 με
3021 2625 3038 2640 ·
3084 2629 3103 2663 ο
3138 2612 3233 2663 xui
3260 2612 3360 2663 ὅσα
3390 2610 3634 2665 τοιαῦτα.

609 2698 737 2767 quid
765 2710 849 2750 me
875 2695 1251 2766 persequeris?
1287 2713 1304 2746 ι
1334 2695 1494 2759 etiis,
1521 2695 1612 2764 qui
1657 2694 1878 2748 benefici
1916 2695 2128 2748 fuerunt
2160 2713 2174 2749 :
2225 2715 2242 2748 ι
2285 2698 2496 2753 Esurivi
2566 2701 2663 2770 (Ξ),
2698 2710 2753 2754 et
2801 2700 3024 2756 dedistis
3066 2701 3196 2755 mihi
3270 2704 3630 2768 manducare;
3668 2697 3808 2756 sititi.

610 2801 665 2843 et
695 2789 912 2843 dedistis
941 2787 1067 2841 mihi
1098 2787 1301 2841 bibere.
1342 2804 1362 2837 ι
1401 2785 1466 2839 Ει
1488 2787 1589 2839 alia
1622 2786 1706 2840 bis
1735 2787 1948 2841 similia.

679 2886 816 2940 Cum
850 2885 993 2937 enim
1036 2884 1247 2952 propria
1287 2883 1694 2952 eXSplendescat
1721 2882 2068 2951 benignitate,
2120 2893 2170 2936 et
2200 2889 2242 2946 C

615 2984 755 3028 totus
779 2973 849 3028 sit
881 2972 1118 3035 bonitas,
1151 2982 1224 3036 et,
1263 2973 1400 3026 sicut
1427 2971 1700 3039 apostolus
1738 2970 1903 3024 Judas
1950 2973 2042 3036 ait,
2095 2987 2176 3024 so-

612 3064 694 3118 lus
728 3063 984 3117 Dominus
1015 3061 1088 3132 ('5)
1118 3061 1366 3125 exsistat,
1401 3061 1571 3129 parcit
1599 3061 1846 3114 omnibus
1871 3061 1966 3131 (4),
1990 3072 2042 3114 et
2071 3062 2172 3115 sibi

615 3157 754 3208 facta
793 3154 941 3206 ducit
965 3166 1085 3218 qua:
1117 3153 1239 3219 quis
1271 3151 1322 3204 in
1357 3164 1515 3220 opera
1561 3166 1809 3204 manuum
1839 3151 1956 3220 ejus
1985 3167 2174 3220 pecca-

528 3285 540 3296 .
613 3245 773 3298 verit.
811 3243 972 3313 Atqui
1009 3243 1112 3295 alia
1162 3243 1324 3295 etiam
1371 3241 1604 3294 humano
1642 3243 1798 3294 modo
1840 3245 1977 3295 dicta
2023 3244 2172 3296 inve-

619 3335 827 3390 niemus
886 3335 952 3387 de
1000 3330 1520 3401 incomprehensibili
1574 3331 1717 3396 Deo;
1769 3339 1825 3383 ut
1859 3347 1977 3384 cum
2012 3347 2173 3400 para-

615 3425 784 3480 holice
837 3424 1138 3479 scribitur:
1174 3440 1193 3472 ‹
1238 3420 1410 3475 ιίοιηο
1450 3421 1527 3490 (5)
1566 3420 1783 3489 quidam
1830 3431 1948 3473 erat
1995 3435 2176 3489 pater-

612 3518 880 3584 familias;
918 3535 937 3568 ι
980 3525 1037 3570 et
1085 3528 1318 3569 rursus:
1365 3533 1382 3564 ι
1431 3512 1600 3566 Homo
1654 3511 1729 3582 (6)
1785 3513 1999 3582 quidam
2059 3521 2176 3567 erat

613 3611 818 3664 habens
849 3611 1094 3672 vineam;
1143 3626 1160 3659 ›
1221 3617 1276 3662 et
1314 3622 1438 3661 cum
1477 3606 1699 3660 cmleste
1743 3620 1961 3674 regnum
2004 3620 2174 3674 grano

611 3701 832 3771 sinapis,
869 3711 924 3756 et
975 3700 1165 3755 semini
1208 3698 1557 3753 assimilatur.
1596 3697 1746 3764 Quod
1787 3699 1831 3751 si
1873 3699 2173 3752 conceden-

613 3793 737 3845 dum
769 3791 930 3846 etiam
965 3790 1123 3856 foret,
1163 3788 1504 3843 Salomonem
1548 3801 1654 3841 non
1697 3800 1760 3838 ex
1803 3800 2031 3854 persona
2087 3800 2176 3839 sa-

612 3883 846 3951 pientiae,
879 3896 996 3952 qua:
1023 3881 1078 3935 in
1111 3880 1264 3934 nobis
1294 3889 1394 3942 est,
1427 3877 1663 3933 locutum
1709 3876 1903 3941 fuisse;
1959 3877 2038 3931 sic
2095 3878 2175 3931 iu-

613 3974 898 4044 telligenda
935 3983 1114 4027 tamen
1155 3981 1338 4026 essent
1371 3971 1488 4041 ejus
1519 3971 1702 4036 verba,
1734 3979 1792 4023 ut
1824 3987 1888 4025 ex
1920 3984 2170 4039 persona,

614 4081 678 4121 ac
706 4075 952 4136 respectu
988 4063 1268 4132 sapientis,
1307 4071 1360 4117 et
1394 4061 1958 4130 incomprehensibilis
1990 4060 2172 4114 lucar-

615 4160 848 4214 nationis
876 4157 1018 4213 dicta
1048 4157 1242 4222 forent,
1278 4153 1424 4209 nullo
1457 4163 1635 4207 autem
1668 4153 1825 4208 modo
1853 4155 1918 4206 de
1971 4154 2171 4223 scrupi-

2357 2879 2484 2951 ’ἰδίᾳ
2519 2880 2628 2952 γὰρ
2667 2881 2961 2951 ἐκλάμπων
3009 2881 3425 2952 φιλανθρωπίᾳ,
3479 2882 3572 2934 xui
3611 2879 3721 2941 ὅλος
3753 2877 3814 2928 ὣν

2275 2969 2562 3040 ἁγαθότης,
2607 2973 2700 3022 καὶ
2751 2972 2825 3031 ὼς
2861 2973 2889 3024 ὁ
2928 2971 3219 3034 ἀπόστολος
3279 2972 3483 3035 Ἰούδας
3523 2971 3654 3041 ἔφη,
3683 2966 3818 3038 μόνος

2274 3060 2564 3129 Δεσπότης,
2612 3060 2845 3129 φείδεται
2878 3061 3112 3123 πάντων,
3147 3062 3242 3115 xui
3282 3061 3624 3116 ίδιοποιείται
3658 3063 3719 3114 τά
3751 3061 3818 3120 είς

2271 3152 2341 3205 τὰ
2371 3151 2506 3223 ἔργα
2539 3151 2646 3204 τῶν
2676 3153 2872 3224 χειρῶν
2899 3153 3062 3205 αὑτοῦ
3097 3156 3495 3226 ἁμαρτήματα.
3525 3156 3634 3209 Καὶ
3663 3154 3818 3225 μέντοι

2273 3245 2365 3297 xui
2421 3244 2581 3315 ἕτερα
2618 3243 2743 3314 [159
2789 3246 2841 3317 b]
2877 3248 3432 3320 ἀνθρωπολογηοέντα
3465 3253 3592 3323 περὶ
3621 3250 3706 3304 τοῦ
3744 3251 3820 3302 ἀν-

2273 3333 2494 3402 εφίκτου
2527 3333 2669 3386 Θείου
2696 3335 3015 3407 εὑρήσομεν·
3039 3339 3113 3401 ώς
3147 3341 3272 3392 ὅταν
3299 3339 3682 3410 παραϐολικῶς
3707 3336 3820 3408 γρά-

2274 3435 2395 3490 φει·
2435 3439 2454 3472 ι
2511 3422 2828 3494 ’Ἄνθρωπός
2873 3441 2956 3487 τις
2998 3421 3064 3495 ἦν
3097 3429 3518 3498 οἰκοδεσπότης·
3559 3447 3576 3480 ι
3619 3428 3706 3480 καὶ
3731 3425 3821 3478 πά·

2272 3513 2353 3566 λιν
2373 3531 2386 3544 ·
2433 3531 2451 3564 t
2495 3515 2812 3585 ’Ἄνθρωπός
2841 3534 2922 3580 τις
2947 3513 3012 3587 ἦν
3048 3517 3185 3587 ἔχων
3218 3519 3526 3589 ἀμπελῶνα
3550 3537 3565 3551 ·
3598 3539 3616 3572 ι
3645 3519 3733 3571 xui
3759 3515 3822 3577 ὡς

2272 3605 2399 3658 ὅταν
2443 3605 2538 3675 τὴν
2584 3606 2830 3676 οὐράνιον
2879 3607 3154 3677 βασιλείαν
3206 3611 3393 3683 κόκκῳ
3451 3614 3715 3672 σινάπεως
3746 3607 3824 3659 καὶ

2275 3695 2458 3767 σπόρῳ
2491 3697 2834 3767 παρεικάζει.
2867 3697 2928 3751 Et
2955 3697 3010 3750 δὲ
3037 3699 3131 3750 xui
3162 3702 3550 3772 συγχωρητέον
3589 3701 3648 3754 τὸ
3677 3698 3744 3770 μὴ
3771 3698 3824 3748 ὲκ

2275 3785 2563 3857 προσώπου
2601 3786 2698 3857 τῆς
2741 3789 2798 3840 ὲν
2833 3789 2963 3858 ἡμῖν
3010 3790 3199 3858 σοφίας
3239 3791 3538 3864 Σολομῶνα
3582 3787 3826 3862 γεγραφέ-

2273 3895 2381 3941 ναι,
2415 3878 2527 3931 ἀλλ’
2562 3875 2654 3932 οὖν
2689 3880 2905 3950 νοητέον
2955 3879 3020 3933 ἐκ
3055 3879 3346 3951 προσώπου
3390 3885 3492 3955 τῆς
3547 3882 3711 3951 σοφῆς
3747 3877 3824 3930 καὶ

2273 3970 2625 4041 ἀπερινοὴτου
2663 3969 3151 4042 ὲνανθρωπήσεως,
3186 3973 3285 4043 οὐχ
3325 3974 3480 4040 ἅπαξ
3509 3975 3567 4028 δὲ
3599 3975 3718 4043 περὶ
3745 3972 3825 4039 τῆς

2271 4058 2504 4130 ἀνάρχου
2530 4059 2622 4112 καὶ
2647 4059 2960 4130 ἀθεωρήτου
2993 4060 3204 4128 φύσεως
3230 4061 3325 4116 τοῦ
3363 4063 3690 4134 μονογενοῦς
3710 4055 3823 4114 Θεοῦ

2271 4150 2566 4221 εἰρηκέναι.
2604 4151 2716 4203 Οὐκ
2758 4151 3057 4216 αὐτοτελῶς
3075 4153 3181 4224 γὰρ
3212 4152 3338 4224 ἔφη,
3378 4155 3641 4209 ("Ex-ttae
3696 4169 3773 4224 με,
3807 4167 3823 4200 ι

614 4263 763 4304 terna
805 4260 862 4305 et
896 4247 1149 4303 invisibili
1204 4257 1396 4301 natura
1444 4244 1704 4314 unigeniti
1740 4243 1854 4298 Dei.
1889 4243 1998 4299 Nec
2027 4247 2169 4300 enim

2275 4243 2411 4310 ἀλλ’,
2445 4263 2462 4294 ι
2499 4247 2576 4306 εἰς
2609 4243 2742 4314 ἔργα
2772 4244 2963 4298 αὑτοῦ·
2999 4265 3018 4298 ι
3052 4245 3182 4298 ώσεὶ
3214 4245 3435 4314 ἔλεγεν·
3471 4245 3692 4300 Ἐκτισέ
3751 4257 3824 4311 με,

613 4343 689 4396 ait
735 4343 850 4397 sine
891 4342 1278 4403 additamento,
1315 4337 1518 4392 creavit
1548 4349 1652 4397 me,
1708 4335 1801 4389 sed
1850 4335 2062 4402 adjecit,
2115 4336 2166 4390 itt

611 4448 773 4504 Opera
820 4431 970 4501 ejus;
1010 4428 1234 4500 perinde
1293 4444 1358 4482 ac
1405 4427 1449 4482 si
1497 4428 1698 4482 diceret
1747 4445 1760 4480 :
1801 4425 2017 4480 Creavit
2061 4444 2164 4493 me,

611 4528 826 4596 quando
859 4526 926 4579 ad
953 4524 1217 4588 homines,
1256 4524 1346 4592 qui
1385 4529 1510 4575 sunt
1541 4535 1702 4589 opera
1747 4518 1879 4586 ejus,
1913 4520 2050 4584 veni,
2077 4532 2169 4575 aut

685 4772 794 4844 (9i)
833 4771 955 4825 Non
989 4772 1262 4839 propheta.
1305 4769 1495 4822 Mirum
1529 4767 1742 4844 videtur
1785 4765 1864 4818 sic
1892 4765 2058 4844 loqui"
2079 4763 2171 4844 Di-

613 4835 853 4910 dyinuin,
894 4835 1189 4909 praesertim
1232 4855 1355 4893 cum
1395 4849 1500 4891 tam
1539 4836 1646 4890 late
1693 4845 1869 4910 pateat
1908 4837 1978 4910 _in
2027 4835 2175 4888 Scri-

615 4905 785 4978 piuris
818 4905 1090 4979 prophetae
1123 4925 1336 4974 nomen,
1370 4918 1427 4960 nt
1475 4922 1663 4979 omnes
1691 4905 1920 4979 theologi
1951 4915 2172 4979 norunt,

612 4973 666 5033 et
690 4973 830 5049 apud
858 4973 1091 5034 Graecos.
1138 4981 1192 5034 In
1242 4976 1559 5046 Menologio,
1588 4977 1728 5049 quod
1764 4984 1942 5049 exstat
1980 4975 2032 5027 in
2065 4973 2171 5028 Na-

614 5047 776 5103 niaiio
802 5049 988 5104 codice
1017 5050 1142 5115 177,
1184 5051 1442 5110 Adamus,
1468 5057 1523 5100 et
1566 5047 1653 5099 alii
1695 5047 1933 5114 quinque
1969 5058 2050 5115 eo,
2077 5059 2173 5096 no-

613 5121 756 5173 mine
782 5123 1047 5171 donantur
1084 5135 1096 5171 :
1130 5134 1249 5172 nam
1293 5119 1357 5168 ad
1393 5118 1620 5185 primam
1655 5115 1828 5167 Martii
1864 5116 2012 5185 diem
2041 5114 2170 5180 legi-

614 5201 701 5268 tur
725 5206 738 5268 ξ
753 5189 872 5268 Τῶν
886 5188 1389 5268 άγίωνλτροφητῶν
1405 5187 1591 5268 Ἀδάμ,
1621 5185 1805 5268 Ἅϐελ,
1829 5184 1956 5252 Σὴθ,
2003 5184 2168 5268 ᾞνὸς,

623 5259 815 5330 Ἑνὼχ,
851 5258 1203 5330 Μελχισὲδεκ,
1237 5261 1286 5330 i_d
1317 5266 1417 5330 est,
1442 5275 1482 5330 _g
1515 5258 1834 5330 Sanctorum
1884 5258 2172 5330 propheta-

613 5344 731 5382 rmn
763 5323 1003 5393 "Adam,"
1032 5329 1182 5388 Abel,
1238 5327 1392 5389 Seth,
1441 5326 1601 5389 Eoos,
1654 5323 1859 5384 Enoch,
1892 5323 2170 5393 Melchise-

612 5401 769 5452 tlech.
804 5419 821 5450 ›
876 5391 1019 5451 Nihil
1058 5399 1199 5450 aliud
1251 5413 1380 5464 ergo
1429 5394 1564 5447 Vt‘iic
1619 5395 1832 5448 videtur
1876 5391 2167 5464 ‘Didymns,

609 5484 770 5535 quam
803 5468 1146 5522 Salomonem
1180 5467 1229 5519 in
1262 5462 1671 5518 Pliiverbiorum
1715 5465 1852 5516 libro
1873 5462 2170 5517 Parmtnia-

609 5549 706 5592 sta:
739 5539 1074 5604 potissimum
1100 5536 1272 5589 oﬂicio
1305 5535 1470 5603 fungi,
1500 5552 1603 5588 non
1640 5535 1932 5604 prophetat.

682 5609 793 5676 (92)
833 5607 1002 5660 Prior.
1035 5607 1388 5660 Ecclesiaslic.
1422 5621 1460 5668 l,

683 5672 790 5746 (95)
822 5678 951 5731 Cum
985 5678 1242 5745 ﬁdelibus.
1282 5677 1434 5736 Iliid.,
1467 5675 1532 5729 12
1563 5688 1676 5746 (seu
1705 5672 1814 5744 16).

681 5745 791 5816 (94)
822 5746 1144 5816 QuoniamJ
1173 5745 1369 5816 Cor._t,
1401 5747 1489 5799 21.

685 5814 794 5890 (υῦ)
831 5818 1079 5874 Stultum.
1112 5815 1266 5882 lbid.,
1296 5814 1382 5867 ΞΟ.

2275 4337 2360 4388 ὅτε
2377 4337 2455 4399 εἰς
2473 4333 2790 4406 ἀνθρώπους
2804 4337 2872 4389 τά
2889 4335 3023 4406 ἔργα
3043 4335 3203 4389 αὐτοῦ
3219 4337 3568 4410 irai/65mm?)
3587 4331 3828 4402 κατεσκή-

2275 4444 2420 4479 νωσα
2465 4425 2764 4497 σαρκωθεὶς
2798 4427 2858 4490 ἐξ
2886 4427 3085 4480 αὐτῶν.
3129 4428 3186 4480 ὐ
3219 4427 3329 4500 γὰρ
3368 4429 3474 4493 ὢν,
3509 4430 3606 4482 xui
3647 4424 3825 4496 προὼν,

2272 4519 2366 4571 xui
2411 4519 2483 4590 μὴ
2521 4519 2586 4571 δι’
2617 4519 2824 4582 ἑαυτὸν,
2866 4519 2934 4572 δι’
2976 4519 3166 4584 ἄλλους
3211 4520 3268 4574 δὲ
3308 4523 3634 4594 γενόμενος,
3680 4518 3829 4574 ἐκεῖνο

2351 4763 2458 4834 (96)
2483 4763 2769 4832 Sapientia.
2803 4765 2908 4820 σοι)
2940 4782 3132 4830 xxvm,
3165 4765 3250 4819 12.

2351 4834 2458 4915 (97)
2499 4834 2828 4915 _Prudentia:.
2887 4835 3051 4891 Biblia
3103 4855 3115 4889 :
3187 4837 3568 4908 Ἐπιστήμης,
3635 4833 3685 4888 id
3738 4835 3826 4892 est,

2281 4921 2299 4953 1
2324 4916 2578 4957 8016111132.
2607 4924 2625 4956 ι

2349 4973 2458 5044 (98)
2492 4974 2783 5044 Sapientia.
2819 4975 3154 5030 Ecciesiastis
3182 4991 3300 5044 cap.
3340 4993 3424 5038 ιχ.
3472 4992 3616 5030 vers.
3655 4971 3736 5026 16.

2346 5044 2457 5115 (99)
2487 5043 2612 5115 Hic.
2643 5046 2770 5112 Sap.
2807 5060 2904 5110 vn,
2933 5046 3000 5099 16
3045 5047 3158 5115 (seu
3214 5043 3323 5110 15),
3357 5051 3460 5100 sed
3497 5047 3569 5099 ibi
3585 5043 3825 5115 degitur:

2276 5106 2448 5185 ᾼῦτῖὲέ
2488 5113 2582 5166 καὶ
2629 5106 2732 5185 τῆς
2765 5106 2954 5183 σοφίας
2994 5106 3185 5185 ὁδηγός
3224 5106 3361 5175 ἐστι.
3409 5116 3509 5170 xui
3537 5114 3646 5168 τῶν
3666 5106 3831 5177 ’σοφῶν

2276 5181 2585 5262 διορθῳτής,
2627 5181 2690 5262 id;
2721 5181 2886 5243 0st,}
2917 5185 3033 5262 Ipse
3075 5181 3366 5262 sapientia;
3410 5189 3530 5240 dux
3558 5194 3660 5248 est,
3683 5189 3732 5235 et
3757 5195 3829 5232 sa-

2277 5254 2536 5320 pientium
2567 5254 2886 5318 moderator,
2915 5275 2933 5307 ο
2977 5255 3093 5309 sive
3132 5273 3149 5307 ι
3172 5257 3518 5311 emendator.
3546 5273 3568 5308 ι

2376 5319 2427 5387 1)
2456 5319 2603 5376 Saul.
2631 5325 2749 5377 Act.
2783 5340 2857 5387 tx,
2887 5324 2940 5378 4.

2373 5390 2425 5458 ‘2)
2461 5390 2690 5447 Esurivi.
2723 5393 2912 5448 Matth.
2941 5410 3064 5458 xxv,
3092 5395 3181 5448 55.

2352 5459 2428 5532 (ὅ)
2459 5459 2611 5532 Solus
2639 5461 2912 5517 Dominus.
2944 5465 3114 5532 Epist.
3151 5464 3274 5520 Jud.
3305 5480 3464 5523 vers.
3489 5465 3548 5521 4.

2349 5529 2426 5619 ίὲὶ
2463 5531 2638 5619 {tersi}
2678 5535 2928 5619 ea???“
2963 5529 3193 5619 δίψη
3221 5536 3306 5593 97-

2349 5598 2413 5672 (5⁷
2465 5598 2652 5654 Ηοηιο.
2680 5601 2866 5656 Matth.
2897 5620 3010 5667 xxi,
3037 5598 3129 5660 33.

2349 5603 2424 5742 (ϐξ
2456 5669 2647 5742 Homo.
2673 5670 2802 5724 Luc.
2827 5689 2917 5737 xx,
2945 5674 2997 5728 9.
3032 5674 3129 5730 Gra

2347 5669 2422 5742 (6)
2456 5669 2647 5742 Homo.
2673 5670 2802 5724 Luc.
2827 5689 2917 5737 xx,
2945 5674 2997 5728 9.
3032 5674 3216 5730 Graeca
3265 5677 3444 5731 editio

2271 5739 2363 5805 τις
2403 5739 2700 5808 ’ἐφύτευσεν
2745 5743 3068 5810 ἀμπελῶνα,
3115 5747 3165 5801 id
3213 5759 3310 5810 cst,

2269 5811 2532 5880 plantavit
2565 5811 2793 5866 vineam.
2825 5831 2842 5863 ›

3482 5699 3495 5734 :
3529 5679 3662 5736 'AvB
3672 5670 3834 5751 ρῳπός

3409 5749 3587 5809 Homo
3635 5749 3832 5820 quidam
