4060 6406
302 330 402 385 817

1361 330 1448 384 DE
1485 329 1857 386 TBINITATE
1896 331 2098 386 LIBER
2139 333 2461 394 TERTIUS.

3439 343 3546 400 818

303 447 414 508 πῶς
442 445 559 498 ἐστι
587 444 795 514 νοῆσαι,
817 442 884 497 δι’
910 441 1003 507 οὒς
1033 444 1126 497 καὶ
1155 442 1276 498 καθ’
1298 443 1390 507 οὒς
1410 443 1623 512 ἐγένετο
1646 461 1660 506 ;
1703 444 1790 506 Ὡς
1814 461 1849 496 τι

1979 444 2119 499 inter
2146 460 2241 500 eos
2277 447 2536 513 habitavi,
2589 464 2752 504 carne
2812 465 2877 504 ex
2936 449 3099 522 340
3145 450 3271 521 ipsis
3315 465 3546 522 sumpta.

295 537 559 592 ἀνάπαλιν
579 539 773 590 ἐκεῖνοι
799 536 1140 607 εὑρίσκονται
1161 535 1361 606 τρόπον
1373 536 1516 597 τινὰ,
1541 535 1568 587 ὃ
1589 536 1735 587 ἐστιν
1759 537 1787 587 ό
1805 533 1873 587 δι’

295 629 492 689 αὐτοὺς
523 625 812 696 γενόμενος
849 625 970 679 κατ’
1002 625 1219 688 αὐτούς.
1249 623 1548 694 Τοιγαροῦν
1587 625 1643 674 ὲν
1686 625 1866 694 μορφῇ

293 717 426 771 Θεοῦ
459 717 737 787 ὑπάρχων,
772 717 984 789 μορφὴν
1037 716 1194 770 ἔλαϐε
1222 716 1407 768 δούλου
1430 730 1442 744 ·
1468 716 1629 785 ἡμεῖς
1668 731 1727 766 τε
1754 716 1874 783 ἐγε-

294 810 494 880 νόμεθα
525 813 644 863 κατ’
673 811 855 864 εἰκόνα
901 810 993 863 τοῦ
1023 811 1303 872 κτίσαντος
1334 809 1509 878 ἡμᾶς,
1541 808 1616 870 ὡς
1665 806 1870 871 ἐδίδαξε

291 901 520 964 Παῦλος.
551 903 618 954 Ἡ
641 902 747 974 ἄρα
775 902 868 954 καὶ
887 903 951 971 τῇ
981 918 998 950 ι
1031 900 1212 952 ἔκτισε
1245 918 1263 951 ι
1317 898 1460 963 λέξει
1496 897 1726 952 ἐνταῦθα
1751 898 1869 951 ἀντὶ

286 991 769 1062 τοῦ,κατέστησεν,
790 991 844 1060 ἦ,
871 989 1180 1054 κατέταξεν,
1200 990 1591 1060 ἐχρήσατο,ὃτε
1614 987 1749 1058 ὁμοῦ
1777 987 1869 1040 ἐπί

284 1100 344 1134 τε
397 1083 506 1134 τῶν
531 1083 796 1154 χερουϐὶμ
836 1083 926 1135 καὶ
976 1084 1031 1136 ὲν
1057 1083 1231 1153 φάτνῃ
1269 1078 1358 1152 ἦν,
1387 1081 1461 1146 ὡς
1504 1081 1573 1134 τὰ
1594 1082 1722 1152 περὶ
1768 1081 1869 1150 τῆς

283 1175 748 1245 ὲνανθρωπήσεως
769 1172 932 1226 αὑτοῦ
954 1173 1368 1243 αἰνιγματωδῶς
1389 1172 1561 1242 δηλῶν
1587 1175 1863 1244 προεῖπεν·

287 1285 304 1313 ι
359 1266 502 1332 Ἐγὼ
532 1266 588 1316 δὲ
620 1264 959 1335 κατεστάθην
1001 1265 1255 1334 βασιλεὺς
1285 1265 1375 1317 ὑπ’
1408 1263 1570 1316 αὑτοῦ
1599 1264 1690 1316 ἐπὶ
1729 1262 1865 1316 Σιὼν

278 1354 411 1424 ὅρος
439 1356 501 1408 τὸ
530 1357 681 1424 ἅγιον
710 1356 871 1408 αὐτοῦ
890 1374 902 1384 ·
943 1375 961 1406 ι
993 1357 1085 1407 καὶ
1109 1355 1184 1418 ώς
1216 1357 1244 1408 ὁ
1289 1354 1613 1423 ’Υμνολόγος
1636 1354 1861 1424 ψάλλει·

283 1464 302 1495 c
353 1447 414 1499 Ὀ
457 1446 657 1516 Κύριος
686 1446 1052 1509 ἐϐασίλευσεν,
1085 1445 1420 1517 εὐπρέπειαν
1467 1444 1772 1497 ἐνεδύσατο·
1839 1465 1858 1498 ι

277 1537 461 1589 καίτοι
516 1537 699 1601 ἀῐδίως
748 1539 1066 1608 προῦπῆρχε
1117 1535 1369 1607 βασιλεὺς
1446 1535 1860 1605 βασιλευόντων,

269 1635 615 1704 εὐπρέπειαν
648 1633 1030 1704 ἀκατάληπτον
1059 1633 1223 1702 ἔχων.
1275 1631 1506 1700 Ὁμοίως
1544 1632 1648 1684 οὐκ
1686 1626 1857 1695 εἶπεν,

268 1727 331 1776 ὲν
374 1726 544 1796 ἀρχῇ,
574 1724 630 1795 ἢ,
668 1724 771 1794 πρὸ
810 1725 983 1795 ἀρχῆς
1023 1723 1157 1777 ὁδῶν
1195 1723 1381 1786 αὐτοῦ,
1443 1722 1557 1774 ἀλλ’
1608 1739 1629 1773 ς
1686 1722 1859 1793 ἀρχὴν

263 1815 415 1868 ὁδῶν
449 1814 576 1888 [160
604 1815 659 1887 α]
694 1815 878 1868 αὐτοῦ.
921 1835 939 1867 ι

1980 535 2110 590 Nam
2143 539 2233 606 qui
2263 547 2346 594 est
2381 543 2674 608 exsistcns,
2713 552 2764 597 et
2787 545 3184 612 prazexsistens,
3217 545 3416 614 quique
3445 564 3550 602 non

1975 639 2194 697 propter
2255 632 2512 701 seipsum,
2557 635 2650 688 sed
2693 645 2910 703 propter
2949 635 3081 689 alios
3118 635 3292 690 factus
3346 647 3448 703 est,
3487 638 3550 691 il-

1974 718 2083 773 lum
2107 719 2218 786 jam
2251 721 2416 777 fuisse
2459 741 2622 778 unum
2657 741 2722 779 ex
2768 727 2856 791 iis,
2913 737 3134 796 propter
3184 745 3321 797 quos
3370 729 3549 783 factus

1974 822 2077 878 est,
2111 822 2162 866 et
2191 814 2384 882 quibus
2411 815 2602 870 similis
2640 819 2810 871 lactus
2845 828 2947 882 est,
3001 822 3269 888 quomodo
3321 821 3545 891 intelligi

1972 904 2180 972 potest?
2217 905 2286 958 At
2318 907 2597 961 haereticos
2627 907 2702 976 (7)
2729 909 2845 961 vice
2875 924 3028 962 versa
3063 909 3112 962 id
3148 909 3544 978 quodammodo

1972 994 2108 1049 velle
2129 1006 2362 1063 constat,
2395 1008 2455 1052 ut
2489 999 2532 1054 is
2565 1009 2722 1053 antea
2780 1000 2943 1054 fuerit
2989 1001 3130 1070 quod
3173 1015 3391 1071 propter
3426 1004 3542 1058 illos

1973 1085 2147 1142 factus
2185 1099 2286 1153 est,
2315 1091 2502 1160 eisque
2537 1091 2748 1146 similis.
2811 1089 2978 1161 Igitur
3014 1093 3107 1161 qui
3140 1093 3191 1145 in
3221 1091 3390 1146 ferina
3446 1095 3538 1148 Dei

1967 1187 2104 1244 erat,
2155 1178 2378 1234 formam
2444 1182 2586 1236 servi
2637 1183 2882 1252 accepit;
2930 1198 3027 1237 nos
3072 1198 3198 1238 vero
3245 1185 3536 1239 secundum

1969 1268 2254 1339 imaginem
2309 1269 2445 1339 ejus,
2483 1273 2572 1343 qui
2602 1274 2805 1328 creavit
2839 1287 2957 1339 nos,
2990 1274 3128 1328 sicut
3155 1275 3336 1329 docuit
3395 1274 3538 1328 Pau-

1965 1359 2049 1414 lus
2079 1360 2177 1430 (8),
2210 1361 2335 1416 facti
2389 1378 2594 1424 sumus.
2637 1365 2889 1420 Fortasse
2917 1364 3076 1418 etiam
3132 1379 3257 1430 vox,
3312 1366 3531 1431 creavit,

1965 1453 2249 1508 adhibetur
2283 1453 2372 1510 hic
2427 1470 2524 1525 pro
2551 1457 2849 1521 constituit,
2877 1455 2961 1510 vel
2989 1456 3288 1522 collocavit,
3321 1459 3535 1526 quando

1960 1543 2120 1598 simul
2149 1553 2202 1598 et
2232 1559 2395 1615 super
2438 1547 2713 1601 cherubim
2743 1558 2879 1614 erat,
2932 1557 2984 1602 et
3014 1548 3065 1602 in
3111 1549 3337 1618 prmsepi
3374 1566 3389 1603 :
3428 1565 3534 1619 quo

1964 1635 2140 1700 modo,
2200 1633 2633 1692 Incarnationem
2666 1653 2817 1693 suam
2855 1655 2952 1708 per
2990 1639 3215 1708 :enigma
3267 1639 3530 1702 indicans,

1960 1724 2205 1793 prmdixit
2237 1742 2251 1778 :
2301 1743 2320 1778 ι
2360 1725 2467 1796 Ego
2503 1736 2678 1781 autem
2710 1726 2781 1798 (9)
2814 1729 3140 1783 constitutus
3179 1745 3296 1782 sum
3339 1744 3434 1782 rex
3463 1729 3532 1782 ab

1888 1812 1929 1866 Β
1958 1828 2023 1868 eo
2055 1829 2216 1884 super
2249 1814 2377 1870 Sion
2424 1827 2658 1871 montem
2698 1829 2944 1874 sanctum
2991 1819 3140 1888 ejus;
3185 1840 3204 1873 υ
3262 1829 3317 1876 et
3362 1820 3529 1892 Hym~

265 1910 506 1981 nologus
534 1910 714 1980 psallit
749 1928 764 1965 :
804 1928 822 1962 ε
861 1909 1117 1964 Dominus
1155 1909 1266 1980 (10)
1304 1909 1566 1980 regnavit,
1600 1908 1847 1962 decorem
1888 1907 2106 1963 indutus
2175 1919 2277 1965 est.
2313 1929 2332 1963 ι
2396 1910 2558 1982 Atqui
2626 1919 2692 1965 ab
2746 1924 2948 1970 atterno
2999 1917 3409 1985 prazexsistebat
3435 1932 3527 1971 rex

267 2019 465 2070 regum
515 2003 764 2057 decorem
818 2002 1018 2056 habens
1105 2000 1721 2071 incomprehensibilem.
1769 1998 1992 2070 Insuper
2056 2017 2163 2056 non
2229 2003 2324 2069 ait,
2395 2004 2448 2057 in
2518 2004 2691 2069 initio,
2742 2016 2854 2069 aut,
2892 2015 3013 2061 ante
3068 2008 3276 2062 initium
3321 2011 3527 2064 viarum

261 2113 531 2162 suarum;
572 2099 686 2162 sed,
723 2116 742 2148 ι
773 2098 981 2152 initium
1009 2101 1212 2152 viarum
1249 2113 1490 2152 suarum.
1543 2118 1562 2152 ι

341 2191 516 2242 Ὥστε
546 2191 706 2244 πάλιν
729 2191 826 2261 τῆς
852 2191 1315 2262 ὲνανθρωπήσεως
1341 2191 1506 2245 αὐτοῦ
1527 2192 1698 2264 ἀρχὴν
1721 2209 1852 2263 προ-

259 2280 551 2349 λὲγεσθαι,
606 2281 698 2334 καὶ
743 2281 802 2334 οὐ
860 2282 957 2353 τὴν
1011 2282 1168 2350 φύσιν
1227 2283 1326 2352 τῆς
1398 2284 1631 2354 ἁνάρχου
1687 2282 1850 2335 αὐτοῦ

263 2373 557 2442 θεότητος.
601 2373 1004 2427 Ἀπολεσάντων
1031 2374 1139 2444 γάρ
1157 2373 1264 2426 τῶν
1287 2374 1586 2445 ἀνθρώπων
1611 2375 1708 2445 τὴν
1735 2373 1851 2426 ὁδὸν

256 2468 372 2535 τὴν
407 2465 647 2532 ἄγουσαν
683 2466 818 2536 πρὸς
848 2466 998 2531 Θεὸν,
1025 2467 1185 2530 αὐτὸς
1231 2470 1364 2537 ἡμῖν
1390 2469 1450 2520 ὲν
1475 2469 1540 2539 τῇ
1572 2467 1851 2538 οἰκονομίᾳ

255 2559 390 2621 ὁδὸς
437 2558 653 2625 ἐγένετο
696 2559 1005 2628 πρόσφατος
1054 2559 1148 2611 καὶ
1182 2559 1367 2622 ζῶσα·
1409 2560 1502 2612 καὶ
1556 2559 1614 2612 ὃν
1653 2559 1852 2631 τρόπον

262 2649 364 2702 διὰ
399 2650 501 2719 τὴν
540 2651 597 2702 ὲν
632 2650 794 2718 σαρκὶ
825 2649 1136 2718 οἰκονομίαν
1171 2648 1322 2703 εἶπεν
1345 2667 1358 2681 ·
1412 2670 1432 2702 ι
1490 2649 1628 2718 Ἐγώ
1661 2653 1772 2721 εἰμι
1817 2652 1849 2722 ἡ

256 2739 424 2802 ὁδός·
471 2758 490 2790 ι
542 2739 637 2792 καὶ
670 2739 829 2792 πάλιν
856 2755 869 2767 ·
912 2758 930 2790 σ
981 2741 1168 2803 Οὐδεὶς
1214 2740 1432 2812 ἔρχεται
1461 2741 1596 2811 πρὸς
1623 2742 1713 2793 τὸν
1740 2742 1850 2794 lla-

257 2833 423 2903 τέρα,
455 2832 506 2883 εἰ
541 2830 616 2901 μὴ
656 2831 722 2883 δι’
767 2831 920 2901 ἐμοῦ,
962 2852 980 2883 ι
1016 2831 1158 2884 τοῦτ’
1210 2833 1323 2886 ἔστι
1397 2833 1484 2886 διὰ
1515 2834 1614 2904 τῆς
1645 2836 1724 2897 είς
1753 2832 1849 2905 τὴν

259 2923 410 2993 ἐμὴν
456 2922 868 2993 ὲνανθρώπησιν
909 2924 1141 2985 πίστεως
1177 2923 1399 2995 βαδίσῃ·
1434 2924 1501 2976 δι’
1543 2925 1711 2996 αὐτὴν
1745 2925 1846 2997 ἔφη

261 3013 364 3064 καὶ
409 3010 494 3073 τὸ,
533 3029 550 3062 ι
602 3011 807 3082 Κύριος
882 3013 1062 3065 ἕκτισέ
1105 3031 1172 3083 με
1204 2999 1374 3084 ἁρχῆν
1418 3015 1551 3067 ὁδῶν
1583 3015 1768 3069 αὑτοῦ.
1823 3035 1842 3068 ι

273 3102 510 3171 Ἐτέχθη
542 3101 684 3173 γὰρ,
717 3104 782 3156 ὲκ
825 3104 922 3174 μὲν
961 3105 1060 3173 τῆς
1109 3104 1456 3168 ὑποστάσεως
1485 3105 1577 3158 τοῦ
1612 3107 1846 3177 Πατρδς,

262 3194 548 3265 ἀνάρχως,
579 3194 870 3262 ἀφράστως
891 3211 904 3224 ·
934 3196 997 3248 ὲκ
1023 3196 1079 3248 δὲ
1117 3196 1216 3265 τῆς
1249 3196 1512 3268 ἀμιάντου
1548 3196 1845 3269 Παρθένου,

264 3284 345 3354 τῷ
375 3286 474 3355 μὲν
500 3285 803 3354 προειδέναι
827 3287 1002 3339 πάντα
1031 3288 1106 3351 ὡς
1135 3289 1285 3353 Θεὸς,
1313 3289 1408 3342 καὶ
1443 3289 1520 3360 τῷ
1562 3291 1846 3361 προορίσαι

267 3375 369 3445 τὴν
409 3375 740 3445 οτκονομίαν,
776 3376 881 3446 πρὸ
920 3377 1012 3429 τοῦ
1048 3378 1240 3441 αἰῶνος
1294 3378 1480 3450 (καθὰ
1507 3379 1848 3433 ἐπιστέλλου-

275 3483 380 3528 σιν,
438 3467 652 3528 Παῦλος
703 3468 800 3537 μὲν
845 3467 1276 3524 Κολοσσαεῦσιν·
1339 3488 1359 3520 ε
1425 3469 1498 3522 Τὸ
1554 3472 1847 3542 μυστήριον

1954 3467 2146 3521 Paulus
2189 3468 2402 3538 quidem
2459 3465 2874 3521 Colossensibus
2918 3486 2929 3519 :

276 3557 448 3620 τοῦτο,
488 3557 548 3609 τὸ
588 3559 1078 3629 ἀποκεκρυμμένον
1107 3559 1212 3630 πρὸ
1239 3559 1346 3613 τῶν
1377 3559 1587 3614 αἰώνων
1617 3562 1711 3614 καὶ
1739 3562 1846 3615 ἀπὸ

277 3648 386 3700 τῶν
427 3648 660 3716 γενεῶν,
699 3649 792 3702 νῦν
837 3650 1154 3721 ἐφανερώθη
1205 3655 1316 3714 τοῖς
1363 3651 1539 3720 ἁγίοις
1580 3651 1776 3705 αὑτοῦ·
1821 3673 1840 3706 ›

273 3741 476 3811 Πέτρος
496 3741 554 3794 δὲ
587 3743 642 3793 ὲν
668 3744 733 3812 τῇ
764 3741 954 3814 πρώτῃ
996 3744 1277 3815 Ἐπιστολῇ
1313 3746 1438 3812 περὶ
1467 3743 1560 3796 τοῦ
1586 3745 1842 3815 Χριστοῦ·

272 3853 292 3886 c
333 3834 793 3904 Προεγνωσμένου
823 3835 922 3906 μὲν
954 3837 1059 3908 πρὸ
1092 3837 1395 3906 καταϐολῆς
1428 3837 1656 3907 κόσμου,
1689 3854 1848 3905 φανε-

266 3925 535 3996 ρωθέντος
585 3925 641 3977 δὲ
693 3926 777 3979 ἐπ’
836 3928 1078 3996 ἐσχάτων
1132 3928 1238 3981 τῶν
1284 3929 1489 3999 χρόνων
1517 3929 1609 3998 ι),
1663 3927 1740 3998 τῷ
1788 3927 1845 3980 δὲ

263 4020 593 4089 πράγματι,
631 4019 719 4072 ὅτε
757 4020 1024 4088 ὲπέφανεν
1081 4021 1140 4085 ἐξ
1185 4020 1350 4090 ὕψους
1395 4023 1507 4083 τοῖς
1562 4021 1622 4074 ὲν
1667 4020 1843 4073 σκότει

261 4112 362 4165 καὶ
398 4112 527 4180 σκιᾷ
567 4109 794 4163 θανάτου
836 4112 965 4164 ποτὲ
1009 4112 1375 4166 καθεσθεῖσιν·
1431 4115 1520 4166 ὅτε
1563 4112 1707 4176 λίθος
1741 4130 1844 4166 πα-

263 4202 576 4276 ραδολικῶς
614 4203 938 4274 ὠνομάσθη·
981 4204 1069 4257 ὅτε
1117 4205 1330 4272 ἐγένετο
1380 4206 1521 4277 ἀρχὴ
1569 4205 1702 4258 ὁδῶν
1748 4203 1843 4257 καὶ

260 4296 520 4365 θεμέλιος
559 4295 752 4366 ἡμῶν·
785 4289 934 4364 ᾧτινι
978 4297 1210 4367 θεμελίῳ
1250 4298 1342 4351 κα).
1379 4297 1510 4369 λίθῳ
1543 4299 1844 4370 ἐπιμαρτυ-

263 4388 457 4460 ροῦσιν
494 4385 688 4453 οὕτως,
740 4388 951 4453 Παῦλος
999 4391 1097 4461 μὲν
1150 4391 1373 4460 γράφων
1420 4390 1728 4460 Κορινθίοις
1781 4389 1842 4442 τὸ

258 4477 523 4546 πρῶτον·
558 4494 579 4527 ι
617 4477 879 4547 Θεμέλιον
904 4479 1010 4550 γὰρ
1033 4478 1209 4542 οὐδεὶς
1249 4478 1470 4533 δύναται
1493 4479 1662 4532 θεῖναι
1693 4483 1844 4550 παρὰ

257 4571 358 4623 τὸν
392 4569 669 4640 κείμενον,
700 4571 758 4634 ὃς
788 4572 933 4624 ἐστιν
974 4571 1178 4643 Ἰησοῦς
1205 4571 1456 4643 Χριστός.
1497 4590 1515 4622 ι
1558 4571 1756 4642 Ἀρχὴν
1784 4569 1840 4623 δὲ

256 4658 358 4712 τοῦ
414 4659 698 4712 καλεῖσθαι
736 4660 967 4736 Χριστὸς
1016 4660 1220 4732 Ἰησοῦς
1281 4661 1339 4714 ὲν
1375 4663 1441 4732 τῇ
1489 4661 1840 4732 ὲνανθρωπή-

263 4770 349 4805 σει
377 4752 592 4806 ἔλαϐεν.
619 4754 779 4807 Ὅθεν
806 4757 861 4807 ὲν
883 4754 960 4825 τῷ
979 4757 1159 4826 Λουκᾷ
1181 4758 1210 4809 ὁ
1235 4754 1462 4824 ἄγγελος
1486 4757 1584 4828 τὴν
1608 4754 1734 4827 [160
1783 4754 1835 4827 b]

2036 2187 2248 2242 Rursus
2280 2202 2410 2259 ergo
2440 2188 2835 2245 lncarnationis
2873 2190 2988 2259 ejus
3039 2191 3245 2244 initium
3279 2205 3529 2259 praenun-

1963 2280 2079 2347 tiat,
2133 2297 2236 2334 non
2293 2296 2422 2335 vero
2479 2291 2725 2335 naturam
2781 2291 2995 2336 mternze
3053 2282 3221 2351 ipsius
3288 2280 3523 2338 deitatis.

1957 2371 2092 2426 Nam
2127 2387 2246 2425 cum
2287 2372 2429 2424 viam
2462 2373 2707 2426 homines
2742 2373 3070 2438 amisissent,
3121 2388 3240 2443 qum
3269 2373 3418 2427 ducit
3457 2375 3525 2432 ad

1959 2459 2150 2523 Deum,
2185 2459 2296 2529 ipse
2328 2460 2488 2514 nobis
2531 2460 2583 2513 in
2619 2459 2991 2516 Incarnatione
3018 2462 3188 2516 lactus
3213 2471 3295 2516 est
3320 2463 3403 2516 via
3436 2478 3527 2517 no-

1957 2565 2020 2602 va
2085 2567 2147 2604 ac
2184 2552 2303 2603 viva
2335 2567 2348 2603 :
2381 2559 2435 2603 et
2480 2550 2620 2604 sicut
2649 2559 2867 2620 propter
2906 2550 3332 2606 Incarnationem
3362 2552 3520 2619 dixit,
3615 2556 3622 2566 '

1964 2660 1982 2693 ‹
2019 2641 2127 2712 Ego
2172 2658 2290 2697 sum
2339 2642 2449 2712 (II)
2477 2643 2591 2707 via;
2632 2663 2650 2694 ι
2694 2652 2748 2697 et
2784 2658 2988 2706 rursus,
3028 2662 3046 2694 ι
3081 2642 3246 2698 Nemo
3279 2643 3388 2715 (12)
3418 2661 3507 2700 ve-

1957 2737 2034 2789 nit
2061 2735 2125 2788 ad
2165 2734 2402 2801 Patrem,
2434 2735 2534 2788 nisi
2563 2750 2656 2801 per
2684 2750 2789 2801 me,
2832 2755 2850 2786 »
2885 2736 2935 2789 id
2970 2744 3070 2800 est,
3109 2736 3212 2790 nisi
3243 2752 3340 2807 per
3361 2737 3520 2793 [idem

1960 2826 2013 2880 in
2046 2841 2218 2879 meam
2266 2825 2716 2893 Incarnationem,
2748 2827 2908 2880 vadat
2953 2845 2966 2880 :
3028 2829 3101 2879 ita
3149 2827 3218 2880 ob
3277 2828 3521 2882 eamdem

1956 2919 2090 2973 dixit
2116 2919 2276 2972 etiam
2306 2932 2322 2971 :
2363 2936 2383 2968 ‹
2424 2918 2682 2971 Dominus
2705 2919 2910 2971 creavit
2943 2931 3028 2972 me
3068 2916 3278 2970 initium
3311 2917 3521 2971 viarqu

1955 3026 2195 3065 suarum.
2233 3028 2252 3061 ι
2290 3009 2518 3063 Genitus
2551 3010 2693 3062 enim
2737 3009 2836 3062 fuit
2863 3025 2926 3063 ex
2978 3010 3254 3080 hypostasi
3303 3009 3518 3079 quidem

1954 3100 2146 3166 Patris,
2180 3101 2246 3154 ab
2288 3109 2508 3166 aeterno,
2544 3100 2927 3165 ineliabiliter;
2981 3116 3044 3154 ex
3079 3101 3401 3155 intemerata
3432 3115 3523 3155 au-

1956 3204 2064 3248 tem
2093 3192 2339 3261 Virgine,
2370 3201 2638 3262 quatenus
2668 3193 2884 3263 quidem
2926 3194 3105 3247 omnia
3140 3194 3411 3262 praascivit
3434 3203 3524 3248 ut-

1955 3298 2080 3357 pote
2133 3288 2292 3351 Deus,
2325 3295 2378 3341 et
2431 3294 2698 3355 quatenus
2743 3286 3143 3357 praedestinavit
3187 3285 3520 3341 lncarnatio-

1953 3395 2098 3441 nem,
2155 3388 2280 3433 ante
2336 3379 2590 3432 saeculum
2651 3377 2866 3447 genitus
2910 3376 3016 3431 fuit
3068 3376 3232 3448 (sicut
3279 3379 3524 3432 scribunt

2987 3485 3005 3518 c
3043 3466 3355 3537 Mysterium
3404 3466 3520 3538 (15)

1951 3562 2054 3615 hoc
2094 3559 2465 3613 absconditum
2498 3568 2624 3612 ante
2656 3559 2872 3622 szecula,
2909 3568 2963 3611 et
2988 3573 3018 3611 a
3057 3557 3517 3628 generationibus,

1948 3669 2090 3708 nunc
2120 3651 2527 3706 manifestatum
2559 3659 2642 3703 est
2669 3651 2875 3704 sanctis
2913 3650 3064 3718 ejus;
3107 3668 3126 3701 ι
3171 3648 3362 3704 Petrus
3392 3665 3524 3704 vero

1947 3743 2001 3798 iu
2071 3744 2241 3812 prima
2296 3741 2552 3812 Epistola,
2606 3741 2669 3795 de
2727 3738 2944 3794 Christo
2998 3740 3295 3808 inquiens:
3356 3759 3375 3792 ‹
3419 3739 3521 3807 Qui

1947 3835 2306 3906 praacognitus
2352 3834 2466 3906 (14)
2500 3833 2712 3903 quidem
2741 3841 2824 3887 est
2861 3841 2988 3887 ante
3025 3833 3207 3886 tnundi
3246 3834 3518 3888 constitu-

1948 3930 2174 3995 tionem,
2213 3927 2592 3982 manil‘estatus
2638 3934 2814 3979 autem
2851 3925 2902 3978 in
2943 3924 3252 3981 novissimis
3311 3935 3517 3994 tempo-

1946 4020 2116 4090 ribus)
2174 4038 2188 4074 :
2230 4019 2323 4074 sed
2387 4034 2447 4072 re
2497 4018 2608 4089 ipsa
2647 4017 2857 4087 genitus
2914 4017 3033 4083 fuit,
3087 4017 3302 4087 quando
3353 4033 3519 4086 appa-

1944 4114 2072 4177 ruit,
2109 4127 2170 4168 ac
2195 4111 2370 4166 illuxit
2397 4125 2461 4166 ex
2500 4111 2607 4164 alto
2671 4108 2780 4180 (15)
2841 4109 2943 4175 iis,
3012 4110 3100 4179 qui
3177 4109 3229 4163 in
3281 4109 3520 4163 tenebris

1942 4215 1997 4260 et
2020 4206 2070 4262 in
2101 4205 2287 4260 umbra
2312 4206 2502 4260 mortis
2525 4203 2730 4274 pridem
2759 4202 3053 4270 sedebant;
3083 4221 3100 4255 ι
3131 4201 3342 4272 quando
3356 4199 3514 4272 34],

1946 4296 2056 4368 (16)
2092 4296 2224 4364 lapis
2277 4293 2587 4364 parabolice
2606 4295 2914 4349 nominatus
2943 4303 3061 4360 est;
3092 4295 3309 4362 quando
3342 4292 3520 4346 factus

1945 4400 2031 4445 est
2061 4391 2274 4444 initium
2304 4390 2538 4453 viarum,
2567 4397 2621 4442 et
2675 4387 3082 4442 fundamentum
3109 4395 3352 4440 nostrum
3384 4399 3400 4438 :
3429 4384 3520 4440 cui

1942 4482 2312 4546 fundamento,
2349 4497 2413 4536 ac
2450 4479 2612 4549 lapidi
2667 4479 3035 4535 testimonium
3098 4479 3168 4532 ita
3232 4478 3522 4546 perhibent

1945 4575 2258 4642 Scriptum.
2292 4573 2492 4626 Paulus
2521 4571 2734 4640 quidem
2786 4571 2838 4625 in
2887 4571 3058 4639 prima
3115 4570 3180 4622 ad
3209 4570 3520 4626 Corinthios

1943 4664 2178 4735 Epistola
2234 4664 2424 4718 scribit
2460 4679 2474 4716 :
2510 4681 2528 4714 ‹
2559 4661 2988 4715 Fundamentum
3033 4662 3144 4734 (I7)
3176 4663 3320 4717 enim
3357 4677 3518 4719 nemo

1942 4766 2117 4824 potest
2149 4771 2369 4825 ponere,
2393 4763 2593 4825 praeter
2652 4755 2703 4810 id
2742 4755 2884 4824 quod
2921 4756 3154 4826 positum
3193 4755 3409 4824 est,qui
3435 4765 3520 4810 est

257 4845 566 4914 ὀνομασίαν
605 4847 766 4898 αὑτοῦ
804 4847 877 4910 ti);
911 4848 998 4900 ἐπὶ
1051 4847 1331 4918 μέλλουσιν
1366 4851 1629 4912 ποιεῖται,
1664 4847 1836 4916 λέγων

1954 4845 2096 4899 Iesus
2111 4815 2377 4899 Christus.
2395 4815 2427 4895 ⁵›
2449 4846 2662 4899 Initium
2685 4856 2867 4900 autem
2893 4815 3313 4913 n'tincupationis
3336 4845 3514 4913 hujus,

260 4939 329 5007 τῇ
363 4936 659 5008 Παρθένῳ·
699 4957 716 4990 ι
762 4937 939 5006 Ἕξεις
982 4940 1116 5004 υἱὸν,
1148 4941 1241 4993 καὶ
1279 4939 1535 5003 καλέσεις
1577 4939 1636 4992 τὸ
1675 4938 1844 5008 ὄνομα

259 5030 432 5082 αὐτοῦ
469 5029 693 5100 Ἰησοῦν.
725 5024 891 5094 Οὗτος
915 5029 1065 5085 ἔσται
1094 5033 1287 5102 μέγας,
1311 5031 1404 5085 καὶ
1430 5031 1554 5092 Υἱὸς
1586 5030 1839 5099 Ὑψίστου

261 5121 635 5193 κληθήσεται·
675 5141 695 5175 ι
729 5123 822 5175 καὶ
853 5124 968 5195 μεθ’
1003 5124 1165 5195 ’ἐτερα
1187 5141 1200 5154 ·
1244 5143 1262 5176 ί
1303 5125 1393 5177 Διὸ
1423 5125 1518 5177 καὶ
1552 5124 1612 5176 τὸ
1638 5121 1838 5190 γεννώ-

342 5301 419 5368 (7)
455 5299 520 5351 At
544 5301 830 5355 haereticos.
861 5301 985 5357 Ilaec
1011 5303 1259 5358 divinans
1303 5303 1503 5372 potius,
1537 5317 1706 5372 quam
1742 5301 1826 5355 inv

266 5381 579 5441 terpretans
600 5371 788 5441 scripsi
819 5391 832 5426 :
868 5375 1000 5428 adeo
1031 5375 1292 5429 obscurus
1307 5371 1393 5428 est
1423 5375 1571 5429 locus
1596 5377 1647 5427 in
1679 5371 1828 5427 Grae-

265 5456 351 5492 co.
391 5440 587 5506 Aliqua
619 5440 746 5494 vero
783 5443 981 5497 omissa
1006 5443 1177 5498 fuisse
1216 5443 1450 5498 arbitror
1481 5461 1509 5498 a
1542 5443 1788 5499 librario.

447 5507 668 5589 gaulus.
699 5511 1026 5589 Pliilipp._t|,
1053 5513 1169 5589 (iet
1199 5513 1254 5580 7,
1304 5523 1360 5570 et
1386 5513 1592 5573 Coloss.
1629 5529 1713 5582 lu,
1744 5513 1828 5568 I0.

361 5578 416 5642 9)
451 5577 560 5647 Ego
600 5590 793 5639 autem.
836 5577 976 5636 Psal.
1002 5577 1062 5649 II,
1094 5583 1148 5638 6.

372 5651 452 5720 10)
485 5650 758 5720 ροηιίιιιιε.
795 5653 932 5707 Psal.
959 5671 1087 5720 xcn,
1125 5655 1177 5710 1.

369 5718 452 5793 II)
487 5718 596 5793 Ego
625 5737 761 5793 sunt.
788 5721 942 5780 .Ioan.
973 5718 1081 5793 xw,
1113 5724 1166 5779 6.

343 5788 455 5860 (I2!)
497 5787 688 5848 Nemo.
722 5791 936 5850 Ibidem.

1940 4937 2066 5006 quia
2094 4936 2290 4990 dicitur
2317 4937 2566 4993 Christus
2606 4937 2783 5003 .Iesus,
2842 4937 2895 4992 in
2952 4937 3329 4991 lncarnatione
3359 4951 3515 4991 acce-

1943 5029 2041 5100 pit.
2072 5026 2276 5083 Idcirco
2299 5030 2520 5099 angelus
2557 5029 3052 5086 denominationem
3093 5028 3211 5099 ejus
3248 5037 3506 5098 tauquam

1944 5122 2177 5203 futuram
2229 5121 2477 5175 enuntiat
2526 5123 2666 5192 apud
2719 5121 2918 5176 Lucam
2959 5121 3210 5192 inquiens
3270 5119 3510 5190 Virgini:

2009 5316 2140 5390 (15)
2175 5316 2504 5387 Mysterium.
2547 5318 2751 5373 Coloss.
2817 5336 2858 5385 ι,
2897 5319 2987 5375 26.
3031 5318 3166 5374 Vide
3219 5333 3340 5390 pag.
3387 5319 3512 5387 I97,

1940 5389 2262 5529 ηοίίιῧιριιί
2291 5459 2658 5528 prwcognilus.
2692 5459 2707 5512 I
2746 5459 2890 5513 Petr.
2922 5475 2961 5519 ι,
2985 5459 3074 5513 20.

2014 5527 2123 5597 (15)
2157 5527 2344 5597 Illuxit
2374 5545 2437 5581 ex
2469 5527 2602 5583 ulto.
2634 5529 2764 5585 Luc.
2810 5547 2848 5595 ι,
2887 5529 2953 5584 78
2983 5541 3036 5585 et
3065 5531 3150 5586 79.

2019 5595 2128 5668 (16)
2155 5595 2329 5668 L_qpis.
2367 5600 2486 5653 Act.
2527 5616 2596 5661 Iv,
2638 5601 2722 5656 II.

1981 5665 2624 5794 ³(1Ἱὶἒηιθιιηᾱαηιιεηιιιηι.
2657 5671 2674 5726 1
2710 5671 2833 5727 Cor.
2866 5687 2950 5740 tn,
2982 5670 3067 5726 II.
3117 5671 3250 5725 Vide
3281 5681 3391 5726 not.
3421 5671 3510 5737 56,

1943 5755 1976 5811 p
2011 5756 2062 5808 g.
2131 5755 2180 5794 ο.
