4060 6406
306 371 404 425 821

1363 373 1449 426 DE
1486 370 1861 427 TRINITATE
1901 370 2104 426 LIBER
2142 371 2466 427 TERTIUS.

3428 380 3532 434 8‘39.

304 478 373 532 τὰ
410 478 601 549 ἱμάτιά
643 496 741 549 μου
779 480 1013 545 ἑαυτοῖς,
1051 482 1142 535 καὶ
1177 481 1269 534 ἐπὶ
1299 484 1390 536 τὸν
1431 485 1723 555 ἱματισμόν
1770 502 1862 555 μου

1970 485 2290 541 vestimenta
2309 498 2428 539 mea
2451 483 2578 549 sibi,
2611 494 2667 540 et
2693 500 2854 557 super
2878 500 3079 544 vestem
3100 505 3271 542 meam
3284 492 3534 558 jecerunt

303 568 493 622 ἔϐαλον
523 569 721 641 κλῆρον
739 586 753 601 ·
784 588 803 621 ι
829 571 924 623 καὶ
951 573 1008 623 ἐν
1036 569 1156 641 ριζ·
1191 590 1210 623 ι
1240 572 1419 634 Λίθον,
1452 574 1509 625 ὃν
1535 575 1870 645 ἀπεδοκίμα-

303 677 406 713 σαν
459 662 508 711 οί
562 660 991 730 οἰκοδομοῦντες,
1027 656 1179 726 οὗτος
1231 664 1462 734 ἐγενήθη
1516 668 1594 727 εἰς
1632 666 1871 737 κεφαλὴν

299 754 535 819 γωνίας,
570 753 660 806 καὶ
699 753 849 806 ἔσται
889 755 1175 825 θαυμαστὴ
1211 756 1268 807 ἐν
1299 755 1593 826 ὀφθαλμοῖς
1620 758 1775 826 ἡμῶν
1798 774 1811 787 ·
1847 776 1864 809 ι

299 847 396 897 καὶ
449 844 706 908 Ἡσαΐας·
752 864 771 897 ‹
806 846 1024 899 Παιδίον
1053 847 1311 917 ἐγεννήθη
1358 849 1510 917 ἡμῖν.
1561 868 1579 899 ι
1620 848 1781 916 Λέγει
1810 848 1870 900 τὸ

299 936 528 1006 μηδέπω
556 937 764 1006 τεχθέν.
791 939 901 991 Καὶ
927 938 1117 991 πάλιν·
1150 958 1168 989 ι
1216 939 1302 1000 Ὠς
1324 938 1593 1009 πρόϐατον
1618 941 1711 991 ἐπὶ
1737 958 1871 1007 σφα-

294 1028 404 1097 γὴν
436 1027 577 1097 ῆχθη
597 1044 610 1057 ·
653 1047 671 1079 ι
700 1028 877 1081 καίτοι
914 1029 1126 1082 οὐδέπω
1154 1026 1220 1100 ἦν
1265 1031 1329 1081 ἐκ
1356 1031 1571 1101 Μαρίας
1595 1031 1805 1101 τεχθεὶς
1837 1031 1865 1081 ὁ

291 1119 490 1186 ἀμνὸς.
533 1120 641 1172 Καὶ
670 1121 831 1173 πάλιν
858 1136 873 1150 ·
918 1138 937 1172 ι
975 1120 1185 1190 Ἴδομεν
1230 1120 1408 1183 αὐτὸν,
1439 1124 1531 1174 καὶ
1584 1124 1684 1175 οὐκ
1725 1118 1868 1193 εἶχεν

295 1203 460 1272 εἶδος,
497 1208 616 1261 οὐδὲ
659 1209 870 1272 κάλλος.
918 1229 934 1259 ι
969 1211 1079 1262 Καὶ
1121 1209 1225 1280 μὴν
1263 1210 1400 1280 μετὰ
1446 1211 1645 1275 πολλὰς
1674 1212 1866 1279 γενεὰς

293 1298 454 1369 ὤφθη
488 1299 728 1363 τοιοῦτος
766 1302 823 1353 ἐν
858 1299 934 1371 τῷ
966 1304 1215 1373 σωτηρίῳ
1244 1302 1426 1355 πάθει.
1468 1303 1570 1357 Καὶ
1598 1305 1829 1374 ἀλλαχοῦ
1851 1320 1863 1333 ·

299 1410 318 1439 ι
364 1390 477 1452 Τάς
515 1391 803 1460 νεομηνίας
849 1392 1021 1462 ὑμῶν,
1061 1395 1153 1445 καὶ
1192 1394 1258 1446 τὰ
1291 1394 1543 1447 Σάϐϐατα
1571 1396 1745 1465 ὑμῶν,
1774 1398 1865 1449 καὶ

289 1481 397 1544 τὰς
420 1481 613 1552 ἐορτὰς
640 1483 1001 1553 μισείήψυχή
1043 1500 1161 1554 μου.
1201 1504 1220 1536 ι
1272 1484 1531 1554 Ἐμίσησε
1590 1486 1646 1539 δὲ
1689 1486 1865 1557 πολλῷ

291 1569 547 1640 ὕστερον,
574 1571 659 1623 ὅτε
690 1570 752 1641 δὴ
785 1570 1223 1642 ἐνηνθρὼπησεν,
1259 1575 1351 1626 καὶ
1376 1574 1472 1643 τὴν
1506 1575 1713 1645 Καινὴν
1740 1578 1865 1629 Δια-

289 1662 475 1731 θήκην
503 1662 631 1731 ἡμῖν
667 1661 886 1716 διέθετο.
924 1663 1031 1715 Καὶ
1060 1662 1126 1715 τά
1165 1664 1502 1734 παρελθόντα
1536 1664 1624 1730 δὲ,
1655 1666 1729 1729 ὡς
1777 1668 1863 1719 ἐν-

286 1752 530 1815 εστῶτα,
574 1753 712 1806 καθὰ
741 1753 974 1823 εἴρηται,
1024 1754 1314 1823 διηγεῖται,
1350 1754 1424 1818 ὡς
1476 1756 1603 1807 ὅταν
1658 1757 1860 1831 φράζῃ·

1973 583 2205 641 sortem;
2230 592 2249 625 ι
2283 583 2338 629 ει
2365 575 2419 628 in
2445 588 2615 628 cxvn:
2653 594 2671 627 ι
2699 574 2951 645 Lapidem
2982 576 3094 647 (51)
3127 590 3284 647 quem
3339 595 3523 647 repro-

1971 666 2237 720 baverunt
2283 664 2635 730 aedificantes,
2694 666 2781 720 hic
2838 667 3012 721 factus
3056 676 3141 722 est
3170 667 3222 721 in
3253 679 3534 738 caputan-

1970 755 2113 824 guli:
2144 764 2199 810 ει
2225 756 2331 810 erit
2359 756 2469 827 (32)
2517 755 2779 811 mirabilis
2828 759 2880 811 in
2934 758 3105 812 oculis
3166 760 3396 823 nostris;
3428 778 3447 810 ι
3476 768 3530 815 ει

1969 844 2133 899 Isaias
2159 862 2173 897 :
2205 846 2373 901 «Puer
2402 846 2509 917 (55)
2538 856 2694 902 natus
2718 858 2798 903 est
2831 848 3004 903 nobis.
3032 867 3049 898 ι
3086 846 3143 902 Id
3172 859 3349 903 autem
3381 851 3446 905 de
3464 866 3529 905 eo

1970 935 2115 998 dicit,
2142 936 2231 1003 qui
2284 938 2517 990 nondum
2569 947 2687 991 eral.
2723 948 2896 993 natus.
2952 938 3019 993 Et
3060 954 3284 993 rursus:
3330 959 3348 991 ι
3408 939 3528 995 Sic-

1966 1034 2027 1079 ut
2058 1025 2169 1096 (54)
2204 1027 2269 1079 ad
2296 1028 2621 1082 occisionem
2651 1030 2841 1083 ductus
2872 1039 2975 1084 est.
3026 1048 3045 1080 ι
3079 1029 3315 1085 Necdum
3346 1039 3523 1086 tamen

1966 1128 2034 1168 ex
2069 1114 2232 1169 Maria
2266 1125 2423 1171 natus
2472 1118 2649 1172 fuerat
2694 1120 2895 1189 Agnus.
2944 1120 3011 1173 Et
3044 1134 3228 1174 rursus
3268 1134 3285 1173 :
3322 1140 3340 1171 ι
3366 1120 3520 1176 Vidi-

1968 1222 2089 1260 mus
2124 1207 2236 1278 (55)
2262 1222 2406 1271 eum,
2442 1217 2496 1264 et
2552 1224 2657 1264 non
2716 1210 2949 1264 habebat
2999 1210 3246 1272 formam,
3271 1226 3371 1267 nec
3408 1213 3525 1281 pul-

1967 1296 2393 1350 chrittnlinem.»
2444 1298 2694 1352 Attamen
2747 1299 2867 1354 talis
2921 1310 3045 1368 post
3074 1300 3271 1367 multas
3298 1316 3526 1375 genera-

1968 1386 2139 1439 tiones
2191 1387 2334 1441 visus
2386 1396 2469 1441 est
2519 1388 2570 1442 in
2611 1388 2887 1444 salutifera
2926 1390 3211 1454 Passinne;
3266 1400 3320 1445 et
3352 1376 3518 1445 alibi:

1973 1494 1991 1525 ‹
2023 1472 2344 1529 Neomenias
2373 1475 2483 1545 ('56)
2515 1486 2743 1541 vestras,
2767 1487 2821 1532 et
2844 1478 3065 1532 sabbata
3085 1488 3285 1545 vestra,
3314 1479 3521 1535 etfesta

1966 1564 2080 1619 odit
2104 1566 2281 1618 anima
2316 1580 2454 1620 mea.
2488 1584 2505 1616 ι
2542 1566 2612 1620 At
2635 1567 2749 1621 haec
2784 1565 2897 1621 odit
2924 1567 3090 1621 multo
3116 1577 3236 1635 post
3255 1576 3518 1639 tempore;

1966 1670 2085 1709 cum
2115 1655 2321 1710 scilicet
2363 1655 2475 1726 (57)
2526 1658 2835 1712 incarnatus
2879 1665 2981 1723 est,
3018 1668 3072 1713 et
3121 1658 3328 1713 Novum
3362 1660 3520 1714 nobis

1966 1746 2370 1799 Testamentum
2410 1746 2689 1815 disposuit.
2719 1746 2995 1802 Praeterita
3026 1764 3153 1804 vero
3183 1750 3342 1804 etiam
3365 1749 3518 1818 quasi

290 1860 311 1891 ι
384 1841 441 1893 Ὀ
483 1840 650 1893 ποιῶν
686 1822 919 1894 Πλειάδα
945 1842 1039 1893 καὶ
1074 1822 1345 1911 Ἕσπερον
1369 1859 1385 1875 ·
1436 1862 1454 1893 ι
1489 1844 1602 1907 καὶ,

1967 1836 2272 1903 praesentia,
2306 1842 2368 1889 ut
2418 1835 2615 1890 dictum
2668 1835 2789 1901 fuit,
2834 1847 3052 1892 enarrat
3101 1838 3415 1907 Scriptura,
3463 1847 3521 1892 ut

289 1951 313 1981 ο
369 1932 427 1985 '0
473 1932 637 1985 ποιῶν
680 1934 806 1996 τοὺς
834 1933 1097 2001 ἀγγέλους
1126 1933 1289 1987 αὑτοῦ
1322 1935 1604 2006 πνεύματα
1628 1951 1643 1965 ·
1686 1954 1704 1986 ι
1745 1936 1864 1988 ἀντὶ

282 2024 412 2088 τοῦ,
455 2027 484 2077 ὁ
526 2025 776 2095 ποιήσας.
820 2025 967 2090 Καὶ,
1018 2042 1037 2075 ι
1109 2024 1166 2077 Ὀ
1203 2023 1467 2094 θεμελιῶν
1500 2025 1597 2095 τὴν
1632 2024 1735 2095 γῆν
1773 2026 1865 2076 ἐπὶ

282 2117 396 2188 τὴν
425 2116 723 2185 ἀσφάλειαν
747 2116 937 2185 αὐτῆς·
972 2134 990 2166 ι
1028 2117 1057 2169 ὅ
1090 2118 1255 2180 ἐστιν,
1282 2119 1311 2170 ὁ
1335 2115 1691 2188 Θεμελιώσας.

398 2292 477 2344 Δι’
535 2291 573 2345 ἃ
630 2292 694 2363 δὴ
759 2293 1108 2373 ἐπάναγκες,
1168 2296 1215 2348 εί
1261 2296 1334 2366 μὴ
1383 2298 1461 2359 είς
1505 2296 1601 2367 τὴν
1650 2298 1708 2349 ἐν
1753 2300 1864 2361 τοῖς

279 2383 720 2453 ἐπιτηδεύμασιν
789 2385 945 2456 ἡμῶν
1034 2386 1256 2455 σοφίαν,
1326 2388 1406 2449 είς
1455 2386 1586 2455 γοῦν
1633 2387 1731 2459 τὴν
1783 2388 1867 2440 85—

280 2476 568 2547 σποτικὴν
611 2478 990 2549 ἀναμάρτητον
1033 2480 1326 2549 σάρκωσιν,
1378 2478 1477 2550 τὴν
1543 2481 1865 2551 ἐκκειμένην

276 2566 602 2637 Παροιμίαν
652 2567 873 2638 φέρειν,
915 2568 1163 2639 οὐδαμῶς
1203 2569 1258 2621 δέ
1297 2572 1379 2633 είς
1420 2570 1511 2623 τὸν
1558 2570 1657 2641 τῆς
1695 2572 1866 2642 ἀρρή·

277 2673 386 2709 του
429 2656 582 2719 θείας
642 2656 855 2726 φύσεως
921 2658 1047 2711 Υίὸν
1127 2659 1318 2728 Λόγον,
1376 2659 1467 2713 τὸν
1522 2660 1586 2713 δι’
1639 2655 1719 2724 οὗ,
1773 2662 1866 2714 καὶ

280 2750 425 2820 παρ’
487 2742 571 2814 οὗ,
611 2753 705 2804 καὶ
748 2752 806 2803 ἐν
844 2743 887 2819 ᾧ
954 2752 1131 2805 πάντα
1186 2753 1588 2825 κατεκοσμήθη.
1648 2754 1722 2807 Τὸ
1758 2755 1865 2826 γὰρ

278 2842 486 2903 εἰπεῖν,
545 2859 564 2891 ι
594 2841 796 2914 Κύριος
854 2840 1033 2895 ἐκτισέ
1101 2860 1190 2913 με,
1238 2863 1255 2893 ι
1300 2844 1487 2898 καὶτὸ
1534 2846 1860 2913 ἐπαγαγεῖν,

288 2950 310 2982 ε
355 2932 471 3002 Πρὸ
543 2932 598 2985 δέ
641 2933 856 2986 πάντων
910 2932 1110 3003 βουνῶν
1164 2937 1326 3005 γεννᾷ
1368 2953 1457 3006 με,
1502 2955 1519 2986 ι
1582 2937 1694 2989 ἴσον
1751 2936 1866 2989 ἐστὶ

278 3022 367 3092 ’τῷ
398 3023 572 3087 λέξαι·
613 3025 778 3077 Ὀντα
815 3041 881 3094 με
926 3024 981 3089 ἐξ
1017 3024 1180 3078 αὐτοῦ
1212 3025 1631 3095 συνυφεστώτως
1654 3026 1865 3079 ἔκτισεν

283 3114 544 3185 ὕστερον,
592 3115 725 3168 καθὸ
757 3115 969 3187 θελήσει
1005 3116 1169 3169 αὑτοῦ
1200 3117 1529 3189 ἐκοινώνησα
1558 3120 1861 3189 ἀτρέπτως,
1890 3157 1932 3215 C

282 3208 710 3277 ἀναμαρτήτως,
759 3208 1062 3279 ἀνθρώποις
1092 3210 1191 3279 τῆς
1236 3209 1468 3279 φύσεως,
1496 3210 1572 3275 ῶς
1598 3210 1705 3282 πρὸ
1729 3210 1860 3282 βρα-

286 3297 410 3367 χέος
456 3298 693 3367 εἴρηται.
762 3298 874 3369 Πρὸ
925 3298 980 3350 δὲ
1033 3298 1247 3351 πάντων
1318 3298 1519 3369 βουνῶν
1576 3300 1861 3371 ἐγέννησεν

291 3386 541 3451 ἀπαθῶς,
578 3388 669 3440 καὶ
710 3388 978 3460 ἀνάρχως,
1029 3390 1120 3441 κα)⁷
1149 3390 1421 3462 ἀρρήτως,
1471 3390 1602 3442 διότι
1630 3390 1770 3462 ὑπὲρ
1801 3391 1861 3444 τὸ

296 3478 583 3549 ἀσώματον
610 3482 642 3548 ἡ
667 3478 959 3550 θεότης.Τὸ
982 3480 1085 3550 γὰρ
1116 3499 1133 3530 ι
1174 3481 1279 3551 πρὸ
1322 3499 1341 3532 r
1367 3481 1597 3551 μάλιστα
1636 3482 1725 3533 ἐπ).
1760 3484 1859 3534 αὑ-

298 3568 392 3636 τῆς
430 3570 689 3639 τυγχάνει
752 3571 1021 3642 ἀόριστον,
1062 3571 1140 3623 ἐτι
1187 3572 1241 3623 δὲ
1308 3572 1401 3624 καὶ
1437 3573 1464 3624 ὁ
1509 3589 1528 3622 ι
1566 3571 1621 3624 δέ
1662 3590 1680 3623 ι
1735 3572 1861 3625 σύν-

300 3652 485 3724 δεσμος
535 3656 692 3708 τοῦτο
724 3657 1066 3728 παρίστησιν.
1113 3660 1175 3710 Εἰ
1206 3658 1314 3729 γὰρ
1344 3660 1437 3711 καὶ
1475 3658 1705 3723 ἔκτισεν,
1745 3662 1860 3725 πῶς

296 3746 613 3817 ἐγέννησεν;
655 3749 717 3801 Εί
763 3749 819 3800 δὲ
849 3748 1152 3820 ἐγέννησεν,
1206 3750 1322 3814 πῶς
1363 3750 1605 3816 ἕκτισεν;
1656 3751 1729 3804 Τὸ
1762 3752 1858 3822 μὲν

291 3838 398 3909 γὰρ
440 3839 648 3909 κτίσμα
698 3840 841 3893 είποι
878 3857 959 3903 τις
996 3841 1061 3894 ἂν
1097 3832 1204 3893 ’τοῦ
1252 3842 1535 3904 κτίσαντος
1590 3842 1855 3913 γέννημα,

284 3930 362 3992 ὡς
397 3931 565 3999 ἡμεῖς
608 3929 939 3999 ἠκούσαμεν,
997 3931 1104 3983 ι)ίοὶ
1150 3931 1426 4001 Ὑψίστου·
1473 3932 1534 3984 τὸ
1579 3933 1636 3985 δὲ
1692 3934 1859 3996 ὅντως

284 4018 535 4089 γέννημα
574 4020 672 4071 οὐκ
710 4019 775 4072 ἄν
795 4037 923 4072 ποτε
964 4020 1057 4073 τοῦ
1101 4024 1461 4091 γεννήσαντος
1512 4024 1714 4094 κτίσμα
1730 4024 1859 4094 κλη-

284 4109 431 4178 θείη.
482 4108 649 4162 Οὔπω
696 4109 805 4180 γὰρ
843 4109 949 4173 ἓως
992 4111 1231 4183 σήμερον
1269 4112 1424 4182 ἴσμεν
1455 4114 1610 4166 τοῦτο
1646 4115 1852 4185 λεχθέν.

284 4198 455 4249 Ὥστε
504 4197 603 4268 τὴν
652 4200 709 4251 ἐν
747 4202 857 4263 τοῖς
913 4201 1154 4271 ἀρίστοις
1198 4202 1591 4271 ἐπιτηδεύμασι
1666 4204 1858 4271 σοφίαν

281 4287 625 4355 πανταχόθεν
664 4288 1033 4358 εὑρίσκεσθαι,
1074 4290 1153 4353 τὸ,
1186 4308 1203 4339 ι
1242 4290 1441 4359 Κύριος
1462 4290 1692 4354 ἔκτισεν,
1733 4310 1751 4341 ι
1782 4293 1855 4343 εί-

280 4382 544 4453 ρηκυῖαν·
583 4378 720 4431 ὥστε
776 4381 871 4433 καὶ
927 4380 1065 4433 κατὰ
1111 4379 1287 4449 βιαίαν
1321 4380 1546 4449 ἐκδοχὴν
1584 4380 1675 4432 τὸν
1701 4382 1854 4447 γενό-

1965 1939 2085 1979 cum
2111 1925 2226 1978 ait:
2265 1944 2284 1976 ι
2317 1924 2417 1992 Qui
2444 1925 2572 1979 facit
2601 1925 2713 1996 (58)
2740 1926 3027 1991 Pleiadem,
3058 1936 3113 1982 et
3141 1927 3471 1997 Hesperum;
3494 1947 3513 1979 ι

1964 2025 2055 2069 et:
2092 2015 2237 2082 «Qui
2296 2015 2425 2070 facit
2471 2016 2581 2087 ('59)
2631 2017 2850 2087 angelos
2907 2033 3035 2073 suos
3082 2019 3361 2088 spiritus.»
3393 2019 3517 2085 Pro,

1971 2124 1989 2156 ‹
2022 2104 2121 2171 Qui
2154 2104 2316 2171 fecit;
2352 2124 2371 2156 ι
2406 2114 2460 2160 ει
2490 2124 2502 2159 :
2538 2126 2555 2158 ι
2590 2106 2690 2173 Qui
2741 2108 2927 2163 fundat
2980 2108 3090 2180 (40)
3139 2119 3334 2165 terram
3361 2124 3521 2181 super

1964 2199 2305 2253 stabilitatem
2338 2212 2512 2253 suam.
2539 2217 2559 2251 ι
2593 2198 2644 2251 ld
2673 2208 2773 2262 est,
2809 2200 2899 2268 qui
2936 2198 3196 2255 fundavit.

2042 2289 2171 2355 Quae
2209 2304 2331 2341 cum
2378 2289 2449 2343 ita
2484 2303 2542 2342 se
2598 2290 2849 2354 habeant,
2882 2289 3101 2344 allatum
3131 2306 3261 2345 sane
3286 2291 3520 2347 Prover-

1966 2382 2111 2436 bium
2170 2382 2378 2435 referre
2430 2395 2652 2435 necesse
2695 2392 2800 2445 est,
2856 2382 2901 2436 si
2939 2397 3043 2437 non
3078 2384 3143 2436 ad
3175 2385 3518 2455 sapientiam,

1966 2488 2085 2540 qua:
2116 2473 2167 2526 in
2206 2472 2406 2527 nostris
2433 2471 2734 2539 disciplinis
2773 2473 2933 2539 inest,
2986 2474 3176 2529 saltem
3234 2478 3299 2529 ad
3337 2476 3518 2530 Domi-

1965 2566 2141 2620 nicam
2203 2563 2411 2633 peccati
2463 2572 2737 2632 expertem
2786 2565 3253 2631 lncarnationem;
3300 2567 3519 2620 minime

1965 2666 2091 2706 vero
2122 2651 2186 2707 ad
2219 2650 2501 2706 ineﬂ‘abilis
2534 2650 2726 2704 divinae
2762 2659 2967 2707 natura:
3016 2652 3208 2707 Filium
3252 2652 3514 2717 Verbum,

1965 2756 2061 2811 per
2082 2755 2262 2809 quem,
2284 2747 2339 2794 et
2368 2756 2396 2793 a
2421 2754 2551 2809 quo,
2589 2750 2644 2793 ει
2682 2742 2734 2793 in
2764 2755 2870 2809 quo
2916 2742 3094 2796 omnia
3121 2742 3331 2798 condita
3357 2743 3517 2815 343

1964 2844 2017 2889 et
2040 2840 2228 2887 ornata
2265 2842 2415 2888 sunt.
2455 2831 2587 2885 Nam
2636 2848 2755 2887 cum
2807 2833 2906 2899 ait,
2961 2852 2979 2885 ι
3016 2833 3272 2889 Dominus
3303 2837 3519 2890 creavit

1966 2938 2074 2989 me,
2107 2941 2126 2973 ι
2161 2924 2415 2986 subdens,
2450 2940 2469 2973 ι
2500 2922 2641 2976 Ante
2683 2937 2870 2976 omnes
2917 2932 3093 2978 autem
3152 2923 3315 2978 colles
3348 2924 3519 2995 gignit

1966 3030 2072 3081 me,
2096 3033 2115 3066 ι
2152 3015 2289 3069 idem
2319 3023 2402 3068 est
2427 3028 2488 3068 ac
2524 3014 2569 3067 si
2599 3014 2799 3067 diceret
2845 3031 2859 3067 :
2914 3014 3044 3069 Cum
3075 3029 3249 3070 essem
3291 3032 3355 3070 ex
3380 3016 3514 3084 ipso,

1966 3120 2020 3161 et
2047 3105 2207 3161 simul
2236 3120 2357 3158 cum
2409 3119 2473 3160 eo
2518 3105 2886 3171 subsisterent,
2944 3107 3145 3160 creavit
3184 3121 3270 3161 me
3309 3116 3517 3177 postea,

1966 3206 2232 3265 quatenus
2264 3194 2539 3249 voluntate
2571 3194 2687 3261 ejus
2707 3208 3046 3249 communem
3081 3196 3242 3250 habui
3268 3212 3388 3251 cum
3416 3198 3517 3251 ho-

1962 3287 2201 3342 minibus
2228 3295 2501 3347 naturam,
2549 3284 2667 3337 sine
2706 3283 3001 3337 mutatione
3055 3291 3256 3348 tamen,
3302 3300 3365 3339 ac
3402 3286 3519 3340 sine

1960 3386 2204 3448 peccato,
2254 3376 2397 3430 sicut
2439 3373 2596 3442 paulo
2644 3382 2767 3427 ante
2819 3374 2945 3427 dixi.
2992 3374 3129 3427 Ante
3154 3388 3343 3429 omnes
3390 3389 3519 3431 vero

1962 3468 2127 3521 colles
2160 3465 2349 3536 genuit
2375 3464 2532 3517 Pater
2567 3463 2988 3533 impassibiliter,
3013 3473 3068 3518 et
3096 3465 3163 3518 ab
3203 3475 3425 3529 mterno,
3463 3476 3519 3521 et

1962 3556 2338 3622 ineffabiliter;
2366 3555 2490 3624 quia
2522 3569 2685 3623 supra
2736 3554 3048 3622 incorporea
3087 3556 3265 3609 omnia
3291 3566 3373 3610 est
3404 3558 3511 3611 dei-

1962 3662 2064 3706 tas.
2087 3650 2219 3703 Nam
2251 3647 2401 3712 illud,
2434 3656 2552 3699 ante
2573 3685 2587 3709 ,
2641 3646 2936 3714 prtesertim
2990 3660 3111 3699 cum
3152 3650 3217 3701 de
3240 3648 3349 3717 ipsa
3384 3648 3519 3703 dici-

1962 3753 2068 3807 tur,
2106 3740 2445 3795 indeﬁnitum
2468 3747 2569 3794 est.
2602 3736 2866 3791 Prmterea
2895 3752 3021 3791 vero
3046 3737 3208 3791 etiam
3255 3738 3515 3805 particula

1960 3834 2071 3900 illa,
2099 3832 2179 3900 δέ,
2216 3832 2269 3885 id
2315 3839 2426 3895 est,
2493 3838 2689 3893 autem,
2752 3829 2803 3882 id
2832 3829 3002 3899 ipsum
3050 3830 3259 3897 probat.
3286 3830 3342 3884 Si
3372 3832 3514 3886 enim

1958 3925 2179 3987 creavit,
2204 3923 2470 3991 quomodo
2500 3919 2721 3990 genuit?
2747 3918 2803 3974 Si
2838 3934 2964 3975 vero
3012 3921 3217 3990 genuit,
3248 3923 3515 3991 quomodo

1959 4016 2207 4073 creavit?
2262 4014 2397 4069 Nam
2452 4021 2755 4067 creaturam
2805 4011 3023 4079 quidem
3070 4012 3245 4067 dicere
3270 4013 3391 4082 quis
3422 4029 3517 4083 po-

1960 4117 2064 4163 test
2116 4107 2426 4177 progeniem
2492 4102 2785 4167 Creatoris,
2833 4102 2975 4158 sicut
3017 4118 3114 4158 nos
3151 4102 3277 4157 dicti
3332 4120 3516 4159 sumus

1957 4202 2052 4257 lilii
2088 4198 2350 4254 Altissimi
2378 4196 2519 4268 (ﬂ):
2553 4196 2643 4265 qui
2666 4204 2844 4249 autem
2867 4208 2994 4249 vere
3021 4195 3251 4264 genitus,
3275 4210 3367 4250 seu
3393 4210 3516 4265 pro-

1959 4293 2145 4363 genies
2172 4300 2277 4357 est,
2307 4304 2579 4358 nunquam
2636 4287 2919 4341 vocabitur
2948 4288 3205 4354 genitoris
3228 4298 3511 4355 creatura;

1957 4386 2185 4440 necdum
2233 4384 2376 4439 enim
2439 4382 2701 4435 hactenus
2738 4394 2767 4431 a
2826 4381 3075 4448 quopiam
3120 4380 3366 4435 novimus
3410 4380 3514 4439 hoc

282 4489 451 4542 μενον
499 4471 819 4543 σύμμορφον
878 4475 944 4542 τῇ
1000 4472 1397 4541 ἁνθρωπότητι.
1454 4471 1543 4540 Τῷ
1598 4472 1705 4542 γὰρ
1758 4473 1854 4541 τῆς

1963 4477 2158 4530 dictum
2185 4490 2325 4529 esse.
2359 4474 2690 4540 Quocunque
2716 4485 2842 4539 ergo
2872 4473 3153 4538 vertimur,
3186 4472 3510 4539 invenimus,

279 4563 440 4629 θείας
471 4563 833 4634 προγνώσεως
864 4563 973 4633 ὅρῳ
1018 4563 1121 4633 πρὸ
1162 4563 1339 4635 πάσης
1368 4560 1594 4624 κτίσεως
1638 4563 1851 4631 ἐγένετο

276 4648 463 4718 οὗτος,
502 4654 677 4706 κτίσιν
708 4655 766 4706 δέ
810 4652 1258 4724 καταχρηστικῶς
1299 4652 1395 4721 τὴν
1436 4651 1847 4722 άνθρωπότητα,

279 4745 429 4800 καθὰ
471 4744 600 4815 [162
642 4748 695 4818 α]
743 4747 836 4799 καὶ
874 4747 971 4817 τὴν
1001 4749 1058 4800 ἐν
1110 4746 1298 4814 κόσμῳ
1343 4744 1532 4811 σοφίαν
1573 4744 1845 4814 ὀνομάζει,

275 4838 347 4890 δι’
388 4832 469 4890 ὧν
508 4837 654 4905 λέγει
704 4840 733 4890 ὁ
764 4839 988 4901 Παῦλος·
1043 4856 1061 4889 ι
1115 4836 1455 4905 Ὑποτάγητε
1505 4835 1651 4906 πάσῃ
1677 4837 1847 4889 κτίσει

277 4929 602 5001 ἀνθρωπίνῃ
640 4930 729 4983 διὰ
765 4931 853 4982 τὸν
896 4930 1118 5000 Κύριον,
1159 4928 1265 4983 εἴτε
1308 4926 1532 4997 βασιλεῖ,
1576 4927 1650 4989 ὡς
1678 4927 1846 4998 ὑπερ-

280 5019 485 5091 έχοντι,
540 5019 649 5073 εἴτε
685 5020 967 5091 ἡγεμόσιν,
997 5021 1071 5083 ὡς
1111 5020 1177 5073 δι’
1215 5016 1379 5071 αὐτοῦ
1413 5017 1797 5086 πεμπομένοις.
1822 5038 1840 5069 ι

353 5229 469 5297 (31)
503 5226 774 5296 Lapidem.
807 5228 948 5282 Psai.
983 5244 1151 5293 cxvn,
1177 5230 1239 5283 2|
1274 5239 1327 5284 et
1361 5230 1451 5290 22,
1528 5254 1539 5275 ο

355 5297 715 5369 (52)Eterit.
769 5298 983 5369 Omittit
1037 5301 1308 5362 nonnulla,
1361 5316 1481 5369 qua:
1526 5309 1740 5356 exstant
1791 5300 1842 5354 in

279 5365 617 5439 Bibliis,_ubi
655 5383 751 5439 pro
775 5368 1149 5439 ἔσταιίΙεείιυι·
1181 5370 1316 5436 ἐστι,
1350 5365 1401 5426 id
1428 5380 1530 5435 est,
1564 5389 1581 5421 ι
1616 5382 1712 5424 est.
1746 5388 1765 5422 ι

354 5438 466 5499 (55)
501 5436 659 5491 Puer.
692 5437 793 5491 lsa.
817 5455 890 5499 ix,
922 5438 973 5491 6.

355 5505 469 5573 (54)
496 5505 642 5561 Sicut
666 5509 795 5563 ovis.
826 5506 925 5561 lsa.
955 5523 1070 5573 LIII,
1101 5510 1151 5562 7.

353 5574 467 5640 (35)
512 5574 771 5630 Vidimus.
806 5578 907 5632 lsa.
938 5593 1056 5640 Llll,
1091 5579 1144 5632 2.

356 5645 467 5718 (336)
499 5644 833 5718 lfaomem’as.
866 5646 967 5718 lsa.
997 5664 1037 5709 ι,
1059 5648 1147 5703 24.
1186 5649 1313 5702 Vide
1342 5663 1462 5718 pag.
1489 5650 1579 5710 74,
1616 5659 1731 5705 not.
1773 5650 1843 5705 95

360 5717 475 5791 (ξῖ)
506 5715 888 5791 Qumscilicgl.
922 5715 1515 5791 CollegdesdéfLego
1547 5722 1633 5772 ὅτε
1658 5720 1741 5791 δή.

362 5784 473 5861 (58)
504 5786 609 5854 Qui
637 5786 786 5857 facit.
818 5787 1005 5845 Latina
1039 5786 1207 5845 Biblia
1236 5789 1349 5846 hinc
1382 5784 1488 5845 noti
1534 5784 1747 5846 habent.
1785 5790 1838 5847 In

1957 4564 2271 4634 sapientiam
2290 4563 2345 4617 in
2368 4560 2586 4630 optimis
2613 4558 2909 4629 disciplinis
2934 4559 3091 4613 sitam
3121 4560 3344 4627 dixisse,
3364 4582 3382 4613 ι
3407 4562 3513 4617 Do-

1957 4658 2135 4711 minus
2161 4655 2407 4710 creavit:
2438 4671 2457 4703 ι
2489 4654 2623 4705 adeo
2656 4659 2715 4703 ut
2748 4648 2981 4703 violenta
3022 4652 3183 4704 etiam
3232 4654 3305 4706 sit
3342 4654 3512 4708 inter-

1954 4745 2207 4816 pretatio,
2236 4746 2282 4799 si
2317 4744 2433 4797 haec
2468 4741 2668 4796 dixisse
2698 4744 2913 4808 putetur
2956 4740 3019 4803 is,
3070 4741 3160 4807 qui
3194 4740 3515 4800 humanitati

1956 4835 2245 4891 conformis
2278 4833 2453 4888 factus
2487 4840 2590 4897 est,
2636 4827 2775 4898 quod
2812 4827 3004 4881 divina:
3042 4832 3392 4899 praescientia:
3419 4836 3514 4889 de-

1958 4926 2336 4982 terminatione
2384 4936 2510 4979 ante
2532 4940 2742 4980 omnem
2793 4932 3095 4977 creaturam
3120 4922 3295 4979 factus
3319 4927 3392 4980 sit
3429 4939 3513 4980 ta-

1954 5018 2039 5073 lis.
2076 5017 2393 5071 Creaturam
2436 5032 2561 5071 vero
2621 5015 3073 5086 καταχρηστικῶς
3096 5014 3230 5087 (42),
3260 5018 3364 5072 hoc
3402 5026 3510 5085 est,

1951 5228 2152 5285 Graecis
2170 5240 2385 5285 exstant
2416 5230 2515 5286 Job
2548 5246 2624 5297 rx,
2646 5230 2697 5284 9.

2022 5299 2132 5369 (59)
2166 5303 2268 5364 Qui
2293 5301 2439 5370 facit.
2471 5295 2618 5354 Psal.
2639 5314 2753 5363 cm,
2786 5298 2819 5370 ξ)
2849 5296 2960 5370 (seu

2044 5371 2131 5430 40)
2168 5370 2270 5433 Qui
2293 5365 2499 5425 fundat.
2529 5371 2753 5428 Ibidem,
2783 5367 2815 5420 6
2842 5368 2956 5436 (seu
2990 5365 3067 5436 5).

2166 5437 2297 5515 gilii
2320 5438 2976 5515 Altissimigpsaluuui,
3009 5437 3062 5489 6.
3370 5504 3399 5515 γ’

2023 5506 2133 5580 (42)
2167 5507 2680 5576 Καταχρηστικῶς.
2710 5578 2718 5580 ᾗ
2756 5506 2994 5580 Graecam
3022 5516 3245 5580 “vocem
3300 5506 3512 5580 [etineo

1954 5573 2262 5648 llieronymi
2297 5573 2679 5648 cientplo,'qni
2708 5578 2758 5629 in
2786 5574 3157 5648 Didymilibro
3194 5573 3269 5625 De
3301 5573 3507 5648 Spiritu

1954 5659 2134 5703 sancto
2156 5642 2325 5717 segm.
2362 5642 2469 5710 '58;
2484 5648 2563 5717 sic
2594 5642 2865 5701 transtulit
2890 5642 2911 5699 ἰ
2954 5663 2972 5695 ι
2998 5645 3130 5711 Quia
3164 5658 3298 5717 ergo
3319 5642 3511 5712 [codex

1957 5728 2148 5778 noster,
2190 5714 2313 5785 quia
2357 5716 2531 5787 enim]
2563 5718 2739 5771 omnis
2775 5718 3005 5787 humana
3040 5714 3301 5787 vox_nihil
3335 5723 3509 5781 potest

1957 5787 2098 5843 aliud
2128 5780 2372 5860 judicare
2423 5780 2607 5861 [eadem
2656 5797 2845 5854 noster,
2901 5780 3159 5855 indicare]
3192 5780 3352 5850 quam
3380 5796 3508 5837 cor-
