4060 6406
236 381 344 437 8‘39

1304 379 1393 433 DE
1430 379 1804 436 TRINITATE
1844 380 2042 435 LIBER
2085 375 2406 434 TERTIUS.

3396 373 3498 436 850

232 497 678 569 παραγράψομεν
725 498 845 553 ὄλον
876 498 936 552 τὺ
966 497 1164 571 χωρίον
1197 497 1378 562 τοῦτο,
1415 498 1511 551 καὶ
1533 497 1704 561 οὕτως
1735 497 1814 550 sui

1933 509 2042 551 tum
2073 511 2191 551 esse
2221 511 2341 566 quae
2376 509 2480 548 non
2517 501 2759 558 noverat,
2786 491 2878 546 sed
2913 491 3001 545 illa
3028 490 3341 558 credidisse,
3378 508 3501 564 qua:

229 589 333 656 τὴν
392 589 690 661 ἑρμηνείαν
723 589 888 643 αὐτοῦ
929 589 1278 662 βαδιούμεθα,
1307 590 1369 642 οὐ
1407 589 1651 660 δεόμενοι
1699 607 1821 642 στο-

231 676 470 746 χασμῶν
534 695 716 740 τινων,
752 678 844 731 καὶ
873 678 940 732 δι’
983 679 1207 733 εἰκότων
1238 679 1307 733 τὰ
1332 679 1508 750 φωτὸς
1539 679 1826 748 φωτοειδέ-

237 783 410 838 στερα
437 767 806 838 διηγούμενοι,
851 770 1101 840 ἐροῦντες
1122 771 1178 824 δὲ
1207 772 1306 824 ὅσα
1341 769 1468 842 [164
1499 769 1554 841 α]
1585 771 1818 834 ἑκόντες,

235 853 269 923 ἢ
294 853 524 918 ἄκοντες
551 857 707 909 αὐτοὶ
737 857 834 928 μὲν
878 854 1022 912 οὗτοι
1052 860 1298 931 παρίδον,
1343 862 1505 931 ἡμεῖς
1533 860 1587 912 δὲ
1607 859 1820 931 ὁρῶμεν

230 945 510 1016 δυνάμενα
540 952 846 1019 συμμαχεῖν
879 949 956 1020 τῷ
989 949 1148 1020 λόγῳ.
1187 951 1339 1022 Ἔχει
1374 951 1430 1002 δέ
1465 952 1497 1020 ὴ
1533 949 1820 1021 Ἐπιστολὴ

229 1035 408 1099 οὕτως
431 1054 446 1068 ·
489 1058 506 1088 ι
531 1039 988 1111 Εὑχαριστοῦντες
1019 1041 1097 1111 τῷ
1137 1041 1256 1111 Θεῷ
1279 1042 1372 1094 καὶ
1392 1042 1588 1113 Πατρὶ,
1616 1041 1692 1112 τῷ
1725 1060 1821 1096 κα-

231 1128 457 1182 λέσαντι
494 1133 640 1201 ἡμᾶς
665 1134 747 1193 είς
769 1132 865 1203 τὴν
902 1133 1093 1203 μερίδα
1115 1132 1208 1185 τοῦ
1241 1133 1444 1205 κλήρου
1483 1133 1594 1188 τῶν
1627 1134 1816 1204 ἁγίων,

229 1221 290 1283 ὃς
321 1221 596 1292 ἐρρύσατο
651 1225 798 1293 ἡμᾶς
827 1224 892 1276 ἐκ
922 1224 1025 1293 τῆς
1057 1223 1304 1290 ἐξουσίας
1323 1225 1417 1280 τοῦ
1453 1227 1697 1293 σκότους,
1727 1229 1820 1280 καὶ

234 1314 579 1384 μετέστησεν
627 1317 706 1378 είς
738 1315 836 1387 τὴν
863 1315 1142 1386 βασιλείαν
1183 1316 1282 1388 τῆς
1323 1320 1544 1390 ἀγάπης
1565 1319 1660 1372 τοῦ
1689 1320 1817 1374 Υἱοῠ

235 1404 430 1471 αὑτοῦ,
458 1411 515 1461 ἐν
547 1401 590 1474 ᾧ
643 1407 838 1478 ἔχομεν
886 1409 985 1479 τὴν
1029 1409 1428 1482 ἀπολύτρωσιν,
1483 1412 1580 1483 τὴν
1628 1413 1818 1483 ἄφεσιν

227 1503 341 1557 τῶν
370 1501 676 1574 ἁμαρτιῶν,
713 1502 772 1565 ὃς
804 1502 950 1554 ἐστιν
977 1500 1138 1556 εἰκὼν
1165 1503 1258 1556 τοῦ
1285 1503 1418 1556 Θεοῦ
1448 1504 1542 1557 τοῦ
1566 1506 1816 1576 ἀοράτου,

228 1595 581 1668 πρωτότοκος
629 1593 806 1666 πάσης
866 1594 1135 1657 κτίσεως·
1195 1595 1278 1648 ὅτι
1329 1597 1386 1648 ἐν
1419 1595 1568 1664 αὐτῷ
1595 1598 1818 1668 ἐκτίσθη

225 1691 302 1744 τὰ
340 1689 541 1752 πάντα,
595 1688 666 1742 τὰ
697 1690 755 1741 ἐν
786 1692 900 1752 τοῖς
941 1689 1190 1759 οὐρανοῖς
1217 1690 1311 1742 καὶ⁷
1335 1689 1403 1742 τὰ
1432 1691 1524 1743 ἐπὶ
1554 1691 1651 1762 τῆς
1695 1691 1815 1762 γῆς,

221 1785 298 1837 τὰ
318 1782 493 1855 ὁρατὰ
519 1781 702 1836 καὶτὰ
720 1783 947 1853 ἀόρατα,
972 1784 1079 1836 εἴτε
1107 1782 1307 1853 θρόνοι,
1346 1784 1454 1836 εἴτε
1478 1785 1816 1855 κυριότητες,

1937 588 2282 659 loquebatur,
2315 585 2441 655 quia
2473 571 2543 639 ab
2566 599 2631 639 eo
2658 584 3105 654 suggerebantur,
3137 584 3228 653 qui
3259 598 3386 637 vere
3423 591 3507 638 est

1932 680 2228 752 Sapientia,
2263 678 2463 748 quique
2489 678 2607 732 haac
2635 676 2817 730 omnia
2862 673 3262 730 manifestabat.
3300 673 3506 729 Deinde

1933 783 2100 828 totum
2136 773 2280 826 hunc
2324 771 2499 825 locum
2534 769 2645 842 (68)
2678 770 3085 834 exscribemus;
3119 778 3229 821 tum
3273 767 3340 820 ad
3390 767 3506 836 ejus

1930 866 2433 936 interpretationem
2471 864 2786 929 veniemus;
2840 876 3017 932 neque
3044 875 3173 916 vero
3219 860 3342 914 ullis
3380 873 3512 913 conn

1923 959 2150 1026 jecturis
2177 956 2558 1026 iudigebimus,
2598 970 2698 1009 nec
2727 955 2839 1008 veri
2870 949 3314 1008 similitudinibus
3344 952 3410 1004 ad
3441 965 3504 1005 ea

1928 1049 2256 1114 enarranda,
2285 1063 2404 1116 qua:
2455 1046 2573 1101 luce
2605 1044 2968 1116 splendidiora
3018 1055 3179 1109 sunt;
3214 1043 3310 1097 sed
3353 1057 3504 1111 quae-

1929 1156 2140 1210 cunque
2173 1143 2240 1196 ab
2275 1141 2361 1195 his
2396 1141 2526 1210 ipsis
2559 1140 2642 1194 vel
2690 1139 2961 1203 consulto,
2994 1137 3075 1190 vel
3106 1134 3504 1191 inconsiderate

1928 1232 2168 1302 neglecta
2222 1242 2369 1296 sunt,
2425 1231 2580 1286 nobis
2644 1245 2777 1284 vero
2829 1229 2938 1283 vim
3002 1227 3241 1282 sermoni
3299 1227 3502 1280 addere

1926 1341 2084 1395 posse
2122 1325 2396 1387 videntur,
2452 1325 2566 1378 haec
2615 1337 2970 1393 apponemus.
3035 1318 3124 1373 Sic
3163 1333 3292 1388 ergo
3343 1317 3507 1372 habet

1929 1415 2165 1483 Epistula
2196 1433 2210 1470 :
2258 1433 2276 1466 ι
2317 1416 2531 1470 Gratias
2565 1414 2675 1485 (69)
2714 1424 2936 1485 agentes
2974 1414 3082 1469 Deo
3106 1423 3158 1469 et
3186 1413 3335 1468 I‘atri
3367 1415 3502 1485 (70),

1925 1509 2017 1578 qui
2050 1508 2264 1563 vocavit
2297 1508 2408 1576 (71)
2455 1524 2553 1563 nos
2605 1509 2658 1561 iu
2705 1517 2914 1576 partem
2960 1507 3088 1564 cleri
3144 1507 3258 1578 (aut
3313 1505 3501 1576 sortis)

1927 1608 2242 1654 sanctorum
2282 1598 2428 1670 (72):
2471 1600 2562 1669 qui
2594 1598 2797 1668 eripuit
2827 1615 2924 1652 nos
2958 1615 3022 1652 ex
3051 1606 3318 1668 potestate
3355 1608 3503 1652 tene-

1927 1695 2170 1757 brarum,
2220 1699 2275 1746 et
2327 1693 2606 1746 transtulit
2658 1692 2711 1746 in
2756 1707 2978 1758 regnum
3032 1691 3332 1746 dilectionis
3377 1690 3501 1744 Filii

1927 1784 2006 1835 sui
2044 1782 2197 1851 (75):
2253 1783 2305 1836 in
2338 1797 2443 1850 quo
2476 1781 2734 1836 habemus
2765 1784 3185 1852 redemptionem
3231 1783 3367 1854 (74),
3419 1797 3502 1836 re-

219 1876 340 1927 είτε
367 1874 556 1944 ἀρχαὶ,
618 1873 728 1926 εἴτε
757 1872 1028 1937 ἐξουσίαι⁸
1077 1873 1147 1926 τὰ
1187 1872 1367 1926 πάντα
1425 1873 1490 1926 δι’
1521 1873 1684 1926 αὐτοῦ
1724 1876 1814 1926 καὶ

1929 1876 2235 1929 missionem
2283 1885 2634 1944 peccatorum
2667 1892 2681 1928 :
2725 1875 2816 1943 qui
2851 1885 2936 1929 est
2973 1876 3148 1941 imago
3167 1873 3276 1929 .Dei
3305 1876 3499 1929 incon-

220 1969 310 2030 εἰς
343 1967 507 2021 αὑτὸν
542 1965 808 2030 ἐκτισται,
861 1967 953 2020 καὶ
988 1967 1150 2031 αὐτός
1183 1968 1299 2020 ἐστι
1327 1966 1430 2038 πρὸ
1458 1967 1691 2032 πάντων,
1722 1968 1816 2020 καὶ

216 2058 297 2112 τὰ
360 2059 540 2110 πάντα
594 2058 651 2109 ἐν
686 2057 838 2128 αὐτῷ
874 2059 1238 2129 συνέστηκεν*
1283 2059 1376 2111 καὶ
1401 2059 1562 2122 αὐτός
1607 2062 1816 2132 ἐστινὴ

216 2149 443 2220 κεφαλὴ
474 2149 568 2203 τοῦ
602 2150 851 2222 σώματος
873 2154 974 2222 τῆς
1020 2151 1367 2222 Ἐκκλησίας,
1403 2152 1461 2215 ὃς
1498 2154 1644 2206 ἐστιν
1672 2154 1814 2226 ἀρχὴ

216 2243 579 2314 πρωτότοκος
629 2247 694 2297 ἐκ
744 2244 855 2296 τῶν
909 2245 1139 2316 νεκρῶν,
1189 2246 1276 2298 ἵνα
1318 2245 1539 2316 γένηται
1560 2245 1721 2310 αὐτὸς
1757 2249 1814 2300 ἐν

217 2339 398 2391 πᾶσιν
434 2337 728 2407 πρωτεύων
760 2354 772 2366 ·
828 2339 909 2391 ὅτι
949 2340 1006 2390 ἐν
1055 2337 1206 2409 αὐτῷ
1262 2339 1522 2409 εὐδόκησε
1573 2341 1681 2393 πᾶν
1752 2341 1814 2394 τὸ

215 2430 513 2500 πλήρωμα
573 2431 919 2500 κατοικῆσαι,
950 2431 1043 2483 καὶ
1075 2431 1142 2483 δι’
1170 2431 1345 2493 αὐτοῦ,
1375 2432 1813 2499 ἀποκαταλλάξαι

213 2518 296 2571 τὰ
339 2520 522 2573 πάντα
557 2521 634 2582 είς
660 2520 843 2585 αὑτὸν,
889 2521 1306 2592 εἰρηνοποιήσας
1337 2520 1424 2574 διὰ
1455 2520 1548 2574 τοῦ
1585 2524 1814 2594 αἵματος

214 2609 320 2664 τοῦ
348 2611 587 2682 σταυροῦ
635 2611 822 2679 αὐτοῦ,
866 2611 974 2664 εῐτε
1000 2610 1070 2664 τὰ
1090 2613 1184 2664 ἐπὶ
1210 2613 1336 2684 γῆς,
1376 2611 1486 2666 εἴτε
1511 2614 1579 2668 τὰ
1612 2617 1668 2668 ὲν
1703 2618 1814 2679 τοῖς

215 2706 278 2758 οὐ
287 2707 500 2776 ρανοίς.
529 2724 549 2756 ›

1922 1967 2096 2038 spicui
2130 1968 2262 2038 (sive
2305 1967 2634 2037 invisibilis),
2685 1967 3078 2036 primogenitus
3123 1968 3301 2022 omnis
3347 1983 3500 2021 crea-

1925 2071 2100 2115 turae:
2149 2060 2404 2130 quoniam
2439 2061 2491 2114 in
2525 2059 2640 2128 ipso
2678 2059 2893 2114 condita
2927 2068 3053 2113 sunt
3083 2060 3355 2124 universa,
3381 2073 3500 2128 quae

1918 2164 2044 2208 sunt
2084 2153 2135 2207 in
2172 2153 2347 2218 cmlis,
2381 2163 2436 2207 et
2474 2167 2593 2223 qua:
2635 2153 2690 2206 iu
2725 2162 2890 2214 terra,
2932 2151 3184 2214 visibilia,
3228 2161 3283 2206 et
3311 2151 3498 2206 invisi-

1921 2243 2070 2306 bilia,
2105 2243 2221 2298 sive
2248 2243 2448 2305 throni,
2496 2244 2611 2296 sive
2645 2242 3060 2307 dominationes,
3088 2242 3200 2295 sive
3227 2242 3516 2310 principa-'

1921 2345 2027 2400 tus,
2069 2335 2183 2390 sive
2234 2343 2569 2402 potestates:
2611 2333 2792 2388 omnia
2845 2349 2940 2402 per
2982 2333 3179 2402 ipsum,
3209 2342 3262 2387 et
3298 2333 3349 2386 in
3380 2333 3499 2402 ipso

1923 2441 2105 2486 creata
2153 2439 2279 2485 sunt
2309 2448 2321 2484 :
2357 2436 2412 2481 et
2433 2427 2548 2496 ipse
2578 2437 2662 2482 est
2694 2424 2860 2497 348
2892 2433 3019 2479 ante
3061 2439 3269 2490 omnes,
3307 2433 3360 2478 et
3390 2439 3498 2478 om-

1923 2524 2006 2576 nia
2041 2523 2095 2576 in
2135 2524 2250 2590 ipso
2281 2529 2550 2578 constant.
2577 2519 2644 2573 Et
2686 2520 2798 2587 ipse
2827 2526 2910 2572 est
2935 2526 3099 2585 caput
3127 2517 3372 2586 corporis
3398 2516 3496 2571 Ec-

1919 2614 2131 2667 clesiae:
2165 2613 2254 2681 qui
2302 2622 2386 2666 est
2424 2608 2772 2679 principium,
2829 2606 3222 2675 primogenitus
3251 2620 3317 2659 ex
3360 2620 3486 2659 mor

1921 2707 2049 2770 tuis,
2076 2715 2135 2759 ut
2167 2706 2237 2760 sit
2267 2707 2381 2774 ipse
2412 2705 2464 2758 in
2495 2702 2746 2758 omnibus
2790 2700 3078 2768 primatum
3108 2709 3297 2754 tenens
3329 2716 3341 2752 :
3375 2697 3496 2766 quia

219 2803 276 2854 in
301 2803 424 2872 ipso
445 2800 794 2870 complacuit,
819 2814 1033 2854 omnem
1058 2799 1448 2869 plenitudinem
1475 2801 1810 2868 inhabitare,
1851 2812 1906 2858 et
1972 2818 2068 2871 per
2133 2817 2255 2854 eum
2287 2800 2637 2854 reconciliare
2665 2797 2849 2853 omnia
2882 2797 2935 2850 in
2969 2797 3169 2865 ipsum,
3208 2794 3499 2864 paciﬁcans

218 2911 320 2966 per
367 2895 687 2964 sanguinem
722 2893 899 2946 crucis
945 2893 1065 2962 ejus
1091 2892 1203 2964 (75)
1250 2891 1362 2947 sive
1392 2908 1513 2962 qua:
1558 2894 1609 2946 in
1643 2903 1806 2960 terra,
1849 2893 1962 2948 sive
1991 2908 2109 2961 quae
2134 2892 2186 2946 in
2222 2891 2375 2946 cadis
2408 2899 2552 2945 sunt.
2597 2907 2616 2940 ι

290 2988 406 3042 Θὲα
457 2989 638 3042 τοίνυν
672 2986 979 3058 ἐμφρόνως,
1035 2986 1151 3049 πῶς
1205 2987 1427 3040 ἐναντία
1465 2989 1814 3059 αἱρετικοῖςὴ

1996 2986 2126 3042 Vide
2157 3002 2308 3056 ergo,
2343 3001 2506 3056 quam
2529 2984 2809 3054 sapienter
2844 2982 3116 3051 Scriptura
3151 2993 3292 3046 sese,
3325 2987 3385 3033 ut
3420 2980 3500 3034 sic

221 3081 418 3153 Γραφὴ
449 3079 766 3150 ἐξηγεῖσθαι
815 3078 1285 3150 παρεσκεύασται,
1316 3078 1410 3131 καὶ
1435 3077 1545 3147 ἔχει
1579 3079 1813 3149 ἑκάστην

223 3173 370 3239 λέξιν
410 3173 645 3235 ἀκτῖνας
695 3167 807 3226 οἷον
855 3171 1095 3241 νοήσεων
1145 3171 1274 3242 περὶ
1306 3169 1439 3223 Θεοῦ
1464 3169 1816 3242 ἐνανθρωπή-

227 3283 366 3329 σεως
385 3263 863 3334 ἀποπέμπουσανο
910 3263 1004 3316 καὶ
1051 3263 1134 3315 ὅτι
1185 3266 1442 3334 προεῖπεν
1492 3263 1653 3315 αὑτὸν
1687 3263 1814 3314 Υίὸν

227 3357 321 3409 καὶ
359 3357 546 3410 είκόνα
595 3355 688 3408 τοῦ
722 3354 879 3419 Θεοῦ,
908 3354 1002 3408 καὶ
1047 3353 1191 3406 οὕτω
1221 3354 1562 3424 πρωτότοκον
1601 3354 1696 3406 καὶ
1728 3371 1817 3406 κε-

236 3448 400 3518 φαλὴν
426 3446 523 3501 τοῦ
549 3444 802 3516 σώματος
824 3445 922 3516 τῆς
961 3445 1304 3515 Ἐκκλησίας,
1353 3447 1447 3498 καὶ
1473 3446 1814 3516 πρωτότοκον

241 3537 303 3587 ἐκ
329 3536 428 3588 τῶν
456 3533 691 3605 νεκρῶν,
720 3536 1208 3605 είρηνοποιήσαντα
1244 3534 1332 3588 διὰ
1357 3534 1449 3586 τοῦ
1485 3534 1615 3608 [HM
1649 3535 1701 3608 b]
1729 3536 1836 3589 αἶα·

245 3643 403 3694 ματος
429 3626 518 3680 τοῦ
565 3626 800 3699 σταυροῦ
832 3626 996 3679 αὑτοῦ
1038 3625 1106 3679 τὰ
1132 3625 1322 3697 ὁρατὰ,
1359 3626 1451 3678 καὶ
1494 3609 1812 3697 τὰίάόρατα,

237 3719 326 3772 καὶ
352 3720 455 3771 πᾶν
503 3718 566 3771 τὸ
606 3717 878 3790 πλήρωμα
932 3718 1030 3788 τῆς
1080 3718 1220 3789 ὑπὲρ
1253 3716 1312 3770 τὸ
1363 3715 1674 3788 ἀσώματον,
1721 3719 1814 3772 καὶ

230 3811 578 3883 ἀχρώματον,
610 3813 706 3864 καὶ
738 3810 1018 3882 ὰχώρητον
1071 3810 1322 3881 θεότητος
1355 3811 1772 3882 κληρωσάμενον
1796 3829 1808 3840 ·

228 3903 292 3955 ἶν’
319 3905 474 3967 ὅπως
499 3904 616 3956 ποτ’
651 3899 742 3956 οὖν
775 3901 939 3966 ἀξίως
984 3903 1256 3972 συνίωμεν
1287 3903 1450 3956 αὑτοῦ
1480 3903 1573 3955 καὶ
1607 3903 1706 3975 τὴν
1751 3905 1816 3956 ἐκ

224 3995 316 4048 τοῦ
343 3995 484 4048 Θεοῦ
532 3995 746 4064 Πατρὸς
792 3995 886 4046 καὶ
917 3993 1054 4065 πρὸς
1081 3993 1242 4047 αὑτὸν
1273 3994 1600 4065 ἀσύγκριτον
1631 3995 1813 4065 φύσιν,

224 4088 319 4140 καὶ
337 4086 438 4157 τὴν
471 4088 537 4138 ἐκ
561 4083 840 4157 Παρθένου
875 4084 969 4136 καὶ
997 4084 1116 4136 κατ’
1144 4083 1312 4154 αὐτὴν
1340 4085 1547 4138 τελείαν
1582 4087 1676 4137 καὶ
1704 4085 1816 4138 ἐνο-

223 4180 334 4251 ειδῆ
361 4180 643 4250 σάρκωσιν
668 4179 762 4231 καὶ
812 4179 1077 4250 ψύχωσιν.
1115 4178 1179 4231 Τί
1210 4179 1317 4250 γὰρ
1341 4179 1468 4234 ἄλλο
1499 4182 1718 4250 νοήσαις
1749 4179 1815 4232 ἂν

225 4274 432 4345 μεταξῦ
469 4272 579 4325 τῶν
605 4271 940 4342 ἐκκειμένων
998 4270 1134 4325 όλων
1166 4272 1364 4341 ῥητῶν,
1409 4272 1587 4324 καὶτὸ
1613 4272 1678 4324 δι’
1714 4275 1814 4326 αὐ-

220 4365 323 4418 τοῦ
343 4363 444 4418 καὶ
485 4363 569 4424 είς
590 4362 749 4414 αὑτὸν
780 4361 956 4414 πάντα
1000 4359 1342 4426 συνεστάναι,
1379 4360 1472 4412 καὶ
1505 4357 1811 4414 καταλλάσ-

222 4454 437 4517 σεσθαι,
491 4452 585 4506 καὶ
614 4450 1086 4523 είρηνοποιεῖσθαι,
1127 4453 1176 4503 εί
1218 4453 1292 4524 μὴ
1321 4451 1380 4504 τὸ
1405 4449 1494 4503 διὰ
1528 4451 1624 4522 τῆς
1648 4452 1807 4524 ἀτρέ-

216 4561 356 4598 οπτου
415 4545 509 4597 καὶ
542 4544 926 4614 ἀναμαρτήτου
957 4543 1024 4596 δι’
1058 4545 1205 4614 ἡμᾶς
1245 4543 1340 4597 καὶ
1363 4543 1502 4615 ὑπὲρ
1533 4543 1688 4614 ἡμῶν
1718 4546 1805 4595 ἐν-

217 4636 632 4708 ανθρωπήσεως
694 4634 858 4688 αὐτοῦ
912 4635 1336 4707 ἐπιστρέφεσθαι
1381 4638 1528 4706 ἡμᾶς
1575 4637 1656 4700 είς
1711 4636 1810 4708 τὴν

217 4728 524 4794 ἐπίγνωσιν
556 4724 656 4794 τῆς
680 4725 936 4778 ἀκτίστου
975 4725 1228 4796 θεότητος
1260 4725 1460 4792 αὐτοῦ;
1505 4726 1809 4799 Ἀνείρηται

217 4815 308 4870 οὖν
331 4817 655 4888 Μονογενὴς
679 4817 798 4888 μὲν,
850 4816 945 4871 ἅτε
984 4818 1086 4874 οὐκ
1116 4817 1252 4888 ἔχων
1284 4819 1422 4872 κατὰ
1447 4818 1544 4890 τὴν
1573 4819 1684 4872 ἄνω
1709 4820 1808 4891 ἄῤ·-

217 4913 451 4982 ρευστον
476 4908 731 4980 γέννησιν
759 4909 946 4982 ἕτερον
964 4913 1094 4981 παρ’
1115 4911 1276 4966 αὑτὸν
1306 4911 1450 4965 κατὰ
1477 4912 1639 4981 φύσιν
1663 4913 1811 4966 ἁδελ-

291 5157 411 5228 (68)
447 5155 810 5228 Totumjmnc
837 5155 1167 5228 locum,etc.
1194 5155 1370 5228 Simili
1431 5155 1589 5228 modo
1615 5172 1686 5228 se
1719 5171 1810 5228 ge-

222 5225 599 5297 rit'Didymus
632 5226 969 5298 scripturam
1003 5227 1177 5298 citans
1215 5228 1266 5281 in
1314 5227 1453 5282 libro
1493 5225 1573 5281 De
1601 5225 1807 5298 Spiritu

221 5296 450 5361 sancto,
474 5313 625 5353 num.
660 5297 748 5360 10,
780 5297 871 5359 32,
908 5297 996 5362 39,
1026 5296 1115 5357 45,
1136 5308 1241 5352 etc.

293 5368 413 5444 (ti?)
440 5365 680 5422 Gratias.
721 5367 778 5422 ln
799 5367 898 5438 Ep.
929 5369 996 5422 ad
1021 5366 1228 5423 Coloss.
1263 5383 1383 5441 cap.
1416 5385 1456 5436 ι,
1490 5385 1521 5424 a
1561 5383 1705 5425 vers.
1743 5369 1810 5423 l9.

219 5438 416 5631 “(73)
445 5508 559 5590 Deo
590 5519 640 5564 et
671 5508 838 5563 Patri.
862 5508 1050 5564 Graeca
1078 5508 1244 5564 editio
1282 5509 1445 5565 habet
1497 5518 1701 5564 tantum
1731 5509 1810 5580 τῷ

222 5579 381 5631 Πατο
413 5619 428 5631 .
459 5581 515 5631 td
544 5591 631 5631 est
657 5579 822 5631 Patri.
851 5578 1109 5631 Vulcatus
1143 5594 1272 5631 vero
1304 5581 1403 5631 int.
1428 5580 1557 5631 lenit
1605 5590 1664 5631 ul.
1715 5583 1808 5631 Di-

222 5578 429 5720 3:191,
459 5580 515 5634 id
544 5591 631 5636 est
657 5579 822 5634 Patri.
851 5578 1109 5650 Vulgatus
1143 5594 1272 5636 vero
1303 5581 1403 5636 int.
1428 5580 1557 5650 legit
1605 5590 1664 5634 ut
1714 5578 1808 5636 Di-

305 5665 444 5703 "Ius.

305 5667 444 5702 "IIIS.

301 5720 413 5788 (7|)
447 5720 551 5787 Qui
591 5722 812 5792 vocavit.
847 5719 1031 5776 Graeca
1065 5723 1175 5785 ed.,
1215 5719 1292 5792 τῷ
1355 5719 1704 5786 ἱκανώσαντι,
1753 5721 1805 5775 id

225 5802 426 5862 τείρει
455 5793 618 5844 vertit
651 5789 809 5862 Vulg.
842 5793 1112 5862 interpres
1148 5810 1162 5846 :
1201 5812 1219 5843 ι
1265 5789 1369 5862 qui
1387 5795 1573 5860 dignos
1597 5792 1748 5846 fecit.
1784 5811 1800 5841 ι

305 5861 419 5937 (7‘1)
453 5862 796 5918 Sanctorum.
823 5861 1008 5920 Graeca
1043 5861 1212 5920 Biblia
1263 5871 1315 5920 et
1355 5861 1544 5921 Latina
1597 5863 1681 5920 hic
1710 5865 1804 5919 ad-

1918 3083 2143 3149 loquar,
2200 3080 2500 3134 accinxerit
2567 3077 2630 3131 ad
2696 3092 2760 3131 ea
2810 3075 3138 3136 enarranda,
3179 3088 3298 3142 quae
3336 3072 3501 3125 haere-

1917 3176 2142 3226 ticorttm
2171 3171 2572 3240 opinationibus
2601 3169 2989 3229 adversantur,
3021 3166 3156 3218 adeo
3187 3174 3244 3217 ut
3263 3163 3497 3234 singula,

1915 3265 2110 3333 quibus
2133 3264 2322 3327 utitur,
2348 3260 2613 3316 vocabula
2659 3261 2843 3314 radios
2875 3258 3036 3312 veluti
3066 3256 3338 3321 emittant,
3360 3271 3499 3323 quo-

1917 3371 2036 3409 rum
2077 3355 2369 3424 splendore
2401 3352 2691 3406 illuminati
2725 3351 3137 3420 perspiciamus,
3185 3349 3250 3402 de
3283 3347 3375 3401 Dei
3408 3347 3499 3401 ln-

1916 3448 2231 3500 caruatione
2263 3459 2571 3500 sermonem
2598 3441 2684 3496 hic
2713 3442 2899 3496 haberi
2933 3457 2948 3506 ;
2989 3457 3112 3495 nam
3144 3439 3293 3508 prius
3321 3439 3496 3506 ipsum

1915 3539 1990 3592 ait
2021 3552 2140 3591 esse
2166 3535 2384 3600 Filium,
2408 3544 2464 3588 et
2493 3534 2788 3601 imaginem
2829 3532 2942 3594 Dei,
2978 3547 3040 3586 ac
3073 3541 3258 3598 postea
3288 3529 3496 3597 primo-

1915 3631 2178 3699 genitum,
2215 3637 2271 3682 et
2315 3635 2475 3696 caput
2525 3626 2768 3692 corporis
2817 3621 3093 3686 Ecclesiae,
3130 3632 3183 3674 et
3233 3622 3498 3688 primoge-

1917 3721 2178 3773 nitumex
2228 3715 2480 3777 mortuis,
2514 3714 2603 3782 qui
2653 3728 2749 3782 per
2783 3713 3103 3779 sanguinem
3153 3711 3332 3763 crucis
3379 3723 3492 3763 Sua:

1915 3811 2146 3866 visibilia
2174 3819 2228 3864 et
2288 3807 2577 3863 invisibilia
2609 3805 2996 3876 pacilicaverit,
3025 3814 3080 3858 et
3114 3818 3328 3857 omnem
3374 3801 3488 3872 ple-

1916 3903 2218 3957 nitudinem
2251 3901 2474 3956 sortitus
2503 3899 2572 3953 sit
2618 3897 2759 3952 illius
2789 3897 3030 3961 deitatis,
3073 3911 3191 3965 qua:
3244 3895 3494 3962 incorpo-

1917 3996 2047 4050 ralia
2111 4002 2164 4048 et
2200 3993 2516 4056 invisibilia,
2546 3991 2817 4046 colorisve
2860 3989 3103 4058 expertia
3137 3985 3492 4050 transcendit,
3531 4055 3534 4058 ι

1917 4103 1981 4142 ac
2033 4086 2154 4156 plus
2193 4101 2354 4154 quam
2405 4082 2969 4153 incomprehensibilis
3010 4094 3139 4145 est;
3188 4087 3245 4131 ut
3289 4093 3353 4130 eo
3385 4093 3494 4146 quo

1917 4193 2014 4246 par
2041 4186 2123 4230 est
2153 4175 2312 4228 modo
2358 4174 2672 4236 sentientes,
2724 4172 3176 4242 qualitercunque
3219 4167 3495 4235 intelliga—

1919 4287 2038 4325 mus
2069 4285 2189 4323 cum
2214 4267 2546 4338 asyncritam
2577 4265 2701 4336 (huc
2733 4275 2815 4319 est
2847 4262 3345 4331 incomparabilem)
3375 4275 3496 4314 esse

1843 4355 1886 4408 Ι)
1919 4373 2188 4427 naturam,
2228 4377 2390 4430 quam
2428 4376 2491 4414 ex
2532 4359 2640 4412 Deo
2673 4357 2856 4421 Patre,
2883 4369 2936 4411 et
2967 4358 3106 4424 apud
3132 4355 3279 4408 illum
3311 4353 3492 4416 habet,

1919 4465 2028 4510 tum
2063 4452 2360 4524 perfectam
2406 4452 2554 4506 illam
2593 4451 2978 4514 oeconomiam,
3017 4463 3120 4517 qua
3170 4461 3387 4499 carnem
3424 4459 3493 4498 ex

1916 4544 2160 4616 Virgine,
2191 4554 2355 4614 atque
2398 4545 2635 4596 animam
2683 4543 2754 4596 ita
2794 4539 3043 4608 sumpsit,
3097 4546 3309 4592 servata
3365 4550 3492 4603 per-

1918 4653 2062 4692 sonae
2094 4639 2320 4701 unitate,
2371 4647 2429 4689 ut
2475 4637 2574 4704 ipsi
2631 4634 2794 4688 etiam
2830 4632 3038 4702 Virgini
3089 4629 3280 4684 similis
3315 4629 3490 4681 ﬁeret.

1917 4731 2148 4792 Etenim,
2194 4740 2254 4784 ut
2291 4729 2499 4798 reliqua
2540 4727 2720 4782 omnia
2753 4725 2903 4779 Pauli
2940 4724 3102 4778 verba
3132 4725 3288 4776 modo
3329 4720 3493 4775 allata

1917 4838 2256 4896 praeteream,
2291 4839 2526 4891 quonam
2570 4821 2676 4874 alio
2711 4821 2869 4873 modo
2917 4816 3260 4886 interpretari
3294 4831 3489 4885 possu-

1919 4932 2038 4973 mus
2083 4916 2193 4982 illa,
2224 4913 2419 4984 quibus
2450 4914 2548 4982 ait,
2604 4928 2703 4983 per
2732 4912 2930 4980 ipsum,
2961 4920 3017 4964 et
3064 4910 3118 4963 in
3149 4908 3266 4979 ipso
3308 4908 3493 4965 omnia

1916 5158 2068 5222 dunt,
2098 5160 2154 5212 ἐν
2185 5156 2263 5229 τῷ
2299 5155 2458 5228 φωτί,
2497 5157 2655 5229 si_ve_,__
2679 5173 2699 5207 ι
2731 5155 2782 5209 in
2817 5153 3036 5229 lu_mine.
3065 5171 3089 5229 ρ

1991 5229 2102 5298 (75)
2153 5223 2462 5282 Οἱῐεσὶἱοηίε
2528 5227 2656 5280 Filii
2702 5229 2806 5280 sui.
2867 5223 3489 5298 Legendum_videtur:

1923 5319 1942 5352 ι
1975 5293 2025 5354 in
2054 5293 2274 5365 regnum
2307 5298 2430 5352 Filii
2459 5298 2761 5352 dilectionis
2792 5310 2921 5350 Suae.
2949 5313 2974 5366 ρ
3008 5293 3082 5366 lta
3113 5294 3260 5366 enim
3291 5297 3487 5366 legitur

1917 5381 1970 5426 et
2015 5373 2065 5424 iu
2111 5363 2298 5425 Bibliis
2343 5385 2463 5423 cum
2507 5368 2733 5433 Grauis,
2782 5377 2890 5420 tum
2947 5363 3187 5424 Latinis;
3226 5375 3280 5421 et
3308 5363 3368 5422 iri
3400 5367 3494 5422 Di.

1917 5443 2078 5513 dymo
2113 5441 2240 5513 ipso,
2263 5455 2400 5513 pag.
2427 5438 2550 5492 124.

1981 5513 2093 5583 (74)
2134 5505 2575 5583 ίίεάέηιριὶοῃεηι.
2595 5508 2780 5565 Graeca
2808 5507 2894 5565 ed.
2919 5515 2975 5564 et
2996 5506 3183 5562 Latina
3209 5505 3299 5563 hic
3341 5507 3492 5564 addit

1920 5601 1939 5636 ι
1968 5581 2398 5653 persanguinem
2422 5581 2558 5653 ejus.
2582 5598 2601 5633 ›

1979 5645 2092 5725 (75)
2123 5645 2308 5706 ϐτῖιεὶε
2341 5645 2475 5719 ejus.
2507 5651 2821 5725 Grfeca_ed.
2854 5653 2940 5708 hic
2981 5651 3130 5707 addit
3151 5648 3240 5704 ,δι’
3267 5645 3486 5725 ῄαῷτοῦ,

1907 5724 1958 5796 id
1987 5719 2090 5790 est,
2122 5742 2141 5774 ι
2169 5738 2264 5793 per
2289 5725 2486 5796 ipsum.
2516 5741 2536 5777 ›
2566 5723 2670 5780 Sed
2695 5723 2848 5796 Vulg.
2881 5726 2978 5778 int.
3017 5727 3128 5779 haec
3176 5719 3378 5779 omittit
3430 5727 3491 5779 ιιι

1907 5795 2184 5866 Didymus.
