4060 6406
511 301 715 365 ι851

1882 309 2118 365 DIDYMI
2156 308 2623 365 ALEXANDRINI
3699 315 3786 371 851

618 434 892 487 constare,
922 433 976 479 et
1007 425 1371 491 reconciliari,
1419 433 1473 480 et
1503 426 1799 496 paciﬁcari,
1833 429 1938 482 nisi
1979 429 2052 482 ita
2090 430 2186 481 in-

2298 430 2386 498 ,σόν
2407 446 2420 459 ·
2454 429 2794 500 πρωτότοκος
2819 429 2876 482 δὲ
2900 428 3080 500 πάσης
3112 427 3359 491 κτίσεως,
3407 427 3465 479 οὐ
3503 428 3583 480 διὰ
3604 429 3656 482 τὸ
3678 447 3790 502 προ-

617 525 996 584 terpretemur,
1042 527 1100 571 ut
1131 533 1223 587 per
1253 518 1368 586 ejus
1410 519 1858 587 lncarnationem,
1903 536 2007 588 qua
2052 536 2182 588 pro-

621 619 739 675 pter
767 625 885 671 nos,
929 617 981 662 et
1009 626 1103 677 pro
1136 611 1308 675 nobis,
1339 613 1454 665 sine
1500 612 1604 664 ulla
1644 622 1942 665 mutatione
1987 613 2066 664 sui
2101 612 2183 679 ip-

619 706 752 762 sius,
785 709 836 754 et
877 703 1080 768 peccati
1111 717 1325 770 expers,
1377 704 1535 756 homo
1569 704 1739 756 fartus
1770 714 1874 766 est,
1905 713 2183 758 converta-

623 794 836 842 murad
891 794 1212 856 agnitionem
1269 796 1519 847 int-realzl'
1576 796 1740 862 ipsius
1790 796 1906 849 Filii
1939 796 2184 849 tleilatis?

625 881 804 934 Dictus
827 896 900 933 est
950 901 1074 947 ergo
1130 887 1552 952 przctliCaIUsqnc
1605 886 1922 948 Uuigeuilus
1966 889 2180 954 quidem

624 986 809 1040 utpote
865 992 964 1025 non
1027 977 1226 1027 habens
1283 979 1571 1028 secundum
1621 979 1894 1030 cmleslem
1952 979 2184 1044 cujusvis

623 1066 798 1118 {luan
842 1080 1111 1131 expertem
1145 1068 1543 1134 generationem
1600 1067 1825 1120 altermn
1883 1079 2076 1136 prmler
2109 1070 2186 1137 ip-

625 1174 765 1218 sum,
791 1159 876 1224 qni
921 1159 1207 1210 secundum
1247 1168 1490 1210 naturam
1523 1160 1592 1211 sit
1627 1160 1738 1226 ejus
1772 1161 1968 1222 frater;
2006 1171 2186 1228 prolo-

628 1258 777 1301 tocus
834 1265 960 1301 vero
1011 1249 1082 1316 (id
1119 1258 1220 1312 est,
1263 1251 1655 1319 primoqenitus;
1691 1252 1865 1304 omnis
1905 1263 2183 1313 creaturae.

624 1354 727 1390 non
759 1340 895 1406 quod
929 1351 1054 1392 ante
1089 1343 1254 1406 ipsam
1288 1351 1501 1394 creatus
1547 1342 1652 1407 sit;
1699 1341 1932 1408 ali0quin
1969 1357 2188 1397 Vocatus

624 1429 813 1483 fuisset
842 1413 1209 1499 protoctisius,
1259 1432 1308 1484 id
1339 1443 1442 1491 est.
1480 1434 1869 1500 primocreatus
1899 1433 2044 1504 (7G):
2093 1436 2184 1488 sed

624 1522 746 1589 quia
797 1539 894 1591 per
943 1525 1354 1591 przescientiant,
1386 1536 1442 1578 ut
1477 1536 1952 1579 connuemoratum
2010 1539 2090 1579 est
2133 1529 2185 1580 in

624 1613 858 1680 capitulo
889 1615 1129 1682 proxime
1157 1617 1432 1683 superiore
1462 1616 1596 1684 (77),
1631 1626 1753 1670 ante
1796 1633 2008 1670 onmem
2035 1634 2188 1671 crea-

625 1711 798 1754 turam
847 1718 910 1756 ex
958 1714 1145 1756 sancta
1177 1703 1389 1773 Virgine
1428 1704 1592 1774 3&9
1623 1714 1779 1758 natus
1811 1716 1929 1769 est;
1977 1715 2029 1760 et
2062 1707 2186 1774 quia

626 1792 766 1846 idem
797 1803 878 1847 est
925 1795 1335 1862 primogenitus,
1367 1806 1420 1849 et
1466 1796 1774 1864 unigenitus
1807 1796 1984 1849 Omnis
2029 1811 2181 1850 crea-
2220 1801 2261 1853 Β

627 1895 755 1936 turre
782 1883 1293 1952 ineﬂ‘ahiliterjuxta
1336 1885 1575 1937 divinum
1620 1894 1839 1938 textum.
1876 1885 2043 1939 Simili
2077 1902 2189 1938 mo-

623 1977 692 2027 do
725 1986 942 2029 vocatus
980 1985 1062 2030 est
1103 1977 1264 2029 etiam
1303 1994 1321 2026 ι
1348 1977 1736 2046 primogenitus
1775 1993 1838 2030 ex
1873 1979 2122 2039 mortuis,
2159 1999 2178 2030 ι

623 2080 728 2116 non
759 2065 899 2132 quod
934 2075 1059 2117 ante
1094 2065 1238 2131 ipsos
1289 2075 1532 2119 mortuus
1587 2068 1677 2131 sil,
1724 2068 1815 2120 sed
1880 2069 2007 2136 quia
2065 2084 2184 2121 cum

626 2156 829 2223 primus
867 2156 1100 2208 surrexit
1145 2156 1252 2226 (78)
1302 2171 1331 2209 ει
1369 2157 1614 2219 mortuis,
1642 2158 2188 2211 securitatemresur-

624 2244 880 2297 rectionis
903 2243 1226 2311 generaliter
1253 2244 1403 2297 nobis
1435 2245 1681 2311 przebuit,
1708 2243 1796 2310 qui
1824 2248 2183 2312 pergratiam,

623 2345 679 2389 et
711 2340 908 2388 donum
943 2337 1058 2404 ejus
1100 2337 1244 2403 digni
1300 2336 1422 2388 facti
1481 2351 1667 2389 sumus
1700 2337 1788 2402 qui
1825 2351 2066 2390 essemus
2096 2336 2186 2388 lilii

623 2427 837 2492 quidem
870 2426 960 2478 Dei
997 2426 1191 2492 Patris,
1229 2427 1426 2481 t'ratres
1452 2441 1582 2479 vero
1629 2427 1795 2494 ipsius
1843 2427 2065 2483 Christi.
2100 2428 2188 2481 Ait

619 2519 802 2572 enim:
845 2537 862 2568 ι
901 2519 1007 2587 Ego
1042 2519 1150 2587 (79)
1214 2535 1329 2571 sum
1384 2521 1511 2581 vita,
1560 2529 1613 2572 et
1657 2520 1996 2574 resurrectio-
2033 2538 2052 2570 ι
2084 2520 2187 2573 Sed

625 2611 796 2678 ipsum
829 2626 1038 2679 quoque
1082 2624 1310 2678 tempus,
1349 2625 1454 2679 quo
1495 2610 1742 2663 Salvator
1776 2626 1872 2679 pro
1900 2627 1994 2664 sua
2033 2612 2187 2665 boni-

625 2712 735 2756 tate
785 2718 906 2756 cum
968 2714 1230 2755 vetusuam
1298 2702 1569 2770 jacturam
1629 2710 1869 2753 nostram
1930 2704 2190 2755 resarcire

623 2795 1006 2864 proposuisset,
1029 2809 1230 2861 nosque
1270 2794 1457 2860 dignos
1482 2793 1757 2859 facerequi
1784 2793 2190 2860 participatione

622 2887 863 2939 cmlestis
907 2902 1112 2939 serena:
1150 2886 1282 2939 lucis
1325 2887 1375 2938 in
1410 2897 1670 2938 :eternnm
1725 2885 2047 2942 frueremnr.
2079 2885 2190 2952 pri-

625 2977 928 3044 mogenitns
957 2977 1134 3029 onmis
1167 2985 1428 3028 creatura:
1469 2975 1645 3028 factus
1680 2985 1782 3037 est,
1817 2984 2194 3040 przemonstra-

623 3069 698 3118 vit
728 3065 943 3128 Paulus,
973 3084 1092 3120 cum
1119 3068 1192 3120 ait
1221 3087 1234 3120 :
1269 3087 1286 3117 ι
1323 3067 1510 3120 Vetera
1531 3067 1642 3135 (80)
1662 3066 1990 3118 transierunt
2019 3082 2032 3118 :
2067 3080 2192 3118 ecce

2284 519 2530 571 ἐκτίσθαι
2559 518 2730 588 αὐτῆς
2761 517 2903 588 (ἐπεὶ
2931 519 2996 571 ἂν
3036 517 3430 588 πρωτόκτιστος
3451 518 3669 587 ἐκλήθη),
3698 521 3791 572 ἀλλ’

2281 609 2355 672 ὡς
2386 613 2451 680 τῇ
2476 610 2795 680 προγνώσει,
2823 609 2965 662 καθά
2993 607 3365 679 ἐμνημονεύθη
3401 609 3454 659 ἐν
3476 609 3548 678 τῷ
3579 610 3670 679 πρὸ
3693 611 3794 663 τοῦ·

2283 701 2337 753 δε
2370 701 2664 771 κεφαλαίῳ,
2715 702 2819 772 πρὸ
2862 701 3060 764 παντὸς
3107 701 3567 770 δημιουργήματος
3611 702 3795 771 amr];

2286 790 2443 856 ἁγίας
2476 791 2748 860 Παρθένου
2769 790 3000 860 τεχθεὶς,
3029 791 3122 843 καὶ
3148 788 3220 840 ὢν
3245 788 3403 850 αὑτός
3430 805 3483 840 τε
3505 790 3796 859 πρωτότοκος

2285 882 2380 932 καὶ
2427 880 2739 951 Μονογενὴς
2798 882 2975 949 πάσης
3021 881 3246 938 κτίσεως
3301 879 3548 949 ἅρῤητος,
3596 877 3718 929 κατὰ
3749 877 3797 929 τὸ

2287 970 2428 1022 θεῖον
2459 972 2688 1041 γραφίον
2709 990 2721 1000 ·
2769 970 2958 1042 ὥσπερ
2984 970 3292 1040 ὠνόμασται
3329 972 3355 1022 ὁ
3390 969 3542 1031 αὐτὸς
3573 970 3654 1021 καὶ
3682 986 3800 1038 πρω-

2285 1062 2500 1125 τότοκος
2566 1065 2629 1115 ἐκ
2658 1063 2767 1114 τῶν
2823 1061 3053 1132 νεκρῶν,
3086 1062 3146 1112 οὑ
3209 1060 3296 1114 διὰ
3336 1061 3393 1112 τὸ
3429 1060 3802 1131 προτελευτῆσαι

2287 1152 2487 1214 αὐτῶν,
2544 1153 2680 1205 ἀλλὰ
2731 1153 2818 1206 διὰ
2849 1153 2908 1204 τὸ
2935 1152 3225 1224 ἐγερθέντα
3251 1153 3316 1204 ἐκ
3359 1150 3576 1221 νεκρῶν,
3627 1150 3803 1220 πρῶτον

2287 1244 2383 1313 τὴν
2442 1245 2737 1312 ἀσφάλειαν
2793 1245 2890 1312 τῆς
2921 1241 3264 1304 ἀναστάσεως
3337 1241 3623 1303 καθολικῶς
3683 1258 3807 1308 παρ-

2289 1341 2472 1407 ασχεῖν
2491 1341 2640 1409 ἡμῖν,
2671 1342 2782 1402 τοῖς
2797 1340 2936 1393 κατὰ
2967 1341 3122 1411 χάριν
3155 1340 3250 1392 καὶ
3267 1333 3646 1408 δωρεάν-αὑτοῦ
3673 1349 3806 1386 κατα-

2290 1430 2557 1494 ξιωθεῖσιν
2593 1429 2719 1500 [165
2755 1431 2810 1503 a]
2866 1433 3108 1502 υἱότητος
3161 1431 3256 1501 μὲν
3309 1428 3403 1481 τοῦ
3437 1425 3563 1479 Θεοῦ
3615 1424 3806 1497 Πατρὸς,

2292 1517 2647 1590 ἁδελφότητος
2672 1519 2727 1572 δὲ
2760 1519 2945 1573 αὑτοῦ.
3003 1539 3021 1572 ι
3045 1519 3184 1588 Ἐγὼ
3230 1539 3248 1569 ι
3306 1518 3433 1589 γὰρ.
3474 1517 3592 1585 ἔφη,
3626 1513 3806 1582 «ειμὶὴ

2291 1610 2402 1681 ζωὴ
2437 1612 2527 1662 καὶ
2588 1613 2620 1680 ἡ
2652 1612 2964 1675 ἀνάστασις.
2997 1631 3015 1663 ι
3053 1612 3160 1665 Καὶ
3194 1610 3402 1671 Παῦλος
3444 1608 3498 1660 δὲ
3529 1607 3611 1658 τὸν
3658 1603 3810 1672 καιρὸν

2292 1704 2452 1756 αὑτὸν
2487 1703 2784 1767 ὑπέδειξεν,
2830 1706 2886 1756 ἐν
3019 1704 3106 1756 διὰ
3136 1704 3234 1773 τὴν
3286 1700 3450 1755 αὐτοῦ
3496 1695 3811 1766 ἀγαθότηταό

2291 1795 2478 1867 Σωτὴρ
2501 1796 2598 1866 τὴν
2627 1796 2862 1849 παλαιάν
2893 1797 3045 1866 ἡμῶν
3075 1794 3301 1865 ἀμεῖψαι
3332 1790 3712 1862 κακοπραγίαν,
3740 1787 3814 1838 καὶ

2294 1886 2519 1951 ἀξιῶσαι
2550 1889 2694 1956 ἡμᾶς
2724 1887 3008 1948 διαιωνίως
3041 1885 3330 1938 ἀπολαύειν
3351 1885 3449 1953 τῆς
3468 1882 3556 1934 τοῦ
3577 1881 3677 1934 ἄνω
3704 1877 3814 1930 ἀπό-

2293 1993 2383 2028 νου
2416 1977 2591 2042 φωτὸς
2616 1976 2905 2046 μετουσίας
2937 1975 3290 2046 προθέμενος,
3319 1964 3648 2044 πρωτότοκος
3671 1970 3815 2037 πάσης

2294 2068 2521 2130 κτίσεως
2550 2068 2783 2134 ἐγένετο,
2809 2068 2874 2120 δι’
2908 2060 2980 2119 ὧν
3014 2066 3115 2137 ἔφη
3139 2083 3151 2095 °
3196 2084 3214 2116 ι
3239 2065 3317 2117 Τὰ
3337 2066 3536 2134 ἀρχαῖα
3562 2059 3814 2130 παρῆλθεν,

2298 2159 2404 2210 ἰδοὺ
2434 2160 2592 2211 καινὰ
2613 2159 2801 2226 γέγονε
2851 2159 3045 2210 πάντα.
3077 2177 3093 2207 ι
3129 2159 3235 2209 Καὶ
3285 2156 3446 2227 ἔτερα
3487 2154 3539 2207 δὲ
3571 2149 3716 2206 αὑτοῦ
3745 2149 3819 2219 ῥή-

2297 2269 2439 2320 ματα
2460 2250 2729 2302 διωθεῖται
2754 2251 2849 2320 μὲν
2879 2250 3104 2316 ταυτηνὶ
3125 2249 3219 2319 τὴν
3245 2249 3522 2319 αἱρετικὴν
3547 2245 3815 2312 ἐνθύμησιν,

2295 2341 2390 2412 τὴν
2440 2341 2942 2410 κατασοφιζομὲνην
2999 2340 3093 2393 τοῦ
3129 2357 3186 2392 τε
3226 2339 3460 2396 Παύλου,
3509 2337 3580 2399 ὡς
3633 2331 3818 2386 τοιαῦτα

2293 2431 2621 2501 γράψαντος,
2669 2432 2759 2483 τοῦ
2782 2449 2853 2483 -τε
2910 2431 3086 2484 πάντα
3133 2431 3456 2500 ποιησαντος
3482 2429 3571 2481 καὶ
3594 2420 3820 2494 κεκτημέ-

2295 2540 2408 2581 νου,
2444 2523 2518 2586 ὡς
2542 2521 2795 2575 τοιούτων
2825 2524 2953 2594 περὶ
2992 2522 3153 2575 αὑτοῦ
3183 2520 3610 2591 ἐξενηνεγμένων
3646 2513 3818 2584 φωνῶν,

2295 2615 2429 2683 ὅπερ
2458 2613 2688 2682 χαλεπὸν
2715 2615 2807 2665 καὶ
2847 2613 3048 2665 πλάσαι
3082 2614 3174 2666 καὶ
3198 2613 3431 2664 ἀκοῦσαι
3452 2629 3464 2640 ·
3500 2604 3820 2680 διαρρήδηνᾶ

2297 2705 2643 2775 παρίστησιν,
2679 2703 2752 2767 ὼς
2786 2704 2865 2767 τὸ,
2931 2724 2948 2754 ι
2974 2703 3320 2773 Πρωτότοκος
3359 2703 3535 2770 πάσης
3567 2698 3816 2756 micam,»

2297 2795 2415 2847 ἀντὶ
2467 2795 2582 2856 τοῦ,
2622 2795 2801 2866 πάσης
2839 2793 3276 2864 ἀνθρωπὸτητος,
3337 2791 3552 2862 ἐλέχθη.
3599 2788 3696 2858 Τὴν
3738 2784 3822 2851 γὰρ

2296 2883 2687 2954 ἁνθρωπὸτητα
2763 2885 2938 2936 κτίσιν
2988 2882 3400 2956 προσαγορεύει,
3450 2883 3522 2942 ὼς
3549 2881 3602 2931 ἐν
3627 2876 3695 2945 τῷ
3718 2889 3822 2942 προ-

2297 2974 2532 3044 κειμένῳ
2561 2974 2836 3045 κεφαλαίῳ
2863 2973 3075 3045 είρηται
3100 2974 3305 3038 λέξεσιν
3347 2975 3535 3033 αὑταῖς
3553 2987 3566 3000 ο
3599 2988 3616 3019 ι
3639 2962 3826 3019 Ὑποτά-

2298 3080 2429 3133 γητε
2465 3066 2612 3134 πάσῃ
2646 3065 2821 3117 κτίσει
2871 3065 3182 3137 ἀνθρωπίνῃ
3220 3065 3309 3117 διὰ
3339 3065 3430 3117 τὸν
3483 3063 3688 3132 Κύριον,
3740 3056 3822 3106 εἴτε

624 3173 762 3210 nova
796 3158 934 3211 facta
965 3168 1086 3211 sunt
1115 3159 1314 3214 omnia.
1363 3177 1381 3208 ι
1411 3158 1548 3224 Quin
1576 3167 1629 3210 et
1655 3156 1859 3225 reliqua
1891 3156 2038 3208 Pauli
2069 3170 2188 3208 ver-

2298 3155 2513 3223 βασιλεῖ,
2545 3156 2620 3219 ὡς
2650 3157 2990 3228 ὑπερέχοντι,
3027 3160 3138 3211 εἴτε
3179 3157 3474 3228 ἡγεμόσιν,
3506 3155 3579 3217 ὡς
3609 3154 3668 3205 δι’
3693 3143 3824 3202 αὐτοῦ

626 3248 690 3300 ha
719 3249 949 3313 primmn
982 3249 1194 3316 quidem
1239 3249 1378 3302 hanc
1418 3248 1793 3300 hmreticorum
1820 3245 2183 3316 Opinationent

2298 3246 2685 3317 πεμπομένοις.
2725 3267 2744 3299 ι

623 3342 938 3410 explodunt,
970 3344 1058 3412 qni
1087 3354 1138 3397 et
1174 3343 1272 3413 ipsi
1311 3342 1499 3406 Paulo,
1540 3343 1679 3412 quod
1719 3343 1842 3395 talia
1881 3341 2178 3409 scripserit,
2219 3352 2273 3394 et
2308 3358 2484 3396 rerum
2510 3344 2747 3398 omnium
2779 3343 3080 3411 Conditori,
3121 3361 3186 3400 ac
3211 3345 3465 3408 Domino,
3524 3343 3588 3398 de
3644 3353 3736 3408 quo
3763 3344 3827 3388 ta-

625 3434 695 3486 lia
721 3435 1007 3502 praedicata
1038 3446 1184 3504 sunt,
1219 3435 1470 3503 injuriam
1507 3436 1619 3490 suis
1683 3435 2113 3488 cavillationibus
2175 3435 2454 3490 inferunt:
2520 3437 2664 3506 quod
2713 3437 2798 3492 vel
2853 3439 2979 3492 [ictu
3016 3478 3031 3503 ,
3087 3441 3282 3493 nedum
3335 3439 3521 3492 auditu
3578 3433 3820 3489 molestum

623 3538 726 3584 est.
773 3529 973 3584 Deinde
1022 3545 1150 3585 vero
1233 3540 1418 3601 aperte
1486 3532 1672 3585 eadem
1745 3532 1991 3600 probant,
2034 3547 2053 3580 ι
2127 3533 2543 3599 primogenitum
2591 3533 2765 3586 omnis
2815 3544 3082 3588 creatura:
3132 3552 3151 3586 ι
3189 3533 3394 3587 dictqu
3446 3546 3566 3586 esse
3621 3542 3708 3597 pro
3750 3518 3830 3588 βτί·

627 3628 898 3697 mogenito
928 3627 1105 3681 omnis
1143 3628 1533 3694 humanitatis;
1575 3637 1632 3681 ut
1657 3630 1798 3681 enim
1831 3629 1881 3680 in
1916 3627 2192 3696 superiore
2232 3629 2468 3698 capitulo
2495 3629 2602 3682 dixi
2637 3629 2775 3699 (81),
2846 3630 3238 3683 ltutnanitatem
3311 3627 3571 3682 vocabulo
3607 3627 3826 3676 creatura?

628 3721 874 3774 nominat
929 3723 1012 3775 his
1043 3721 1173 3788 ipsis
1205 3721 1423 3776 verbis:
1459 3739 1477 3772 ι
1525 3720 1762 3790 Suhjecti
1809 3730 1986 3774 estote
2042 3720 2187 3774 omni
2227 3729 2494 3774 creatura:
2527 3702 2777 3774 humana:
2808 3731 3027 3790 prapter
3058 3721 3346 3774 Dominum
3437 3721 3550 3773 sive
3610 3711 3709 3780 regi
3738 3719 3830 3762 ωη-

625 3831 786 3884 quam
814 3817 1158 3886 prtecellenti,
1200 3817 1313 3871 sive
1357 3816 1581 3871 ducibus
1614 3826 1867 3884 tanquam
1896 3832 1990 3885 per
2017 3817 2191 3883 ipsum
2230 3817 2429 3872 missis.
2465 3837 2482 3868 ι

704 3912 1046 3981 Sttil‘ragatur
1076 3925 1252 3968 autem
1305 3915 1458 3968 nobis
1499 3915 1674 3980 quoad
1723 3914 2190 3967 denominationes

628 4006 843 4072 quidem
889 4005 1261 4075 Primogeniti,
1304 4015 1358 4060 et
1409 4005 1680 4072 Unigeniti
1720 4004 2046 4073 evangelista
2080 4003 2189 4073 (82)

631 4111 855 4149 narrans
888 4094 1107 4148 Mariam
1159 4097 1423 4150 mansisse
1453 4095 1713 4164 virginem
1768 4094 1903 4162 (83),
1961 4113 1980 4144 ι
2019 4094 2190 4148 donec

630 4185 836 4253 peperit
879 4185 1042 4238 lilium
1094 4199 1248 4238 suum
1311 4183 1758 4252 primogenitum;
1798 4203 1816 4233 ι
1869 4199 1990 4235 nam
2015 4196 2188 4250 neque

629 4276 877 4344 cuiquam
907 4276 1089 4342 nupsit
1119 4275 1205 4328 illa
1255 4288 1461 4328 summe
1495 4288 1602 4343 pra:
1635 4274 1883 4326 omnibus
1915 4275 2185 4327 honoran-

630 4367 732 4429 da,
765 4375 820 4420 et
869 4368 1100 4419 maxime
1145 4366 1342 4436 inclyta
1383 4365 1562 4432 Virgo,
1609 4379 1708 4419 nec
1752 4365 1973 4419 alterius
2017 4374 2190 4418 mater

632 4472 866 4526 unquam
925 4457 1064 4511 facta
1109 4467 1212 4520 est,
1273 4456 1364 4510 sed
1405 4467 1526 4526 post
1576 4457 1916 4525 puerperium
1971 4471 2184 4524 quoque

633 4551 831 4604 mansit
856 4565 1068 4619 semper
1092 4559 1148 4604 et
1190 4551 1336 4604 omni
1397 4560 1636 4620 tempore
1693 4550 2034 4604 immaculata
2085 4553 2192 4603 vir-

631 4656 698 4712 go
721 4643 857 4713 (8-1),
893 4653 948 4697 et
997 4653 1170 4696 tatnen
1202 4641 1315 4711 ejus
1361 4643 1746 4712 primogenitus
1791 4649 1936 4696 recte
1973 4653 2194 4697 vocatus

2367 3915 2929 3984 Συναντιλαμϐάνεται
2981 3915 3037 3967 δὲ
3069 3915 3220 3984 ἡμῖν,
3261 3913 3341 3976 είς
3382 3912 3478 3981 μὲν
3513 3908 3568 3961 τὸ
3603 3923 3620 3956 ι
3653 3894 3830 3974 Ῑῖρωτά·

2297 4021 2453 4068 τοκος
2478 4026 2495 4056 ι
2563 4009 2657 4059 καὶ
2698 4025 2715 4057 ι
2742 4007 3070 4076 Μονογενὴς,
3099 4025 3117 4056 ι
3172 4004 3232 4058 τὸ
3266 3999 3624 4074 διηγήσασθαι
3662 3994 3740 4046 τὸν
3761 3988 3830 4041 εὖ·

2299 4099 2641 4169 αγγελιστὴν,
2667 4101 2747 4152 ὅτι
2780 4099 2958 4170 ἔμεινε
3001 4097 3288 4170 παρθένος,
3335 4115 3354 4146 ι
3399 4096 3506 4157 ἕως
3571 4092 3710 4143 ἔτεκε
3759 4079 3829 4170 τὸν

2296 4187 2424 4240 Υίὸν
2439 4189 2605 4258 αὐτῆς
2628 4189 2719 4242 τὸν
2748 4169 3109 4260 πρωτότοκον.
3132 4207 3149 4238 ι
3188 4185 3324 4239 Οὔτε
3351 4186 3464 4256 γὰρ
3489 4179 3721 4252 ἐγαμήθη
3749 4169 3830 4260 τξνὶ

2296 4277 2331 4346 ’θ
2379 4257 2676 4347 τιμιωτέρα
2720 4257 2935 4330 πάντων
2985 4277 3078 4328 καὶ
3111 4274 3472 4344 εὐκλεεστάτη
3510 4269 3704 4340 Μαρία,
3743 4257 3827 4314 οὔτ’

2303 4369 2463 4422 ἄλλου
2497 4371 2678 4440 μήτηρ
2712 4368 2926 4438 ἐγένετό
2953 4384 3081 4420 ποτε
3101 4383 3115 4398 ο
3150 4366 3328 4438 ἔμεινε
3392 4366 3449 4418 δὲ
3477 4363 3569 4416 καὶ
3595 4357 3717 4431 μετὰ
3735 4367 3830 4440 κυοξ

2301 4439 2506 4531 φορίανν
2540 4462 2625 4513 ἀεὶ
2681 4462 2775 4514 καὶ
2816 4459 2902 4512 διὰ
2952 4458 3149 4520 παντὸς
3200 4457 3430 4527 ἄμωμος
3459 4453 3724 4524 παρθένος,
3759 4439 3830 4497 καὶ

2303 4553 2451 4622 ὅμως
2471 4551 2594 4622 [165
2621 4551 2670 4622 b]
2725 4553 3062 4622 πρωτότοκος
3099 4549 3268 4618 αὐτῆς
3312 4550 3341 4600 ὁ
3388 4547 3598 4608 πλάσας
3621 4540 3766 4606 αὑτήν
3785 4547 3830 4582 τε

2306 4645 2399 4697 καὶ
2424 4643 2629 4706 πάντας
2657 4643 2756 4696 οὐκ
2776 4642 2983 4710 ἀλόγως
3036 4640 3257 4712 ἐκλήθη.
3287 4641 3383 4703 Εἰς
3405 4639 3463 4692 δὲ
3501 4638 3580 4701 τὸ,
3615 4655 3631 4686 ι
3655 4622 3831 4702 Πρωτά-

706 4821 817 4892 (76)
849 4821 1260 4876 Primocreatus.
1286 4819 1456 4892 Simili
1490 4818 1646 4892 modo
1687 4817 2006 4892 Ambrosius
2045 4817 2140 4872 lib.
2185 4834 2201 4871 ι

635 4888 724 4945 Pe‘
752 4891 854 4959 ﬁde
881 4907 998 4958 cap.
1028 4893 1058 4944 7
1100 4893 1327 4945 scribit:
1363 4909 1382 4941 ι
1417 4891 1808 4958 Primogenitus
1848 4888 2029 4942 omnis
2047 4903 2204 4942 crea-

639 4972 791 5014 turze.
826 4961 1241 5031 Primogenitns,
1282 4962 1478 5031 inquit,
1527 4975 1630 5031 non
1683 4959 2091 5031 primocreatns,
2150 4967 2205 5010 ut

638 5044 693 5084 et
719 5033 930 5099 genitus
976 5029 1073 5101 pro
1120 5043 1335 5099 natura,
1359 5029 1441 5084 'et
1492 5029 1698 5099 primus
1727 5044 1824 5098 pro
1855 5029 2210 5096 perpetuitate

2316 4827 2424 4874 tres
2461 4817 2692 4872 Matthaai
2724 4818 2927 4872 verba:
2965 4837 2984 4868 ι
3013 4817 3078 4870 Et
3134 4832 3237 4871 non
3286 4815 3784 4886 cognoscebatearn.
3810 4819 3826 4852 ι

2309 4890 2642 4964 Epiphanins
2680 4903 2835 4964 yero_
2862 4889 3154 4964 monachus
3201 4902 3265 4964 ac
3314 4875 3603 4964 presbyter
3642 4883 3689 4935 in
3715 4875 3832 4964 libro

2309 4956 2510 5014 inedito
2555 4958 2696 5026 Περὶ
2731 4958 2838 5012 τοῦ
2870 4958 3015 5021 ,βίου
3048 4956 3157 5025 τῆς
3188 4957 3517 5024 ὐπεραγίας
3565 4956 3830 5026 Θεοτόκᾳυ.

2314 5031 2365 5082 id
2393 5040 2495 5094 est,
2523 5047 2542 5080 ι
2573 5023 2765 5082 devita
2805 5023 3173 5082 Sanctissinia:
3220 5023 3484 5095 Deiparm,
3524 5044 3542 5076 ι
3570 5023 3655 5095 sic
3675 5034 3742 5095 ea_
3767 5023 3830 5095 il}:

637 5103 904 5154 credatur.
933 5119 951 5152 ι

719 5170 828 5242 (ῘἹ)
861 5169 1162 5242 Superiora.
1195 5173 1376 5242 Segm.
1406 5170 1506 5242 160
1543 5190 1599 5226 a.

717 5237 828 5308 (78)
867 5241 1076 5294 Primus
1107 5237 1411 5296 surreierit.
1452 5241 1506 5295 lu
1550 5243 1681 5295 libro
1718 5239 1790 5293 De
1814 5237 2014 5309 Spiritu
2039 5248 2218 5291 sancto

642 5322 789 5362 num.
826 5310 916 5373 41,
947 5314 1218 5366 L‘hrtstum
1264 5325 1421 5366 vocat
1479 5331 1496 5362 (
1524 5312 1838 5382 principem,
1896 5320 1950 5364 et
2003 5311 2205 5378 primu-

639 5381 880 5448 genitnm
908 5383 1347 5436 resurrectionis.
1382 5401 1400 5434 ι

716 5449 825 5518 (79)
856 5448 990 5516 Ego.
1013 5450 1170 5505 Joan.
1203 5467 1279 5515 ΣΙ,
1310 5453 1401 5507 95.

715 5518 826 5588 (80)
867 5519 1069 5574 Vetera.
1113 5520 1156 5574 ll
1213 5522 1336 5578 Cor.
1373 5539 1428 5586 ν,
1463 5523 1550 5576 17.

714 5591 830 5661 (8t)
865 5590 1004 5661 Qixi.
1038 5591 1218 5661 Segm.
1250 5592 1349 5644 162
1371 5612 1422 5646 a.

718 5658 831 5730 (82)
866 5658 1220 5730 Evangeliala.
1263 5662 1452 5716 Matth.
1489 5679 1527 5726 ι,
1556 5662 1647 5716 25.

716 5729 830 5800 (85)
870 5729 1129 5787 Mantus“
1161 5733 1433 5803 virginem.
1467 5732 1540 5786 lla
1589 5731 1855 5799 accipiunt
1887 5737 2058 5813 sangti
2113 5731 2212 5787 Pa-

2316 5081 2509 5168 telligi't
2543 5117 2555 5152 :
2611 5081 2709 5152 οὐκ
2744 5097 3006 5166 ἐγίνωσκε
3058 5081 3449 5168 τὰνμυστῆρια
3474 5081 3592 5148 ’τοῦ
3625 5081 3830 5168 Θεοῦν.

2320 5155 2478 5232 est,“
2510 5183 2613 5222 non
2651 5155 2869 5222 noveiat
2896 5170 3148 5238 mysteria
3173 5155 3294 5222 'Dei.
3328 5155 3738 5238 {Exstatautem

2321 5239 2457 5293 liber
2487 5239 2537 5290 in
2569 5238 2796 5305 quodam
2819 5253 2881 5290 ex
2905 5233 3164 5291 Nanianis
3187 5237 3466 5292 codicibus
3492 5233 3829 5305 membraneis-

2379 5309 2490 5376 (84)
2532 5293 2808 5379 semper...
2839 5311 3003 5379 virgo.
3041 5309 3235 5379 Eodem
3267 5308 3523 5379 modo_de
3551 5293 3834 5379 beatal’it':

2310 5375 2430 5446 gine
2482 5377 3076 5446 loquitnrAntbrosins
3133 5377 3184 5429 in
3229 5378 3362 5429 libro
3424 5376 3498 5446 De
3545 5375 3831 5440 insultatorie

2308 5445 2523 5516 uirginis
2557 5462 2676 5515 Cap.
2708 5445 2762 5510 6,
2792 5462 2909 5516 pag.
2935 5447 3058 5506 260,
3089 5447 3284 5514 aliique
3316 5450 3383 5516 ab
3426 5445 3732 5512 Hieronymo
3772 5446 3833 5516 cy:

2312 5513 2405 5571 tati
2439 5519 2487 5570 iu
2519 5513 2652 5570 libro
2678 5513 2936 5587 Adversus
2962 5513 3279 5571 Helvidium.
3309 5515 3574 5587 Caeterum
3602 5513 3833 5587 nummi?

2311 5590 2500 5655 dogma
2535 5587 2856 5640 calholicmn
2888 5585 2956 5638 de
2988 5598 3239 5654 perpetua
3278 5586 3521 5656 Deiparte
3567 5580 3832 5656 virginitale

2309 5652 2487 5726 plures
2517 5658 2944 5729 anteDydimunt
2970 5652 3156 5729 Patres
3191 5652 3530 5729 tradiderim,
3585 5652 3739 5726 pauci
3763 5652 3828 5729 ta:-

2312 5723 2573 5783 iuenantc
2604 5723 2748 5783 illum
2792 5727 3194 5798 Ἀειπαρθένου,
3221 5727 3270 5780 id
3288 5733 3371 5780 cst
3413 5741 3430 5774 ι
3465 5723 3677 5791 Semper
3699 5723 3831 5781 virgi-
