4060 6406
279 323 382 383 855

1350 327 1436 383 DE
1477 328 1848 384 TRINITATE
1885 328 2087 384 LIBER
2126 330 2447 389 TERTIUS.

3411 349 3518 406 834

275 462 433 507 τοκος
459 445 525 497 ὲκ
549 445 657 498 τῶν
697 445 921 516 νεκρῶν,
951 465 969 498 ι
999 447 1090 500 τὸν
1117 446 1278 500 αὑτὸν
1311 447 1518 502 Παῦλον
1547 449 1844 522 Κορινθίοις

1955 459 2036 504 est
2065 450 2226 520 350
2254 453 2341 521 qui
2370 460 2424 506 et
2466 452 2657 522 ipsam,
2686 463 2739 509 et
2785 469 2972 510 omnes
3014 455 3285 513 l‘ormavit.
3331 461 3518 529 Quoad

273 536 367 591 διὰ
389 537 502 590 τῶν
532 537 665 608 πρὸς
699 539 895 602 αὐτοὺς
939 539 1171 610 πρώτων
1230 539 1650 611 ὲπιστολιμαίων
1684 561 1852 615 χαρα-
1891 601 1896 604 _

272 630 503 699 γμάτων
557 629 796 695 διδάξαι·
848 648 867 681 ‹
895 631 1128 702 Χριστὸς
1184 633 1476 704 ἐγήγερται
1518 636 1582 687 ὲκ
1623 634 1852 703 νεκρῶν,

272 719 502 788 ἀπαρχὴ
523 719 630 772 τῶν
658 720 1069 791 κεκοιμημένων
1089 739 1104 753 ο
1136 722 1320 792 ἐπειδὴ
1345 723 1450 794 γὰρ
1474 723 1539 776 δι’
1567 723 1852 796 ἀνθρώπου

270 811 304 860 ὁ
357 810 619 876 Θάνατος,
675 813 769 866 καὶ
818 814 885 866 δι’
937 813 1226 886 ἀνθρώπου
1275 814 1570 878 ἀνάστασις
1625 816 1850 886 νεκρῶν.

274 901 488 972 Ὥσπερ
523 905 579 956 ὲν
623 903 701 974 τῷ
742 905 910 976 Ἀδὰμ
958 907 1158 970 πάντες
1208 907 1664 978 ἀποθνήσκουσιν,
1711 909 1852 962 οὓτω

270 995 368 1047 καὶ
396 996 454 1048 ὲν
481 995 558 1065 τῷ
582 997 801 1069 Χριστῷ
845 998 1043 1063 πάντες
1071 997 1590 1071 ζωοποιηθήσονται,
1624 1001 1852 1066 ἕκαστος

267 1083 327 1136 δὲ
352 1086 414 1136 ὲν
433 1085 512 1156 τῷ
543 1085 654 1156 ἰδίῳ
683 1086 944 1156 τάγματι.
1008 1088 1251 1160 Ἀπαρχὴ
1301 1089 1554 1160 Χριστὸς,
1586 1089 1778 1143 ἔπειτα
1799 1092 1850 1143 οἱ

266 1175 365 1229 τοῦ
402 1177 636 1247 Χριστοῦ
673 1179 730 1231 ἐν
762 1181 825 1251 τῇ
851 1181 1120 1251 παρουσίᾳ
1174 1179 1360 1244 αὐτοῦ,
1394 1177 1510 1233 εἶτα
1541 1181 1602 1234 τὸ
1631 1182 1799 1245 τέλος.
1827 1201 1845 1232 ι

266 1269 555 1337 Χρήσαιτο
577 1269 621 1322 δ’
648 1268 713 1322 ἄν
739 1288 820 1333 τις
851 1271 942 1324 καὶ
982 1271 1156 1341 τούτῳ
1210 1270 1404 1342 ὀρθῶς.
1461 1273 1534 1326 Οὐ
1569 1272 1675 1344 γὰρ
1714 1273 1772 1325 ἓν
1798 1291 1849 1326 τι

269 1359 438 1427 μόνον
463 1359 557 1411 ἐπὶ
581 1362 694 1422 τοῖς
725 1359 866 1413 οὕτω
909 1360 1132 1430 ὑψηλοῖς
1164 1365 1346 1434 ῥητοῖς
1374 1364 1476 1435 χρὴ
1509 1366 1846 1425 ἐπισκοπεῖν,

263 1448 394 1501 οὐδὲ
416 1449 475 1501 τὸ
504 1444 690 1520 ⁴ἧσσον,
749 1449 882 1503 ἀλλὰ
931 1452 992 1504 τὸ
1031 1453 1286 1521 ἄμεινον’
1335 1456 1414 1516 εἰς
1465 1453 1572 1524 γὰρ
1604 1455 1672 1506 τὰ
1722 1453 1849 1524 περὶ

262 1541 432 1601 Θεοῦ,
473 1543 530 1594 έν
550 1544 662 1604 τοῖς
694 1541 972 1612 ἀμείνοσιν
1002 1545 1034 1614 ὴ
1069 1543 1313 1612 ἀλήθεια.
1343 1545 1465 1598 Ὅτι
1507 1538 1849 1616 πρωτότοκος

263 1636 454 1704 πάσης
482 1633 710 1696 κτίσεως
757 1633 1088 1704 ὠνόμασται,
1125 1635 1213 1688 διὰ
1237 1637 1360 1698 τοὺς
1385 1637 1442 1688 ἐν
1476 1636 1554 1706 τῷ
1586 1635 1716 1706 θείῳ
1755 1636 1850 1705 βα-

259 1727 538 1796 πτίσματι
570 1729 634 1796 τῇ
679 1726 918 1796 υἱοθεσία
949 1725 1040 1779 τοῦ
1085 1727 1241 1795 ἁγίου
1274 1727 1590 1798 Πνεύματος
1640 1730 1702 1781 ὲκ
1753 1727 1846 1782 τοῦ

1956 544 2407 611 nuncupationem
2459 558 2585 598 vero
2639 561 2658 596 ι
2715 545 3052 615 primogeniti
3099 563 3163 602 ex
3199 556 3444 618 mortuis,
3486 574 3506 608 ι

1955 634 2277 706 suffragatur
2335 635 2489 690 nobis
2534 637 2674 706 quod
2707 636 2819 706 ipse
2850 636 3047 692 Paulus
3083 639 3134 692 in
3181 640 3200 693 Ι
3231 642 3296 694 ad
3333 643 3523 700 Coriu-

1956 726 2097 780 thios
2129 726 2364 796 Epistola
2395 728 2508 797 (85)
2541 728 2722 782 docuit
2751 745 2764 782 :
2796 747 2815 780 ι
2867 729 3113 784 Christus
3145 731 3254 801 (86)
3286 737 3524 792 surrexit

1956 833 2024 872 ex
2073 819 2319 884 mortuis,
2350 821 2601 888 primitia:
2641 822 3022 876 dormientium
3069 825 3218 895 (87);
3263 828 3516 895 quoniam

1955 909 2097 964 enim
2127 925 2224 978 per
2253 910 2525 964 hominem
2554 927 2701 966 mors
2726 953 2740 975 ,
2765 922 2818 966 et
2844 929 2937 982 per
2969 916 3235 971 hominem
3272 934 3516 973 resurre-

1953 1000 2059 1054 ctio
2097 1010 2476 1056 mortuorum:
2526 1003 2666 1058 sicut
2703 1005 2812 1075 (88)
2866 1007 2920 1061 in
2965 1008 3132 1061 Adam
3169 1025 3360 1064 mnnes
3403 1026 3520 1066 mo-

1954 1089 2187 1156 riuntur,
2228 1090 2298 1144 ita
2348 1101 2400 1144 et
2453 1091 2507 1145 in
2559 1092 2778 1148 Christo
2823 1109 3013 1148 omnes
3059 1096 3516 1154 viviﬁcabuntur:

1955 1177 2324 1246 unusquisque
2374 1186 2550 1230 autem
2600 1178 2651 1232 in
2705 1180 2919 1249 proprio
2975 1182 3200 1248 ordine;
3269 1184 3519 1250 pritnitia:

1949 1266 2240 1328 Christus;
2277 1265 2470 1321 deinde
2514 1267 2586 1330 ii,
2634 1271 2722 1336 qui
2754 1278 2880 1322 sunt
2929 1269 3152 1335 Christi,
3204 1270 3254 1323 itt
3287 1273 3514 1326 adventu

1949 1356 2103 1425 ejus:
2139 1359 2330 1411 deinde
2381 1357 2520 1413 linis.
2559 1378 2576 1411 ι
2620 1359 2726 1413 Sed
2767 1369 2820 1414 et
2849 1361 3002 1414 aliter
3046 1363 3212 1432 accipi
3250 1373 3392 1417 recte
3421 1378 3520 1431 po-

1951 1460 2053 1502 test
2081 1449 2324 1516 objectus
2362 1450 2557 1504 locus:
2628 1467 2727 1506 nec
2774 1453 2920 1506 enim
2975 1464 3180 1506 certum
3229 1455 3512 1521 quemdam

1947 1557 2161 1596 sensum
2191 1541 2449 1593 duntaxat
2477 1549 2722 1609 spectare
2758 1553 2972 1612 Oportet
3005 1544 3059 1597 in
3113 1545 3346 1598 oraculis
3403 1555 3510 1599 tam

1947 1632 2284 1695 sublimibus,
2326 1647 2425 1686 nec
2485 1632 2632 1685 illum
2684 1633 2954 1701 amplecti,
3002 1635 3092 1703 qui
3148 1636 3324 1689 minus
3371 1652 3508 1704 prte-

1948 1734 2098 1776 stans
2145 1721 2239 1785 sit,
2270 1721 2361 1776 sed
2397 1737 2519 1776 eum
2566 1723 2656 1791 qui
2705 1724 2970 1777 excelsior
3015 1740 3078 1776 ac
3115 1723 3332 1790 melior;
3386 1741 3508 1780 nam

257 1815 407 1868 (ι)εοῦ
440 1815 832 1886 γεννωμένους,
857 1817 951 1869 καὶ
998 1817 1084 1869 διὰ
1112 1816 1172 1869 τὸ
1220 1819 1348 1881 πᾶν,
1380 1817 1408 1868 ὃ
1433 1818 1600 1886 ἐσμὲν
1636 1819 1730 1872 καὶ
1757 1835 1844 1870 κε-

1947 1828 2067 1867 cum
2102 1813 2169 1866 de
2198 1813 2263 1867 iis
2308 1813 2504 1882 agitur,
2552 1828 2670 1881 qua:
2718 1811 2884 1867 Deum
2935 1824 3196 1882 spectant,
3248 1814 3512 1867 in-snhli-

257 1908 539 1978 κτήμεθα,
591 1909 651 1972 ἐξ
701 1906 861 1960 αὑτοῦ
898 1906 1196 1978 εἰληφέναι,
1247 1908 1392 1961 καθά
1421 1909 1580 1962 πάλιν
1613 1911 1640 1961 ό
1688 1908 1844 1971 αὐτὸς

1947 1905 2100 1958 miori
2141 1904 2520 1973 explanatione
2555 1905 2690 1958 inest
2735 1907 2954 1960 veritas.
3004 1906 3115 1959 Dici
3151 1921 3280 1974 ergo
3311 1915 3505 1973 potest,

258 2000 543 2053 παιδεύων
576 1999 720 2068 λέγει
745 2017 756 2028 ·
829 2018 846 2050 ι
869 1999 933 2051 Τί
959 2000 1015 2051 δὲ
1042 1999 1202 2068 ἔχεις,
1250 1999 1278 2052 ὂ
1306 2001 1405 2053 οὐκ
1441 1999 1630 2062 ἔλαϐες
1653 2016 1666 2063 ;
1701 1998 1764 2051 El
1792 1999 1844 2051 δὲ

1947 1997 2352 2066 primogenitum
2381 1995 2554 2049 omnis
2607 2003 2866 2048 creaturae
2910 1996 3013 2049 dici
3062 1995 3333 2049 Christum
3380 2009 3501 2048 cum

257 2092 483 2154 ἔλαϐες,
516 2092 565 2144 τί
598 2093 866 2161 καυχᾶσαι
900 2091 974 2154 ὡς
1011 2091 1083 2160 μὴ
1114 2089 1292 2144 λαϐών
1317 2109 1331 2157 ;
1360 2111 1378 2143 ›
1424 2091 1497 2155 ὡς
1525 2092 1620 2145 καὶ
1663 2090 1844 2160 Ἑλλή-

1947 2096 2158 2156 propter
2184 2101 2298 2148 eos,
2326 2085 2417 2153 qui
2448 2086 2499 2138 in
2524 2085 2708 2139 divino
2743 2086 3008 2154 baptismo
3043 2102 3136 2152 per
3162 2085 3507 2153 adoptioncnt

255 2202 373 2237 νων
412 2185 619 2248 παῖδες,
670 2183 768 2248 τὰς
796 2183 960 2247 ἄλλας
993 2182 1339 2246 ἐναντιώσεις
1387 2182 1635 2252 ἀφέντες,
1665 2181 1844 2253 διηγό-

1947 2192 1970 2230 a
1999 2176 2202 2243 Spiritu
2253 2183 2441 2227 sancto
2492 2172 2694 2227 factam
2746 2186 3070 2241 generantur
3113 2189 3176 2228 ex
3215 2173 3360 2238 Deo;
3395 2183 3506 2224 tum

258 2293 505 2347 ρευσαν·
1942 2269 2104 2322 etiam
2130 2265 2252 2334 quia
2284 2264 2542 2332 quidquid
2587 2280 2796 2328 sumus,
2831 2277 2886 2319 et
2909 2265 3270 2334 possidemus,
3298 2266 3364 2316 ab
3391 2264 3526 2354 ipso‘

255 2368 600 2434 accepimus,
635 2375 691 2419 nt
721 2382 932 2420 rursum
960 2368 1072 2438 ipse
1104 2367 1301 2422 Paulus
1368 2381 1464 2420 nos
1490 2365 1743 2420 erudiens
1765 2366 1878 2418 ait:
1926 2380 1944 2413 ι
1985 2359 2122 2428 Quid
2187 2368 2362 2410 autem
2399 2356 2510 2427 (89)
2563 2358 2726 2410 habes
2759 2357 2900 2425 quod
2954 2371 3056 2410 non
3107 2356 3398 2425 accepisti?
3447 2353 3503 2408 Si

259 2471 456 2515 autem
491 2446 741 2530 accepisti
791 2461 926 2531 (90),
962 2462 1088 2531 quid
1136 2460 1387 2532 gloriaris
1463 2460 1619 2529 quasi
1691 2474 1794 2512 non
1862 2453 2170 2526 acceperis?
2207 2472 2226 2505 ι
2259 2453 2396 2518 Quin
2464 2461 2519 2505 et
2563 2450 2869 2506 Graecorum
2902 2450 3019 2516 ﬁlii,
3058 2450 3343 2516 alumnive,
3384 2451 3506 2505 aliis

257 2572 391 2627 qum
440 2556 524 2609 his
574 2555 844 2609 contraria
894 2562 1018 2607 sunt
1065 2551 1356 2618 neglectis,
1407 2552 1603 2605 similia
1652 2550 1982 2604 edixerunt:

258 2681 474 2733 Πάντα
494 2677 608 2746 μὲν
634 2675 944 2732 ἀθανάτοιο
967 2675 1130 2736 ,Θεοῦ
1163 2673 1583 2746 πανυπέρτατιι
1605 2671 1779 2740 δῶρα,

262 2753 328 2801 Ἐ
333 2743 507 2818 ξοχίί
523 2748 574 2800 δ’
603 2749 674 2800 ἐν
686 2748 1044 2816 μερόπεσσιν
1081 2747 1356 2812 ἀληθείης
1395 2743 1523 2813 μέγ’
1554 2744 1770 2810 ὄνειαρ.

329 2899 402 2951 Εἰ
424 2897 483 2948 δὲ
497 2897 780 2966 τολμηρῶς
803 2897 895 2949 καὶ
915 2899 992 2960 εἰς
1009 2897 1107 2967 τὴν
1131 2897 1512 2966 ἀκατάληπτον
1535 2895 1696 2948 αὑτοῦ
1724 2894 1838 2948 θεό-

1955 2667 2142 2723 Omnia
2169 2665 2375 2736 quidem
2415 2663 2728 2736 immortalis
2769 2661 2860 2736 Dei
2891 2678 3130 2736 suprema
3154 2663 3328 2727 dona;

1952 2734 2224 2793 Prweiaue
2281 2751 2396 2788 vero
2469 2737 2606 2786 inter
2652 2734 2882 2785 [tantum
2926 2734 3152 2872 veritatis
3191 2751 3378 2874 "tam;
3425 2743 3504 2788 est

3040 2813 3282 2868 uttttas(
3380 2844 3396 2860 .

2017 2897 2166 2963 Quod
2194 2896 2236 2950 si
2265 2895 2430 2950 etiam
2479 2895 2542 2946 de
2594 2891 3121 2959 incmnprehensibili
3165 2893 3363 2946 Christi
3397 2894 3508 2947 dei-

260 3007 406 3060 τητα
446 2988 745 3058 ὲκληπτέον
775 2989 867 3052 τὸ,
910 3008 926 3039 ι
955 2989 1303 3058 Πρωτότοκος
1334 2989 1510 3058 πάσης
1545 2987 1791 3048 κτίσεωςν
1817 3005 1834 3037 ³

1947 3000 2052 3044 tate
2082 2992 2336 3042 audacter
2379 2986 2646 3055 explicare
2676 2984 2807 3037 velis
2845 2983 3051 3052 objecta
3081 2987 3262 3048 verba,
3290 2985 3362 3040 ita
3392 2985 3504 3041 fere

263 3079 492 3152 νοηθείη
533 3079 599 3131 ἂν
658 3078 796 3130 οὕτω
841 3095 956 3140 πως
1004 3075 1375 3147 κεκλῆσθαι,ἢ
1418 3077 1492 3139 ὡς
1530 3077 1634 3147 πρὸ
1662 3077 1841 3145 πάσης

264 3169 498 3238 κτιστῆς
532 3168 658 3240 [166
682 3166 733 3239 a]
786 3169 1100 3239 γεννήσεως⁸
1121 3166 1475 3237 γεννηθεὶς,ἢ
1526 3165 1599 3228 ὡς
1632 3167 1844 3236 πρῶτος

267 3262 362 3314 καὶ
396 3262 560 3329 μόνος
597 3259 724 3321 Υἱὸς
753 3259 925 3325 Λόγος
962 3257 1346 3328 παρακομίσας
1379 3256 1472 3309 καὶ
1509 3257 1842 3326 τεκτηνάμε-

270 3371 356 3416 νος
376 3355 439 3404 ἐκ
475 3352 548 3422 μὴ
572 3350 738 3402 ὄντων
759 3351 936 3402 πᾶσαν
966 3349 1378 3421 προηγουμένην
1400 3349 1624 3410 κτίσεως
1646 3347 1840 3416 κτίσιν,

278 3444 365 3494 καὶ
389 3445 563 3504 αἴτιος
588 3443 766 3511 πάσης
793 3441 887 3505 ὣν,
918 3437 1033 3493 εἶτα
1054 3441 1148 3494 καὶ
1172 3440 1246 3504 ὡς
1269 3440 1514 3512 θεμέλιος
1537 3443 1712 3513 φέρων
1749 3443 1844 3496 αὑ-

281 3533 373 3602 τὴν
396 3533 473 3603 τῷ
497 3534 705 3604 ῥήματι
736 3533 834 3603 τῆς
863 3532 1142 3602 δυνάμεως
1178 3532 1365 3600 αὐτοῦ,
1396 3535 1534 3586 κατὰ
1571 3535 1660 3586 τὸν
1706 3535 1842 3604 ψάλ-

283 3624 464 3677 λοντα·
503 3645 520 3676 ι
551 3624 734 3676 Πάντα
763 3626 818 3676 ὲν
854 3625 1012 3695 σοφίᾳ
1046 3625 1338 3696 ἐποίησας·
1365 3645 1383 3676 ι
1419 3626 1514 3678 κα)⁸
1562 3625 1702 3678 κατὰ
1745 3626 1844 3697 τὴν

277 3717 584 3791 Παροιμίαν
628 3716 935 3787 Σολομῶνος
988 3717 1286 3785 λέγουσαν·
1324 3736 1342 3768 ‹
1384 3719 1441 3771 '0
1494 3718 1625 3783 Θεὸς
1675 3722 1731 3771 ὲν
1774 3723 1839 3790 τῇ

278 3813 439 3882 σοφίᾳ
505 3811 832 3880 ὲθεμελίωσε
876 3811 973 3879 τὴν
1018 3811 1143 3879 γῆν,
1172 3809 1466 3880 ἡτοίμασεν
1497 3810 1551 3862 δὲ
1585 3811 1844 3882 οὐρανοὺς

271 3905 325 3956 ἐν
353 3903 641 3972 φρονήσει.
668 3920 686 3952 ι
740 3902 848 3954 Καὶ
882 3900 1012 3952 αὐτὸ
1051 3900 1108 3953 δὲ
1141 3900 1298 3954 τοῦτο
1333 3901 1505 3971 κρίνει
1537 3903 1596 3954 τὸ
1634 3902 1845 3973 προκεί-

274 4012 436 4064 μενον
494 3993 660 4062 μέρος
712 3992 810 4062 τῆς
849 3991 1205 4061 Ἐπιστολῆς,
1257 3991 1412 4061 ἔχον·
1450 4012 1467 4042 ι
1499 3994 1843 4064 Πρωτότοκος

271 4088 456 4153 πάσης
488 4084 740 4146 κτίσεως,
763 4083 843 4135 ὅτι
874 4084 931 4134 ὲν
963 4082 1110 4152 αὑτῷ
1139 4083 1356 4153 ἐκτίσθη
1375 4083 1440 4136 τὰ
1467 4087 1692 4146 πάντων
1729 4085 1840 4148 καὶ,

275 4197 291 4227 ι
324 4178 412 4228 Τὰ
459 4176 637 4228 πάντα
684 4174 751 4226 δι’
783 4173 947 4228 αὐτοῦ
985 4174 1076 4226 καὶ
1097 4175 1174 4236 εἰς
1233 4175 1392 4226 αὑτὸν
1447 4175 1712 4228 ἔκτισται’
1751 4177 1844 4228 καὶ

268 4269 435 4330 αὐτὸς
483 4267 597 4319 ἔστι
650 4265 755 4338 πρὸ
793 4267 1028 4330 πάντων,
1075 4267 1168 4319 καὶ
1221 4265 1289 4319 τὰ
1357 4266 1530 4320 πάντα
1588 4270 1644 4319 ὲν
1694 4268 1841 4338 αὐτῷ

1946 3081 2252 3150 accipienda
2281 3087 2460 3139 erunt,
2497 3087 2551 3129 ut
2579 3087 2797 3129 vocatus
2818 3076 2885 3128 sit
2911 3075 3298 3144 primogenitus
3326 3080 3505 3132 omnis

1943 3180 2204 3222 creatura:
2239 3176 2330 3219 aut
2360 3167 2483 3235 quia
2523 3165 2734 3234 genitus
2767 3176 2851 3216 est
2901 3172 3026 3217 ante
3071 3167 3314 3233 quamvis
3355 3183 3506 3222 crea-

1945 3270 2051 3312 tam
2085 3260 2522 3328 generationem;
2582 3267 2674 3309 aut
2708 3256 2832 3322 quia
2881 3265 2964 3311 est
3009 3259 3213 3324 primus
3257 3268 3310 3310 et
3359 3259 3504 3314 solus

1942 3351 2112 3409 Filius
2149 3348 2403 3417 Verbum,
2437 3354 2527 3422 qui
2570 3369 2635 3407 ex
2676 3348 2842 3407 nihilo
2888 3362 3264 3417 quamcunque
3294 3361 3506 3403 creatu-

1946 3462 2058 3500 ram
2087 3457 2331 3499 creatura
2357 3447 2545 3514 quavis
2569 3446 2896 3499 anteriorem
2940 3441 3212 3514 produxit,
3250 3457 3313 3496 ac
3341 3443 3501 3497 Veluti

1945 3536 2249 3598 fabricavit,
2281 3537 2627 3602 omnimnque
2668 3551 2846 3589 rerum
2887 3545 3049 3590 causa
3071 3541 3184 3594 est;
3223 3533 3500 3585 autetiam

1943 3628 2066 3694 quia
2092 3627 2204 3693 ipse
2221 3635 2302 3679 est
2335 3625 2740 3678 fundamentum
2763 3643 2782 3674 ι
2807 3627 2981 3680 omnia
3010 3632 3228 3695 portans
3254 3622 3362 3688 (92)
3387 3639 3504 3675 ver-

1943 3717 2011 3770 bo
2047 3717 2261 3771 virtutis
2308 3718 2417 3785 (seu
2476 3717 2748 3784 potentiae)
2801 3732 2929 3780 suae,
2983 3737 3002 3769 ι
3065 3717 3216 3786 juxta
3267 3711 3501 3776 Psaliau

1942 3807 2098 3878 351
2132 3809 2218 3876 qui
2252 3811 2327 3862 ait
2361 3827 2374 3862 :
2429 3827 2446 3858 ι
2481 3808 2670 3863 Omnia
2703 3809 2810 3880 (93)
2842 3809 2894 3862 in
2931 3809 3201 3877 Sapientia
3233 3810 3434 3878 fecisti;
3473 3834 3496 3867 ι

1943 3913 1998 3954 et
2021 3901 2171 3968 juxta
2205 3899 2555 3956 Proverbium
2593 3901 2896 3956 Salomonis
2927 3903 3214 3970 inquientis
3247 3921 3261 3958 :
3307 3925 3325 3957 ι
3361 3906 3500 3959 Deus

1943 3992 1995 4046 in
2027 3993 2300 4060 Sapientia
2355 3992 2465 4063 (94)
2513 3994 2756 4047 {undavit
2795 4004 3031 4059 terrant;
3082 3997 3287 4063 paravit
3320 4007 3499 4051 autem

1943 4084 2112 4138 caelos
2138 4086 2186 4137 in
2213 4085 2516 4153 prudentia.
2552 4103 2571 4137 ι
2609 4084 2731 4138 Haec
2754 4085 2866 4153 ipsa
2901 4087 3186 4151 explicatio
3214 4087 3498 4142 conﬁrma-

1945 4185 2032 4229 tur
2058 4177 2219 4230 etiam
2254 4174 2417 4229 allato
2456 4175 2706 4242 Epistola:
2749 4175 3068 4244 fragmento,
3097 4177 3240 4245 quod
3287 4178 3447 4230 habet
3477 4195 3494 4232 :

1951 4285 1969 4318 ι
2008 4266 2404 4333 Primogeuitus
2444 4268 2620 4321 omnis
2668 4280 2948 4333 creatura,
2978 4270 3227 4337 quoniam
3285 4269 3335 4323 in
3379 4269 3498 4339 ipso

271 4360 625 4428 συνέστηκεν.
656 4375 675 4408 ι
736 4357 844 4408 Καὶ
897 4355 984 4410 διὰ
1040 4354 1199 4408 τοῦτο
1257 4356 1352 4408 καὶ
1414 4357 1570 4426 μόνον
1647 4358 1831 4427 φησὶν,

1947 4359 2156 4414 condita
2189 4369 2316 4414 sunt
2367 4360 2545 4413 omnia
2580 4377 2595 4412 :-
2637 4377 2658 4410 ›
2711 4369 2785 4425 et,
2829 4378 2848 4411 ι
2884 4360 3069 4415 Omnia
3105 4375 3200 4430 per
3226 4360 3418 4430 ipsum,
3441 4374 3498 4416 et

273 4613 359 4667 nis
387 4630 408 4662 ι
440 4607 650 4662 titulum
675 4623 722 4660 et
751 4605 1074 4667 tribuerunt,
1101 4602 1153 4656 ni
1187 4600 1362 4656 fallor.
1393 4600 1446 4654 In
1471 4601 1656 4669 paucis
1686 4601 1833 4655 hisce

276 4678 598 4734 numerandi
673 4685 796 4732 sunt
861 4673 1210 4741 Epiphanius,
1277 4680 1436 4738 atque
1483 4671 1830 4724 Athanasius.

275 4751 492 4804 Primus
516 4747 731 4816 quidem
764 4761 888 4799 cum
913 4745 1100 4816 haeresi
1139 4756 1368 4816 Lxxxnt,
1390 4751 1506 4816 tum
1547 4743 1597 4792 in
1628 4743 1835 4816 Ancha-

1940 4607 2167 4676 terpres,
2207 4611 2260 4656 et
2291 4605 2459 4658 codex
2486 4599 2878 4658 Alexandrinus
2898 4603 3080 4657 omisit
3105 4619 3242 4676 (eam
3283 4620 3494 4674 vocem,

1933 4679 1992 4722 ut
2027 4671 2302 4741 Didymus.

2001 4739 2514 4815 (88)‘Sicut.g(‘-r:eca
2540 4743 2701 4815 editio
2727 4744 2966 4815 ι”ῼσπερ
2987 4742 3112 4812 γάρ,
3138 4743 3188 4815 id
3208 4754 3307 4810 est,
3343 4763 3362 4796 ε
3386 4748 3493 4802 sic-

275 4831 393 4873 ratu
427 4810 639 4887 pagil9
683 4818 894 4887 beatam
923 4813 1143 4866 Mariam
1173 4826 1238 4887 eo
1285 4810 1438 4887 titulo
1465 4820 1649 4887 vgcat;
1702 4810 1836 4863 alter
1929 4819 1989 4861 ut
2031 4812 2194 4887 enim.
2252 4830 2270 4863 ι
2317 4811 2506 4887 Vocem
2531 4814 2648 4887 γάρ
2683 4831 2749 4868 ne
2801 4810 3301 4887 Vulg'atus'quidetn
3327 4816 3496 4872 inter-

274 4905 407 4944 vero
428 4877 484 4941 in
499 4877 552 4940 'F
561 4886 855 4958 ragmentis
870 4882 1387 4958 commentariorum
1403 4882 1458 4932 in
1474 4877 1678 4958 _Lucnm
1703 4889 1832 4958 tom.

275 4958 316 5013 ll
351 4974 508 5013 novae
545 4949 890 5011 Coilectionis
913 4967 1034 5020 pag.
1068 4952 1157 5015 45,
1208 4950 1296 5020 ubi
1347 4950 1424 5003 sic
1473 4949 1754 5020 loquitur;
1799 4951 1832 5019 ἡ

275 5024 848 5100 ΚυριοτόκοςΑΜαρία,
878 5019 1514 5100 καὶλέλειΑιριρθένοςζ
1560 5027 1712 5100 estut
1742 5019 1842 5072 Do-

279 5087 547 5166 miuipara
584 5087 770 5166 Maria,
800 5087 853 5148 et
880 5092 1104 5166 Semper
1119 5087 1298 5166 virgo.
1332 5112 1353 5141 ι
1403 5088 1532 5142 Vide
1571 5087 1841 5166 etnlaepo-

278 5158 433 5221 rium.
454 5169 593 5235 apud
620 5165 932 5235 Cassianum
963 5158 1035 5235 lib
1062 5177 1076 5213 ι
1111 5160 1415 5235 Πελίηεαιξη.
1451 5173 1572 5226 pag.
1599 5158 1724 5235 695.

349 5237 460 5306 (85)
488 5227 748 5306 Epistola.
775 5233 975 5306 Gades,
1003 5227 1440 5306 επιστολημαίων
1501 5242 1596 5296 pro
1629 5229 1841 5306 ἐπιστο-

275 5298 546 5379 λιμαίων.’
569 5307 640 5358 lta
669 5315 724 5359 et
753 5303 891 5379 apud
926 5301 1193 5379 [follucem
1239 5299 1331 5379 hii.
1389 5312 1439 5350 vt
1491 5312 1678 5378 segni;
1713 5298 1838 5379 198,

280 5367 368 5431 ulii
406 5379 597 5445 legitur
624 5367 1044 5445 ὲπιστόλιμαῖος,
1080 5367 1315 5445 npnnulli
1370 5381 1498 5421 vero
1544 5368 1837 5445 conjiciunt

279 5436 561 5517 legendum
618 5436 1534 5517 ἀποστολίμαῖος,-1ιιιιεεηιιιιιιιιιιε
1579 5437 1833 5492 tuonelin

280 5511 464 5571 Cuilice
490 5534 589 5570 tus.
616 5517 716 5583 legi
742 5511 1309 5583 ἐπιστολημαῖοςμοιιιιι
1338 5523 1396 5576 η.

352 5587 461 5656 (86)
495 5576 755 5640 Christus.
815 5584 830 5636 Ι
871 5576 1015 5657 (Σιξτῖ
1035 5595 1122 5642 xv,
1151 5576 1338 5657 20:2}.
1381 5647 1393 5657 _
1420 5645 1433 5656 .
1573 5647 1585 5657 _
1608 5646 1639 5657 η

353 5645 461 5728 (87)
494 5659 894 5711 Dormienttum.
923 5651 1134 5728 Graeca"
1164 5647 1333 5728 etli‘tiq
1381 5645 1468 5728 hic
1520 5646 1666 5698 addit
1713 5645 1835 5714 ἐγέ-

283 5713 420 5793 νετο,
445 5713 508 5784 ἰιι
537 5739 619 5783 est
657 5745 676 5778 ι
709 5730 874 5780 lactus
912 5734 1011 5778 est.
1043 5741 1062 5771 ι
1104 5719 1207 5775 Sed
1235 5713 1493 5786 Vulgatus
1518 5730 1727 5784 quoque
1748 5713 1834 5770 itt-

1930 4891 2053 4946 pt‘es
2090 4881 2240 4947 legit;
2276 4884 2436 4934 vertit
2461 4881 2660 4934 enim}
2693 4894 2746 4938 et
2775 4881 2935 4938 sient.
2971 4903 2991 4935 ι

2003 4949 2116 5018 (89)
2151 4948 2292 5014 Quid
2318 4962 2512 5004 autem.
2552 4952 2569 5004 l
2607 4951 2732 5005 Cor.
2773 4968 2846 5015 tv,
2878 4955 2929 5006 7.

2011 5019 2119 5089 (90)
2151 5021 2212 5074 Si
2241 5033 2411 5074 autem
2449 5023 2712 5087 accepisti.
2739 5021 2921 5076 Graeca
2955 5022 3153 5075 editio:
3193 5023 3256 5075 Εἰ
3295 5023 3353 5077 δὲ
3399 5027 3496 5081 καὶ

1937 5087 2142 5151 ἔλαϐες.
2178 5092 2248 5143 At
2281 5091 2520 5162 vocnlam
2559 5092 2651 5143 καί
2686 5092 2866 5146 omisit
2904 5091 3079 5162 etiam
3117 5089 3376 5162 Vulgatus
3416 5100 3496 5150 in-

1940 5168 2256 5228 terpres,_ct
2287 5161 2563 5228 theologus
2593 5172 2778 5215 noster
2810 5175 2978 5228 segm.
3017 5161 3115 5214 177
3147 5179 3198 5215 α.

2009 5229 2121 5296 (91)
2154 5226 2389 5303 Utilitas.
2422 5226 2847 5303 εὑρομένείαρ.
2874 5226 3024 5303 Lego
3074 5231 3277 5303 ὄνειαρ.
3305 5229 3496 5286 Hesio-

1939 5299 2056 5370 dus
2091 5312 2330 5370 _quoque
2361 5301 2413 5353 in
2478 5296 2730 5366 Operibus
2761 5296 2821 5353 ai:
2855 5296 3037 5354 dieb‘us
3076 5296 3288 5356 versfd
3337 5303 3493 5370 dixit,

1941 5368 2059 5438 μέγξ
2079 5366 2287 5438 γὸνειαρ.

2014 5437 2122 5508 (92)
2163 5436 2350 5508 Omnia
2385 5446 2620 5508 portans.
2659 5437 2818 5493 Hebr.
2846 5455 2886 5501 ι,
2914 5439 2968 5494 5.

2013 5507 2122 5578 (95)
2165 5507 2394 5578 Omnia.
2417 5507 2554 5578 l’sal.
2585 5522 2702 5573 cm,
2725 5509 2793 5562 25
2823 5513 2935 5577 (seu
2963 5509 3075 5578 24).

2011 5577 2139 5648 (94)
2162 5577 2303 5648 Deus
2341 5578 2394 5630 in
2429 5577 2718 5648 Sapientia.
2752 5579 2904 5648 Ριόν.
2936 5595 3016 5645 ιιι,
3037 5577 3134 5633 719.
3180 5577 3378 5636 Vocula
3413 5583 3495 5646 ὲν,

1941 5646 2053 5768 :iav:
2080 5647 2202 5768 ἓιῖ
2228 5664 2248 5698 ι
2277 5647 2426 5704 deest
2452 5647 2503 5703 in
2529 5646 2732 5705 Bibliis.
2760 5647 3014 5721 Didymus
3036 5652 3148 5720 ipse
3171 5664 3288 5706 eam
3312 5653 3496 5708 omisit

1941 5730 2059 5786 pag.
2090 5730 2208 5769 ιιι.
