4060 6406
176 348 266 405 837
1253 345 1341 400 DE
1379 344 1753 401 TRINITATE
1792 345 1996 402 LIBER
2034 346 2354 402 TERTIUS.

3304 348 3412 406 858

176 479 225 515 τε
249 458 435 531 ἡμῶν,
466 456 813 528 πρωτότοκός
844 474 903 510 τε
941 456 1276 528 ἀριθμεῖται.
1306 456 1475 519 Αὐτὸς
1508 456 1604 525 μὲν
1634 455 1742 526 γὰρ

1846 472 1911 511 ac
1938 457 2032 511 ﬁlii
2079 456 2197 512 Dei.
2236 456 2406 511 Nemo
2442 455 2584 510 enim
2618 462 2813 510 natura
2852 454 3021 511 frater
3045 465 3129 513 est
3158 458 3253 513 filii
3284 464 3411 516 uni-

175 554 225 617 ἐξ
267 554 497 621 ἀπείρου
552 548 719 619 ὕψους
765 549 953 602 ἑαυτὸν
998 546 1087 600 διὰ
1137 548 1263 610 τοὺς
1313 548 1477 609 ἰδίους
1524 546 1742 609 δούλους

174 642 428 704 κενώσας,
464 640 556 693 καί
588 640 943 702 ἀνακαινίσας
976 639 1175 703 πάντα,
1206 638 1301 691 καὶ
1346 638 1520 709 ἀρχὴν
1558 638 1743 709 κρείτ-

172 749 314 794 ravo;
352 731 467 800 βίου
507 733 572 801 τῇ
628 729 822 783 ἑαυτοῦ
872 730 1137 801 ἐπιδημίᾳ
1177 730 1612 799 παρασχόμενος,
1653 730 1746 781 καὶ

171 823 249 874 διὰ
275 823 439 875 τοῦτο
476 822 821 892 πρωτότοκος
855 822 1098 891 κληθεὶς,
1146 821 1206 873 οὗ
1239 822 1292 874 τί
1333 838 1433 874 που
1469 822 1567 892 τὴν
1596 820 1744 881 θέαν

173 912 491 983 παρεὸλάὸη
522 912 713 978 δόξανο
748 914 870 965 οὐδὲ
911 914 1018 985 γὰρ
1064 911 1494 983 μειονεκτεῖσθαί
1541 930 1678 977 πως,
1708 913 1741 983 ἢ

171 1008 243 1068 εἰς
264 1006 323 1057 τὸ
342 1005 437 1058 τοῦ
471 1008 648 1076 χεῖρον
670 1004 881 1074 ἔχοντος
910 1006 1105 1077 μέτρον
1126 1005 1527 1075 καταφέρεσθαι
1558 1006 1744 1075 ἀνέχε-

170 1115 251 1149 ται
294 1097 579 1167 δυνάμεως
627 1096 843 1163 λέξεων,
896 1098 953 1149 έν
997 1099 1063 1167 τῇ
1120 1098 1464 1167 καταχρήσει
1515 1095 1604 1149 διὰ
1647 1096 1744 1167 τὴν

169 1188 470 1259 ἄφθεγκτον
510 1189 820 1259 οἰκονομίαν
871 1188 1335 1259 έξενηνεγμένωνο
1384 1190 1545 1258 ἡμεῖς
1576 1188 1634 1240 δὲ
1680 1190 1743 1241 ἐκ

168 1282 367 1351 πολλῆς
392 1281 773 1346 ταπεινώσεως
804 1282 898 1335 καὶ
947 1282 1173 1345 σκότους
1203 1283 1282 1344 εἰς
1306 1280 1464 1344 δόξαν
1498 1280 1592 1333 καὶ
1620 1279 1736 1349 φῶς

167 1373 481 1444 ἀνήχθημεν
546 1374 793 1444 ἄπειρον,
841 1372 939 1445 τὴν
986 1376 1067 1436 εἰς
1128 1373 1291 1426 αὑτὸν
1350 1370 1743 1441 εἰσδεδεγμένοι

166 1465 367 1518 πίστιν.
397 1465 666 1517 Ἕκαστον
699 1464 827 1535 γὰρ,
861 1465 989 1535 παρ’
1020 1464 1048 1517 ὃ
1084 1464 1182 1535 τὴν
1232 1464 1394 1533 φύσιν
1438 1463 1609 1528 ἐστὶν,
1657 1463 1743 1516 λέ-

166 1554 298 1619 ξεως
346 1555 577 1627 δγκῳ,ἢ
629 1556 1018 1628 χθαμαλότητι,
1061 1557 1174 1611 οὒτ’
1214 1557 1587 1629 ἀναθρώσκειν
1626 1576 1742 1622 πως

164 1650 257 1701 καὶ
296 1648 629 1720 ἐξαίρεσθαι,
658 1647 779 1701 οὗτε
826 1648 930 1721 μὴν
956 1649 1150 1703 ἑαυτοῦ
1179 1652 1343 1703 οἱονεὶ
1374 1649 1615 1703 κατιέναι
1648 1650 1743 1703 καὶ¹

161 1738 447 1807 ὑφιζάνειν
478 1739 724 1795 δύναται.

1848 550 2013 619 geniti
2047 569 2060 605 :
2113 550 2203 620 qui
2236 564 2367 605 vero
2395 549 2633 603 omnium
2675 549 2941 615 conditor,
2972 558 3027 603 et
3058 552 3410 606 administra-

1848 652 1933 696 tor
1971 652 2075 707 est,
2108 657 2173 697 ac
2206 642 2351 697 solus
2382 641 2711 706 misericors,
2744 641 2789 695 is
2817 650 2871 695 et
2908 641 3080 696 frater
3119 656 3324 709 noster,
3358 652 3411 697 et

1845 734 2236 803 primogenitus
2261 734 2589 786 nominatur.
2634 732 2767 786 Nam
2808 733 2918 803 ipse
2947 734 3164 804 quidem
3197 739 3412 805 quando

1843 841 1907 881 ex
1941 827 2146 881 inﬁnita
2176 826 2457 880 altitudine
2493 840 2612 881 sese
2661 836 2876 895 propter
2924 836 3050 881 suos
3100 843 3285 882 servos
3318 845 3409 882 ex-

1846 917 2087 981 inanivit,
2132 924 2185 970 et
2227 917 2404 969 omnia
2438 919 2743 981 renovavit,
2769 928 2822 970 et
2866 917 3105 972 melioris
3145 918 3270 973 vita:
3305 921 3411 973 ini-

1845 1008 1977 1061 tium
2003 1023 2101 1063 suo
2134 1008 2366 1063 adventu
2404 1009 2559 1062 nobis
2600 1010 2847 1078 praahuit,
2879 1010 3104 1079 ideoque
3142 1012 3412 1079 primoge-

1845 1101 1989 1156 nitus
2044 1109 2267 1154 vocatus
2311 1110 2425 1166 est;
2472 1101 2674 1153 nullum
2728 1104 2905 1170 quoad
2965 1104 3201 1155 divinam
3260 1119 3410 1157 suam

1843 1192 2065 1261 gloriam
2089 1192 2468 1246 detrimentum
2500 1192 2642 1260 cepit
2668 1209 2681 1245 :
2706 1208 2804 1246 nec
2818 1193 2960 1246 enim
2982 1193 3128 1247 illum
3160 1198 3411 1262 quodam-

1845 1286 2004 1338 modo
2081 1285 2420 1349 imminuere,
2496 1294 2588 1338 aut
2645 1285 2713 1337 ad
2770 1283 3090 1338 deteriorem
3149 1287 3412 1339 conditio-a

1844 1391 1966 1431 nem
1998 1376 2302 1445 deprimere
2334 1385 2506 1443 potest
2533 1392 2717 1430 eorum
2747 1376 3128 1431 vocabulorum
3162 1379 3261 1441 vis,
3292 1393 3412 1446 quae

1844 1468 1909 1522 de
1941 1467 2058 1535 ipso
2106 1468 2174 1520 ob
2234 1466 2558 1520 ineffabilem
2609 1467 3034 1521 lncarnationem
3114 1469 3412 1537 improprie

1844 1568 1897 1614 et
1935 1558 2153 1612 abusive
2199 1558 2537 1627 pronuntiata
2574 1567 2718 1611 sunt.
2763 1556 2870 1612 Nos
2917 1574 3043 1613 vero
3093 1575 3157 1614 ex
3217 1575 3413 1628 magna

1844 1649 2144 1717 abjectione
2194 1658 2250 1703 et
2279 1649 2506 1718 caligine
2550 1648 2603 1702 in
2644 1649 2905 1703 inﬁnitam
2938 1650 3163 1718 gloriam
3222 1666 3285 1704 ac
3329 1652 3411 1704 lu—

1845 1756 1964 1796 cem
2016 1739 2188 1794 evecti
2228 1753 2435 1803 sumus,
2470 1754 2590 1793 cum
2642 1738 2797 1792 ﬁdem
2842 1744 3161 1808 recepimus,
3199 1755 3303 1809 qua
3350 1741 3410 1795 in

160 1851 289 1887 eum
324 1836 637 1891 credimus:
675 1836 818 1891 nulla
853 1837 997 1891 enim
1034 1853 1122 1893 res
1148 1847 1325 1909 potest
1354 1843 1735 1898 vocabulorum
1776 1838 2125 1901 sublimitate,
2188 1844 2281 1888 aut
2312 1835 2516 1888 vilitate
2582 1849 2681 1889 nec
2719 1849 2881 1903 supra
2922 1834 2995 1899 id,
3032 1834 3174 1904 quod
3216 1849 3281 1890 ex
3313 1850 3415 1888 na—

159 1936 281 1978 tura
324 1941 422 1978 sua
454 1934 558 1991 est,
593 1926 798 1989 extolli,
830 1942 928 1981 nec
962 1928 1103 1981 infra
1147 1945 1206 1983 se
1236 1930 1408 1998 ipsam
1448 1934 1613 1987 veluti
1651 1933 1992 1991 descendere,
2021 1943 2083 1981 ac
2106 1927 2401 1981 subsidere.

229 2019 308 2071 Οὐ
346 2021 521 2090 μικρὰ
550 2019 606 2071 δὲ
636 2021 1069 2074 συνενδείκνυται
1097 2026 1209 2087 τοῖς
1237 2026 1326 2094 ὑφ’
1360 2027 1517 2097 ήμῶν
1549 2028 1738 2099 διηγη-

1914 2024 2026 2078 Non
2080 2037 2245 2092 pauca
2313 2038 2473 2091 porro
2522 2032 2668 2086 sunt,
2724 2024 2920 2092 quibus
2967 2025 3273 2078 confirmari
3317 2041 3412 2080 va-

155 2113 357 2176 θεῖσιν,
389 2113 527 2165 ἀλλὰ
555 2115 649 2165 καὶ
688 2113 847 2183 μόνον
889 2114 1202 2185 ἐπικουρεῖν
1249 2117 1422 2186 ἰσχύει
1460 2121 1555 2171 κα)⁸
1588 2120 1648 2171 τὸ
1678 2121 1735 2171 ὲν

153 2211 254 2274 πη’
298 2203 502 2275 ψαλμῷ
538 2204 629 2259 τὸν
676 2206 1034 2277 ἀπερινόητον
1068 2206 1198 2259 Θεὸν
1247 2208 1478 2274 ἀξιῶσαι
1528 2212 1736 2262 εἰπεῖν·

159 2314 176 2345 ι
201 2289 393 2365 Εὗρον
433 2295 595 2349 Δαυῖδ
624 2296 714 2349 τὸν
746 2297 927 2350 δοῦλόν
969 2314 1104 2368 μου·
1140 2298 1199 2351 ὲν
1243 2300 1407 2371 ἐλαίῳ
1460 2320 1561 2372 μου
1602 2302 1742 2372 ἁγίῳ

154 2387 357 2459 ἔχρισα
400 2387 584 2442 αὐτόν.
624 2388 735 2440 Καὶ
773 2389 881 2459 γὰρ
914 2389 946 2458 ή
982 2388 1101 2458 χείρ
1150 2406 1252 2459 μου
1298 2391 1742 2463 συναντιλήψεται

156 2479 332 2549 αὐτῷ,
371 2481 400 2530 6
434 2478 673 2549 βραχίων
716 2497 817 2550 μου
858 2479 1175 2550 κατισχύσει
1222 2482 1417 2536 αὐτόν*
1453 2484 1553 2535 οὐκ
1601 2484 1742 2552 ὠφε-

155 2573 314 2643 λήσει
350 2570 545 2643 ὲχθρὸς
584 2574 641 2624 ὲν
678 2571 846 2642 αὐτῷ,
890 2572 985 2626 καὶ
1036 2570 1152 2636 υἱὸς
1195 2573 1424 2645 ἀνομίας
1465 2575 1526 2626 οὐ
1576 2591 1743 2645 προσ-

157 2666 315 2735 θήσει
351 2663 445 2716 τοῦ
484 2664 730 2718 κακῶσαι
763 2666 944 2718 αὐτόν.
994 2666 1104 2719 Kal.
1138 2668 1391 2736 συγκόψω
1426 2668 1533 2720 ἀπὸ
1568 2684 1741 2739 προσ-

157 2756 310 2809 ώπου
358 2756 526 2809 αὐτοῦ
572 2758 695 2820 τοὺς
731 2758 957 2829 ἐχθροὺς
1001 2758 1189 2821 αὐτοῦ,
1235 2758 1358 2829 [167
1389 2757 1439 2829 1)]
1488 2758 1739 2821 καὶτοὺς

161 2849 465 2920 μισοῦντας
512 2850 673 2901 αὐτὸν
719 2848 1093 2919 τροπώσομαι.
1140 2850 1250 2902 Καὶ
1284 2852 1315 2920 ἡ
1352 2848 1581 2919 ἀλήθειά
1637 2867 1741 2919 μου

160 2944 250 2993 καὶ
283 2941 351 2993 το
378 2940 529 3002 ἔλεός
570 2957 669 3009 μου
708 2943 822 3010 μετ’
848 2940 1039 3003 αὑτοῦ,
1069 2942 1163 2994 καὶ
1193 2943 1251 2992 ὲν
1280 2940 1356 3010 τῷ
1384 2940 1605 3011 ὀνόματί
1641 2957 1741 3010 μου

161 3032 514 3101 ὺᾷωθήσεται
561 3033 622 3084 τὸ
666 3032 831 3103 κέρας
878 3032 1062 3085 αὑτοῦ.
1110 3032 1220 3085 Καὶ
1262 3031 1497 3103 θήσομαι
1542 3036 1599 3085 ὲν
1649 3033 1743 3086 θα-

161 3122 341 3195 λάσσῃ
388 3126 548 3194 χεῖρα
571 3123 755 3186 αὑτοῦ,
804 3124 898 3176 καὶ
930 3126 988 3176 ὲν
1022 3125 1286 3194 ποταμοῖς
1318 3123 1499 3189 δεξιὰν
1554 3123 1739 3178 αὐτοῦ.

162 3216 339 3278 Αὐτὸς
380 3215 439 3266 δὲ
477 3215 857 3267 ὲπικαλέσεταί
890 3232 986 3286 με·
1016 3216 1205 3287 Πατήρ
1239 3232 1338 3285 μου
1364 3211 1411 3267 εἶ
1438 3217 1523 3279 σὺ,
1552 3218 1579 3268 6
1612 3216 1742 3278 Θεός

166 3322 290 3373 μου,
325 3304 423 3356 καὶ
469 3303 814 3376 ἀντιλήπτωρ
860 3305 959 3373 τῆς
1002 3307 1274 3374 σωτηρίας
1327 3320 1446 3373 μου.
1489 3304 1598 3356 Καὶ
1631 3302 1742 3371 ἐγὼ

162 3398 513 3467 πρωτότοκον
552 3396 785 3467 θήσομαι
815 3396 975 3449 αὑτὸν
1014 3395 1215 3467 ὑψηλὸν
1255 3395 1405 3465 παρὰ
1446 3398 1557 3457 τοῖς
1589 3395 1741 3465 βασι-

161 3488 319 3541 λεῦσι
350 3490 449 3557 τῆς
480 3487 605 3556 γῆς.
628 3505 645 3537 ι
684 3486 800 3539 Κᾶν
829 3502 888 3537 τε
918 3486 1028 3556 γὰρ
1057 3486 1184 3555 περὶ
1203 3483 1296 3536 τοῦ
1339 3485 1741 3552 συνυφεστῶτος

163 3583 234 3649 τῇ
273 3580 514 3648 πατρικῇ
565 3575 690 3645 δόξῃ
738 3574 1187 3644 ἁπαυγὰσματος,
1237 3574 1331 3626 καὶ
1380 3574 1466 3624 ἐπ’
1499 3573 1741 3642 ἐσχάτων

169 3671 239 3721 ὲκ
277 3671 431 3739 ῥίζης
465 3670 661 3722 Ἰεσσαὶ
689 3667 1039 3737 ἁνθήσαντος,
1077 3666 1177 3719 κᾶν
1208 3681 1267 3716 τε
1300 3667 1427 3735 περ).
1454 3663 1547 3715 τοῦ
1581 3664 1743 3716 Δαυῒδ

169 3760 332 3813 τοῦτο
379 3759 785 3831 διαγορεύεσθαι
828 3758 1069 3827 δοίημεν,
1116 3756 1215 3808 οὐκ
1256 3754 1322 3807 ἂν
1361 3757 1427 3825 τῇ
1472 3755 1571 3824 τῆς
1616 3772 1743 3807 συν-

162 3850 357 3919 ηθείας
402 3848 627 3919 ὑπονοίᾳ
667 3850 695 3899 6
737 3846 1077 3918 πρωτότοκος
1130 3844 1367 3915 νοηθείη.
1400 3843 1522 3907 Πῶς
1568 3844 1741 3914 γὰρῆ

160 3944 252 3993 τὸν
297 3942 402 4011 ήδη
466 3939 591 3991 ὄντα
632 3936 915 4006 ἄνθρωπον
976 3934 1156 4004 (λέγει
1205 3934 1343 4004 γὰρ,
1391 3934 1471 3986 ὃτι
1526 3954 1543 3985 ι
1573 3927 1743 4003 Εὗρον

168 4033 329 4085 Δαυῒδ
359 4034 457 4085 τὸν
478 4031 661 4085 δοῦλόν
697 4030 880 4101 μουι),
908 4027 940 4097 ἢ
975 4028 1067 4078 τὸν
1100 4026 1503 4097 πρεσὸυτέρους
1546 4025 1741 4077 ἑαυτοῦ

167 4126 357 4194 ἔχοντα
416 4122 699 4189 ἀδελφοὺς,
745 4119 1083 4190 πρωτότοκον
1133 4120 1451 4186 ποιήσεται;
1510 4116 1636 4168 Ὀτι
1688 4115 1743 4167 δέ

163 4234 291 4270 ποτε
320 4215 559 4285 σύνηθες
578 4216 643 4283 τῇ
662 4213 849 4283 Γραφῇ
878 4212 1003 4273 τοὺς
1027 4210 1181 4271 ὄντας
1208 4210 1307 4279 ἤδη
1340 4209 1459 4261 καθ’
1490 4207 1741 4278 ὓπαρξιν.

162 4307 413 4375 γίνεσθαί
464 4323 582 4367 πως
628 4303 656 4356 ὃ
704 4305 802 4356 οὐκ
855 4299 997 4373 ἦσαν
1048 4300 1413 4368 ἐξαγγέλλειν,
1467 4298 1676 4361 Παῦλος
1717 4298 1745 4349 6

161 4400 406 4468 Χριστοῦ
443 4398 632 4467 γέμων
660 4396 753 4448 καὶ
786 4395 939 4461 ἁγίου
982 4393 1294 4463 Πνεύματος
1324 4391 1573 4461 ἔμπλεως
1606 4390 1746 4443 οὕτω

162 4507 266 4542 που
316 4490 550 4558 φάσκει·
595 4504 613 4536 ι
643 4485 756 4537 Οὐκ
799 4484 878 4536 ἔτι
924 4478 975 4535 εἷ
1021 4482 1223 4546 δοῦλος,
1272 4481 1405 4535 ἀλλὰ
1448 4482 1580 4543 υἱός.
1608 4500 1626 4531 ι
1673 4482 1746 4533 Τὸ

160 4583 291 4653 γὰρ,
329 4602 347 4630 ι
389 4579 494 4631 οὐκ
524 4577 622 4635 ἔτι,
650 4596 667 4627 ι
704 4579 815 4638 τοῖς
845 4576 944 4644 ήδη
977 4575 1337 4644 ὑφεστηκόσιν
1367 4574 1464 4643 τὴν
1502 4574 1594 4623 ἐπὶ
1619 4572 1746 4624 ἄλλο

157 4692 210 4724 τι
267 4672 365 4725 τοῦ
425 4668 613 4721 λοιποῦ
662 4668 992 4720 κατάστασιν
1062 4664 1333 4734 σημαίνει.
1388 4664 1498 4714 Καὶ
1550 4661 1742 4715 πάλινο

163 4783 182 4814 ι
215 4762 325 4827 υῦς
368 4760 628 4831 προέγνω
670 4757 762 4809 καὶ
796 4754 1099 4827 προώρισεν
1138 4752 1491 4822 συμμόρφους
1530 4754 1628 4821 τῆς
1668 4752 1745 4803 εί-

156 4858 317 4918 κόνος
362 4851 462 4907 τοῧ
492 4851 620 4903 Υἱοῦ
669 4847 849 4909 αὑτοῦ,
886 4850 962 4909 εἰς
1006 4847 1067 4899 τὸ
1098 4842 1237 4899 εἶναι
1267 4845 1426 4898 αὑτὸν
1471 4845 1744 4913 πρωτότο-

156 4967 258 5001 κον
288 4951 348 5001 έν
397 4945 615 5007 πολλοῖς
646 4942 892 5011 ἀδελφοῖς
911 4958 923 4970 ·
954 4960 972 4991 ι
1009 4940 1131 4992 ἀντὶ
1174 4937 1290 5003 τοῦ,
1330 4940 1357 4989 6
1385 4936 1515 4997 Θεὸς
1544 4936 1572 4986 6
1617 4952 1748 5004 προ-

153 5043 326 5108 γνοὺς
377 5035 719 5103 ἀπογόνους,
771 5033 865 5084 καί
914 5031 1090 5084 πάντα
1143 5028 1211 5081 τὰ
1267 5026 1604 5097 παρελθόντα
1658 5027 1751 5079 καὶ

156 5134 414 5191 ἐπιόντα,
445 5128 521 5190 ὡς
556 5124 840 5196 ὑφεστῶτα
862 5123 955 5176 καὶ
989 5120 1230 5192 παρόντα
1266 5118 1427 5189 όρῶν,
1461 5118 1591 5189 παρ’
1616 5111 1659 5185 ᾧ
1691 5119 1748 5170 ἓν

154 5244 208 5278 τι
256 5225 458 5295 μέτρον
486 5220 539 5271 οἱ
576 5217 772 5278 αἰῶνες
803 5214 1039 5275 ἅπαντές
1084 5214 1211 5277 εἰσι,
1243 5212 1339 5264 καὶ
1382 5210 1531 5263 οὐδὲν
1572 5228 1743 5281 μεμε-

156 5317 447 5389 ρισμένον,
477 5313 553 5374 ὼς
588 5309 695 5380 πρὸ
726 5308 952 5379 βραχέος
994 5303 1211 5373 ἐλέχθη,
1244 5303 1460 5374 προῖδεν
1498 5304 1589 5355 καὶ
1625 5305 1745 5355 ἐπι-

148 5406 349 5476 φανῶς
401 5406 666 5474 ὑπέσχετο
704 5400 831 5471 [168
853 5399 931 5470 α],
974 5400 1099 5460 τοὺς
1130 5394 1447 5467 ἀνθρώπους
1500 5396 1745 5467 συμμόρ-

152 5516 301 5568 get);
340 5497 561 5549 ἔσεσθαι
596 5494 689 5547 τοῦ
731 5492 881 5554 δντος
917 5489 1101 5553 ἀϊδίως
1142 5489 1201 5540 ὲν
1234 5489 1412 5557 μορφῇ
1452 5486 1613 5539 αὑτοῦ
1649 5505 1742 5556 μο-

234 5655 317 5721 (2)
364 5648 924 5721 Incomprehensibilis.
955 5646 1158 5708 Codex,
1191 5642 1572 5715 ἀπεριόόητος.
1596 5644 1740 5713 Lego

149 5724 544 5793 ἁπερινόητος.
607 5790 633 5793 _
711 5791 719 5793 _
1290 5790 1295 5793 ι

234 5782 319 5864 (ἐι)
360 5782 563 5848 Inveni.
604 5790 743 5846 Psal.
773 5803 1031 5849 Lxxxvnt,
1063 5801 1090 5838 a
1124 5800 1261 5837 vers.
1289 5784 1358 5835 '20
1400 5782 1463 5835 ad
1511 5782 1602 5836 27.
1638 5782 1736 5834 Lc-

1773 4799 1820 4851 D

1844 2119 1991 2172 leant
2024 2132 2141 2185 qua:
2174 2115 2596 2179 edisseruitan
2648 2117 2740 2170 sed
2792 2118 2917 2169 illud
2968 2116 3050 2168 vel
3102 2133 3197 2186 per
3230 2135 3287 2172 se
3317 2136 3409 2173 so-

1844 2209 1951 2263 lum
1998 2224 2248 2276 magnam
2288 2208 2391 2261 vim
2434 2208 2615 2271 habet,
2654 2210 2794 2277 quod
2830 2210 2880 2261 iu
2933 2222 3170 2261 Lxxxvut
3204 2211 3409 2276 psalmo

1843 2300 1921 2353 sic
1970 2299 2221 2366 loquatur
2249 2298 2808 2365 incomprehensibilis
2839 2298 2915 2367 (2)
2943 2297 3082 2353 Deus
3116 2316 3129 2352 :
3174 2316 3191 2348 ι
3227 2298 3411 2353 Inveni

1844 2388 1919 2459 (5)
1950 2388 2117 2442 David
2149 2403 2360 2441 servum
2406 2403 2607 2451 meum,
2655 2388 2706 2441 in
2737 2390 2855 2441 oleo
2890 2404 3010 2443 meo
3062 2401 3248 2444 sancto
3281 2392 3409 2445 Ulixi

1843 2494 2013 2535 eum:
2057 2478 2255 2532 etenim
2317 2494 2505 2531 manus
2547 2494 2663 2531 mea
2721 2478 2880 2547 353
2933 2480 3278 2533 auxiliabitur
3322 2482 3407 2545 ei;

1842 2570 2122 2625 brachium
2170 2584 2347 2622 meum
2407 2568 2845 2622 roborahiteum.
2876 2568 2990 2622 Non
3023 2570 3265 2638 proficiet
3305 2572 3410 2624 ini-

1845 2663 2017 2715 micus
2052 2662 2105 2714 in
2145 2675 2229 2723 eo,
2266 2669 2319 2714 et
2365 2660 2505 2714 ﬁlius
2546 2660 2844 2728 iniquitatis
2892 2677 2995 2713 non
3031 2672 3262 2729 apponet
3315 2677 3415 2716 no-

1843 2768 1966 2807 cere
1991 2752 2039 2806 ei
2072 2770 2087 2807 :
2124 2751 2187 2805 Et
2207 2751 2485 2805 concidam
2527 2766 2557 2804 a
2589 2750 2725 2805 facie
2773 2752 2887 2821 ejus
2918 2751 3161 2806 inimicos
3190 2753 3326 2820 ejus,
3356 2766 3412 2808 et

1842 2845 2090 2898 odientes
2142 2859 2261 2898 eum
2320 2842 2372 2894 in
2438 2841 2616 2911 fugam
2678 2852 3013 2896 convertam.
3084 2844 3147 2897 Et
3180 2870 3191 2877 λι
3214 2847 3415 2899 veritas

1844 2950 1984 2997 mea,
2017 2943 2070 2987 et
2117 2932 2487 2987 misericordia
2546 2948 2661 2985 mea
2692 2948 2811 2987 cum
2845 2934 2979 3001 ipso,
3022 2944 3075 2989 et
3109 2935 3161 2988 in
3195 2940 3412 2992 nomine

1844 3040 1963 3078 meo
2016 3025 2342 3078 exaltabitur
2376 3041 2543 3079 cornu
2606 3025 2767 3094 ejus:
2806 3027 2869 3079 Et
2922 3042 3114 3095 ponam
3166 3028 3219 3080 in
3274 3029 3411 3081 mari

1845 3132 2062 3170 mnuum
2098 3118 2231 3186 ejus,
2272 3127 2324 3171 et
2362 3118 2414 3171 in
2450 3117 2756 3171 ﬂuminibus
2792 3120 3070 3173 dexteram
3106 3122 3241 3186 ejus.
3286 3118 3406 3187 Ipse

1843 3213 2019 3260 autem
2052 3208 2323 3261 invocabit
2354 3226 2436 3263 tne
2467 3227 2481 3262 :
2510 3210 2837 3263 Patermens
2866 3228 2925 3265 es
2957 3222 3033 3274 tu,
3064 3210 3203 3265 Deus
3236 3228 3406 3275 metis,

1843 3309 1898 3353 et
1941 3312 2217 3367 susceptor
2264 3300 2452 3355 salutis
2511 3317 2660 3355 mem.
2724 3301 2789 3354 Et
2845 3318 2943 3372 ego
2992 3304 3405 3372 primogenitum

1846 3406 2036 3457 ponam
2079 3391 2246 3455 illum,
2286 3392 2553 3445 excelsum
2597 3393 2735 3459 apud
2769 3408 2925 3460 reges
2970 3404 3146 3447 terras.
3184 3414 3204 3445 ι
3270 3394 3403 3448 Nam

1769 3460 1810 3518 (ἶ
1844 3482 1957 3534 sive
1999 3482 2063 3535 de
2090 3496 2174 3545 eo,
2204 3482 2294 3548 qui
2332 3482 2586 3549 splendor
2633 3492 2715 3535 est
2759 3489 3090 3537 coexsisteus
3133 3500 3253 3538 cum
3304 3484 3410 3537 Pa-

1847 3582 1998 3625 terna
2033 3572 2222 3639 gloria,
2257 3575 2453 3641 quique
2501 3574 2811 3627 novissimis
2847 3577 3176 3643 temporibus
3206 3591 3273 3630 ex
3324 3593 3414 3629 ra-

1845 3664 1961 3717 dice
2019 3662 2171 3716 Jcsse
2212 3662 2461 3727 efﬂoruit,
2520 3666 2633 3717 sive
2685 3666 2749 3719 de
2804 3665 3006 3719 Davide
3061 3667 3162 3720 hoc
3208 3666 3407 3721 dictum

1844 3770 1963 3809 esse
1992 3756 2371 3821 concedamus,
2418 3755 2681 3824 suspicari
2742 3771 2899 3809 nemo
2956 3765 3151 3825 potest,
3208 3775 3407 3813 nomen

1848 3848 2189 3917 primogeniti
2249 3847 2618 3917 accipiendum
2655 3847 2744 3900 hic
2788 3862 2907 3901 esse
2938 3849 3004 3902 de
3042 3864 3126 3915 eo,
3166 3851 3256 3919 qui
3316 3866 3415 3914 per

1845 3939 2043 3991 coitum
2079 3938 2251 4006 primo
2280 3940 2350 3993 sit
2377 3940 2608 4006 genitus.
2657 3936 2791 3991 Nam
2822 3941 3090 4009 quomodo
3122 3952 3216 3994 aut
3260 3957 3407 4000 enin,

1846 4032 1936 4102 qui
1964 4031 2075 4100 jam
2124 4042 2240 4083 erat
2276 4030 2435 4084 homo
2466 4031 2564 4099 (ait
2591 4031 2731 4083 enim
2783 4029 2924 4084 Deus
2960 4048 2974 4084 :
3014 4049 3032 4083 ι
3068 4032 3246 4085 Inveni
3310 4032 3411 4085 Du-

1846 4124 1934 4177 vid
1990 4138 2204 4177 servum
2270 4121 2532 4192 menum)
2581 4133 2673 4176 aut
2724 4123 2893 4186 illum,
2931 4124 3023 4194 qui
3062 4127 3305 4180 seniores
3354 4143 3415 4179 se

1847 4216 1963 4284 ipso
2027 4215 2222 4267 fratres
2276 4214 2526 4278 habebat,
2580 4215 2995 4283 primogenitum
3049 4216 3248 4269 laceret
3300 4218 3412 4285 ipse

1848 4302 2027 4357 Deus?
2084 4302 2235 4365 Quod
2302 4313 2480 4355 autem
2539 4303 2718 4358 dicere
2784 4306 3074 4373 aliquando
3132 4306 3411 4373 Scriptura

1849 4394 2212 4457 consueverit,
2248 4408 2339 4447 eos
2384 4393 2471 4460 qui
2510 4392 2623 4461 jam
2673 4401 2798 4445 sunt
2826 4395 3117 4446 secundum
3149 4399 3414 4447 exsisten-

1851 4485 1999 4546 tiam,
2057 4482 2174 4535 ﬁeri
2218 4484 2611 4551 quodammodo
2663 4484 2804 4550 quod
2838 4498 2944 4536 non
2999 4495 3174 4549 erant,
3216 4485 3414 4539 Paulus

1848 4576 2064 4628 Christo
2104 4576 2312 4643 plenus,
2340 4584 2393 4626 et
2433 4574 2633 4641 Spiritu
2670 4585 2856 4627 sancto
2892 4574 3125 4642 repletus
3179 4575 3258 4627 sic
3310 4576 3420 4629 ali-

1850 4664 1971 4718 cubi
2011 4675 2280 4717 testatur:
2339 4681 2357 4713 ι
2398 4662 2511 4716 Νοιι
2567 4662 2793 4732 amplius
2850 4663 2925 4735 (4)
2955 4679 3014 4717 es
3069 4679 3277 4727 servus,
3318 4667 3413 4719 sed

1854 4756 2013 4809 ﬁlius.
2055 4774 2073 4807 ι
2122 4754 2254 4807 Nam
2312 4754 2463 4817 illud,
2506 4772 2524 4804 ι
2567 4770 2672 4807 non
2722 4756 2969 4822 amplius,
3020 4774 3038 4805 ι
3074 4771 3282 4821 eorum,
3322 4758 3413 4826 qui

1847 4840 1957 4906 jam
1988 4840 2375 4904 subsistebant,
2403 4839 2560 4891 aliam
2600 4840 2883 4908 quamdam
2913 4840 3027 4892 fore
3059 4840 3109 4893 in
3138 4852 3419 4909 posterum

1848 4932 2252 4995 conditionem,
2308 4945 2371 4983 ac
2427 4939 2625 4983 statum
2687 4930 2987 4997 significat;
3050 4941 3104 4984 et
3157 4948 3342 4985 rursus
3398 4952 3411 4987 :

1853 5026 2026 5091 «Quos
2049 5022 2429 5092 praescivit(5),
2449 5033 2501 5075 et
2523 5022 2921 5091 praedestinain
2948 5022 3252 5077 conformes
3281 5026 3417 5078 ima-

1849 5119 1991 5185 ginis
2018 5116 2141 5170 Filii
2176 5117 2286 5178 sui,
2319 5126 2373 5167 ut
2404 5115 2474 5168 sit
2524 5116 2635 5181 ipse
2691 5115 3079 5183 primogenilus
3126 5115 3180 5168 in
3232 5120 3421 5171 multis

1850 5207 2109 5262 fratribus
2138 5226 2149 5260 :
2184 5206 2294 5261 Hoc
2320 5213 2401 5260 est
2433 5222 2447 5257 :
2483 5223 2502 5256 ι
2537 5203 2695 5270 Deus,
2725 5206 2813 5273 qui
2850 5217 3093 5273 nepotes,
3137 5222 3201 5261 ac
3234 5218 3419 5277 poste-

1852 5316 1942 5355 ros
1996 5300 2379 5369 prmcognovit,
2442 5299 2639 5366 quique
2695 5299 2874 5353 omnia
2937 5314 3057 5353 cum
3118 5302 3419 5369 prwterita,

1852 5396 1981 5446 tum
2008 5392 2183 5445 futura
2220 5400 2277 5444 ut
2320 5390 2430 5460 jam
2482 5390 2852 5455 subsistentia,
2894 5401 2949 5446 et
2998 5394 3279 5461 praisentia
3333 5394 3419 5445 in-

1852 5493 2051 5551 tuetur,
2086 5492 2141 5538 et
2186 5483 2325 5552 apud
2354 5497 2511 5551 quem
2553 5498 2655 5536 una
2692 5485 2932 5553 quaedam
2986 5500 3241 5541 mensura
3290 5494 3422 5539 sunt

1849 5643 2086 5697 ctionnm
2118 5641 2410 5694 varietates
2439 5640 2636 5694 nullius
2665 5642 2917 5695 momenti
2948 5651 3094 5697 sunt.

1919 5713 1995 5781 (4)
2042 5711 2163 5764 Non
2202 5712 2427 5778 amplius
2458 5728 2529 5765 es.
2565 5712 2680 5765 Gal.
2707 5729 2776 5773 tv,
2806 5715 2855 5765 7.

1919 5782 1995 5851 (ὅ)
2039 5783 2180 5846 Quos
2208 5784 2484 5851 prwscwit.
2511 5782 2668 5836 Rom.
2696 5798 2807 5844 vut,
2835 5784 2923 5835 ﬁt).
