4060 6406
253 338 357 397 ειι

1320 338 1408 394 DE
1444 338 1820 397 TRINITATE
1857 338 2059 395 LIBER
2099 341 2413 400 TERTIUS.

3390 342 3494 400 81‘!

252 456 345 508 τὸν
366 452 563 525 ἀρχὴν,
590 454 666 517 ὡς
697 454 866 509 αἴτιον
902 454 998 509 κα)⁵
1024 456 1365 526 Δημιουργόν
1383 473 1399 486 ο
1425 455 1487 510 τὸ
1517 456 1574 510 δέ
1594 473 1658 525 γε
1677 454 1827 519 τέλος

1932 458 2135 523 perium
2196 459 2348 511 ducis
2406 460 2459 511 in
2525 457 2682 512 bello.
2735 456 2943 511 Dicitur
2995 454 3158 509 etiam
3217 454 3384 509 relate
3429 458 3496 509 ad

252 546 318 599 τὸ
344 550 426 610 είς
448 546 631 609 αὑτὸν,
663 546 740 610 ὡς
759 546 1136 618 ἁπρίγραφον
1160 548 1255 601 καὶ
1287 547 1447 617 μόνον
1477 548 1670 618 ἔχοντα
1694 549 1828 602 ἀθα-

253 637 472 697 νασίαν,
508 637 722 691 πάντων
754 637 821 690 τὰ
857 638 1066 709 πέρατα
1101 638 1527 711 συνερείδεσθαι,
1563 639 1655 694 καὶ
1690 638 1830 710 μετὰ

252 727 354 797 τὴν
385 727 540 780 τοῦδε
564 728 656 780 τοῦ
688 728 885 791 παντὸς
910 729 1221 800 πληρότητα
1251 731 1330 793 είς
1356 730 1443 783 ἀεὶ⁸
1471 730 1565 784 καὶ
1585 731 1830 803 ἀπείρως

250 816 532 887 διαμένειν
572 818 754 873 αὑτόν.
792 818 999 872 Οὑκοῦν
1032 822 1061 873 6
1091 821 1318 891 ἄπειρος
1360 820 1571 889 γένεσιν
1600 820 1739 891 ἔχειν
1767 821 1827 874 οὑ

251 904 506 959 δύναταιο
564 906 639 978 μὴ
703 908 995 977 δυνάμενος
1055 908 1132 973 δὲ,
1188 910 1350 973 αὐτὸς
1414 910 1513 980 μὲν
1569 911 1831 981 ἀγένητος

252 1002 392 1064 ἐστι,
434 1000 608 1054 καίτοι
657 1002 910 1073 γεννητὸς
956 1003 1033 1055 ὢν
1080 1004 1144 1056 ὲκ
1191 1003 1293 1073 τῆς
1332 1004 1683 1067 ὑποστάσεως
1731 1005 1826 1058 τοῦ

251 1089 390 1142 Θεοῦ
429 1090 636 1161 Πατρὸς
664 1092 935 1160 φυσικώςο
973 1092 1042 1146 τὰ
1075 1092 1131 1145 δὲ
1176 1094 1378 1163 γενητὰ
1409 1093 1729 1163 γεγένηνται
1772 1094 1831 1157 ἐξ

250 1183 421 1236 αὑτοῦ
468 1184 888 1255 δημιουργικῶς.
926 1183 1147 1246 Τούτοις
1185 1183 1467 1253 ἑπομένως
1505 1182 1723 1251 νοηθείη
1763 1182 1829 1236 ἂν

252 1279 350 1332 καὶ
387 1278 527 1346 ὅπερ
567 1275 777 1338 Παῦλος
823 1273 1224 1328 Κολοσσαεῦσιν
1259 1272 1537 1345 ἐξήγγειλε
1560 1277 1709 1330 τόνδε
1741 1277 1831 1329 τὸν

252 1371 455 1439 τρόπον
476 1384 488 1397 ·
525 1388 544 1420 ι
560 1366 666 1421 Kal.
689 1366 849 1429 αὑτός
877 1367 990 1419 ἐστι
1012 1364 1118 1436 πρὸ
1147 1364 1363 1419 πάντων
1383 1381 1432 1417 ο»
1456 1365 1552 1436 οὑχ
1579 1366 1653 1429 ώς
1678 1383 1832 1437 ποιη-

252 1463 347 1525 τὸς
388 1460 489 1533 (μὴ
524 1460 731 1529 γένοιτο
753 1463 764 1513 !
786 1458 827 1529 ),
859 1459 974 1512 ἀλλ’
1000 1459 1073 1522 ώς
1102 1458 1375 1530 γεννητός.
1410 1460 1475 1511 El
1516 1460 1590 1529 μὴ
1621 1460 1732 1529 γὰρ
1762 1454 1831 1529 ἦν

252 1554 508 1623 ἀνάρχως
541 1551 700 1613 αὑτὸς
740 1549 845 1621 πρὸ
875 1549 1091 1602 πάντων
1128 1549 1407 1620 γεννηθεὶς
1437 1549 1705 1619 ἀληθινῶς
1738 1549 1832 1602 καὶ

251 1642 577 1713 ὀμοουσίως,
611 1640 710 1694 οὑκ
743 1639 810 1692 ἂν
857 1638 976 1691 κατ’
1006 1638 1188 1691 είκόνα
1228 1639 1387 1708 ἡμεῖς
1427 1637 1587 1691 αὑτοῦ
1636 1636 1832 1709 όμοοὺ-

1931 546 2128 614 locum,
2181 558 2259 611 ut,
2306 548 2450 621 ἀρχή
2508 550 2587 618 (id
2654 560 2737 603 est
2782 547 3013 618 initium)
3056 561 3246 601 cursus
3291 546 3345 601 in
3391 557 3498 601 sta-

1928 640 2020 695 dio
2067 651 2151 695 est
2217 642 2565 713 repagulum,
2622 656 2721 697 seu
2791 656 2998 695 carcer.
3070 638 3231 710 355
3284 638 3496 694 Dicitur

1928 741 1982 787 et
2034 732 2200 787 relate
2238 732 2304 787 ad
2354 742 2582 803 tempus,
2630 740 2721 798 ιιι,
2755 731 2896 805 ἀρχή
2945 732 3091 804 (hoc
3119 741 3205 785 est
3245 730 3497 797 initium)

1929 824 2055 877 anui
2088 834 2171 879 est
2201 824 2316 879 lucc
2352 824 2489 880 dies.
2531 825 2736 880 Dicitur
2784 826 2948 879 relate
2987 824 3052 878 ad
3103 834 3374 887 naturam,
3416 833 3494 883 ut,

1928 916 2073 987 ἀρχή
2115 915 2249 985 (εειι
2307 916 2668 985 principium)
2712 915 2931 971 infantis
2970 926 3049 969 est
3095 930 3300 970 semen.
3347 914 3497 969 Dici-

1931 1014 2018 1061 tur
2076 1006 2370 1061 secundum
2432 1022 2669 1071 causam,
2716 1016 2805 1068 ut,
2857 1008 2997 1077 ἀρχή
3058 1007 3213 1079 (sive
3266 1008 3495 1077 auctor)

1930 1107 2120 1153 statuae
2200 1108 2285 1154 est
2345 1100 2656 1154 statuarius.
2736 1098 2827 1153 Sic
2909 1114 3036 1169 ergo
3095 1100 3286 1153 Filiqu
3365 1100 3498 1153 dici-

1932 1204 2051 1245 mus
2112 1203 2231 1245 esse
2301 1191 2660 1258 principium,
2713 1200 2771 1243 ιιι
2812 1204 3070 1254 causam,
3125 1200 3177 1244 et
3252 1191 3496 1244 condito.

1934 1296 2084 1336 rem:
2129 1295 2251 1336 eum
2296 1295 2424 1336 vero
2468 1280 2723 1351 appellari
2766 1283 2930 1336 etiam
2976 1281 3173 1346 (luem,
3217 1293 3327 1336 tum
3370 1283 3494 1351 quia

1933 1372 1985 1425 in
2032 1372 2184 1441 ipso,
2231 1386 2354 1426 cum
2396 1372 2893 1441 incircumscriptus
2937 1374 3045 1437 sit,
3097 1389 3160 1428 ac
3205 1375 3353 1428 solus
3399 1374 3496 1427 ha-

1932 1459 2066 1516 bens
2114 1459 2570 1515 immortalitatem
2598 1500 2613 1526 ,
2662 1461 2900 1515 omnium
2946 1462 3104 1517 simul
3158 1478 3336 1517 rerum
3384 1473 3494 1519 ter-

1932 1549 2065 1603 mini
2106 1550 2408 1604 innituntur
2464 1565 2525 1604 ac
2568 1551 2888 1618 ﬁrmantur;
2932 1560 3044 1607 tum
3083 1554 3209 1622 quia
3247 1564 3366 1623 post
3396 1556 3495 1608 hu-

1928 1635 2016 1706 jus
2037 1637 2273 1691 universi
2303 1639 2460 1693 linem
2492 1637 2606 1709 (l6)
2633 1653 2864 1709 semper,
2888 1648 2944 1696 et
2976 1640 3029 1695 in
3067 1641 3337 1697 inﬁnitum
3372 1657 3496 1713 per-

253 1751 362 1787 σιοι
420 1732 514 1786 τοῦ
571 1732 719 1802 ἡμᾶς
769 1732 1018 1793 τεκόντος
1060 1730 1429 1800 ἐγενήθημεν
1488 1729 1586 1783 καὶ
1646 1731 1694 1783 εί
1751 1729 1827 1801 μὴ

1934 1728 2189 1783 manebit.
2242 1728 2342 1795 Qui
2394 1742 2523 1799 ergo
2572 1731 2697 1785 linis
2741 1745 2937 1802 expers
2985 1741 3109 1797 est,
3162 1734 3495 1789 exsistentia:

253 1825 431 1897 προῆν
468 1795 917 1894 ἀδημιουργήτως
946 1826 974 1876 6
1005 1795 1230 1893 ποιητὴς
1258 1795 1354 1874 καὶ
1382 1820 1701 1893 προνοητὴς.
1726 1795 1829 1876 οὑκ

1934 1817 2145 1872 initium
2184 1817 2298 1888 (li)
2342 1795 2543 1880 habere
2584 1834 2690 1874 non
2732 1795 2926 1891 potest.
2967 1795 3120 1887 Quod
3162 1824 3205 1877 si
3251 1824 3352 1877 hoc
3396 1824 3494 1877 ha-

253 1914 322 1967 ἂν
388 1913 534 1983 ὑπῆν
575 1912 981 1983 δημιουργικῶς
1041 1911 1111 1967 τὰ
1157 1910 1356 1983 ποιητά
1413 1910 1509 1964 καὶΙ
1566 1910 1827 1983 προνωὺ-

1932 1909 2063 1966 bere
2096 1910 2309 1979 nequit,
2356 1910 2471 1980 ipse
2511 1910 2725 1978 quidem
2769 1920 2852 1967 est
2894 1912 3196 1980 increatus,
3246 1916 3495 1984 quamvis

257 2022 420 2075 μενα.
1930 2015 1995 2056 ex
2029 2015 2255 2070 persona
2288 1999 2383 2055 Dei
2414 1999 2593 2055 Patris
2624 2002 2941 2058 naturaliter
2968 2004 3183 2072 genitus
3228 2005 3337 2059 sit:
3369 2020 3492 2074 quae

259 2108 390 2149 vero
455 2093 591 2149 facta
650 2103 814 2159 sunt,
860 2094 927 2148 ab
983 2096 1099 2165 ipso
1155 2109 1252 2165 per
1297 2103 1625 2150 creationem
1678 2104 1821 2149 tacta
1898 2103 2045 2150 sunt.
2103 2092 2279 2148 Simili
2340 2094 2497 2149 modo
2556 2094 2956 2165 intelligendum
3020 2110 3103 2151 εει
3142 2096 3305 2152 etiam
3353 2099 3493 2167 quod

254 2190 326 2245 ita
357 2189 556 2245 Paulus
581 2189 989 2245 Colossensibus
1021 2189 1360 2244 annuntiavit
1388 2207 1442 2244 ει
1469 2190 1533 2243 Et
1562 2190 1677 2259 ipse
1740 2188 1853 2259 (18)
1891 2199 1976 2244 εει
2014 2196 2142 2242 ante
2179 2187 2402 2243 omnia:
2438 2206 2456 2239 ι
2502 2204 2605 2242 non
2650 2197 2711 2242 ut
2753 2176 2924 2244 factus
2964 2188 3247 2260 (absitl),
3296 2190 3391 2247 sed
3436 2203 3493 2247 ut

247 2282 487 2354 genitus.
541 2279 675 2334 Nam
732 2281 834 2335 nisi
880 2288 1025 2335 esset
1069 2280 1181 2349 ipse
1228 2279 1297 2333 ab
1348 2288 1552 2333 azterno
1617 2289 1743 2333 ante
1805 2278 1987 2333 omnia
2032 2292 2160 2332 vere
2212 2286 2269 2332 et
2340 2278 2870 2335 consubstantialiter
2954 2280 3206 2348 genitus,
3254 2296 3359 2336 non
3403 2296 3494 2336 es-

242 2391 440 2432 semus
510 2391 643 2439 nos,
716 2374 887 2429 instar
953 2375 1097 2429 illius
1148 2374 1300 2443 (l9),
1339 2384 1526 2430 nostro
1606 2372 2101 2431 consubstantiales
2164 2374 2437 2445 genitori;
2502 2388 2568 2428 ac
2636 2374 2738 2429 nisi
2796 2375 3033 2430 inrreate
3092 2377 3496 2445 praeexstitisset

241 2485 470 2530 creator
516 2482 573 2529 et
611 2472 881 2535 provisor,
914 2485 1001 2525 res
1031 2479 1227 2525 creatae
1257 2484 1320 2526 ac
1361 2470 1591 2540 provisae
1638 2486 1742 2525 non
1781 2470 2246 2534 subexsisterent,
2297 2479 2356 2523 ut
2397 2469 2477 2525 sic
2518 2469 2726 2538 loquar,
2771 2483 2867 2538 per
2908 2470 3256 2526 creationem.

779 2561 908 2635 [μιν
941 2562 997 2635 a]
1026 2561 1174 2615 κεφ.
1213 2563 1303 2629 q'.

316 2658 596 2727 Τέταρτον
633 2654 1005 2728 προτείνουσιν
1030 2654 1136 2706 ὑπὸ
1161 2652 1465 2707 ἀκολάστου
1489 2650 1742 2722 γλώσσης
1768 2652 1830 2707 τὸ

242 2750 405 2818 παρὰ
440 2747 631 2817 Πέτρῳ
656 2746 713 2799 ὲν
731 2748 850 2808 ταῖς
873 2744 1141 2815 Πράξεσιν
1159 2744 1447 2815 εἰρημένον
1466 2760 1480 2775 ο
1509 2762 1530 2796 ι
1564 2742 1832 2796 Γινωσκέ-

242 2856 328 2894 τω
361 2840 473 2901 πᾶς
502 2833 651 2901 οἶκος
698 2835 932 2908 Ἰσραὴλ,
989 2836 1072 2889 ὅτι
1119 2836 1215 2889 καὶ
1273 2833 1476 2907 Κύριον
1526 2833 1688 2888 αὑτὸν
1740 2833 1833 2886 καὶ

244 2930 490 3003 Κριστὸν
539 2930 569 2982 6
621 2928 751 2992 Θεὸς
796 2926 1070 2998 ἐποίησεν,
1124 2924 1310 2979 τοῦτον
1359 2926 1450 2979 τὸν
1506 2924 1726 2995 Ἰησοῦν.
1767 2924 1827 2977 ὃν

245 3024 411 3093 ὑμεῖς
440 3019 837 3088 ἐσταυρώσατε.
870 3037 889 3070 ι
924 3019 1034 3071 Kal.
1061 3017 1215 3072 τοῦτο
1240 3017 1296 3070 δὲ
1323 3017 1383 3070 οὑ
1406 3016 1652 3087 περὶτῆς
1676 3014 1826 3079 Θείας

246 3115 345 3168 καὶ
373 3112 764 3183 ἁκαταλήπτου
800 3110 1107 3182 γέγραπται
1132 3109 1318 3172 οὐσίας
1350 3108 1440 3161 τοῦ
1472 3109 1530 3161 έν
1557 3108 1699 3180 ἀρχῇ
1743 3107 1829 3158 ὃν.

246 3225 341 3271 τος
383 3204 523 3259 Θεοῦ
568 3204 762 3273 Λόγου,
813 3201 906 3255 καὶ
939 3199 1073 3269 πρὸς
1114 3199 1206 3253 τὸν
1242 3198 1373 3253 Θεὸν
1396 3198 1568 3262 ὄντος,
1607 3197 1701 3250 καὶ
1732 3198 1830 3269 οὐχ

248 3294 548 3367 ἁρπαγμὸν
586 3291 935 3363 ἡγησαμένου
965 3290 1028 3343 τὸ
1056 3284 1194 3343 εἶναι
1236 3289 1330 3343 (σα
1358 3287 1497 3357 Θεῷ,
1535 3287 1672 3342 ἀλλὰ
1700 3279 1831 3359 περὶ

250 3388 343 3442 τοῦ
367 3392 435 3441 ὲκ
459 3385 676 3456 Μαρίας
695 3384 1016 3455 συμμόρφου
1034 3382 1135 3453 τῆς
1153 3379 1529 3441 ταπεινώσεως
1550 3379 1725 3450 ημῶν.
1764 3378 1830 3431 Ἦ

254 3482 360 3552 γὰρ
431 3480 623 3550 μνήμη
685 3476 780 3529 τοῦ
845 3473 1075 3548 σταυροῦ
1145 3473 1241 3527 καὶ
1301 3472 1362 3525 τὸ
1425 3471 1694 3541 συνῆφθαι
1749 3468 1829 3541 τῷ

267 3588 287 3621 ι
326 3571 585 3640 ἐποίησεν
622 3588 641 3620 ι
681 3567 763 3632 τὸ,
802 3585 820 3618 ι
860 3568 957 3620 Ὃν
980 3567 1137 3636 ὑμεῖς
1181 3562 1581 3635 ἐσταυρώσατε,
1615 3581 1632 3614 ι
1668 3562 1831 3617 αὑτὸν

264 3659 544 3729 ἐδήλωσεν,
574 3646 636 3711 οὗ
672 3654 934 3725 πολλαχοῦ
974 3653 1307 3725 μέμνηταιή
1345 3651 1557 3722 Γραφή.
1605 3650 1714 3703 Kal.
1756 3649 1833 3714 ώς

260 3750 386 3803 ὅταν
436 3751 495 3803 ὲν
537 3751 657 3810 ταῖς
694 3744 932 3819 Πράξεσι
982 3744 1117 3816 λέγῃ
1153 3746 1181 3797 6
1215 3743 1374 3806 αὑτὸς
1408 3741 1611 3811 Πέτρος
1634 3758 1645 3770 ·
1692 3758 1713 3792 ι
1772 3740 1831 3793 '0

252 3843 386 3906 Θεὸς
425 3840 696 3913 Ἀϐραὰμ,
744 3839 838 3892 καὶ
884 3839 912 3890 6
957 3835 1088 3900 Θεὸς
1130 3835 1336 3896 Ἰσαὰκ,
1372 3833 1467 3887 καὶ
1508 3833 1537 3885 6
1564 3830 1696 3895 Θεὸς
1726 3832 1832 3884 Ἰα-

251 3934 391 3999 γὼῦ,
421 3934 452 3985 6
483 3932 615 3993 Θεὸς
638 3932 745 3985 τῶν
772 3927 1026 3998 πατέρων
1060 3925 1214 3997 ἡμῶν
1259 3924 1477 3989 ὲδόξασε
1519 3922 1611 3976 τὸν
1663 3920 1829 3978 παῖδα

247 4022 421 4077 αὑτοῦ
460 4020 685 4090 Ἰησοῦν,
724 4017 782 4070 ὃν
814 4017 973 4086 ὑμεῖς
1014 4015 1113 4085 μὲν
1144 4011 1501 4083 παρεδώκατε
1537 4011 1630 4064 καὶ
1663 4009 1832 4079 ἠρνή-

247 4115 419 4169 σασθε
475 4110 617 4165 κατὰ
664 4108 952 4180 πρόσωπον
990 4106 1244 4168 Πιλάτου,
1305 4104 1585 4174 κρίναντος
1624 4100 1829 4153 ἐκείνου

246 4204 513 4259 ἀπολύειν
532 4220 545 4231 ·
576 4202 730 4271 ὑμεῖς
756 4199 812 4251 δὲ
840 4198 929 4251 τὸν
958 4197 1111 4266 ἅγιον
1135 4196 1228 4249 καὶ
1258 4195 1463 4248 δίκαιον
1485 4190 1791 4264 ἠρνήσασθε
1810 4206 1827 4224 ο

245 4300 343 4351 καὶ
389 4296 631 4366 ᾐτήσατε
677 4290 843 4361 ἄνδρα
888 4289 1054 4356 φονέα
1085 4286 1407 4358 χαρισθῆναι
1448 4285 1594 4356 ὑμῖν,
1640 4283 1732 4336 τὸν
1772 4282 1830 4335 δὲ

2564 2560 2718 2616 CAP.
2760 2558 2847 2616 Vl.

1996 2653 2202 2722 Quarto
2234 2652 2351 2707 loco
2380 2651 2433 2707 in
2470 2652 2704 2707 medium
2734 2651 2962 2707 atterunt
2984 2690 2999 2716 ,
3030 2661 3215 2724 utpote
3244 2644 3493 2725 proterva

1930 2744 2109 2816 lingua
2149 2745 2355 2814 praditi
2392 2783 2408 2808 ,
2434 2744 2577 2813 quod
2606 2758 2637 2799 a
2676 2742 2836 2798 Petro
2870 2742 2920 2797 in
2954 2744 3103 2799 Actis
3134 2744 3335 2799 dictum
3368 2755 3490 2800 est:

1936 2852 1955 2885 ι
1985 2834 2287 2904 Cognoscat
2335 2832 2448 2905 (20)
2499 2834 2681 2889 omnis
2732 2833 2926 2887 domus
2977 2829 3184 2898 Israel,
3234 2834 3378 2904 quod
3430 2844 3489 2888 et

1937 2926 2216 2980 Dominum
2248 2924 2363 2995 (21)
2392 2940 2515 2980 eum
2537 2963 2553 2990 ,
2580 2934 2634 2980 et
2666 2923 2940 2981 Christum
2978 2923 3118 2979 Deus
3152 2925 3279 2980 fecit
3299 2965 3316 2991 ,
3348 2924 3496 2983 hunc

1930 3017 2150 3082 Jcsum,
2195 3032 2359 3087 quem
2403 3033 2499 3073 vos
2546 3017 2917 3074 cruciﬁxistis.
2950 3036 2969 3071 ι
3000 3020 3069 3073 At
3114 3032 3182 3073 ne
3224 3020 3327 3075 hoc
3370 3020 3494 3089 qui-

1932 3110 2051 3163 dem
2100 3107 2381 3178 Scriptura
2424 3108 2557 3163 dicit
2601 3109 2668 3164 de
2739 3108 2921 3164 divina
2988 3118 3044 3165 et
3086 3109 3496 3180 incompreheno

1931 3197 2074 3253 sibili
2118 3198 2355 3253 essentia
2404 3198 2496 3253 Dei
2546 3196 2750 3265 Verbi,
2796 3199 2888 3269 qui
2938 3198 2992 3255 in
3038 3200 3305 3271 principio
3341 3212 3493 3269 erat,

1930 3298 1988 3342 et
2036 3289 2176 3357 apud
2222 3287 2390 3342 Deum
2445 3296 2595 3356 erat,
2643 3296 2699 3342 et
2746 3303 2852 3345 non
2902 3288 3147 3359 rapinam
3198 3290 3497 3347 arbitratus

1930 3384 2017 3431 εει
2056 3391 2178 3431 εεεε
2216 3392 2276 3432 se
2314 3376 2576 3446 :equalem
2627 3376 2775 3433 Deo:
2823 3378 2915 3433 sed
2957 3379 3022 3433 de
3064 3377 3158 3433 illo
3202 3378 3352 3450 (22),
3402 3382 3496 3449 qui

1930 3483 2000 3525 ex
2057 3467 2226 3523 Maria
2264 3479 2417 3524 ortus
2466 3478 2588 3535 est,
2635 3486 2974 3529 communem
3025 3471 3301 3526 nobiscum
3349 3472 3499 3540 abje-

1930 3560 2127 3615 etionis
2175 3560 2402 3615 formam
2452 3560 2673 3615 habens.
2731 3560 2865 3616 Nam
2914 3563 3054 3631 quod
3100 3577 3496 3619 commemore-

1935 3660 2022 3704 tur
2066 3665 2235 3715 crux,
2280 3659 2335 3704 et
2382 3650 2664 3721 copuletur
2712 3653 2935 3706 verbum
2967 3671 2986 3703 ι
3019 3653 3148 3707 fecit
3174 3672 3193 3706 ι
3221 3668 3341 3707 cum
3395 3670 3492 3709 vo-

1930 3740 2119 3805 cibus,
2169 3758 2188 3792 ι
2220 3738 2391 3807 Quem
2423 3754 2515 3795 vos
2561 3741 2908 3795 crueilixistis
2931 3783 2947 3807 ,
2983 3759 3001 3793 ι
3028 3742 3263 3797 ostendit
3295 3744 3360 3798 de
3394 3744 3495 3799 hoc

1930 3843 2232 3885 sermonem
2278 3842 2400 3884 esse
2426 3866 2444 3894 ,
2487 3827 2639 3897 cujus
2672 3829 2913 3899 pluribus
2951 3831 3001 3884 in
3046 3830 3175 3885 locis
3214 3829 3494 3901 Scriptura

1930 3920 2258 3975 mentionem
2302 3918 2473 3973 facit:
2510 3928 2567 3973 ut
2603 3935 2721 3974 cum
2754 3919 2917 3991 356
2950 3921 3005 3975 in
3044 3921 3193 3977 Actis
3232 3922 3309 3977 ait
3350 3923 3494 3978 idem

1929 4008 2162 4065 Petrus:
2192 4028 2212 4061 ι
2243 4007 2384 4064 Deus
2428 4010 2539 4081 (25)
2579 4010 2895 4075 Abraham,
2935 4023 2987 4067 et
3036 4012 3177 4068 Deus
3217 4013 3397 4081 Isaac,
3437 4026 3496 4068 et

1934 4101 2070 4155 Deus
2110 4099 2311 4167 Iacob,
2365 4100 2510 4155 Deus
2558 4111 2771 4172 patrum
2814 4112 3120 4157 nostrorum
3167 4103 3494 4173 gloriﬁcavit

1928 4205 2153 4260 puerum
2187 4206 2341 4247 suum
2372 4190 2554 4247 Jesum
2575 4231 2591 4257 ,
2622 4207 2779 4261 quem
2810 4208 2904 4248 vos
2928 4194 3144 4263 quidem
3172 4196 3494 4263 tradidistis,

1929 4292 1982 4337 et
2013 4282 2249 4352 negastis
2278 4280 2392 4353 (24)
2429 4289 2556 4337 ante
2587 4280 2783 4339 faciem
2817 4282 2975 4338 Pilati
2998 4324 3013 4345 ,
3046 4299 3167 4339 cum
3198 4284 3494 4355 iudicasset

242 4386 495 4459 ἀρῃγδν
531 4383 630 4453 τῆς
651 4381 795 4451 ζωῆς
816 4379 1188 4434 ἀπεκτείνατε.
1230 4396 1250 4428 ι
1286 4376 1396 4429 Kal.
1429 4375 1702 4447 Ζαχαρίας
1734 4388 1829 4443 φη-

1936 4373 2023 4427 ille
2056 4373 2438 4428 absolvendum
2470 4386 2592 4430 esse
2633 4392 2648 4430 :
2688 4388 2786 4427 vos
2814 4384 2990 4429 autem
3040 4384 3286 4430 sanctum
3326 4385 3383 4430 et
3413 4376 3496 4443 lu-

247 4482 334 4532 σίν
353 4498 365 4509 ·
399 4496 419 4528 ι
475 4473 680 4544 Ἐκχεώ
706 4473 798 4524 ἐπὶ
820 4471 911 4523 τὸν
933 4466 1079 4523 οἷκον
1116 4466 1278 4521 Δαυῒδ
1302 4467 1396 4520 καὶ
1424 4466 1516 4519 ἐπὶ
1547 4466 1672 4528 τοὺς
1693 4481 1827 4517 κατ-

242 4569 534 4629 οικοῦντας
568 4561 916 4634 Ἰερουσαλὴμ
965 4559 1189 4629 Πνεῦμα
1225 4557 1445 4629 χάριτος
1486 4556 1581 4610 κα)⁸
1623 4556 1828 4626 οἰκτιρ-

242 4662 376 4732 μοῦο
406 4657 505 4710 καὶ
540 4654 914 4722 ἐπιϐλέψονται
949 4651 1084 4723 πρὸς
1118 4650 1207 4721 μὲ,
1248 4650 1329 4713 είς
1359 4648 1418 4703 ὃν
1447 4646 1823 4717 ἐξεκέντησαν,

319 4896 441 4966 (lii)
484 4892 691 4966 Finem.
720 4890 847 4955 Seu,
885 4908 904 4940 ι
932 4886 1503 4966 consummationemq
1533 4899 1584 4937 in
1614 4881 1822 4966 Gra'co,

244 4953 596 5037 πλῇρότητα,
640 4964 694 5016 id
733 4953 876 5016 εει(
902 4958 1309 5030 plenitudinem,
1332 4973 1353 5005 ι
1409 4963 1504 5008 aut
1541 4972 1559 5005 ι
1590 4953 1826 5024 comple-

244 5051 442 5093 meum
453 5053 523 5087 ιιι.
552 5052 569 5081 ι

320 5092 443 5173 (17)
501 5100 830 5173 Eminentia
874 5098 1111 5173 initium.
1182 5093 1240 5149 In
1302 5092 1526 5157 Grznco,
1590 5092 1823 5173 γένεσιν.

242 5164 535 5230 Transtuli
572 5170 937 5224 «exsistentize
974 5168 1210 5229 initium,
1240 5183 1259 5213 ι
1312 5178 1435 5216 cum
1474 5164 1822 5231 «generatio-

244 5262 375 5301 nem
403 5263 425 5296 »
472 5240 767 5294 transferre
800 5254 905 5293 non
956 5251 1190 5307 possem.
1238 5232 1442 5307 Nomen
1480 5235 1693 5307 γένεσις
1740 5234 1824 5307 hic

241 5316 487 5370 sumitur
528 5319 788 5379 quatenus
832 5302 1105 5362 derivatur
1158 5318 1225 5359 ex
1278 5304 1441 5358 verbo
1486 5303 1727 5372 γίνομαι,
1773 5302 1825 5357 id

236 5396 350 5441 εει.
389 5401 410 5434 ι
438 5396 581 5441 sum,
611 5399 629 5431 ι
670 5379 751 5432 vel
788 5397 807 5428 ι
832 5378 919 5430 lio.
944 5395 963 5427 ι

317 5450 438 5524 (18)
482 5448 551 5524 (ἐι
584 5448 947 5524 ἱριετιιξοιοεε.
975 5461 1018 5524 ι,
1053 5446 1137 5498 l7.

317 5511 441 5595 (19)
482 5511 662 5573 ιιιιιὶιι-
692 5517 855 5572 illius.
894 5516 989 5571 Vel
1017 5533 1031 5569 :
1064 5533 1083 5566 ι
1107 5514 1198 5585 qui
1234 5512 1527 5569 secundum
1549 5511 1664 5582 ejus
1687 5512 1823 5569 ima-

238 5594 434 5666 ginem
466 5604 673 5666 sumus.
700 5606 718 5638 ι

320 5660 441 5729 (το)
481 5658 789 5729 Qognoscat.
825 5656 1043 5729 Act.__tt,
1068 5652 1158 5729 66.

318 5723 440 5802 (ει)
483 5723 897 5780 Ειύοπιὶηιιηι.
942 5725 1139 5779 Vocula
1175 5742 1193 5775 ι
1216 5731 1269 5775 et
1296 5742 1314 5775 ι
1355 5723 1501 5781 deeSt
1533 5724 1584 5781 in
1615 5723 1817 5779 Graecis

544 5824 811 5881 PATROL.
842 5820 959 5881 Gn.
991 5817 1289 5879 XXXIX.

1934 4475 2073 4520 stum
2111 4465 2382 4532 negastis,
2429 4474 2484 4520 et
2524 4466 2754 4535 petiistis
2788 4465 2902 4538 (25)
2955 4467 3125 4521 virum
3167 4468 3496 4525 homicidam

1930 4556 2118 4611 donari
2166 4556 2354 4621 vobis;
2388 4566 2663 4610 auctorem
2710 4572 2839 4612 vero
2882 4557 3005 4611 vitae
3049 4556 3432 4623 interfecistis;
3468 4582 3490 4614 ο

1930 4654 1987 4702 ει
2033 4644 2328 4700 Zacharias
2377 4644 2453 4697 ait
2480 4662 2495 4698 :
2524 4662 2543 4694 ι
2578 4643 2858 4699 Effundam
2905 4644 3017 4715 (26)
3064 4661 3226 4717 super
3272 4648 3495 4705 domum

1928 4885 2135 4950 Bibliis,
2164 4888 2257 4942 sed
2285 4902 2387 4957 non
2421 4887 2473 4941 in
2502 4886 2728 4957 Latinis.

1999 4957 2110 5029 (22)
2150 4957 2256 5029 Sed
2283 4960 2349 5029 de
2378 4957 2490 5029 illo.
2528 4956 2801 5029 Eunomio
2840 4956 2982 5012 hunc
3026 4958 3202 5029 ipsum
3245 4974 3310 5015 ex
3343 4960 3495 5019 Actis

1933 5025 2627 5101 locumobjicient_i__eodem
2657 5025 2771 5079 fere
2798 5029 2953 5101 ηιῳο
2978 5025 3267 5101 respondet
3287 5030 3495 5101 Grego-

1933 5094 2522 5170 rius_Nys_seuus_libro
2553 5110 2604 5150 tv
2631 5105 2817 5170 centra
2856 5096 3335 5170 @unomt'unt‘pag.
3370 5094 3495 5157 118.

2001 5164 2313 5236 (23)‘Deus.
2346 5164 2469 5218 Act.
2506 5180 2586 5236 tu,
2624 5164 2807 5236 15-175.
2850 5165 3033 5220 Grmca
3061 5164 3228 5221 Biblia
3262 5164 3343 5225 bis
3376 5180 3499 5227 tan-

1930 5244 2043 5313 tum
2071 5234 2316 5305 repetunt
2336 5248 2527 5313 vocem
2538 5234 2705 5313 _8_e_6g,
2740 5235 2791 5287 id
2822 5245 2906 5290 est
2936 5254 2955 5288 ι
2975 5236 3133 5293 Deus.
3158 5256 3177 5290 ι
3211 5237 3317 5294 Sed
3343 5240 3497 5313 Vulg.

1932 5308 2198 5371 interpres
2217 5312 2431 5374 quater,
2456 5314 2512 5357 ut
2537 5306 2815 5370 Didymus.

1993 5375 2113 5499 sic)
2153 5374 2220 5427 Et
2265 5374 2510 5441 negastis.
2557 5374 2739 5428 Graeca
2780 5374 2943 5430 editio
2980 5376 3129 5432 addit
3169 5378 3258 5432 hic
3300 5381 3489 5434 αὑτόν·

2104 5444 2211 5499 uin.
2264 5444 2532 5499 interpres
2560 5452 2617 5498 et
2651 5442 2822 5498 codex
2851 5445 3253 5499 Alexandrinus
3282 5449 3411 5499 lenit
3440 5464 3489 5499 ιιι

1927 5442 2024 5568 ﬁeri
2060 5442 2211 5512 Vulg.
2264 5444 2532 5512 interpres
2560 5452 2617 5498 et
2651 5442 2822 5498 codex
2851 5445 3253 5503 Alexandrinus
3282 5449 3411 5521 legit
3440 5464 3497 5504 ut

1977 5531 2006 5567 Ιι
2028 5529 2207 5568 vmus.

1977 5516 2207 5567 idvmus.
3332 5516 3359 5521 '
3512 5534 3533 5565 ετ

1998 5529 2402 5654 (Ιέἑῖυἰειεὶειὶι.
2446 5582 2631 5639 Graeca
2666 5584 2865 5656 editio,
2898 5587 3193 5661 ᾐτήσασθε,
3230 5603 3329 5660 pro
3369 5591 3501 5660 ᾐτή-

1928 5670 2074 5705 σατε.

1998 5722 2109 5795 (26)
2152 5721 2459 5793 Επειηάαιη.
2490 5723 2719 5782 Zachar.
2756 5742 2850 5799 ειι,
2883 5725 2969 5782 ιο.

3174 5820 3253 5878 27
