4060 6406
305 337 392 393 81.5
1335 336 1421 392 DE
1455 302 1828 392 rntNrrA'ri;
1869 336 2073 392 LIBER
2114 335 2436 394 TERTIUS.

3417 349 3519 407 846

314 470 330 504 ι
384 449 597 514 ἔκτισεν,
641 468 659 501 ι
708 450 843 505 ἀλλὰ
876 452 969 506 καὶ
997 452 1138 505 κατὰ
1169 452 1354 523 σχέσιν
1379 472 1393 487 ο
1418 456 1492 517 ὡς
1522 457 1611 509 τὸν
1639 455 1738 527 ἤδη
1765 456 1844 509 ὄν-

1956 457 2048 510 sed
2074 456 2341 526 accipitur
2364 456 2528 510 etiam
2558 458 2856 511 secundum
2891 457 3224 515 relationem.
3256 460 3331 515 lla
3360 478 3482 516 eum
3502 504 3521 532 ,

308 562 367 599 τα
391 544 493 597 κατ’
517 543 769 597 οὐσίωσιν
792 545 1130 611 διδάσκαλον,
1153 546 1274 599 τότε
1306 552 1450 600 ποιεῖ
1480 565 1562 612 τις
1590 549 1697 603 τῶν
1726 551 1852 602 ἐαυ-

305 632 384 688 τού
413 633 604 688 παίδων
634 634 973 701 διδάσκαλον,
1013 639 1141 691 ὅταν
1175 637 1301 709 [l70
1333 638 1389 710 a]
1425 640 1695 694 διδάσκειν
1726 641 1851 704 τοὺς

308 725 472 787 παῖδας
498 725 525 776 ὁ
548 723 863 788 διδάσκαλος
888 724 1149 797 ἄρξηται·
1186 726 1279 780 καὶ
1306 728 1381 791 ὡς
1414 729 1501 781 ὅτε
1536 731 1700 784 παῖδα
1728 731 1850 783 τότε

304 817 427 867 ποιεῖ
450 831 527 877 τις
544 814 911 886 στρατιώτην,
951 818 984 889 ἢ
1027 818 1250 889 ῥήτορα,
1273 820 1400 874 ὅταν
1422 819 1519 891 τὴν
1542 822 1847 893 στρατείαν,

302 907 331 977 ἦ
360 907 412 959 τὸ
445 906 751 978 ῥητορεύειν
778 910 807 961 ὁ
839 911 968 973 παῖς
999 911 1349 983 μετέρχηται.
1391 912 1468 983 Τῇ
1511 913 1618 986 γὰρ
1643 914 1851 987 διανοίᾳ.

302 996 448 1066 ταύτῃ
489 998 614 1068 περὶ
656 997 749 1051 τοῦ
784 999 995 1072 [ἰατρὸς
1039 1001 1135 1054 καὶ
1177 1001 1313 1055 Θεοῦ
1360 998 1542 1058 εἶπεν·
1592 1023 1609 1055 ι
1650 1004 1851 1075 Βοηθὸς

299 1090 380 1141 καὶ
434 1090 739 1161 σκεπαστὴς
791 1091 1009 1160 ἐγένετό
1073 1110 1162 1164 μοι
1213 1096 1293 1158 εἰς
1337 1096 1649 1167 σωτηρίανο
1694 1116 1712 1148 ι
1758 1095 1850 1150 καὶ

307 1181 507 1245 Ἠσαίας
531 1198 546 1213 ο
586 1199 607 1233 ι
660 1184 877 1252 Ἐγένου
918 1185 1069 1258 πάσῃ
1113 1186 1267 1239 πόλει
1299 1190 1527 1259 ταπεινῇ
1565 1187 1778 1259 βοηθός.
1824 1206 1846 1241 ι

295 1273 392 1326 Καὶ
418 1274 445 1325 ὁ
476 1273 815 1345 Ἱεροψάλτης
841 1278 899 1329 ἐν
935 1277 1034 1347 μὲν
1064 1277 1144 1332 κθ¹
1169 1278 1368 1351 ψαλμῷ
1390 1297 1406 1311 ο
1449 1302 1469 1331 ι
1511 1279 1712 1353 Κύριος
1728 1282 1851 1349 ἐγε-

296 1365 416 1434 νήθη
448 1364 634 1435 βοηθός
665 1385 767 1438 μου
788 1384 803 1398 ’
847 1386 866 1420 ι
902 1370 959 1422 ἐν
988 1369 1045 1423 δὲ
1083 1369 1124 1422 λ’
1148 1386 1163 1401 ο
1204 1389 1224 1423 ι
1259 1371 1419 1425 Γενοῦ
1457 1391 1550 1443 μοι
1592 1374 1673 1437 είς
1717 1372 1851 1426 Θεὸν

295 1456 704 1529 ὑπερασπιστὴν,
748 1462 843 1513 καὶ
874 1462 955 1524 εἰς
988 1456 1135 1516 οἷκον
1172 1465 1518 1534 καταφυγῆς,
1553 1465 1647 1518 τοῦ
1679 1464 1851 1520 σῶσαί

296 1564 385 1614 με·
424 1566 442 1598 ι
476 1549 568 1601 καὶ
625 1550 874 1623 Ἀϐραὰμ
921 1553 1056 1623 πρὸς
1108 1554 1323 1627 Σάρραν
1354 1558 1453 1628 τὴν
1485 1557 1677 1611 ἑαυτοῦ
1715 1558 1851 1629 σύμ-

291 1640 420 1691 6ιον·
452 1658 469 1692 ι
511 1641 760 1709 Ἐγένετό
802 1661 891 1713 μοι
921 1646 1013 1697 καὶ
1045 1649 1126 1709 εἰς
1157 1650 1421 1714 γυναῖκα·
1468 1666 1486 1698 ι
1524 1650 1620 1701 καὶ
1650 1650 1678 1700 ὁ
1707 1648 1853 1703 Παῦ-

291 1729 401 1792 λος·
441 1751 457 1782 ι
501 1732 540 1783 Γ
546 1733 737 1786 ινέσοω
790 1736 818 1787 ὁ
866 1736 998 1800 Θεὸς
1043 1737 1266 1808 ἀληθὴς,
1308 1741 1415 1803 πᾶς
1473 1739 1531 1793 δὲ
1566 1738 1851 1811 ἄνθρωπος

1955 548 2045 615 qui
2080 548 2337 617 magister
2365 546 2479 616 jam
2507 549 2581 603 sit
2607 550 2906 604 secundum
2938 552 3311 608 exsistentiam
3334 595 3351 621 ,
3385 563 3517 611 tunc

1952 639 2073 708 quis
2102 639 2232 695 facit
2261 655 2483 694 suorum
2516 641 2748 696 ﬁliorum
2785 642 3100 711 magistrum
3123 682 3138 706 ,
3173 657 3295 698 cum
3328 645 3524 700 docere

1954 729 2094 784 ﬁlios
2134 731 2395 800 magister
2427 730 2702 799 cmperit:
2749 738 2803 785 et
2854 730 3021 784 ﬁlium
3066 740 3193 787 tunc
3228 732 3351 800 quis
3394 732 3526 789 facit

1953 820 2178 875 militem
2205 862 2221 887 ,
2272 831 2366 874 aut
2416 822 2727 886 rhetorem,
2784 836 2905 875 eum
2950 821 3094 876 ﬁlius
3134 822 3203 876 ad
3243 822 3523 889 militiam,

1952 921 2047 965 ant
2074 912 2405 967 rhetoricam
2439 925 2608 967 artem
2648 914 3007 968 exercendam
3046 915 3357 968 accesserit.
3410 914 3523 969 Hoc

1951 1003 2096 1058 enim
2132 1016 2292 1057 sctisu
2327 1003 2394 1058 de
2442 1002 2553 1057 Deo
2600 1017 2662 1058 ae
2707 1002 2869 1057 Patre
2921 1004 2998 1057 ait
3052 1004 3267 1060 Moses:
3301 1025 3319 1057 ι
3352 1006 3524 1076 Adju-

1955 1104 2037 1148 tor
2069 1094 2222 1165 (55),
2258 1104 2312 1148 et
2340 1104 2617 1163 protector
2650 1095 2826 1150 factus
2853 1104 2937 1150 est
2966 1095 3101 1149 mihi
3134 1097 3187 1150 in
3211 1097 3461 1151 salutem.
3501 1117 3519 1150 ι

1952 1182 2023 1241 Et
2049 1185 2218 1240 Isaias
2243 1204 2256 1240 ε
2286 1203 2305 1236 ‹
2336 1184 2533 1239 Factus
2560 1201 2618 1241 es
2648 1186 2763 1254 (56)
2791 1187 2939 1241 omni
2965 1187 3171 1243 civitati
3207 1188 3395 1243 humili
3428 1203 3528 1243 au-

1950 1277 2201 1339 xiliator;
2233 1295 2253 1328 »
2277 1285 2331 1331 et
2373 1290 2525 1331 sacer
2556 1275 2769 1332 Psaltes
2811 1277 2864 1331 in
2913 1294 3042 1332 xm
3088 1278 3334 1347 psalmo:
3366 1297 3386 1330 ι
3419 1279 3525 1334 Do-

1952 1367 2132 1422 minus
2155 1366 2268 1438 (57)
2298 1366 2473 1422 factus
2495 1377 2581 1422 est
2605 1366 2821 1437 adjutor
2845 1383 3020 1425 meus.
3043 1386 3063 1422 ι
3084 1368 3142 1424 ιιι
3171 1385 3280 1423 xxx
3311 1379 3523 1424 autem:

1957 1477 1977 1510 ‹
2010 1457 2135 1513 Fias
2162 1458 2272 1528 (58)
2309 1458 2440 1512 mihi
2474 1458 2529 1517 in
2562 1457 2729 1513 Deum
2780 1468 3144 1527 protectorem
3168 1498 3188 1526 ,
3235 1469 3289 1515 et
3332 1461 3386 1515 in
3430 1462 3528 1516 do-

1954 1567 2097 1606 mum
2143 1550 2369 1622 refugii,
2414 1559 2473 1606 ut
2513 1552 2720 1605 salvum
2769 1551 2941 1607 facias
2967 1567 3090 1618 me;
3122 1572 3143 1605 ι
3169 1563 3221 1609 et
3251 1555 3525 1609 Abraham

1898 1660 1901 1661 ν
1953 1643 2020 1698 ad
2050 1643 2260 1712 .Saram
2291 1641 2572 1712 conjugem
2624 1658 2817 1697 suam:
2850 1662 2869 1697 ι
2899 1644 3065 1699 Facta
3105 1653 3188 1700 est
3232 1644 3345 1715 (59)
3394 1646 3528 1701 miLi

1953 1736 2115 1790 etiam
2146 1736 2197 1789 in
2226 1749 2449 1789 uxorein
2476 1753 2491 1801 ;
2524 1755 2543 1788 δ
2572 1746 2624 1789 et
2649 1735 2850 1790 Paulus
2880 1752 2895 1790 ε
2927 1754 2947 1787 α
2978 1736 3102 1790 Fiat
3123 1737 3237 1806 (40)
3266 1738 3408 1791 Deus
3436 1753 3527 1792 ve-

286 1816 524 1891 ψεύστης.
579 1840 598 1873 ι
653 1823 986 1889 Ἀκολούθως
1044 1826 1219 1898 τούτῳ
1277 1828 1677 1899 ὲκλαμϐάνεται
1730 1832 1844 1893 καὶ,

1953 1843 2046 1881 rax
2067 1868 2080 1891 ,
2109 1827 2284 1881 omnis
2312 1836 2491 1881 autem
2521 1826 2684 1879 homo
2711 1827 2962 1880 mendax.
2997 1844 3015 1877 ι
3044 1825 3203 1881 Juxta
3235 1827 3377 1880 hunc
3400 1842 3526 1881 sen-

292 1931 309 1962 ι
356 1913 485 1981 Ἐγὼ
514 1915 572 1967 δὲ
607 1918 945 1989 κατεστάθην
985 1920 1235 1990 βασιλεὺς
1268 1922 1357 1975 ὑπ’
1387 1922 1552 1976 αὐτοῦ
1583 1924 1674 1976 ἐπὶ
1710 1923 1846 1977 Σιὼν

286 2006 395 2077 ὄρος
426 2008 485 2060 τὸ
512 2009 668 2076 ἅγιον
699 2011 884 2064 αὐτοῦ.
918 2032 936 2062 ι
977 2014 1052 2065 Οὐ
1083 2016 1191 2086 γὰρ
1221 2015 1346 2085 περί
1378 2032 1471 2067 του
1506 2016 1725 2069 τοιῶσδε
1756 2016 1845 2069 λό-

286 2114 359 2167 γῳ
403 2102 587 2168 φάναι,
620 2102 653 2172 ἢ
690 2104 930 2169 τοιῶσδε,
966 2106 1064 2176 τὴν
1102 2107 1287 2160 οὐσίαν
1327 2108 1488 2160 αὑτοῦ
1542 2107 1708 2178 δηλοῖ.
1756 2108 1847 2162 Διὸ

284 2191 371 2260 οὐχ
402 2194 588 2257 ἁπλῶς
632 2195 711 2261 τὸ,
749 2216 767 2247 ι
803 2199 1160 2270 κατεστάϐην,
1201 2219 1219 2250 ι
1251 2201 1383 2263 ἀλλ’,
1426 2220 1444 2251 ι
1482 2202 1574 2253 ἐπὶ
1615 2202 1675 2255 τὸ
1723 2202 1847 2272 ὅρος

285 2279 427 2343 Σιὼν,
470 2302 488 2332 ι
526 2283 714 2335 εἶπενο
747 2285 1005 2357 ὑπάρχων
1038 2288 1147 2359 γὰρ
1174 2289 1388 2342 πάντων
1414 2290 1473 2353 ἐξ
1499 2289 1722 2360 ἀπείρου
1754 2291 1847 2344 καὶ

283 2374 361 2426 ἐπ’
386 2375 612 2447 ἄπειρον
648 2378 896 2449 βασιλεὺς
923 2381 1078 2452 (φησὶ
1125 2384 1261 2454 γάρ’
1306 2402 1323 2434 ι
1358 2384 1560 2455 Κύριος
1595 2386 1846 2454 βασιλεὺς

281 2467 352 2527 εἰς
372 2469 456 2520 τὸν
485 2472 683 2533 αἰῶνα,
709 2472 804 2524 καὶ
827 2473 912 2525 ἐπ’
939 2474 1133 2539 αἰῶνα,
1160 2476 1254 2527 κα).
1277 2476 1355 2528 ἔτι
1376 2492 1390 2506 ο
1429 2497 1447 2527 ι
1478 2478 1589 2540 καὶ,
1620 2495 1639 2528 ι
1661 2479 1723 2529 Ἡ
1754 2476 1847 2546 βα-

282 2557 439 2611 σιλεία
472 2578 591 2625 σου,
635 2561 875 2631 βασιλεία
914 2565 1127 2618 πάντων
1157 2565 1264 2617 τῶν
1302 2562 1512 2618 αἰώνων
1552 2585 1571 2617 ι
1605 2566 1648 2637 ),
1676 2567 1845 2620 ἐδόκει

278 2662 383 2709 πως
428 2650 600 2719 μήπω
636 2651 733 2720 μὲν
775 2651 1075 2721 βασιλεύειν
1101 2653 1208 2705 τῶν
1243 2654 1316 2724 μὴ
1348 2656 1721 2721 γινωσκόντων
1750 2656 1847 2708 αὐε-

277 2736 377 2800 τὸν,
401 2740 737 2809 γεγενῆσθαι
758 2741 813 2794 δὲ
841 2743 932 2795 καὶ
960 2744 1051 2795 ἐπὶ
1075 2744 1270 2807 αὐτοὺς
1302 2744 1554 2813 βασιλεὺς
1585 2746 1641 2797 ὲν
1668 2748 1732 2816 τῇ
1764 2747 1845 2798 ὲν-

277 2828 639 2902 ανθρωπήσει,
666 2833 731 2886 δι’
757 2834 824 2904 ῆν
854 2835 1015 2897 αὑτός
1044 2852 1103 2888 τε
1134 2834 1296 2889 Δαυῒδ
1335 2836 1511 2906 ἐξῄτει
1540 2838 1597 2890 ὲν
1630 2836 1674 2889 0'
1706 2836 1845 2906 ψαλ-

278 2918 381 2989 μῷο
411 2943 427 2972 ι
465 2925 853 2995 Κατὰστησον,
913 2924 1106 2997 Κύριε,
1146 2927 1441 2998 νομοθέτην
1492 2930 1578 2981 ἐπ’
1619 2928 1843 2992 αὐτούς·

271 3012 550 3078 γνώτωσαν
603 3016 753 3086 ἔθνη,
788 3017 868 3068 ὅτι
904 3016 1178 3085 ἄνθρωποί
1218 3020 1388 3071 εἰσιν·
1442 3039 1460 3070 ι
1510 3020 1751 3090 Μιχαίας
1786 3037 1847 3073 τε

1953 1935 2069 1972 sum
2107 1920 2374 1988 accipitur
2407 1927 2462 1973 et
2492 1917 2625 1971 illud
2654 1940 2665 1973 :
2701 1935 2720 1969 ι
2754 1917 2870 1986 Ego
2900 1926 3077 1971 autem
3113 1916 3228 1988 (41)
3258 1918 3527 1971 constitu-

1956 2019 2041 2062 tus
2070 2024 2187 2063 sum
2222 2008 2333 2063 Rex
2383 2009 2451 2064 ab
2504 2022 2569 2064 eo
2611 2023 2775 2078 super
2818 2008 2948 2063 Sion
2995 2016 3232 2063 montem
3279 2018 3525 2063 sanctum

1953 2101 2095 2170 ejus.
2128 2118 2146 2153 ι
2174 2100 2274 2167 Qui
2315 2103 2462 2157 enim
2506 2117 2619 2157 rem
2662 2103 2901 2172 aliquam
2953 2099 3066 2173 (42)
3115 2102 3248 2167 hoc,
3296 2111 3391 2156 aut
3436 2101 3529 2155 illo

1956 2194 2114 2247 modo
2157 2208 2279 2248 esse
2318 2194 2489 2255 dicit.
2541 2195 2587 2249 is
2628 2210 2734 2249 non
2767 2197 2986 2249 denotat
3026 2195 3193 2263 ipsius
3236 2194 3314 2250 rei
3343 2209 3529 2248 essen-

1955 2288 2103 2343 tiam.
2131 2286 2309 2353 Quare
2328 2287 2494 2358 358
2511 2302 2615 2342 non
2641 2287 2775 2341 dixit
2796 2286 3133 2355 simpliciter,
3159 2304 3178 2338 ε
3198 2287 3527 2341 constitutus

1953 2394 2070 2431 sum
2101 2419 2115 2441 ,
2152 2398 2169 2429 ι
2202 2380 2297 2432 sed
2343 2379 2590 2444 addidit,
2627 2396 2645 2430 ι
2677 2393 2838 2447 super
2882 2387 3116 2433 montem
3162 2378 3315 2431 Sion.
3344 2397 3364 2429 ι
3390 2376 3524 2429 Nam

1954 2485 2075 2524 cum
2107 2479 2250 2524 esset
2282 2471 2519 2524 omnium
2565 2471 2633 2524 ab
2668 2481 2905 2535 artemo,
2952 2479 3005 2525 et
3040 2470 3090 2523 in
3125 2468 3393 2523 inﬁnitum
3427 2484 3523 2522 rex

1955 2558 1974 2630 (
2005 2561 2082 2613 ait
2114 2562 2258 2615 enim
2292 2560 2468 2617 Moses
2497 2580 2511 2617 :
2544 2580 2563 2613 ι
2597 2563 2852 2617 Dominus
2880 2560 2993 2632 (45)
3024 2576 3117 2615 rex
3148 2561 3198 2614 in
3228 2559 3483 2614 saeculum
3504 2598 3522 2626 ,

1958 2661 2012 2704 et
2042 2652 2093 2703 in
2122 2652 2377 2706 saeculum
2401 2694 2416 2719 ,
2449 2662 2504 2708 et
2532 2653 2712 2719 ultra;
2749 2671 2767 2704 ι
2796 2661 2850 2709 et
2876 2670 2889 2706 :
2917 2670 2936 2703 ι
2960 2652 3200 2723 Regnum
3231 2651 3343 2721 (44)
3373 2661 3525 2706 tuum

1957 2758 2177 2813 regnum
2207 2744 2447 2799 omnium
2480 2746 2799 2800 saeculorum
2831 2764 2849 2797 ι
2872 2744 2891 2815 )
2911 2784 2928 2812 ,
2950 2743 3233 2798 videbatur
3255 2743 3526 2813 quodam-

1954 2820 2112 2888 modo
2157 2836 2391 2890 nondum
2438 2852 2600 2905 super
2649 2836 2767 2891 illos
2812 2851 3074 2905 regnare,
3124 2836 3214 2904 qni
3250 2850 3371 2889 eum
3415 2849 3521 2889 non

1953 2928 2352 2995 agnoscebant,
2384 2928 2553 2982 factus
2577 2944 2706 2983 vero
2732 2943 2850 2983 esse
2878 2942 2966 2982 rex
2998 2927 3161 2981 etiam
3189 2938 3354 2996 super
3380 2925 3525 2996 ipsos

1955 3017 2006 3070 in
2057 3018 2464 3075 lncarnatione:
2497 3028 2718 3089 propter
2746 3035 2911 3089 quam
2947 3033 3068 3074 cum
3105 3019 3221 3086 ipse
3255 3018 3417 3072 David
3469 3018 3523 3071 in

272 3108 673 3178 προεφήτευσεν
691 3124 705 3138 ο
744 3126 762 3158 ι
792 3109 946 3162 Καὶό
974 3108 1170 3180 Κύριος
1200 3108 1472 3178 βασιλεύει
1501 3111 1609 3164 ἀπὸ
1628 3113 1723 3165 τοῦ
1753 3112 1844 3166 νῦν

1955 3122 2010 3159 ix
2049 3108 2254 3176 psalmo
2290 3108 2368 3162 sic
2420 3110 2652 3164 orabat:
2685 3126 2704 3161 ι
2737 3109 3023 3165 Constitue
3058 3106 3171 3180 (45)
3201 3149 3217 3176 ,
3256 3107 3480 3163 Domine
3507 3146 3523 3171 ,

271 3194 354 3245 καὶ
377 3195 475 3260 ἕως
507 3195 620 3250 τοῦ
643 3196 857 3260 αἰῶνος.
894 3216 913 3248 ι
946 3197 1287 3266 Διεσάφησαν
1307 3197 1365 3251 δὲ
1394 3197 1522 3270 περὶ
1542 3198 1732 3252 τούτου
1756 3199 1844 3253 καὶ

1953 3195 2317 3269 legislatorem
2364 3215 2528 3271 super
2575 3215 2710 3268 eos;
2763 3208 3093 3270 cognoscant
3121 3209 3342 3269 gentes,
3379 3200 3523 3268 quod

275 3287 319 3336 oi
336 3286 432 3353 ἔξω
451 3288 641 3343 τοιάδε
662 3305 678 3318 '

1956 3294 2199 3350 homines
2224 3302 2387 3360 sunt;
2419 3312 2437 3346 ι
2469 3303 2579 3349 tum
2608 3292 2858 3349 Michaaas
2881 3293 3140 3365 prepheta
3170 3293 3382 3362 inquit:
3407 3309 3427 3341 ο
3461 3291 3527 3344 Ει

282 3376 518 3435 Dominus
573 3379 695 3452 (46)
746 3390 935 3450 regnat
979 3393 1044 3435 ex
1098 3396 1240 3437 nunc
1320 3388 1375 3435 et
1419 3396 1591 3457 usque
1650 3385 1705 3441 in
1766 3386 2042 3441 sacculum.
2080 3404 2099 3439 ι
2130 3388 2204 3442 De
2234 3386 2338 3442 hac
2383 3401 2441 3442 re
2507 3402 2636 3443 vero
2677 3386 2881 3442 ethnici
2920 3400 3135 3456 quoque
3166 3386 3292 3440 talia
3335 3385 3519 3441 decla-

283 3484 445 3528 rarunt
473 3492 488 3528 :

343 3576 575 3649 Οὕνομα
598 3572 716 3650 γὰρ
736 3572 1033 3647 βασιλεὺς
1056 3580 1200 3646 Θεὸς
1221 3579 1348 3653 [170
1368 3579 1419 3659 ρ]
1446 3579 1735 3659 ἄμϐροτος
1758 3580 1851 3633 οὐ·

1368 3649 1537 3720 [ποτε
1558 3649 1775 3718 λῆγον,

404 3720 629 3775 Οὔποτ’
664 3721 1095 3790 ἀποφθινύθον,
1120 3720 1246 3774 οὐδ’
1279 3722 1763 3788 ἀποπαυόμενον.

292 3805 666 3882 Ὀμοιότροπον
698 3812 872 3883 τούτῳ
897 3814 1014 3865 ἐστὶ
1045 3812 1139 3865 καὶ
1178 3810 1258 3876 τὸ,
1302 3829 1320 3861 ι
1357 3809 1590 3875 Δέξασθε
1625 3809 1718 3863 τὸν
1754 3811 1853 3881 ἀρ-

276 3901 446 3967 χιερέα
484 3903 593 3973 τῆς
625 3903 920 3973 ὁμολογίας
961 3903 1135 3973 ὑμῶν,
1184 3901 1374 3955 πιστὸν
1418 3900 1549 3954 ὄντα
1590 3900 1669 3971 τῷ
1696 3902 1854 3971 ποιή-

2034 3577 2175 3632 Ναηι
2225 3590 2319 3630 rea:
2366 3583 2508 3630 Deus
2549 3582 2863 3628 immortua:
2896 3588 3082 3629 nomen
3130 3581 3209 3713 ἱειᾶ
3255 3588 3523 3653 nunquam

2537 3658 2543 3664 ·
3211 3657 3451 3708 amem,

2537 3658 2543 3664 ·
3130 3657 3149 3708 ι
3175 3657 3412 3696 amnem
3433 3682 3451 3708 ,

2090 3719 2374 3789 Nunquam
2401 3715 2634 3786 pariens,
2665 3728 2827 3782 neque
2854 3729 3082 3768 cessans.

1989 3811 2213 3869 .Allatis
2252 3808 2551 3879 Scriptura:
2585 3806 2761 3860 verbis
2793 3804 2993 3859 similia
3021 3811 3147 3858 sunt
3177 3802 3331 3859 haec:
3361 3820 3381 3854 ο
3412 3800 3525 3856 Ex-

1948 3905 2109 3975 cipite
2143 3902 2254 3974 (47)
2289 3900 2595 3972 pontiﬁcem
2645 3897 3004 3953 confessionis
3035 3902 3270 3961 vestrae,
3317 3896 3409 3965 qui
3458 3896 3518 3949 ﬁ-

272 4003 413 4043 σαντι
457 3995 655 4047 αὐτόν.
706 4012 725 4044 ι
760 3993 927 4048 Πάλιν
954 3994 1061 4064 γὰρ
1092 3994 1181 4046 τὸν
1231 3991 1292 4057 ἐξ
1324 3990 1480 4062 ἡμῶν
1527 3990 1844 4062 σύμμορφον

1950 3997 2083 4051 delis
2115 4004 2201 4050 est
2242 3995 2291 4048 ei
2340 3994 2433 4063 qui
2464 3992 2594 4048 fecit
2637 3990 2808 4045 illum.
2840 4008 2857 4042 ι
2887 3988 3023 4043 Nam
3064 3989 3154 4044 hic
3193 4004 3409 4058 quoque
3455 3990 3522 4041 de

270 4081 546 4151 γενόμενον
576 4086 719 4156 ἡμῖν
748 4084 917 4152 λέγει,
946 4086 1039 4138 καὶ
1066 4084 1361 4155 προτρέπει
1382 4082 1635 4149 δέξασθαι
1668 4084 1851 4147 αὑτὸν,

330 4297 436 4374 (35)
478 4306 744 4373 Adjulor.
793 4307 963 4360 Exod.
1016 4322 1104 4369 xv,
1152 4307 1208 4361 2.
1263 4305 1523 4376 Vulgatus
1574 4305 1842 4374 interpres

266 4370 455 4431 habet:
487 4397 506 4428 ‹
528 4370 826 4432 Fortitudo
870 4391 1014 4438 mea,
1071 4386 1126 4430 et
1165 4378 1282 4431 laus
1316 4370 1433 4429 méa
1478 4370 1755 4439 Dominus,
1789 4384 1843 4427 et

266 4440 429 4499 factus
451 4458 538 4502 est
580 4448 721 4501 mihi
769 4449 818 4499 in
867 4447 1115 4500 salutem.
1145 4466 1164 4499 ι
1219 4445 1538 4499 Ambrosius
1576 4459 1705 4501 vero
1744 4444 1837 4497 lib.

1949 4098 2015 4139 eo
2041 4084 2264 4153 loquens
2294 4080 2610 4150 Scriptura,
2641 4081 2734 4150 qui
2779 4072 2846 4136 ex
2893 4080 3050 4135 nobis
3099 4081 3395 4135 conformis
3436 4080 3521 4133 fa-

1955 4323 1973 4355 ‹
1999 4302 2129 4356 Duxi
2154 4317 2270 4355 eam
2303 4302 2359 4355 in
2395 4314 2637 4353 uxorem.
2667 4317 2687 4351 ι
2860 4310 2863 4313 ‘
2960 4299 2965 4303 ’

2020 4372 2132 4440 (40)
2181 4370 2322 4424 Fiat.
2380 4368 2539 4440 Rom.
2589 4367 2782 4440 tu,_4.
2828 4366 3017 4423 Latina
3068 4364 3237 4440 Biblia
3299 4364 3519 4440 habent,

1954 4434 2154 4508 «Est,-
2217 4458 2312 4510 pro
2375 4439 2607 4493 «Fiat.»
2681 4437 2785 4493 Sed
2855 4448 2912 4493 et
2970 4436 3291 4493 Ambrosius
3357 4434 3515 4503 legit,

266 4526 324 4584 Ili
362 4515 436 4569 De
471 4518 608 4584 ﬁde,
653 4533 775 4584 cap.
802 4518 835 4571 5
869 4535 882 4570 :
916 4535 934 4567 ι
958 4516 1069 4571 Nec
1111 4530 1325 4583 semper
1368 4523 1546 4569 tamen
1590 4514 1835 4583 (inquit)
1878 4520 1919 4574 D
1950 4533 1965 4563 σ
1993 4516 2131 4575 Fiat,
2164 4522 2282 4584 »θυι
2311 4510 2748 4584 vidiinus_mo_do.

266 4582 505 4640 «factum
553 4601 689 4641 esse
714 4582 760 4638 Ϊ»
794 4587 860 4639 ad
908 4582 1239 4641 creationem
1284 4584 1550 4651 refertur;
1578 4582 1835 4651 scriptum

261 4664 337 4705 est
366 4656 560 4725 enim:
603 4656 910 4718 (Domine,
952 4657 1215 4725 refugium
1271 4656 1443 4725 factus
1492 4668 1551 4725 es
1599 4654 1785 4718 nobis;
1814 4673 1832 4705 ι

260 4730 308 4774 et
336 4741 349 4776 :
388 4742 408 4775 ι
438 4724 651 4781 Factus
681 4742 741 4779 es
774 4728 901 4778 mihi
930 4728 980 4779 in
1007 4728 1253 4779 salutem.
1280 4765 1294 4778 .
1321 4762 1334 4776 .
1368 4743 1387 4775 ι
1422 4724 1691 4791 Scriptum
1718 4734 1793 4777 est
1821 4743 1834 4777 :

264 4810 281 4842 ι
305 4792 423 4847 Fiat
449 4808 643 4851 autem
676 4797 814 4849 Deus
844 4812 1028 4859 verax,
1060 4796 1235 4849 omnis
1275 4804 1454 4847 autem
1486 4794 1645 4846 homo
1686 4807 1839 4848 inen-

259 4864 471 4918 dax...
500 4886 561 4920 ,ι
624 4864 764 4919 Nam
822 4876 879 4918 et
942 4866 1153 4934 Moyses
1212 4865 1381 4917 dicit:
1422 4883 1440 4914 ι
1487 4863 1711 4934 Adjntor
1784 4874 1838 4917 et

257 4942 530 4998 protector
580 4934 767 4989 factus
806 4945 889 4987 est
945 4932 1071 4988 milii
1118 4938 1171 4988 in
1218 4934 1508 4987 salutem.i
1564 4933 1631 4985 Et
1675 4932 1835 4985 David

256 5002 423 5073 dicit:
464 5024 482 5055 ι
512 5006 655 5059 Esto
717 5005 847 5058 mihi
903 5004 956 5057 in
1002 5004 1167 5063 Deum
1224 5013 1624 5073 protectorem,
1671 5012 1725 5073 et
1786 5003 1837 5054 in

258 5072 468 5144 domum
510 5075 739 5144 refugii,
775 5084 831 5127 ut
873 5074 1078 5128 salvum
1129 5071 1237 5128 mei
1268 5072 1506 5144 facias.)
1558 5072 1639 5144 Et
1675 5071 1839 5126 Isaias

255 5142 424 5198 dicit:
460 5142 720 5199 «Facias
762 5154 845 5197 est
886 5145 1030 5198 omni
1072 5144 1277 5199 civitati
1317 5142 1503 5197 humili
1557 5142 1789 5206 adjutor.
1814 5160 1833 5191 ι

256 5212 501 5282 Quinque
562 5218 691 5268 haec
748 5215 1048 5268 testimonia
1114 5215 1299 5267 eodem
1364 5214 1523 5266 modo
1586 5210 1839 5265 attulerat

257 5278 536 5355 Didymus.
578 5286 673 5338 An
718 5284 860 5339 hunc
884 5285 999 5355 ejus
1045 5285 1219 5339 locum
1271 5297 1381 5353 pne
1427 5282 1599 5337 oculis
1655 5282 1841 5335 habuit

254 5354 580 5410 Ambrosius
596 5355 622 5408 ἲ

278 5487 289 5498 θ
320 5423 432 5493 (56)
460 5422 681 5498 Factus
704 5441 776 5478 es.
808 5422 914 5498 lsa.
950 5422 1318 5498 xxv,4,jux_ta
1340 5420 1841 5498 Grazcamntransla-

254 5490 474 5551 tionem.
516 5495 727 5550 Latina
770 5497 915 5550 enim
956 5495 1155 5550 habet:
1191 5510 1211 5543 ι
1236 5490 1435 5546 Factus
1483 5509 1543 5548 es
1580 5492 1840 5547 fortitudo

254 5565 495 5628 pauperi.
534 5583 556 5617 ι

322 5623 433 5704 (57)
479 5634 775 5704 ροηιίηω.
809 5634 952 5690 Psal.
978 5649 1108 5688 xxix
1165 5632 1231 5687 45
1268 5623 1422 5702 {sive
1446 5634 1503 5687 ll
1530 5633 1573 5704 ).

321 5703 434 5773 (58)
476 5702 647 5759 Fias.
694 5705 826 5759 Psal.
865 5721 991 5771 xxx,
1029 5706 1084 5759 5.

323 5772 434 5845 (59)
480 5774 665 5830 Facta
702 5788 792 5831 est.
823 5777 955 5832 ch.
991 5791 1081 5843 xx,
1123 5774 1207 5828 12.
1235 5772 1422 5830 Latina
1453 5775 1615 5831 editio
1648 5775 1837 5831 habet‘

2012 4584 2125 4651 (41)
2168 4581 2279 4651 Ego
2318 4588 2513 4651 autem.
2544 4578 2683 4651 Psa_l.
2715 4593 2776 4651 ιι.
2818 4576 2872 4631 6.

2011 4642 2124 4722 (42)
2162 4642 2287 4703 Rem
2319 4650 2570 4722 aliquam.
2620 4646 2800 4702 Codex
2834 4646 3013 4717 ιΠερὶ
3047 4642 3163 4699 τοῦ.
3196 4642 3338 4712 Lego
3386 4644 3515 4714 περί

1938 4718 2053 4780 τού.
2094 4718 2144 4775 id
2178 4730 2281 4783 est,
2310 4718 2436 4791 περί
2473 4735 2637 4791 τινος.

2034 4794 2124 4855 45)
2167 4787 2443 4844 Dominus.
2472 4788 2641 4842 Exod.
2673 4801 2764 4850 xv,
2795 4787 2881 4841 18.

2033 4864 2124 4929 44)
2176 4860 2432 4927 Regnum.
2476 4858 2618 4929 Ifsal.
2648 4872 2831 4929 (κίων,
2862 4857 2949 4911 15.

2035 4926 2122 5002 45)
2164 4926 2453 5002 Constitue.
2489 4926 2739 5002 Ps:ul_.__ix_,
2773 4926 2863 4978 21.

2013 4993 2230 5073 (46)4Ει
2276 4999 2548 5073 Dominus.
2599 4995 2760 5073 hlich.
2800 5012 2906 5073 iv,
2934 4996 3006 5073 Δ7.
3064 4994 3253 5048 Gr:rca
3312 4993 3509 5073 Biblia,

1942 5065 2285 5143 βασιλεύσει,
2346 5083 2453 5143 pro
2502 5065 2803 5137 βασιλεύεις
2850 5067 3107 5137 Didymus
3161 5079 3289 5119 vero
3335 5066 3516 5135 aliqua

1941 5138 2141 5197 omittit
2170 5138 2512 5193 intermedia.
3576 5192 3581 5195 τ

2012 5212 2125 5282 (47)
2168 5208 2450 5282 Ειιξεὶρὶιιε.⁸
2478 5206 2641 5260 Hebr.
2685 5208 2959 5282 _ttt,_i_et
2987 5205 3061 5282 _2.
3111 5203 3301 5282 Graeca
3348 5204 3507 5282 editis

1942 5274 2154 5337 habet:
2207 5274 2600 5346 Κατανοήσατε
2650 5274 2742 5329 τὸν
2783 5275 3077 5329 ἀπόστολον
3114 5275 3211 5329 καὶ
3252 5274 3511 5346 ἀρχιερέα

1939 5352 2040 5432 τῇς
2084 5347 2368 5432 ὁμολογίας
2415 5344 2570 5432 yng
2606 5346 2847 5432 ριστὸν
2882 5346 3109 5432 Ἰησοῦν,
3149 5344 3360 5432 (πιστὸν
3379 5344 3517 5432 ὸντα

1941 5416 2018 5491 τῷ
2051 5416 2360 5491 ποιήσαντι.Δ
2377 5416 2568 5491 αὐτόν,
2606 5416 2658 5469 id
2688 5427 2808 5491 ρει.Δ
2828 5436 2841 5470 :
2860 5416 3518 5491 ‘t_C0nsiderate_aposto—

1946 5482 2078 5552 him,
2110 5482 2178 5542 ρι’
2216 5486 2524 5554 pontiﬁcem
2571 5483 2936 5541 confessionis
2988 5494 3188 5540 nostras
3239 5482 3515 5540 Christum

1945 5560 2148 5622 Jesum,
2181 5559 2273 5627 qui
2306 5556 2479 5609 fidelis
2504 5563 2586 5627 est
2617 5557 2688 5614 ei.
2716 5558 2806 5627 qui
2851 5556 2977 5627 fecit
3009 5558 3259 5627 ipsumzr
3278 5554 3519 5627 Athana-

1944 5632 2058 5685 sius
2086 5630 2137 5681 in
2167 5623 2417 5681 sermone
2468 5624 2669 5695 majore
2710 5623 2788 5683 De
2829 5626 2956 5695 ﬁde,
2989 5623 3139 5680 niim.
3192 5623 3285 5686 26.
3339 5623 3517 5676 locum

1946 5703 2087 5753 hunc
2126 5697 2350 5767 exponit
2401 5698 2467 5750 de
2511 5693 2728 5749 Christo
2780 5693 2840 5753 ut
2893 5696 3143 5763 homine,
3187 5704 3242 5750 et
3288 5695 3522 5749 maxime

1948 5770 2193 5825 innititur
2225 5768 2337 5823 voci
2372 5768 2760 5838 κατανοήσατε.
