4060 6406
591 351 696 406 835
1818 349 2054 406 DIDYMI
2095 349 2562 408 ALEXANDRINI
3691 344 3778 410 856

589 462 734 533 quod
767 469 823 516 et
857 461 910 516 in
945 461 1162 517 Christo
1187 461 1336 526 Jesu.
1367 478 1481 534 qut,
1517 476 1638 518 cum
1673 481 1722 518 In
1753 469 1920 520 lorma
1957 465 2050 519 Dei
2075 479 2192 532 es:

2187 476 2234 532 Α
2262 466 2320 517 ἐν
2346 463 2567 535 Χριστῷ
2615 460 2790 533 Ἰησοῦ
2811 479 2824 493 ·
2865 461 2925 527 ὃς
2952 463 3011 516 ἐν
3044 462 3225 533 μορφῇ
3255 459 3388 514 Θεοῦ
3422 460 3674 533 ὑπάρχων,
3699 465 3780 537 οὑχ

589 563 695 619 set,
742 566 851 607 non
899 554 1140 620 rapinam
1183 554 1478 609 arbitratus
1520 565 1754 610 estesse
1794 570 1854 610 se
1896 555 2158 624 aequalem

2261 554 2553 626 ἁρπαγμὸν
2581 557 2821 626 ἡγήσατο
2850 550 2989 607 εἶναι
3035 555 3124 607 ῐσα
3148 551 3266 623 Θεῷ
3283 569 3297 582 ’
3344 553 3455 606 ἀλλ’
3494 554 3664 608 ἐαυτὸν
3688 557 3783 609 ἐκέ-

589 643 722 711 Deo,
760 644 855 699 sed
894 647 1243 712 semetipsum
1289 645 1590 700 exinanivit
1624 646 1854 701 formam
1895 649 2036 702 servi
2078 661 2162 701 ac-

2260 665 2449 711 νωσεν,
2479 647 2691 718 μορφὴν
2727 645 2914 702 δούλου
2947 645 3148 711 λαϐὼν,
3186 647 3242 699 ἐν
3277 645 3571 717 ὁμοιώματι
3607 647 3782 720 ἀνθρὼ-

591 735 822 803 cipiens,
847 736 898 788 in
925 735 1333 790 similitudinem
1363 736 1638 791 hominum
1670 739 1864 803 iactus,
1892 750 1947 792 et
1972 738 2160 792 habitu

2262 757 2378 792 πων
2404 739 2724 810 γενόμενος’
2768 739 2864 792 καὶ
2884 739 3121 809 σχήματι
3150 737 3392 810 εὑρεθεὶς
3421 737 3493 801 ὼς
3520 737 3785 810 ἄνθρωπος,

593 824 848 880 inventus
893 836 952 879 ut
1004 826 1208 881 homo:
1241 826 1547 881 humiliavit
1597 831 1942 898 semetipsum
1986 827 2164 884 factus

2263 830 2622 882 ἐταπείνωσεν
2645 829 2856 893 ἑαυτὸν,
2884 829 3174 899 γενόμενος
3204 829 3440 900 ὑπήκοος
3466 829 3618 900 μέχρι
3648 829 3783 884 θανάο

593 918 850 972 obediens
883 933 1053 988 usque
1083 919 1151 972 ad
1187 928 1436 984 mortem,
1474 929 1701 975 mortem
1749 931 1927 976 autem
1961 919 2159 974 crucis.

2263 940 2379 985 του,
2411 922 2640 976 θανάτου
2668 922 2723 976 δέ
2745 921 2999 991 σταυροῦ.
3025 921 3116 974 Διὸ
3147 921 3240 974 καὶ
3267 921 3296 972 6
3318 921 3447 985 Θεὸς
3480 921 3628 974 αὑτὸν
3644 923 3786 992 ὑπερ-

592 1007 825 1077 Propter
857 1011 1000 1078 quod
1050 1018 1106 1064 et
1147 1010 1290 1067 Deus
1331 1011 1590 1066 exaltavit
1639 1012 1811 1078 illum,
1861 1021 1914 1065 et
1947 1011 2166 1066 donavit

2266 1013 2468 1085 ύψωσε,
2527 1013 2622 1068 καὶ
2670 1014 2962 1086 ἐχαρίσατο
3004 1013 3152 1083 αὑτῷ
3197 1013 3368 1084 ὄνομα
3429 1012 3488 1066 τὸ
3532 1013 3663 1084 ὑπὲρ
3701 1015 3792 1065 πᾶν

593 1096 672 1152 illi
730 1114 950 1165 nomen,
991 1100 1136 1170 quod
1187 1113 1269 1157 est
1318 1115 1482 1170 super
1525 1117 1684 1157 omne
1737 1118 1932 1158 nomen
1963 1118 1980 1156 :
2009 1112 2067 1156 ut
2110 1103 2164 1157 in

2264 1106 2463 1177 ὀνομαο
2503 1106 2593 1159 ἶνα
2635 1108 2693 1158 ἐν
2720 1106 2798 1177 τῷ
2833 1105 3058 1177 ὀνόματι
3099 1105 3275 1174 Ἰησοῦ
3323 1107 3428 1158 πᾶν
3473 1105 3597 1173 γόνυ
3629 1105 3791 1175 κάμψῃ

595 1192 817 1247 nomine
843 1191 970 1248 Jesu
999 1208 1086 1247 om
1099 1208 1163 1248 ne
1200 1209 1336 1262 genu
1374 1193 1623 1248 ﬂectatur
1652 1195 1974 1260 caelestium,
2005 1204 2168 1250 terre-

2266 1198 2624 1272 ἐπουρανίων,
2670 1199 2764 1253 καὶ
2813 1199 3096 1268 ἐπιγείων,
3145 1200 3240 1252 καὶ
3284 1197 3673 1268 καταχθονίων·
3719 1199 3795 1250 καὶ

594 1281 814 1347 Strium,
841 1293 893 1338 et
933 1283 1262 1338 inferuerunt
1296 1305 1312 1340 :
1343 1297 1398 1340 et
1434 1287 1610 1340 omnis
1655 1287 1836 1356 lingua
1881 1287 2166 1342 conﬁtebi-

2267 1292 2418 1344 πᾶσα
2463 1290 2683 1360 γλῶσσα
2729 1291 3218 1363 ἐξομολογήσεται,
3264 1293 3346 1345 ὅτι
3377 1289 3575 1362 Κύριος
3621 1286 3794 1359 Ἰησοῦς

599 1383 706 1440 tur,
730 1375 872 1444 quod
903 1373 1162 1431 Dominus
1195 1375 1352 1431 Jesus
1379 1379 1625 1448 in'gloria
1657 1387 1740 1433 est
1764 1377 1856 1433 Dei
1890 1378 2066 1434 Patris
2096 1397 2112 1433 :
2142 1397 2161 1432 ι

2269 1383 2348 1444 είς
2375 1380 2530 1448 δόξαν
2553 1380 2687 1433 Θεοῦ
2712 1380 2924 1450 Πατρός
2942 1395 2958 1411 ο
2988 1400 3008 1432 ι
3043 1373 3188 1433 οὗτοι
3213 1379 3287 1451 τῷ
3324 1379 3443 1450 μὲν,
3469 1379 3546 1431 ὅτι
3567 1380 3620 1430 ἐν
3643 1377 3795 1448 μορφῇ

597 1469 760 1521 verba
779 1467 1018 1536 quidem,
1037 1469 1231 1537 quibus
1251 1471 1447 1525 dicitur
1484 1470 1750 1538 Christus,
1772 1487 1894 1527 cum
1915 1472 1969 1526 in
1995 1472 2168 1526 forma

2269 1470 2428 1537 Θεοῦ,
2459 1473 2554 1524 καὶ
2583 1470 2673 1525 [σα
2703 1470 2779 1542 τῷ
2803 1471 2920 1542 Θεῴ
2945 1470 3226 1543 ὑπάρχων,
3249 1471 3441 1525 ἐαυτὸν
3463 1469 3726 1533 ἐκένωσεν,
3751 1470 3797 1520 ἐν

597 1556 692 1612 Dei
720 1569 882 1622 esset,
916 1567 970 1614 et
998 1562 1220 1630 aequalis
1253 1561 1386 1627 Deo,
1419 1564 1764 1633 semetipsum
1801 1564 2168 1620 exinanivisse

2269 1561 2348 1634 τῷ
2391 1563 2575 1618 λαϐεῖν
2625 1563 2722 1634 μὲν
2769 1563 2956 1616 δούλου
3006 1562 3242 1634 μορφὴν,
3282 1563 3377 1616 καὶ
3417 1563 3473 1616 ἐν
3515 1557 3800 1614 ταπεινώσει

509 1651 512 1654 ’
597 1663 704 1704 non
739 1650 808 1704 ab
845 1649 954 1705 alio
1004 1661 1242 1718 coactus,
1284 1654 1377 1708 sed
1427 1654 1618 1716 libere.
1655 1655 1780 1708 dum
1815 1655 1888 1710 ita
1939 1656 2108 1712 forma

2272 1655 2579 1728 ἀνθρώπων
2619 1656 2908 1725 γενέσθαι,
2957 1654 3365 1710 ἀπεκδὺσασθαι
3411 1654 3469 1707 δέ
3517 1654 3610 1715 τάς
3655 1650 3801 1723 ἀρχὰς

598 1739 740 1794 servi
791 1741 1024 1811 accepit,
1062 1751 1118 1798 et
1165 1745 1233 1796 ad
1273 1743 1550 1799 hominum
1601 1745 1958 1815 abjectionem
1999 1747 2165 1814 venit,

2273 1747 2368 1799 καὶ
2391 1745 2490 1809 τάς
2522 1745 2790 1810 ἐξουσίας,
2812 1745 2911 1816 οὑχ
2932 1744 3120 1814 ἐτέρου
3149 1745 3385 1814 ἀνάγκῃ,
3415 1742 3528 1798 ἀλλ’
3556 1739 3799 1801 ἑκουσίως

598 1841 658 1884 ιιι
685 1829 846 1884 simul
883 1834 1047 1887 etiam
1082 1835 1419 1904 principatus
1475 1846 1531 1890 et
1566 1847 1864 1906 potestates
1897 1838 2166 1908 exspolia-

2202 1839 2243 1893 B
2275 1837 2509 1908 ἔχουσιν⁶
2535 1836 2614 1908 τῷ
2643 1836 2720 1900 δέ,
2760 1855 2778 1887 ι
2811 1836 2905 1889 Διὸ
2934 1835 3028 1890 καὶ
3053 1837 3081 1889 6
3109 1835 3242 1898 Θεὸς
3271 1834 3434 1889 αὑτὸν
3483 1832 3797 1904 ὑπερύψωσε,

599 1923 738 1978 verit
763 1911 900 1995 (84),
932 1926 1207 1995 negligunl
1228 1926 1339 1997 (85)
1371 1927 1458 1982 isti
1509 1927 1780 1995 haeretici;
1829 1929 2010 1984 verbis
2042 1943 2170 1982 vero

2275 1928 2370 1980 καί
2385 1927 2676 1998 ἐχαρίσατο
2693 1925 2841 1996 αὑτῷ
2862 1924 3032 1995 ὄνομα
3051 1924 3112 1977 τὸ
3138 1925 3276 1994 ὑπὲρ
3304 1925 3410 1978 πᾶν
3438 1922 3619 1993 ὄνομα,
3640 1941 3657 1973 ι
3673 1917 3803 1989 άτρέ-

600 2011 773 2079 hisce,
811 2031 830 2064 ι
859 2013 983 2068 Ideo
1008 2023 1064 2067 et.
1093 2013 1234 2070 Deus
1265 2017 1527 2070 exultavit
1563 2017 1735 2085 illum,
1770 2027 1824 2072 et
1852 2018 2068 2072 donavit
2094 2017 2168 2074 illi

2277 2035 2427 2081 πτως
2458 2015 2832 2079 ἐπιϐάλλουσι,
2871 2014 3047 2068 καίτοι
3085 2013 3186 2084 τῆς
3213 2033 3231 2065 ι
3263 2013 3343 2066 διὸ
3375 2032 3395 2065 ι
3428 2012 3618 2079 λέξεως
3640 2024 3805 2079 σημαι·

601 2118 819 2168 nomen,
854 2105 996 2172 quod
1028 2117 1113 2161 est
1136 2121 1298 2176 super
1325 2121 1485 2162 omne
1510 2122 1731 2172 nomen,
1769 2125 1790 2158 ι
1823 2107 2173 2162 itntnobiliter

2277 2107 2495 2180 νούσης,
2528 2107 2604 2173 ὡς
2631 2107 2720 2161 διὰ
2762 2105 2822 2160 τὸ
2848 2106 3247 2176 παραπλησίως
3271 2104 3382 2158 τῶν
3411 2103 3633 2158 παιδίων
3659 2117 3806 2154 κεκοι-

602 2195 861 2251 insistunt
895 2214 908 2250 :
943 2197 1042 2251 etsi
1090 2212 1190 2251 vox
1227 2216 1247 2250 ι
1278 2199 1399 2253 ideo
1426 2217 1446 2250 ι
1502 2199 1805 2270 signiticet,
1856 2197 2169 2265 Christum,

2277 2199 2577 2272 νωνηκέναι
2610 2198 2810 2270 σαρκὸς
2835 2201 2927 2253 καὶ
2949 2198 3200 2269 αἵματος,
3225 2197 3372 2260 τότε,
3400 2197 3494 2249 καὶ
3516 2195 3610 2248 οὑκ
3631 2191 3806 2253 άλλοτε,

602 2286 728 2354 quia
765 2287 1014 2342 similiter
1035 2305 1098 2343 ac
1121 2291 1298 2360 pueri,
1330 2290 1747 2346 communicavit
1772 2290 1922 2345 carni
1951 2299 2006 2345 et
2046 2303 2173 2344 san-

2279 2289 2613 2362 ὑπερυψώθη
2658 2289 2720 2343 τὸ
2755 2289 3122 2362 δουλοπρεπὲς
3171 2287 3391 2359 μέτρον,
3444 2286 3538 2340 καὶ
3584 2279 3808 2353 ἐχαρίσθη

603 2378 774 2448 ευὶιιί,
821 2379 944 2435 ideo
978 2391 1124 2446 tunc,
1184 2397 1288 2436 non
1346 2396 1474 2437 vero
1508 2380 1665 2449 alias,
1707 2380 2006 2435 exaltatum
2053 2394 2174 2435 esse

2279 2383 2427 2455 αὑτῷ
2451 2385 2622 2455 ὄνομα
2647 2381 2709 2436 τὸ
2754 2384 2894 2454 ὑπὲρ
2923 2384 3030 2437 πᾶν
3058 2381 3231 2453 ὄνομα
3253 2421 3268 2445 ,
3301 2380 3366 2434 τὸ
3396 2379 3606 2433 πάντων
3638 2389 3807 2447 προφε-

607 2485 773 2541 supra
818 2471 1069 2527 servilem
1103 2471 1492 2540 conditionem,
1526 2483 1580 2528 et
1608 2474 1862 2528 donatum
1899 2472 1974 2527 illi
2006 2471 2174 2528 fuisse

2284 2476 2537 2548 ρέστατον
2554 2491 2568 2504 °
2601 2477 2660 2528 οὑ
2695 2476 2800 2547 μὴν
2825 2477 2905 2529 ὅτι
2931 2478 2960 2529 6
2985 2474 3294 2546 Μονογενὴς
3325 2471 3490 2544 (περὶ
3519 2462 3578 2524 οῦ
3629 2469 3811 2536 λέγουσι

604 2580 827 2630 nomen,
855 2565 998 2634 quod
1036 2573 1120 2619 est
1167 2579 1332 2636 super
1369 2579 1530 2620 omne
1568 2579 1787 2629 nomen,
1820 2578 1885 2620 ac
1932 2563 2173 2620 omnium

2279 2567 2379 2638 τῆς
2423 2582 2482 2618 τε
2513 2565 2739 2637 βροντῆς
2769 2566 2797 2618 6
2843 2565 2960 2630 υἱὸς
2981 2607 2996 2630 ,
3041 2564 3117 2628 ὼς
3144 2562 3398 2635 ἀληθινὸς
3435 2561 3564 2625 Θεὸς
3602 2559 3684 2612 καὶ
3708 2556 3814 2626 άλη-

603 2653 1120 2723 praestantissimum
1153 2672 1167 2710 :
1201 2670 1307 2709 non
1335 2662 1512 2709 tamen
1545 2653 1839 2724 signiﬁcat,
1873 2654 2016 2725 quod
2053 2653 2178 2710 Uni-

2282 2657 2426 2720 θινὸς
2457 2656 2586 2719 Υἱὸς
2629 2654 2787 2708 Θεοῦ*
2823 2653 2919 2708 καὶ
2963 2652 3194 2719 Παῦλος,
3236 2653 3312 2717 ὡς
3345 2651 3455 2725 πρὸ
3497 2651 3594 2722 τῆς
3621 2648 3732 2721 [175
3769 2641 3811 2716 b]

607 2744 826 2813 genitus
855 2745 1038 2816 (quem
1063 2745 1393 2819 aiunt36ﬁI
1417 2746 1640 2802 tonitrui
1665 2748 1881 2818 quidem
1906 2748 2046 2802 ﬁlius
2065 2748 2175 2820 (86)

2281 2746 2563 2810 κενώσεως
2585 2748 2643 2800 ἐν
2681 2749 2861 2818 μορφῇ
2888 2747 2982 2799 καὶ
3009 2745 3216 2818 ἰσότητι
3237 2743 3332 2797 τοῦ
3363 2743 3498 2797 Θεοῦ
3526 2743 3615 2796 καὶ
3638 2736 3811 2808 Πατρὸς

605 2849 733 2890 esse
768 2850 954 2891 verum
988 2835 1156 2892 Deum
1187 2847 1244 2893 et
1287 2853 1472 2892 verum
1506 2837 1701 2893 Filium
1737 2837 1829 2893 Dei
1861 2837 2008 2911 (87);
2033 2838 2177 2893 Pau-

2280 2835 2370 2912 ἦν)
2403 2839 2531 2893 δοτά
2561 2840 2828 2910 ἐκτήσατο
2862 2840 3055 2893 ταῦτα.
3115 2837 3352 2891 Ἐπείτοι
3383 2837 3478 2891 καὶ
3515 2836 3679 2890 ἄτοπα
3717 2831 3812 2884 λίαν

609 2927 692 2982 lus
731 2942 880 2994 vero,
935 2938 1061 2984 ante
1111 2930 1534 2984 exinanitionem
1576 2929 1742 2986 fuisse
1794 2931 1847 2985 in
1889 2929 2060 2984 forma
2124 2939 2180 2984 et

2282 2934 2347 2986 ἐκ
2391 2931 2577 2986 τούτου
2607 2933 2952 3004 είσφέρεται’
2998 2931 3056 2984 ἓν
3103 2929 3226 3000 μὲν,
3263 2929 3490 3001 ὅτιπερ,
3535 2929 3583 2981 εἰ
3617 2928 3671 2980 ἐν
3700 2920 3813 2995 ψιλῷ

607 3019 920 3088 aequalitate
960 3020 1052 3074 Dei
1083 3019 1280 3091 Patris)
1327 3021 1443 3076 hazc
1477 3022 1580 3076 sibi
1619 3022 1743 3077 data
1779 3023 2127 3092 acquisivcrit
2161 3041 2176 3078 :

2283 3022 2380 3075 καὶ
2407 3021 2552 3092 μόνῳ
2578 3022 2655 3094 τῷ
2684 3021 2909 3093 ὀνόματι
2932 3021 3272 3094 διακέκριται
3297 3021 3432 3085 Θεὸς
3457 3022 3487 3073 ό
3515 3019 3657 3083 Υἱὸς,
3689 3016 3814 3069 πλεο-

610 3109 764 3178 plura
811 3109 954 3164 enim
995 3111 1150 3165 valde
1201 3112 1433 3166 absurda
1483 3112 1608 3167 inde
1649 3112 1999 3168 inferrentur.
2043 3111 2179 3167 Nam

2284 3114 2535 3183 νεκτήσει
2561 3113 2659 3184 τὴν
2705 3114 2902 3176 κτίσιν,
2933 3113 2968 3184 ἢ
3006 3113 3222 3184 μικρὸν,
3250 3112 3284 3185 ἢ
3315 3113 3379 3166 τὸ
3409 3111 3623 3184 σύμπαν
3661 3105 3812 3162 οὐδέν·

609 3203 788 3271 primo
820 3202 865 3256 si
911 3199 1078 3256 Filius
1124 3203 1266 3257 nuda
1317 3212 1374 3257 et
1434 3203 1549 3258 sola
1603 3202 1698 3258 Dei
1751 3204 2110 3274 appellatione
2149 3209 2212 3258 a‘

2213 3195 2250 3251 ε
2281 3204 2532 3276 δεύτερον
2571 3204 2629 3258 δέ
2653 3247 2668 3271 ,
2715 3206 2799 3282 ὅτι
2841 3203 3239 3275 ἐξολισθήσειεν
3283 3203 3453 3260 αὑτοῦ
3509 3201 3643 3257 κατά
3676 3215 3730 3269 γε
3769 3193 3816 3248 τὸ

615 3293 886 3348 creaturis
915 3293 1363 3363 distingueretur,
1403 3294 1499 3349 has
1545 3305 1640 3348 aut
1673 3309 1888 3365 parum,
1922 3303 2017 3349 aut
2047 3294 2184 3349 nihil

2283 3295 2582 3368 ἐγχωροῦν,
2626 3297 2721 3351 καὶ
2752 3297 2876 3350 ὅσον
2917 3291 3051 3368 ἦκεν
3080 3298 3161 3360 είς
3203 3295 3467 3367 λογισμὸν
3494 3295 3553 3348 τὸ
3581 3293 3811 3366 χάρισμα⁶

611 3388 772 3456 plane
822 3385 1190 3440 antecelleret.
1231 3385 1484 3448 Secundo
1519 3385 1827 3455 huiusmodi
1874 3387 2076 3442 donum
2115 3388 2182 3442 ad

2286 3387 2512 3459 ἐπείπερ
2541 3387 2602 3441 τὸ
2632 3387 2784 3440 δοτὸν
2813 3388 2914 3442 οὑκ
2936 3389 3017 3452 είς
3058 3389 3168 3442 πᾶν
3208 3385 3583 3459 ἐρειρισμένον
3611 3382 3694 3438 καὶ
3727 3380 3817 3432 6n:-

613 3478 841 3532 nihilum
875 3478 1230 3547 redigeretur,
1265 3478 1311 3534 si
1341 3477 1395 3534 id
1429 3478 1645 3548 quidem
1685 3478 2014 3544 attendatur,
2042 3479 2187 3548 quod

2289 3480 2468 3551 μένον,
2517 3479 2632 3532 ἀλλ’
2683 3479 3055 3548 εὑαπόὸλητόν
3097 3495 3244 3541 ’πως⁹
3303 3478 3511 3550 τρίτον,
3556 3477 3743 3543 ὅτιπερ,
3779 3469 3816 3519 εἰ

613 3572 730 3626 ﬁeri
765 3581 967 3640 posset,
997 3577 1092 3624 aut
1123 3571 1178 3625 in
1222 3581 1457 3626 mentem
1499 3582 1740 3627 nostram
1771 3571 1958 3625 venire
1989 3589 2003 3626 :
2043 3569 2187 3640 quod

2287 3571 2427 3625 κατὰ
2458 3570 2556 3644 τὴν
2601 3571 2831 3642 θεότητα
2856 3570 3076 3641 νοηθείη
3117 3569 3402 3639 εἰληφέναι
3430 3569 3491 3622 τὸ
3521 3569 3654 3620 θεῖον
3677 3563 3813 3630 ὑνομα

616 3663 762 3719 enim
796 3651 1052 3718 donatum
1081 3663 1206 3730 fuit,
1233 3679 1338 3718 non
1363 3673 1447 3720 est
1475 3665 1694 3719 omnino
1742 3664 1937 3718 stabile
1967 3678 2032 3718 ac
2063 3678 2188 3733 per-

2285 3664 2347 3716 τὸ
2372 3663 2694 3734 τηνικαῦτα,
2740 3664 2830 3717 ὅτε
2862 3664 2922 3716 ἐν
2954 3662 3145 3733 κόσμῳ
3167 3661 3366 3732 ἐφάνη,
3405 3661 3740 3732 εὑρεθήσεται
3761 3649 3818 3720 μὴ

615 3766 868 3817 manens,
902 3752 995 3807 sed
1037 3751 1300 3820 ejusmodi
1330 3751 1466 3818 fere,
1503 3765 1561 3807 ut
1599 3753 1776 3808 amitti
1813 3753 1970 3808 facile
1999 3763 2185 3824 queat.

2288 3754 2537 3825 ἐσχηκὼς
2577 3754 2683 3826 πρὸ
2718 3754 2934 3818 τούτου,
2973 3753 3002 3806 ὃ
3043 3752 3268 3824 ὕστερον
3297 3752 3515 3816 ἔλαϐεν,
3543 3751 3648 3805 ἀλλ’
3669 3748 3817 3812 ὥσπερ

616 3845 801 3900 Tertio
830 3846 877 3899 si
924 3843 1120 3899 Filium
1161 3845 1452 3900 secundum
1502 3845 1762 3900 Deitatem
1797 3845 2040 3899 divinum
2087 3860 2187 3899 no-

2287 3863 2341 3900 τι
2381 3846 2662 3918 χάρισμα,
2705 3846 2740 3918 ἢ
2769 3846 2958 3917 μισθὸν
3000 3845 3370 3917 κομισάμενος
3411 3844 3550 3914 ὑπὲρ
3589 3842 3681 3911 τῆς
3712 3836 3817 3907 πρὸς

614 3952 740 3992 tuen
786 3948 912 3991 tunc
944 3937 1220 4006 accepisse
1266 3936 1660 4004 concipiamus,
1706 3953 1831 3992 cum
1885 3937 1938 3990 in
1993 3937 2189 3990 mundo

2290 3938 2434 4008 ἡμᾶς
2476 3934 2731 4004 ἀφίξεως.
2763 3935 2934 3998 Αὐτὸς
2976 3935 3032 3988 δέ
3061 3935 3158 3988 καὶ
3201 3935 3260 3999 ἐξ
3302 3935 3536 4006 ἀπείρου
3577 3930 3819 4001 ὑψώματος

616 4030 898 4100 apparuit;
930 4038 1184 4099 sequetur
1210 4035 1269 4082 ut
1315 4029 1428 4099 ipse
1465 4029 1517 4082 id
1561 4039 1719 4083 antea
1771 4044 1874 4083 non
1917 4029 2187 4093 habuerit,

2289 4027 2358 4080 δι’
2394 4028 2541 4098 ἡμᾶς
2594 4029 2651 4080 ἐν
2686 4028 2798 4090 τοῖς
2837 4026 2960 4080 καθ’
3011 4028 3158 4098 ἡμᾶς
3212 4027 3406 4082 ἐαυτὸν
3464 4025 3710 4079 ἐκένωσε⁶
3748 4015 3819 4072 καὶ

616 4123 760 4192 quod
789 4130 972 4192 postea
1000 4119 1231 4189 accepit,
1251 4121 1346 4176 sed
1381 4120 1527 4175 velut
1549 4120 1816 4189 quoddam
1845 4121 2067 4184 donum,
2095 4130 2190 4174 aut

2290 4118 2378 4172 διὰ
2421 4119 2482 4172 τὸ
2538 4115 2675 4171 εἶναι
2731 4117 2976 4187 φυσικῶς
3023 4118 3150 4182 Υἱὸς
3185 4119 3380 4186 Λόγος,
3437 4118 3530 4171 καὶ
3582 4117 3635 4169 ἐν
3676 4107 3819 4184 μορφῇ

617 4215 924 4270 mercedem
955 4228 1053 4283 pro
1083 4229 1183 4269 suo
1213 4214 1279 4268 ad
1313 4229 1412 4269 nos
1455 4214 1685 4267 adventu
1727 4213 1778 4267 id
1819 4211 2086 4266 retulerit.
2121 4213 2192 4266 At

2291 4209 2458 4277 Θεοῦ,
2488 4211 2580 4264 καὶ
2615 4210 2704 4262 ἴσα
2743 4209 2862 4281 Θεῷ
2883 4251 2898 4274 ,
2929 4211 3023 4263 καὶ
3052 4210 3184 4273 Θεὸς
3219 4212 3276 4263 ἐν
3309 4211 3456 4281 ἀρχῇ
3504 4208 3578 4262 ὢν
3602 4205 3723 4276 πρὸς
3750 4200 3819 4251 τὸν

617 4321 750 4362 vero
786 4307 903 4376 ipse
938 4316 994 4360 et
1021 4319 1091 4360 ex
1123 4304 1333 4359 inﬁnita
1359 4304 1642 4358 altitudine
1669 4317 1788 4358 sese
1819 4313 2041 4372 propter
2071 4316 2186 4364 nos,

2292 4299 2444 4364 Θεὸν,
2474 4299 2586 4354 οὔτ’
2615 4300 2812 4365 ἔξωθεν
2835 4301 3247 4372 είσκεκριμένον
3285 4303 3386 4354 καὶ
3414 4301 3566 4355 νόθον
3591 4293 3692 4352 οἷον
3712 4294 3819 4363 ἔχων

617 4413 840 4454 carnem
879 4405 1076 4452 nostra:
1128 4395 1361 4451 similem
1412 4409 1720 4461 assumens,
1768 4393 2088 4458 exiuanivit,
2136 4401 2193 4447 et

2293 4389 2353 4443 τὸ
2374 4390 2755 4462 ἁπαράὸλητον
2778 4390 2967 4461 ὄνομα,
2997 4388 3108 4443 οὔθ’
3134 4389 3360 4462 ὕστερον
3380 4391 3555 4461 τούτῳ
3576 4391 3818 4452 ἐκτετιμη-

618 4506 742 4545 eum
771 4498 917 4545 esset
943 4487 1262 4542 naturaliter
1280 4497 1336 4542 et
1364 4487 1530 4542 Filius
1558 4484 1812 4552 Verbum,
1847 4496 1903 4541 et
1932 4486 1985 4540 in
2014 4485 2188 4540 forma
2220 4536 2221 4539 η

2220 4535 2264 4555 ἢ
2299 4483 2476 4554 μένος,
2505 4484 2776 4554 ἐπανῆλθε
2803 4484 2964 4538 πάλιν
2989 4484 3068 4545 είς
3093 4484 3228 4555 ὅπερ
3253 4479 3322 4555 ἦν
3348 4484 3439 4537 ἀεὶ
3461 4484 3556 4537 καὶ
3587 4482 3640 4533 ἐν
3663 4475 3819 4548 ἀρχαῖς

617 4582 741 4658 Dei,
770 4590 826 4636 et
853 4580 1077 4649 aequalis
1117 4581 1244 4647 Deo,
1274 4589 1330 4634 et
1356 4563 1498 4634 Deus
1537 4581 1590 4634 in
1622 4578 1886 4648 principio
1918 4577 2187 4632 exsistens

2220 4535 2264 4588 θ
2292 4535 2625 4647 implexa
2656 4535 2940 4643 uaga
2971 4535 3065 4642 ei;
3087 4535 3326 4649 εμφὶιτὲν
3355 4535 3650 4648 ἠτιμὴνκαὶ
3677 4535 3817 4631 δὶέαν.

619 4677 761 4744 apud
803 4675 998 4741 Deum,
1033 4689 1207 4743 neque
1243 4671 1518 4742 singulare
1560 4671 1692 4726 illud
1737 4680 1792 4725 et
1845 4671 2186 4740 incompara-

2293 4670 2389 4722 καὶ
2417 4670 2497 4733 είς
2527 4670 2662 4724 ίδίαν
2691 4669 2790 4742 τὴν
2821 4672 2887 4724 ἐκ
2912 4669 3100 4735 δεξιῶν
3129 4669 3224 4724 τοῦ
3253 4669 3450 4724 ἐαυτοῦ
3479 4665 3682 4739 Πατρὸς
3724 4677 3820 4713 συν·

617 4767 729 4822 bile
774 4781 966 4820 nomen
1005 4765 1353 4820 extrinsecus
1402 4764 1631 4819 ascitum
1654 4763 1768 4834 (88)
1834 4762 2080 4827 haberet,
2125 4774 2191 4814 ac
2296 4760 2503 4831 εδρίαν.

620 4857 786 4912 veluti
830 4856 1216 4921 adulterinum,
1249 4872 1348 4910 nec
1406 4855 1595 4910 eodem
1662 4855 1935 4926 posterius
1971 4853 2257 4908 decoratus
2296 4853 2399 4918 sit;
2457 4868 2712 4908 reversus
2755 4861 2841 4909 est
2888 4869 3078 4911 rursus
3131 4855 3197 4908 ad
3243 4840 3820 4914 eminentissimam(39)

620 4948 977 5015 altitudinem,
1009 4947 1062 5001 in
1093 4962 1196 5016 qua
1227 4961 1441 5017 semper
1496 4956 1551 5001 et
1591 4949 1643 5000 in
1675 4946 1940 5016 principio
2003 4955 2141 5013 erat,
2207 4953 2263 4999 ct
2298 4946 2364 4999 ad
2413 4947 2715 5002 naturalem
2767 4946 2872 5002 sibi
2923 4947 3218 5016 honorem,
3266 4963 3333 5002 ac
3377 4945 3636 5016 gloriam,
3684 4947 3731 4992 et
3770 4931 3820 4984 ad

621 5043 896 5116 propriam
923 5042 1328 5099 eonsessionem
1363 5057 1394 5096 a
1423 5043 1629 5098 dextris
1659 5042 1835 5098 Patris
1870 5042 1976 5098 sui.

691 5231 806 5300 (84)
839 5226 1245 5300 Easpoliaverit.
1274 5225 1486 5300 Coloss.
1521 5240 1583 5287 ιι.
1617 5223 1707 5300 ιβ.
1936 5295 1984 5300 ,Α
2079 5295 2092 5300 _

2294 5239 2414 5300 cap.
2449 5223 2824 5300 4._segm.__76,
2865 5221 3331 5300 οίιεείσκρίνεται
3379 5218 3524 5300 κατά
3569 5215 3666 5300 τάςΔ

691 5283 808 5372 (θ.έῆ
852 5283 1169 5372 Negﬂigunt1
1201 5298 1358 5372 Cod.,
1401 5283 1839 5372 Exaudi._ltaque
1882 5295 2187 5372 addendum

2295 5283 2374 5348 τὸ’
2404 5283 2642 5362 πνεῦμα.
2689 5283 2949 5372 Quamvis
2995 5283 3139 5349 enini
3191 5296 3462 5361 interpres
3511 5283 3819 5372 transtulerit:

617 5351 1071 5427 esi'idverbiuﬁi
1103 5351 1463 5436 ιιΙνίιιιιοιίίιιιί⁸
1480 5351 1781 5435 όλιγώρωξ,
1817 5376 1912 5436 aut
1949 5365 2187 5436 ἀμελῶς,

2303 5379 2441 5432 «νει-
2478 5351 2638 5418 nares
2669 5351 2999 5436 discernitur
3049 5379 3253 5436 vapor,
3311 5351 3494 5436 [auten
3549 5351 3818 5436 vertenda!!!

620 5441 1014 5513 legendumque
1044 5429 1499 5513 in_super_ioribus
1512 5429 1621 5489 τῶν
1651 5429 1750 5505 pro
1779 5434 1888 5506 τῷο
1917 5429 2022 5489 ιιὶέί
2049 5435 2188 5490 forte
2291 5429 2489 5513 censeo
2513 5449 2523 5482 :
2560 5451 2578 5483 ‹
2601 5449 2700 5504 per
2726 5448 2886 5489 nares
2915 5429 3280 5490 introducitur
3311 5429 3497 5496 ﬂatus,
3523 5448 3543 5482 ι
3574 5441 3668 5482 seu
3696 5431 3821 5485 σενι·

622 5506 722 5568 νᾶκ
748 5506 938 5580 ἔχουσι
971 5507 1356 5580 mendosasit.
1391 5575 1447 5580 ψ
1476 5578 1485 5580 _
1544 5576 1583 5580 __
1676 5576 1692 5580 _
1727 5574 1744 5580 ,
1993 5573 2053 5580 μ

890 5506 938 5560 τι
971 5509 1247 5580 mendosa
1261 5507 1356 5580 sit.
1391 5575 1447 5580 μ’
1476 5578 1485 5580 _
1544 5576 1583 5580 μ
1676 5576 1692 5580 _
1727 5574 1744 5580 Α
1993 5573 2053 5580 μ
2291 5506 2493 5580 ritus.)

695 5560 1354 5661 (§§?'1r“unitlrui...ﬁlius.
1372 5575 1520 5661 *γῆμε
1543 5576 1692 5661 Epkl
1719 5574 1880 5656 J.oan.
1917 5573 2082 5641 v,20.
2365 5573 2475 5661 ‘89)
2510 5560 3818 5661 Eminengtisjsimam.‘lisibraritlsAscripserftmﬁfff;

695 5629 809 5723 (si;
847 5629 1202 5723 pagana;
1232 5648 1318 5723 ea;
1440 5629 1601 5723 Legg;
1625 5629 1787 5700 esse.
1955 5629 1970 5641 ν
1999 5716 2051 5723 η
2291 5666 2298 5697 .

2291 5629 2676 5723 ανὲχωνχιιιιιι
2725 5642 3162 5723 inductanlittera
3202 5662 3246 5696 ω
3265 5642 3416 5723 "fecit
3442 5629 3495 5694 ο.’
3523 5629 3816 5723 Itaqttq

838 5719 1094 5770 Auitum.
1268 5703 1475 5781 Crzeco,
1531 5703 1960 5792 ἔίσκεκριμένον,
1999 5716 2187 5792 illest,
2291 5738 2297 5764 t

2291 5727 2345 5769 et
2374 5703 2897 5792 iiise,_61_tapagéxoy.
2933 5712 3045 5769 Nec
3079 5714 3224 5767 enim
3265 5712 3432 5766 Filius
3459 5703 3815 5792 semperqtifif:

629 5769 1065 5875 (introductum.
1084 5769 1116 5842 γι
1146 5769 1261 5846 Hoc
1281 5769 1480 5854 ise—titan,
1512 5798 1569 5841 ut
1599 5769 1750 5858 ρυιυζ
1782 5769 1979 5845 ἰὀιίυὶ
2003 5769 2187 5854 ubi“;

2294 5769 2470 5856 ανείχε
2494 5769 2558 5839 ἐν
2586 5769 2878 5855 ἀρ’χαῖςῗίιι
2905 5795 3010 5852 est,
3041 5801 3145 5840 non
3180 5798 3391 5854 semper
3427 5800 3448 5834 ι
3474 5769 3608 5836 inter
3633 5769 3815 5838 angelus
