4060 6406
562 282 670 343 859

1805 285 2037 344 DIDYMI
2073 286 2545 343 ALEXANDRINI
3502 318 3503 325 η
3684 284 3773 339 860

562 400 730 454 enini?
764 408 858 454 aut
894 400 1019 470 quia
1050 399 1286 457 intendis
1312 408 1545 458 mentem
1587 401 1640 456 in
1673 402 1888 471 ipsum?
1917 412 2001 455 aut
2051 402 2132 456 in—

2246 404 2638 475 Ξιναμάρτητον,
2668 399 3097 472 ὑπεράνθρωπόν
3139 401 3275 452 ἐστι.
3302 396 3403 451 Διὰ
3422 396 3574 451 τοῦτο
3598 413 3777 467 κεχρτεν

563 492 892 561 spectionem
938 492 1055 563 ejus
1099 494 1232 549 facis
1254 494 1365 565 (96)
1403 509 1573 563 usque
1608 494 1673 548 ad
1720 494 2038 556 diluculum,
2084 504 2141 548 et

562 582 616 635 in
657 582 844 650 requie
892 597 1014 637 eum
1053 582 1306 652 judicas?
1333 605 1352 638 ι
1390 582 1510 654 ipse
1555 600 1720 649 vero,
1765 585 1816 638 id
1872 596 1994 646 est,
2030 584 2138 637 Do-

2238 494 2515 565 σμῴδηται
2558 494 2654 558 τὺ,
2704 512 2721 545 ι
2775 493 2864 545 Ἐν
2913 488 3220 561 ὁμοιώματι
3270 489 3366 543 καὶ
3418 487 3648 558 σχήματι
3694 488 3778 542 ἀν-

2236 584 2494 655 θρώπων.

564 674 763 739 minus,
798 675 963 747 366
992 694 1011 727 ι
1049 687 1330 746 peccatum
1366 678 1477 750 (97)
1511 694 1613 733 non
1657 677 1802 741 fecit,
1837 697 1856 729 ι
1894 687 1950 732 ut
1975 687 2128 730 antea
2171 678 2372 731 dictum
2417 688 2523 744 est,
2557 698 2575 729 ι
2606 692 2705 732 nec
2747 681 2996 730 inventus
3062 683 3146 730 est
3187 673 3339 729 dolus
3373 688 3425 727 tn
3486 686 3581 727 ore
3606 673 3771 740 ejus.»

567 768 668 833 Qui
716 777 894 822 autem
957 780 1040 824 est
1123 772 1329 840 peccati
1417 786 1632 841 expers,
1715 781 1799 826 est
1852 788 2013 843 supra
2061 772 2305 827 homines
2351 771 2486 844 (98).
2539 770 2654 827 [lac
2702 772 2767 825 de
2844 783 3008 824 causa
3059 766 3301 823 divinum
3355 763 3628 820 oraculum
3675 762 3775 816 ait:

578 880 597 915 ι
630 862 684 916 lu
715 864 1069 919 similitudine
1113 876 1167 919 et
1196 866 1378 921 habitu
1404 867 1701 921 hominum.
1735 886 1755 919 ι

1214 955 1366 1011 CAP.
1406 957 1497 1013 XI.

640 1042 719 1098 Ne
758 1044 886 1099 illud
928 1045 1166 1115 quidem,
1201 1048 1343 1114 quod
1381 1048 1432 1101 in
1472 1046 1680 1103 Joanne
1713 1047 1930 1120 legitur,
1977 1068 1996 1100 ι
2028 1049 2136 1117 Ego

569 1134 690 1188 vivo
716 1135 826 1204 (99)
877 1145 1094 1204 propter
1139 1135 1375 1202 Patrem,
1412 1158 1431 1190 ι
1486 1140 1863 1195 haereticorum
1916 1156 2137 1195 causam

572 1225 681 1279 ullo
709 1229 868 1280 modo
887 1227 1075 1294 juvare
1107 1239 1301 1298 potest.
1330 1228 1424 1284 Sic
1452 1231 1596 1284 enim
1631 1231 1866 1299 loquitur
1892 1232 2141 1286 Salvator

571 1325 665 1370 aut
705 1328 924 1386 propter
978 1321 1288 1388 prmdict‘um
1337 1322 1728 1377 lncarnationis
1778 1323 2013 1385 modum,
2051 1332 2145 1376 aut

572 1407 698 1474 quia
745 1406 860 1476 ipse
891 1409 1104 1475 genitus
1128 1420 1209 1463 est
1249 1412 1355 1463 vita
1385 1426 1449 1463 ex
1484 1411 1589 1463 vita
1622 1422 1869 1480 paterna,
1910 1423 1965 1466 et
1992 1413 2079 1467 lux
2113 1428 2144 1469 e

573 1497 713 1563 luce,
767 1507 821 1552 et
862 1498 1004 1555 Deus
1031 1515 1097 1555 ex
1135 1501 1266 1557 Deo.
1297 1503 1479 1571 itaque
1507 1511 1561 1558 et
1597 1504 1701 1558 hoc
1742 1503 1811 1557 ab
1840 1520 1905 1559 eo
1932 1505 2143 1559 audivi-

574 1602 695 1642 mus
717 1589 856 1654 apud
884 1591 1133 1645 eumdem
1151 1591 1414 1647 Joannem
1445 1611 1458 1647 :
1490 1611 1510 1645 ι
1545 1593 1658 1662 Ego
1681 1610 1798 1649 sum
1828 1594 1907 1664 (1)
1933 1597 2063 1659 vita,
2089 1603 2144 1651 et

573 1676 697 1747 lux;
731 1698 751 1731 ι
785 1688 838 1733 ει
866 1695 1086 1735 rursus:
1117 1699 1135 1732 ι
1168 1681 1333 1737 Filius
1362 1682 1461 1754 (‘2),
1506 1698 1641 1753 quos
1667 1684 1800 1751 vult,
1830 1684 2088 1740 vivificat.
2118 1703 2137 1737 ι

2864 945 3022 998 ΚΕΦ.
3072 944 3175 999 IA'.

2307 1043 2416 1098 Kal.
2444 1040 2504 1094 τὸ
2528 1038 2680 1112 παρὰ
2706 1037 2947 1109 Ἰωάννῃ,
2982 1055 3000 1087 ι
3038 1034 3178 1103 Ἐγὼ
3200 1032 3278 1099 ζῶ
3294 1032 3381 1086 διὰ
3394 1031 3483 1086 τὸν
3504 1027 3731 1099 Πατέρα,
3754 1044 3770 1078 ι

2239 1133 2534 1203 οὐδαμόθεν
2560 1132 2671 1203 ἔχει
2698 1131 2910 1201 λῆμμα.
2950 1131 3019 1181 Ἦ
3040 1127 3148 1198 γὰρ
3176 1127 3339 1179 ἕνεκα
3362 1123 3454 1177 τοῦ
3487 1119 3780 1192 προ).εχθέ,ν-

2239 1242 2331 1288 τος
2362 1224 2461 1295 τῆς
2505 1220 2816 1292 οἰκονομίας
2857 1219 3071 1291 εἴρηται
3112 1216 3349 1288 τρόπου,
3395 1213 3429 1284 ἦ
3472 1212 3558 1265 διὰ
3598 1210 3655 1264 τὸ
3696 1224 3780 1261 πε-

2244 1315 2469 1385 φηνέναι
2496 1313 2660 1367 αὑτὸν
2702 1310 2845 1383 ζωὴν
2871 1312 2935 1363 ὲκ
2972 1309 3119 1379 ζωῆς
3147 1306 3438 1378 πατρικῆς,
3469 1304 3543 1367 ὡς
3568 1302 3656 1355 καὶ
3682 1300 3781 1371 φῶς

2240 1407 2305 1459 ὲκ
2356 1406 2553 1474 φωτὸς,
2590 1405 2684 1458 καὶ
2709 1403 2840 1456 Θεὸν
2870 1403 2934 1455 ὲκ
2975 1398 3133 1454 Θεοῦ.
3181 1397 3481 1468 Τοιγαροῦν
3519 1395 3613 1449 καὶ
3647 1392 3781 1445 τοῦτο

2240 1496 2554 1567 ἠκούσαμεν
2588 1495 2752 1548 αὐτοῦ
2780 1493 2910 1564 παρ’
2943 1490 3092 1562 αὑτῷ
3145 1490 3363 1559 Ἰωάννῃ
3389 1504 3404 1518 ’
3446 1505 3467 1539 ι
3526 1484 3659 1554 Ἑγὼ
3683 1485 3781 1555 εἰμι

2241 1592 2275 1662 ὴ
2312 1587 2426 1659 ζωὴ
2455 1589 2549 1641 καὶ
2578 1588 2639 1641 τὺ
2665 1587 2815 1657 φῶςο
2851 1605 2871 1639 ι
2902 1585 2996 1639 καὶ
3029 1582 3211 1638 πάλιν·
3252 1601 3269 1634 ι
3311 1580 3368 1634 '0
3390 1579 3519 1643 Υἱὸς
3540 1578 3628 1641 οὓς
3659 1576 3781 1629 θέλει

2241 1680 2513 1750 ζωοποιεῖ.
2546 1697 2565 1730 ι
2593 1680 2657 1732 El
2699 1674 2792 1732 οὖν
2844 1678 2938 1732 καὶ
2981 1678 3010 1730 6
3055 1674 3241 1745 Πατὴρ
3284 1673 3395 1743 ζωή
3422 1672 3538 1724 ἐστι
3574 1667 3780 1736 καὶφῶς

575 1768 634 1823 Si
675 1785 804 1839 ergo
844 1770 1003 1826 Pater
1024 1787 1238 1840 quoque
1275 1773 1383 1828 vita
1419 1784 1523 1837 εει,
1574 1784 1627 1829 ει
1663 1775 1752 1830 lux
1783 1790 1934 1838 vera,
1962 1775 2143 1845 profe-

2246 1771 2514 1842 ἀληθινόνο
2551 1769 2665 1841 ζωὴ
2691 1768 2865 1838 ζωῆς,
2898 1768 2994 1823 καὶ
3023 1768 3139 1837 φῶς
3167 1765 3344 1836 φωτὸς
3369 1762 3521 1817 οὐδὲν
3542 1760 3778 1830 διαφέρει.

576 1872 664 1916 cto
711 1864 757 1917 is
797 1865 889 1934 qui
926 1875 1008 1921 est
1037 1867 1145 1921 vita
1183 1868 1324 1933 vitae,
1361 1878 1416 1922 et
1459 1868 1547 1923 lux
1594 1870 1753 1936 lucis,
1802 1859 1935 1925 nihil
1975 1872 2044 1926 ab
2075 1885 2141 1926 eo

2246 1864 2356 1936 ζωὴ
2388 1862 2493 1934 γὰρ
2529 1863 2621 1916 καὶ
2659 1861 2771 1932 ςρῶς
2795 1861 2940 1927 ἅπαξ
2990 1859 3134 1913 ἐστι’
3164 1857 3259 1912 καὶ
3283 1856 3403 1910 οὐδὲ
3429 1852 3781 1953 πειθανότητος

576 1954 757 2008 differt
783 1972 797 2021 ;
825 1973 946 2009 nam
976 1958 1084 2011 vita
1107 1967 1162 2011 et
1192 1959 1280 2013 lux
1298 1960 1517 2014 omnino
1536 1972 1646 2028 est;
1679 1976 1742 2017 ac
1768 1961 1965 2017 nullam
1988 1963 2142 2032 plane

2246 1956 2401 2023 ἐγγὺς
2423 1953 2505 2020 τὸ,
2530 1949 2691 2019 «Ἦν,
2709 1954 2798 2006 ὅτε
2816 1953 2915 2005 οὐκ
2928 1947 3018 2023 ἦν,
3033 1971 3052 2002 ι
3071 1950 3164 2004 ἐπὶ
3184 1949 3353 2018 αὐτῆς
3366 1948 3464 2018 τῆς
3477 1947 3780 2017 δημιουργοῦ

581 2040 743 2096 habet
795 2044 1234 2112 probabilitatem
1291 2046 1381 2102 illa
1436 2050 1810 2105 haereticorum
1867 2052 2140 2119 formula,

2246 2045 2380 2118 ζωῆς
2411 2046 2504 2099 καὶ
2528 2043 2622 2098 τοῦ
2652 2043 3008 2098 ἀνεκλείπτου
3049 2041 3246 2112 φωτός.
3282 2039 3395 2094 Kal.
3423 2038 3615 2100 ἄλλωςν
3650 2036 3703 2089 '0
3725 2034 3781 2086 δι’

582 2152 601 2182 ι
634 2134 935 2202 Aliquando
974 2152 1080 2191 non
1111 2146 1252 2204 erat,
1282 2157 1303 2191 ι
1341 2139 1383 2193 si
1426 2139 1495 2195 de
1536 2154 1601 2196 eo
1641 2141 1873 2206 dicatur,
1920 2144 2011 2214 qui
2045 2152 2131 2198 est

2246 2139 2423 2203 ἕτερον
2450 2137 2578 2204 ζῶν,
2606 2137 2767 2201 αὐτὸς
2797 2138 2898 2190 οὐκ
2929 2135 2996 2190 ἂν
3030 2134 3116 2206 εἴη
3144 2134 3275 2186 ποτὲ
3309 2132 3423 2203 ζωὴ
3457 2128 3662 2192 αἰώνιος
3682 2143 3695 2156 ’
3719 2126 3782 2188 ὡς

578 2224 692 2291 ipsa
729 2227 960 2279 creatrix
1019 2228 1125 2281 vita
1169 2236 1225 2282 et
1261 2228 1577 2286 indeliciens
1610 2232 1718 2287 lux.
1763 2232 1934 2290 Aliter
1978 2237 2140 2290 etiam

2246 2228 2359 2283 οὐδὲ
2391 2229 2420 2280 6
2462 2228 2745 2299 μεταδόσει
2792 2227 2925 2280 Θεοῦ
2964 2226 3153 2296 ἅγιος,
3201 2224 3520 2291 αὐτοάγιοςο
3553 2219 3700 2281 αὐτὸς
3734 2217 3781 2270 δὲ

577 2316 905 2382 rcSpondere
940 2317 1082 2373 licet.
1106 2318 1205 2384 Qui
1233 2332 1451 2389 propter
1483 2322 1708 2377 alterum
1733 2326 1886 2392 vivit,
1917 2341 2018 2381 non
2051 2340 2145 2396 po.

2246 2328 2362 2379 κατ’
2396 2323 2642 2390 ἐξουσίαν
2672 2323 2768 2378 καὶ
2799 2322 2991 2386 ἄλλους
3026 2321 3268 2391 ἁγιάζων
3305 2318 3372 2373 δι’
3407 2312 3597 2371 ἑαυτοῦ
3627 2331 3680 2368 τε
3704 2310 3783 2366 καὶ

577 2413 685 2460 test
713 2408 830 2476 ipse
850 2414 1093 2478 unquam
1119 2424 1242 2465 esse
1277 2412 1385 2465 vita
1416 2423 1638 2477 :cterna,
1678 2414 1819 2471 sicut
1848 2431 1914 2471 ne
1946 2416 1990 2470 is
2028 2417 2145 2486 qui-

2240 2418 2308 2471 δι’
2342 2418 2570 2489 ἐτέρων.

577 2497 722 2563 dem,
749 2497 840 2568 qui
867 2500 1281 2569 participatione
1312 2503 1401 2558 Det
1432 2514 1651 2560 sanctus
1688 2515 1790 2572 est,
1860 2515 2039 2575 potest
2098 2521 2216 2563 esse
2258 2523 2354 2577 per
2385 2524 2444 2563 se
2487 2516 2705 2563 sanctus
2735 2522 2748 2560 :
2781 2513 2864 2560 est
2899 2516 3030 2559 vero
3058 2502 3172 2574 ipse
3206 2516 3304 2558 sua
3347 2507 3611 2557 potestate
3643 2495 3780 2552 etiam

579 2592 718 2647 alios
764 2595 1110 2651 sanetiticans
1153 2611 1276 2652 cum
1319 2612 1415 2667 per
1462 2600 1832 2670 semetipsum,
1874 2610 1986 2655 tum
2036 2617 2132 2671 per
2169 2602 2324 2659 alios.

1208 2692 1357 2747 CAP.
1400 2692 1511 2748 ΧΠ.

650 2776 825 2832 Verba
874 2794 1091 2849 quoque
1125 2781 1237 2848 illa,
1288 2800 1308 2833 ι
1337 2782 1448 2852 Ego
1491 2784 1739 2840 descendi
1770 2785 1846 2854 (5)
1879 2786 1945 2841 de
1986 2785 2145 2852 cwlo,

578 2882 685 2922 non
713 2879 769 2922 ut
794 2867 985 2924 faciam
1012 2863 1338 2926 voluntatem
1374 2889 1570 2939 meam,
1598 2876 1692 2929 sed
1723 2876 1841 2945 ejus
1873 2877 1967 2948 qui
2002 2879 2150 2932 misit

580 2974 685 3023 me,
711 2959 907 3025 Patris,
941 2979 959 3012 ι
997 2962 1069 3017 ita
1103 2964 1418 3032 accipienda
1450 2977 1597 3029 sunt,
1626 2969 1779 3036 quasi
1820 2970 1960 3024 dicat
1988 2987 2002 3023 :
2029 2968 2145 3024 Non

581 3057 639 3101 ut
669 3049 1019 3107 humanitatis
1048 3053 1378 3109 voluntatem
1422 3056 1614 3111 faciam
1662 3058 1713 3112 in
1744 3056 2141 3125 lncarnatione,

580 3142 673 3194 scd
704 3140 1028 3196 voluntatem
1069 3144 1306 3199 deitatis.
1338 3146 1447 3201 Nec
1472 3148 1614 3202 enim
1658 3159 1740 3204 est
1769 3149 2018 3205 voluntas
2061 3153 2145 3207 di-

582 3231 702 3285 lceti
728 3231 848 3286 Filii
885 3247 914 3286 a
952 3234 1227 3291 voluntate
1270 3237 1365 3291 Dei
1409 3246 1463 3291 et
1509 3237 1683 3293 Patris
1726 3251 2004 3308 separata;
2038 3258 2141 3296 una

578 3318 725 3373 enim
746 3330 802 3374 et
826 3323 1014 3375 eadem
1042 3323 1293 3379 voluntas
1313 3334 1395 3379 est
1419 3323 1691 3379 Trinitati.
1720 3326 1825 3381 Sua
1861 3345 2019 3397 porro
2045 3332 2147 3385 hac

583 3409 720 3462 mira
750 3424 973 3478 prorsus
1003 3413 1326 3482 obedientia,
1353 3431 1457 3485 qua
1493 3433 1589 3486 pro
1623 3417 1801 3484 nobis,
1836 3420 1888 3475 id
1918 3431 2002 3475 est
2028 3424 2147 3478 vice

581 3510 848 3568 nostrum,
903 3504 1166 3571 obedivit,
1218 3508 1495 3577 antiquam
1553 3521 1792 3565 nostram
1842 3512 2147 3568 inobedien-

584 3592 714 3646 tiam
753 3593 1027 3651 abolevit:
1053 3606 1108 3651 et
1146 3600 1597 3667 quemadmodum
1633 3603 1684 3657 in
1734 3603 2141 3659 similitudinem

582 3677 886 3749 hominum,
918 3698 984 3738 eo
1026 3686 1183 3741 modo
1214 3702 1323 3756 quo
1366 3690 1480 3759 ipse
1524 3691 1673 3744 novit
1718 3705 1781 3745 ac
1822 3693 2028 3758 voluit,
2065 3694 2151 3748 de-

582 3774 844 3828 scendens
877 3790 1070 3843 passus
1109 3786 1212 3842 est,
1248 3779 1327 3834 sic
1363 3789 1417 3834 et
1449 3796 1545 3836 nos
1590 3782 1692 3836 sibi
1732 3782 2038 3839 conformes
2073 3783 2147 3838 fa-

583 3863 733 3916 ciens
763 3863 815 3916 in
845 3864 1423 3941 impassibilitatem(.i)
1453 3873 1922 3945 transtulit.367
1943 3876 2143 3941 Quare,

586 3970 608 4004 ι
651 3955 940 4021 Descendi,
971 3976 991 4009 ›
1025 3959 1195 4027 inquit
1222 3979 1235 4014 :
1281 3976 1469 4031 nempe
1498 3966 1712 4033 propria
1745 3976 1934 4033 sponte
1964 3983 2029 4021 ac
2058 3982 2148 4020 vo-

582 4047 788 4105 Iuntate
817 4053 961 4116 veni,
992 4052 1183 4121 inquit,
1217 4070 1320 4108 non
1346 4071 1474 4111 vero
1501 4067 1556 4109 ut
1584 4058 1828 4113 minister
1858 4074 1923 4114 ac
1973 4060 2147 4114 famu-

580 4138 687 4194 lus.
736 4139 889 4196 Sicut
937 4152 993 4196 et
1034 4143 1087 4197 in
1127 4144 1233 4200 alio
1270 4145 1389 4201 loco
1431 4148 1682 4203 similiter
1730 4149 1849 4204 ait:
1881 4168 1901 4201 ι
1935 4149 2043 4220 Ego
2069 4152 2146 4222 (5)

2870 2693 3027 2747 ΚΕΦ.
3068 2691 3168 2745 ΙΒ’.

2312 2788 2424 2842 Kal.
2451 2787 2513 2841 τὸ
2547 2806 2565 2839 ι
2614 2782 2757 2855 Ἐγὼ
2798 2783 3157 2854 καταϐέϐηκα
3187 2783 3252 2835 ἐκ
3278 2779 3371 2834 τοῦ
3414 2775 3672 2851 οὐρανοῦ,
3699 2772 3779 2842 οὐχ

2243 2881 2330 2935 ἵνα
2365 2878 2504 2933 ποιῶ
2543 2877 2606 2931 τὸ
2642 2876 2856 2948 θέλημα
2897 2876 2957 2928 τὸ
2986 2873 3138 2943 ἐμὸν,
3174 2871 3309 2926 ἀλλὰ
3355 2871 3454 2925 τοῦ
3506 2866 3779 2941 πέμψαντός

2245 2991 2312 3043 με
2344 2971 2557 3042 [ἰατρὸς
2582 3010 2597 3033 ,
2650 2989 2669 3021 ι
2698 2968 2858 3023 τοῦτο
2896 2967 3078 3037 δηλοῖ·
3126 2964 3237 3034 Οὐχ
3280 2964 3368 3017 ἵνα
3396 2964 3458 3017 τὸ
3481 2963 3576 3032 τῆς
3606 2959 3782 3029 ἀνθρω-

2253 3064 2506 3134 πὸτητος,
2552 3061 2708 3133 φησὶ,
2761 3060 2973 3130 θέλημα
3009 3057 3237 3147 πράττω
3280 3057 3345 3147 ὲν
3371 3059 3440 3127 τῇ
3474 3050 3780 3147 ὲᾼνανθρωπήΣ

2252 3171 2357 3218 σει,
2386 3151 2523 3207 ἀλλὰ
2551 3152 2612 3205 τὸ
2630 3151 2734 3219 τῆς
2768 3148 3039 3217 θεότητος.
3070 3147 3144 3199 Οὐ
3174 3145 3283 3217 γάρ
3335 3146 3454 3197 ἐστι
3489 3143 3685 3212 Θέλημα
3705 3143 3779 3191 τοῦ

2249 3242 2533 3316 ἀγαπητοῦ
2588 3242 2757 3305 Υἱοῦ,
2800 3240 3105 3310 θελήματος
3148 3236 3243 3291 τοῦ
3283 3235 3421 3289 Θεοῦ
3459 3234 3553 3289 καὶ
3599 3227 3779 3300 Πατρδς

2248 3334 2673 3406 κεχωρισμένον.
2704 3334 2800 3385 Ἓν
2836 3331 2966 3403 [175
3009 3328 3066 3401 a]
3097 3328 3205 3399 γὰρ
3246 3326 3427 3380 καὶτὸ
3448 3324 3577 3415 αὐτὸ
3603 3316 3782 3415 θέλημίι

2249 3427 2366 3478 ἐστι
2420 3425 2488 3494 τῇ
2530 3420 2741 3493 Τριάδι.
2798 3419 2982 3492 Ταύτῃ
3027 3416 3157 3487 γοῦν
3205 3418 3271 3487 τῇ
3316 3412 3602 3486 παραδόξῳ
3644 3410 3779 3464 αὑτοῦ

2250 3517 2463 3585 ὑπακοῇ
2509 3516 2574 3585 τῇ
2621 3512 2737 3565 ἀνθ’
2778 3510 2956 3582 ἡμῶν,
3002 3509 3158 3563 ἔλυσε
3208 3508 3309 3580 τὴν
3583 3501 3781 3573 ἀρχαίαν

2250 3608 2565 3678 παρακοήν·
2611 3604 2704 3657 καὶ
2750 3602 2809 3656 ὃν
2854 3600 3052 3672 τρόπον
3098 3600 3178 3662 εἰς
3222 3597 3484 3669 ὁμοίωσιν
3521 3593 3685 3667 ἡμῶν,
3721 3588 3781 3650 ὡς

2248 3694 2356 3753 οἶδε
2382 3697 2477 3751 καὶ
2532 3695 2831 3767 ἠϐουλήθη,
2861 3693 3106 3757 καταϐὰς
3130 3691 3333 3743 ἔπαθεν
3358 3708 3371 3722 ·
3398 3688 3538 3744 οὕτω
3557 3686 3644 3741 καὶ
3662 3682 3781 3753 ἡμᾶς

2251 3788 2611 3862 συμμόρφους
2640 3787 2874 3858 ποιήσας
2901 3784 3116 3851 ἑαυτοῦ,
3154 3784 3234 3846 εἰς
3257 3782 3528 3835 ἀπάθειαν
3558 3778 3781 3850 μετέστη-

2249 3899 2361 3935 σεν.
2417 3880 2599 3944 Ὅθεν,
2660 3898 2679 3931 ι
2708 3876 3099 3940 Καταὸἐῦηκα,
3135 3895 3154 3928 ι
3205 3875 3339 3945 ἔφη·
3386 3866 3779 3945 αὐθαιρετικῶς,

2252 3976 2438 4041 φησιν,
2473 3970 2573 4040 οὐχ
2616 3965 2988 4039 ὺπουργικῶς.
3038 3963 3200 4018 Καθὰ
3238 3964 3331 4018 καὶ
3365 3966 3425 4018 ὲν
3465 3963 3625 4033 ετέρῳ
3653 3956 3781 4051 μέρει

2248 4062 2444 4134 ὁμοίως
2470 4062 2688 4131 φάσκει·
2725 4076 2744 4110 ι
2788 4057 2931 4127 Ἐγὼ
2956 4058 3072 4127 εἰμι
3095 4058 3122 4108 6
3150 4055 3309 4125 ἄρτος
3329 4058 3360 4110 6
3386 4057 3451 4109 ὲκ
3477 4052 3567 4108 τοῦ
3587 4051 3781 4120 οὐρανου

2251 4152 2495 4218 καταϐάς
2520 4171 2535 4186 υ
2567 4170 2585 4204 ι
2627 4152 2657 4205 ὅ
2681 4152 2851 4216 ἐστιν,
2882 4150 2944 4203 οὐ
2980 4148 3266 4220 πεμφθείς.

582 4251 701 4291 smn
731 4237 885 4297 nanis
911 4240 1001 4295 aui
1037 4241 1102 4297 de
1129 4242 1265 4297 ctelo
1294 4243 1578 4311 descendi;
1604 4245 1702 4325 rid
1732 4253 1834 4312 est,
1870 4262 1975 4301 non
2008 4248 2201 4304 missus
2232 4250 2307 4320 (ϐ)
2338 4250 2435 4303 fui.

1210 4335 1362 4391 CAP.
1396 4337 1537 4393 Xlll.

652 4424 853 4480 Eodem
915 4442 1075 4483 sensu
1135 4431 1505 4499 accipiendum
1577 4441 1662 4487 est
1716 4433 1847 4489 illud
1895 4434 2139 4492 Psaltis:

2945 4341 3048 4394 ΕΦ.
3087 4339 3187 4393 II".

2945 4342 3048 4394 ΕΦ.
3087 4342 3187 4393 II".

2315 4436 2427 4490 Kal.
2467 4450 2529 4490 το
2563 4434 2657 4489 τοῦ
2699 4342 3006 4505 Ψαλμιίιὲοῦ
3030 4447 3047 4463 ’
3100 4449 3120 4482 ι
3182 4428 3284 4484 Διὰ
3325 4429 3487 4484 τοῦτο
3530 4424 3693 4500 ἔχρισὲ
3732 4435 3778 4475 σε

590 4531 610 4565 ι
638 4513 760 4570 Ideo
775 4516 852 4588 (7)
891 4520 1044 4573 unxit
1071 4530 1122 4575 te
1158 4520 1296 4576 Deus
1326 4522 1465 4577 Deus
1498 4531 1620 4577 tuus
1659 4524 1780 4579 oleo
1811 4525 2008 4582 laetitia:
2037 4543 2145 4596 pra:

2246 4528 2376 4591 Θεὸς
2404 4531 2432 4582 6
2458 4527 2588 4590 Θεὸς
2621 4543 2711 4579 σου
2739 4525 2916 4579 ἔλαιον
2948 4519 3319 4592 ἀγαλλιάσεως
3344 4522 3496 4601 παρὰ
3526 4522 3642 4582 τοὺς
3672 4530 3778 4587 μετ’

583 4606 934 4677 participibus
960 4609 1106 4677 tuis;
1145 4630 1164 4664 ι
1206 4623 1261 4667 ει
1299 4613 1441 4681 quod
1487 4613 1685 4682 legitur
1712 4615 1852 4683 apud
1884 4615 2144 4673 Joannem

2247 4618 2405 4688 ὀχους
2458 4635 2550 4670 σου
2575 4633 2588 4646 ·
2635 4635 2654 4668 ι
2716 4616 2810 4669 καὶ
2858 4613 2919 4667 τὸ
2964 4614 3093 4684 παρ’
3132 4613 3351 4684 Ἰωάννῃ
3399 4615 3458 4666 ὲν
3508 4604 3778 4677 Euanthe)

584 4697 639 4752 in
668 4698 955 4770 Evangelio
983 4720 998 4756 :
1034 4720 1054 4753 ι
1088 4702 1256 4770 Quem
1272 4703 1348 4775 (8)
1376 4704 1534 4759 Pater
1558 4707 1933 4772 sanctilicavit,
1966 4719 2022 4764 et
2048 4712 2149 4764 mi-

590 4919 612 4975 r
647 4901 823 4975 inanis
851 4906 993 4959 enim
1022 4914 1111 4975 est
1132 4905 1239 4961 vita
1266 4922 1407 4971 mea,
1432 4928 1451 4960 ι
1492 4907 1725 4964 fortasse
1758 4924 1951 4964 nomen
1986 4909 2140 4975 illud,

584 4973 615 5026 6
647 4973 779 5044 βίος,
816 4975 867 5027 in
897 4990 1056 5028 causa
1093 4974 1213 5042 fuit,
1241 4991 1340 5031 cur
1372 4979 1557 5033 isthmc
1584 4979 2027 5035 antecedentibus
2052 4973 2139 5036 hic
2180 5016 2187 5025 ~

587 5044 767 5118 citatis
790 5044 1053 5118 iungereb
1072 5044 1342 5118 librarius,
1379 5059 1471 5100 aut
1493 5047 1770 5118 Didymus.

660 5111 987 5189 (96)‘F9ci_s.
1028 5114 1254 5189 Juniana
1300 5118 1462 5189 editio
1507 5111 1686 5189 habet,
1741 5120 1868 5189 ποιῇ
1912 5120 2141 5189 τοπρωῖ,

586 5185 640 5262 id
670 5181 775 5247 est,
808 5202 826 5234 ι
851 5181 1311 5262 facis_diluculo._i
1341 5181 1733 5262 Qomplutensis
1756 5181 1904 5262 vero,
1941 5181 2142 5262 ποιήσῃ

2249 4710 2530 4777 κείμενον,
2559 4729 2577 4761 ι
2610 4710 2708 4761 Ὃν
2732 4709 2761 4760 6
2786 4705 2977 4774 Πατὴρ
3003 4705 3222 4791 ἡγίασε,
3249 4706 3344 4758 καὶ
3370 4702 3671 4760 ἀπέστειλεν
3716 4694 3778 4755 εις

2313 4904 2578 4977 (99)__Ego
2615 4905 2949 4977 vivo.iJoan.
2977 4921 3051 4971 vr,
3088 4905 3177 4959 57.

2312 4971 2389 5046 (1)
2408 4971 2537 5046 Ἐειό
2559 4994 2696 5046 sum.
2733 4976 2867 5031 Vide
2897 4975 3053 5046 Joan.
3081 4991 3196 5041 xiv,
3233 4973 3298 5042 6,
3322 4984 3377 5031 et
3404 4990 3500 5039 xu,
3527 4971 3613 5029 46.

2312 5047 2391 5113 (2)
2420 5045 2618 5100 Filius.
2647 5045 2803 5100 Joan.
2836 5062 2889 5104 ν.
2926 5045 3020 5100 21.

2311 5115 2389 5186 (5)
2421 5114 2533 5186 ζίςιο
2563 5118 2824 5170 descendi.
2863 5114 3022 5170 Joan.
3058 5115 3240 5186 _vt,.'58
3273 5124 3327 5170 et
3364 5113 3456 5186 '59.
3738 5171 3747 5182 ,

2298 5184 2395 5255 ,(4)
2421 5185 2488 5239 In
2519 5187 3017 5253 impauibilitatem.
3056 5184 3132 5240 De
3164 5200 3323 5241 sensu
3356 5185 3513 5252 hujus
3544 5193 3645 5237 ιῡει
3680 5187 3771 5244 agt-

586 5256 691 5318 ἕως
717 5254 947 5325 τοπρωῖ,
985 5254 1036 5307 id
1076 5266 1180 5317 εει,
1212 5273 1230 5305 ι
1260 5254 1427 5312 facies
1461 5272 1630 5323 usque
1669 5261 1733 5313 ad
1773 5254 2086 5313 diluettlutti.
2116 5254 2141 5311 ἶ

2246 5270 2371 5325 [ιιιιεΔ
2394 5257 2447 5325 in
2475 5257 2863 5309 commentario
2892 5257 2957 5308 de
2983 5255 3205 5325 Didyme
3229 5255 3323 5308 lib.
3353 5269 3416 5307 tt.

589 5329 719 5399 Quae
760 5322 1083 5399 paulo__post_
1129 5326 1291 5378 etiam
1324 5342 1422 5396 pro
1463 5322 1667 5398 κρίνεις
1712 5329 1876 5385 habet
1916 5331 2148 5399 κρινεῖς,

589 5396 641 5449 id
679 5403 781 5457 est,
810 5394 1138 5461 (iudicabis.
1167 5413 1185 5446 ι

659 5464 771 5534 (97)
802 5460 1101 5547 Peccatum.
1130 5464 1147 5516 Ι
1180 5464 1323 5520 Petr.
1349 5484 1409 5533 n,
1438 5467 1529 5522 22.
1677 5535 1748 5547 ___

663 5546 770 5617 (98)
803 5544 975 5619 Supra
1017 5545 1271 5619 homines.
1299 5549 1499 5614 Codex,
1540 5544 1829 5619 ὑπερᾶῖον.
1880 5548 2004 5617 Legi
2035 5559 2147 5617 pot-

591 5615 680 5672 est.
702 5615 821 5691 cum
863 5615 1311 5691 ὑπερέινθρωπον,
1340 5630 1429 5675 aut
1466 5615 1808 5691 potius-une?
1842 5615 2147 5691 ἄνθρωπον,

595 5700 703 5744 tutn
732 5688 832 5739 ὑπε
841 5685 968 5757 ρανο
977 5685 1225 5756 ρώπινον.

2320 5323 2395 5395 (5)
2426 5323 2553 5393 Ego.
2597 5325 2756 5378 Joau.
2802 5340 2874 5389 Vl,
2926 5325 3016 5379 51.
3048 5309 3500 5394 Ιῖἰῠιίεεὸἄρτος
3533 5321 3563 5375 ὁ
3594 5317 3706 5382 ζῶν,
3732 5309 3772 5363 id

2247 5394 2352 5457 est,
2399 5413 2417 5445 ι
2444 5396 2593 5462 panis
2620 5394 2793 5462 vivus,
2824 5395 2935 5460 qui,
2959 5413 2979 5446 ι
3015 5406 3121 5448 etc.

2318 5466 2397 5534 (li)
2439 5464 2562 5518 Non
2586 5466 2793 5519 missus.
2829 5463 3032 5532 Nempe
3064 5463 3234 5519 instar
3273 5463 3475 5521 famuli.

2321 5530 2396 5617 (7)
2426 5546 2569 5601 Ideo.
2614 5547 2754 5603 Psal.
2813 5530 3027 5608 Χιινξθ
3060 5543 3197 5615 (sive
3241 5548 3313 5615 8).
3363 5545 3525 5601 Biblia
3559 5559 3572 5596 :
3613 5530 3765 5594 ὀΘεὸς

2258 5621 2283 5671 6
2305 5618 2436 5680 Θεός
2468 5634 2583 5671 σου.

2325 5690 2400 5757 (ὃ)
2444 5688 2629 5753 Quem.
2662 5685 2811 5741 Juan.
2853 5703 2905 5752 κ,
2941 5687 3027 5741 56.
