4060 6406
223 373 286 424 8ἕὶ
296 371 314 423 1

1273 373 1361 429 DE
1401 373 1771 429 TRINITATE
1810 373 2010 428 LIBER
2047 372 2366 428 TERTIUS.

3347 374 3451 428 86⁸2

182 475 188 479 δ
218 491 304 541 τὸν
333 487 534 558 κόσμον
558 529 570 549 ,
602 508 619 538 ι
653 489 1043 560 παραπλησίως
1074 489 1308 564 εἴρηται.
1334 493 1446 546 Οὐκ
1468 494 1652 570 ἄλλοτε
1681 495 1783 565 γὰρ

1891 496 1958 548 sit
1992 495 2043 546 in
2081 494 2356 546 mundum.
2378 509 2395 541 ι
2433 491 2532 557 Qui
2557 492 2700 545 enim
2725 496 2940 544 sanctus
2956 497 3057 554 est,
3091 497 3145 542 et
3173 489 3225 542 in
3255 491 3456 546 sanatis

217 578 440 648 ἐχρίσθη
475 579 568 630 καὶ
607 579 842 648 ἡγιάσθη
868 581 897 632 ὁ
931 579 1083 648 ἅγιος
1110 581 1203 633 καὶ
1237 581 1410 649 ἁγίοις
1445 584 1789 652 ἀναπαυόμε-

217 687 325 732 νος,
363 689 380 720 ι
427 671 456 721 ὁ
485 664 565 732 εἷς
613 670 786 738 ἅγιος,
823 665 902 734 εἷς
934 671 1137 741 Κύριος
1182 673 1386 742 Ἰησοῦς
1425 675 1676 744 Χριστὸς,
1711 677 1789 737 εἰς

214 761 365 824 δόξαν
405 761 540 813 Θεοῦ
573 763 817 833 Πατρός.
856 765 1049 834 Ἀμήν·
1092 783 1109 814 ι
1162 766 1210 818 εἰ
1265 766 1340 835 μὴ
1379 767 1465 818 ὅτε
1510 768 1609 819 οὐκ
1650 769 1786 820 άπο·

215 853 438 922 θέμενος
467 854 494 905 ὃ
522 849 608 922 ἦν,
653 855 866 922 ἐγένετο
915 856 1236 925 ἁτυγχύτως
1273 858 1365 909 καὶ
1397 857 1424 908 ὃ
1461 858 1558 909 οὐκ
1589 853 1656 927 ἦν
1676 877 1687 888 ⁸
1723 859 1788 910 ἵν’

215 947 361 1013 ἡμᾶς
399 946 658 1015 μετόχους
692 931 883 998 ἑαυτοῦ
911 948 1109 1018 ποιήσῃ
1153 949 1246 1000 καὶ
1289 950 1507 1019 ἁγιάσῃ,
1542 949 1683 1002 καθὰ
1715 945 1789 1000 εἴ·

215 1053 314 1085 πεν
338 1053 351 1063 ·
385 1055 402 1084 ι
447 1034 615 1105 ’Υπὲρ
641 1036 819 1088 αὐτῶν
847 1035 1058 1104 ἁγιάζω
1081 1039 1337 1107 ἐμαυτὸν,
1361 1040 1452 1091 τνα
1473 1033 1604 1092 ὦσιν
1634 1040 1787 1092 αὐτοὶ

211 1126 538 1195 ἡγιασμένοι
563 1130 619 1180 ἐν
647 1128 890 1199 ἀληθείᾳ.
925 1148 942 1181 ι

868 1310 1027 1362 ΚΕΦ.
1063 1311 1154 1361 1Δ’.

294 1391 631 1456 Ἀκολούοως
673 1394 844 1464 τούτῳ
897 1395 1179 1466 θεωρεῖται
1230 1397 1321 1449 καὶ
1378 1399 1438 1449 τὸ
1485 1399 1541 1450 ἐν
1591 1398 1790 1469 ψαλμῷ

210 1484 535 1553 εἰρημένονο
575 1505 593 1536 ι
631 1487 743 1538 Οὐκ
774 1486 1185 1556 ἐγκαταλείψεις
1227 1488 1325 1558 τὴν
1353 1489 1530 1559 ψυχήν
1572 1507 1674 1558 μου
1712 1492 1790 1552 εἰς

200 1575 361 1643 ﬁam.
389 1575 510 1627 οὐδὲ
540 1575 729 1638 δώσεις
755 1577 846 1629 τὸν
891 1579 1033 1631 ὅσιόν
1078 1597 1171 1631 σου
1227 1580 1354 1632 [δεῖν
1403 1579 1699 1650 διαφθοράν
1720 1599 1733 1612 ο
1765 1600 1782 1632 ι

205 1667 304 1720 καὶ
344 1667 406 1718 τὸ
434 1666 700 1737 πολλαχοῦ
729 1670 1131 1740 γεγραμμένον,
1177 1671 1260 1723 ὅτι
1295 1672 1385 1724 τὸν
1415 1672 1648 1742 Χριστὸν
1688 1673 1791 1741 ’1η-

205 1757 341 1808 σοῦν
372 1759 402 1810 ὁ
432 1756 565 1820 Θεὸς
591 1759 812 1829 ἤγειρεν
834 1763 897 1813 ἐκ
920 1761 1147 1832 νεκρῶν.
1179 1763 1252 1815 Οὐ
1277 1762 1384 1833 γὰρ
1414 1764 1570 1834 χάριν
1601 1763 1789 1816 ἐλαϐεν

1891 580 2352 654 requiescens(9),
2390 601 2408 632 ι
2440 598 2578 636 unus
2610 592 2829 635 sanctus
2856 580 2988 649 (l0),
3021 597 3162 634 unus
3201 581 3456 634 Dominus

1887 673 2042 728 Jesus
2083 673 2327 726 Christus
2380 672 2432 724 in
2478 670 2642 738 gloria
2683 670 2776 723 Dei
2811 668 3008 722 Patris.
3055 670 3246 730 Amen,
3285 687 3306 719 ι
3351 685 3454 721 ttott

1889 765 2020 817 alias
2055 775 2248 816 unctus
2286 763 2386 815 fuit
2420 772 2473 816 et
2520 761 2905 824 sanetilicatus,
2940 760 3040 813 nisi
3080 761 3313 827 quando,
3350 774 3454 811 non

1888 855 2161 920 deponens
2193 851 2334 920 qttod
2364 861 2502 915 erat,
2539 852 2713 906 factus
2741 861 2822 904 est
2851 852 2967 904 sine
3008 849 3324 903 confusione
3345 847 3456 916 (11)

1889 943 2048 995 etiam
2091 944 2232 1012 quod
2275 958 2379 995 non
2417 951 2553 1004 erat,
2585 952 2643 996 ut
2689 957 2785 996 nos
2833 942 2914 996 sui
2958 941 3124 1009 ipsius
3174 940 3459 1009 participes

1890 1030 2090 1085 faceret
2155 1043 2202 1086 et
2241 1033 2627 1097 sanctiﬁearet,
2667 1041 2724 1086 ιιι
2772 1033 2997 1100 ipsemet;
3047 1031 3258 1100 inquit:
3306 1048 3325 1080 ι
3354 1031 3460 1083 Pro

1891 1122 2148 1192 ipsis(12)
2179 1121 2458 1176 sanctilieo
2487 1137 2574 1177 me
2625 1123 2820 1191 ipsum,
2850 1131 2910 1175 ut
2947 1122 3054 1176 sint
3092 1120 3190 1190 ipsi
3222 1120 3458 1174 sanctiﬁ-

1889 1212 1994 1265 cati
2037 1213 2089 1267 in
2132 1213 2375 1266 veritate.
2416 1231 2433 1262 ι

2419 1304 2585 1375 333
2619 1303 2768 1358 CAP.
2813 1302 2953 1358 xw.

1961 1396 2130 1451 Scnsn
2162 1398 2262 1462 his,
2282 1413 2401 1466 quae
2429 1400 2566 1450 dicta
2595 1406 2740 1460 sunt,
2777 1407 3137 1450 consentanea
3159 1395 3462 1464 intelligen-

1889 1489 2013 1540 dum
2053 1497 2134 1540 est
2177 1488 2338 1540 etiam
2385 1489 2527 1555 quod
2572 1488 2622 1539 itt
2657 1488 2860 1556 psalmo
2897 1487 3129 1554 legitur:
3171 1507 3188 1539 ι
3221 1485 3334 1540 Non
3369 1489 3460 1538 de.

1891 1577 2295 1648 relinques(l5)
2325 1578 2557 1632 animam
2616 1593 2787 1631 meam
2845 1578 2896 1632 in
2951 1577 3318 1647 inferuo(l4),
3361 1592 3459 1630 nec

1889 1668 2044 1722 dabis
2092 1668 2347 1723 Sanctum
2409 1679 2556 1721 tuum
2601 1669 2786 1722 videre
2837 1669 3234 1737 corruptionem
3273 1684 3286 1720 :
3333 1687 3351 1720 ι
3409 1678 3462 1721 et

1890 1761 2033 1828 quod
2070 1760 2254 1815 multis
2284 1761 2334 1814 in
2365 1760 2621 1830 locis(15)
2650 1761 2909 1829 scriptum
2941 1771 3047 1823 est,
3086 1763 3229 1830 quod
3269 1775 3461 1827 nempe

200 1848 378 1911 αὐτὸς
415 1848 516 1918 τὴν
539 1848 855 1916 ἀνάστασιν,
889 1851 1023 1905 ἀλλὰ
1043 1853 1200 1924 χάριν
1222 1853 1384 1916 αὐτὸς
1408 1853 1635 1906 δέδωκεν
1658 1855 1783 1924 ἡμῖν

1889 1850 2160 1905 Christum
2212 1850 2396 1906 Jesum
2441 1851 2583 1905 Deus
2622 1852 2904 1906 suscitavit
2959 1868 2988 1905 a
3049 1853 3296 1906 mortuis.
3351 1849 3460 1904 Nec

198 1941 264 1993 τὺ
322 1939 452 1993 καθ’
497 1940 790 2013 ὁμοιότητα
835 1943 934 2013 τῆς
985 1945 1332 2008 ἀναστάσεως
1379 1944 1542 1998 αὐτοῦ
1590 1945 1783 2015 ταύτης

1889 1943 2030 1996 enim
2082 1957 2148 1996 ex
2187 1945 2359 2012 gratia
2401 1944 2609 2012 accepit
2659 1946 2771 2011 ipse
2822 1943 3312 2006 resurrectionem,
3363 1942 3454 1994 sed

199 2032 339 2104 [I75
393 2031 452 2104 ιι]
488 2032 650 2086 πάλιν
690 2033 1029 2090 ἀνίστασθαι.
1072 2035 1372 2103 Ἐπειτοιγε
1416 2035 1477 2089 τὸ
1523 2036 1659 2107 πρὸς
1700 2036 1783 2089 τὸν

1889 2033 2113 2104 gratiam
2147 2034 2260 2103 ipse
2297 2033 2451 2088 nobis
2491 2034 2655 2098 dedit,
2693 2033 2817 2085 dum
2868 2033 3023 2086 nobis
3074 2032 3359 2094 concessit,
3396 2038 3450 2080 ut

200 2124 438 2194 Πατέρα
487 2124 725 2195 ἰσότιμον
755 2126 850 2179 καὶ
890 2126 1207 2197 ἰσοδύναμον
1236 2127 1329 2180 καὶ
1363 2129 1422 2180 ἐν
1449 2127 1624 2197 τούτῳ
1648 2127 1783 2180 διδάε

1889 2124 2180 2178 secundum
2232 2124 2636 2179 similitudinem
2685 2138 2795 2177 suae
2842 2122 3004 2190 ipsius
3045 2121 3456 2176 resurrectionis

200 2232 362 2268 σκων
386 2215 469 2286 τῷ
499 2216 796 2288 κεφαλαίῳ,
819 2217 970 2288 παρὰ
999 2218 1260 2288 Ματθαίῳ
1287 2219 1378 2272 καὶ
1425 2220 1607 2288 Λουκᾷ
1647 2212 1787 2270 εἶπε⁸

206 2326 226 2359 ι
253 2305 484 2360 Λύσατε
528 2307 620 2360 τὸν
654 2307 781 2361 ναὸν
819 2308 1027 2374 τοῦτον,
1063 2309 1157 2363 καὶ
1200 2310 1312 2378 ἐγὼ
1343 2313 1400 2363 ἐν
1444 2311 1618 2381 τρισὶν
1651 2310 1788 2380 ἠμέ-

205 2416 340 2470 ραις
374 2399 555 2468 ἐγερῶ
598 2398 786 2452 αὐτόν·
823 2418 842 2450 ι
890 2400 1002 2465 καὶ,
1037 2419 1055 2451 ι
1095 2398 1374 2466 Ἑξουσίαν
1413 2401 1519 2470 ἔχω
1553 2401 1650 2472 τὴν
1682 2403 1786 2470 ψυ-

201 2492 310 2560 χήν
372 2507 478 2559 μου
536 2489 737 2556 θεῖναι,
787 2491 882 2546 καὶ
936 2491 1181 2556 ἐξουσίαν
1230 2492 1339 2562 ἔχω
1390 2493 1550 2546 πάλιν
1607 2493 1789 2547 λαϐεῖν

202 2581 403 2650 αὐτὴν.
451 2597 472 2631 ι

1886 2230 2103 2270 rursum
2158 2230 2581 2284 resurgeremns.
2623 2214 2907 2284 Equalem
2957 2215 3099 2266 enim
3159 2212 3261 2265 sibi
3330 2226 3451 2265 eum

1892 2308 2054 2362 Patre
2099 2308 2432 2376 maiestatem
2477 2323 2541 2362 ac
2581 2308 2871 2376 potentiam
2905 2307 3004 2359 hac
3055 2320 3271 2374 quoque
3313 2305 3365 2359 in
3399 2320 3457 2359 re

1891 2414 2016 2454 esse
2048 2400 2244 2465 docens
2283 2400 2423 2469 apud
2475 2399 2782 2453 Mattltamm
2803 2398 2912 2468 (16)
2939 2409 2990 2452 et
3019 2397 3219 2451 Lucam
3249 2398 3454 2466 inquit:

1899 2511 1918 2543 ι
1948 2491 2150 2545 Solvite
2173 2490 2286 2561 (l7)
2330 2491 2585 2559 templum
2609 2490 2735 2553 hoc,
2757 2498 2812 2543 et
2844 2504 2944 2559 ego
2981 2491 3030 2542 in
3061 2491 3234 2543 tribus
3270 2489 3462 2543 diebus

1895 2585 2168 2637 suscitabo
2197 2583 2354 2649 illud;
2389 2603 2407 2636 ι
2447 2591 2538 2637 et:
2573 2600 2592 2634 ι
2626 2581 2951 2637 Potestatcm
2975 2581 3086 2652 (18)
3131 2581 3299 2637 habeo
3344 2582 3461 2633 ani-

204 2687 355 2727 mam
410 2685 588 2727 meam
629 2671 889 2742 ponendi,
919 2680 974 2729 et
1012 2681 1329 2744 potestatem
1376 2673 1550 2730 habeo
1600 2690 1786 2729 rursus
1821 2675 2069 2744 capiendi
2093 2689 2234 2730 eam.
2269 2692 2288 2726 ι

278 2869 359 2940 (9)
393 2868 694 2924 Sanctus...
731 2879 779 2923 et
827 2869 882 2923 in
919 2871 1113 2924 sanctis
1157 2870 1501 2939 requiescens.
1541 2871 1598 2925 ln
1628 2887 1784 2926 sacra

206 2940 526 3011 Graecorum
565 2940 800 3011 Liturgia
828 2942 1025 3011 oratio,
1053 2956 1172 3010 qua:
1197 2943 1393 2994 dicitur
1427 2961 1446 2992 ι
1476 2941 1726 3011 Trisagii,
1765 2962 1783 2992 ι

207 3011 286 3064 sic
319 3009 512 3076 incipit
547 3029 560 3064 :
602 3009 660 3062 Ὀ
697 3011 828 3073 Θεὸς
853 3012 882 3062 ὁ
916 3009 1094 3078 ἅγιος,
1132 3012 1161 3062 ὁ
1191 3013 1248 3063 ἑν
1293 3011 1471 3078 ἁγίοις
1512 3009 1788 3065 άνατταυό-

215 3095 403 3149 μενος,
435 3080 488 3132 id
521 3091 626 3141 est,
659 3097 678 3130 ι
707 3079 843 3134 Deus
875 3091 1114 3142 sanctus,
1141 3093 1194 3132 et
1226 3080 1278 3132 in
1319 3082 1524 3134 sanctis
1573 3084 1788 3149 requie-

1887 2873 2111 2947 risimile
2137 2874 2319 2944 itaque
2351 2885 2452 2940 est,
2482 2877 2764 2947 Didymum
2810 2875 2924 2930 haec
2950 2891 2980 2930 e
3009 2890 3161 2929 sacra
3200 2873 3451 2947 _Liturg_ia

1887 2944 2299 3016 protulisse.aut
2323 2947 2500 3012 potius
2531 2944 2597 2999 eti
2636 2948 2833 3016 hymno
2871 2947 3113 3012 angelico
3145 2963 3162 2995 ι
3188 2944 3368 3016 Gloria
3400 2945 3451 2996 in

1889 3014 2138 3078 excelsis,
2169 3034 2186 3065 ι
2222 3016 2396 3080 qualis
2429 3017 2615 3081 primis
2662 3014 2822 3069 etiam
2875 3016 3088 3070 saeculis
3126 3014 3454 3068 recitabatur

1893 3100 1919 3134 a
1956 3083 2278 3138 Christianis
2333 3087 2596 3138 matutino
2633 3096 2871 3152 tempore
2899 3105 2910 3138 :
2940 3102 3040 3153 qua
3078 3086 3144 3137 de
3191 3099 3348 3153 causa
3388 3084 3451 3136 li-

211 3164 394 3226 sccns.
423 3168 444 3200 ι
476 3149 611 3214 Quin
641 3151 798 3226 etiam
829 3151 880 3202 in
906 3150 1519 3226 orationeabcpiscopo
1555 3154 1786 3226 ree'itan-
1813 3167 1859 3226 ρ
1891 3153 1987 3206 bro
2024 3169 2094 3226 vtt
2124 3153 2343 3226 Constit.
2369 3156 2672 3226 apostolic.,
2704 3149 2824 3223 cap.
2853 3149 3194 3217 47,'vocatur
3221 3173 3238 3203 ι
3269 3152 3454 3226 Oratio

211 3220 302 3283 da,
336 3234 460 3285 quae
493 3228 669 3273 exstat
727 3219 817 3272 lib.
863 3235 958 3273 vm
995 3219 1435 3272 Constitutionum
1468 3222 1788 3287 apostolica-

213 3304 351 3351 rum,
393 3303 515 3358 cap.
561 3290 644 3348 11,
689 3288 910 3358 legimus
943 3308 955 3342 :
990 3290 1170 3358 Ἀγιε,
1198 3291 1254 3342 ἐν
1297 3290 1472 3356 ἁγίοις
1515 3292 1794 3344 ἀναπαυό-

221 3374 374 3427 μενε,
419 3357 472 3410 id
498 3367 600 3422 est,
641 3376 658 3407 I
687 3356 902 3421 Sancte,
945 3361 1033 3427 qui
1078 3356 1132 3412 in
1175 3363 1379 3412 sanctis
1423 3362 1739 3427 requiescis.
1766 3381 1784 3412 ι

223 3426 359 3500 ||a_-c_
387 3435 572 3500 autem
615 3443 782 3481 sacra:
816 3426 1066 3497 Litur’gim
1099 3429 1316 3490 locutio,
1367 3445 1394 3481 τι
1435 3426 1658 3500 Didymo
1704 3432 1790 3485 ltic

224 3497 485 3559 adhibita,
521 3499 834 3565 deprompta
865 3509 946 3551 est
975 3515 1038 3551 ex
1075 3500 1176 3551 lsa.
1228 3514 1363 3560 Lvu,
1399 3498 1482 3552 15.
1520 3497 1786 3553 Czeterum

229 3568 394 3688 ιὲιιει
428 3565 839 3621 Passioueianus
885 3572 1136 3623 mendose
1183 3569 1343 3622 habet
1385 3569 1581 3636 ἁγίοις,
1611 3586 1706 3640 pro
1733 3573 1790 3622 ἐν

277 3652 418 3688 .ιοις.

275 3652 418 3701 γιοις.

296 3704 406 3772 (l0)
434 3701 580 3757 Unus
634 3715 862 3758 sanctus.
896 3704 1026 3758 Vide
1062 3715 1170 3761 not.
1197 3707 1252 3769 9,
1299 3719 1420 3773 pag.
1472 3707 1593 3762 161.
1626 3708 1681 3760 in
1723 3707 1786 3759 li-

229 3775 325 3828 bro
359 3789 460 3827 vm
489 3773 936 3827 Consu‘tutionnm
979 3777 1404 3840 apostolicarum.
1435 3793 1552 3843 cap.
1587 3778 1679 3840 15,
1719 3777 1792 3830 le-

221 3847 365 3916 uitur
391 3859 406 3895 :
449 3843 506 3896 '0
554 3845 849 3916 ἐπίσκοπος
889 3846 1334 3916 προσφωνησάτω
1363 3847 1438 3916 τῷ
1473 3846 1586 3915 λαῷ
1611 3847 1759 3916 οὕτω
1774 3864 1786 3877 ⁸

217 3917 297 3968 Τά
328 3914 492 3982 ἆγιαῴ
515 3917 628 3976 τοῖς
670 3915 875 3982 ἁγίοιςζ
909 3911 1018 3966 Καὶ
1048 3911 1090 3966 ⁷ὁ
1129 3911 1254 3976 λαὸς
1305 3911 1625 3969 ὑπακουέτω
1645 3934 1658 3947 ’
1695 3911 1790 3978 Εἷς

217 3977 518 4055 ἅγιοςέεῖς
565 3977 789 4054 Κύριος,
821 3978 904 4055 εἷς,
939 3983 1441 4055 ἸησοῦςγΧριστὸς,
1501 3988 1580 4047 εἰς
1633 3977 1789 4054 δόξαν

217 4053 354 4109 Θεοῦ
392 4053 630 4126 ἰξατρὸς,
655 4053 950 4126 εὐλογητὸς
977 4057 1055 4116 εἰς
1097 4054 1220 4126 τοὺς
1246 4053 1466 4118 αἰῶνας.
1509 4053 1712 4126 Ἀμήν(
1739 4058 1786 4109 id

218 4139 324 4189 est,
353 4141 372 4173 ι
407 4123 704 4190 Episcopus
749 4124 818 4176 ita
848 4123 912 4175 ad
961 4124 1208 4192 populum
1242 4123 1585 4190 proloquatnr
1609 4123 1788 4180 {San-

217 4208 304 4250 cta
334 4194 570 4247 sanctis.
591 4193 931 4262 Populusqne
979 4193 1336 4260 respondeat:
1377 4195 1522 4249 Unus
1547 4207 1783 4260 sanctus,

218 4279 362 4319 unus
409 4264 690 4328 Dominus,
721 4261 859 4316 unus
890 4261 1043 4316 Jesus
1076 4263 1345 4326 Christus,
1394 4265 1446 4317 in
1493 4266 1658 4333 gloria
1694 4267 1783 4320 Dei

218 4333 424 4394 Patris.
459 4333 768 4386 benedictus
810 4333 862 4385 in
911 4333 1125 4386 saecula.
1171 4333 1360 4386 Amen.
1389 4352 1408 4385 ι
1442 4335 1568 4399 Quae
1624 4337 1784 4389 verba

219 4406 323 4460 etsi
358 4402 416 4455 in
441 4401 697 4471 Liturgiis
729 4402 1095 4472 Chrysostomi
1122 4417 1190 4474 ac
1225 4401 1406 4474 Basilii
1463 4419 1566 4457 non
1603 4404 1784 4474 legan-

222 4486 334 4538 tur,
383 4486 413 4543 ιι
450 4473 645 4540 populo
693 4471 870 4543 tamen
920 4473 1144 4543 recitari
1173 4473 1223 4523 in
1268 4471 1450 4535 Missa,
1499 4471 1776 4543 postquam

218 4542 482 4612 sacerdos
507 4544 660 4606 dixit,
701 4559 719 4592 ι
744 4542 938 4596 Sancta
979 4542 1202 4606 sanctis,
1229 4560 1247 4592 ι
1285 4543 1476 4612 colligo
1517 4559 1581 4597 ex
1613 4545 1779 4598 Theo-

219 4615 340 4667 dori
384 4611 699 4665 Antidensis
746 4612 981 4680 episcopi
1031 4612 1390 4679 explicatione
1427 4611 1598 4668 Missa:
1647 4631 1781 4668 non-

219 4685 376 4752 dum,
407 4681 460 4734 ni
497 4682 675 4742 fallor.
701 4682 866 4752 edita,
889 4697 1008 4751 qua:
1038 4681 1291 4752 exstati_n
1321 4681 1560 4752 Naniano
1599 4686 1781 4738 codice

221 4749 388 4807 manu
419 4752 619 4819 scripto
648 4768 661 4802 :
698 4750 756 4822 Ὀ
786 4749 1084 4822 ἀρχιερεὺς
1101 4749 1202 4822 (ait.
1231 4749 1560 4822 Theodorus)
1594 4753 1740 4820 λέγει
1762 4770 1776 4783 ο

329 4825 469 4899 ᾰγια
503 4824 615 4899 τοῖς
643 4820 934 4899 ἁγίοις,2ζί
975 4821 1037 4873 Οἱ
1153 4821 1484 4899 ἀκροαταὶ...
1502 4823 1776 4899 λέγουσιν·

220 4887 318 4954 εἷς
351 4884 515 4962 μόνος
543 4884 716 4962 ᾶγιοέν
745 4884 825 4962 εἷς
856 4891 1058 4959 Κύριος
1089 4884 1293 4962 Ἰησοῦς
1323 4884 1586 4961 Χριστός,
1607 4895 1657 4945 id
1676 4903 1779 4957 est,

228 4979 246 5009 ι
273 4960 570 5032 EpiscOpus
603 4961 764 5032 dicit:
789 4960 983 5032 Sancta
1011 4961 1287 5013 sanctis...
1328 4960 1614 5016 Auditores
1654 4978 1780 5017 vero

221 5029 484 5101 inquiunt
539 5048 553 5084 :
620 5029 775 5101 Unus
822 5031 967 5083 solus
1013 5039 1276 5101 sanctus,_
1317 5046 1454 5084 unus
1524 5032 1779 5088 Dominus

221 5097 377 5155 lesus
405 5100 677 5156 Christus.
702 5119 721 5152 ι
748 5097 984 5153 Joannes
1026 5108 1201 5152 autem
1237 5099 1442 5154 Veccus
1461 5101 1771 5155 Constanti-

225 5173 568 5240 nopolitantts
613 5169 920 5240 patriarcha
951 5169 1002 5222 in
1029 5169 1309 5240 opusculo,
1337 5173 1479 5236 quod
1523 5172 1776 5225 inscribi-

225 5237 311 5293 tur
334 5240 656 5308 Eurum
678 5239 923 5307 ῥήσεων
949 5237 1267 5307 magum-tr,
1300 5244 1545 5308 quodque
1566 5257 1596 5292 a
1622 5240 1778 5296 l'etro

221 5312 458 5364 Arcudio
517 5311 656 5364 inter
706 5309 960 5378 opuscula
1011 5324 1170 5378 aurea
1229 5311 1520 5378 theologica
1576 5313 1774 5364 editum

223 5379 345 5451 ιιιὶι,
377 5380 492 5451 hac
528 5380 706 5451 habet,
739 5377 1026 5451 pag._156:
1063 5377 1292 5451 Ὁμοίως
1318 5377 1592 5451 καξιίὲντῇ
1629 5381 1775 5444 δοξο-

221 5447 380 5520 laxi;
395 5447 514 5520 τοῦ,
536 5466 567 5520 ιγ
590 5449 724 5514 Δόξα
744 5449 1095 5520 ὲνρψίστοιςη
1110 5465 1128 5496 ι
1151 5451 1208 5500 ὲν
1226 5449 1303 5518 τῷ
1326 5449 1464 5520 τέλει
1489 5447 1704 5520 ᾄδοιισιν
1727 5453 1775 5504 οἱ

220 5516 473 5590 Γραίιιιοεο
503 5537 531 5590 γι
545 5519 663 5590 Ὅτι
696 5520 759 5571 σὺ
793 5516 863 5572 εἴ
885 5520 1043 5588 μόνος
1070 5516 1322 5590 amoma
1336 5516 1384 5570 εἷ
1402 5516 1559 5588 μόνος
1574 5521 1776 5590 Κύριος

235 5587 455 5660 Ἰησοῦς
473 5589 708 5659 Χριστὸς
736 5590 814 5652 εἰς
831 5587 988 5655 δόξαν
1002 5589 1137 5642 Θεοῦ
1164 5587 1438 5660 Πατρόςοίι
1468 5592 1630 5657 idest,
1654 5587 1774 5644 ιδι-

221 5660 422 5729 militer
445 5659 497 5712 in
527 5665 749 5729 hymno,
780 5677 799 5709 ι
827 5661 1006 5714 Gloria
1049 5661 1102 5712 in
1129 5659 1378 5722 excelsis,
1404 5679 1422 5710 ι
1460 5662 1510 5713 in
1543 5663 1648 5715 line
1677 5677 1772 5714 ca-

223 5737 361 5780 nunt
387 5728 601 5782 Graeci:
631 5747 650 5778 ι
677 5728 939 5794 Quoniam
987 5740 1041 5784 tu
1082 5735 1230 5783 solus
1260 5739 1498 5791 sanctus,
1545 5741 1597 5784 tu
1625 5733 1772 5786 solus

223 5795 477 5856 Dominus
501 5796 660 5855 Jesus
684 5800 929 5856 Chsistus
965 5801 1015 5855 in
1051 5801 1220 5870 gloria
1258 5801 1349 5856 Dei
1395 5798 1588 5855 Patris.
1611 5821 1630 5854 ι
1675 5802 1772 5855 Ve-

1896 3223 2173 3275 matutina.
2205 3241 2224 3273 ι
2281 3224 2477 3277 Fateor
2531 3225 2581 3277 in
2627 3225 3101 3278 Constitutionibus
3154 3223 3453 3290 apostolicis

1894 3292 2011 3345 loco
2039 3293 2340 3356 verborum,
2381 3313 2398 3343 ι
2422 3295 2471 3346 in
2502 3295 2668 3363 gloria
2692 3297 2780 3348 Dei
2813 3296 2999 3348 Patris.
3025 3296 3219 3355 Amen,
3245 3311 3263 3343 ι
3289 3293 3450 3363 aliam

1898 3363 1996 3428 legi
2025 3363 2316 3434 clausulam
2351 3360 2951 3434 aliquandolongiorem
2975 3382 2988 3429 ;
3013 3364 3105 3418 sed
3141 3363 3252 3414 lieri
3292 3360 3448 3434 facile

1894 3432 2089 3499 potuit,
2125 3442 2182 3484 ut
2212 3431 2451 3503 ejusdem
2493 3434 2670 3503 hymni
2703 3431 2807 3486 non
2843 3435 3028 3487 eadem
3057 3440 3199 3486 esset
3257 3431 3456 3503 ubique

1893 3510 1987 3554 aut
2013 3515 2224 3567 semper
2254 3500 2613 3556 clausulan
2651 3518 2782 3556 sane
2813 3505 2865 3556 in
2896 3503 3242 3556 membraneo
3263 3500 3448 3553 codice

1893 3570 2076 3623 szeculi
2125 3586 2390 3638 x1,quom
2452 3583 2632 3624 servat
2667 3571 2868 3634 Veneta
2905 3572 3194 3624 Naniorum
3251 3567 3453 3621 Biblio-

1894 3641 2070 3702 theca,
2106 3650 2225 3707 post
2261 3642 2494 3705 psalmos
2516 3651 2568 3693 et
2591 3640 2811 3694 Cantica
2859 3641 3058 3709 legitur
3084 3641 3182 3692 iste
3217 3639 3448 3709 hymnus

1894 3711 2061 3760 tttttlto
2091 3724 2249 3774 quam
2283 3711 2419 3774 apud
2456 3709 2674 3763 Latinos
2696 3708 2938 3773 auctior}
2961 3724 3080 3762 nam
3109 3717 3227 3776 post
3245 3708 3402 3758 verba
3432 3724 3444 3759 :

1893 3779 1970 3840 εἰς
1997 3777 2148 3840 δόξαν
2177 3777 2308 3850 Θεοῦ
2349 3778 2576 3850 Πατρός.
2629 3781 2818 3850 Ἀμήν,
2850 3782 3118 3850 adduntur
3148 3777 3249 3830 alia
3273 3776 3446 3850 plura,

1884 3863 2082 3919 nempe
2115 3848 2233 3899 καθ’
2267 3846 2499 3917 ἑκάστην
2543 3846 2763 3919 ἡμέραν
2792 3849 3067 3918 εὐλογήσω
3125 3864 3203 3910 σε,
3241 3846 3446 3919 etﬂrcli-

1890 3931 2017 3984 qua,
2049 3918 2148 3970 hoc
2172 3928 2272 3979 est,
2300 3937 2316 3966 ι
2344 3915 2782 3986 είιιευιῐέιιίειιιιδ
2801 3915 3111 3973 benedicam
3143 3928 3214 3970 te.
3239 3934 3257 3966 ι
3293 3915 3444 3980 Quod

1891 3988 1935 4058 si
1969 3986 2106 4038 hunc
2139 3987 2393 4058 hymnum
2440 3990 2727 4058 respiceret
2770 3991 3040 4058 Didymus,
3078 3987 3330 4041 credibile
3359 3987 3444 4038 vix

1893 4055 2050 4126 foret,
2081 4070 2200 4126 eum
2242 4058 2308 4110 ab
2341 4057 2543 4109 Hilario
2578 4055 2896 4112 Pictavicns'i
2926 4059 3175 4126 episcopo
3221 4069 3443 4120 compo-

1889 4125 2047 4176 situm
2096 4124 2471 4193 l‘ttissezquod
2519 4137 2694 4181 tamen
2747 4145 2848 4181 non
2895 4124 3046 4195 pauci
3091 4126 3447 4195 scripserunt.

1889 4202 2188 4264 uttnoneut
2219 4195 2723 4252 Maurinimonacbi
2759 4199 2810 4250 in
2856 4193 3164 4264 praefatione
3197 4197 3248 4247 in
3295 4193 3448 4264 1111³-

1888 4263 1951 4335 r_ii
1986 4262 2193 4335 _Opera,
2235 4280 2357 4335 pag.
2393 4267 2446 4331 7,
2479 4275 2607 4320 tom.
2658 4267 2697 4322 1.
2757 4262 2992 4322 Facilius
3046 4263 3386 4326 crediderim,
3418 4278 3448 4314 a

1889 4332 1946 4386 S.
1983 4333 2188 4406 Hilario
2220 4332 2466 4390 eumdem
2523 4339 2778 4406 hymnum
2809 4336 3000 4391 Latine
3032 4336 3292 4406 duntaxat
3319 4347 3443 4406 con-

1887 4404 2321 4474 versnmtnisse,
2349 4415 2425 4469 et,
2450 4401 2576 4459 cuni
2604 4408 2717 4474 ipse
2747 4409 2813 4460 ab
2838 4407 3028 4461 exsilio
3061 4404 3236 4474 rediit,
3267 4403 3325 4474 in
3350 4401 3450 4454 La-

1891 4472 2062 4548 tinam
2081 4473 2380 4548 Ecclesiatn
2412 4472 2705 4542 invectum,
2737 4475 2840 4532 nisi
2867 4477 3017 4548 prius
3055 4488 3085 4528 a
3116 4472 3448 4542 Telesphore

1883 4557 2018 4610 papa
2050 4544 2294 4598 invectus
2321 4545 2513 4598 fuerat.

1953 4612 2066 4684 (H)
2100 4611 2229 4667 Siue
2274 4615 2605 4684 confusione.
2641 4613 2964 4668 Naturarum
3023 4611 3228 4684 scilicet
3258 4609 3450 4684 divina:

1881 4691 1935 4754 et
1969 4682 2730 4754 humaanSimiliaidictavit
2778 4685 3032 4754 Didymus
3084 4682 3446 4754 _En_arrati_onc

1879 4753 1933 4805 in
1959 4754 2180 4819 primam
2215 4753 2439 4807 Joannis
2469 4753 2762 4822 Epistolam
2788 4755 2855 4808 ad
2879 4749 3020 4821 'cap.
3069 4751 3123 4814 4,
3154 4749 3446 4822 Eutychid-

1881 4837 2071 4874 normn
2131 4820 2543 4891 blasphemiam,
2580 4839 2699 4892 quae
2751 4820 3045 4892 Ecclesium
3085 4820 3444 4892 Apostmodmu

1881 4892 2137 4961 turbavit,
2177 4888 2611 4948 in'antcccssuni
2656 4893 2964 4961 proﬂigatis.
3004 4888 3153 4956 Vide,
3187 4889 3232 4961 si
3282 4888 3434 4961 libet,

1879 4960 2266 5015 Tcrtullianum
2295 4963 2347 5015 in
2378 4962 2512 5016 libro
2535 4959 2670 5016 adv;
2692 4959 2976 5025 Praiea’m,
3024 4975 3143 5027 cap.
3171 4959 3238 5011 27
3269 4967 3324 5012 et
3343 4959 3432 5022 ‘29,

1878 5041 2038 5097 atque
2058 5032 2398 5085 Ambrosium
2419 5034 2470 5086 in
2500 5033 2635 5087 libro
2659 5033 2732 5085 De
2746 5031 3133 5086 Incarnationis
3156 5030 3440 5084 Dominicw

1877 5112 2223 5172 sacramento,
2257 5118 2373 5170 cap.
2403 5102 2456 5172 6,
2482 5119 2630 5156 num.
2667 5103 2736 5155 44
2762 5112 2816 5156 et
2843 5117 2994 5172 seqq.

1949 5168 2058 5239 (12)
2089 5171 2195 5224 Pro
2226 5168 2368 5239 ipsis.
2404 5170 2555 5224 Joan.
2594 5188 2726 5236 xvtt,
2755 5173 2841 5226 19.

1947 5241 2056 5309 (15)
2082 5243 2202 5293 Νοη
2230 5240 2570 5309 derelinques.
2606 5242 2748 5295 Psal.
2781 5257 2867 5303 xv,
2888 5241 2970 5294 10.

1949 5309 2057 5382 (id)
2093 5309 2159 5363 In
2192 5311 2418 5378 inferno.
2450 5312 2637 5366 erca
2660 5313 2846 5376 editio,
2879 5314 2956 5373 εἰς
2985 5311 3135 5382 ᾅδην.
3164 5309 3442 5380 Didymus,

1876 5381 1952 5441 εἰς
1981 5379 2126 5448 ᾆδον.

1950 5450 2059 5519 (15)
2099 5449 2278 5503 Multis
2326 5449 2380 5503 in
2437 5449 2583 5504 locis.
2633 5450 2792 5506 Rom.
2828 5467 2901 5520 ιν,
2928 5450 2994 5504 24
3039 5450 3204 5514 ;Act.
3237 5465 3298 5513 ιι,
3389 5461 3443 5509 4.

1877 5530 1984 5572 BlC.

1946 5589 2056 5660 (16)
2083 5588 2236 5660 4pm!
2272 5588 2600 5660 Muitlhaeum.
2629 5589 2816 5646 Matth.
2851 5608 2999 5655 nrt,
3037 5591 3125 5644 61.

1944 5653 2055 5780 (:97)
2087 5653 2299 5713 Solvite.
2328 5659 2441 5714 Non
2477 5661 2526 5713 in
2574 5661 2713 5715 Luca
2747 5673 2962 5718 exstant
2990 5653 3124 5725 lucc,
3160 5659 3253 5715 sed
3287 5653 3442 5713 303a.

1877 5747 1933 5793 ll,
1963 5732 2047 5782 19.

1945 5801 2053 5868 (IS)
2090 5799 2424 5857 Potestatem.
2459 5799 2612 5856 Joan.
2650 5819 2704 5871 ι,
2741 5803 2821 5859 18.
