4060 6406
570 319 676 376 8σὸ
1808 328 2042 386 DiDYMl
2083 331 2558 390 ALEXANDIUNI

1207 445 1357 500 CAP.
1406 447 1518 502 XV.

2901 456 3058 510 ΚΕΦ.
3083 454 3196 512 ΗΥ.

648 530 900 600 Ejusdem
951 535 1092 590 modi
1136 548 1219 590 est
1269 541 1432 593 etiam
1488 556 1840 610 responsum,
1898 545 2039 613 quod
2078 545 2153 599 le-

2323 544 2436 598 Καὶ
2468 546 2500 615 ή
2537 544 2671 615 πρὸς
2696 544 2786 598 τὸν
2823 546 3045 615 νομικὸν
3083 545 3396 616 ἀπόκρισις,
3435 544 3527 598 τὸν
3561 560 3862 614 πειραστι-

575 620 835 691 gisperito
876 625 1056 679 datum
1099 627 1218 682 fuit.
1267 629 1400 684 Cum
1435 633 1579 686 enim
1617 633 1662 687 is
1692 633 1919 690 Domino
1953 645 2012 689 ut
2059 636 2155 690 ho-

2276 636 2367 700 ιῶς
2419 635 2642 689 εἰπόντα
2673 635 2748 698 ὡς
2785 636 3058 706 ἀνθρώπῳ
3107 634 3185 706 τῷ
3225 635 3435 705 Κυρίῳ,
3492 654 3513 685 ι
3547 631 3860 685 Διδάσκαλε

580 713 736 778 ιιιίιιὶ,
771 729 892 768 eum
930 726 1168 783 tentans,
1196 721 1446 788 dixisset,
1480 742 1498 775 ι
1530 723 1909 797 Magister(i9)
1945 727 2102 794 bone,
2129 746 2147 780 ι

2276 728 2446 798 ιγαθὲ,
2478 746 2498 779 ι
2542 729 2637 781 καὶ
2659 726 2991 792 ἀκούσαντα,
3021 746 3040 779 ‹
3067 727 3132 780 Τί
3165 745 3231 799 με
3263 726 3441 796 λέγεις
3469 725 3676 792 ἀγαθόν
3702 767 3719 789 ,
3749 726 3862 776 Οὓς

578 807 859 872 respondit
895 807 1141 864 Christus
1175 829 1189 865 :
1220 831 1238 862 ι
1267 813 1402 878 Quid
1437 829 1521 868 me
1543 816 1679 871 dicis
1711 817 1910 872 bonum
1935 819 1958 872 ?
1988 818 2155 874 Nemo

2276 819 2362 882 isi;
2382 817 2610 887 ἀγαθὸς,
2650 820 2698 872 εί
2723 819 2807 890 ,μὴ
2839 813 2920 884 εἷς
2956 821 2985 872 6
3025 818 3180 884 Θεὸς,
3220 837 3239 870 ι
3293 817 3516 889 τοιαύτη
3552 817 3641 880 τίς
3670 818 3855 869 ἐστιν.

3748 340 3861 397 884

582 892 774 964 bonus,
823 898 926 952 nisi
980 918 1116 954 unus
1148 903 1310 959 Deus.
1334 923 1352 957 ι
1399 906 1601 976 Nempe
1629 909 1779 977 illud,
1818 928 1836 962 ι
1868 909 2035 966 Νειηο
2061 912 2156 967 bo-

583 1008 701 1051 nus.
731 1013 749 1046 »
795 995 1025 1052 refertur
1069 1000 1136 1052 ad
1177 1016 1344 1070 genus
1377 1002 1686 1070 hominum;
1715 1013 1772 1059 et
1801 1005 1950 1072 illud,
1982 1025 2002 1058 ι
2040 1006 2153 1064 Nisi

585 1102 727 1140 unus
782 1089 942 1154 Deus,
974 1108 992 1140 ι
1050 1092 1116 1142 ad
1172 1094 1784 1151 consubstantialitatem
1847 1099 2150 1154 divinarum

586 1179 977 1248 hypostasiut'n.
1012 1181 1175 1247 Quasi
1213 1185 1355 1237 dicat
1391 1205 1403 1239 :
1449 1186 1502 1240 Si
1548 1188 1690 1241 enim
1741 1190 1881 1243 nosti
1933 1205 2018 1244 me
2055 1190 2154 1245 bo-

587 1287 736 1334 num,
779 1273 1034 1326 conﬁtere
1052 1275 1163 1343 (:20)
1203 1291 1288 1330 me
1321 1291 1440 1332 esse
1474 1279 1636 1332 Deum
1665 1280 1948 1348 :equalem,
1981 1290 2034 1336 et
2079 1283 2156 1338 si-

590 1363 770 1416 ntilem
805 1365 945 1419 Patri
990 1377 1049 1420 ut
1083 1369 1379 1422 secundum
1413 1369 1734 1435 bonitatem,
1761 1372 1832 1426 ita
1868 1382 1922 1428 et
1964 1386 2158 1427 secun-

588 1459 712 1510 dum
739 1461 1055 1514 essentiam.
1095 1461 1415 1517 Humanitas
1441 1465 1584 1517 enim
1617 1465 2026 1534 participatione
2063 1468 2160 1521 bo-

587 1547 810 1602 nitatem
846 1550 1113 1616 possidet;
1149 1551 1329 1607 Deitas
1357 1569 1482 1609 vero
1515 1564 1598 1609 est
1625 1570 1761 1625 apex
1797 1556 2070 1622 bonitatis,
2101 1567 2158 1612 et

583 1638 718 1702 vita,
746 1646 799 1691 et
832 1639 942 1703 lux,
970 1651 1024 1694 et
1050 1641 1268 1706 veritas,
1310 1653 1364 1698 et
1397 1660 1518 1714 pax,
1547 1655 1602 1700 et
1626 1647 1884 1701 charitas.
1925 1646 2160 1722 Subjutp

2257 910 2351 975 Τὸ,
2385 927 2405 962 t
2439 911 2629 976 Οὐδεὶς
2660 910 2880 980 ἀγαθὸς,
2921 930 2937 962 ι
2977 913 3057 974 είς
3084 910 3145 963 τὸ
3174 909 3328 979 γένος
3362 927 3469 963 των
3501 907 3818 978 ἀνθρώπων
3838 922 3855 937 ο

2254 1000 2339 1062 τὸ,
2375 1019 2394 1053 ‹
2432 1001 2496 1052 Ei
2528 999 2603 1071 μὴ
2625 994 2707 1063 εἷς
2737 1002 2765 1054 6
2795 1000 2948 1064 Θεὸς,
2976 1019 2992 1051 ι
3030 1001 3111 1064 sl;
3135 1000 3196 1052 τὸ
3229 998 3513 1070 ὀμοούσιον
3545 997 3656 1052 τῶν
3689 997 3859 1050 θείων

2256 1090 2611 1144 ὑποστάσεων
2647 1091 2824 1160 φέρει.
2853 1092 2918 1144 El
2955 1089 3063 1162 γὰρ
3093 1087 3241 1154 οἶδάς
3271 1107 3358 1161 με,
3397 1090 3583 1160 φησιν,
3618 1088 3856 1156 ἀγαθὸν,

2255 1182 2588 1256 ὁμολόγησόν
2624 1202 2694 1256 με
2737 1184 2871 1238 Θεὸν
2926 1183 3038 1236 ἴσον
3076 1184 3170 1237 καὶ
3211 1184 3418 1254 ὅμοιον,
3456 1183 3534 1247 ὡς
3569 1182 3720 1236 κατὰ
3753 1183 3858 1252 τὴν

2257 1275 2588 1346 ἀγαθότητα,
2625 1275 2797 1339 οὕτως
2837 1275 2933 1329 καὶ
2980 1275 3120 1330 κατὰ
3165 1275 3264 1347 τήν
3295 1275 3482 1328 οὐσίαν
3528 1275 3860 1345 ὑπάρχοντα

2255 1367 2351 1421 τοῢ
2381 1367 2610 1438 Πατρός.
2644 1368 2709 1420 Ἥ
2735 1368 2842 1438 γὰρ
2872 1367 3226 1439 ἀνθρωπότής
3259 1365 3557 1438 μεταλήψει
3583 1366 3686 1437 τὴν
3715 1367 3860 1434 ἁγα-

2259 1459 2458 1530 θότητα
2491 1459 2787 1530 κέκτηται·
2816 1461 2849 1530 ἡ
2884 1459 2941 1512 δὲ
2967 1459 3156 1529 θεότης
3185 1459 3330 1528 ἄκρα
3365 1457 3729 1526 ἀγαθότητος,
3760 1456 3859 1509 καὶ

2260 1550 2398 1622 ζωὴ,
2431 1551 2526 1605 καὶ
2564 1551 2701 1621 φῶς,
2739 1551 2833 1605 καὶ
2865 1551 3114 1622 ἀλήθεια,
3145 1551 3240 1604 καὶ
3280 1551 3496 1621 εἰρήνη,
3533 1550 3631 1603 καὶ
3657 1549 3860 1618 ἀγάπη

2259 1642 2427 1695 ἐστίν.
2464 1642 2575 1696 Καὶ
2596 1640 2826 1710 ἐπάγει·
2865 1629 2884 1692 ι
2926 1639 3067 1709 Ἐγὼ
3099 1639 3216 1710 φῶς
3246 1641 3326 1703 εἰς
3359 1639 3451 1692 τὸν
3483 1637 3693 1709 κόσμον
3722 1637 3858 1707 ἐλή-

585 1732 662 1799 git
685 1741 863 1785 autem
892 1753 905 1787 :
944 1752 962 1783 ‹
985 1733 1094 1803 Ego
1121 1734 1205 1788 lux
1225 1735 1337 1806 (21)
1371 1737 1422 1790 in
1454 1737 1707 1790 mundum
1731 1737 1876 1803 veni,
1896 1748 1954 1793 ut
1983 1741 2161 1796 omnis

2276 1733 2417 1798 ιυθα,
2464 1734 2550 1787 ἵνα
2597 1735 2703 1796 πᾶς
2740 1736 2768 1787 6
2806 1732 3117 1787 ἀκολουθῶν
3175 1749 3264 1804 μοι
3313 1733 3372 1785 ἐν
3420 1733 3488 1802 τῇ
3537 1729 3735 1800 σκοτίᾳ
3777 1729 3856 1802 μὴ

585 1822 676 1890 qui
721 1825 966 1893 sequitur
1024 1841 1109 1880 me
1143 1827 1278 1896 (Ἡ),
1332 1828 1382 1882 in
1435 1827 1670 1883 tenebris
1713 1845 1815 1882 non
1865 1841 2098 1885 maneat.
2134 1849 2155 1884 ι

2276 1826 2443 1898 μείνῃ.
2483 1843 2502 1876 ι
2537 1824 2746 1879 Πείθων
2777 1841 2837 1878 τε
2889 1824 2980 1878 τὸν
3023 1823 3245 1894 νομικὸν
3291 1820 3444 1877 ταῦθ’
3475 1820 3652 1884 οὕτως
3680 1821 3853 1890 ἔχειν,

588 1913 766 1981 thue
821 1915 934 1968 brae
986 1916 1059 1968 ita
1120 1930 1241 1971 esse
1297 1919 1616 1987 persuadeat
1668 1917 1999 1988 legisperito,
2041 1921 2157 1975 ait:

595 2024 614 2056 ι
642 2003 822 2060 Vende
843 2005 954 2076 (25)
995 2010 1175 2062 Omnia
1211 2024 1330 2077 quae
1363 2011 1550 2073 habes,
1573 2018 1628 2063 et
1671 2012 1816 2074 veni,
1837 2019 1892 2067 et
1933 2027 2162 2082 sequere

591 2113 695 2153 me.
729 2117 748 2148 ι
791 2098 944 2164 Quod
985 2108 1162 2154 tamen
1214 2116 1321 2154 non
1361 2100 1488 2154 fecit
1527 2101 1867 2172 legisperitus
1896 2104 2161 2160 voluntati

587 2187 948 2242 succumbens
993 2205 1102 2244 suae
1142 2190 1381 2244 innatam
1419 2191 1714 2246 bonitatem
1768 2208 1873 2248 non
1922 2195 2159 2250 babenti.

589 2277 784 2332 Filium
827 2296 987 2349 porro
1045 2281 1246 2337 bonum
1295 2299 1457 2346 esse.
1500 2284 1797 2354 Scriptum
1846 2288 2164 2344 testimoniis

589 2371 875 2437 probatum
915 2381 1000 2427 est
1047 2373 1098 2426 in
1140 2374 1314 2443 primo
1358 2374 1502 2444 λόγῳ
1524 2375 1655 2446 (24).
1693 2377 1831 2444 Quid
1867 2390 2046 2434 autent
2096 2382 2163 2435 ad

589 2461 1068 2518 demonstrandam
1089 2463 1256 2535 369
1287 2465 1406 2520 Filii
1438 2469 1733 2523 bonitatem
1768 2468 1943 2538 majus
1984 2469 2163 2526 afferri

589 2565 793 2623 potest,
834 2572 996 2626 qnam
1025 2560 1170 2626 quod
1200 2559 1313 2627 ipse
1338 2561 1593 2628 operibus
1624 2562 1816 2632 magis,
1855 2577 2016 2630 quant
2041 2577 2164 2617 ver-

588 2646 674 2701 bis
711 2661 770 2702 se
806 2657 996 2701 natura
1026 2649 1222 2702 bonum
1254 2663 1379 2704 esse
1408 2652 1664 2716 ostendit,
1689 2653 1841 2723 juxta
1872 2653 2042 2718 illum,
2075 2656 2165 2726 qui

589 2739 668 2792 ait
695 2756 708 2790 :
750 2755 769 2789 ι
800 2738 972 2808 C(Bpit
992 2739 1126 2811 (εν)
1155 2741 1311 2797 Jesns
1330 2753 1383 2796 et
1403 2743 1668 2806 l'acere,et
1694 2746 1965 2801 docere?)
1997 2747 2168 2802 Nimi—

591 2847 709 2886 rum
748 2851 767 2882 ‹
797 2835 974 2886 facere
999 2853 1017 2883 ι
1047 2834 1263 2902 quidem
1293 2836 1480 2904 οωνίι,
1513 2851 1637 2890 cum
1671 2839 2015 2908 semetipsum
2048 2842 2169 2895 exi-

594 2923 835 2986 nauivit,
875 2935 928 2977 et
964 2922 1191 2978 formam
1255 2928 1398 2981 servi
1455 2942 1551 2996 pro
1601 2929 1776 2983 servis
1825 2930 2068 2998 accepit,
2117 2942 2171 2986 et

592 3015 891 3082 quemlibet
934 3018 1205 3080 morbum,
1237 3033 1560 3088 omnemque
1605 3019 1975 3076 inﬁrmitatem
2011 3037 2170 3077 sana-

593 3105 691 3167 vit,
726 3112 780 3158 et
808 3103 1082 3160 daemones
1119 3104 1297 3174 eiecit,
1331 3116 1384 3162 et
1409 3124 1556 3163 mare
1585 3109 1895 3167 hominibus
1928 3115 2168 3182 pervium

595 3195 743 3260 fecit,
771 3204 828 3250 et
861 3195 1142 3252 famelicas
1190 3201 1377 3254 turbas
1438 3200 1492 3254 in
1539 3201 1756 3256 deserto
1798 3206 2082 3273 saturavit,
2119 3217 2174 3262 et

593 3303 872 3344 servorum
921 3290 1080 3358 pedes
1112 3291 1263 3357 lavit,
1305 3303 1360 3346 et
1392 3303 1612 3363 propter
1646 3309 1867 3349 suarum
1916 3312 2170 3352 manuum

598 3383 909 3450 ﬁgmentum
943 3383 1166 3450 injurias
1209 3385 1312 3440 sibi
1355 3401 1384 3439 a
1428 3386 1666 3455 ﬁgmenti
1707 3388 1878 3456 ipsius
1923 3390 2170 3446 manibus

596 3477 774 3531 illatas
809 3491 1097 3545 perpessus
1127 3486 1232 3540 est,
1281 3486 1336 3532 et
1372 3478 1754 3551 centupla(25)
1791 3481 2171 3536 benefacienti-

595 3565 697 3620 bus
736 3565 875 3619 bona
917 3566 1369 3633 subministravit,
1407 3577 1462 3622 et
1504 3570 1666 3622 vitam
1702 3580 1960 3624 aeternam
2012 3571 2169 3625 addi-

597 3659 698 3712 dit.
729 3677 747 3710 ι
774 3658 976 3713 Docere
1003 3678 1022 3710 ι
1069 3669 1251 3713 autem
1281 3661 1465 3728 coepit,
1499 3675 1620 3715 cum
1647 3662 1723 3716 ait
1757 3680 1770 3716 :
1803 3680 1821 3713 ι
1851 3660 2034 3717 Vende
2057 3661 2169 3734 (ΞΟ)

596 3751 798 3816 omnia,
835 3765 956 3818 quae
999 3749 1186 3817 habes,
1233 3758 1289 3805 et
1333 3750 1403 3804 da
1438 3753 1779 3822 pauperibus,
1815 3763 1872 3808 et
1906 3756 2051 3820 veni,
2083 3770 2172 3810 se-

599 3857 769 3912 quere
797 3857 957 3910 ιιιες»
992 3853 1083 3900 et:
1123 3861 1142 3896 ι
1183 3842 1332 3909 Quod
1361 3853 1416 3899 tu
1437 3843 1548 3914 (27)
1583 3845 1765 3912 odisti,
1804 3845 1958 3900 alteri
1989 3863 2056 3902 ne
2098 3844 2177 3900 fe-

677 4020 787 4090 (19)
819 4019 1090 4091 Magister.
1128 4019 1299 4076 Marc.
1329 4039 1385 4086 ιι,
1412 4021 1478 4076 17
1509 4032 1558 4076 ει
1596 4023 1689 4091 18;
1730 4033 1784 4080 ει
1829 4023 2020 4079 Matth.
2057 4038 2170 4088 xxx,

604 4095 673 4150 16
695 4101 748 4144 ει
777 4093 870 4150 i7;
900 4105 953 4144 et
991 4090 1118 4146 Luc.
1153 4109 1311 4154 xvut,
1339 4093 1404 4146 18
1435 4105 1486 4148 ει
1521 4094 1609 4147 19.

678 4162 789 4232 (20)
819 4161 1100 4231 Con/itere.
1126 4161 1328 4228 Codex,
1365 4163 1700 4236 ὁμολόγήσέν
1734 4181 1822 4236 με.
1859 4163 2003 4234 Lego
2049 4168 2180 4237 ὁμο-

602 4233 832 4290 λόγησον
867 4248 954 4290 με.

743 4248 832 4285 σον
867 4248 954 4301 με.

666 4251 832 4304 γησον
867 4251 954 4301 με.

683 4303 794 4376 (21)
826 4302 935 4376 Ego
956 4304 1068 4357 lux.
1096 4301 1252 4358 Joan.
1279 4319 1377 4371 xu,
1398 4303 1489 4376 §6.

679 4372 791 4444 (9,2)
829 4372 931 4437 Qui
982 4375 1214 4443 sequitur
1242 4391 1344 4427 me.
1389 4374 1574 4428 Graeca
1615 4372 1781 4429 editio
1809 4390 1827 4428 :
1853 4375 1882 4428 6
1907 4375 2177 4432 πιστεύων

605 4448 688 4510 είς
713 4444 922 4515 épéLid
951 4455 1055 4511 est,
1085 4463 1116 4515 γι
1139 4445 1228 4512 qui
1251 4447 1427 4499 credit
1454 4446 1508 4515 in
1533 4459 1620 4515 me
1639 4463 1656 4494 ι

2259 1914 2406 1970 εἴπεο
2437 1937 2456 1970 ι
2479 1915 2733 1987 Πώλησον
2772 1917 2971 1980 πάντα,
3009 1916 3109 1969 ὅσα
3151 1915 3315 1986 ἔχεις,
3370 1914 3464 1968 καὶ
3497 1913 3682 1984 δεῦρο,
3723 1912 3857 1964 ἀκο-

2260 2009 2440 2064 λούθει
2481 2028 2594 2081 μοι.
2632 2028 2651 2060 ι
2685 2009 2864 2080 Ὅπερ
2921 2009 3022 2062 οὐκ
3077 2007 3332 2077 ἐποίησεν
3381 2003 3702 2076 ἡττώμενος
3751 2003 3856 2071 τῆς

2260 2101 2504 2173 γνώμης,
2540 2101 2641 2154 οὐκ
2695 2099 2926 2171 ἐχούσης
2977 2099 3216 2170 ἔμφυτον
3262 2098 3325 2151 τὸ
3372 2095 3595 2165 ἀγαθόν.
3639 2095 3855 2164 Ἐμαρο

2262 2192 2471 2265 τυρήθη
2508 2192 2608 2263 μὲν
2637 2188 2731 2245 οὖν
2762 2193 2798 2263 ή
2846 2189 3120 2262 ἀγαθότης
3165 2187 3330 2242 αὐτοῦ
3370 2188 3428 2240 ὲν
3474 2184 3551 2256 τῷ
3597 2189 3646 2236 α’
3681 2184 3854 2252 λόγῳ.

2263 2286 2328 2339 Τί
2361 2285 2418 2338 δὲ
2447 2284 2513 2338 ἂν
2546 2285 2633 2354 εἴη
2671 2285 2750 2346 είς
2783 2282 3055 2346 ἀπόδειξιν
3088 2279 3273 2352 μεῖζον
3303 2279 3397 2333 τοῦ
3430 2278 3614 2348 ἔργοις
3649 2276 3859 2346 μᾶλλον

2264 2375 2296 2446 ἢ
2327 2375 2505 2443 λόγοις
2531 2372 2839 2435 δεικνύντος
2882 2371 2943 2425 τὸ
2981 2370 3177 2424 ἑαυτοῦ
3219 2369 3379 2439 φύσει
3425 2365 3629 2436 ἀγαθὸν
3653 2405 3670 2430 ,
3712 2363 3862 2416 κατὰ

2263 2469 2356 2524 τὸν
2387 2467 2641 2538 λέγονταο
2680 2485 2699 2519 ι
2735 2465 2976 2537 Ἤρξατο
3016 2466 3046 2518 6
3075 2462 3285 2536 Ἰησοῦς
3326 2463 3502 2514 ποιεῖν
3538 2476 3599 2512 τε
3643 2456 3863 2512 mret-

2264 2561 2505 2627 δάσκειν;
2525 2579 2542 2610 ι
2553 2578 2646 2611 -ι
2661 2562 2832 2612 ποιεῖν
2843 2577 2862 2612 ι
2883 2557 3065 2628 μὲν,ὲν
3081 2556 3157 2626 τῷ
3170 2554 3404 2609 κενῶσαι
3421 2553 3613 2606 ἑαυτὸν
3630 2549 3680 2622 [1
3695 2551 3760 2602 76
3774 2547 3861 2619 a],

2269 2653 2360 2707 καὶ
2394 2651 2605 2724 μορφήν
2638 2650 2826 2706 δούλου
2858 2651 2999 2722 ὑπὲρ
3050 2647 3157 2702 τῶν
3205 2646 3405 2701 δούλων
3444 2645 3652 2705 λαϐεῖν,
3688 2641 3861 2713 θερα-

2267 2743 2466 2796 πεῦσαί
2497 2760 2558 2796 τε
2617 2743 2796 2796 πᾶσαν
2825 2742 2978 2795 νόσον
3025 2740 3122 2794 καὶ
3168 2742 3346 2793 πᾶσαν
3402 2735 3726 2808 μαλακείαν,
3757 2733 3863 2787 καὶ

2268 2836 2526 2906 δαίμονας
2555 2833 2844 2898 ἀπελάσαι,
2873 2834 2966 2888 καὶ
2995 2832 3272 2887 Θάλασσαν
3300 2828 3607 2901 ἀνθρώποις
3628 2827 3862 2895 ποιῆσαι

2272 2929 2464 3001 βατὴν,
2489 2929 2585 2982 καὶ
2609 2926 2910 2991 πεινῶντας
2937 2925 3128 2998 δχλους
3165 2924 3250 2977 ἐπ’
3275 2922 3513 2996 ἐρημίας
3549 2919 3860 2991 ἐμπλῆσαι,

2272 3022 2366 3075 καὶ
2405 3019 2607 3072 δούλων
2640 3017 2790 3088 νίψαι
2831 3019 2960 3082 τοὺς
3009 3017 3199 3080 πόδας,
3241 3015 3338 3068 καὶ
3379 3012 3468 3066 διὰ
3512 3011 3574 3065 τὸ
3625 3011 3862 3078 πλάσμα

2271 3113 2381 3167 τῶν
2408 3112 2553 3166 ἰδίων
2590 3110 2810 3184 χειρῶν,
2839 3109 2945 3164 ὑπὸ
2994 3108 3103 3162 τῶν
3155 3108 3353 3179 χειρῶν
3395 3106 3490 3160 τοῦ
3534 3105 3865 3174 πλάσματος

2277 3205 2488 3267 παθεῖν,
2526 3204 2618 3257 καὶ
2651 3201 3178 3257 ἑκατονταπλασίονα
3205 3203 3319 3263 τοῖς
3349 3195 3408 3253 εὖ
3445 3196 3658 3252 ποιοῦσι
3690 3213 3864 3266 χορή-

2275 3301 2392 3367 γεῖν
2420 3297 2619 3367 ἀγαθὰ,
2668 3297 2764 3350 καὶ
2812 3294 3156 3368 προστιθέναι
3182 3294 3326 3366 ζωὴν
3374 3292 3613 3347 αἰώνιονσ
3651 3310 3671 3342 t
3707 3289 3864 3344 διδά-

2277 3409 2426 3445 σκειν
2448 3410 2464 3443 ι
2487 3391 2562 3454 δὲ,
2588 3409 2606 3442 ι
2626 3389 2920 3459 Πώλησονῤ
2937 3389 3036 3441 ὅσα
3062 3386 3226 3458 ἔχεις,
3256 3387 3451 3450 παιδὸς
3474 3387 3734 3454 πτωχοῖς,
3762 3382 3866 3436 καὶ

2274 3483 2453 3554 δεῦρο,
2485 3480 2764 3535 ἀκολούθει
2796 3496 2904 3551 μοι’
2938 3499 2956 3530 ι
2986 3481 3097 3543 καὶ,
3131 3499 3148 3531 ι
3181 3482 3246 3533 ‘0
3280 3479 3343 3531 σὺ
3373 3480 3570 3548 μισεῖς,
3595 3476 3741 3544 ἄλλῳ
3782 3475 3867 3545 μὴ

2275 3575 2538 3646 ποιήσῃς·
2579 3591 2597 3622 ι
2631 3573 2745 3638 καὶ,
2784 3590 2803 3623 t
2838 3570 2928 3642 Μὴ
2967 3567 3207 3623 ἀποδῶτε
3236 3567 3406 3622 κακὸν
3440 3567 3560 3620 ἀντὶ
3589 3563 3768 3618 κακοῦ
3793 3582 3808 3592 ο
3841 3582 3860 3614 ι

2281 3667 2395 3730 καὶ,
2429 3683 2448 3715 ι
2493 3666 2588 3728 Ὃς
2617 3662 2710 3716 ὲὰν
2754 3663 2952 3734 ποιήσῃ
3000 3661 3082 3714 ἑνὶ
3129 3659 3332 3714 τούτων
3381 3659 3490 3712 τῶν
3532 3656 3866 3726 ἐλαχίστων,

2277 3756 2401 3825 ἐμοὶ
2425 3754 2678 3824 ἐποίησεν
2697 3769 2710 3782 ·
2743 3770 2760 3803 ι
2787 3753 2901 3812 καὶ,
2930 3771 2949 3804 ι
2984 3751 3152 3805 Παντὶ
3180 3749 3256 3821 τῷ
3290 3747 3530 3804 αίτοῦντί
3561 3765 3620 3800 σε
3649 3746 3862 3800 δίδου-ι

2279 3846 2398 3912 καὶ,
2428 3864 2449 3899 ‹
2500 3845 2829 3915 Ἀγαπήσεις
2859 3842 3061 3915 Κύριον
3087 3842 3178 3896 τὸν
3199 3842 3330 3895 Θεόν
3370 3857 3464 3893 σου
3499 3839 3557 3906 ἐξ
3587 3838 3719 3902 ὅλης
3756 3837 3870 3908 τῆς

2348 4022 2458 4095 (27)
2500 4021 2652 4088 Quod
2709 4030 2788 4098 tu:
2834 4017 3083 4098 Ianibro
3119 4017 3359 4098 _qnider_n
3399 4015 3602 4098 ‘Tobia;
3658 4012 3870 4098 legitur

2279 4109 2378 4220 ἓέΡ
2381 4133 2411 4236 ῖς
2429 4109 2478 4214 Ὗ
2485 4107 2662 4236 ὀἷἲέ
2667 4086 3872 4236 bii-3.?1.93.5133}:.‘iniéliraﬁf’iiiifotqii

2282 4227 2566 4288 verborum
2629 4233 2745 4286 loco
2803 4229 3023 4299 Vulgata
3092 4227 3370 4299 translatio
3416 4229 3618 4299 eodem
3649 4227 3870 4299 _capite

2284 4318 2425 4362 vers.
2470 4303 2563 4366 16,
2605 4302 2717 4356 haec
2761 4295 2928 4355 habei
2975 4319 2987 4352 :
3031 4318 3048 4351 t
3091 4298 3243 4365 Quod
3276 4299 3344 4352 ab
3377 4297 3483 4350 alio
3513 4295 3695 4350 oderis
3737 4295 3869 4349 ﬁeri

2286 4375 2402 4437 tibi,
2440 4375 2560 4427 vide
2601 4387 2666 4426 ne
2707 4383 2762 4424 tu
2810 4371 3100 4440 aliquando
3147 4368 3305 4423 alteri
3365 4367 3551 4441 iacias.
3597 4383 3617 4416 ι
3681 4367 3870 4441 atque

2287 4433 2428 4499 hunc
2477 4445 2650 4510 ipsum
2695 4442 2876 4496 Tobiae
2901 4433 3099 4495 "locum
3149 4437 3661 4510 spectatts_[ort_ztsse
3691 4433 3869 4510 Didyf

683 4483 1055 4587 (ξεῖνςςιιςςῖν
1080 4483 1237 4587 ira:
1252 4483 1427 4587 3.2.1";
1451 4483 1714 4571 arua
1763 4514 1928 4570 ea...
1986 4515 2176 4574 ira...
2215 4483 2255 4536 υ
2287 4483 2428 4587 ῖξιῒιςξ
2449 4483 3668 4587 εινῑεῑιζῑ·ρξνέῖῖτείῖινειειεττξτςῖδξείςι
3691 4483 3868 4586 σιῖὂιι

608 4583 725 4649 xui,
747 4586 809 4638 21
845 4593 900 4638 et
931 4584 1098 4639 Marc.
1134 4600 1185 4649 ιι,
1212 4583 1303 4638 21.

681 4673 1098 4749 (24)-ιηῌρτίηιο
1119 4675 1298 4746 λόγῳ.
1341 4674 1474 4749 Vide
1514 4683 1628 4749 not.
1655 4676 1712 4738 2,
1742 4691 1863 4749 pag.
1902 4677 2019 4731 157.
2045 4676 2181 4733 Por-

609 4746 923 4817 ro‘deFilii
967 4747 1208 4800 bonitate
1243 4747 1497 4800 nonnulla
1543 4747 1777 4817 dictavit
1827 4748 2086 4817 Didymus
2128 4751 2180 4802 in

611 4818 748 4872 libro
771 4817 845 4870 De
869 4815 1070 4884 Spiritu
1119 4829 1323 4888 sancto,
1355 4832 1502 4888 nunt.
1538 4816 1628 4881 55,
1663 4816 1811 4888 plura
1855 4815 1984 4873 vero
2027 4834 2185 4888 supe-

611 4889 727 4943 rius
754 4888 846 4942 lib.
876 4903 914 4951 ι,
960 4903 1081 4956 cap.
1126 4887 1213 4950 18,
1242 4902 1362 4956 pag.
1391 4886 1460 4940 50
1509 4897 1564 4941 et
1600 4903 1752 4956 seqq.
1786 4887 2070 4942 Ailirmare
2096 4886 2181 4941 ta-

613 4973 734 5011 men
769 4973 874 5027 non
924 4959 1120 5018 ausim,
1151 4972 1272 5010 eum
1331 4957 1441 5020 hic,
1478 4958 1603 5011 dum
1653 4975 1673 5008 ι
1705 4956 1934 5027 prinnnn
1975 4977 1992 5008 ι
2025 4957 2184 5026 λόγον

611 5029 764 5089 citat,
795 5026 1112 5080 alterutrum
1153 5042 1217 5081 ex
1249 5028 1456 5081 duobus
1484 5028 1551 5080 iis
1599 5026 1732 5081 locis
1765 5038 2031 5095 spectare.
2059 5031 2184 5082 Am-

613 5099 828 5152 brosius
853 5111 1070 5164 quoque
1108 5098 1160 5151 in
1194 5097 1329 5150 libro
1357 5113 1396 5152 ιι
1426 5096 1498 5150 De
1520 5096 1648 5165 ﬁde,
1688 5111 1810 5166 cap.
1831 5097 1886 5162 2,
1916 5100 2176 5167 ostendit,

611 5167 806 5224 Filium
839 5181 960 5222 esse
991 5185 1009 5218 ι
1039 5169 1254 5222 bonum.
1281 5185 1300 5219 ι

684 5257 817 5328 (24‘)
859 5256 1042 5323 Capit.
1075 5258 1194 5328 Act.
1250 5273 1287 5319 ι,
1340 5257 1395 5328 1,
1441 5255 1606 5324 Lege,
1663 5257 1706 5312 si
1760 5256 1933 5328 ιὶὺει,Δ
1971 5259 2182 5328 Didymi

614 5325 974 5396 fragmentum
1024 5344 1052 5379 a
1115 5327 1324 5381 Joanne
1386 5327 1720 5381 Damasceno
1780 5328 1832 5380 in
1896 5325 2184 5384 Paralielis

616 5399 835 5450 allatura
879 5398 960 5451 til.
995 5397 1082 5460 17,
1127 5413 1250 5465 pag.
1285 5397 1424 5462 515;
1471 5398 1612 5465 quod
1659 5397 1882 5452 ali'ertur
1911 5400 2076 5453 etiam
2116 5403 2185 5454 ab

615 5468 854 5523 Antonio
877 5466 1086 5521 Melissa
1112 5468 1164 5520 in
1195 5467 1478 5520 Sententiis
1513 5483 1784 5532 sermone,
1817 5485 1912 5524 seu
1945 5486 2063 5538 cap.
2093 5471 2183 5526 48.

689 5557 800 5626 (25)
837 5556 1112 5624 Centupla.
1170 5557 1409 5625 Respicit
1465 5558 1592 5610 illud
1648 5558 1836 5613 Matth.
1895 5575 2011 5622 xrx,
2053 5560 2120 5614 99
2169 5579 2181 5615 :

623 5627 996 5702 {Centnplum
1029 5627 1237 5702 (Graece
1261 5628 1812 5702 ἑκατονταπλασίονα)
1846 5633 2093 5702 accipiet,
2133 5645 2180 5688 et

626 5698 783 5754 vitam
813 5708 1066 5751 (uernam
1099 5699 1408 5765 possidebit.
1453 5717 1472 5747 ι

691 5767 805 5840 (26)
855 5766 1045 5824 Vende.
1079 5767 1213 5824 Luc.
1252 5785 1408 5833 xvnt,
1438 5768 1525 5822 Ἡ.

2289 4585 2386 4639 tibi
2426 4598 2530 4638 non
2565 4584 2646 4636 vis
2679 4576 2832 4646 ﬁeri,
2871 4589 3231 4656 Leucaten.
3287 4577 3481 4656 Verum
3517 4577 3570 4630 in
3605 4576 3871 4656 prarsenti

2288 4662 2568 4723 segmento
2597 4645 2842 4723 nontam
2871 4650 3059 4706 Tobiae
3087 4649 3280 4723 librum
3316 4645 3584 4723 resgicere
3618 4645 3870 4723 videtur,

2287 4718 2449 4796 quam
2474 4722 2842 4796 Evangelinm.
2879 4731 2971 4774 aut
2996 4730 3143 4774 certe
3170 4718 3380 4796 Novum
3407 4718 3826 4796 Testamentum
3854 4733 3869 4769 :

2290 4788 2343 4864 in
2375 4809 2485 4863 quo
2514 4788 2842 4847 etsi—eadem
2885 4805 2987 4864 non
3027 4799 3243 4864 exstent
3274 4788 3634 4864 verba,_idei_n
3676 4793 3871 4864 tanien

2290 4855 2407 4935 fere
2447 4873 2622 4918 exstat
2660 4877 2870 4935 sensus.
2919 4860 3057 4935 Nam
3082 4859 3273 4935 Matth.
3309 4871 3407 4935 vn,
3465 4858 3552 4920 12,
3597 4855 3812 4935 legitur.
3857 4876 3870 4910 :

2294 4953 2314 4985 ι
2346 4934 2690 5000 Quaecunque
2720 4932 2884 4985 vultis
2904 4971 2919 4994 ,
2946 4941 3006 4984 ut
3033 4929 3232 5000 iaciant
3269 4929 3442 5000 vobis,
3469 4935 3525 4981 et
3547 4941 3654 5000 vos
3697 4925 3875 4979 facite

2290 4995 2416 5066 illis,
2453 5021 2472 5056 ι
2505 5012 2558 5058 ει
2591 4995 2720 5057 an.
2750 5017 2823 5067 νι,
2853 5003 2963 5074 διε
2998 5017 3017 5074 ς
3052 4998 3220 5074 Prout
3243 4998 3423 5074 vultis,
3455 5006 3513 5050 ut
3542 4995 3875 5074 iaciant_vo-

2293 5075 2374 5128 bis
2406 5065 2669 5134 homines,
2702 5082 2756 5126 et
2790 5065 2884 5126 vos
2915 5070 3077 5124 facite
3111 5070 3214 5123 illis
3245 5067 3512 5124 similiter.
3543 5085 3563 5118 ι
3591 5065 3730 5132 Quin
3759 5066 3876 5118 imo

2291 5143 2344 5197 in
2375 5143 2524 5199 Actis
2555 5159 2673 5212 cap.
2711 5157 2800 5204 xv,
2835 5141 3100 5196 versiculo
3144 5155 3265 5212 cum
3305 5137 3398 5202 2t),
3429 5147 3542 5190 tum
3574 5136 3668 5198 29,
3723 5152 3875 5189 non-

2291 5213 2435 5267 nulla
2480 5211 2982 5280 oliinesemplaria
3023 5211 3327 5270 habebant,
3361 5217 3614 5280 ethunc
3646 5219 3878 5280 quoque

2291 5283 2456 5348 aliqui
2501 5284 2748 5347 codices,
2797 5275 2852 5335 ει
2892 5279 3292 5348 Complutensis
3320 5277 3490 5348 editio
3525 5275 3728 5348 habent
3771 5278 3879 5348 hoc

2291 5346 2762 5408 additamentum:
2794 5351 2904 5404 Καὶ
2934 5346 3042 5402 ὅσα
3070 5349 3136 5403 ἂν
3172 5349 3246 5420 μὴ
3270 5347 3517 5400 θέλουσιν
3545 5346 3768 5405 ἑαυτοῖς
3794 5347 3881 5414 γί-

2290 5423 2497 5490 νεσθαι,
2533 5423 2740 5495 ἑτέροις
2772 5421 2846 5493 μὴ
2878 5422 3092 5495 ποιεῖν,
3121 5420 3172 5495 εει
3212 5429 3316 5482 est,
3365 5434 3384 5467 ‹
3439 5425 3496 5495 ει
3531 5431 3881 5495 quaecunque

2293 5486 2491 5549 nolunt
2521 5486 2640 5550 sibi'
2665 5486 2806 5554 ﬁeri,
2835 5486 2970 5544 aliis
2999 5505 3104 5544 non
3137 5489 3335 5543 facere.
3383 5504 3402 5537 ›
3432 5487 3564 5552 Qua.-
3597 5486 3771 5539 verba
3802 5503 3881 5539 m-

2295 5574 2477 5617 tantur
2515 5565 2582 5618 ab
2625 5563 2823 5616 lrenzeo
2852 5561 2945 5617 lib.
2972 5576 3035 5624 ιι,
3067 5575 3186 5627 cap.
3221 5559 3310 5622 12,
3337 5556 3613 5627 nurus“.
3647 5565 3824 5623 atque
3849 5574 3877 5609 ε

2291 5633 2557 5706 Cypriano
2603 5634 2695 5706 lib.
2724 5647 2781 5684 ιιι
2831 5625 3282 5706 Testimoniorum
3307 5628 3374 5679 ad
3409 5625 3700 5692 Quirinum
3753 5642 3879 5697 cap.

2294 5697 2395 5762 iit)
2416 5745 2433 5772 ,
2462 5705 2587 5760 dunt
2619 5705 2789 5759 citant
2819 5717 2940 5756 eum
2973 5705 3229 5757 Actorum
3268 5697 3470 5752 locum.
