4060 6406
219 356 329 411 86';
1291 356 1379 411 DE
1418 356 1794 413 TRINITATE
1834 357 2033 411 LIBER
2078 356 2394 413 TERTIUS.
3360 362 3467 418 866

213 476 394 548 ψυχῆς
424 495 540 543 σου,
579 478 672 533 καὶ
698 478 757 545 ἐξ
786 480 913 552 ὅλης
945 479 1045 553 τῆς
1092 479 1273 551 ἰσχύος
1305 496 1419 541 σου,
1454 480 1547 534 καὶ
1580 480 1638 545 ἐξ
1665 479 1788 551 ὅλης

1894 479 2069 547 ceris;
2105 498 2124 531 ›
2150 490 2239 534 et:
2276 498 2294 531 ι
2317 477 2491 533 Nolite
2508 475 2622 549 (28)
2650 477 2872 534 reddere
2898 477 3098 533 malum
3122 491 3220 549 pro
3243 478 3414 545 malo;
3441 498 3462 531 ι

214 566 316 635 τῆς
340 566 579 631 διανοίας
608 584 701 623 σου
722 586 737 598 ·
760 569 854 623 καὶ
881 568 975 621 τὸν
1004 568 1234 639 πλησίον
1266 583 1361 619 σου
1389 564 1465 629 ὡς
1499 566 1780 619 σεαυτόν·»

1888 580 1979 627 et:
2008 590 2028 622 ι
2061 571 2379 639 Quicunque
2405 570 2517 641 (29)
2563 571 2756 626 fecerit
2805 570 2896 624 uni
2934 585 3000 625 ex
3056 570 3142 625 his
3185 569 3465 631 minimis.

216 658 335 722 καὶ,
370 677 388 709 ι
435 658 524 710 Ἐν
560 658 733 731 τούτῳ
756 658 1053 729 γνώσονται
1095 659 1315 725 πάντες,
1345 658 1426 711 ὄτι
1458 657 1581 726 ἐμοὶ
1615 658 1788 727 μαθη-

1888 664 2014 718 mihi
2047 662 2203 726 fecit;
2230 681 2250 715 ι
2281 673 2367 718 et:
2402 679 2421 713 ι
2458 660 2613 716 Omni
2630 662 2741 731 (50.)
2765 662 2964 731 petenti
3006 676 3033 715 a
3063 671 3133 725 te,
3166 661 3269 723 da;
3306 679 3325 711 ι
3370 670 3464 714 et:

212 748 306 802 ταί
338 751 483 813 ἐστε,
527 748 622 804 eam
658 751 905 820 ἀγαπᾶτε
944 746 1231 821 ἀλλήλους.Ἲ
1254 767 1274 802 ι
1322 750 1432 803 Καὶ
1460 747 1575 811 πῶς
1602 747 1659 802 δὲ
1688 748 1788 802 οὐκ

1891 773 1909 806 ι
1929 754 2123 823 Diliges
2141 753 2252 825 (51)
2280 753 2562 807 Dominum
2584 754 2749 807 Deum
2779 761 2928 807 tuum
2951 750 3059 823 (52)
3076 768 3136 805 ex
3155 761 3263 805 tota
3289 751 3469 806 anima

216 838 385 904 ἔστιν,
410 834 455 893 ὦ
480 842 742 914 αἰρετικὲ,
782 841 985 912 ἀγαθὸς
1022 843 1115 896 ῐσα
1148 840 1228 913 τῷ
1274 840 1467 894 ἑαυτοῦ
1508 840 1704 912 Πατρὶ,
1729 841 1788 905 ὃς

1888 853 1975 898 tua
2008 854 2064 899 et
2099 859 2168 899 ex
2221 846 2348 899 totis
2386 845 2591 899 viribus
2636 846 2739 900 tuis
2779 854 2835 900 et
2870 860 2937 899 ex
2978 854 3091 899 tota
3140 852 3319 897 mente
3349 853 3466 909 tua,

213 946 280 1000 γε
309 931 482 987 ταῦτά
511 951 592 987 σοι
623 933 832 1002 λέγοντι
863 932 1190 1005 συγγνώμην
1218 931 1365 1003 ἔχει;

1888 941 1939 986 et
2003 936 2309 1004 proximum
2371 945 2517 990 tuum
2580 938 2720 991 sicut
2786 946 2839 991 te
2913 937 3255 1007 ipsumpet
3297 953 3311 989 :
3352 953 3371 985 ι
3408 932 3466 988 lu

216 1022 321 1076 hoc
336 1023 449 1094 (55)
479 1035 803 1094 cognoscent
833 1039 1040 1090 omnes,
1070 1025 1211 1095 quod
1250 1026 1351 1079 mei
1384 1023 1627 1095 discipuli
1660 1024 1811 1090 estis,
1837 1024 1879 1078 si
1909 1025 2128 1096 diligitis
2152 1028 2378 1084 invicem
2414 1029 2581 1101 (54).»
2605 1030 2883 1096 Quomodo
2915 1036 3117 1094 autem,
3137 1045 3168 1083 ο
3188 1027 3465 1090 hmrelice,

214 1114 393 1169 bonus
446 1130 551 1170 non
612 1124 699 1173 est
758 1132 910 1188 reque
978 1132 1042 1171 ac
1086 1116 1204 1186 ejus
1249 1116 1432 1185 Pater,
1472 1134 1594 1174 cum
1647 1118 1741 1173 tibi
1782 1118 1898 1172 haec
1926 1118 2128 1175 dicenti
2170 1123 2389 1192 parcat?

845 1209 1001 1263 ΚΕΦ.
1042 1210 1160 1276 ις’.

283 1293 385 1347 Διά
411 1295 626 1350 πάντων
651 1295 1053 1370 αἰρεσιομαχεῖν
1078 1299 1393 1367 ἐγνωκότες,
1412 1301 1504 1355 κα)⁵
1526 1299 1624 1372 τὴν
1652 1299 1789 1372 πρὸς

213 1387 477 1458 Τιμόθεον
507 1389 600 1443 τοῦ
634 1390 842 1444 Παύλου
869 1392 1069 1464 φωνὴν,
1093 1392 1191 1466 τὴν
1226 1392 1489 1463 λέγουσαν
1512 1411 1527 1425 ⁸
1562 1414 1581 1447 ι
1617 1395 1705 1466 Τῷ
1732 1394 1789 1447 δὲ

215 1478 429 1549 βασιλεῖ
449 1481 557 1534 τῶν
585 1482 812 1547 αἰώνων,
853 1484 1135 1556 ἀφθάρτῳ,
1165 1487 1402 1558 ἀοράτῳ,
1438 1488 1584 1559 μόνῳ
1638 1487 1786 1557 σοφῷ

211 1570 333 1643 Θεῷ
363 1573 498 1645 τιμὴ
539 1574 633 1628 κα)⁵
674 1575 801 1642 δόξα
849 1577 929 1640 εἰς
962 1578 1090 1640 τοὺς
1126 1577 1351 1641 αἰῶνας.
1393 1578 1594 1650 Ἀμήν·
1633 1597 1652 1631 ι
1689 1580 1785 1633 καὶ

209 1666 336 1737 τὴν,
361 1686 378 1717 ι
408 1666 585 1730 Μόνος
608 1665 744 1737 ἔχων
770 1668 1087 1731 ἀθανασίαν,
1116 1668 1230 1738 φῶς
1250 1669 1414 1723 οίκῶν
1434 1670 1778 1739 ἀπρόσιτονοι

212 1759 311 1812 καὶ
341 1758 440 1830 τὴν
468 1762 526 1812 ὲν
569 1759 883 1830 Εύαγγελίῳ
925 1760 1214 1832 κειμένην·
1254 1780 1273 1813 ι
1314 1762 1429 1815 Ἵνα
1473 1761 1782 1831 γινώσκωσί

212 1867 299 1912 σε,
334 1850 425 1903 τὸν
458 1850 617 1920 μόνον
651 1850 899 1921 ἀληθινὸν
923 1850 1075 1915 Θεὸν,
1105 1850 1199 1904 καὶ
1242 1850 1301 1904 ὃν
1332 1851 1652 1916 ἀπέστειλας
1684 1854 1788 1924 Ἰη-

212 1940 343 1994 σοῦν
376 1940 637 2011 Χριστόνο
672 1960 692 1993 ι
731 1941 824 1995 καὶ
853 1942 951 2012 τὴν
976 1940 1394 2011 διαγορεύουσαν
1420 1943 1751 2015 προφητείαν
1769 1960 1783 1974 '

216 2054 237 2087 ι
276 2030 423 2101 Ἐγὼ
456 2032 695 2097 ἐξέτεινα
731 2031 868 2105 [176
900 2032 959 2104 b]
1003 2033 1093 2086 τὸν
1135 2032 1359 2104 οὐρανὸν
1405 2035 1587 2105 μόνοςο
1627 2053 1644 2085 ι
1688 2036 1787 2089 οὐκ

211 2128 293 2190 εἰς
330 2126 450 2180 δέον
470 2126 806 2194 ἐκδέχονταιο
836 2126 1133 2194 φάσκοντες
1159 2126 1259 2195 τὴν
1289 2146 1307 2176 ι
1334 2125 1489 2196 μόνος
1520 2145 1537 2176 ι
1567 2127 1660 2179 καὶ
1689 2127 1788 2198 τὴν

216 2235 237 2268 ι
272 2215 527 2284 ἀληθινὸς
557 2215 688 2279 Θεὸς
722 2234 740 2266 ι
774 2214 915 2280 λέξιν
949 2217 1023 2285 μὴ
1058 2215 1402 2285 ἐπιδέχεσθαι
1441 2216 1720 2288 δευτέραν,
1752 2218 1785 2289 ἢ

208 2308 405 2379 τρίτην
444 2308 763 2367 ὑπόστασιν,
792 2308 937 2379 ἔχειν
972 2308 1028 2361 δὲ
1068 2307 1167 2379 τὴν
1207 2307 1484 2380 ἀναφορὰν
1512 2310 1591 2373 εἰς
1631 2310 1788 2380 μόνον

210 2399 303 2453 τὸν
347 2398 589 2469 Πατέρα.
634 2399 696 2451 Ἠ
732 2399 788 2451 δὲ
847 2417 866 2451 ι
903 2398 1059 2469 μόνος
1098 2416 1114 2449 ι
1156 2400 1249 2451 καὶ
1297 2400 1413 2463 ἑνός
1456 2402 1572 2454 ἐστι
1621 2403 1786 2469 λέξις,

212 2487 407 2552 ὁσάκις
436 2488 502 2540 ἂν
539 2488 751 2559 εἴρηται
783 2487 876 2540 ἐπὶ
896 2488 996 2555 τῆς
1019 2488 1247 2560 Τριάδος
1266 2492 1331 2560 τῇ
1363 2490 1572 2562 Γραφῇ,
1607 2492 1693 2547 διὰ
1728 2494 1789 2547 τὸ

210 2584 270 2636 έν
292 2583 484 2655 μονάδι
509 2582 761 2653 Θεότητος
778 2583 1041 2654 ὑπάρχειν
1056 2584 1244 2656 αὐτὴν,
1270 2586 1366 2639 καὶ
1397 2605 1415 2636 ι
1445 2586 1743 2657 μοναρχίαν
1764 2606 1784 2640 ι

212 2676 356 2747 ἔχειν
385 2677 624 2746 εἴρηται.
652 2674 742 2727 Διὸ
763 2676 795 2746 ἡ
820 2676 1082 2746 ταυτότης
1116 2694 1135 2726 ι
1164 2676 1341 2750 μόνος,
1367 2694 1385 2727 ι
1413 2676 1446 2748 ἢ
1481 2676 1713 2747 ἐκείνης,
1754 2678 1787 2748 ἢ

211 2768 328 2840 ἅμα
356 2767 470 2821 τῶν
509 2766 624 2831 δύο,
669 2765 703 2838 ἢ
746 2767 856 2820 τῶν
895 2766 1059 2837 τριῶν
1109 2768 1390 2837 ἀχράντων
1443 2769 1790 2822 ύποστάσεων

210 2859 565 2931 μνημονεύει,
593 2857 626 2929 ἢ
652 2857 836 2929 χωρίς.
859 2860 978 2911 Ἔτι
1007 2858 1062 2910 δὲ
1082 2857 1251 2921 οὕτω,
1271 2858 1472 2931 ἐρρήθη
1504 2859 1639 2931 πρὸς
1660 2860 1788 2912 ἀντ-

204 2951 297 3015 εξέ
309 2968 462 3004 τοισιν
504 2949 611 3003 τῶν
648 2947 994 3019 καλουμένων
1022 2948 1383 3019 ψευδωνύμων
1416 2950 1571 3013 Θεῶν,
1599 2951 1786 3022 ὥσπερ
1812 2974 1855 3031 C

203 3044 295 3098 ἀεὶ
320 3044 423 3115 τὴν
448 3041 722 3111 δαιμόνιον
757 3040 1175 3113 πολυκοιρανίαν
1215 3041 1485 3105 ἐκϐάλλει,
1519 3042 1786 3096 ἀκουσάν-

202 3149 345 3186 των·
385 3152 407 3184 ι
446 3130 571 3184 Θεοί
601 3133 753 3184 ἐστε·
792 3148 810 3181 ι
848 3130 932 3183 ἴνα
979 3131 1176 3202 μηκέτι
1218 3124 1367 3202 ὦμεν
1403 3131 1787 3202 δεδουλωμένοι

203 3222 311 3276 ὑπὸ
338 3221 542 3285 ταλαά,
597 3221 692 3276 καὶ
736 3222 1078 3295 πολύμορφα,
1132 3223 1225 3276 καὶ
1270 3224 1500 3294 τρεπτὰ,
1540 3226 1634 3278 καὶ
1674 3225 1790 3278 ἐτε-

209 3316 470 3387 ρόγνωμα
499 3316 760 3384 στοιχεῖα,
789 3316 883 3367 ἐπὶ
914 3315 1014 3385 τὴν
1046 3315 1301 3387 πορνείαν
1326 3315 1529 3386 ταύτην
1563 3316 1790 3388 σκορπί-

208 3406 395 3470 ζοντες
416 3406 486 3459 τά
506 3408 758 3477 νοήματα
782 3407 959 3478 ἡμῶν,
981 3408 1123 3463 κατὰ
1143 3408 1232 3461 τὸν
1254 3407 1481 3476 λέγοντα
1505 3425 1518 3438 ·
1551 3428 1571 3461 ι
1589 3409 1787 3481 Πρώτη

208 3499 455 3569 πορνεία,
506 3499 719 3551 ἐπίνοια
763 3498 1015 3553 εἰδώλων.
1052 3518 1071 3551 ι
1128 3500 1272 3570 Πρὸς
1306 3499 1537 3563 τούτοις,
1580 3501 1675 3554 καὶ
1706 3501 1787 3553 ὅτι

215 3590 313 3658 οὔχ
338 3589 598 3660 ἁρμόττει
633 3589 884 3659 κτίσματι
910 3590 1113 3662 κυρίως
1136 3594 1229 3644 καὶ
1257 3590 1376 3643 καθ’
1402 3589 1548 3656 ἅπαξ
1580 3594 1612 3661 ἡ
1650 3611 1667 3642 ι
1695 3593 1790 3661 μό-

220 3696 309 3744 νος
334 3699 355 3732 ι
385 3681 477 3735 καὶ
535 3680 654 3746 ἑνὸς
696 3681 861 3746 λέξις,
902 3680 981 3752 τῷ
1031 3677 1168 3735 εἶναι
1214 3682 1463 3746 πάντων,
1498 3682 1531 3753 ἢ
1578 3681 1788 3735 πολλῶν

216 3770 330 3841 ἅμα
356 3772 537 3825 κοινόν
568 3789 645 3834 τι,
681 3772 767 3826 διὰ
798 3773 859 3827 τὸ
903 3774 1081 3828 πάντα
1131 3773 1274 3845 ἔχειν
1322 3773 1494 3828 πολλά
1529 3773 1789 3846 ὀμοούσια

209 3862 303 3914 καὶ¹
322 3862 572 3933 ὁμοειδῆ,
600 3862 674 3926 ὡς
702 3864 759 3917 ἐν
785 3863 864 3935 τῷ
903 3864 1478 3936 τεσσαρεσκαιδεκάτῳ
1510 3865 1789 3936 κεφαλαίῳ

204 3953 302 4006 τοῦ
334 3953 554 4025 πρώτου
584 3955 790 4026 ἐρρήθη
814 3956 991 4024 λόγου.
1036 3956 1099 4009 Ἦ
1126 3955 1204 4019 δὲ,
1239 3975 1258 4009 ι
1291 3957 1463 4021 Μόνος
1486 3956 1623 4027 ἔχων
1651 3957 1788 4012 ἀθα-

205 4044 426 4108 νασίαν,
459 4063 478 4095 ι
517 4047 611 4098 καὶ
639 4048 694 4117 ἡ,
733 4065 752 4098 ‹
793 4047 1034 4119 ’Δοράτῳ
1074 4048 1219 4119 μόνῳ
1247 4047 1394 4118 σοφῷ
1418 4048 1556 4119 Θεῷ,
1588 4066 1608 4100 ι
1637 4049 1788 4120 φωνὴ

204 4135 452 4207 ἐγράφη,
486 4136 575 4189 διὰ
610 4137 672 4189 τὸ
696 4136 829 4209 μηδὲ
849 4138 907 4191 ἓν
938 4139 1141 4209 κτίσμα
1173 4139 1319 4210 ἔχειν
1348 4140 1439 4209 ἀφ’
1478 4137 1670 4193 ἑαυτοῦ
1696 4140 1789 4192 καὶ

203 4230 372 4283 παντὶ
423 4228 486 4281 τὸ
536 4227 802 4282 ἀθάνατον
872 4230 969 4284 καὶ
1016 4230 1267 4302 ἀόρατον,
1308 4231 1402 4283 καὶ
1455 4230 1637 4301 σοφὸν,
1671 4230 1787 4285 ἀλλ’

2410 1215 2574 1285 37o
2612 1214 2765 1270 CAP.
2804 1214 2943 1269 xvn.

1963 1301 2096 1358 Cum
2137 1319 2234 1373 pro
2260 1319 2353 1359 sua
2390 1307 2576 1361 haeresi
2608 1308 2855 1361 omnibus
2882 1306 3054 1360 modis
3078 1304 3192 1376 (55)
3224 1319 3464 1375 pugnare

1891 1394 2212 1458 Statuerint,
2243 1394 2393 1450 Pauli
2426 1412 2639 1466 quoque
2678 1402 2743 1451 ad
2791 1397 3130 1450 Timotheum
3177 1396 3464 1450 scribentis

1891 1483 2213 1536 sententiam
2243 1499 2524 1553 perperam
2561 1486 2855 1555 accipiunt,
2899 1501 3017 1555 qua:
3047 1488 3123 1539 sic
3151 1501 3209 1539 se
3249 1486 3410 1538 habet
3442 1503 3460 1543 :

1895 1592 1914 1627 ι
1940 1574 2070 1645 Regi
2095 1575 2207 1647 (56)
2238 1586 2415 1630 autem
2448 1578 2765 1632 saeculorum
2804 1576 3217 1646 incorruptibili,
3267 1576 3460 1630 invisi-

1888 1664 2007 1731 bili,
2034 1665 2137 1720 soli
2160 1668 2407 1736 sapienti,
2430 1666 2537 1722 Deo
2564 1668 2739 1722 honor
2764 1679 2818 1722 et
2844 1668 3013 1734 gloria
3035 1667 3087 1721 in
3115 1666 3303 1720 sarcula
3324 1667 3459 1736 (57).

1885 1754 2085 1821 Amen;
2126 1775 2146 1809 ›
2189 1768 2240 1811 et
2287 1759 2425 1813 hanc
2482 1758 2641 1811 aliam
2687 1775 2702 1813 :
2757 1777 2776 1810 ι
2818 1758 2919 1824 Qui
2961 1759 3106 1815 solus
3134 1758 3245 1829 (58)
3302 1760 3464 1813 habet

1887 1846 2363 1912 immortalitatem,
2410 1849 2584 1903 lucem
2638 1849 2888 1903 habitans
2934 1850 3398 1915 inaccessibilem;
3434 1868 3453 1901 ι

1886 1945 1940 1993 et
1974 1938 2141 2002 illam,
2170 1954 2290 2008 quae
2312 1951 2394 1993 est
2423 1940 2477 1993 in
2510 1940 2797 2011 Evangelio
2822 1962 2832 1995 :
2864 1958 2882 1991 ι
2908 1939 2976 1995 Ut
3006 1942 3459 2014 cognoscaut(39)

1889 2040 1940 2085 te
2005 2032 2175 2086 solum
2206 2047 2416 2109 verum
2470 2033 2656 2097 Deum,
2698 2040 2753 2088 et
2796 2049 2954 2100 quem
3018 2034 3211 2087 misisti
3273 2034 3458 2089 Jesum

1886 2121 2156 2177 Christum
2233 2142 2251 2175 ›
2294 2134 2348 2178 et
2374 2125 2645 2194 prophetae
2672 2125 2831 2178 verba
2866 2143 2880 2179 :
2919 2143 2938 2175 ι
2972 2125 3081 2195 Ego
3106 2124 3217 2196 (40)
3241 2126 3459 2179 extendi

1888 2214 2082 2269 caelum
2122 2215 2331 2270 solus.»
2375 2217 2541 2270 Aiunt
2598 2216 2741 2271 enim
2787 2217 3009 2271 vocibus
3064 2239 3081 2266 ι
3129 2216 3294 2277 solus,
3336 2234 3355 2267 ι
3406 2226 3463 2269 et

1895 2322 1914 2357 ι
1945 2321 2105 2361 verus
2143 2307 2304 2374 Deus,
2339 2327 2359 2361 ι
2400 2309 2713 2374 secundum,
2768 2319 2861 2363 aut
2889 2308 3098 2362 tertiam
3129 2308 3459 2378 hypostasim

1888 2398 2130 2466 excludi;
2193 2401 2389 2456 habere
2434 2411 2611 2456 autem
2677 2416 2769 2457 eas
2811 2417 2971 2456 voces
3027 2401 3339 2456 relationem
3392 2402 3459 2455 ad

1888 2489 2060 2544 solum
2092 2490 2326 2550 Patrem.
2360 2494 2428 2547 At
2457 2509 2587 2548 vero
2620 2510 2719 2548 vox
2752 2512 2771 2545 ι
2795 2494 2940 2549 solus
2969 2514 2989 2547 ι
3034 2495 3461 2565 quotiescunque

1889 2582 2053 2637 etiam
2084 2584 2150 2639 de
2180 2584 2443 2639 Trinitate
2473 2585 2525 2639 in
2557 2585 2852 2655 Scripturis
2882 2585 3099 2648 dicitur,
3136 2586 3202 2639 de
3231 2601 3339 2640 uno
3376 2586 3462 2639 di-

1889 2673 2053 2739 citur,
2095 2690 2160 2733 eo
2193 2677 2335 2745 quod
2380 2678 2494 2732 hmc
2548 2678 2619 2732 sit
2654 2682 2706 2732 in
2763 2679 2968 2732 unitate
3022 2678 3239 2733 deitatis
3270 2696 3284 2732 :
3316 2680 3460 2733 unde

1890 2763 2173 2820 Trinitatis
2216 2768 2357 2821 dicta
2389 2776 2470 2822 est
2510 2786 2531 2820 ι
2561 2769 2898 2834 monarchia,
2928 2788 2947 2821 ι
2986 2769 3125 2838 quod
3164 2779 3269 2832 est,
3301 2771 3460 2823 unius

1892 2871 2141 2927 regnum,
2167 2859 2280 2914 sive
2307 2876 2409 2914 una
2444 2862 2782 2928 regnantium
2815 2861 3087 2929 maiestas.
3128 2861 3313 2930 Itaque
3346 2861 3462 2931 (41)

1891 2949 2150 3004 vocabulo
2195 2968 2215 3002 ‹
2267 2952 2412 3006 solus
2459 2970 2479 3004 ι
2522 2952 2802 3007 Trinitatis
2852 2952 3104 3008 identitas
3151 2953 3458 3020 denotatur,

1886 3048 1942 3096 et
1980 3044 2116 3097 hanc
2153 3041 2447 3112 Scriptum
2479 3044 2789 3113 signiﬁcant
2812 3083 2827 3108 ,
2862 3046 2975 3099 sive
3022 3045 3273 3099 deitatem
3309 3060 3459 3100 com-

1888 3141 2207 3193 memorent,
2249 3134 2363 3186 sive
2396 3134 2532 3187 duas
2566 3132 2726 3186 simul
2778 3147 2845 3187 ex
2887 3132 3298 3202 perfectissimis
3353 3131 3460 3186 illis

1889 3220 2293 3291 hypostasibus,
2341 3233 2433 3278 aut
2471 3238 2659 3278 omnes
2693 3234 2820 3287 tres,
2859 3232 2953 3277 aut
2983 3238 3226 3279 seorsum
3266 3224 3455 3294 singu-

1887 3309 1987 3367 las.
2011 3312 2277 3368 Praeterea
2311 3314 2438 3369 dum
2475 3315 2552 3370 sic
2589 3315 2823 3384 loquitur
2851 3314 2902 3368 in
2938 3314 3116 3369 a'ilatis
3146 3314 3277 3370 locis
3311 3314 3463 3370 Seri-

1886 3410 2062 3469 ptura,
2121 3417 2216 3457 eos
2259 3404 2513 3471 respicit,
2563 3405 2653 3474 qui
2696 3404 2833 3458 falso
2882 3404 3137 3458 dicuntur
3182 3404 3301 3458 dii:
3352 3419 3459 3473 qua

1888 3491 2100 3547 ratione
2133 3495 2517 3549 daemoniacam
2560 3495 2854 3550 multorum
2896 3495 3313 3551 dominationem
3345 3496 3461 3567 (ιῖ)

1886 3594 2100 3652 semper
2136 3584 2389 3651 excludit,
2421 3594 2478 3641 et
2498 3583 2566 3639 ab
2600 3600 2663 3639 ea
2701 3601 2819 3649 nos,
2876 3587 3074 3655 quibus
3112 3588 3311 3641 dictum
3351 3598 3456 3652 est,

1892 3696 1911 3731 ι
1940 3675 2026 3731 Dii
2051 3675 2182 3731 estis
2201 3677 2335 3749 (45),
2384 3697 2404 3731 ι
2439 3678 2667 3745 avertit;
2724 3693 2790 3733 ne
2818 3678 2986 3733 simus
3029 3679 3324 3734 servientes
3347 3678 3459 3749 (41)

1888 3772 1987 3826 sub
2047 3770 2260 3825 miseris
2320 3768 2472 3839 (45),
2532 3776 2586 3824 et
2656 3768 3116 3835 multiformibus,
3172 3780 3227 3823 et
3281 3787 3460 3823 mtua-

1887 3863 2107 3926 bilibus,
2163 3872 2217 3917 et
2257 3862 2596 3917 discordibus
2632 3861 2932 3927 elementis,
2966 3860 3319 3932 cogitationes
3359 3879 3459 3916 uo-

1888 3966 2031 4010 stras
2064 3956 2115 4009 in
2153 3954 2253 4008 hac
2294 3953 2651 4007 fornicatione
2708 3952 3040 4022 dissipando,
3085 3951 3237 4021 juxta
3284 3952 3455 4013 illum,

1888 4047 1978 4117 qui
2019 4046 2131 4099 ait:
2172 4062 2192 4097 ι
2226 4044 2403 4098 Prima
2426 4044 2534 4116 (46)
2567 4042 2851 4099 fornicatio
2878 4054 2963 4099 est
2998 4044 3318 4113 excogitatio
3349 4044 3461 4096 ido-

1888 4138 2086 4194 lorum.
2116 4155 2136 4189 ι
2178 4135 2403 4207 Insuper
2440 4136 2491 4190 in
2540 4135 2763 4199 objectis
2808 4135 3041 4190 textibus
3087 4135 3207 4188 ideo
3252 4136 3331 4189 sic
3377 4135 3458 4187 lo-

1889 4232 2072 4301 quitur
2102 4228 2405 4299 Scriptura,
2437 4228 2565 4285 auia
2588 4242 2688 4281 vox
2735 4244 2756 4279 ι
2788 4225 2958 4291 solus,
2989 4244 3009 4278 ι
3049 4226 3191 4280 illius
3219 4228 3455 4295 propria,

278 4449 399 4529 (28)
445 4447 659 4529 (Velia:-
696 4448 994 4529 Rom._xt_l,
1032 4448 1109 4529 l'l_
1150 4469 1162 4504 :
1212 4447 1411 4529 μηδενὶ
1462 4447 1786 4529 κακὸνλάντ).

1940 4451 2071 4529 (il)
2104 4450 2530 4529 ItaqueaCodex
2564 4452 2666 4505 hoc
2705 4451 2757 4504 in
2794 4450 2932 4514 loco,
2963 4462 2991 4529 ιι
3032 4461 3159 4503 voce
3182 4447 3263 4501 διό
3292 4464 3459 4529 usque

202 4518 387 4574 κακοῦ
446 4520 807 4580 ἀποδιδόντες.
862 4518 995 4574 Vide
1040 4520 1204 4574 etiam
1248 4518 1457 4573 l'l’etr.
1505 4534 1587 4584 ιιι,
1638 4518 1691 4585 9,
1733 4527 1788 4573 et

202 4589 405 4644 Matth.
442 4605 495 4649 ν,
525 4589 616 4652 59,
646 4590 735 4652 40,
775 4590 866 4648 41.
891 4590 981 4643 44.

278 4660 403 4730 (29)
445 4659 772 4730 Quicunque.
806 4660 993 4713 Matth.
1026 4672 1153 4724 xxv,
1179 4658 1270 4713 40.
1297 4656 1527 4713 Sensum
1561 4657 1714 4711 citat.

279 4728 399 4798 (50)
441 4730 616 4782 Ontni.
650 4728 781 4785 Luc.
815 4745 887 4796 vt,
924 4730 1011 4783 50.

281 4803 401 4869 (51)
446 4798 660 4869 ρὶίὶρεε.
684 4800 827 4869 ωε.
863 4815 919 4862 x,
944 4798 1037 4851 27.

281 4864 400 4941 (52)
448 4864 635 4922 Tuum.
681 4868 847 4922 Biblia
880 4870 966 4922 hic
995 4870 1195 4941 addunt
1229 4882 1243 4919 :
1272 4867 1329 4933 ἐξ
1366 4864 1494 4935 ὅλης
1521 4865 1620 4936 τῆς
1652 4881 1785 4936 καρ-

203 4939 331 5004 δίας
356 4956 479 5001 σου,
514 4941 563 4990 id
590 4949 693 5000 est,
731 4957 750 4988 ‹
798 4955 862 4991 ex
896 4950 1004 4993 toto
1035 4939 1194 4991 corde
1231 4949 1342 4992 tuo.
1383 4954 1402 4987 ι

285 5010 404 5078 (55)
444 5009 508 5062 In
541 5008 655 5061 hoc.
686 5008 842 5061 Joan.
877 5024 997 5069 xm,
1025 5007 1111 5061 55.

449 5078 505 5132 δ’
554 5079 777 5151 diligitis
826 5079 1066 5151 invicem.
1120 5076 1317 5151 graeca
1376 5074 1543 5131 editio
1595 5075 1784 5128 eodem

201 5146 425 5205 sensu;
453 5151 547 5219 εὰν
570 5150 789 5219 ἀγάπην
824 5146 982 5216 ἔχητε
1004 5148 1073 5219 γὲν
1106 5147 1373 5219 ἀλλήλοις.

282 5219 403 5287 (55)
446 5212 701 5272 Omnibus
745 5212 975 5287 ’πιοιῖἕὲη
1003 5218 1062 5268 ln
1117 5212 1481 5287 (ἶτίύοοηδιά
1544 5212 1781 5287 πάντων.

203 5284 302 5343 Ια
333 5284 643 5341 Atexander
688 5286 1088 5341 Alexandrinus
1143 5300 1273 5340 tom.
1338 5285 1377 5339 ll
1427 5284 1782 5337 Cntlctliuruttl

204 5373 335 5425 pag.
388 5359 476 5420 16,
508 5357 594 5410 ed.
640 5356 854 5411 Veneta:
886 5357 961 5408 ait
995 5372 1008 5408 :
1038 5354 1123 5407 διὰ
1157 5355 1374 5409 πάντων
1415 5352 1685 5424 ἀνενδεὴς,
1734 5357 1785 5409 id

202 5438 317 5490 est,
348 5446 368 5478 ι
410 5427 603 5480 nullius
632 5427 789 5494 plane
818 5426 893 5479 rei
936 5427 1199 5494 indigens.
1233 5443 1251 5478 ι

281 5445 317 5490 ι,
348 5446 368 5478 0
410 5445 603 5480 1111111118
669 5445 789 5480 Iane
818 5445 893 5479 I'CI
936 5445 1014 5478 IIIU

281 5496 402 5633 (ἢ)
443 5495 589 5565 Regi.
627 5445 825 5576 rTitn.
851 5493 1014 5576 1,17.

305 5567 398 5633 31)
434 5564 499 5618 In
527 5567 741 5619 swcula.
769 5565 937 5618 Bihha
969 5583 981 5617 :

305 5567 398 5634 57)
434 5564 499 5618 In
518 5564 741 5619 ’swcula.
769 5565 937 5634 Biblia
969 5583 981 5617 :
1016 5581 1034 5614 ι
1072 5564 1123 5616 in
1158 5565 1348 5619 smcula
1382 5568 1715 5622 sazculnrum.
1762 5586 1779 5618 ›

284 5637 403 5705 (58)
444 5634 546 5705 Qui
578 5638 740 5688 solus.
769 5633 789 5687 1
819 5633 961 5705 Tim.
994 5650 1065 5698 γι,
1095 5634 1181 5689 16.

285 5706 403 5773 (59)
442 5704 509 5757 Ut
536 5715 867 5773 cognoscant.
898 5704 1052 5759 Joan.
1083 5721 1214 5771 xm,
1247 5705 1299 5759 5.

286 5777 405 5847 (4οὶ
444 5773 577 5845 Ego.
615 5776 716 5829 lsa.
756 5791 902 5839 xLIv,
935 5775 1025 5828 24.

1888 4522 2022 4593 θύη
2052 4522 2234 4594 χάρις,
2270 4525 2402 4577 adeo
2436 4524 2761 4587 depravatns
2798 4532 2902 4585 est,
2938 4528 2993 4571 ut
3016 4535 3142 4594 _uou_
3188 4534 3354 4594 pauca
3392 4524 3459 4572 de

1889 4588 2021 4646 meo'
2043 4588 2243 4646 addere
2302 4604 2393 4645 aut
2434 4594 2717 4646 immutare
2759 4601 2979 4643 coactus
3010 4588 3199 4642 fuerim
3230 4588 3286 4641 in
3326 4603 3451 4641 ver-

1886 4663 2059 4735 είοηεέε
2084 4662 2187 4735 Pr?
2221 4665 2255 4735 ἡ
2293 4663 2453 4735 χάρις
2481 4662 2677 4735 lego?)
2715 4660 2905 4730 χωρίςο

1984 4733 2071 4801 42)
2114 4725 2403 4785 Mulierum
2435 4725 2442 4726 ί
2474 4725 2904 4784 deminutionem.
2973 4725 3175 4801 Codex
3205 4728 3459 4782 mendose

1890 4797 2292 4871 πολυκυρανίαν
2347 4818 2441 4866 pro
2488 4801 2930 4870 πολυκοιρανίαν.
2963 4797 3274 4871 ΔΟρροιιὶιιιι*
3330 4813 3456 4871 vero

1888 4870 1989 4924 ista
2021 4868 2362 4925 mo‘narchize.
2390 4873 2477 4924 Illa
2514 4868 2912 4925 multitudinem
2942 4868 3186 4932 deorum,
3216 4868 3329 4923 haec
3364 4870 3454 4923 Dei

1888 4942 2147 4993 unitatem
2173 4942 2458 5010 signiﬁcat.

1958 5010 2070 5080 (15)
2114 5010 2366 5064 Diiestis.
2402 5012 2544 5066 Psal.
2581 5029 2763 5074 LXXXI,
2805 5010 2857 5065 6.

1959 5077 2069 5151 (44)
2110 5080 2425 5135 Servientes.
2458 5082 2531 5135 Ex
2556 5098 2641 5151 ep.
2678 5086 2742 5134 ad
2771 5081 2890 5151 G_a|.
2922 5094 2993 5151 tv,
3023 5078 3075 5151 5,
3104 5077 3189 5151 tibi
3220 5078 3456 5151 legitur;

1896 5144 2033 5202 Ὑπὸ
2054 5144 2133 5203 ’τά
2165 5155 2401 5221 στοιχεῖα
2431 5152 2524 5205 τοῦ
2559 5144 2762 5222 κ’όσμου
2797 5149 2938 5223 ἦμεν
2968 5144 3369 5223 δεδουλωμένοι,
3407 5144 3462 5205 i3

1889 5230 1994 5283 est,
2025 5238 2044 5271 ι
2082 5222 2180 5274 sub
2219 5223 2499 5275 elementis
2538 5220 2720 5275 mundi
2757 5220 2969 5275 eramus
3004 5220 3318 5274 servientes.
3362 5237 3380 5268 ι

1957 5290 2070 5362 (45)
2114 5290 2343 5362 Miseria.
2380 5292 2581 5353 Codex,
2609 5293 2677 5343 τὰ
2716 5291 2801 5344 λά.
2842 5292 2945 5362 Pro
2976 5288 3045 5341 λά
3079 5304 3182 5341 nou
3212 5290 3330 5356 lego

1888 5357 1941 5413 id
1967 5357 2076 5420 est,
2115 5379 2133 5411 ι
2170 5361 2380 5427 lapidis,
2422 5379 2441 5411 ›
2474 5363 2594 5427 quia
2631 5363 2788 5413 nimis
2821 5361 2950 5412 dura
2984 5366 3130 5411 esset
3158 5371 3232 5427 ρει
3268 5360 3449 5427 lectio.

1888 5431 1992 5483 Sed
2030 5446 2127 5497 pro
2172 5425 2242 5482 τὰ
2276 5428 2344 5481 λά
2378 5425 2717 5498 Ιοεοταλαά.
2762 5430 2932 5482 Simili
2971 5431 3128 5480 modo
3156 5425 3352 5479 Paulus
3401 5426 3455 5498 in

1889 5500 1987 5567 Ep.
2011 5496 2077 5553 ad
2102 5500 2220 5553 Gal.
2253 5514 2327 5565 IV,
2356 5502 2411 5563 9,
2431 5496 2731 5564 hujusuiudi
2757 5501 3041 5560 elementa,
3060 5512 3259 5567 ueiupe
3279 5496 3458 5567 ethui-f

1886 5564 2070 5623 corum
2106 5574 2253 5633 deos,
2298 5564 2452 5623 vocat
2490 5569 2690 5639 ἀσθενῆ
2747 5570 2840 5622 καὶ
2891 5566 3081 5636 πτωχά
3117 5564 3373 5637 στοιχεῖα,
3405 5564 3459 5617 id

1887 5652 1989 5699 est,
2022 5658 2039 5688 ι
2079 5641 2290 5693 inﬁrma
2336 5649 2389 5693 et
2419 5655 2586 5707 egena
2614 5642 2900 5693 elementa.
2941 5658 2960 5690 ›

1960 5708 2072 5776 (46)
2118 5708 2320 5763 Prima.
2351 5708 2478 5777 Sap.
2513 5725 2624 5770 xw,
2658 5710 2742 5763 12.
2778 5710 2945 5765 Biblia
2974 5724 3072 5779 pro
3098 5707 3286 5778 πρώτη
3318 5720 3459 5776 πορ-

1892 5780 2008 5831 νεία
2038 5781 2235 5835 habent
2264 5780 2404 5851 ἀρχὴ
2436 5780 2709 5851 πορνείας.
