4060 6406
679 289 781 346 867
1905 282 2146 339 'DIDYMI
2178 282 2458 340 ALEXA‘N
2468 283 2651 338 DRI‘M
3767 289 3849 345 863

679 411 773 479 qui
811 423 948 462 unus
977 406 1068 475 sit,
1093 414 1357 464 creatura:
1394 409 1609 481 proprie
1645 415 1699 462 et
1723 404 1972 461 absolute
2001 421 2105 458 non
2129 419 2259 460 con-

2290 414 2331 466 Α
2366 405 2641 476 εἰληφέναι
2678 405 2826 477 παρὰ
2865 403 2956 456 τοῦ
2991 402 3484 474 δημιουργήσαντος
3519 401 3657 479 Υῐοῦ,
3683 405 3761 458 τοῦ
3792 408 3864 477 μό-

679 500 826 553 venit
861 516 878 554 :
913 509 999 554 est
1038 500 1184 558 enim
1218 511 1466 557 creatura
1505 502 1634 571 quid
1665 502 1906 556 omnium
1934 501 2129 568 simul,
2167 505 2260 553 aut

2367 515 2471 559 νως
2518 497 2611 549 σὺν
2668 497 2842 568 Πατρ“ι
2885 496 2976 549 καὶ
3031 494 3308 566 Πνεύματι
3362 493 3671 566 ὑπάρχοντος
3720 497 3867 556 ταῦτα,

678 587 968 644 multorum
1025 605 1346 658 commune;
1386 592 1545 662 371
1585 591 1728 646 nulla
1780 601 1864 646 est
1903 593 2083 658 enim,
2140 606 2260 662 quae

2368 587 2602 660 ὕπαρξιν
2637 588 2938 651 ἀθανασίας
2988 588 3081 641 καὶ
3124 585 3424 658 ἀορασίας⁹
3464 585 3533 648 ὡς
3559 586 3742 639 Παῦλον
3767 590 3869 659 γρά-

681 683 876 735 multas
918 695 1023 735 non
1059 682 1259 737 habeat
1295 682 1540 750 ejusdem
1590 699 1713 738 cum
1747 683 1860 753 ipsa
1914 683 2256 747 substantiae,

2362 696 2488 748 φειν
2519 679 2826 750 Κορινθίοις
2866 679 2928 732 τὸ
2969 677 3185 750 πρῶτον
3210 695 3224 709 ’
3265 698 3283 729 ι
3312 677 3377 730 Τί
3413 677 3467 730 δὲ
3495 675 3608 747 [177
3649 676 3698 746 α]
3745 678 3869 747 ἔχεις,

677 779 733 824 et
764 771 968 840 formae,
999 773 1138 829 sicut
1169 775 1222 829 in
1275 790 1367 828 xw
1413 774 1589 844 capite
1634 775 1792 844 primi
1840 775 2106 828 sermonis
2147 774 2260 844 (aut.

2365 771 2392 824 ὃ
2420 771 2519 823 οῦκ
2555 770 2781 836 ἕλαϐες;
2813 771 2876 824 Εἰ
2910 771 2967 824 δὲ
3008 770 3222 836 ἔλαϐες,
3262 769 3314 821 τί
3349 770 3605 838 καυχᾶσαι
3631 767 3694 830 ὡς
3721 769 3784 837 μὴ
3800 769 3871 820 λα-

681 860 825 930 libri)
863 861 1062 915 dictum
1101 863 1220 917 fuit.
1272 861 1441 917 Verba
1482 879 1610 918 vero
1651 864 1763 927 illa,
1810 881 1828 914 ι
1860 861 2020 916 Solus
2052 863 2258 916 habens

2365 863 2508 930 ϐὠν;
2544 882 2562 914 ι
2594 865 2703 917 Καὶ
2737 863 2824 917 διὰ
2845 863 3002 916 τοῦτο
3033 862 3168 934 μηδὲ
3193 862 3293 922 τὰς
3319 860 3489 926 λέξεις
3513 858 3696 921 ταύτας
3720 857 3874 929 κυρίως

682 951 1158 1020 immortalitatem,
1187 974 1206 1007 ι
1232 965 1286 1009 et
1309 956 1394 1008 illa
1425 974 1443 1005 ι
1467 954 1861 1020 luvisibili,soli
1885 955 2115 1024 sapienti
2145 953 2256 1024 (47)

2367 957 2598 1028 πρέπειν
2645 958 2928 1027 ποιήματι.
2965 957 3121 1008 Ἔστι
3161 955 3273 1025 γὰρ
3318 953 3506 1025 θνητὸν
3581 953 3801 1021 δυνάμει,
3833 952 3875 1002 τὸ

684 1044 809 1111 Deo,
840 1065 859 1096 ι
905 1045 1024 1101 ideo
1086 1047 1138 1100 in
1203 1045 1484 1115 Scriptura
1534 1047 1675 1102 dicta
1731 1057 1893 1112 sunt,
1934 1047 2062 1116 quia
2112 1045 2258 1099 nulla

2370 1051 2444 1121 μὴ
2475 1048 2594 1119 έχον
2623 1048 2834 1103 οἴκοθεν
2871 1049 2929 1102 τὸ
2955 1048 3242 1110 ἀθάνατον,
3271 1045 3406 1100 ἀλλὰ
3435 1045 3526 1098 καὶ
3549 1044 3820 1113 δυνάμενον,
3845 1051 3878 1093 ει

678 1143 924 1189 creatura
969 1135 1134 1191 habet
1170 1151 1234 1192 ex
1277 1138 1451 1205 seipsa
1516 1148 1569 1192 et
1611 1137 2068 1208 omnimodc(48),
2101 1147 2160 1191 ut
2191 1137 2262 1192 sit

2369 1141 2582 1212 θελήσοι
2612 1141 2773 1211 τυχὸν
2807 1143 2835 1193 ὁ
2863 1141 3116 1211 ποιήσας,
3151 1138 3246 1192 καὶ
3265 1137 3327 1190 τὸ
3355 1134 3747 1204 ἀποσϐεσθῆναι,
3773 1132 3877 1185 καθά

681 1223 1018 1292 immortalis,
1039 1237 1093 1281 et
1125 1227 1432 1292 invisibilis,
1461 1241 1513 1282 et
1536 1229 1785 1297 sapiens;
1817 1229 1910 1282 sed
1944 1245 1972 1281 a
2012 1238 2257 1283 creatore

2366 1232 2422 1283 έν
2465 1232 2784 1304 Εὑαγγελίῳ
2814 1219 2999 1286 εἶπενο
3050 1251 3068 1283 ι
3097 1229 3372 1301 Φοϐήθητε
3411 1228 3468 1281 δὲ
3510 1227 3695 1298 μᾶλλον
3724 1224 3798 1278 τὸν
3823 1223 3881 1276 δυ

679 1314 835 1380 Filio,
867 1320 956 1387 qui
995 1318 1140 1373 solus
1183 1321 1341 1374 modo
1375 1321 1608 1388 quodam
1641 1323 1798 1375 unico
1834 1336 1956 1374 cum
1990 1321 2173 1385 Patre,
2204 1331 2259 1377 et

2142 1338 2173 1385 ξ,
2204 1331 2259 1377 et
2365 1326 2594 1396 νάμενον
2626 1326 2804 1396 ψυχὴν
2840 1325 2930 1378 καὶ
2957 1322 3118 1394 σῶμα
3138 1321 3401 1375 ἀπολέσαι
3424 1323 3480 1373 ὲν
3507 1317 3704 1388 γεέννῃ.
3732 1335 3745 1366 ι

680 1406 883 1476 Spiritu
926 1418 1010 1463 est
1043 1411 1178 1476 haec,
1206 1413 1412 1480 accepit
1441 1424 1498 1466 ut
1555 1413 1841 1468 exsisteret
1883 1410 2204 1469 immortalis
2233 1425 2286 1468 et
2323 1415 2642 1472 invisibilis:
2681 1419 2816 1472 adeo
2856 1426 2914 1470 ut
2956 1414 3155 1469 Paulus
3197 1414 3249 1466 in
3317 1413 3487 1481 prima
3529 1410 3592 1463 ad
3635 1407 3885 1463 Corinthios

678 1503 923 1558 scribat:
977 1521 995 1554 ι
1023 1501 1158 1567 Quid
1195 1513 1373 1557 autem
1405 1503 1515 1574 (49)
1558 1505 1725 1560 habes
1783 1504 1928 1574 quod
1970 1520 2074 1558 non
2120 1506 2410 1574 accepisti?
2477 1507 2533 1562 Si
2579 1518 2755 1564 autem
2799 1505 3078 1575 accepisti,
3122 1504 3250 1574 quid
3312 1502 3558 1574 gloriaris
3621 1501 3758 1570 quasi
3805 1515 3881 1551 non

678 1595 1050 1666 acceperis?»
1102 1595 1276 1664 Atque
1318 1597 1385 1650 ob
1442 1597 1581 1651 hanc
1640 1600 1899 1651 rationem
1954 1598 2035 1652 hae
2085 1611 2245 1651 voces
2284 1601 2499 1669 preprie
2529 1615 2594 1655 ne
2619 1597 3186 1667 conveniuntquidem
3217 1605 3501 1650 creatura}.
3578 1592 3718 1660 Quod
3773 1591 3882 1643 enim

679 1691 744 1745 de
781 1705 879 1745 suo
910 1705 1014 1744 non
1042 1689 1204 1744 habet
1263 1689 1745 1751 immortalitatem,
1785 1691 2020 1757 potentia
2090 1691 2315 1744 mortale
2352 1702 2468 1758 est;
2507 1694 2634 1761 quin
2681 1693 2845 1746 etiam
2879 1698 3074 1761 potest,
3107 1687 3150 1742 si
3203 1687 3343 1742 forte
3383 1684 3608 1738 voluerit
3657 1682 3884 1738 Conditor,

676 1786 968 1855 exstingui,
1006 1786 1154 1854 juxta
1222 1785 1293 1849 id,
1329 1785 1472 1854 quod
1520 1785 1569 1837 in
1606 1784 1894 1856 Evangelio
1957 1787 2148 1858 legitur
2182 1805 2194 1842 :
2227 1808 2244 1840 ι
2272 1789 2480 1845 Timete
2502 1791 2612 1861 (50)
2677 1802 2857 1846 autem
2901 1791 3072 1860 magis
3129 1806 3275 1854 eum,
3318 1787 3411 1856 qui
3456 1797 3628 1856 potest
3662 1799 3828 1854 corpus
3849 1789 3890 1835 et

678 1880 912 1932 animam
948 1883 1173 1948 perdere
1211 1880 1262 1933 in
1300 1879 1568 1948 gehenna.
1598 1898 1614 1928 ι

748 1969 883 2026 Cum
921 1973 1035 2025 haac
1071 1972 1142 2025 ita
1175 1987 1233 2026 se
1276 1973 1527 2035 habeant,
1564 1971 1696 2025 nihil
1736 1971 2006 2038 prohibet,
2047 1975 2255 2042 quomi-
2288 1979 2332 2034 B

2288 1979 2332 2034 Β
2429 1971 2644 2024 Τούτων
2665 1969 2835 2032 οὕτως
2864 1969 3114 2039 ἐχόντων,
3133 1967 3284 2020 οὐδὲν
3304 1964 3538 2019 κωλύσει
3562 1963 3690 2034 πρὸς
3711 1961 3888 2014 πλεῖονα

679 2077 778 2114 nus
839 2060 904 2114 ad
958 2059 1217 2128 majorem
1280 2060 1539 2114 doctrina:
1581 2061 2018 2130 perspicuitatem
2071 2079 2264 2116 unum-

2369 2063 2637 2134 εὐμαθίαν
2686 2063 2913 2114 ἕκαστον
2969 2059 3278 2125 ἰδιαζόντως
3324 2057 3710 2127 ἐξεργάσασθαι
3748 2052 3886 2123 ῥητόν.

677 2151 928 2220 quodque
959 2150 1251 2219 capitulum
1295 2150 1644 2218 peculiariter
1681 2166 2092 2220 persequamur.
2125 2149 2258 2206 Illud

2367 2155 2440 2206 Τὸ
2493 2154 2590 2223 μὲν
2618 2147 2740 2214 οὖν,
2781 2170 2799 2202 ι
2854 2150 2942 2221 Τῷ
2977 2151 3188 2219 βασιλεῖ
3220 2149 3329 2201 τῶν
3368 2147 3615 2208 αἰώνων,
3653 2142 3884 2212 ἀφθάρτῳ,

677 2259 848 2313 ergo,
889 2262 906 2294 ι
935 2243 1065 2314 Regi
1120 2242 1435 2298 smculorum
1482 2243 1874 2310 incorruptibili
1901 2283 1916 2309 ,
1967 2243 2264 2308 invisibili,

2367 2246 2614 2316 ἀοράτῳ,
2666 2243 2812 2313 μόνῳ
2865 2241 3013 2310 σοφῴ
3061 2239 3179 2310 Θεῷ
3215 2259 3232 2290 ι
3273 2237 3504 2309 ἔγραψε,
3551 2235 3709 2288 πολλὰ
3745 2229 3889 2301 προδιο

685 2335 787 2389 soli
846 2334 1100 2403 sapienti,
1167 2335 1348 2398 Deo,»
1410 2334 1627 2404 scripsit
1692 2333 1914 2398 Paulus,
1977 2343 2264 2404 postquam

2368 2337 2722 2408 ηγηεάμενος
2776 2333 3013 2404 κοσμικά
3059 2334 3116 2384 ὲν
3171 2335 3236 2402 τῇ
3291 2330 3610 2399 Ἐπιστολῇ,
3659 2326 3743 2379 καὶ
3787 2322 3889 2374 κατά

678 2426 847 2481 multa
892 2429 1040 2497 prius
1075 2428 1342 2481 mundana
1387 2439 1738 2482 enarraverat
1783 2430 1836 2482 in
1887 2428 2161 2497 Epistola;
2208 2438 2264 2483 et

2368 2431 2550 2500 πάσης
2581 2431 2688 2499 τῆς
2737 2428 3039 2498 διηγήσεως
3077 2425 3374 2493 ἐπαγαγὼν
3427 2423 3618 2483 τοῦτο,
3666 2420 3734 2483 ὡς
3777 2418 3893 2469 ἔσται

678 2519 767 2572 illa
805 2521 985 2574 omnia
1017 2519 1329 2590 respiciens,
1369 2535 1488 2590 qua:
1517 2521 1812 2584 enarravit,
1847 2537 1910 2574 ea
1946 2522 2105 2576 verba
2141 2522 2267 2576 sub-

2371 2524 2538 2592 σαφὲς
2570 2522 2732 2574 παντὶ
2770 2520 2846 2590 τῷ
2877 2520 3197 2590 προσέχοντι
3229 2521 3292 2587 τῆ
3336 2518 3518 2588 ἐννοίᾳ
3557 2516 3653 2585 τῆς
3694 2513 3889 2565 Ἐπιστο-

669 2609 888 2679 juuxit,
950 2622 1010 2665 ιιι
1085 2610 1432 2666 manifestum
1505 2613 1609 2665 erit
1672 2613 1959 2680 unicuique
2019 2611 2268 2680 Epistola:

2368 2615 2484 2686 λῆς.
2519 2614 2594 2666 Τὸ
2635 2614 2711 2677 δὲ,
2765 2632 2782 2664 ι
2839 2612 3015 2674 Μόνος
3059 2611 3198 2680 ἔχων
3249 2610 3577 2673 ἀθανασίαν,
3618 2605 3725 2675 φῶς
3769 2598 3893 2655 οίκῶν

677 2718 895 2758 sensum
931 2703 1250 2756 attendenti.
1301 2701 1437 2755 lllud
1481 2718 1628 2767 vero,
1665 2721 1682 2754 ι
1720 2702 1878 2756 Solus
1923 2703 2128 2759 habens
2164 2703 2266 2757 im-

2367 2707 2688 2778 ἀπρόσιτον,
2729 2724 2748 2758 ι
2791 2705 2866 2768 ὡς
2903 2704 3040 2775 πρὸς
3068 2704 3167 2773 τὴν
3205 2704 3383 2756 κτίσιν
3430 2699 3734 2760 ἐπέστειλε,
3785 2691 3891 2746 καθά

677 2794 1058 2848 mortalitatem
1081 2832 1097 2856 ,
1125 2794 1294 2848 lucem
1342 2793 1588 2847 habitans
1626 2795 2053 2848 inaecessibilem
2081 2834 2096 2859 ,
2129 2814 2146 2846 ι
2185 2810 2267 2848 re-

2368 2798 2602 2870 εἴρηται.
2643 2799 2706 2850 ’Π
2737 2797 2843 2868 γὰρ
2874 2795 3092 2857 αἰώνιος
3123 2795 3258 2866 ζωὴ,
3294 2796 3390 2847 καὶ
3425 2796 3460 2864 ἡ
3492 2790 3776 2862 ἀφθαρσία,
3799 2784 3897 2838 d01-

679 2885 789 2940 late
834 2887 900 2940 ad
936 2895 1239 2939 creaturam
1264 2886 1500 2954 scripsit,
1536 2895 1593 2941 ut
1623 2887 1822 2940 dictum
1854 2897 1966 2953 est;
2006 2904 2127 2942 nam
2161 2888 2264 2942 vita

2372 2890 2532 2944 νασία
2587 2889 2704 2942 ἐστί
2730 2905 2743 2918 ο
2774 2888 2868 2941 καὶ
2899 2888 2931 2957 ή
2970 2905 2987 2938 ι
3020 2886 3264 2957 ἀλήθεια,
3302 2905 3322 2938 ι
3360 2887 3460 2939 καὶ
3499 2903 3517 2936 ι
3559 2883 3712 2951 σοφία
3745 2897 3760 2928 ι
3788 2874 3897 2937 λέξις

678 2987 905 3040 aeterna,
955 2987 1010 3031 et
1057 2977 1560 3046 incorruptibilitas,
1604 2988 1686 3033 est
1737 2979 2136 3034 immortalitas.
2189 2980 2267 3035 Ac

2373 2981 2687 3050 ίσοδυναμεῖ
2719 2978 2794 3049 τῷ
2837 2997 2855 3030 ι
2899 2977 3141 3050 ἀληθινῴ
3181 2995 3200 3030 ι
3237 2977 3331 3031 καὶ
3373 2995 3393 3028 ι
3447 2975 3600 3046 σοφῷ
3636 2993 3655 3026 ι
3705 2973 3896 3043 ῥήματι·

679 3069 964 3137 vocabula,
1017 3088 1035 3120 ι
1064 3070 1283 3134 veritas,
1317 3087 1336 3120 ι
1395 3081 1450 3124 et
1503 3071 1832 3139 «sapientia,
1862 3093 1880 3123 ι
1941 3071 2269 3141 ωᾳυίνοιειιι

2369 3072 2623 3139 καθάπαξ
2671 3072 2726 3124 δὲ
2752 3070 2926 3124 ταῦτά
2955 3073 3072 3124 ἐστι
3107 3071 3267 3141 μόνου
3331 3067 3474 3122 Θεοῦ
3497 3085 3510 3097 ·
3541 3061 3895 3138 μεμαρτύρηται

678 3160 954 3216 vocabulis
989 3179 1008 3212 ι
1037 3176 1213 3226 verus,
1247 3181 1264 3212 ι
1301 3170 1355 3217 et
1390 3182 1409 3215 ‹
1440 3162 1685 3233 sapiens;
1723 3181 1742 3215 ι
1795 3164 1910 3218 haec
1954 3175 2132 3218 autem
2168 3165 2264 3218 ab-

2367 3165 2424 3219 δὲ
2461 3163 2633 3218 ταῦτα
2669 3159 2808 3216 εἶναι
2837 3165 2866 3216 ό
2902 3163 3032 3225 Υἱὸς
3062 3164 3156 3215 καὶ
3181 3163 3242 3216 τὸ
3273 3161 3432 3230 ἅγιον
3466 3158 3709 3228 Πνεῦμα.
3739 3152 3825 3208 Καὶ
3848 3150 3896 3212 εἰ,

679 3256 853 3308 solute
903 3267 968 3306 ac
1004 3253 1322 3320 simpliciter
1365 3264 1491 3307 sunt
1517 3255 1685 3310 solius
1715 3255 1842 3321 Dei;
1880 3254 2076 3310 Filium
2112 3271 2265 3316 vero,

2370 3256 2558 3326 ὥσπερ
2607 3256 2636 3307 ὁ
2677 3253 2867 3326 Πατὴρ
2911 3254 3262 3325 δημιουργεῖ,
3305 3251 3548 3321 ἁγιάζει,
3597 3248 3780 3302 δικαιοῖ
3832 3255 3898 3292 και

677 3357 731 3401 et
764 3347 1022 3416 Spiritum
1054 3354 1299 3398 sanctum
1342 3345 1457 3399 lucc
1486 3361 1626 3411 esse,
1663 3347 1988 3416 sapientiam
2042 3362 2258 3418 nempe,

2295 3327 2334 3385 Ο
2369 3349 2608 3402 θεοποιεῖ
2647 3349 2776 3413 τοὺς
2807 3348 2946 3420 πρὸς
2975 3348 3069 3411 οὓς
3101 3348 3332 3416 γίνεται,
3367 3347 3461 3399 τὸν
3495 3344 3610 3397 ἴσον
3635 3332 3898 3412 τρόπονκαὶ

675 3456 739 3494 ac
759 3438 1066 3500 veritatem,
1091 3445 1355 3490 testantur
1387 3436 1703 3507 Scriptum.
1723 3439 1801 3492 Ac
1825 3439 1893 3501 si,
1916 3439 2268 3508 quemadmo-

2367 3443 2396 3496 ὁ
2434 3440 2768 3512 Μονογενὴς,
2814 3440 2910 3492 καὶ
2953 3439 3018 3492 τὸ
3045 3437 3269 3509 Πνεῦμα
3310 3437 3411 3491 τοῦ
3447 3435 3587 3490 Θεοῦ
3633 3433 3790 3486 ποιεῖ’
3828 3442 3900 3477 κυσ

676 3533 802 3584 dum
857 3527 1016 3581 Pater
1055 3537 1225 3590 creat,
1283 3528 1608 3593 sanctiﬁcat,
1647 3526 1907 3596 justiilcat
1955 3536 2010 3580 et
2052 3529 2268 3582 dcilicat

2371 3533 2501 3606 ρίως
2539 3532 2648 3604 ἄρα
2678 3530 2754 3603 τῷ
2786 3548 2844 3586 τε
2881 3529 3014 3602 Υίῷ,
3060 3529 3139 3602 τῷ
3167 3545 3230 3582 τε
3260 3527 3550 3600 Πνεὺματι
3576 3523 3668 3579 τοῦ
3702 3516 3818 3574 Θεοῦ
3841 3513 3898 3606 τὸ,

675 3636 769 3676 eos
833 3621 901 3675 ad
935 3635 1072 3688 quos
1107 3619 1273 3681 venit,
1309 3618 1498 3672 eodem
1540 3619 1698 3672 modo
1726 3617 1891 3672 etiam
1921 3617 2264 3691 Unigenitus,

2371 3604 2391 3674 ἀ
2434 3622 2612 3692 μόνος,
2656 3639 2674 3673 ι
2728 3622 2821 3674 καὶ
2871 3639 2889 3674 ι
2947 3619 3219 3690 ἀληθινὸς,
3282 3638 3300 3670 ι
3351 3620 3456 3672 καὶ
3511 3636 3533 3670 ι
3585 3614 3756 3684 σοφὸς,
3789 3627 3804 3659 ι
3832 3604 3900 3658 καὶ

675 3724 729 3769 et
765 3712 999 3780 Spiritus
1042 3709 1134 3763 Dei
1169 3711 1281 3764 hac
1327 3707 1492 3773 facit;
1532 3709 1748 3780 proprie
1780 3723 1911 3780 ergo
1953 3723 2072 3765 cum
2102 3708 2264 3774 Filio,

2372 3733 2391 3767 ι
2427 3715 2659 3785 ἀόρατος
2695 3713 2865 3781 Θεὸς,
2905 3732 2924 3766 ι
2969 3713 3066 3766 καὶ
3109 3731 3127 3764 ι
3167 3711 3326 3782 μόνος
3371 3711 3518 3782 ἔχων
3563 3701 3895 3762 ἀθανασίαν,ι

675 3816 786 3860 ιιιιη
819 3805 1044 3876 Spiritui
1075 3803 1167 3858 Dei
1212 3803 1536 3858 convenient
1582 3803 1804 3857 nomina
1832 3803 1946 3869 illa,
1983 3819 2002 3854 ι
2036 3803 2206 3871 solus,
2239 3822 2258 3856 ι

2362 3806 2439 3870 ὡς
2474 3804 2550 3875 τῷ
2589 3807 2764 3877 Πατρὶ
2790 3803 3124 3875 ἐφαρμόσει·
3157 3801 3415 3874 καθάπερ
3444 3801 3542 3854 καὶ
3570 3796 3711 3867 αὐτῷ
3747 3787 3899 3864 πρέψει

672 3910 730 3955 et
765 3919 783 3951 ι
809 3915 988 3963 verus,
1016 3917 1034 3950 ι
1069 3909 1124 3952 et
1169 3915 1187 3949 ι
1211 3897 1451 3966 sapiens,
1486 3916 1504 3948 ι
1557 3909 1615 3952 et
1659 3896 1994 3952 «invisibilis
2037 3897 2200 3962 Deus,
2240 3915 2257 3948 ι

2363 3900 2398 3969 ἡ
2440 3899 2570 3968 περὶ
2601 3896 2695 3951 τοῦ
2735 3896 3074 3965 Μονογενοῦς
3119 3895 3354 3965 λέγουσα
3387 3894 3617 3965 Γραφή.
3651 3907 3670 3941 ι
3716 3877 3897 3942 οὗτοςδ

673 4004 728 4047 et
761 4012 781 4044 ι
805 3992 952 4046 solus
981 3991 1186 4044 habens
1226 3989 1709 4055 immortalitatem,
1746 4007 1764 4040 ι
1811 3990 2079 4059 quomodo
2127 4005 2252 4045 con-

2375 3991 2508 4055 Θεὸς
2568 3992 2754 4063 ήμῶνο
2801 3992 2860 4044 οὺ
2900 3989 3286 4060 λογισθήσεται
3320 3987 3518 4059 ἕτερος
3561 3984 3695 4056 πρὸς
3727 3977 3832 4052 [177
3861 3970 3898 4039 δ]

677 4083 904 4138 veniunt
937 4081 1084 4134 Patri
1114 4099 1126 4133 :
1165 4079 1442 4149 similique
1482 4080 1694 4134 ratione
1725 4081 1826 4149 ipsi
1857 4083 2144 4135 conveniet
2177 4082 2259 4135 lo-

2361 4085 2542 4146 αὑτόν.
2580 4103 2599 4136 ι
2640 4085 2812 4137 Πᾶσιν
2841 4083 2973 4155 γὰρ,
3005 4082 3072 4136 ἵν’
3117 4081 3291 4144 οὕτως
3323 4080 3552 4152 φράσω,
3584 4073 3664 4138 οἷς
3687 4075 3713 4126 ὁ
3752 4065 3895 4133 Πατὴρ

675 4189 771 4228 cus
827 4175 988 4228 etiam
1037 4174 1364 4243 Scripturze,
1421 4172 1473 4226 in
1529 4188 1639 4243 quo
1673 4172 1836 4243 372
1877 4175 1943 4228 de
1973 4171 2260 4242 Unigenito

2361 4177 2458 4247 τῆς
2486 4177 2716 4239 κτίσεως
2759 4175 3027 4246 διαφέρει,
3068 4175 3164 4228 καὶ
3194 4175 3224 4226 ό
3264 4173 3419 4238 Υἱὸς,
3468 4171 3568 4226 καὶ
3600 4169 3661 4222 τὸ
3721 4159 3899 4227 Πνεῦμα

673 4266 912 4318 dicitur:
953 4282 971 4315 ι
1012 4261 1110 4316 llic
1156 4271 1237 4316 est
1271 4261 1381 4332 (51)
1417 4261 1560 4317 Deus
1598 4272 1802 4326 noster,
1843 4277 1948 4316 non
1982 4265 2257 4334 reputabi-

2358 4267 2453 4321 τοῦ
2494 4268 2629 4321 Θεοῦ
2670 4267 2872 4338 ὁμοίως
2916 4266 3181 4337 διαφέρει.
3226 4265 3354 4327 Πῶς
3397 4264 3515 4334 γὰρ
3563 4257 3740 4313 λοιπδν
3779 4251 3897 4338 μάνθὲ

674 4369 762 4410 ιιιι·
796 4357 935 4410 alter
966 4355 1018 4408 iu
1061 4355 1470 4424 comparatione
1504 4355 1665 4410 illius.
1703 4374 1720 4406 ι
1759 4354 1967 4422 Quibus
1998 4357 2140 4409 enim
2173 4373 2258 4412 re-

2361 4359 2475 4429 έχει
2505 4359 2574 4411 τὰ
2614 4337 2979 4429 προλεχθέντα
3013 4359 3040 4410 ὁ
3083 4357 3294 4427 Πατὴρ,
3337 4356 3388 4408 εἰ
3436 4351 3694 4422 ἀληθεύει
3716 4347 3775 4399 τὰ
3805 4337 3899 4438 περξ

674 4447 800 4509 bus,
819 4454 876 4497 ut
901 4445 971 4497 ita
1000 4443 1210 4511 loquar,
1226 4443 1390 4498 Pater
1420 4442 1600 4497 diﬂ'ert
1627 4460 1656 4496 a
1692 4454 1962 4508 creatura,
1995 4444 2060 4499 iis
2082 4449 2258 4500 Ouini-

2357 4449 2451 4503 τοῦ
2483 4449 2614 4502 Υίοῦ
2640 4451 2735 4502 καὶ
2759 4449 2852 4502 τοῦ
2897 4448 3052 4517 ἁγίου
3080 4446 3403 4518 Πνεύματος
3428 4440 3798 4515 γεγραμμένα,
3828 4444 3897 4483 και

675 4537 772 4590 bus
814 4536 976 4590 etiam
1021 4535 1220 4602 Filius,
1268 4543 1325 4591 et
1377 4535 1610 4604 Spiritus
1649 4534 1744 4589 Dei
1790 4535 2043 4590 similiter
2081 4537 2149 4591 ab
2193 4551 2253 4590 ea

2355 4543 2437 4603 τὸ,
2472 4561 2490 4594 ι
2531 4542 2738 4612 Ὥσπερ
2784 4545 2812 4594 ὁ
2854 4541 3042 4611 Πατὴρ
3077 4538 3222 4610 ζωὴν
3250 4538 3390 4608 ἔχει,
3463 4538 3640 4600 οὕτως
3677 4519 3899 4589 ἐδωκετῷ

673 4627 872 4682 dill'ert.
919 4627 1053 4683 Nam
1094 4627 1365 4696 quomodo
1395 4627 1542 4681 solus
1564 4625 1727 4681 Pater
1755 4641 1817 4679 ea
1849 4642 1968 4696 qua:
1995 4628 2271 4704 diximus,‘

2294 4671 2328 4725 Β
2365 4633 2479 4704 Υἰῷ
2510 4631 2655 4704 ζωὴν
2687 4633 2854 4704 ἔχειν,
2888 4652 2905 4685 ι
2926 4632 3012 4695 -ὡς
3045 4631 3140 4685 καὶ
3166 4631 3227 4683 τὸ
3261 4629 3543 4701 προσεχὲς
3568 4626 3738 4694 τούτῳ
3766 4615 3897 4725 κεφῗ·

674 4719 874 4774 habere
899 4719 1120 4788 potest?
1150 4721 1196 4774 si
1226 4733 1349 4774 vera
1378 4726 1506 4773 sunt
1527 4732 1646 4786 qua:
1674 4717 1741 4772 de
1777 4716 1937 4779 Filio,
1971 4728 2024 4772 et
2048 4717 2250 4787 Spiritu

2295 4707 2326 4725 υ
2355 4727 2502 4780 λαιον
2538 4726 2830 4791 ὲπιδείξει;
2863 4725 2937 4778 Τὸ
2981 4724 3059 4791 δὲ,
3131 4741 3150 4775 ι
3200 4724 3322 4777 ’Ὶνα
3364 4719 3688 4792 γινώσκωσί
3722 4733 3792 4779 σε,
3831 4707 3898 4761 τὸν

672 4820 860 4863 satu-to
893 4811 968 4862 ait
1001 4808 1304 4878 Scriptura,
1335 4823 1398 4863 ac
1427 4809 1468 4863 si
1501 4823 1686 4863 verum
1729 4817 1814 4862 est
1842 4807 1974 4862 illud
2005 4827 2017 4862 :
2054 4827 2072 4860 ι
2105 4810 2256 4863 Sicut

2355 4819 2516 4888 μόνον
2567 4816 2819 4887 ἀληθινὸν
2871 4815 3026 4879 Θεὸν,
3071 4816 3167 4868 καὶ
3219 4813 3278 4866 ὃν
3341 4812 3680 4872 ἀπέστειλας
3732 4796 3895 4872 Ἰησοῦν

673 4897 836 4951 Pater
864 4899 1027 4952 vitam
1070 4899 1252 4963 habet,
1301 4899 1379 4952 sic
1418 4899 1565 4953 dedit
1600 4898 1738 4952 Filio
1767 4899 1933 4952 vitam
1975 4901 2192 4964 habere,
2226 4920 2245 4952 ι

2351 4907 2605 4977 Χριστὸν,
2647 4927 2664 4957 ι
2703 4905 3061 4976 συμπεριέχει
3090 4905 3185 4957 καὶ
3214 4904 3307 4956 τὸν
3342 4904 3504 4966 Υἱὸν,
3547 4902 3642 4955 καὶ
3673 4897 3895 4951 δείκνυσιν

671 5000 729 5044 ut
759 4989 992 5059 capitulo
1037 4990 1200 5043 etiam
1245 4991 1491 5058 proxime
1535 4990 1779 5058 sequenti
1814 4992 2072 5044 dicemus.
2120 4992 2252 5049 Illud

2353 4999 2466 5051 ἴσον
2512 4998 2588 5068 τῷ
2637 4999 2846 5069 Πατρὶ,
2895 4997 3012 5068 μεθ’
3063 4991 3123 5050 οῦ
3183 4999 3390 5048 νοεῖται
3442 4995 3542 5047 καὶ
3594 4992 3654 5045 τὸ
3714 4982 3892 5050 Πνεῦμα

672 5095 820 5144 vero,
871 5098 890 5131 ι
926 5079 994 5134 Ut
1031 5091 1356 5151 cognoscant
1407 5089 1457 5134 te
1502 5080 1676 5136 solum
1723 5096 1912 5134 verum
1962 5083 2150 5147 Deum,
2195 5093 2248 5138 et

2349 5089 2532 5143 αὑτοῦ.
2589 5091 2652 5143 ΊΙ
2698 5089 2755 5142 δὲ
2805 5089 3076 5160 ἀποστολὴ
3120 5088 3214 5158 τὴν
3265 5087 3596 5158 οἰκονομίαν
3655 5081 3808 5153 δηλοῖ.
3846 5070 3889 5124 'll

668 5186 826 5239 quem
888 5169 1077 5224 misisti
1135 5169 1318 5224 Jcsum
1373 5169 1686 5235 Christum,
1746 5189 1764 5222 ι
1829 5171 2022 5225 Filium
2083 5174 2243 5228 simul

2348 5181 2426 5243 δὲ,
2476 5203 2494 5234 ι
2541 5181 2680 5251 Ἐγὼ
2702 5181 2944 5246 ἐξέτεινα
2980 5181 3071 5234 τὸν
3096 5181 3324 5251 οὐρανὸν
3356 5181 3549 5250 μόνος,
3593 5198 3611 5230 ι
3641 5174 3797 5245 φωνὴ,
3819 5166 3889 5217 οὖν

667 5261 1092 5331 comprehendit,
1119 5271 1174 5316 et
1210 5263 1472 5331 aequalem
1511 5262 1748 5318 ostendit
1774 5261 1942 5326 Patri,
1975 5278 2098 5317 cum
2137 5280 2244 5332 quo

2349 5273 2466 5327 ἔστι
2505 5274 2599 5326 τοῦ
2664 5274 2894 5345 Πατρός.
2936 5274 3089 5326 Ἐπεὶ
3141 5273 3258 5335 πῶς
3289 5272 3495 5342 ἄληθες
3532 5271 3594 5324 τὸ
3632 5267 3792 5322 πάντα
3827 5255 3889 5311 διὰ

737 5394 1004 5474 (ιι-[λβοιε
1051 5395 1431 5474 ξαρξρηιιηιιι.
1475 5395 1612 5474 libro
1663 5394 1739 5474 De
1794 5394 1996 5474 Spiritu
2055 5408 2234 5474 sancto
2345 5417 2636 5474 εειριρηιρε,

666 5482 792 5541 num
843 5467 936 5541 gl,
972 5468 1160 5541 eodem
1218 5468 1376 5520 modo
1421 5468 1533 5541 lucc
1566 5467 1715 5541 Pauli
1757 5468 1917 5541 verba
1951 5467 2228 5541 explicat:
2411 5467 2524 5541 με)
2567 5476 2895 5530 (hunimode.
2935 5475 3112 5527 Codex
3136 5516 3148 5534 ,
3179 5475 3362 5527 παντί.
3412 5473 3627 5539 Malim,
3654 5467 3835 5535 πάντη.

666 5539 744 5613 ait
775 5535 918 5613 enim
957 5549 972 5588 :
1009 5537 1147 5589 Deus
1179 5551 1309 5613 vero
1343 5553 1450 5613 non
1489 5537 1709 5613 alterius
1748 5537 2024 5613 sapientia:
2065 5539 2234 5613 parti-
2413 5535 2524 5613 (.59)
2568 5545 2706 5608 Quid
2742 5556 2936 5598 autem,
2972 5547 2986 5597 ι
3019 5545 3143 5598 cur,
3177 5561 3250 5610 ιν,
3277 5545 3330 5598 7,
3601 5564 3604 5567 -

663 5606 950 5680 cipatiotte,
1008 5621 1184 5680 neque
1239 5607 1708 5680 aliumlesapiens
1755 5607 2013 5668 ell‘ectus,
2059 5609 2235 5661 dictus
2413 5606 2523 5680 (fit!)
2568 5606 2781 5669 Tuncte.
2822 5615 3009 5668 Matth.
3044 5618 3219 5675 πρὲις.

663 5627 950 5673 Ctpauuue,
1008 5627 1184 5675 neque
1239 5627 1450 5659 aliunde
1493 5627 1708 5674 sapiens
1755 5627 2013 5668 euectus,
2059 5627 2235 5661 tllClllS
2437 5627 2523 5680 uti}
2568 5627 2781 5669 'l‘tmclc.
2822 5627 3009 5668 Matth.
3044 5631 3096 5675 Χ,
3128 5627 3219 5668 ⁵28.

659 5688 745 5729 est
769 5693 802 5756 _t
838 5675 1271 5756 _Solus_sapielts,
1306 5695 1324 5727 ι
1361 5685 1414 5729 et
1453 5677 1682 5756 (rectius
1712 5680 1875 5730 codex
1898 5685 2094 5756 “noster
2118 5694 2232 5756 _pro
2413 5627 2525 5756 2.31)
2569 5685 2670 5739 [lic
2705 5697 2798 5740 ρει,
2833 5686 3063 5750 Bal-“ch,
3099 5701 3179 5750 ιιι⁹
3211 5685 3296 5739 56,

664 5757 718 5800 et
759 5745 907 5800 habet
941 5747 1077 5817 sed)
1108 5763 1368 5817 generatis
1394 5747 1734 5816 sapientiam,
1777 5759 1827 5801 ct
1861 5748 1991 5801 alios
2028 5748 2232 5803 lacicns
