4060 6406
291 318 395 374 869

1356 321 1440 374 DE
1481 322 1856 377 TRININATE
1899 322 2099 376 LIBER
2141 323 2461 384 TERTIUS.

3437 341 3541 397 870

290 437 384 490 τοῦ
425 436 557 490 Υίοῦ
612 437 970 509 γεγενῆσθαι;
1005 440 1076 491 “il
1110 439 1404 507 γνώτωσαν
1449 444 1541 495 καὶ
1595 446 1720 514 περὶ
1773 443 1853 496 τοῐ

1970 444 2393 515 subintelligitur
2439 454 2600 503 etiam
2643 449 2808 519 ipsius
2849 452 3101 521 Spiritus.
3140 455 3325 512 Missio
3358 472 3538 514 autem

292 529 423 583 Υἰοῦ
451 529 808 600 ὁμοιότροπον
826 531 889 583 ὲν
914 530 992 600 τῷ
1031 531 1152 583 ’1ὼ6
1194 535 1544 602 προφητικῶς
1577 535 1824 606 εἰρῆσθαι
1845 555 1858 568 ο

297 638 314 670 ι
372 619 432 671 '0
477 619 717 684 τανύσας
743 620 849 674 ’τὸν
896 621 1124 692 οὐρανὸν
1172 623 1362 692 μόνος,
1405 625 1498 676 καὶ
1549 626 1866 695 περιπατῶν

289 709 364 772 ὡς
407 711 501 764 ἐπὶ
551 711 779 779 ἐδάφους
831 711 925 765 ἐπὶ
970 712 1266 780 Θαλάσσης.
1319 731 1338 765 ι
1393 713 1564 778 Αὐτὸς
1610 716 1740 786 γὰρ,
1792 719 1868 779 ὡς

292 803 458 853 πᾶσιν
508 802 849 870 καταφανὲς,
895 803 982 854 ἀεὶ
1015 801 1149 872 μὲν,
1192 803 1289 873 οὐχ
1341 805 1541 873 ἥκιστα
1586 805 1641 857 δὲ
1690 808 1748 860 ἐν
1799 803 1865 877 τῇ

291 894 701 964 ὲνανθρωπήσει
748 893 1286 966 ὲθαυματούργησεν,
1333 895 1426 946 καὶ
1465 895 1541 958 ὡς
1593 896 1650 948 ἐν
1699 897 1867 950 πεδίω

291 984 538 1036 ἐόάδισεν
568 984 663 1035 ἐπὶ
693 984 792 1054 τῆς
817 984 1012 1054 ὑγρᾶς.

1972 537 2402 594 lncarnationem
2450 541 2739 610 signiﬁcat.
2776 545 3000 600 Demum
3035 551 3195 602 verba
3226 550 3334 615 illa,
3371 569 3388 601 ι
3431 552 3539 621 Ego

1965 629 2180 682 extendi
2228 631 2422 684 coelum
2469 633 2634 700 solus,
2665 653 2684 686 ι
2719 650 2822 690 non
2862 647 2989 691 sunt
3036 637 3256 694 Patris:
3301 643 3539 712 alioquin

1965 721 2232 784 quomodo
2256 737 2443 775 verum
2465 723 2576 793 (52)
2608 726 2728 787 erit,
2765 744 2783 777 t
2814 729 2996 781 omnia
3033 745 3128 798 per
3170 729 3364 784 Filium
3401 733 3542 786 facta

1965 809 2118 862 esse?
2141 828 2160 861 ι
2195 812 2299 864 Aut
2321 812 2428 882 (53)
2446 815 2604 867 etiam
2630 817 2694 870 de
2722 815 2862 871 Filio
2891 818 3141 873 similiter
3174 821 3224 874 in
3250 820 3385 874 Joho
3417 834 3542 890 pro-

1967 902 2176 971 phelit'c
2201 902 2400 956 dictum
2436 919 2557 958 esse
2584 909 2760 961 norint
2787 925 2800 962 :
2835 927 2853 960 t
2885 909 2986 975 Qui
3019 913 3392 982 extendit(54)
3431 929 3544 972 coe-

1969 991 2078 1043 lum
2115 993 2282 1059 solus,
2313 1005 2364 1047 et
2396 995 2632 1050 ambulat
2667 998 2717 1050 in
2750 1000 2887 1053 mari
2913 1001 3060 1055 velut
3087 1003 3136 1055 in
3169 1005 3536 1071 pavimento."

232 1121 240 1138 ,
292 1078 408 1144 Ipse
434 1078 601 1142 enim,
638 1087 695 1132 ut
721 1078 974 1131 omnibus
1006 1076 1349 1133 manifestum
1413 1086 1518 1142 est,
1581 1093 1796 1148 semper
1857 1083 2097 1152 quidem,
2129 1089 2225 1144 sed
2266 1091 2500 1145 maxime
2539 1091 2590 1145 in
2625 1090 2996 1151 lncarnatione
3045 1097 3312 1152 mirabilia
3349 1114 3543 1169 opera:

293 1181 376 1225 tus
404 1181 506 1235 est,
537 1181 592 1226 et
619 1172 673 1224 in
711 1185 850 1240 aqua
882 1169 1025 1224 velut
1060 1171 1111 1224 in
1151 1171 1374 1240 planitie
1410 1171 1724 1229 ambulavit.

358 1290 735 1361 Μαρτυρεῖται
753 1289 810 1342 δὲ
835 1290 931 1343 καὶ
951 1289 1045 1342 ἐπὶ
1068 1292 1183 1352 τοῖς
1207 1289 1389 1354 ἄλλοις
1411 1293 1524 1354 τοῖς
1556 1308 1862 1362 μνημονευ-

288 1377 461 1430 θεῖσιν
491 1378 521 1429 6
542 1377 696 1441 .Υίὸς,
721 1378 816 1430 καὶ
841 1377 902 1430 τὸ
925 1376 1079 1446 ἆγιον
1110 1378 1336 1449 Πνεῦμα
1362 1378 1558 1443 οὕτως.
1601 1380 1737 1450 Περὶ
1765 1381 1864 1451 p.6-

285 1486 382 1522 νου
419 1470 518 1540 μὲν
549 1468 804 1540 ἀληθινοῦ
836 1469 995 1533 Θεοῦ,
1030 1470 1105 1533 ὡς
1141 1470 1304 1541 ἡνίκα
1332 1472 1461 1542 περὶ
1487 1472 1584 1541 μὲν
1611 1471 1703 1524 τοῦ
1731 1471 1862 1525 Υἱοῦ

2033 1293 2141 1350 Sed
2173 1305 2368 1364 prmtcr
2402 1311 2464 1352 ea
2515 1311 2635 1368 quae
2675 1311 3096 1354 commemorata
3136 1312 3285 1367 sunt,
3326 1303 3430 1357 alia
3472 1305 3540 1361 de

1961 1384 2098 1440 Filio
2148 1397 2204 1442 et
2249 1387 2449 1456 Spiritu
2490 1399 2681 1445 sancto
2719 1393 3020 1446 testimonia
3063 1394 3183 1448 addi
3230 1409 3455 1465 possunt
3484 1400 3536 1453 in

1962 1477 2108 1531 hunc
2145 1481 2387 1532 modum.
2423 1480 2497 1534 De
2543 1481 2656 1535 solo
2697 1481 2913 1549 quidem
2967 1497 3097 1538 vero
3146 1485 3276 1549 Deo,
3314 1497 3372 1540 ut
3410 1503 3532 1542 cum

299 1561 555 1630 Ἰωάννης
586 1561 722 1632 αὐτῇ
753 1560 898 1627 λέξει
927 1559 1178 1630 ἀληθινὸν
1210 1561 1341 1613 Θεὸν
1379 1561 1540 1614 αὑτὸν
1565 1556 1725 1624 εἶναι,
1768 1563 1853 1615 κα)

1963 1568 2157 1623 Filium
2183 1569 2418 1625 Joannes
2444 1587 2564 1626 esse
2591 1575 2901 1642 pronuntiat
2930 1575 3015 1628 his
3054 1576 3185 1643 ipsis
3229 1577 3407 1631 verbis
3443 1594 3534 1632 ve-

287 1653 553 1722 μονογενῆ
589 1651 720 1705 Θεὸν
755 1651 1191 1721 άναφθέγγεταιο
1244 1652 1443 1716 Ἰούδας
1474 1653 1632 1724 μόνον
1659 1655 1860 1706 Δεσπό-

283 1760 384 1813 την
411 1741 599 1799 καλεῖ·
646 1743 740 1796 καὶ
765 1743 792 1796 6
820 1744 1110 1814 προφήτης
1157 1741 1342 1811 λέγει’
1387 1761 1406 1795 ι
1437 1744 1509 1796 Σὺ
1537 1740 1588 1796 εἷ
1617 1746 1644 1796 6
1677 1745 1809 1809 Θεὸς
1832 1747 1860 1798 6

283 1834 462 1888 ποιῶν
494 1816 812 1905 θαυμάσια,
856 1837 919 1889 σὺ
960 1829 1010 1887 εἷ
1055 1834 1214 1905 μόνος
1256 1834 1390 1899 Θεὸς
1434 1835 1648 1906 μέγας·
1698 1856 1718 1889 ι
1765 1838 1860 1890 καὶ

282 1924 552 1996 έτέρωθι”
592 1942 610 1975 ι
646 1921 739 1988 Εἷς
766 1926 939 1992 ἅγιος,
967 1919 1048 1987 εἷς
1074 1923 1277 1994 Κύριος
1313 1924 1520 1995 Ἰησοῦς
1549 1927 1800 1996 Χριστός.
1834 1947 1853 1978 ι

283 2016 422 2087 Περὶ
453 2015 510 2068 δὲ
535 2014 631 2068 τοῦ
649 2015 802 2084 ἁγίου
830 2017 1169 2087 Πνεῦματος,
1191 2015 1267 2078 ὡς
1286 2016 1412 2070 ὅταν
1440 2017 1668 2083 Παῦλος,
1685 2019 1712 2070 6
1740 2035 1862 2072 συν-

279 2109 456 2170 ἐσεως
477 2106 714 2178 πλήρης,
759 2107 984 2178 Πνεῦμα
1011 2109 1106 2162 τοῦ
1138 2109 1272 2162 Θεοῦ
1316 2109 1411 2163 καὶ
1439 2111 1671 2181 Πατρὸς,
1717 2111 1860 2164 καθὰ

285 2201 420 2271 ἡμῖν
443 2198 506 2252 τὸ
531 2198 688 2270 ἡμῶν
718 2198 959 2269 πνεῦμα,
985 2195 1123 2254 εῖναι
1146 2200 1274 2272 [178
1307 2200 1363 2272 α]
1407 2201 1540 2254 αὐτὸ
1569 2207 1853 2273 μαρτυρεῖ.

279 2292 394 2344 Καὶ
441 2291 603 2344 πάλιν
643 2290 878 2362 γράφειο
922 2309 941 2342 t
990 2291 1175 2345 Ταῦτα
1222 2292 1399 2347 πάντα
1445 2293 1658 2364 ἐνεργεί
1698 2293 1759 2346 τὸ
1800 2293 1858 2346 ἓν

278 2384 378 2435 καὶ
419 2383 481 2435 τὸ
529 2383 661 2436 αὐτὸ
705 2380 948 2453 Πνεῦμα,
987 2382 1228 2454 διαιροῦν
1264 2384 1368 2455 ἰδία
1400 2384 1636 2455 ἑκάστῳ,
1675 2384 1858 2448 καθὼς

278 2475 559 2546 βούλεται.
597 2495 616 2527 ι
644 2477 780 2546 Περὶ
812 2476 908 2546 μὲν
932 2476 1142 2546 σοφίας,
1177 2477 1253 2540 ὡς
1277 2476 1443 2553 ἡνίκα
1478 2476 1607 2548 περὶ
1635 2476 1733 2546 μὲν
1756 2478 1850 2530 τοῦ

279 2566 418 2620 Υἱοῦ
463 2567 493 2618 6
535 2566 924 2636 μνημονευθεὶς
975 2569 1301 2638 σεμνότατος
1347 2567 1550 2638 γράφει
1605 2567 1851 2632 Παῦλος⁸

282 2676 301 2710 ι
349 2657 592 2728 Χριστὸν
630 2657 761 2710 Θεὸν
803 2658 1054 2728 δύναμιν,
1096 2659 1191 2712 καὶ
1217 2658 1352 2713 Θεοῦ
1403 2659 1621 2728 σοφίαν·
1671 2678 1690 2712 ι
1735 2661 1852 2725 καὶ,

288 2753 381 2807 Ἐν
433 2772 480 2822 ῳ
526 2755 631 2806 είσι
675 2754 874 2818 πάντες
921 2756 970 2808 oi
1021 2754 1283 2825 θησαυροὶ
1343 2753 1443 2824 τῆς
1497 2754 1690 2820 σοφίας
1758 2756 1852 2808 καὶ

275 2843 538 2912 γνώσεως
615 2846 986 2916 ἀπόκρυφοι.»
1049 2845 1159 2898 Καὶ
1216 2843 1378 2898 Δαυῒδ
1437 2843 1656 2912 ψάλλει·
1705 2861 1724 2895 ι
1765 2845 1851 2908 Ὠς

1962 1674 2080 1712 rum
2151 1660 2318 1713 Deum
2365 1660 2478 1732 (55)
2535 1672 2591 1715 et
2662 1663 2993 1732 unigenitum
3047 1663 3212 1718 Deum
3272 1665 3415 1736 (56);
3467 1683 3533 1722 ac

1960 1748 2126 1804 Judas
2171 1751 2286 1822 (57)
2338 1767 2458 1805 eum
2509 1765 2667 1809 vocat
2725 1757 2894 1809 solum
2935 1757 3253 1824 Dominum;
3307 1767 3362 1812 et
3396 1757 3529 1814 Pro-

1960 1843 2120 1910 pheta
2151 1841 2360 1909 inquit:
2404 1859 2421 1893 ι
2457 1842 2536 1896 Tu
2585 1857 2642 1898 es
2666 1844 2778 1912 (58)
2822 1842 2962 1898 Dens
2997 1845 3203 1901 faciens
3243 1848 3532 1906 mirabilia.

1960 1927 2036 1981 Tu
2067 1943 2124 1982 es
2156 1927 2300 1982 solus
2342 1927 2484 1982 Deus
2535 1946 2796 1999 magnus;
2832 1950 2850 1982 ι
2885 1941 2939 1985 et
2967 1933 3093 1987 alibi
3125 1952 3137 1987 :
3185 1953 3202 1984 t
3239 1932 3391 1991 Unus
3417 1936 3531 2008 (59)

1959 2031 2202 2084 sanctus,
2231 2036 2369 2075 unus
2402 2021 2659 2076 Dominus
2681 2021 2836 2077 Jesus
2865 2024 3134 2080 Christus.
3177 2044 3196 2076 ι
3228 2027 3301 2082 De
3327 2027 3531 2097 Spiritu

1958 2121 2134 2164 autem
2159 2122 2348 2168 sancto
2383 2131 2393 2166 :
2425 2123 2480 2167 ut
2528 2129 2650 2166 cum
2701 2113 2897 2168 Paulus
2937 2114 3306 2185 intelligentia:
3343 2119 3533 2187 plenus

1960 2201 2221 2270 Spiritum
2253 2202 2346 2256 Dei
2377 2213 2430 2256 et
2461 2203 2639 2258 Patris
2673 2207 2746 2258 ita
2788 2205 2961 2259 eidem
2983 2206 3092 2275 (60)
3117 2222 3238 2262 esse
3279 2218 3530 2273 testatur,

1949 2277 2095 2347 sicut
2130 2295 2286 2349 nobis
2321 2307 2508 2349 noster
2530 2306 2612 2350 est
2642 2296 2906 2366 spiritus;
2945 2309 3139 2352 etcum
3177 2316 3365 2356 rursus
3397 2304 3531 2357 scri—

1956 2385 2064 2438 bit:
2093 2403 2110 2435 ι
2143 2384 2266 2439 llaec
2288 2387 2466 2440 omnia
2487 2387 2595 2457 (61)
2617 2399 2869 2455 operatur
2889 2404 3023 2444 unus
3045 2399 3101 2443 et
3121 2391 3256 2452 idem
3278 2393 3529 2463 Spiritus,

1955 2476 2196 2531 dividens
2223 2493 2465 2530 seorsum
2503 2479 2810 2547 unicuique,
2849 2489 3005 2548 prout
3037 2482 3166 2537 vult.
3196 2503 3214 2534 ι
3251 2484 3316 2538 Ει
3346 2487 3411 2540 de
3438 2487 3533 2538 Sa-

1953 2567 2153 2636 pientia
2179 2567 2428 2636 quidem:
2455 2578 2644 2622 utcuin
2663 2569 2728 2621 de
2745 2569 2881 2622 Filio
2897 2571 3110 2639 quidem
3136 2587 3530 2630 commemora-

1956 2669 2040 2712 tns
2071 2660 2421 2728 gravissimus
2461 2661 2543 2712 vir
2567 2659 2760 2713 Paulus
2797 2662 2984 2715 scribit
3013 2680 3025 2715 :
3057 2680 3074 2713 t
3116 2663 3386 2718 Christum
3413 2669 3525 2737 (6‘2!)

1951 2751 2044 2804 Dei
2065 2748 2175 2820 (65)
2194 2749 2462 2806 virtutem.
2481 2760 2534 2802 et
2553 2750 2641 2803 Dei
2659 2751 3010 2818 sapientiam;
3037 2772 3055 2803 ι
3079 2764 3159 2807 et:
3182 2772 3200 2805 t
3220 2753 3394 2824 lnquo
3412 2757 3526 2827 (64)

1949 2839 2110 2911 373
2144 2849 2267 2894 sunt
2313 2853 2502 2894 omnes
2563 2839 2800 2894 thesauri
2857 2839 3159 2907 sapientiae,
3191 2850 3246 2896 et
3287 2842 3528 2898 scicntizn

275 2936 625 3007 ὲμεγαλύνθη
673 2937 742 2991 τὰ
784 2936 921 3008 ἔργα
959 2953 1072 3002 σου,
1126 2937 1333 3008 Κύριεί
1375 2936 1559 2990 Πάντα
1601 2938 1658 2989 έν
1697 2936 1853 3006 σοφίᾳ

1961 2931 2280 2986 absconditi.
2311 2949 2331 2982 ι
2398 2930 2467 2984 Et
2507 2929 2674 2984 David
2721 2931 2898 2998 psallit
2947 2949 2961 2986 :
3000 2948 3018 2981 ι
3055 2930 3228 2998 Quam
3283 2936 3529 3002 magnili-

273 3028 614 3099 ὲποίησας.»
668 3028 779 3082 Καὶ
839 3029 914 3092 ὡς
968 3029 1193 3092 Ἡσαΐας
1267 3027 1632 3099 προφήτεύει·
1689 3045 1708 3079 ι
1747 3029 1854 3081 Καὶ

273 3119 440 3183 αὐτὸς
479 3119 645 3187 σοφὸς
675 3113 810 3189 ἦγεν
851 3120 935 3172 ἐπ’
967 3119 1164 3182 αὐτοὺς
1213 3119 1414 3173 κακά.ι
1468 3121 1604 3192 Περὶ
1651 3119 1708 3172 δὲ
1758 3119 1851 3173 τοῦ

272 3210 434 3277 ἁγίου
490 3208 838 3280 Πνεύματος,
888 3207 964 3270 ὡς
1023 3209 1152 3261 ὃταν
1216 3208 1438 3272 Ἡσαΐας
1492 3209 1848 3281 προφητεύῃ·

279 3319 296 3348 4
329 3296 562 3366 Πνεῦμα
601 3297 694 3349 τοῦ
737 3297 893 3360 Θεοῦ,
930 3296 1152 3368 Πνεῦμα
1201 3298 1392 3366 σοφίας
1427 3311 1520 3352 και
1556 3300 1847 3363 συνέσεως,

273 3387 506 3459 Πνεῦμα
561 3387 752 3458 βουλῆς
800 3389 894 3441 καὶ
941 3387 1144 3459 ἰσχύος,
1194 3389 1417 3460 Πνεῦμα
1466 3389 1719 3459 γνώσεως
1757 3391 1850 3444 καὶ

272 3479 623 3544 εὐσεϐείας.)
682 3479 816 3550 Περὶ
868 3479 925 3532 δὲ
983 3480 1290 3552 ἀφθαρσίας
1360 3481 1453 3534 καὶ
1513 3481 1845 3546 ἀθανασίας,

269 3570 600 3642 προείρηται
646 3567 742 3638 μὲν
787 3567 920 3638 ἤδη,
969 3568 1031 3619 οὐ
1081 3568 1263 3638 μέντοι
1323 3567 1522 3622 ἄτοπον
1571 3571 1666 3622 καὶ
1714 3570 1848 3624 ἄλλα

271 3656 652 3730 παραθέσθαισ
708 3656 782 3720 ὡς
831 3657 1022 3728 ἡνίκα,
1073 3657 1202 3728 περὶ
1255 3657 1354 3728 μὲν
1410 3656 1503 3710 τοῦ
1553 3658 1846 3729 ψυχοδότου

268 3747 637 3818 Μονογενοῦς,
679 3741 740 3800 οὗ
773 3749 834 3801 τὸ
861 3748 1037 3819 ὄμμα,
1073 3750 1165 3802 κα)⁸
1199 3751 1232 3820 ἡ
1283 3749 1442 3820 ἀκοὴ,
1487 3751 1582 3804 καὶ
1620 3753 1652 3822 ἡ
1699 3751 1843 3822 δίκη,

266 3844 363 3896 καὶ
420 3843 456 3911 ἡ
516 3839 897 3910 φιλανθρωπία
983 3838 1259 3912 πανταχοῦ
1323 3842 1624 3915 ἐφέστηκε,
1685 3844 1847 3898 Δαυῖδ

269 3934 531 4004 μελῳδεῖ·
568 3950 586 3983 ι
610 3931 682 3984 Σὺ
716 3933 745 3985 6
781 3931 941 3996 αὐτὸς
970 3928 1038 3998 εἷ,
1073 3935 1166 3986 καὶ
1199 3933 1267 3986 τά
1297 3933 1389 4004 ἔτη
1421 3951 1514 3988 σου
1541 3937 1641 3988 οὐκ
1672 3935 1846 3989 ἐκλεί-

265 4025 494 4093 ψουσινο
518 4043 537 4077 ι
577 4024 692 4087 καὶ,
731 4042 749 4075 ι
779 4025 874 4087 Εἰς
914 4025 1006 4078 τὸν
1048 4025 1242 4088 αἰῶνα,
1270 4024 1462 4097 Κύριε,
1495 4029 1524 4082 6
1561 4026 1716 4097 λόγος
1748 4044 1844 4081 σου

264 4116 518 4183 διαμένει
567 4117 624 4168 ὲν
664 4115 741 4187 τῷ
773 4115 1005 4186 οὐρανῷ.
1034 4136 1052 4170 ι
1104 4119 1239 4189 Περὶ
1268 4117 1326 4171 δὲ
1355 4118 1448 4171 τοῦ
1479 4118 1634 4187 ἁγίου
1677 4117 1846 4172 Πνεύ-

267 4226 464 4279 ματος,
493 4207 588 4261 τοῦ
623 4207 691 4262 τὰ
722 4206 1011 4278 σύμπαντα
1039 4209 1348 4278 τρέφοντος,
1379 4211 1471 4263 καὶ
1505 4210 1679 4274 θείαις
1701 4211 1846 4263 ἀκτῖ-

1955 3031 2073 3076 cata
2103 3021 2216 3092 (65)
2253 3031 2377 3076 sunt
2398 3037 2561 3091 opera
2588 3031 2698 3088 tua,
2729 3022 2978 3078 Domine!
3001 3023 3192 3078 Omnia
3215 3027 3268 3079 in
3302 3024 3528 3097 Sapien-

1956 3115 2026 3168 tia
2088 3115 2298 3179 fecisti;
2338 3132 2356 3165 ι
2416 3124 2472 3169 et
2525 3125 2584 3170 ut
2631 3115 2797 3168 Isaias
2845 3115 3106 3184 prOplIcta
3165 3117 3372 3186 inquit:
3415 3119 3528 3173 «Et

1954 3206 2065 3274 ipse
2101 3203 2211 3274 (66)
2243 3204 2460 3274 sapiens
2488 3204 2707 3259 adduxit
2739 3219 2900 3274 super
2931 3220 3024 3260 cus
3057 3205 3216 3263 mala.
3247 3226 3266 3258 ι
3307 3207 3382 3262 De
3400 3209 3524 3276 Spi-

1953 3299 2057 3351 ritu
2095 3307 2273 3351 autem
2331 3307 2555 3352 sancto:
2592 3307 2652 3352 ut
2683 3314 2804 3353 cum
2825 3296 2988 3352 Isaias
3014 3299 3332 3369 prophetat:
3362 3318 3382 3353 ι
3407 3303 3528 3372 Spi-

1952 3389 2093 3442 ritus
2125 3388 2214 3442 Dei
2246 3387 2381 3458 (67),
2421 3387 2656 3456 Spiritus
2718 3388 2992 3456 sapientiae
3025 3397 3078 3440 et
3135 3388 3521 3459 intelligentiae,

1951 3479 2188 3549 Spiritus
2222 3479 2433 3533 consilii
2463 3489 2519 3533 et
2550 3478 2910 3540 fortitudinis,
2946 3477 3180 3548 Spiritus
3213 3481 3452 3535 scientiae
3468 3492 3524 3537 et

1949 3570 2186 3639 pietatis.
2216 3589 2235 3622 ι
2279 3569 2355 3624 De
2383 3569 2893 3636 incorruptibilitate
2936 3587 3082 3635 vero,
3135 3582 3190 3626 et
3241 3574 3521 3627 immorlao-

1949 3659 2104 3714 litate
2135 3669 2296 3712 antea
2351 3658 2570 3726 quidem
2627 3659 2830 3712 dictum
2885 3659 2997 3726 jam
3039 3659 3167 3722 fuit,
3199 3674 3304 3712 non
3343 3669 3521 3714 tamen

1952 3750 2251 3805 absurdum
2282 3751 2385 3804 erit
2417 3749 2518 3802 alia
2555 3749 2717 3802 etiam
2744 3763 3055 3818 apponere:
3093 3759 3151 3804 ut
3177 3764 3298 3804 cum
3345 3749 3410 3803 de
3441 3753 3520 3803 vi-

1950 3842 2197 3896 viﬁcante
2233 3840 2520 3909 Unigenito
2550 3838 2682 3911 (68),
2703 3840 2858 3909 eujus
2887 3840 3097 3903 oculus,
3127 3848 3181 3894 et
3210 3841 3444 3908 auditus,
3463 3852 3519 3896 et

1942 3933 2175 4002 iustitia,
2202 3943 2258 3987 et
2283 3933 2588 4002 benignitas
2633 3933 2832 4002 ubique
2872 3932 3049 3988 elucet
3085 3946 3149 3987 ac
3179 3943 3378 3998 manet,
3411 3934 3518 3988 Da-

1947 4025 2034 4079 vid
2065 4025 2214 4078 canit
2242 4041 2256 4078 :
2297 4042 2316 4075 ι
2355 4022 2434 4078 Tu
2466 4023 2608 4080 idem
2638 4023 2749 4096 (69)
2779 4039 2857 4091 es,
2891 4033 2946 4078 et
2977 4023 3102 4077 anni
3133 4023 3209 4076 tui
3238 4039 3343 4078 non
3377 4025 3514 4078 deh—

1943 4117 2115 4183 cient;
2137 4135 2156 4168 ι
2178 4126 2260 4172 et:
2285 4133 2304 4167 t
2329 4114 2385 4170 In
2407 4117 2660 4172 saeculum
2687 4117 2820 4189 (70),
2848 4116 3092 4179 Domine,
3113 4116 3344 4171 Verbum
3367 4127 3514 4170 tuum

1948 4219 2232 4278 permanet
2260 4209 2312 4263 in
2343 4208 2503 4264 caelo.
2529 4227 2550 4260 ι
2581 4208 2657 4264 De
2691 4209 2894 4278 Spiritu
2949 4218 3129 4262 autem
3164 4218 3374 4273 sancto,
3423 4209 3514 4277 qui

266 4317 319 4352 σι
353 4297 830 4369 καταλάμποντος,
861 4301 956 4352 καὶ
985 4300 1088 4362 ἕως
1120 4301 1214 4353 καὶ
1261 4303 1354 4354 ἐπὶ
1391 4303 1518 4366 τοὺς
1555 4301 1844 4355 ἀπολειπο-

1953 4301 2125 4356 Dmnia
2180 4300 2300 4370 alit,
2353 4310 2408 4357 et
2462 4301 2661 4357 divinis
2710 4304 2874 4358 radiis
2920 4302 3156 4356 illustrat
3233 4317 3297 4356 ac
3339 4301 3420 4356 vel
3461 4303 3513 4357 iu

335 4543 711 4618 (δελνεηιπι.
738 4548 944 4614 Codex,
972 4546 1191 4618 ἄληθες,
1219 4556 1670 4618 prOparoxytone.
1707 4549 1839 4604 Vide

263 4615 386 4685 pag.
419 4615 545 4678 161,
580 4627 688 4685 ιιοιΖ
730 4618 818 4670 15.

334 4681 457 4754 (53)
501 4688 623 4740 Aut.
661 4683 864 4749 Codex,
917 4687 972 4755 ἡ.
1032 4684 1473 4761 Legendutmvel
1526 4681 1582 4761 ᾖ,
1635 4687 1686 4742 id
1735 4696 1837 4750 est,

269 4774 287 4804 ι
323 4772 432 4876 qlua
471 4761 697 4820 ratione,
722 4773 828 4825 quo
848 4761 1005 4811 modo
1031 4773 1044 4809 :
1073 4775 1091 4807 ι
1126 4755 1210 4808 vel
1239 4755 1296 4824 ἡ,
1328 4755 1380 4809 id
1411 4766 1513 4823 est,
1533 4755 1569 4808 ἰ
1592 4767 1702 4822 aut,
1731 4775 1748 4808 ι
1781 4767 1840 4812 ιιι

269 4836 317 4876 et
368 4840 497 4876 e20.

263 4836 317 4876 et
352 4836 497 4889 tego.

337 4895 454 4963 (54)
493 4893 598 4958 Qui
627 4895 876 4948 extendit.
912 4891 1011 4947 Job
1042 4893 1204 4963 IX,78.

333 4962 456 5032 (55)
506 4963 688 5017 Verum
728 4965 912 5017 Deum.
951 4964 1042 5032 Ep.
1078 4962 1276 5016 lJoan.
1307 4977 1361 5025 ν,
1394 4963 1484 5019 20.

333 5032 1198 5155 (567)6UnigenimmDeum.Joan.
1234 5048 1270 5097 I,
1306 5033 1394 5088 18.
1434 5034 1561 5089 Vide
1599 5043 1709 5088 not.
1750 5035 1836 5100 15,

333 5120 383 5155 ιι.
496 5140 512 5155 .

259 5117 383 5170 pag.
420 5117 512 5155 ’10.

332 5174 454 5240 (57)
480 5170 672 5225 ludas.
711 5171 866 5225 Vers.
899 5172 956 5225 4.

332 5174 428 5240 (57
480 5174 672 5225 ludas.
711 5174 866 5225 Vers.
899 5174 956 5225 4.

331 5174 684 5360 (istarum.
735 5240 877 5297 Psal.
920 5255 1118 5305 Lxxxv,
1154 5242 1187 5297 9
1216 5243 1329 5311 (seu
1365 5242 1478 5313 10).
1521 5241 1624 5298 Sed
1669 5243 1835 5298 Bihlia

295 5311 626 5363 aulo'aliter.

257 5326 423 5379 paulo
453 5326 626 5363 auter.

329 5380 452 5447 (59)
488 5378 656 5450 Unus.
691 5377 826 5433 Vide
858 5389 968 5432 not.
1010 5379 1098 5440 10,
1130 5396 1252 5450 pag.
1284 5382 1408 5434 367.

327 5450 450 5516 (60)
487 5449 691 5502 Eidem.
718 5451 917 5513 Codex,
946 5451 1102 5504 αὑτό.
1132 5449 1456 5505 Cum-iunior
1477 5453 1683 5506 videtur
1711 5467 1836 5506 scn-

255 5521 454 5582 ιειιιὶει,
552 5520 791 5588 legamus
811 5519 978 5588 αὐτῷ.

325 5588 448 5657 (61)
490 5587 839 5642 Ηαιείοηιιιὶα.
877 5588 893 5639 l
931 5587 1064 5643 Cor.
1103 5605 1198 5651 xu,
1245 5589 1304 5642 11

324 5660 446 5727 (6'2)
478 5659 758 5712 Christum.
797 5661 812 5711 1
844 5658 968 5711 Cur.
997 5675 1035 5720 ι,
1068 5660 1158 5712 24.

327 5728 452 5798 (65)
492 5729 604 5784 Dei.
653 5729 862 5797 Codex,
914 5729 1076 5796 Θεόν,
1126 5731 1175 5784 id
1207 5740 1322 5796 est,
1375 5751 1390 5781 t
1437 5729 1618 5785 Deum.
1659 5751 1674 5780 ι
1722 5730 1824 5784 Sed

1946 4550 2221 4611 mendose,
2272 4563 2392 4601 nam
2425 4559 2480 4602 et
2520 4548 2685 4602 Biblia
2711 4557 2764 4600 et
2795 4547 3050 4616 Didymus
3078 4548 3190 4615 ipse
3219 4563 3360 4617 satpe
3383 4550 3510 4606 alibi

1945 4621 2146 4672 habent
2185 4617 2342 4681 Θεοῦ,
2375 4619 2426 4670 id
2455 4630 2558 4681 e51,
2592 4638 2610 4668 ι
2650 4619 2762 4670 Dei.
2794 4636 2813 4668 ι

2017 4689 2128 4758 (6i)
2168 4688 2232 4741 In
2271 4705 2392 4757 quo.
2444 4688 2652 4743 Coloss.
2693 4702 2764 4758 II,_
2798 4687 2850 4739 5.

2161 4755 2331 4829 Quam
2364 4758 2719 4829 magniﬁcam.
2748 4755 2888 4829 l’sal.
2927 4769 3044 4819 CIII,
3071 4755 3141 4810 25
3177 4757 3291 4827 (seu
3321 4757 3436 4829 24).

2015 4828 2124 4896 (66)
2163 4827 2229 4879 Et
2259 4828 2524 4896 ipsealsa.
2561 4842 2709 4886 XXXI,
2742 4827 2796 4881 2.

2013 4894 2124 4969 (67)
2143 4897 2369 4969 Spiritus
2384 4895 2498 4950 Dei.
2535 4897 2637 4950 lsa.
2663 4913 2744 4969 7X],
2763 4896 2814 4969 ‘2.
2834 4894 3018 4969 (ξιξερο
3045 4894 3209 4949 editio
3243 4911 3339 4965 pro
3372 4898 3506 4951 Θεοῦ

1944 4965 2362 5045 habet‘K‘upio‘u,
2396 4969 2446 5018 id
2473 4976 2574 5045 est,
2608 4985 2626 5045 ι
2659 4966 2886 5045 Domini.
2911 4983 2928 5015 ι

2014 5036 2128 5104 (68)
2169 5034 2472 5106 Yiviﬁcaute
2517 5035 2810 5102 Unigenito.
2863 5034 2917 5086 ln
2949 5034 3158 5106 Graeco,
3190 5034 3503 5106 ψυχοδότου,

1943 5105 1992 5159 id
2025 5103 2140 5167 est,
2175 5103 2558 5174 ψυχοδοτῆρος,
2594 5120 2810 5174 nempe,
2840 5121 2858 5152 ι
2882 5105 3181 5174 animarum
3207 5103 3415 5160 daturis
3447 5124 3500 5162 τι

1942 5187 1999 5227 ιιι
2027 5176 2078 5228 in
2119 5175 2313 5242 Orphei
2361 5173 2556 5242 hymno
2587 5189 2733 5235 LXVI,
2773 5173 3058 5242 ὀλϐοδότης
3086 5184 3167 5226 est
3202 5193 3220 5225 t
3249 5179 3504 5242 pet-unia-

1941 5259 2057 5296 rum
2110 5241 2266 5297 dator
2298 5258 2310 5292 :
2343 5261 2361 5292 ι
2398 5241 2448 5296 et
2493 5245 2690 5314 hytnno
2732 5257 2893 5314 xvu:
2926 5241 3282 5314 πλουτοδότης
3321 5263 3339 5296 ι
3365 5247 3502 5298 ιιινὶ-

1939 5315 2132 5366 tiarum
2177 5313 2370 5366 dator:
2406 5330 2424 5362 ι
2463 5325 2517 5366 et
2562 5313 2816 5380 Didymus
2854 5313 2992 5380 ip-e,
3037 5328 3160 5381 pag.
3218 5313 3340 5377 195,
3375 5318 3494 5370 ait:

1938 5383 2256 5454 7:0v10861n.
2306 5383 2474 5454 Porro
2508 5387 2761 5454 eumdem
2797 5382 3012 5435 Christo
3053 5383 3267 5454 titulum
3311 5387 3498 5439 tribuit

1938 5450 2259 5507 Prudentius
2303 5453 2353 5503 in
2401 5450 2820 5517 llamartigenia,
2849 5467 3004 5504 versu
3044 5452 3166 5514 931,
3202 5455 3292 5520 qui
3328 5459 3404 5506 sic
3440 5471 3500 5506 se

1938 5523 2098 5574 habet
2131 5538 2144 5573 :
2186 5521 2266 5575 t0
2294 5521 2397 5574 Dee
2439 5522 2841 5586 cunctiparens,
2886 5521 3082 5575 anima:
3126 5527 3303 5588 datur,
3329 5543 3360 5576 υ
3393 5527 3497 5578 Dee

1934 5591 2164 5644 Christe.
2201 5611 2219 5641 ι
2249 5591 2486 5657 Respicit
2519 5599 2695 5642 autem
2733 5591 2869 5644 Gen.
2902 5606 2965 5652 II,
3002 5591 3051 5644 7.

2004 5660 2114 5726 (69)
2147 5659 2221 5712 Tu
2250 5662 2407 5712 idem.
2442 5661 2581 5713 l‘sal.
2609 5677 2682 5722 Cl,
2714 5662 2804 5713 ‘28.

2003 5733 2114 5798 (in)
2148 5730 2210 5782 In
2240 5733 2506 5784 srt'cttlum.
2546 5731 2684 5786 l‘sal.
2731 5745 2914 5796 mm,
2943 5728 3031 5804 89.
