4060 6406
645 278 741 331 εῗί

1884 273 2118 328 DlDYMl
2163 272 2628 331 ALEXANDRINI

3739 281 3821 335 879.

644 411 741 450 eos
770 393 909 462 (71),
937 393 1031 463 qui
1064 407 1092 446 a
1128 392 1307 446 divina
1349 404 1467 461 tege
1510 390 1788 454 deﬁciunt,
1823 391 2136 446 misericors
2167 407 2205 444 Cl

2329 393 2526 464 μένους
2553 393 2647 446 τοῦ
2691 393 2836 447 θείου
2882 392 3048 464 νόμου
3091 389 3570 463 μακροθυμῶντος,
3597 393 3653 444 ἵν’
3677 394 3706 465 ἢ
3730 399 3824 451 ἐπι-

642 481 858 550 patiens
888 491 995 544 est,
1024 487 1200 533 utaut
1232 487 1620 532 convertamur
1649 475 1760 545 (72)
1784 515 1802 542 ,
1855 486 1949 530 aut
1981 476 2128 542 justo
2161 478 2212 530 in

642 570 816 624 altera
868 568 980 622 vita
1038 567 1303 636 supplicio
1350 568 1679 636 puniantur:
1712 575 1771 620 ιιι
1805 581 1927 620 cum
1956 567 2032 620 ait
2063 566 2212 621 Seri-

641 668 833 729 ptura:
889 673 910 708 ι
947 655 1014 710 Et
1056 657 1403 723 incorruptus.
1451 654 1564 725 (75)
1622 664 1742 707 tuus
1771 654 2009 723 Spiritus
2037 663 2120 708 est
2161 654 2212 708 in

642 749 918 806 omnibus.
945 767 966 800 ι
1007 746 1080 802 Iis
1105 757 1284 802 autem
1313 747 1400 815 qui
1453 747 1606 800 aiunt
1632 762 1645 800 :
1673 743 1928 816 Nunquid
1955 758 2084 815 ergo
2107 746 2218 798 ani-

642 855 769 907 ma:,
802 848 858 895 et
881 839 1056 908 angeli
1107 839 1440 893 immortales
1483 852 1588 891 non
1619 847 1765 903 sunt,
1797 845 1852 891 et
1886 835 2218 890 invisibiles?

645 932 722 986 ita
747 931 1147 986 occurrendum
1185 939 1268 984 est
1299 946 1312 983 :
1354 930 1507 996 Quod
1536 938 1747 998 spectat
1792 927 1858 980 ad
1899 927 2215 983 immortali-

645 1032 832 1090 tatem,
865 1023 1100 1094 primum
1159 1021 1374 1090 quidem
1408 1020 1510 1074 hoc
1550 1021 1709 1073 modo
1747 1037 1761 1072 :
1795 1033 1988 1089 nempe
2023 1019 2214 1073 horum

644 1115 1022 1171 immortalitas
1054 1113 1166 1184 (74)
1196 1115 1385 1168 eadem
1438 1125 1780 1180 nequaquam
1814 1120 1896 1165 est
1951 1125 2072 1165 cum
2106 1111 2216 1178 pri-

645 1204 830 1257 mitiva
874 1213 928 1258 et
962 1202 1168 1257 inﬁnita
1210 1199 1637 1265 immortalitate,
1670 1200 1763 1254 sed
1791 1197 2212 1269 longeint‘erior,

646 1304 868 1363 tamque
900 1295 1136 1360 diversa,
1192 1308 1355 1360 quam
1394 1301 1645 1346 creatura
1674 1305 1704 1344 a
1735 1289 2028 1344 Creatore:
2057 1299 2216 1358 atque

646 1381 751 1436 hac
785 1380 850 1435 dc
911 1395 1077 1434 causa
1133 1378 1281 1433 solus
1318 1378 1518 1433 habere
1569 1379 2032 1433 immortalitatem
2076 1379 2216 1433 Deus

645 1475 863 1540 dicitur,
899 1485 956 1528 ut
983 1488 1313 1544 cognoscere
1339 1474 1494 1528 facile
1539 1489 1844 1542 possumus,
1879 1475 1925 1529 si
1966 1475 2215 1529 conside-

643 1581 844 1631 remus,
872 1565 1074 1619 nullum
1108 1581 1175 1619 ex
1206 1567 1290 1619 his
1321 1580 1495 1634 neque
1548 1580 1761 1631 creare,
1799 1580 1896 1619 nec
1937 1565 2218 1620 immorta-

643 1657 852 1711 litatem
877 1657 1060 1728 largiri
1097 1672 1277 1727 posse,
1316 1658 1460 1712 sicut
1485 1657 1634 1712 solus
1659 1657 1964 1722 invisibilis,
1984 1668 2038 1713 et
2058 1667 2218 1712 auer-

643 1764 744 1803 nus
783 1749 1124 1819 Unigenitns,
1157 1759 1212 1804 et
1262 1747 1502 1820 Spiritus
1549 1759 1774 1805 sanctus
1803 1760 1977 1815 creat,
2027 1761 2081 1805 et
2113 1751 2213 1804 im-
2245 1778 2288 1834 Β

642 1839 897 1894 mortales
927 1839 1125 1894 reddit.

714 1931 834 1984 Alio
862 1940 1041 1984 autem
1075 1928 1232 1983 modo
1255 1928 1335 1983 sic
1366 1945 1381 1983 :
1409 1928 1618 1984 Anima:
1649 1937 1702 1984 et
1733 1929 1909 2000 angeli
1939 1939 2064 1985 sunt
2093 1946 2216 1986 cum

2322 483 2663 556 στρέψωμεν,
2703 485 2736 555 ἢ
2775 485 2953 538 ὲκεῖσε
3000 482 3270 554 τιμωρίαν
3305 481 3592 552 ὑπόσχωσιν
3620 485 3673 536 οὐ
3711 503 3824 558 μεμε

2316 575 2486 646 πτήν’
2515 575 2590 639 ῶς
2615 576 2744 630 ὅταν
2772 575 2937 649 λέγῃ·
2967 591 2990 625 ο
3008 574 3119 627 Καὶ
3149 574 3211 626 τὸ
3240 573 3506 645 ἄφθαρτον
3529 591 3611 627 σου
3639 575 3827 648 Πνεῦμα

2314 667 2460 719 ἐστιν
2490 666 2548 719 ὲν
2583 668 2768 722 πᾶσιν.
2821 685 2841 720 ι
2887 667 3011 729 Τοῖς
3051 665 3107 719 δὲ
3155 663 3422 733 λέγουσιν,
3469 664 3573 718 Οὐκ
3607 665 3726 720 εἰσὶν
3753 663 3827 720 οὖν

2316 759 2373 813 αἱ
2432 757 2602 829 ψυχαὶ¹
2653 758 2749 813 καὶ
2793 758 2844 812 οι
2902 755 3125 825 ἄγγελοι
3173 755 3430 809 ἀθάνατοι
3485 755 3570 809 καὶ
3617 756 3827 826 adparat;

2315 851 2652 922 ἀπαντητέον
2684 851 2855 915 οὕτως
2874 866 2887 880 ·
2925 850 3070 921 Πρὸς
3113 848 3174 903 τὸ
3204 847 3466 903 ἀθάνατον
3512 847 3703 918 πρῶτον
3731 848 3828 900 καθ’

2314 943 2411 997 ἕνα
2463 944 2563 1014 μὲν
2613 942 2812 1014 τρόπον
2836 985 2850 1006 ,
2895 943 2977 996 ὅτι
3028 943 3094 1013 τῇ
3155 939 3484 1012 πρωτουργῷ
3529 940 3614 993 καὶ
3657 941 3827 1011 ἀπείρῳ

2317 1032 2445 1106 [178
2469 1033 2520 1106 b]
2557 1033 2828 1103 ἀθανασίᾳ
2861 1033 3128 1103 ήτούτων
3163 1031 3414 1102 οὐδαμῶς
3453 1033 3694 1090 κοινωνεῖ.
3729 1031 3813 1084 ὑπο

2315 1123 2580 1195 ϐεϐηκυῖα
2628 1125 2722 1178 καὶ
2775 1122 3107 1194 διωρισμένη
3158 1123 3399 1192 ἐκείνης.
3449 1121 3564 1174 ὅσον
3612 1121 3830 1192 δημιούρ-

2316 1231 2471 1285 γημα
2511 1213 2872 1284 Δημιουργοῦ.
2910 1214 3018 1266 Καὶ
3053 1211 3140 1264 διὰ
3178 1210 3335 1263 τοῦτο
3369 1209 3521 1281 μόνος
3558 1209 3688 1279 ἔχειν
3729 1209 3835 1263 ἀθα-

2316 1306 2505 1361 νασίαν
2533 1307 2561 1359 ὁ
2589 1305 2720 1368 Θεὸς
2749 1304 2959 1375 ἐλέχθη.
2987 1303 3062 1367 ὡς
3107 1302 3222 1356 ἔστι
3266 1301 3464 1370 γνῶναι
3495 1300 3677 1371 ῥᾴδιον,
3705 1301 3834 1370 είπερ

2316 1400 2396 1463 εἰς
2430 1397 2554 1452 νοῦν
2583 1396 2897 1468 βαλοίμεθα,
2929 1396 3010 1448 ὅτι
3044 1393 3247 1448 τούτοιν
3276 1393 3445 1452 οὐδὲν,
3471 1391 3589 1444 οὒτε
3617 1391 3835 1462 δημιουρ-

2315 1491 2454 1559 γεῖν,
2488 1487 2611 1542 οὔτε
2654 1485 2952 1541 ἀθανασίαν
2990 1486 3246 1556 χορηγεῖν
3276 1482 3514 1545 δύναται,
3550 1481 3620 1543 ὼς
3645 1481 3671 1531 ὁ
3707 1478 3835 1548 μόνης

2316 1581 2547 1653 ἀόρατος
2571 1578 2664 1632 καὶ
2690 1576 2902 1639 αἰώνιος
2926 1575 3256 1645 Μονογενὴς,
3277 1572 3372 1626 καὶ
3395 1573 3456 1625 τὸ
3484 1573 3628 1639 ἅγιον
3648 1569 3834 1641 Πνεῦμα

2315 1671 2659 1742 δημιουργεῖ,
2689 1668 2785 1722 καὶ
2812 1666 3112 1729 ἀθανάτους
3146 1661 3562 1727 κατασκευάζει.

2382 1934 2518 1989 Καθ’
2540 1934 2723 2005 ἕτερον
2761 1933 2845 1996 δὲ,
2878 1933 2960 1986 ὅτι
2991 1932 3045 1985 αί
3079 1929 3251 2002 ψυχαὶ
3303 1930 3397 1984 καὶ
3427 1930 3477 1984 oi
3525 1927 3725 1998 ἄγγελοί
3753 1926 3837 1980 εἱσι

2311 2024 2407 2078 καὶ
2443 2023 2702 2078 ἀθάνατοι
2743 2023 2887 2077 κατὰ
2919 2022 2981 2075 τὸ
3014 2020 3316 2093 ἀνώλεθρον
3348 2023 3445 2076 καὶ
3481 2019 3737 2091 ἄφθαρτον
3761 2018 3840 2087 τῆς

2312 2117 2532 2181 οὐσίας,
2578 2116 2673 2170 καὶ
2735 2114 2922 2184 θνητοὶ
2963 2113 3105 2167 κατὰ
3159 2113 3223 2167 τὺ
3267 2111 3584 2184 φθείρεσθαί
3632 2127 3745 2163 ποτε
3786 2109 3837 2178 τῇ

2312 2205 2525 2279 γνώμῃ.
2565 2204 2696 2258 Ἀπὸ
2737 2205 2846 2275 γὰρ
2891 2199 3098 2276 τροπῆς
3138 2203 3286 2256 ἔστιν
3331 2203 3424 2256 ὅτε
3474 2201 3745 2256 πίπτουσιν
3777 2200 3840 2259 εἰς

2313 2297 2608 2368 ἁμαρτίαν,
2654 2296 2714 2360 ἐξ
2762 2291 2829 2369 ἦς
2881 2296 3173 2367 ἐπέρχεται
3222 2297 3249 2348 ὁ
3283 2295 3544 2358 θάνατος’
3577 2291 3689 2347 καθ’
3729 2291 3780 2344 ὃν
3818 2291 3840 2342 ὁ

2314 2387 2526 2450 Παῦλος
2574 2386 2778 2458 γράφει
2800 2403 2814 2419 ο
2865 2403 2884 2436 ι
2914 2386 3024 2438 Καὶ
3059 2387 3092 2456 ὴ
3134 2384 3464 2438 σπαταλῶσα
3514 2383 3650 2454 χήρα
3681 2379 3842 2448 τέθνη-

2313 2496 2436 2533 κεν·
2471 2497 2489 2531 ι
2537 2478 2740 2550 καίπερ
2787 2477 2957 2549 μήπω
3007 2477 3100 2531 τὸν
3151 2477 3280 2548 τῇδε
3343 2474 3690 2539 ὑπαλλάξασα
3731 2471 3840 2542 βίον,

2313 2568 2458 2623 καθὰ
2488 2568 2593 2640 ἤδη
2623 2569 2679 2621 ὲν
2712 2567 2790 2638 τῷ
2831 2567 2963 2638 περὶ
2995 2566 3091 2619 τοῦ
3120 2567 3275 2635 ἁγίου
3301 2567 3615 2636 Πνεύματος
3640 2561 3840 2632 ὲξηγήθη

642 2021 974 2077 immortales
1001 2023 1177 2090 quoad
1225 2023 1619 2078 immunitatem
1657 2038 1688 2076 a
1725 2033 1899 2078 morte
1945 2027 2220 2081 essentia:-

642 2128 750 2183 que
803 2113 1406 2183 int-orruptibilitatem,
1466 2124 1578 2168 tum
1639 2116 1915 2181 mortales,
1954 2127 2219 2185 quatenus

644 2215 823 2260 mente
853 2206 1144 2273 aliquando
1170 2215 1594 2275 corrumpuntur
1628 2223 1643 2272 ;
1676 2221 1796 2258 nam
1832 2222 1894 2260 ex
1926 2207 2219 2263 mutatione

640 2307 747 2364 est,
782 2297 946 2370 374
969 2299 1185 2367 quando
1211 2298 1464 2352 labuntur
1487 2299 1537 2352 in
1571 2307 1873 2368 peccatum,
1905 2314 1970 2353 ex
1998 2314 2104 2368 quo
2127 2314 2219 2353 su-

641 2392 886 2458 pervenit
919 2405 1100 2445 mors:
1151 2405 1260 2456 quo
1300 2405 1461 2445 sensu
1517 2389 1715 2444 Paulus
1759 2391 1978 2446 scribit:
2012 2409 2030 2442 (
2068 2390 2134 2446 Ει
2165 2391 2218 2445 in

641 2479 981 2549 deliciis(75)
1011 2479 1196 2535 vivens
1222 2480 1403 2541 vidua,
1435 2488 1646 2533 mortua
1675 2489 1787 2545 est;
1822 2496 1839 2529 ι
1879 2480 1976 2533 etsi
2004 2494 2066 2534 ea
2085 2496 2222 2535 non-

639 2569 769 2623 dum
804 2586 869 2623 ex
904 2571 1004 2625 hac
1037 2569 1146 2624 vita
1201 2569 1540 2639 migraverit,
1573 2569 1712 2624 sicut
1755 2567 1866 2636 jam
1894 2570 2216 2640 explicatum

639 2671 722 2715 est
743 2659 857 2732 (76)
890 2661 942 2714 itt
972 2661 1110 2715 libro
1140 2658 1277 2730 (7'7),
1316 2667 1410 2714 aut
1443 2657 1590 2728 λόγῳ
1617 2658 1728 2729 (78)
1768 2658 1834 2712 d‘e
1857 2657 2060 2729 Spiritu
2091 2675 2214 2716 San-

712 2844 826 2916 (71)
854 2842 932 2899 Ac
959 2845 1034 2916 vel
1062 2845 1118 2898 in
1158 2861 1264 2899 eos.
1284 2844 1512 2916 Δ(Σοιὶιὶιι,
1544 2843 1639 2898 και¹
1672 2842 1780 2916 ἕως
1815 2841 1912 2898 καὶ
1932 2841 2212 2916 ίὲπὶᾲτοῠς,

638 2924 694 2968 et
726 2913 955 2983 reliqua.
985 2914 1091 2968 Sed
1121 2924 1241 2981 post
1269 2913 1377 2978 ἕως
1413 2915 1853 2983 videtur-deesse
1895 2913 2120 2982 aliquid,
2147 2929 2212 2971 ac

637 2982 900 3054 praeterea
932 2985 1235 3053 legendum,
1270 2984 1365 3037 ἐπὶ
1387 2986 1500 3043 τοῖς
1529 2982 2001 3054 ἀπολειπομένοις.

711 3055 823 3127 (72)
859 3052 1260 3127 Convertuntur.
1283 3055 1486 3127 Codex.
1513 3052 1928 3127 ἐπιστρέψωμεν
1957 3055 2008 3107 in
2034 3053 2204 3127 prima

641 3120 892 3191 persona,
918 3132 1029 3176 tum
1062 3122 1371 3192 ὑπόσχωσιν
1406 3124 1459 3177 ἰιι
1501 3120 1691 3178 tertia.
1720 3120 2053 3178 Alterutrum
2097 3120 2208 3177 fur-

641 3201 790 3248 tasse
814 3195 1129 3246 mendosum
1161 3206 1261 3246 est.

712 3263 824 3334 (T5)
849 3261 917 3334 Et
953 3264 1303 3329 incorruptus.
1340 3261 1469 3334 sap.
1506 3277 1606 3324 xu,
1637 3261 1692 3315 1.

711 3330 825 3403 (71)
874 3333 1082 3403 ﬂorum
1133 3332 1521 3403 immortalitas,
1577 3342 1684 3403 etc.
1745 3332 1958 3403 Similia
2018 3330 2207 3387 scribit

638 3401 956 3458 Ambrosius
975 3402 1069 3456 lib.
1105 3417 1164 3456 ιιι
1194 3401 1268 3455 De
1291 3401 1413 3469 ﬁde,
1440 3415 1565 3470 cap.
1613 3402 1666 3466 5,
1696 3418 1847 3457 num.
1873 3402 1939 3457 l9
1965 3410 2020 3458 et
2047 3416 2201 3470 seqq.

639 3474 973 3543 Augustinus
995 3471 1242 3543 verojlih.
1268 3470 1381 3543 tDe
1417 3469 1695 3535 Trinitate,
1729 3488 1877 3527 num.
1914 3473 1950 3526 2
1983 3488 1997 3525 :
2029 3469 2202 3525 «Vera

642 3541 1045 3603 immortalitas,
1067 3559 1086 3593 ο
1133 3541 1327 3608 inquit,
1361 3560 1381 3590 ι
1405 3543 1922 3596 incommutabilitas
1939 3551 2042 3598 est.
2073 3560 2093 3594 ι

711 3613 831 3682 (75),
864 3611 929 3682 Et
982 3615 1043 3682 ιιι
1070 3611 1310 3682 deliciis.
1347 3609 1362 3663 I
1395 3609 1536 3682 Tim.
1587 3626 1641 3674 ν,
1683 3613 1733 3666 6.
1785 3611 1954 3666 Biblia
1990 3627 2004 3662 :
2048 3610 2112 3664 Ἦ
2147 3609 2204 3664 δὲ

641 3679 996 3752 σπαταλῶσα,
1025 3679 1175 3752 ζῶσα
1207 3680 1458 3752 τέθνηκε,
1489 3679 1539 3733 id
1574 3691 1676 3745 est,
1728 3699 1747 3734 ι
1773 3683 1901 3748 Qua:
1935 3691 2112 3735 autem
2151 3683 2202 3734 in

643 3752 848 3807 deliciis
898 3751 1049 3813 vivit,
1101 3751 1286 3804 vivens
1324 3751 1533 3803 mortua
1584 3757 1685 3804 est.
1718 3769 1737 3803 ι
1773 3752 1829 3805 Ιιι
1861 3752 2204 3804 enarratione

640 3823 695 3875 in
727 3838 807 3888 ep.
840 3819 869 3874 Ι
887 3819 1132 3884 Joannis,
1169 3834 1288 3888 cap.
1331 3835 1410 3883 ιιι,
1439 3821 1552 3874 haec
1585 3821 1879 3876 dictaverat
1907 3821 2199 3889 Didymus:

645 3906 666 3940 ι
687 3891 788 3958 Qui
809 3906 912 3946 non
927 3891 1086 3950 habet
1101 3891 1236 3942 hanc
1251 3892 1592 3954 charitatem,
1610 3900 1888 3959 permanet
1912 3889 1964 3944 in
1989 3901 2163 3943 morte
2184 3905 2199 3942 :

639 3962 781 4014 sicut
811 3971 929 4015 erat
962 3968 1174 4029 mortua
1215 3959 1394 4021 vidua,
1436 3973 1558 4027 qua:
1602 3960 1656 4013 in
1707 3959 1915 4016 deliciis
1954 3959 2201 4029 degebat,

640 4028 764 4084 licet
791 4043 1128 4083 communem
1162 4028 1378 4081 haberet
1405 4029 1587 4081 vitam.
1618 4044 1638 4080 ι

710 4100 821 4170 (76)
864 4097 1195 4170 [implicatum
1235 4108 1329 4150 est.
1375 4095 1429 4150 lu
1484 4097 1623 4170 libro
1650 4097 1727 4151 De
1769 4097 1972 4170 Spiritu
2000 4106 2200 4170 sancto,

562 4208 566 4212 η
640 4167 918 4232 ιιιιιιιζῦε),
967 4167 1081 4220 huic
1137 4167 1428 4220 dictaverat
1483 4167 1785 4236 Didymus:
1826 4168 1974 4220 «Sed
2019 4168 2202 4222 carnis

640 4240 904 4308 sapientia
949 4236 1113 4299 illico,
1155 4246 1344 4308 morte
1371 4237 1468 4290 sibi
1511 4241 1739 4300 sociata,
1764 4307 1767 4308 ν
1792 4236 2052 4308 interﬁcit
2084 4252 2198 4302 eos,

639 4304 730 4377 qui
754 4308 906 4376 juxta
937 4321 1153 4377 carnem
1199 4305 1533 4377 gradiuntur,
1570 4317 1623 4359 et
1659 4307 1940 4376 sapiunt...
1975 4304 2202 4373 Sapien-

642 4375 713 4430 tia
750 4375 878 4446 ergo
914 4375 1118 4435 carnis.
1149 4376 1465 4446 cum_morti
1515 4378 1698 4443 juncta
1730 4375 1825 4437 'sit,
1875 4377 2089 4446 inimica
2117 4384 2200 4430 est

2313 2660 2475 2732 λόγῳ.
2516 2657 2953 2729 Ἀντιδιαιρεῖται
3000 2657 3110 2730 γὰρ
3151 2657 3231 2729 τῷ
3274 2657 3533 2727 ἀθανάτῳ
3563 2655 3621 2708 τὸ
3662 2652 3840 2724 θνητὸν,

2321 2857 2440 2899 sunt
2475 2862 2618 2920 voces
2654 2863 2672 2896 ι
2697 2858 2847 2920 eum,
2871 2865 2888 2898 ι
2920 2855 2972 2900 et
3032 2846 3237 2920 «fuerit
3267 2845 3340 2920 ›],
3382 2857 3602 2920 generat
3633 2855 3840 2903 mortem,

2322 2931 2342 2965 ι
2371 2917 2662 2987 secundum
2705 2914 2988 2987 Jacubnm.
3045 2915 3150 2974 Sed
3199 2930 3252 2973 et
3290 2914 3541 2974 Ezéchiel
3572 2922 3841 2987 peccantem

2317 2985 2553 3058 animam
2596 2986 2729 3058 mori
2771 2986 2960 3058 scribit
2985 3004 2997 3039 :
3023 2999 3306 3058 separatur
3347 2990 3494 3043 enim
3532 2985 3642 3058 jam
3676 3003 3701 3042 a
3739 2986 3841 3050 Vita,

2308 3069 2427 3122 qua:
2469 3055 2524 3108 in
2571 3055 2832 3126 sapientia
2865 3055 3099 3124 Spiritus
3122 3056 3381 3112 collocata
3409 3068 3511 3114 est.
3533 3055 3597 3112 ’Si
3624 3059 3735 3126 quis
3769 3069 3843 3107 au-

2311 3135 2418 3178 tem
2446 3125 2850 3198 _transceudcrit
2871 3127 3043 3198 vitam
3076 3129 3256 3182 carnis
3297 3128 3352 3181 in
3393 3127 3617 3198 Spiritu,
3637 3125 3688 3182 et
3712 3141 3842 3198 opera

2306 3194 2516 3269 carnis_
2541 3209 2636 3269 per
2673 3208 2842 3269 opera
2865 3196 3102 3269 Spiritus
3130 3194 3544 3252 mortiticaverit
3573 3194 3842 3269 [codex-no-

2308 3273 2436 3344 ster,
2467 3263 2867 3344 ﬁviiigaveﬁt],
2890 3263 3046 3344 vivet
3077 3268 3231 3320 beata
3268 3263 3591 3344 aeternaque
3633 3269 3743 3326 vita.
3771 3282 3842 3318 rc-

2307 3331 2446 3387 latus
2464 3333 2706 3405 iniiilios
2753 3331 2868 3399 Dei,
2903 3347 2955 3390 et
2995 3337 3234 3391 directus
3267 3339 3319 3390 in
3359 3331 3720 3391 viaui'rectam
3747 3352 3845 3405 prn-

2307 3413 2426 3470 pter
2458 3401 2717 3475 Spiritum
2745 3415 3011 3466 sanctum,
3037 3407 3129 3475 qui
3160 3417 3214 3459 et
3245 3407 3338 3462 Dei
3375 3407 3612 3470 Spiritus
3640 3401 3843 3474 appella.

2308 3482 2468 3546 tur.)
2505 3473 2560 3546 Si
2598 3473 2773 3546 enim,
2818 3491 2845 3546 _t
2873 3473 3066 3546 inquit,
3095 3493 3113 3526 ι
3144 3477 3302 3546 juxta
3343 3491 3568 3531 carnem
3609 3473 3837 3546 viseritis.

2306 3541 2608 3612 moriemini
2641 3557 2656 3594 :
2689 3544 2830 3609 quod
2861 3545 2906 3599 si
2936 3541 3159 3612 Spiritu'
3182 3546 3322 3600 facta
3367 3547 3549 3601 carnis
3595 3544 3847 3600 manilii-a-

2305 3613 2492 3688 veritis
2543 3609 2788 3688 [codex_
2822 3609 3017 3688 noster,
3050 3683 3061 3688 Δ
3096 3615 3567 3688 νίννιίίιήανριθίιίεῙ,
3625 3615 3839 3688 vivens.»

2303 3679 2712 3802 Alﬁuiaiiiocuit
2746 3679 3007 3738 Tatianus
3048 3683 3101 3737 in
3135 3687 3400 3741 Oratione
3432 3679 3618 3741 conire
3645 3683 3842 3744 Gratus,

2305 3765 2450 3802 num.
2563 3787 2578 3802 .

2305 3765 2450 3802 1111111.
2493 3765 2578 3802 14.

2379 3818 2588 3894 (77,),,1η
2615 3818 2770 3894 “bro-
2816 3821 3024 3894 indymi
3060 3837 3197 3890 opus
3237 3823 3316 3879 De
3358 3825 3570 3894 Spiritu
3610 3829 3774 3894 sancto
3802 3818 3841 3894 in

2305 3887 2417 3943 tres
2465 3889 2630 3943 libros
2673 3893 2744 3944 ab
2783 3887 3319 3948 editoribus-dudum
3382 3887 3566 3950 sectus
3613 3891 3742 3946 fuit:
3769 3887 3844 3942 sed

2304 3973 2608 4026 perperam.
2640 3968 2696 4012 ut
2731 3963 2936 4012 monuit
2972 3961 3370 4029 Tilletuontius,
3415 3977 3548 4019 tom.
3598 3962 3661 4025 Χ,
3689 3961 3736 4014 in
3772 3957 3841 4010 Di-

2303 4031 2462 4096 dymo
2495 4043 2693 4081 :unutn
2721 4029 2864 4082 enim
2898 4033 3155 4084 duntaxat
3191 4034 3388 4087 Iihrum
3424 4051 3547 4088 esse
3579 4037 3769 4088 constat
3789 4041 3839 4077 rx

2305 4099 2532 4151 vetustis
2571 4100 2924 4166 scriptoribus
2969 4102 3034 4153 ad
3075 4117 3239 4154 unmu
3282 4106 3563 4158 omnibus.
3618 4099 3841 4166 Hierouyf

2303 4182 2426 4220 mus
2449 4169 2499 4243 i_u
2528 4166 2664 4221 libro
2685 4164 2774 4222 ‘De
2797 4170 2921 4221 viris
2957 4169 3278 4243 illustribus,
3305 4189 3432 4243 cap.
3463 4174 3585 4235 109,
3623 4164 3841 4243 Theoloki

2304 4237 2473 4290 nostri
2515 4251 2679 4306 Opera
2721 4253 3012 4292 recensens
3077 4240 3159 4294 his
3180 4243 3351 4296 utitur
3375 4237 3569 4298 ~verbis
3599 4259 3611 4295 :
3644 4239 3842 4292 «Coum

2302 4307 2532 4360 Arianos
2571 4306 2736 4360 libros
2783 4309 2940 4380 duos,
2967 4317 3046 4380 ‘et
3100 4311 3166 4364 de
3212 4311 3426 4380 Spiritu
3468 4320 3657 4368 sancto
3676 4308 3838 4361 librqu

2307 4391 2494 4442 unum,
2527 4390 2683 4443 quem
2716 4391 2814 4446 ego
2862 4377 2912 4430 in
2967 4375 3215 4433 Latinum
3255 4375 3444 4436 'verti.
3469 4402 3488 4434 ι
3550 4383 3840 4446 Hieronymo

641 4449 780 4512 Deo;
811 4433 1080 4513 sapientia
1106 4433 1236 4498 vero
1267 4433 1566 4515 Spiritusf..
1602 4447 1763 4499 vitam
1795 4433 2116 4500 habentibus
2139 4462 2198 4500 se
2228 4433 2273 4493 Ι)
2307 4433 2649 4499 consentiunt
2666 4433 3236 4515 Augustinumﬂneas
3253 4433 3607 4514 Parisiensis,
3633 4435 3840 4502 “atram-

640 4517 864 4586 largitur
887 4525 1163 4586 aeternam.
1189 4535 1208 4566 ι
1245 4514 1308 4568 Ει
1334 4530 1480 4568 num.
1511 4514 1573 4568 4-1
1604 4531 1617 4567 :
1649 4533 1667 4566 ι
1688 4517 1821 4569 Cum
1865 4530 1996 4582 ergo
2025 4515 2100 4567 ait
2130 4531 2145 4569 :
2170 4535 2188 4566 ι

639 4587 696 4640 Si
726 4585 972 4641 Christus
1020 4585 1072 4637 in
1113 4586 1262 4637 vobis
1293 4594 1394 4648 est,
1423 4598 1619 4654 corpus
1659 4587 1871 4652 quidem
1924 4590 2194 4638 mortuum

639 4665 856 4726 propter
894 4664 1194 4722 peccatum,
1231 4670 1610 4726 crtiequaquam
1644 4655 1791 4708 vitiis
1853 4655 2196 4722 lasciviaique

639 4723 967 4788 deserviens,
999 4727 1092 4778 sed
1123 4723 1500 4777 mortiﬁcatum
1542 4735 1780 4792 peccato,
1814 4738 1918 4777 non
1953 4739 2194 4778 commo-

638 4809 794 4848 vetur
823 4798 886 4847 ad
917 4796 1045 4847 vitia
1080 4811 1095 4848 :
1122 4804 1176 4846 et
1209 4808 1545 4863 nequaquam
1576 4795 1678 4847 erit
1715 4795 1872 4847 vitale
1902 4803 2142 4863 peccato.
2169 4812 2188 4844 ι

639 4864 843 4932 (Minus
880 4864 1110 4918 fortasse
1151 4862 1404 4916 mendosa
1439 4874 1521 4917 est
1554 4864 1722 4917 nostri
1763 4865 1966 4917 codicis
2010 4862 2192 4930 lectio,

637 4950 757 5003 quae
783 4944 865 4987 est
897 4936 1194 5000 lmjusmodi
1229 4949 1242 4986 :
1281 4949 1301 4983 ι
1323 4944 1378 4987 et
1407 4934 1788 4987 mortiticatum
1817 4945 2060 5003 peccato,
2088 4949 2192 4985 non

637 5002 1068 5057 commovebitur
1112 5005 1179 5056 ad
1225 5003 1376 5066 vitia,
1417 5012 1472 5057 et
1512 5018 1846 5072 nequaquam
1892 5002 1998 5056 erit
2034 5004 2195 5056 vitale

637 5073 900 5142 peccato).
937 5072 1223 5142 Postquam
1253 5083 1428 5126 autem
1452 5087 1644 5140 corpus
1675 5081 1894 5140 peccato
1924 5082 2193 5142 mortuum

638 5144 823 5204 fuerit,
858 5141 1103 5196 Christus
1135 5143 1186 5195 in
1218 5143 1300 5196 his
1325 5144 1414 5211 qui
1450 5158 1546 5197 sua
1579 5157 1804 5210 corpora
1833 5141 2194 5195 morlilicave-

637 5215 766 5276 rint,
797 5226 1030 5280 pra-scus
1059 5213 1316 5280 Spiritum
1355 5214 1475 5266 vita:
1505 5214 1742 5267 ostendit
1780 5226 1874 5278 per
1903 5211 2190 5280 justitiam,

636 5284 754 5353 sive
791 5283 1182 5335 correctionem
1248 5297 1466 5350 operum
1499 5284 1754 5335 virtutum
1809 5280 2190 5353 immortalium

637 5351 824 5422 [codex
875 5362 1048 5403 noster
1074 5364 1093 5403 :
1121 5367 1215 5418 per
1246 5353 1510 5422 justitiam
1553 5367 1799 5420 Operum,
1844 5351 1959 5422 sive
2006 5365 2191 5422 corrc-

637 5418 869 5490 ptionetn
901 5422 1152 5492 virtutum
1192 5421 1522 5492 tuorulium],
1556 5418 1671 5476 sive
1704 5423 1859 5473 tidem
1889 5418 2014 5474 Jesu
2036 5421 2194 5473 (ΣΙινὶ⁴

635 5494 724 5553 sti,
767 5492 816 5544 in
866 5491 949 5543 his
988 5492 1077 5557 qui
1113 5492 1266 5558 juxta
1313 5491 1644 5545 lidetnillius
1684 5501 2187 5545 conversanlur.....

635 5562 909 5631 Siquidem
955 5562 1044 5628 qui
1084 5561 1234 5628 juxta
1276 5576 1494 5616 carnem
1547 5564 1757 5623 vixerit,
1802 5562 2060 5614 morietur
2103 5564 2188 5612 illa

632 5642 824 5695 morte,
863 5646 983 5699 quae
1013 5643 1289 5699 peccatum
1334 5634 1648 5700 sequitur.)
1688 5632 1968 5685 Peccatum
2005 5631 2192 5699 (quip-

633 5717 717 5771 pe,
747 5719 766 5753 ι
796 5715 917 5756 cum
953 5711 1379 5766 consummatum
1413 5699 1571 5757 luerit
1602 5699 1678 5772 [in
1699 5712 1874 5756 nostra
1898 5703 2070 5757 codice
2097 5701 2188 5755 de-

2301 4530 2422 4577 nus,
2442 4517 2729 4587 Ansehnus
2762 4516 3226 4587 llavelbergeusis,
3255 4522 3314 4574 S.
3339 4521 3602 4583 Thomas,
3624 4519 3842 4587 Pastren-

2297 4600 2419 4652 gus,
2461 4583 2636 4657 (ἶμυὶᾀο
2665 4585 2978 4657 Qartnelita,
3021 4583 3257 4657 synodus
3290 4589 3631 4653 Florentius,
3675 4586 3837 4650 aliique

2295 4669 2432 4730 Opus
2463 4655 2591 4707 illud
2636 4655 2952 4730 allegantes,
2989 4655 3061 4712 ac
3100 4670 3368 4730 praeterea
3417 4675 3608 4717 omnes
3659 4665 3836 4730 veteres

2295 4726 2534 4787 codices,
2567 4725 2658 4792 qui
2709 4727 2848 4778 idem
2887 4741 3022 4792 Opus
3079 4729 3224 4782 velut
3279 4747 3452 4784 unum
3495 4733 3684 4785 librum
3719 4725 3840 4778 exhi-

2296 4792 2424 4846 bent
2456 4793 2746 4868 LYallasio
2795 4803 2948 4859 teste,
2995 4807 3126 4850 tom.
3172 4799 3212 4851 ll
3251 4800 3497 4868 Operum
3546 4792 3837 4868 Hieronymi.

2294 4862 2574 4983 ρεξᾶοό.
2613 4865 2665 4916 lu
2703 4875 2885 4917 nostro
2913 4880 3044 4919 sane
3072 4882 3170 4920 ms.
3197 4862 3392 4924 codice
3416 4871 3498 4924 sic
3524 4866 3835 4924 inscribitur:

2299 4950 2318 4982 ι
2394 4949 2422 4983 e
2455 4935 2493 4983 ~i
2533 4933 2738 4983 Didvmi
2780 4934 3127 4983 Alexandrini
3154 4938 3288 4983 liber
3323 4940 3402 4983 Dp.
3432 4939 3641 4983 Sm‘rim
3665 4941 3834 4983 sancto.

2299 4933 2493 5010 rBeaﬂi
2533 4933 2760 5010 Didymi.
2780 4934 3127 4989 Alexandrini
3153 4938 3288 4993 liber
3321 4940 3402 4994 De
3431 4939 3641 5010 Spiritu
3665 4941 3834 4993 sancto,

2295 5001 2357 5054 D.
2391 5001 2712 5073 llieronymu
2749 5002 3056 5070 interprete.
3095 5024 3116 5056 ι

2365 5071 2474 5146 (78)
2512 5071 2619 5125 At“
2651 5073 2842 5146 Mrta.
2886 5073 3105 5128 Graecus
3137 5075 3258 5131 libri
3313 5076 3398 5132 De
3452 5076 3657 5146 Spiritu
3691 5078 3837 5146 sancta

2296 5141 2502 5212 titulus,
2553 5157 2671 5196 mea
2719 5143 2933 5211 quidem
2972 5147 3260 5211 sententia,
3294 5149 3386 5203 hic
3425 5141 3527 5202 fuit
3561 5144 3729 5212 :Ilspl
3753 5141 3837 5212 τοῦ

2291 5211 2465 5287 cipiat)
2499 5209 2843 5287 Πνεύμᾳξος
2869 5213 3073 5287 λόγος,
3103 5231 3206 5287 non
3230 5209 3387 5284 vero,
3410 5219 3552 5287 Περὶ
3578 5209 3835 5279 τοῦάτίου

2293 5282 2634 5349 Ιινεύματος
2673 5284 2936 5346 βιϐλίον.
2975 5285 3028 5336 Id
3061 5285 3326 5339 conﬁrmo
3373 5282 3449 5343 ex
3490 5282 3654 5342 veteri
3699 5287 3834 5349 inter-

2294 5347 2464 5422 prete,
2505 5354 2593 5422 qui
2631 5352 2938 5422 l‘lteronymi
2978 5353 3171 5407 librum
3207 5355 3281 5409 De
3316 5360 3446 5412 viris
3479 5357 3760 5410 illustribus
3793 5347 3832 5398 in

2291 5420 2536 5474 Graecam
2563 5423 2798 5490 linguam
2831 5420 3160 5486 transtulit;
3187 5426 3276 5479 ubi
3308 5433 3462 5482 enim
3515 5428 3834 5490 Hieronymus

2292 5494 2510 5558 scripsit
2535 5509 2546 5542 :
2585 5509 2602 5540 ι
2634 5491 2704 5544 De
2728 5493 2928 5560 Spiritu
2957 5503 3143 5546 sancto
3173 5495 3376 5551 librum
3412 5514 3604 5561 unum,
3630 5515 3647 5546 ι
3679 5495 3756 5543 ille
3776 5499 3835 5537 sic

2292 5570 2449 5615 vertit
2483 5580 2493 5614 :
2532 5561 3044 5636 Hapllhsdygrq;
3069 5563 3241 5630 ἁγίου
3269 5570 3468 5636 λόγον
3497 5567 3709 5636 afraid!
3731 5571 3829 5612 υνδε

2291 5646 2428 5698 quos
2457 5649 2598 5702 nunc
2622 5634 2851 5693 edimus,
2880 5632 2956 5702 De
2993 5629 3251 5687 'l’rm’italc
3295 5629 3494 5702 libros,
3525 5653 3627 5689 non
3653 5629 3832 5698 λόγους,

2292 5705 2385 5757 sed
2421 5700 2603 5773 βιϐλία
2636 5703 2845 5757 vocavit
2876 5701 3159 5771 Didymus.
3190 5714 3248 5760 ut
3279 5700 3512 5775 apparet
3557 5718 3673 5761 cum
3707 5714 3764 5754 ex
3789 5704 3832 5747 ιν
