4060 6406
232 382 323 440 επ

1269 377 1356 431 DE
1394 376 1768 433 TRINITATE
1808 377 2007 432 LIBER
2047 377 2353 434 TERTIUS

3356 383 3458 437 ετι

229 501 314 551 καὶ
339 496 692 567 ἀντιστοίχως
718 496 797 567 τῷ
831 495 1011 567 θνητῳ
1043 494 1104 548 τὸ
1135 494 1419 559 ἀθάνατον,
1460 499 1552 550 καὶ
1592 501 1788 551 νοεῖται

1891 508 2000 554 cto.
2034 497 2166 551 Nam
2201 497 2429 551 mortale
2462 497 2530 551 ab
2567 498 2857 553 immortali
2894 499 3006 570 (79)
3036 515 3130 568 per
3166 502 3457 569 oppositio-

228 591 311 643 ἐπὶ
356 588 549 658 ψυχῶν
594 589 689 642 καὶ
742 588 1009 656 ἀγγέλων,
1082 587 1141 639 τὸ
1194 588 1291 658 μὲν
1341 588 1628 650 ἀθάνατον,
1656 592 1784 643 ὃταν

226 682 352 749 πρὸς
393 680 475 750 τῷ
526 680 753 733 θάνατον
790 681 864 750 μὴ
901 678 1262 749 ἐπιδέχεσθαι,
1297 680 1325 731 ὃ
1360 681 1507 733 ἐστιν
1548 682 1621 752 μὴ
1671 683 1785 735 δια-

225 770 457 833 λύεσθαι,
493 770 589 823 ἅτε
642 769 966 833 ἀσυνθέτους
1012 770 1167 832 ὄντας
1199 770 1292 822 καὶ
1330 770 1664 841 ἀνωλέθρους
1692 771 1789 842 τὴν

226 862 475 933 ὕπαρξιν,
524 863 619 915 ἐὰν
658 864 753 916 καὶ
806 862 980 932 φθορᾷ
1027 860 1251 930 γνώμης
1293 863 1365 932 μὴ
1426 863 1786 925 ὑποπέσωσιν,

221 954 358 1007 τοῦτ’
386 955 556 1017 ἐστιν,
584 956 631 1005 εἰ
681 955 938 1024 ἅτρεπτοι
972 952 1345 1022 διαμείνωσινο
1388 954 1448 1005 τὸ
1484 954 1539 1007 δὲ
1576 954 1787 1022 θνητὸν,

222 1045 606 1115 ἀντικειμένως
637 1044 829 1114 τούτῳ.
872 1044 1117 1097 Καθόλου
1151 1044 1206 1097 δὲ
1248 1045 1490 1097 ἐοίκασιν
1536 1046 1585 1097 οἱ
1617 1045 1789 1098 τοιοῦ-

180 1186 181 1191 η
222 1155 297 1190 τοι
340 1137 417 1208 μὴ
449 1136 742 1204 γινώσκειν
769 1136 836 1189 τὰ
876 1136 1243 1206 ἀντιστρόφως
1276 1136 1559 1207 λεγόμενα,
1596 1139 1689 1191 καὶ
1716 1138 1790 1201 ὡς

221 1231 276 1282 οὐ
320 1231 502 1283 πάντα
532 1230 601 1282 τὰ
650 1229 954 1300 ὁμωνύμως
1001 1229 1142 1283 κατά
1197 1246 1357 1282 τινων
1394 1230 1657 1300 λεγόμενα
1691 1231 1789 1284 πέ-

221 1339 388 1391 φυκεν
442 1323 839 1393 ἀντιστρέφειν.
895 1322 951 1374 Ὀ
1006 1321 1103 1390 μὲν
1163 1320 1272 1391 γὰρ
1323 1321 1453 1383 Θεὸς
1522 1322 1790 1384 παντοίως

218 1414 506 1476 ἀθάνατος,
533 1413 594 1465 οὐ
627 1412 729 1483 μὴν
759 1412 819 1464 τὸ
846 1411 1107 1465 ἀθάνατον
1135 1411 1256 1481 ἤδη.
1286 1411 1427 1481 Πρὸς
1454 1412 1510 1464 δὲ
1541 1413 1602 1464 τὸ
1633 1413 1792 1485 ἀόρα-

219 1523 325 1569 τον,
358 1506 469 1557 εἱσὶ
539 1505 639 1575 μὲν
674 1503 798 1574 ἱΠθ
825 1502 878 1572 τι]
913 1504 1005 1554 καὶ
1040 1502 1096 1555 αἱ
1129 1501 1298 1571 ψυχαὶ
1339 1504 1431 1554 καὶ
1463 1504 1509 1554 οἱ
1537 1502 1788 1570 ἄγγελοι,

218 1596 440 1665 ἀόρατοι
481 1594 582 1663 μὲν
612 1594 690 1663 τῷ
716 1591 1093 1662 ὀφθαλμῷτοῦ
1134 1591 1383 1661 σώματος
1414 1594 1445 1662 ή
1457 1591 1593 1662 μῶν,
1627 1595 1684 1644 ἐν
1715 1592 1791 1662 τῷ

216 1683 354 1739 εἶναι
385 1685 546 1747 ἐκτὸς
575 1684 683 1736 τῶν
712 1684 921 1755 ὁρατῶν
952 1682 1253 1751 ἰδιωμάτων
1288 1688 1381 1753 (φη
1392 1684 1451 1753 μὶ
1483 1682 1789 1754 χρώματος,

217 1782 532 1850 σχήματος,
592 1776 923 1847 μεγέθους),
974 1777 1160 1846 ὁρατοὶ
1208 1775 1264 1827 δὲ
1313 1774 1388 1845 τῷ
1437 1776 1533 1845 νῷ,
1577 1777 1605 1829 ὅ
1646 1778 1791 1829 ἐστιν

213 1849 374 1943 ὄμμα
410 1871 512 1940 τῆς
542 1870 751 1940 ψυχῆς·
788 1870 970 1939 ἐπειδὴ
1006 1868 1079 1939 μὴ
1119 1866 1417 1934 ἀνέφικτοι,
1452 1866 1546 1919 ὅιτε
1587 1867 1793 1920 κτιστοὶ
1823 1849 1865 1902 Β

210 1966 308 2033 τὴν
352 1961 593 2034 ὖπαρξίν
643 1964 804 2025 εἰσιν,
832 1961 944 2013 ἀλλ’
976 1960 1120 2013 ἔστιν
1152 1961 1283 2029 ἡμῖν
1313 1958 1495 2029 νόησις
1537 1961 1664 2030 περὶ
1696 1961 1792 2011 αὐ-

209 2050 339 2104 τῶν.
389 2051 588 2113 Ὥστε,
642 2049 691 2100 εί
756 2048 847 2101 καὶ
906 2047 1044 2102 κατά
1116 2047 1419 2119 προσϐολὴν
1486 2049 1790 2119 αἰσθήσεως

208 2140 496 2211 ἐκρθαλμοῦ
526 2139 774 2210 ὄμματος
804 2141 1042 2212 ἀόρατοι,
1066 2140 1178 2194 ἀλλ’
1208 2136 1299 2192 οὖν
1334 2140 1473 2193 κατά
1508 2141 1790 2210 ἀντίληψιν

211 2234 453 2306 θεωρίας
514 2233 943 2303 ἑπιστημονικῆς
993 2232 1175 2304 όρατοί
1238 2235 1394 2285 εἰσιν.
1439 2233 1496 2285 '0
1543 2233 1600 2285 δὲ
1652 2233 1789 2297 Θεὸς

212 2321 358 2392 (me?
394 2321 457 2373 τὸ
496 2323 745 2394 ἀόρατον,
775 2326 869 2377 καὶ
900 2325 1287 2393 ἀφανέστατον,
1317 2325 1411 2377 καὶ
1444 2324 1584 2395 ὑπὲρ
1615 2326 1792 2380 πάντα

210 2412 337 2465 νοῦν
383 2413 668 2484 ὑπάρχων,
716 2415 777 2467 οὐ
820 2414 976 2485 μόνον
1015 2414 1153 2483 ὄψει,
1197 2416 1291 2468 καὶ
1334 2414 1569 2477 συνόλως
1606 2416 1796 2485 αἰσθή-

213 2520 313 2568 σει,
362 2505 441 2575 μὴ
480 2507 830 2571 ὑποπίπτειν,
860 2507 997 2560 ἀλλά
1038 2509 1175 2578 μήτε
1212 2506 1287 2577 νῷ
1334 2506 1510 2560 αὐτῶν
1548 2507 1793 2575 ἀγγέλων

212 2595 529 2666 ἐνορᾶσθαι,
565 2596 656 2649 διὰ
694 2596 756 2649 τὸ
796 2597 1178 2668 ἀκατάληπτον
1216 2598 1307 2651 καὶ
1346 2598 1657 2669 ἀπρόσιτον,
1701 2599 1795 2651 πὲο

212 2705 409 2755 φυκεν,
438 2690 567 2743 Ὀτι
611 2691 708 2761 μὲν
736 2690 844 2763 γὰρ
886 2691 1000 2745 ἐστι
1047 2692 1199 2755 Θεὸς,
1230 2694 1362 2746 πᾶσι
1401 2691 1703 2763 γνώριμονο
1740 2691 1792 2744 τί

210 2777 281 2841 δὲ,
310 2779 351 2848 ἦ
386 2778 510 2841 πῶς
536 2780 769 2851 ὑπάρχει
803 2782 1092 2853 θεωρῆσαι,
1136 2783 1351 2836 πάντων
1388 2782 1496 2834 τῶν
1545 2781 1791 2851 φυσικῶν

212 2868 658 2925 δυσαλωτότατον
692 2873 1046 2943 καθέστηκεν.
1083 2872 1255 2945 Ὀρθῴ
1298 2873 1391 2926 οὖν
1435 2872 1784 2947 προσερρὴθη

212 2963 403 3032 τρόπῳ
447 2962 528 3032 τῷ
582 2964 857 3035 εἰρημένῳ
911 2985 927 3016 ι
960 2966 1117 3036 μόνος
1174 2964 1460 3029 ἀθάνατος,
1515 2965 1678 3034 σοφός
1725 2982 1787 3017 τε

213 3051 367 3116 Θεὸς,
396 3055 496 3106 καὶ
526 3055 775 3127 ἀόρατος.
800 3075 819 3107 ι

1890 604 2011 643 nem
2064 589 2341 652 dividitur,
2401 596 2453 642 et
2490 589 2698 642 mortali
2759 590 3061 644 immortale
3110 605 3175 644 ex
3215 591 3460 660 Opposita

1890 682 2178 751 respondet
2204 696 2217 732 :
2248 689 2303 734 et
2335 680 2659 748 intelligitur
2689 680 2742 734 in
2787 683 3070 737 animabus
3114 692 3275 750 atque
3296 698 3459 752 ange—

1890 772 1955 826 lis
1990 771 2388 837 immortalitas,
2422 771 2465 824 si
2525 786 2627 825 non
2688 774 2843 825 modo
2895 774 3051 827 morti
3103 774 3320 827 obnoxii
3353 789 3461 827 non

1890 864 2018 927 sint,
2044 862 2185 931 quod
2216 872 2316 926 est,
2345 879 2449 915 non
2471 862 2854 926 dissolvantur,
2883 873 3070 932 utpote
3097 862 3459 930 incompositi,

1890 968 1945 1011 et
1979 972 2072 1024 per
2106 970 2293 1008 eorum
2346 954 2720 1008 exsistentiam
2778 953 3045 1009 immunes
3072 971 3099 1007 a
3131 965 3338 1017 morte;
3366 956 3459 1007 sed

1891 1060 1957 1099 ne
1988 1045 2315 1114 corruptioni
2346 1044 2561 1111 quidem
2599 1044 2794 1097 mentis
2853 1045 3228 1109 succumbant,
3277 1045 3326 1098 id
3355 1054 3458 1111 est,

1892 1142 1935 1193 si
1970 1138 2269 1192 immobiles
2290 1144 2681 1206 permaneant:
2726 1137 3030 1191 mortalitas
3060 1153 3189 1191 vero
3213 1137 3463 1207 intelligi-

1890 1239 1998 1293 tur,
2030 1229 2073 1282 si
2102 1243 2187 1282 res
2220 1236 2409 1281 contra
2436 1241 2495 1281 se
2528 1227 2739 1280 haheat.
2773 1226 2878 1281 Sed
2929 1228 3176 1281 videntur
3217 1228 3457 1283 haeretici

1893 1320 1982 1375 isti
2004 1336 2067 1375 ea
2092 1320 2314 1373 omnino
2337 1319 2605 1389 ignorare,
2622 1332 2740 1386 quae
2762 1318 3015 1371 dicuntur
3036 1318 3458 1389 reciproce(80),

1893 1428 1994 1468 nec
2024 1412 2182 1476 scire,
2213 1411 2353 1480 quod
2384 1424 2487 1465 non
2519 1410 2698 1463 omnia
2727 1423 2845 1479 quae
2886 1410 3230 1479 homonyme,
3264 1410 3314 1463 id
3354 1423 3459 1474 est,

1894 1506 2083 1560 iisdem
2143 1503 2417 1559 vocabulis
2466 1505 2745 1572 aequivoce
2776 1504 2842 1557 de
2871 1502 3136 1571 aliquibus
3187 1505 3456 1569 dicuntur,

1895 1597 2018 1649 talia
2057 1606 2181 1649 sunt
2209 1605 2268 1650 ut
2302 1595 2579 1663 reciproce
2605 1595 2707 1649 dici
2760 1603 2815 1649 et
2846 1596 3035 1648 inverti
3065 1595 3293 1664 possint.
3323 1595 3457 1648 Nam

1892 1688 2056 1758 375
2082 1689 2221 1743 Deus
2244 1689 2462 1758 quidem
2494 1698 2575 1743 est
2602 1694 2823 1742 omnino
2864 1702 2928 1741 ac
2976 1688 3213 1756 perfecte
3239 1689 3460 1755 immor-

1893 1780 2015 1834 talis
2041 1798 2053 1833 :
2082 1796 2185 1834 non
2219 1791 2395 1834 tamen
2430 1781 2569 1849 quod
2599 1780 2898 1835 immortale
2924 1788 3026 1847 est,
3049 1781 3302 1834 continuo
3318 1780 3460 1834 Deus

1895 1882 1975 1925 est
2004 1870 2137 1942 (8|).
2175 1870 2325 1937 Quod
2349 1886 2477 1925 vero
2505 1880 2711 1939 spectat
2741 1871 2805 1923 ad
2848 1871 3299 1935 invisibilitatem,
3334 1883 3462 1926 sunt

1897 1966 2112 2033 quidem
2144 1978 2263 2017 cum
2320 1965 2534 2027 animm,
2586 1974 2697 2017 tum
2747 1964 2918 2032 angeli
2958 1963 3252 2019 invisibiles
3306 1965 3460 2018 oculo

1897 2059 2136 2125 corporis
2162 2058 2351 2123 nostri,
2384 2058 2505 2127 quia
2542 2068 2725 2111 carent
2784 2057 3085 2111 visibilibus
3124 2059 3461 2127 proprietati-

1898 2150 2020 2215 bus,
2048 2150 2228 2204 colore
2258 2150 2716 2217 scilicet,hahitn,
2746 2151 3110 2218 magnitudine
3137 2150 3251 2221 (82)
3286 2165 3301 2202 :
3336 2152 3463 2203 visi-

1898 2242 2031 2296 biles
2056 2252 2230 2296 autem
2270 2253 2393 2297 sunt
2423 2243 2609 2305 menti,
2642 2243 2729 2310 qui
2762 2253 2843 2296 est
2862 2244 3048 2297 oculus
3073 2245 3298 2297 animae:
3331 2258 3462 2311 quo-

1896 2334 2038 2387 niam
2091 2334 2666 2403 incomprehensibilcs
2744 2350 2846 2388 non
2909 2336 3224 2401 exsistunt,
3277 2344 3462 2405 utpote

1899 2425 2090 2490 creati,
2117 2426 2210 2479 sed
2238 2440 2331 2478 eos
2359 2436 2535 2478 mente
2572 2426 2854 2494 complecti
2902 2436 2956 2480 et
2979 2427 3299 2495 cogitatione
3314 2441 3463 2481 asse-

1897 2515 1985 2582 qui
2011 2528 2318 2582 possumus.
2388 2512 2573 2581 Itaque
2629 2515 2729 2569 etsi
2788 2525 3028 2582 spectato
3078 2516 3322 2586 corporei
3348 2514 3459 2586 (85)

1896 2607 2034 2660 oculi
2065 2607 2290 2675 appulsu
2360 2623 2423 2661 ac
2458 2622 2618 2662 sensu
2673 2608 2781 2662 sint
2834 2608 3133 2662 invisibiles
3163 2649 3178 2674 ,
3222 2620 3460 2677 spectata

1900 2706 2077 2750 tamen
2102 2697 2571 2767 contemplatione,
2620 2715 2683 2754 ac
2727 2700 2973 2764 scientia,
3009 2717 3110 2768 qua
3166 2715 3259 2756 eos
3286 2703 3463 2772 perci-

1897 2803 2026 2856 pere
2055 2788 2295 2843 valemus
2346 2802 2401 2844 et
2436 2791 2914 2859 comprehendere,
2954 2790 3193 2845 visibiles
3222 2800 3365 2845 sunt.
3393 2790 3463 2844 At.

1902 2894 2030 2933 vero
2055 2878 2194 2935 Deus
2221 2896 2341 2934 cum
2400 2898 2559 2952 supra
2616 2882 2904 2947 invisibile,
2944 2892 2999 2937 et
3032 2899 3195 2953 supra
3241 2882 3290 2936 id
3316 2884 3461 2952 quod

1898 2970 2131 3023 maxime
2169 2970 2439 3024 occultum
2479 2981 2579 3037 est,
2610 2984 2660 3025 et
2687 2988 2845 3042 supra
2878 2989 3091 3028 omnem
3114 2984 3350 3027 mentem
3373 2988 3463 3028 ex-

1815 3058 1855 3113 C
1891 3063 2066 3127 sistat,
2099 3078 2201 3116 non
2249 3064 2405 3117 modo
2459 3064 2559 3118 sub
2608 3065 2889 3129 visionem,
2940 3072 3032 3117 aut
3080 3064 3303 3119 omnino
3359 3067 3461 3119 sub

218 3160 439 3198 sensum
502 3147 696 3201 cadere
729 3162 831 3202 non
902 3157 1098 3217 potest.
1148 3148 1240 3203 sed
1286 3162 1352 3202 ne
1399 3158 1578 3203 mente
1645 3152 1859 3218 quidem
1903 3154 2137 3222 ipsorum
2164 3154 2474 3223 angelorum
2500 3153 2711 3222 inspici,
2752 3155 2892 3222 quod
2935 3155 3004 3209 sit
3050 3154 3463 3225 incomprehen-

218 3236 391 3291 sibilis
420 3248 479 3292 et
529 3238 936 3294 inaccessibilis.
995 3240 1145 3306 Quod
1202 3240 1341 3294 enim
1374 3239 1513 3295 Deus
1540 3241 1788 3307 exsistat,
1828 3246 2077 3299 omnibus
2120 3256 2302 3299 notum
2325 3257 2449 3300 est:
2489 3247 2616 3315 quid
2680 3258 2881 3311 autem,
2940 3257 3032 3301 aut
3062 3251 3333 3319 quomodo
3363 3248 3455 3313 sit,

225 3340 423 3383 creatae
476 3332 674 3384 mentis
718 3330 1011 3399 speculatio
1058 3332 1269 3399 assequi
1329 3345 1433 3384 non
1492 3332 1633 3386 valet
1680 3349 2174 3405 :quarumcunque
2207 3339 2349 3391 enim
2436 3339 2763 3392 naturalium
2828 3355 3006 3393 rerum
3077 3342 3435 3411 cognitionem

224 3421 462 3491 cegnitio
496 3422 598 3473 ista
651 3422 1106 3493 praetergreditur.
1155 3421 1321 3476 Recte
1367 3420 1477 3492 (84)
1509 3437 1639 3494 ergo
1665 3426 1924 3494 praedicto
1982 3429 2142 3482 modo
2167 3429 2343 3484 dictus
2368 3429 2466 3482 l'uit
2492 3448 2510 3479 ι
2550 3429 2696 3484 solus
2728 3430 3069 3497 immortalis,
3128 3442 3183 3485 et
3242 3434 3462 3501 sapiens

228 3512 377 3579 Deus,
408 3525 470 3569 et
498 3514 799 3571 invisibilis.
827 3532 846 3564 ι

866 3607 1021 3661 ΚΕΦ.
1050 3603 1145 3660 lZ'.

297 3696 401 3748 Καὶ
451 3696 559 3767 μὴν
630 3696 725 3749 καὶ
788 3695 857 3749 τά
906 3698 1054 3769 παρά
1092 3698 1307 3770 Ἰωάννῃ
1373 3698 1646 3770 ἁμώμητα
1692 3702 1785 3755 καὶ

227 3789 563 3861 ἀνεπίληπτα
605 3788 700 3843 τοῦ
740 3789 953 3844 πάντων
1010 3792 1214 3863 Κυρίου
1283 3794 1535 3863 ῥήματα,
1576 3793 1644 3846 τά
1692 3794 1782 3847 λέ-

225 3894 408 3946 τοντα·
454 3897 474 3931 ε
500 3880 709 3951 Ὥσπερ
749 3882 777 3933 ὁ
810 3881 997 3952 Πατὴρ
1042 3882 1185 3951 ζωὴν
1233 3882 1345 3952 ἔχει
1381 3884 1438 3936 ὲν
1471 3882 1664 3954 ἐαυτῷ,
1696 3883 1787 3938 οὕ-

219 3989 320 4035 τως
386 3972 564 4024 ἔδωκε
603 3972 697 4025 καὶ
743 3972 820 4044 τῷ
852 3972 963 4044 Υξῷ
996 3973 1138 4045 ζωὴν
1171 3974 1314 4045 ἔχειν
1343 3976 1400 4028 ὲν
1447 3976 1653 4046 ἑαυτῷ·
1693 3979 1786 4031 καὶ

2495 3608 2645 3664 CAP.
2689 3609 2847 3663 XVII.

1963 3700 2126 3769 Atqui
2155 3701 2317 3755 verba
2346 3700 2509 3755 etiam
2552 3700 3048 3768 irreprehensibllia
3096 3702 3458 3774 etinculpata,

1894 3807 2012 3861 quae
2036 3793 2104 3846 ab
2127 3794 2366 3847 omnium
2398 3791 2629 3847 Domino
2661 3794 2799 3857 apud
2830 3790 3090 3847 Joannem
3129 3793 3271 3848 dicta
3300 3800 3458 3850 sunt:

1899 3885 2089 3939 «Sicut
2119 3884 2231 3957 (85)
2281 3885 2441 3939 Pater
2500 3885 2667 3938 vitam
2724 3885 2888 3939 habet
2926 3884 2980 3939 in
3040 3886 3349 3956 semetipso,
3377 3886 3460 3941 sic

1892 3977 2042 4032 dedit
2068 3988 2122 4031 et
2157 3978 2294 4031 Filio
2329 3979 2494 4032 vitam
2559 3978 2760 4033 habere
2798 3978 2850 4031 in
2885 3979 3207 4047 semetipso;
3230 3989 3283 4034 et
3306 3988 3461 4051 pote-

217 4064 470 4130 ἐξουσίαν
509 4064 708 4117 ἔδωκεν
745 4064 894 4136 αὑτῷ
942 4064 1123 4137 κρίσιν
1173 4069 1364 4131 ποιεῖν,
1406 4068 1487 4120 ὅτι
1527 4068 1652 4131 Υἱὸς
1698 4069 1789 4123 ἀν-

1891 4077 2081 4122 statem
2100 4069 2245 4123 dedit
2262 4069 2359 4139 ipsi
2382 4068 2643 4137 judicium
2672 4068 2874 4135 facere,
2898 4070 3022 4138 quia
3046 4069 3215 4125 Filius
3227 4070 3460 4127 hominis

217 4154 439 4225 θρώπου
479 4155 655 4208 ἐστίν·
688 4173 709 4208 ι
743 4157 836 4210 καὶ
876 4156 1060 4211 πάλιν·
1101 4174 1121 4210 ι
1145 4158 1252 4221 Οὓς
1294 4157 1498 4223 ἔδωκάς
1553 4177 1669 4230 μοι,
1711 4163 1789 4214 σοὶ

1891 4169 2005 4225 εει;
2038 4178 2057 4211 ι
2087 4169 2140 4214 ει
2170 4175 2397 4215 rursus:
2437 4180 2455 4212 ‹
2492 4160 2638 4227 Quos
2694 4162 2886 4217 dedisti
2918 4160 3027 4233 (86)
3057 4162 3187 4216 mihi
3218 4162 3351 4232 (87),
3380 4164 3457 4217 tui

214 4242 371 4318 ἦσαν,
401 4248 501 4300 καὶ
529 4246 652 4317 ἐμοὶ
678 4248 873 4311 αὐτοὺς
895 4248 1131 4311 ἔδωκαςο
1161 4266 1179 4300 ι
1208 4252 1299 4302 καὶ
1330 4250 1493 4304 πάλιν
1515 4268 1529 4282 °
1561 4270 1579 4303 ι
1608 4252 1789 4307 Πάντα

1891 4263 2067 4318 erant,
2092 4264 2145 4309 et
2170 4255 2297 4309 mihi
2330 4268 2423 4309 eos
2443 4255 2675 4323 dedisti;
2702 4274 2721 4309 ι
2750 4267 2804 4310 ει
2821 4270 3044 4311 rursus:
3083 4273 3101 4307 ‹
3134 4253 3325 4311 Omnia
3346 4254 3457 4325 (88)

219 4354 305 4407 μοι
339 4337 621 4410 παρεδόθη
659 4338 807 4410 παρά
849 4338 942 4392 τοῦ
973 4340 1185 4412 Πατρός
1227 4358 1356 4412 μου*
1386 4361 1402 4393 ι
1453 4344 1545 4396 καὶ
1594 4344 1752 4398 πάλιν
1775 4361 1787 4373 ·

1894 4345 2024 4399 mihi
2059 4344 2250 4398 tradita
2279 4353 2405 4398 sunt
2432 4360 2461 4397 a
2488 4344 2651 4400 Patre
2684 4361 2839 4414 meo;
2886 4365 2904 4399 ι
2939 4355 2994 4401 ει
3032 4361 3255 4401 rursus:
3281 4364 3301 4397 ι
3326 4345 3457 4400 Data

220 4562 343 4616 Iulis
370 4564 703 4641 s_ecupdi__ac
747 4566 888 4621 tertii
917 4567 1053 4641 libri
1093 4583 1124 4623 e
1171 4567 1562 4641 Passioneiano
1588 4569 1782 4641 codice
1821 4562 1863 4616 Ι)
1963 4569 2074 4641 (82)
2109 4569 2491 4637 Magnitudine.
2532 4568 2609 4641 En
2665 4567 2897 4639 μέγεθος
2956 4569 3102 4631 illud,
3156 4568 3206 4621 id
3259 4576 3455 4641 est_,__ea

217 4633 727 4709 superius-ﬁdeliter
756 4637 1072 4709 exscriptis,
1118 4649 1225 4709 tum
1254 4656 1317 4693 ex
1352 4655 1471 4709 pag.
1506 4639 1779 4705 146,175,
1892 4658 1910 4690 ι
1939 4633 2268 4707 magnitmlo,
2294 4661 2310 4691 ι
2374 4657 2534 4708 quam
2583 4633 2693 4693 Deo
2738 4633 2960 4707 denegat
2988 4641 3273 4708 Didymus.
3325 4638 3457 4692 Vide

220 4701 322 4755 185
362 4712 437 4780 ei
452 4703 592 4769 219;
626 4714 734 4780 tum
780 4701 994 4780 demum
1043 4701 1107 4762 ex
1149 4701 1386 4780 Socrate,
1415 4701 1514 4780 ﬁni
1537 4701 1679 4780 libro
1706 4701 1779 4771 tv,
1886 4701 2079 4765 similia
2119 4701 2368 4780 Origenis
2392 4701 2550 4780 verba
2592 4726 2712 4777 pag.
2750 4711 2847 4762 115
2875 4701 2907 4780 ᾖ
2937 4724 3019 4780 me
3044 4701 3224 4760 aliata.

218 4771 458 4848 εθρηὲὅ,
477 4789 611 4848 o_pus
635 4777 801 4848 hocce
825 4777 1087 4846 appellat:
1121 4779 1195 4832 Τὰ
1221 4780 1352 4846 περὶ
1376 4771 1626 4845 Τριάδος
1653 4781 1786 4848 τρία

216 4840 450 4903 βιϐλία.
490 4843 645 4898 Parvi
681 4840 907 4901 forsitan"
936 4851 1187 4903 momenti
1216 4840 1481 4904 videbitur
1523 4840 1636 4903 hee'c
1678 4840 1776 4902 ad-

219 4914 434 4986 notatio
457 4952 473 4977 ,
501 4916 593 4986 sed
626 4916 799 4983 reipsa
837 4932 940 4970 non
972 4929 1054 4971 est
1096 4919 1400 4986 huiusmodi
1428 4936 1441 4983 ;
1472 4919 1613 4972 valet
1640 4920 1784 4972 enim

220 4982 369 5058 idid
397 4982 825 5058 conﬁrmandum
860 4988 1002 5055 quod
1027 4982 1184 5053 volo;
1216 4989 1368 5041 citari
1405 5004 1596 5056 nempe
1630 4991 1719 5042 hic
1753 5004 1783 5041 a

222 5048 451 5126 pidymo
475 5068 609 5120 opus
632 5054 705 5108 De
728 5048 930 5125 Spiriiu
949 5068 1125 5110 sancto
1158 5048 1224 5111 ab
1257 5048 1580 5126 llieronynio
1606 5072 1783 5112 trans-

222 5117 412 5186 latum,
455 5117 561 5175 non
605 5140 731 5177 vero
766 5117 1069 5180 secundum
1118 5142 1184 5180 ex
1233 5130 1401 5180 lrihus
1455 5117 1599 5181 hisce
1632 5127 1783 5181 libris

221 5188 295 5264 Qa
336 5190 623 5264 Trinitate,
658 5196 903 5262 quamvis
940 5197 1081 5249 hunc
1114 5196 1368 5250 librarius
1406 5198 1738 5264 inscripserit
1769 5215 1780 5249 :

224 5259 356 5326 Περὶ
388 5260 496 5314 τοῦ
526 5259 697 5331 ἀτίοὺ
725 5268 1088 5334 ΙΙνεύματος,
1116 5267 1166 5319 id
1198 5279 1300 5329 est,
1325 5266 1397 5321 De
1434 5259 1633 5334 Spiritu
1661 5284 1785 5320 san-

226 5338 324 5391 cto,
356 5344 639 5403 propterea
669 5337 808 5403 quod
842 5339 906 5389 de
930 5338 1127 5402 Spiritu
1158 5349 1342 5390 sancto
1368 5338 1439 5389 ibi
1486 5352 1662 5391 sermo
1693 5339 1781 5402 sit,

226 5409 373 5473 Sicut
388 5403 453 5455 de
480 5402 619 5455 Filio
642 5402 820 5457 sermo
846 5417 929 5458 est
955 5407 1005 5459 in
1036 5406 1208 5473 prium
1238 5407 1391 5459 ilbl‘t).

219 5471 405 5590 δώσει)
438 5472 518 5524 Ab
552 5473 859 5529 immortali.
891 5471 1089 5539 Codex,
1124 5474 1200 5544 τῷ
1236 5475 1468 5547 θανάτῳ.
1514 5477 1676 5547 Lego,
1708 5478 1785 5549 τῷ

289 5557 489 5590 ινατω.

289 5557 489 5595 ανατω.

286 5560 722 5749 igneam”.
776 5613 976 5679 Codex,
1024 5615 1412 5687 ἀντιστρόπως.
1444 5617 1605 5685 Lego,
1635 5619 1783 5671 ἀντι-

354 5699 485 5744 τως.

218 5694 485 5744 arma);

277 5754 398 5815 (δι)
432 5751 572 5804 Deus
597 5762 705 5826 est.
755 5752 876 5806 Haec
918 5754 1092 5806 addidi
1135 5770 1200 5809 ex
1233 5757 1538 5826 conjectura
1570 5774 1585 5819 ;
1623 5759 1778 5813 deest

217 5825 360 5873 enim
392 5823 701 5875 voeabuluut
736 5826 948 5891 aliquod
978 5825 1026 5875 in
1055 5827 1259 5881 codice.
1292 5823 1377 5881 ei.
1408 5845 1485 5895 gr.
1524 5826 1673 5889 Θεὸς.

454 5914 725 5974 ΡΑτιιοιμ
766 5914 883 5973 Gs.
920 5914 1218 5975 XXXIX.

1957 4783 2067 4852 (85)
2104 4777 2370 4847 ϐονροτεὶ.
2402 4779 2455 4833 In
2485 4778 2693 4852 Graeco,
2731 4777 3008 4848 ὀφθαλμοῦ
3044 4779 3308 4852 ὄμματος.
3347 4778 3454 4831 Ita-

1885 4848 1990 4920 que
2019 4848 2109 4904 aut
2144 4852 2418 4920 legendum
2449 4849 2721 4919 σώματος,
2754 4852 2802 4902 id
2834 4859 2936 4909 est,
2968 4867 2985 4898 ι
3015 4848 3284 4918 corporis,
3312 4868 3329 4899 ι
3358 4864 3455 4920 pro

1885 4921 2152 4991 ὄμματος,
2204 4931 2261 4971 ut
2304 4921 2415 4988 ipse
2463 4922 2728 4991 legi;raut
2778 4922 3094 4991 alterutrum
3128 4933 3199 4991 ex
3246 4921 3456 4973 duobus

1886 4989 2159 5044 voeabulis
2208 5006 2274 5042 ex
2332 4990 2572 5057 margine
2610 4990 2659 5040 in
2693 4999 2893 5042 textum
2951 4989 3231 5055 irrepsisse
3267 5000 3456 5058 putan-

1886 5064 2011 5113 dum
2048 5073 2157 5121 est;
2201 5069 2293 5112 aut
2321 5061 2533 5114 demum
2561 5058 2716 5129 ὄμμα
2751 5074 2857 5113 non
2899 5059 3132 5120 oculum,
3167 5060 3258 5113 sed
3294 5059 3454 5112 visio-

1886 5146 2005 5186 nem
2032 5133 2269 5184 deuolat.

1956 5200 2067 5271 (84)
2096 5200 2268 5254 Recte.
2300 5198 2477 5253 Codex
2519 5198 2779 5270 όρθῷ,....
2800 5197 3007 5271 ,τρόπω
3049 5197 3127 5271 τῷ
3159 5198 3452 5268 εἰρημένῳ,

1886 5272 1938 5326 id
1969 5269 2069 5333 est,
2122 5291 2139 5322 ι
2165 5280 2310 5323 recto
2355 5284 2516 5322 sensu
2554 5269 2712 5337 quem
2761 5270 2896 5323 dixi.
2924 5288 2943 5319 ι
2980 5269 3084 5323 Sed
3135 5271 3454 5324 CODCIIIDiOl‘

1886 5344 2097 5395 videtur
2121 5341 2299 5405 lectio,
2321 5339 2517 5410 ὀρθῶς.

1957 5413 2069 5482 (85)
2104 5412 2272 5466 Sicut.
2309 5409 2465 5464 JOan.
2498 5424 2551 5482 v_,
2579 5409 2670 5471 εδ,
2700 5411 2789 5467 27.

1957 5479 2069 5551 (86)
2108 5483 2249 5548 Quos
2277 5482 2485 5551 dedisti.
2516 5479 2668 5533 Joan.
2697 5497 2833 5545 xvn,
2871 5482 2923 5537 6.

1959 5546 2068 5620 (87)
2102 5546 2255 5605 Mihi.
2306 5550 2491 5604 Graeca
2540 5552 2705 5604 editio
2764 5554 2851 5607 hic
2909 5552 3078 5613 addit,
3120 5554 3184 5605 ὲκ
3236 5547 3329 5601 τοῦ
3367 5546 3462 5620 κό-

1889 5609 2062 5693 σμὸυ,’
2085 5626 2133 5674 id
2161 5635 2265 5682 est,
2306 5640 2323 5670 ι
2351 5636 2412 5672 ex
2452 5623 2668 5676 mundo.
2698 5641 2716 5673 ι
2755 5624 2885 5689 Quae
2915 5609 3076 5678 verba
3101 5623 3153 5675 in
3187 5618 3461 5675 nonnullis

1888 5695 2179 5748 Bibliorum
2214 5692 2490 5745 codicibus
2529 5692 2744 5745 desunt.

1936 5706 2179 5746 IIIIIOI‘IIID
2214 5706 2490 5745 COGICIDIIS
2529 5706 2744 5745 αθειιηι.

1957 5762 2064 5835 (88)
2106 5760 2315 5815 Omnia.
2352 5760 2531 5814 Matth.
2570 5777 2644 5825 XI,
2675 5762 2762 5815 ‘27.

3060 5918 3135 5975 23
