4060 6406
678 346 783 404 875

1907 343 2144 404 DlDYMl
2180 346 2644 405 ALEXANDRINI
3740 352 3819 406 876

675 462 886 536 est(89)
914 463 1044 520 mihi
1069 463 1244 519 omnis
1264 471 1500 534 potestas
1519 462 1572 519 in
1595 466 1753 532 caelo,
1773 475 1828 522 et
1857 468 1910 522 in
1939 478 2112 534 terra;
2153 485 2174 520 ι
2195 483 2226 523 e

2319 518 2321 528 _
2357 487 2375 520 ι
2414 467 2598 540 Ἐδόθη
2637 486 2725 539 μοι
2757 469 2903 522 πᾶσα
2919 468 3133 533 ἐξουσία
3150 470 3207 522 ἐν
3239 467 3448 539 οὐρανῷ
3480 467 3563 522 καὶ⁸
3587 468 3780 541 ἐπιγῆςι
3805 491 3820 522 ι

675 557 843 611 verba
892 555 1148 610 Davidis:
1176 553 1443 611 «Postula
1496 555 1609 627 (90)
1645 573 1674 612 a
1718 573 1830 624 me,
1885 566 1940 613 et
1987 559 2125 614 dabo
2149 557 2242 614 tibi

677 659 863 717 gentes
899 647 1263 701 haereditatem
1294 655 1465 709 tuam,
1513 657 1566 702 et
1593 656 1908 716 potestatem
1954 657 2100 702 tuam
2139 656 2245 702 ter-

679 739 853 792 minos
890 746 1080 802 terrae;
1121 756 1140 787 ›
1171 746 1226 790 et
1254 737 1357 792 alia
1389 738 1471 792 his
1519 737 1733 804 similia,
1787 737 2109 794 ineﬁ‘abilem
2159 738 2245 793 ln-

677 828 1048 884 carnationem
1076 829 1240 898 376
1266 829 1540 883 denotant.
1574 829 1705 884 Rem
1745 841 1926 885 autem
1974 831 2048 886 ita
2073 846 2132 886 se
2153 832 2245 885 ba-

676 919 806 974 bere
837 929 1041 973 certum
1079 929 1184 984 est,
1221 919 1382 988 idque
1413 928 1565 974 extra
1586 921 2008 975 controversiam
2041 929 2242 989 ponunt

675 1011 838 1065 verba
865 1011 999 1073 haec,
1033 1025 1151 1079 quae
1203 1011 1383 1065 statim
1409 1009 1773 1080 adjunguntur
1807 1028 1820 1065 :
1865 1030 1881 1062 ι
1908 1010 2042 1077 Quia
2071 1010 2240 1066 Filius

675 1100 910 1156 hominis
967 1110 1089 1168 est;
1122 1119 1140 1151 ι
1185 1109 1244 1155 ut
1306 1100 1530 1170 proinde
1597 1115 1806 1167 omnes,
1855 1103 1947 1169 qui
1975 1101 2150 1154 anima
2175 1115 2239 1156 ac

674 1206 836 1246 sensu
869 1190 1027 1260 plane
1054 1190 1296 1244 destituti
1328 1204 1430 1242 non
1459 1189 1586 1254 sint,
1614 1191 1768 1245 nobis
1785 1201 2240 1260 coganturassen-

675 1282 790 1335 tiri.
821 1280 954 1334 Nam
1013 1295 1133 1334 cum
1189 1279 1476 1335 benevolus
1521 1289 1667 1334 esset
1714 1289 1900 1335 nostro
1945 1282 2150 1351 generi,
2183 1291 2237 1336 et

672 1372 971 1427 voluntarie
991 1371 1167 1425 factus
1183 1380 1326 1426 esset
1351 1386 1554 1441 pauper
1574 1387 1757 1436 carne,
1783 1373 2236 1441 quemadmodum

675 1464 862 1520 scribit
893 1462 1089 1518 Paulus
1121 1462 1256 1534 (9i),
1284 1472 1341 1517 ut
1361 1478 1484 1526 nos,
1515 1463 1604 1534 qui
1635 1464 1957 1518 omnimodis
2011 1463 2237 1533 iacturis

673 1565 728 1610 et
761 1555 1147 1609 mutationibus
1181 1569 1302 1608 cum
1330 1566 1552 1625 propter
1600 1566 1756 1610 vetus
1784 1566 2083 1624 peccatum,
2123 1565 2233 1610 tum

672 1659 892 1719 propter
927 1647 1169 1702 recentia
1200 1646 1418 1701 obnoxii
1471 1660 1709 1710 eramus,
1756 1647 1873 1716 ejus
1924 1655 2235 1715 paupertate

2342 560 2436 612 καὶ
2468 559 2562 613 τοῦ
2599 560 2760 612 Δαυῖδ
2780 576 2793 590 ο
2835 579 2852 612 ι
2879 560 3106 630 Αῖτησαι
3149 560 3278 628 παρ’
3309 557 3460 628 ἐμοῦ.
3499 558 3583 611 καὶ
3609 557 3737 611 δώσω
3762 577 3824 613 σοι

2340 652 2470 722 ἔθνη
2501 653 2598 722 τὴν
2643 651 3004 722 κληρονομίαν
3043 669 3138 706 σου
3166 651 3293 722 [179
3316 649 3366 721 b]
3407 691 3420 714 ,
3443 649 3530 702 καὶ
3570 648 3657 720 τὴν
3698 649 3826 702 κατὰ·

2343 742 2523 813 σχεσίν
2557 759 2649 795 σου
2673 742 2741 794 τά
2782 742 2990 812 πέρατα
3043 743 3142 813 τῆς
3166 742 3296 812 γῆς·
3325 759 3344 792 ι
3395 741 3483 794 καὶ
3511 741 3598 793 ὅσα
3631 739 3822 803 τοιαῦτα,

2339 835 2436 907 τὴν
2477 836 2754 906 ἄφραστον
2790 835 3095 904 οἰκονομίαν
3137 833 3302 904 δηλοῖ.
3346 831 3452 886 Καὶ
3495 831 3679 902 ἄμαχον
3705 830 3827 883 τοῦτο

2339 927 2497 981 πλέον
2528 929 2688 989 ποιεῖ,
2723 926 2816 979 καὶ
2860 926 3064 988 πάντας
3095 926 3410 993 ἀναγκάζει,
3445 922 3559 985 τούς
3587 939 3642 990 γε
3679 923 3738 992 μὴ
3763 938 3824 974 τε·

2338 1017 2473 1081 λέως
2498 1017 2754 1086 ἀψύχους,
2807 1015 3147 1069 συντίθεσθαι
3183 1017 3314 1085 ἡμῖν
3354 1014 3412 1067 τὸ
3442 1015 3588 1075 εὐθὺς
3621 1014 3827 1082 προσκεῖ-

2341 1109 2492 1162 σθαι’
2533 1127 2550 1160 t
2579 1109 2698 1162 ’Ὁτι
2736 1108 2860 1172 Υἱὸς
2897 1107 3186 1179 ἀνθρώπου
3233 1107 3398 1161 ἐστίν.
3422 1124 3438 1156 ι
3488 1104 3715 1175 Εὑμενῶς
3746 1102 3826 1172 γὰρ

2337 1198 2472 1268 ἔχων
2526 1197 2660 1268 πρὸς
2709 1197 2770 1250 τὸ
2820 1197 2974 1265 γένος
3012 1197 3198 1266 ἡμῶν,
3243 1195 3338 1248 καὶ
3384 1194 3516 1248 ἐκὼν
3565 1192 3829 1262 πτωχεύσεις

2339 1289 2520 1358 σαρκὶ,
2549 1289 2624 1352 ὠς
2667 1288 2868 1358 γράφει
2898 1289 2926 1339 ὁ
2963 1287 3192 1352 Παῦλος,
3228 1287 3294 1340 ἵν’
3331 1288 3504 1358 ἡμεῖς,
3528 1287 3572 1338 ol
3600 1284 3830 1344 παντοίαις

2338 1378 2558 1448 βλάϐαις
2591 1379 2682 1432 καὶ
2717 1378 3055 1449 μεταϐολαῖς,
3077 1377 3165 1430 διά
3193 1394 3252 1430 τε
3282 1379 3381 1448 τὴν
3410 1376 3626 1448 ἀρχαίαν
3654 1374 3736 1427 καὶ
3755 1373 3830 1435 τὰς

2337 1471 2680 1540 προσφάτους
2745 1469 3050 1540 ἁμαρτίας,
3109 1469 3490 1539 ὑποκείμενοι,
3545 1469 3607 1536 τῇ
3667 1465 3830 1520 ἐκείνου

2333 1559 2574 1630 πτωχείᾳ
2608 1559 2994 1630 πλουτήσωμεν
3012 1576 3025 1589 ·
3061 1559 3154 1612 καὶ
3181 1560 3344 1613 πᾶσιν
3375 1557 3672 1630 προσφόρως
3701 1569 3833 1624 1:906-

2335 1651 2660 1721 φερόμενος,
2717 1653 2782 1721 τῇ
2843 1653 2971 1722 ἡμῖν
3024 1651 3303 1722 συντρόφῳ
3357 1649 3550 1721 ἐχρῆτο
3599 1646 3832 1714 διαλέκτῳ,

671 1739 1085 1800 ditesceremus,
1121 1751 1350 1804 cumque
1385 1737 1542 1790 modo
1575 1736 1824 1791 omnibus
1865 1737 1982 1790 utili
2011 1751 2070 1791 se
2092 1751 2229 1807 gere-

2333 1742 2480 1805 ὄπως
2525 1741 2622 1812 τὴν
2667 1741 2974 1811 οἰκονομίαν
3025 1741 3312 1812 συνιῶμεν,
3359 1742 3434 1812 μὴ
3472 1739 3544 1808 τῷ
3587 1739 3717 1806 ὄγκῳ
3758 1735 3834 1804 τῆς

671 1839 774 1894 ret,
809 1829 1038 1884 dialecto
1098 1828 1253 1882 nobis
1310 1827 1378 1882 ab
1418 1827 1745 1882 incunabilis
1783 1827 2031 1882 familiari
2056 1829 2229 1883 uteba-

2336 1833 2484 1896 θείας
2535 1809 3008 1903 ἀποθαμϐού-μενοι
3059 1809 3330 1902 φράσεως.
3361 1809 3566 1902 ’Ἴῖρκει
3626 1826 3838 1898 γάρκαὶ

672 1930 781 1988 tur,
810 1929 870 1974 ut
896 1921 1324 1975 lncarnationem
1356 1919 1802 1989 intelligeremus,
1842 1934 2014 1988 neque
2035 1935 2134 1974 nos
2153 1921 2236 1974 di-

668 2012 810 2066 vina;
845 2011 1127 2068 locutionis
1155 2009 1458 2064 sublimitas
1489 2011 1957 2078 obstupefaceret;
1999 2010 2081 2065 vel
2125 2011 2236 2065 sola

670 2103 813 2159 enim
839 2102 1093 2156 miracula
1121 2101 1255 2156 satis
1312 2100 1673 2155 ostendebant
1718 2100 1891 2168 ipsum
1919 2115 2040 2155 esse
2069 2101 2233 2154 Deum

670 2195 806 2250 initii
838 2205 1133 2265 expertem,
1196 2210 1259 2250 ac
1316 2194 1516 2249 nullius
1563 2203 1843 2263 egentem:
1875 2195 2010 2249 adeo
2039 2205 2098 2248 ut
2130 2211 2236 2248 mo-

669 2287 820 2341 deste
847 2285 1070 2353 loquens
1097 2285 1259 2338 etiam
1289 2283 1403 2338 haec
1425 2283 1625 2338 dixerit
1658 2301 1671 2338 :
1710 2301 1729 2335 ι
1763 2281 1957 2352 Vulpes
1982 2284 2094 2353 agri
2123 2284 2232 2353 (9‘2)

669 2375 851 2431 foveas
879 2376 1098 2440 habent,
1142 2383 1198 2429 et
1244 2373 1613 2442 volucres(95)
1651 2371 1772 2427 caeli
1837 2373 2022 2438 nidos;
2065 2373 2234 2429 Filius

669 2479 845 2524 autem
872 2466 1110 2523 hominis
1136 2481 1241 2520 non
1273 2467 1435 2520 habet
1471 2466 1558 2519 ubi
1585 2475 1748 2534 caput
1788 2464 2011 2519 inclinet
2041 2465 2153 2536 (94)
2181 2483 2226 2518 ε»

668 2575 769 2615 nec
787 2560 930 2615 enim
965 2558 1080 2630 (95)
1099 2560 1514 2614 decebatrerum
1545 2559 1788 2612 omnium
1825 2556 2230 2628 dominum(96)

668 2653 870 2722 aliquid
907 2651 960 2706 in
993 2663 1136 2705 terra
1191 2651 1492 2721 possidere,
1547 2650 1689 2720 quod
1735 2648 1849 2717 ejus
1872 2649 2033 2704 veluti
2065 2665 2228 2720 pecu-

667 2743 879 2797 liariter
935 2741 1211 2812 pr0prium
1265 2750 1425 2796 esset.
1466 2738 1735 2795 Praeterea
1789 2754 1919 2795 vero
1957 2755 2077 2795 eum
2110 2741 2231 2810 qui-

647 2837 812 2900 -dem,
844 2834 934 2904 qui
963 2834 1104 2887 Deus
1133 2842 1272 2895 erat.
1301 2843 1356 2887 et
1390 2833 1474 2886 cui
1521 2833 1663 2887 nulla
1723 2847 1956 2901 unquam
1987 2846 2108 2886 cum
2134 2833 2231 2885 ho-

666 2926 899 2982 minibus
955 2925 1172 2995 querela
1205 2933 1298 2978 aut
1325 2925 1598 2980 contentio
1623 2923 1742 2990 fuit,
1781 2923 2064 2993 oportebat
2093 2936 2230 2992 quo-

666 3018 952 3071 dammodo
981 3032 1042 3071 ea
1077 3016 1243 3085 loqui,
1271 3031 1388 3084 quae
1414 3016 1659 3070 humana:
1706 3014 1998 3069 conditioni
2028 3027 2226 3069 conve-

667 3107 867 3162 nientia
906 3105 1082 3162 forent
1131 3121 1194 3160 ac
1227 3107 1502 3161 modesta:
1529 3108 1667 3176 quod
1691 3106 2090 3160 serenissimam
2110 3107 2228 3174 qui-

667 3199 786 3253 dem
821 3197 1010 3266 ipsius,
1048 3197 1388 3265 maximeque
1445 3196 1694 3261 beatam,
1744 3203 1797 3250 et
1821 3195 1999 3248 omnia
2053 3195 2224 3250 conti-

666 3298 880 3344 nentem
902 3298 1143 3342 naturam
1177 3288 1307 3341 nihil
1338 3287 1579 3349 laedebat,
1607 3286 1757 3341 nobis
1781 3299 1905 3340 vero
1927 3286 2176 3354 proderat
2207 3309 2220 3342 :

666 3395 880 3448 semper
915 3379 1058 3435 enim
1091 3379 1205 3448 ipse
1257 3379 1476 3448 respicit
1509 3393 1614 3432 non
1649 3378 1918 3447 propriam
1945 3378 2027 3432 sui
2052 3377 2222 3446 ipsius

665 3472 1021 3536 altitudinem,
1055 3471 1146 3526 sed
1179 3471 1452 3524 hominum
1498 3469 1870 3539 abjectionem.
1933 3469 2221 3538 lpsummet

663 3577 791 3616 vero
817 3561 943 3615 mihi
998 3559 1403 3630 suffragatorem
1439 3558 1632 3614 faciam
1682 3560 1794 3613 hazc
1827 3559 2091 3614 dicentem
2118 3558 2220 3614 Pe-

667 3664 746 3708 tro
768 3671 782 3706 :
814 3653 916 3709 «Ut
932 3652 1246 3722 autetn(97),
1265 3651 1466 3720 inquit,
1483 3667 1585 3706 non
1609 3651 2032 3707 scandalizemus
2047 3653 2214 3722 ipsos,

667 3748 796 3804 vade
830 3749 880 3801 in
921 3762 1088 3808 mare.
1119 3745 1354 3813 etjacito
1383 3747 1620 3807 hamum,
1650 3752 1704 3798 et
1726 3759 1846 3797 enm
1879 3743 2099 3813 piscem,
2123 3744 2215 3814 qui

663 3839 864 3906 primus
886 3839 1207 3901 ascenderit,
1233 3835 1381 3900 tolle,
1406 3844 1460 3891 et
1489 3845 1675 3905 aperto
1694 3849 1788 3890 ore
1814 3835 1949 3903 ejus,
1977 3835 2218 3890 invenies

662 3941 913 3987 staterem
942 3952 953 3986 :
985 3941 1039 3985 et
1071 3929 1181 4000 (98)
1217 3929 1360 3983 illum
1403 3943 1643 3994 sumens,
1703 3930 1770 3982 da
1805 3929 1884 3982 eis
1907 3943 2006 3997 pro
2030 3942 2134 3992 me,
2162 3934 2216 3981 et

663 4033 733 4078 te.
758 4042 776 4075 ι
812 4021 1092 4077 Hominem
1149 4035 1275 4076 vero
1309 4020 1419 4091 (99)
1467 4035 1530 4074 ea
1579 4020 1738 4074 verba
1777 4033 2058 4088 usurpare,
2095 4031 2212 4088 quae

2337 1924 2472 1995 μόνα
2497 1923 2565 1977 τὰ
2595 1922 2847 1993 θαύματα
2875 1923 3148 1992 ἐκφαίνειν
3175 1923 3278 1992 τὴν
3309 1921 3538 1992 ἄναρχον
3565 1919 3652 1972 καὶ
3673 1920 3838 1987 ἀπροσ-

2330 2016 2424 2086 δεῆ
2465 2013 2627 2068 αὐτοῦ
2667 2014 2926 2086 οεότητα’
2965 2013 3038 2078 ὡς
3085 2012 3441 2085 μετριάζοντα
3477 2012 3566 2066 καὶ
3601 2009 3742 2064 τοῦτο
3773 2007 3839 2061 λέ·

2331 2123 2475 2175 γειν·
2514 2125 2533 2158 t
2560 2107 2622 2158 Αί
2678 2104 2955 2168 ἀλώπεκες
2999 2104 3092 2157 τοῦ
3158 2104 3326 2175 ἀγροῦ
3367 2103 3600 2173 φωλεοὺς
3647 2102 3835 2172 ἔχουσιν,

2331 2200 2426 2252 καὶ
2458 2199 2524 2252 τὰ
2579 2198 2789 2267 πετηνὰ
2834 2196 2926 2250 τοῦ
2979 2197 3208 2266 οὐρανοῦ
3256 2194 3711 2266 κατασκηνώσειςο
3738 2193 3763 2244 ὁ
3797 2190 3840 2244 δὶ

2331 2290 2458 2354 Υἱὸς
2488 2289 2580 2343 τοῦ
2612 2287 2893 2359 ἀνθρώπου
2935 2289 3035 2341 οὐκ
3067 2289 3178 2358 ἔχει
3209 2287 3310 2340 ποῦ
3357 2287 3456 2358 τὴν
3495 2285 3717 2355 κεφαλὴν
3754 2280 3840 2335 xli-

2330 2398 2478 2437 ναι.»
2513 2383 2586 2434 Οὐ
2633 2382 2741 2452 γὰρ
2790 2381 2894 2434 ἔδει
2939 2381 3029 2434 τὸν
3084 2382 3360 2450 Δεσπότην
3410 2377 3602 2442 ίδιάζον
3645 2391 3747 2437 πως
3771 2370 3841 2425 ἐπὶ

2330 2470 2432 2538 γῆς
2458 2487 2509 2522 τι
2543 2469 2860 2539 κεκτῆσθαι.
2890 2471 2999 2522 Καὶ
3023 2469 3196 2532 ἄλλως
3222 2469 3280 2522 δέ
3319 2487 3440 2533 πως
3477 2467 3565 2522 τὸν
3595 2465 3713 2519 Θεὸν
3748 2461 3840 2531 μὲν,

2328 2555 2372 2629 ᾧ
2408 2561 2627 2628 ἔνδειξις
2658 2563 2751 2616 καὶ
2783 2562 2895 2634 ἔρις
2937 2563 3073 2634 πρὸς
3111 2560 3433 2632 ἀνθρώπους
3465 2551 3843 2614 οὑδέποτεόὒδε·

2333 2654 2450 2725 μία,
2496 2654 2936 2725 ἁνθρωποπρεπῆ
2985 2655 3079 2707 καὶ
3136 2653 3503 2724 μετριόφρονα
3561 2642 3843 2718 φθέγξασθαι

2329 2744 2580 2815 χρειῶδες
2613 2741 2702 2815 ἦν,
2747 2745 2841 2797 καὶ
2869 2744 3019 2796 οὐδὲν
3055 2745 3150 2814 μὲν
3191 2743 3287 2814 τὴν
3323 2741 3687 2814 γαληνοτάτην
3711 2730 3842 2788 αὑτοῦ

2328 2837 2422 2888 καὶ
2467 2837 2643 2890 πάντα
2693 2836 3048 2907 περιέχουσαν
3096 2835 3254 2904 φύσιν
3299 2833 3693 2895 καταϐλάπτον,
3730 2827 3844 2898 ἡμᾶς

2326 2925 2381 2979 δὲ
2435 2926 2774 2999 εὐεργετοῦν.
2817 2927 2949 2998 Ὁρᾷ
2997 2926 3103 2997 γάρ
3147 2926 3233 2979 ἀεὶ
3283 2927 3346 2978 οὑ
3405 2924 3544 2997 πρὸς
3593 2923 3650 2975 τὸ
3687 2919 3842 2973 οἰκεῖον

2328 3016 2480 3086 ὕψος,
2516 3018 2650 3088 πρὸς
2683 3017 2738 3071 δὲ
2767 3017 2826 3070 τὸ
2853 3015 3150 3088 ἀνθρώπων
3177 3016 3458 3070 ταπεινόν.
3486 3015 3653 3068 Αὐτὸν
3678 3011 3726 3063 δὲ
3751 3006 3846 3060 συλ-

2326 3108 2570 3180 λήπτορα
2630 3110 2956 3177 ποιήσομαι,
3001 3105 3224 3174 λέγοντα
3274 3107 3500 3176 Πέτρῳο
3546 3122 3566 3156 ι
3594 3104 3699 3155 Ἵνα
3743 3097 3840 3158 δὲ.»

2327 3200 2480 3270 φησὶ,
2531 3215 2549 3248 t
2579 3197 2652 3268 μὴ
2697 3197 3141 3267 σκανδαλίσωμεν
3192 3196 3428 3260 αὐτοὺς,
3479 3192 3744 3266 πορευθεὶς
3788 3187 3848 3248 εἰς

2327 3289 2617 3351 Θάλασσαν,
2663 3287 2788 3358 βάλε
2833 3288 3147 3357 ἄγκιστρον,
3197 3288 3289 3340 καὶ
3347 3287 3478 3359 [180
3515 3285 3570 3357 a]
3611 3283 3697 3337 τὸν
3741 3280 3844 3333 ἀνα·

2325 3380 2492 3434 ϐάντα
2541 3379 2750 3447 πρῶτον
2807 3378 2954 3448 ἰχθῦν
3007 3374 3168 3450 ιῖιρον⁸
3214 3379 3310 3432 καὶ
3359 3377 3582 3442 ἀνοίξας
3617 3375 3674 3428 τὸ
3711 3369 3848 3438 στόμα

2321 3468 2506 3532 αὐτοῦ,
2547 3469 2796 3539 εὑρήσεις
2838 3467 3106 3538 στοιτῆρα⁸
3147 3467 3238 3520 καὶ
3289 3469 3506 3520 ἐκεῖνον
3559 3463 3742 3524 λαϐὼν,
3781 3456 3848 3517 δὺς

2320 3560 2501 3622 αὐτοῖς
2530 3559 2650 3611 ἀντὶ
2682 3557 2814 3627 ἐμοῦ
2856 3558 2950 3609 κα)⁸
2980 3555 3095 3609 σοῦ.
3119 3575 3137 3608 ι
3181 3555 3512 3627 ’Ἄνθρωπον
3548 3553 3603 3606 δὲ
3637 3548 3744 3620 Θεῷ
3775 3546 3851 3616 ἀρα

2327 3653 2556 3724 μόζοντα
2600 3654 2819 3724 ῥήματα
2857 3650 3106 3719 ἀφιέναι,
3147 3649 3206 3703 οὐ
3257 3648 3452 3720 θέμις·
3489 3647 3608 3701 ἐπεὶ
3649 3643 3734 3697 καὶ
3775 3639 3850 3708 βα-

2325 3743 2459 3796 σιλεῖ
2520 3744 2599 3796 ὅτι
2654 3741 2886 3812 μάλιστα
2949 3741 3146 3811 πρέπει
3207 3741 3612 3811 μετριολογεῖν·
3671 3730 3851 3807 μείζονα

2320 3834 2426 3905 γὰρ
2453 3835 2515 3887 ἐκ
2540 3833 2725 3886 τούτου
2756 3833 3058 3905 καρποῦται
3097 3833 3273 3899 δόξαν,
3305 3834 3407 3886 καὶ
3439 3835 3522 3896 είς
3552 3829 3713 3900 αὐτὴν
3749 3825 3851 3878 ἀνα-

2321 3927 2541 3996 φέρεται
2573 3927 2668 3996 τῆς
2711 3926 2872 3996 τιμῆς
2914 3926 3012 3993 τὴν
3048 3924 3331 3995 κορυφήν.
3371 3924 3606 3995 ὑπηκόῳ
3642 3920 3695 3972 δὲ
3731 3915 3852 3987 βασι,

2317 4017 2470 4080 λικάς
2508 4019 2687 4087 φωνὰς
2723 4017 2996 4088 ἐκφέρειν,
3038 4015 3382 4086 ἀσύμφορον.

661 4121 771 4175 Deo
815 4118 1157 4182 conveniunt,
1213 4115 1361 4172 nefas
1409 4126 1526 4171 est:
1571 4131 1693 4170 nam
1758 4129 1938 4186 regem
1997 4128 2212 4184 quoque
2251 4128 2410 4182 quam
2455 4116 2685 4168 maxime
2717 4114 2870 4168 decet
2906 4113 3146 4167 modeste
3194 4111 3388 4181 loqui;
3458 4111 3716 4180 majorem
3738 4098 3850 4156 enim

658 4230 726 4268 ex
756 4213 856 4268 hoc
877 4211 1102 4284 percipit
1127 4211 1371 4280 gloriam,
1413 4210 1696 4279 atquehac
1723 4208 1930 4263 ratione
1955 4207 2218 4278 adjpsum
2242 4206 2403 4278 377
2437 4207 2655 4262 honoris
2679 4208 2882 4276 apicem
2913 4203 3225 4260 extollitur:
3264 4212 3356 4258 ast
3426 4203 3506 4268 ei,
3573 4201 3658 4270 qui
3698 4193 3851 4251 subdi-

661 4312 746 4358 tus
777 4304 863 4367 sit,
895 4317 1078 4372 regum
1113 4315 1260 4354 more
1290 4299 1431 4369 loqui
1471 4298 1866 4353 inconducibile
1893 4306 1998 4352 est.

728 4392 912 4463 ltaque
936 4389 1388 4462 cum‘Altissimus
1412 4387 1570 4452 foret,
1592 4403 1656 4443 ac
1681 4386 1773 4443 Dei
1793 4385 2024 4442 Verbum
2049 4385 2212 4441 verba
2246 4387 2289 4443 D

658 4488 839 4541 omnia
899 4483 1310 4553 supergrediens
1377 4481 1646 4544 Christus,
1697 4481 1872 4535 locum
1941 4477 2215 4533 habebant

659 4576 876 4633 humilia
915 4575 1083 4644 ipsius
1117 4572 1280 4628 dicta.
1312 4573 1380 4626 At
1413 4580 1621 4639 contra,
1652 4572 1698 4626 si
1733 4579 1982 4626 creatura
2011 4569 2055 4623 is
2081 4567 2214 4622 fuis-

658 4679 768 4730 set.
808 4666 980 4721 locum
1009 4681 1116 4720 non
1145 4665 1462 4720 habuissent
1509 4679 1628 4733 qua:
1655 4663 1973 4729 loquebatur
1999 4659 2212 4714 excelsa

659 4769 821 4828 atque
863 4758 1133 4813 sublimia.
1185 4756 1466 4823 Quomodo
1507 4755 1650 4810 enim
1699 4754 1814 4809 fieri
1865 4759 2095 4821 poterat,
2154 4758 2214 4804 ut

658 4849 822 4903 vitam
863 4849 1130 4918 acciperet
1172 4848 1303 4912 vita,
1336 4853 1428 4901 aut
1479 4854 1801 4917 potestatem
1830 4841 2102 4911 acciperet
2122 4839 2210 4895 ille

727 5046 836 5118 (89)
867 5047 1002 5118 Data
1037 5057 1132 5103 est.
1159 5047 1346 5102 Matth.
1375 5043 1678 5118 xxv11t,18.

727 5115 838 5189 (90)
867 5117 1107 5189 Eouula.
1128 5118 1272 5189 Psal.
1301 5133 1361 5183 tt,
1387 5132 1528 5189 vers.
1553 5115 1607 5170 8.

728 5185 841 5257 (9t)
870 5186 1093 5257 gaulus.
1126 5185 1168 5241 ll
1201 5187 1325 5257 Cor.
1351 5202 1468 5252 νιιι,
1499 5185 1551 5241 9.

723 5249 841 5335 (92)⁸
883 5255 1235 5335 γηέρεςρῃνὶ.
1277 5249 1462 5335 Matth.
1491 5251 2072 5335 Vtt_t,20,.etLuc.._tx,

651 5321 789 5391 νοις,
815 5321 1033 5396 ἀγροῦ,
1055 5327 1108 5382 id
1135 5321 1253 5390 vest,
1286 5345 1304 5378 ‹
1332 5327 1466 5396 agri,
1487 5343 1506 5378 ι
1542 5328 1694 5380 deest
1739 5324 1794 5377 in
1828 5322 2079 5378 omnibus
2118 5321 2209 5375 Bi-

650 5399 882 5453 bliorutn
902 5395 1255 5450 ieditionibus.

720 5488 831 5560 (95)
871 5486 1136 5542 Volnera.
1165 5489 1361 5554 Codex,
1390 5486 1598 5559 πετηνά
1624 5500 1718 5556 pro
1745 5481 1984 5538 πετεινά.

721 5581 834 5651 (94)
867 5579 1112 5634 Inclinat.
1138 5578 1318 5634 Graeca
1353 5580 1537 5643 editio,
1566 5578 1723 5651 κλίνῃ
1759 5591 1858 5648 pro
1910 5575 2106 5629 κλῖναι.

720 5672 834 5742 (95)
862 5670 973 5742 Nec
1028 5672 1182 5726 enim.
1214 5670 1435 5742 Codex,
1484 5670 1587 5725 ποῦ
1638 5670 1783 5742 γάρ,
1823 5668 1874 5722 id
1907 5674 2033 5742 _est,
2062 5685 2098 5742 Δ‹
2120 5665 2209 5742 ubi

648 5737 823 5798 enim.
845 5761 864 5795 ι
894 5741 1056 5812 Lego,
1081 5743 1141 5796 οὑ
1159 5741 1286 5812 γάρ.
1327 5742 1542 5799 Videtur
1563 5737 1987 5798 enimlibrarius
2025 5739 2092 5794 ab
2118 5737 2211 5793 illo

2390 4384 2543 4436 Ὥστε
2591 4378 2775 4449 ἐπειδὴ
2819 4377 3078 4446 "mam;
3127 4371 3230 4447 ἦν,
3276 4375 3376 4428 καὶ
3412 4374 3591 4444 Λόγος
3621 4369 3708 4425 τοῦ
3746 4361 3851 4420 Θεοῦ

2318 4473 2517 4537 παντὸς
2573 4471 2730 4538 λόγου
2778 4469 3072 4540 κρείττων,
3107 4466 3290 4537 χώραν
3325 4463 3482 4537 εἶχεν
3534 4467 3602 4520 τὰ
3638 4454 3850 4536 χθαμαλὰ

2321 4565 2483 4620 αὑτοῦ
2533 4565 2752 4634 ῥήματα
2774 4578 2786 4591 ·
2817 4561 2866 4613 εἰ
2903 4559 2958 4612 δὲ
2991 4559 3196 4629 κτίσμα
3238 4558 3546 4630 ἐτύγχανε,
3604 4557 3749 4611 πάλιν
3776 4551 3852 4603 οὐκ

2317 4651 2457 4725 εἶχεν
2489 4653 2690 4724 χώραν.
2738 4651 2774 4704 ἃ.
2803 4650 3096 4719 ἐφθέγγετο
3125 4649 3326 4720 ὑψηλά.
3367 4650 3502 4713 Πῶς
3536 4649 3642 4720 γάρ
3675 4647 3734 4699 ἂν
3757 4641 3852 4694 έλα-

2317 4748 2407 4799 ϐεν
2435 4745 2578 4814 ζωὴν
2599 4745 2632 4814 ἡ
2656 4742 2787 4810 ζωὴ,
2819 4742 2852 4810 ἦ
2877 4739 3120 4805 ἐξουσίαν
3155 4742 3184 4793 ὀ
3216 4743 3366 4795 κατά
3414 4741 3648 4794 Ἡσαΐαν
3677 4730 3856 4806 ἰσχυρὸς

2315 4841 2409 4894 καὶ
2439 4835 2783 4907 ἐξουσιαστὴς
2811 4835 2962 4898 Θεὸς.
2989 4837 3018 4888 ὁ
3050 4835 3145 4886 καὶ
3173 4836 3286 4898 τοῖς
3322 4835 3628 4889 ἀποθανεῖν
3657 4823 3852 4896 δυναμέ·

2316 5057 2441 5122 που,
2477 5039 2617 5119 quod
2657 5036 3054 5125 antegreditur,
3085 5037 3346 5105 deceptus
3381 5037 3488 5108 _hic
3515 5047 3724 5107 quoque
3745 5026 3854 5084 serie

2312 5113 2483 5180 psisse
2510 5109 2611 5180 ποῦ
2642 5124 2736 5178 pro
2760 5109 2842 5162 οὑ.
2879 5177 2888 5180 Α
3041 5176 3051 5180 _
3146 5176 3158 5180 _
3361 5175 3381 5180 _
3548 5176 3583 5180 __
3762 5177 3770 5180 _
3806 5163 3834 5180 ν

2384 5179 2494 5249 (96)
2531 5165 2721 5232 Rerum
2751 5177 2979 5249 omnium
3017 5176 3308 5249 dominum.
3361 5175 3424 5229 In
3459 5176 3650 5231 codice
3671 5165 3856 5249 [ψει-ὤς

2315 5238 2544 5303 ctioném
2588 5248 2864 5318 Δεσπότην
2900 5247 3239 5300 intervallum
3266 5253 3366 5318 est
3382 5259 3644 5318 vacuum,
3672 5238 3854 5296 duobus

2323 5331 2415 5372 aut
2445 5319 2613 5374 tribus
2643 5313 2914 5371 vocabulis
2941 5317 3215 5383 capiendis
3244 5313 3559 5370 suﬂiciens.
3587 5317 3759 5382 Quare
3780 5320 3857 5359 νου

2323 5404 2433 5453 ces,
2477 5408 2495 5440 ‹
2520 5403 2695 5442 rerum
2717 5387 2975 5450 omnium,
2998 5403 3016 5436 ι
3039 5386 3104 5437 de
3139 5399 3257 5438 meo
3282 5385 3499 5439 addidi.

2392 5440 2504 5528 (ἐι-ι)
2531 5440 2800 5528 viantem.
2825 5440 3172 5528 ataui.._m,
3196 5455 3285 5507 ετ.
3315 5453 3456 5528 Vide
3497 5460 3612 5510 not.
3635 5450 3722 5516 29,
3747 5462 3794 5518 p.
3812 5440 3855 5496 ι.

2387 5524 2501 5598 (98)
2533 5527 2618 5598 Et.
2659 5528 2814 5582 Deest
2837 5527 2888 5579 in
2918 5524 3104 5598 Bibl_i_is
3132 5526 3498 5598 haecjocula.

2389 5592 2497 5667 (99)
2543 5596 2816 5667 Hominem
2851 5611 2986 5649 vero.
3026 5593 3220 5667 Vocula
3244 5592 3302 5645 δέ
3338 5592 3434 5647 hic
3475 5592 3759 5667 opponitur
3786 5596 3855 5632 vo-

2315 5665 2446 5722 cula:
2472 5667 2544 5720 illi
2579 5667 2695 5737 μέν,
2724 5666 2822 5737 etsi
2854 5665 3057 5737 praeut
3079 5665 3283 5737 positae,
3320 5677 3452 5737 alia;
3481 5665 3678 5737 legitur
3727 5667 3858 5720 supe-

2314 5739 2424 5794 rius
2447 5738 2498 5793 in
2529 5729 2612 5794 his
2642 5729 2815 5792 verbis
2848 5729 2869 5788 ἱ
2893 5733 2997 5788 Τὸν
3025 5729 3156 5786 Θεὸν
3181 5735 3297 5804 μὲν,
3332 5729 3384 5803 ᾧ
3415 5729 3668 5797 ἔνδειξις,
3697 5738 3792 5783 etc.
