4060 6406
239 389 337 445 871

1291 385 1380 439 DE
1419 383 1788 441 'I'RINITATE
1826 385 2024 442 LIBER
2065 388 2392 447 TERTIUS.

3361 394 3466 450 878

240 523 344 569 νοις
372 503 434 558 τδ
468 500 570 574 ζῇν
609 502 707 556 καὶ
748 496 889 555 εῖναι
921 501 1041 555 κατ’
1078 498 1326 565 ἐξουσίαν
1362 499 1499 554 ἰδίαν
1535 501 1808 571 παρέχων,

1920 503 2003 572 ιιιιί
2031 502 2182 570 juxta
2207 503 2399 558 Isaiam
2435 503 2510 575 (I)
2541 511 2624 559 est
2649 503 2827 571 fortis,
2868 514 2919 561 et
2967 506 3269 565 dominator
3289 509 3468 568 Deus"

238 599 264 651 ἐ
303 597 496 667 Πέτρῳ
527 595 629 658 τὰς
672 593 820 657 κλεῖς
851 593 948 664 τῆς
992 592 1241 662 οὐρανίου
1278 591 1424 661 ζωῆς
1466 593 1806 662 ἐγχειρίσας;

249 688 445 758 Ἐκϐοᾷ
475 686 585 758 τὰρ
622 687 717 740 καὶ
748 688 777 739 6
821 684 1163 747 Ἀπόστολος,
1199 683 1274 747 ὡς
1315 701 1332 734 ι
1375 684 1486 753 Οὐχ
1516 684 1808 754 ἁρπαγμὸν

237 781 478 852 ἡγήσατο
500 779 562 831 τὸ
591 774 732 832 εἶναι
763 776 854 832 ίσα
881 776 1000 846 Θεῷ
1020 793 1033 805 ’
1067 795 1085 828 ι
1116 776 1236 828 ἀντὶ
1258 774 1373 836 τοῦ,
1399 776 1510 844 Οὐχ
1536 775 1806 844 ἣρπασεν,

237 873 336 925 οὐκ
372 871 532 924 ἔλαϐε
596 869 660 922 τὸ
693 867 830 921 εἶναι
873 867 986 931 ἴσος
1016 866 1094 937 τῷ
1141 865 1262 936 Θεῷ
1300 866 1392 918 καὶ
1421 863 1613 935 Πατρί.
1656 864 1719 916 El
1752 863 1810 916 δὲ

237 962 346 1032 ἄρα
369 961 465 1014 καὶ
491 961 571 1022 είς
601 958 702 1029 τὴν
732 957 959 1026 Θεὸτητα
984 958 1169 1028 εἴρητο
1201 956 1295 1009 τοῦ
1330 956 1484 1018 Υἱοῦ,
1515 955 1681 1026 ἐχρῆν
1710 955 1810 1008 αὑ-

235 1054 363 1114 τοὺς
395 1050 540 1104 οὕτω
567 1053 730 1113 νοεῖν,
775 1051 966 1119 ὅτιπερ
991 1089 1003 1107 ,
1042 1047 1100 1102 ὃν
1139 1048 1336 1119 τρόπον
1365 1046 1446 1111 τὸ,
1490 1045 1633 1116 ἔχειν
1666 1045 1810 1116 ζωὴν

234 1143 325 1194 τὸν
358 1141 515 1205 θεὸν,
551 1141 613 1193 οὐ
653 1139 715 1192 τὸ
766 1138 1064 1207 κεκτῆσθαί
1112 1156 1164 1190 τι
1208 1137 1336 1191 ἄλλο
1375 1136 1597 1197 ἑαυτοῦ,
1628 1136 1703 1198 ώς
1734 1134 1808 1206 μὴ

239 1233 495 1303 ἁνάρχως
529 1231 820 1301 ἐσχηκότα,
857 1229 992 1282 ἀλλὰ
1017 1229 1076 1283 τὸ
1105 1229 1265 1282 αὑτὸν
1291 1224 1431 1281 εἶναι
1466 1228 1644 1291 τοῦτο,
1674 1228 1810 1298 ὅπερ

237 1318 383 1392 ἔχειν
418 1323 657 1390 λέγεται,
686 1321 862 1391 δηλοῖ·
890 1319 982 1372 τὸν
1009 1319 1169 1372 αὑτὸν
1195 1319 1417 1390 τρόπον,
1445 1319 1504 1372 τὸ
1537 1319 1680 1390 ἔχειν
1711 1317 1809 1370 λα-

237 1413 402 1466 ϐόντα
434 1413 578 1483 ζωὴν
620 1413 711 1464 τὸν
754 1412 901 1472 Υἱὸν,
933 1411 1032 1480 οὐχ
1065 1411 1140 1474 ὡς
1174 1410 1248 1483 μὴ
1289 1411 1480 1481 ἔχοντα
1520 1410 1678 1480 φύσει
1717 1428 1812 1481 ση-

237 1504 444 1575 μαίνει.
492 1505 556 1556 Ἦ
585 1501 692 1574 γὰρ
725 1501 868 1566 λέξις
907 1505 940 1572 ἡ
983 1520 1000 1553 ι
1037 1501 1224 1572 ὥσπερ
1250 1501 1381 1573 ἔχει,
1418 1522 1436 1554 ι
1475 1503 1621 1574 καὶὴ
1664 1523 1680 1554 ι
1717 1503 1810 1556 οὗ-

230 1613 346 1658 τως
407 1595 599 1657 ἔδωκε,
640 1613 659 1645 ι
693 1594 847 1646 τοῦτο
875 1594 1147 1664 παριστᾷ·
1177 1594 1256 1645 ὅτι
1291 1592 1464 1656 οὔτως
1488 1594 1598 1663 ἔχει
1626 1595 1654 1645 6
1682 1594 1810 1657 Υἱὸς

230 1689 334 1759 τὴν
369 1687 538 1756 ζωὴν,
587 1686 772 1758 ὥσπερ
817 1685 926 1756 ἕχει
973 1686 1142 1756 αὐτὴν
1187 1687 1248 1738 οὐ
1283 1685 1463 1739 λαϐὼν
1515 1689 1542 1738 ὁ
1590 1688 1806 1758 Πατήρσ

230 1781 331 1833 καὶ
365 1779 474 1852 χρὴ
525 1777 844 1849 θεοπρεπῶς
895 1777 986 1829 ἐπί
1031 1794 1090 1829 τε
1124 1776 1218 1829 τοῦ
1277 1777 1488 1849 Πατρὸς
1533 1779 1612 1839 τὸ,
1665 1779 1809 1849 ἔχειν

229 1845 531 1942 malint
562 1845 674 1924 τδέ
715 1872 772 1922 ἐν
801 1869 998 1940 ἐαυτῷ,
1038 1889 1056 1921 ι
1089 1867 1180 1922 ἐπί
1211 1887 1270 1922 τε
1297 1845 1550 1923 τοῦ-Υἱοῦ
1573 1871 1634 1924 τὸ
1668 1845 1806 1924 (ea-
1841 1845 1882 1898 Β

225 1965 412 2018 δωκεν
445 1962 613 2034 αὐτῷ,
648 1982 666 2014 ι
702 1962 797 2015 καὶ
837 1962 915 2027 τὸ,
945 1962 1087 2033 ἔχειν
1119 1965 1174 2017 ἐν
1194 1963 1388 2034 ἑαυτῷ,
1408 1964 1766 2034 ἐκλαμϐάνειν
1791 1981 1806 1994 ·

228 2053 370 2126 [180
402 2052 458 2125 b]
513 2054 604 2106 καὶ
635 2052 831 2122 μᾶλλον
863 2053 924 2104 ἐκ
953 2050 1047 2103 τοῦ
1081 2052 1380 2118 ἀναγκαίου
1417 2051 1510 2104 τοῦ
1547 2053 1810 2123 πρᾶγμα·-

223 2163 326 2208 ro;
359 2145 460 2215 τὴν
485 2143 672 2213 Θεῖκὴν
698 2142 944 2206 ἐξουσίαν
973 2141 1067 2194 τοῦ
1091 2143 1244 2205 Υἱοῦ,
1281 2143 1374 2196 καὶ
1407 2143 1467 2196 τὸ
1497 2145 1582 2196 ἐπ’
1609 2145 1812 2213 ἀμφοῖν

225 2236 287 2289 ἓν
349 2234 566 2304 θέλημα
614 2232 818 2303 ἀθρεῖν.
865 2234 967 2286 Ἦν
1000 2231 1109 2304 γὰρ
1159 2233 1306 2302 λέγει
1355 2233 1500 2304 ἔχειν
1556 2235 1700 2306 ζωὴν
1755 2237 1812 2289 ἐν

228 2325 418 2396 ἐαυτῷ
461 2326 554 2378 τὸν
591 2325 807 2396 Πατέρα
846 2325 940 2377 καὶ
963 2325 1054 2378 τὸν
1087 2324 1235 2388 Υίὸν,
1268 2327 1300 2396 ἡ
1350 2325 1475 2388 eve;
1515 2327 1608 2379 καὶ
1640 2327 1812 2397 ὑπερε

228 2417 424 2480 δύσιος
478 2416 638 2469 οὐσία
701 2415 838 2479 ἐστὶ,
868 2417 962 2469 καὶ
985 2416 1083 2486 οὐχ
1111 2415 1295 2487 ἕτερον
1321 2433 1372 2469 τι
1406 2418 1462 2469 ἐν
1485 2417 1654 2487 ἑτέρῳ
1682 2434 1814 2485 τυγ-

231 2510 401 2579 χάνον
419 2524 436 2536 ·
467 2507 591 2560 ὅθεν
617 2502 768 2560 εἶπεν
786 2524 800 2538 ·
836 2525 855 2558 ι
904 2506 1043 2576 Ἐγώ
1068 2509 1179 2577 είμι
1205 2508 1238 2578 ἡ
1263 2506 1374 2576 ζωή
1400 2523 1415 2536 ο
1455 2528 1471 2557 ι
1500 2508 1574 2571 ὡς
1605 2510 1699 2562 καὶ
1731 2512 1816 2562 ἐν·

231 2601 432 2655 τεῦθεν
450 2599 863 2668 ἀναφαίνεσθαι,
883 2599 957 2670 μὴ
982 2598 1146 2670 αλλην
1164 2599 1265 2669 τῆς
1279 2601 1372 2651 τοῦ
1391 2600 1599 2670 Πατρὸς
1629 2602 1815 2666 οὐσίας

231 2690 379 2747 εἶναι
403 2692 506 2763 τὴν
532 2691 720 2744 οὐσίαν
753 2691 847 2744 τοῦ
877 2690 1025 2744 Υίοῦ.
1052 2693 1115 2744 Et
1141 2692 1248 2762 γὰρ
1269 2692 1429 2755 αὐτός
1459 2693 1605 2744 ἐστιν
1622 2695 1655 2763 ή
1678 2694 1812 2765 ζωὴ,

231 2787 338 2857 τὴν
357 2785 416 2836 δὲ
442 2783 614 2855 αὐτὴν
634 2781 748 2853 ἔχει
776 2783 804 2835 6
823 2783 1032 2854 Πατὴρ,
1055 2784 1106 2836 τί
1128 2782 1255 2836 ἄλλο
1276 2783 1606 2854 εὑρίσκεται,
1636 2785 1668 2854 ἢ
1690 2787 1816 2854 ὁμο-

233 2878 455 2940 ούσιος;
481 2878 576 2928 καὶ
608 2876 657 2927 εί
685 2875 846 2938 αὑτός
868 2876 1012 2927 ἐστιν
1032 2873 1217 2945 ὴζωὴ,
1249 2875 1386 2939 πῶς,
1416 2876 1445 2928 ὃ
1491 2877 1660 2941 ἐστιν,
1700 2873 1814 2948 εἶχε

232 2969 468 3034 λαϐεῖνς
512 2967 653 3021 Ἀλλ’
707 2967 863 3038 είπερ
924 2962 1058 3037 εἶχε,
1095 2969 1257 3038 φησι,
1297 2968 1415 3030 πῶς
1451 2968 1672 3032 ἑλαϐεν;
1706 2970 1817 3022 Καὶ

233 3061 415 3116 ταῦτα
429 3060 496 3131 λη
506 3059 572 3130 ρή
583 3076 746 3128 ματα.
764 3059 873 3111 Καὶ
893 3059 1076 3129 ὅμοιος
1099 3051 1211 3131 ’γὰρ
1227 3059 1377 3130 παρὰ
1402 3059 1586 3131 ὁμοίου
1606 3059 1672 3112 λα
1680 3061 1818 3131 μϐἁ-

236 3169 346 3216 νει,
362 3151 454 3204 ἵνα
473 3151 548 3221 μὴ
566 3149 824 3221 εἴπωμεν,
850 3151 930 3202 ὅτι
952 3151 1043 3204 καὶ
1056 3151 1258 3232 μείζων
1274 3151 1384 3205 ἐσθ’
1405 3154 1492 3206 ὅτε
1507 3156 1635 3222 παρ’
1662 3154 1817 3206 ἐλάτ-
1843 3174 1884 3232 C

236 3261 420 3307 wax,
444 3243 542 3296 καὶ
572 3244 604 3313 ἠ
631 3241 780 3306 δεξιὰ
806 3241 956 3312 παρὰ
984 3227 1083 3312 τῆς
1115 3244 1434 3315 ἀριστερᾶςο
1460 3243 1615 3314 ίσμεν
1630 3241 1704 3308 δὲ,
1733 3245 1816 3298 ὅτι

239 3335 342 3388 καί
359 3351 508 3396 τινας
527 3333 590 3398 ἐξ
605 3333 727 3404 ἴσης
743 3333 801 3386 τὺ
818 3336 997 3402 κρῖναι
1025 3332 1299 3402 λαχόντες,
1321 3333 1720 3406 παρεχώρησαν
1739 3335 1817 3406 τῷ

244 3424 329 3476 ἑνὶ
347 3423 464 3476 ἐσθ’
485 3425 575 3476 ὅτε
597 3423 694 3476 καὶ
720 3421 926 3492 μείζονι
947 3421 1126 3477 αὐτῶν
1154 3422 1479 3476 καθεστῶτιο
1533 3425 1628 3477 καὶ
1657 3424 1815 3477 εἴωθε

243 3514 507 3581 λέγεσθαι
527 3531 540 3543 ·
581 3514 832 3568 Ἔδωκαν
862 3513 999 3584 τῷδε
1030 3513 1092 3568 τὸ
1136 3516 1368 3585 πρᾶγμα
1401 3515 1542 3585 μόνῳ
1578 3515 1814 3581 δικάσαι,

253 3608 434 3658 καίτοι
462 3607 634 3676 ἔχοντι
676 3605 845 3676 αὐτῷ,
874 3607 968 3660 καὶ
1015 3607 1274 3670 πλειόνως
1310 3607 1489 3672 εἰκὸς,
1527 3609 1626 3678 τὴν
1671 3607 1818 3674 ἐξου-

262 3699 405 3751 σίαν.
441 3697 736 3770 Τοιγαροῦν
765 3700 864 3752 οὐκ
900 3695 1071 3765 εἶπεν,
1107 3700 1190 3753 ὃτι
1233 3700 1298 3753 ’0
1326 3699 1400 3770 μὴ
1428 3699 1560 3770 ἔχει,
1607 3699 1816 3764 ἔλαϐεν,

254 3789 391 3842 ἀλλὰ
415 3790 508 3843 καὶ
539 3792 570 3842 6
596 3789 759 3852 αὐτὸς
790 3789 1174 3860 εὐαγγελιστὴς
1205 3789 1385 3859 λέγει’
1423 3809 1442 3842 ι
1480 3791 1574 3854 Είς
1602 3790 1670 3842 τὰ
1713 3791 1818 3843 tam

246 3875 404 3951 ἦλθε,
463 3879 560 3931 καὶ
597 3880 646 3930 οί
687 3878 805 3930 ἴδιοι
832 3879 991 3930 αὐτὸν
1018 3879 1116 3930 οὐκ
1149 3879 1368 3932 ἔλαϐον⁸
1404 3880 1518 3934 ὅσοι
1543 3879 1599 3933 δὲ
1631 3879 1819 3932 ἔλαϐον

247 3972 436 4028 αὑτὸν.
460 3970 658 4023 ἔδωκεν
678 3969 860 4033 αὐτοῖς
882 3969 1128 4034 ἐξουσίαν
1151 3971 1314 4024 τέκνα
1339 3970 1472 4024 Θεοῦ
1497 3971 1766 4040 γενέσθαι.
1795 3991 1814 4024 ι

244 4061 349 4114 Διὰ
397 4059 510 4112 τῶν
572 4059 828 4112 τοιούτων
883 4060 1140 4134 ῥημάτων
1195 4061 1254 4112 οὐ
1297 4061 1454 4131 μόνον
1505 4061 1683 4126 δείξας
1725 4061 1820 4116 τοῦ

246 4150 383 4204 Υίοῦ
435 4151 573 4203 ίδίαν
603 4149 699 4220 τὴν
729 4151 925 4217 κτίσιν,
965 4151 1078 4204 ἀλλ’
1117 4153 1200 4205 ὅτι
1239 4151 1332 4205 καὶ
1361 4151 1436 4223 τῷ
1465 4154 1638 4224 Πατρὶ
1667 4153 1821 4206 δίδω-

246 4261 334 4297 σιν
356 4244 388 4296 6
411 4243 545 4304 Υἱὸς
567 4243 690 4305 τοὺς
717 4241 1093 4312 λαμϐάνοντας
1133 4243 1312 4306 αὐτὸν,
1353 4243 1496 4296 τοῦτ’
1529 4245 1642 4297 ἔστι
1696 4245 1822 4306 τοὺς

245 4333 647 4397 πιστεύοντας,
675 4334 949 4406 πανταχοῦ
976 4335 1277 4407 εὐεργετῶν
1306 4336 1518 4398 αὐτοὺς,
1558 4336 1650 4388 καὶ
1681 4335 1820 4405 λαμ-

242 4427 524 4487 ϐάνοντας
575 4425 765 4488 αὐτὸν,
812 4427 905 4478 καὶ
936 4426 1338 4498 παρεχομένους
1385 4427 1513 4497 παρ’
1555 4425 1704 4496 αὑτῷ
1744 4425 1820 4496 τῷ

1910 593 2001 662 qui
2033 593 2193 647 etiam
2226 594 2315 658 iis,
2363 594 2454 663 qui
2504 595 2640 649 mori
2680 605 2926 663 possunt,
2970 600 3193 667 propria
3234 603 3441 657 auctori

1920 691 2032 736 tate
2055 683 2283 752 largitur
2304 692 2362 737 ut
2385 684 2569 738 vivant
2595 694 2650 738 et
2677 685 2783 738 sint
2803 686 2826 738 ?
2849 686 2938 754 qui
2962 686 3121 742 Petro
3147 689 3326 744 claves
3355 706 3469 748 cm-

1912 768 2060 823 lestis
2105 770 2227 824 vita:
2287 770 2341 824 in
2387 785 2577 825 manus
2637 773 2889 826 tradidit?
2933 773 3067 827 Nam
3098 787 3153 829 et
3182 777 3468 846 Apostolus

1910 862 2228 915 exclamat:
2278 882 2297 914 ι
2333 863 2434 929 Qui
2489 878 2593 917 non
2650 865 2890 934 rapinam
2913 866 2987 936 (2)
3022 866 3318 924 arbitr'atus
3383 880 3468 926 est

1910 966 1968 1006 se
1993 951 2084 1005 ἶσα
2111 952 2250 1023 Θεῷ,
2281 971 2299 1003 ι
2336 955 2387 1008 id
2431 963 2534 1020 est,
2565 955 2821 1023 aequalem
2849 957 2978 1010 Deo.
3017 957 3166 1024 Quod
3196 970 3309 1013 est:
3352 959 3466 1014 Non

1911 1044 2113 1112 rapuit,
2143 1059 2248 1097 non
2277 1044 2484 1113 accepit
2506 1055 2564 1098 ut
2586 1055 2729 1099 esset
2760 1047 2871 1110 ῐσος
2900 1047 3034 1117 Θεῷ,
3067 1049 3169 1103 hoc
3195 1059 3468 1119 cstaequa-

1911 1133 1977 1188 lis
2007 1135 2116 1189 Deo
2148 1147 2203 1189 et
2222 1134 2388 1189 Patri.
2425 1135 2577 1202 Quod
2603 1139 2647 1191 si
2680 1138 2841 1192 etiam
2872 1140 2937 1193 de
2975 1139 3095 1194 Filii
3140 1142 3336 1197 (leitate
3368 1143 3468 1196 ob-

1905 1227 2048 1295 jecta
2099 1229 2259 1281 verba
2312 1228 2458 1283 dicta
2521 1240 2728 1293 essent,
2777 1240 3050 1300 Oporteret
3100 1233 3177 1303 (3)
3226 1235 3370 1303 ipsos
3395 1237 3468 1290 ita

1910 1317 2098 1371 eadem
2130 1317 2449 1388 intelligere,
2495 1330 2555 1373 ut
2585 1323 3032 1390 quemadmodum
3062 1323 3228 1377 Deum
3270 1325 3469 1382 habere

1910 1409 2074 1462 vitam
2132 1423 2236 1463 non
2295 1410 2584 1478 significat,
2636 1426 2758 1466 eum
2792 1412 2991 1480 aliquid
3023 1414 3167 1469 aliud
3199 1430 3228 1468 a
3262 1431 3319 1470 se
3353 1417 3469 1486 ipso

1912 1499 2228 1554 distinctum
2263 1502 2638 1570 acquisivisse,
2677 1506 2828 1572 quasi
2873 1504 2999 1559 illud
3035 1507 3102 1560 ab
3134 1517 3334 1560 aeterno
3360 1524 3466 1562 non

1913 1591 2182 1656 habuerit,
2226 1593 2318 1647 sed
2364 1593 2653 1661 significat,
2702 1611 2824 1649 eum
2873 1597 2949 1667 (ει)
3001 1613 3122 1653 εεεε
3165 1600 3266 1653 hoc
3293 1601 3468 1669 ipsum

1911 1683 2050 1750 quod
2080 1682 2280 1738 habere
2307 1682 2539 1738 dicitur:
2566 1685 2636 1738 ita
2674 1696 2726 1740 et
2748 1688 2932 1740 eoden'.
2967 1687 3124 1741 modo
3157 1689 3348 1742 Filium
3374 1691 3470 1744 ha-

1914 1773 2040 1828 bere
2078 1773 2241 1827 vitam
2267 1789 2430 1843 quam
2466 1778 2758 1845 acceperit,
2807 1794 2911 1832 non
2941 1780 3226 1848 significat,
3261 1797 3380 1836 eum
3403 1798 3470 1838 ex

1911 1876 2102 1918 natura
2155 1879 2249 1919 sua
2304 1866 2448 1918 illam
2499 1882 2602 1920 non
2643 1868 2876 1935 habere;
2911 1886 3030 1922 nam
3063 1873 3246 1938 verba,
3285 1893 3304 1924 ι
3331 1874 3471 1928 sicut

1910 1958 2090 2023 habet,
2121 1967 2231 2022 »ει,
2251 1978 2270 2009 ι
2300 1959 2379 2013 sic
2397 1959 2596 2023 dedit,»
2625 1962 2929 2025 ostendunt,
2963 1963 3032 2015 ita
3053 1964 3247 2019 habere
3277 1965 3469 2018 Filium

1910 2050 2101 2113 vitam,
2133 2051 2275 2104 sicut
2306 2051 2449 2104 illam
2479 2051 2638 2106 habet
2666 2051 2842 2116 Pater,
2895 2055 2985 2121 qui
3021 2069 3138 2108 eam
3194 2072 3296 2109 non
3325 2072 3472 2114 acce-

1911 2141 2008 2210 pit.
2038 2141 2115 2194 Ac
2153 2156 2337 2206 sensu,
2371 2143 2459 2210 qui
2492 2144 2726 2196 divinam
2755 2143 3085 2211 maiestatem
3108 2147 3473 2215 deceat,acci-

1912 2232 2102 2299 pienda
2161 2241 2284 2287 sunt
2316 2249 2436 2286 cum
2474 2235 2659 2299 verba,
2695 2254 2714 2285 ι
2740 2234 2909 2289 Habet
2955 2237 3143 2303 vitam,
3176 2257 3194 2289 ι
3241 2249 3313 2304 ει,
3353 2259 3373 2291 ι
3417 2240 3472 2294 ἱιι

1913 2321 2224 2390 semetipso,
2274 2340 2292 2372 ι
2319 2322 2387 2376 de
2429 2321 2589 2375 Patre
2610 2325 2772 2387 dicta,
2804 2333 2915 2378 tum
2944 2340 3063 2394 qua:
3100 2329 3366 2382 adduntur
3407 2331 3474 2384 de

1913 2409 2070 2476 Filio,
2092 2431 2110 2463 ι
2129 2411 2282 2466 Dedit
2301 2413 2373 2477 ei,
2399 2431 2417 2464 ι
2448 2423 2522 2478 ει,
2543 2432 2561 2464 ι
2583 2413 2782 2468 habere
2804 2415 2857 2468 in
2881 2418 3167 2486 semetipso
3191 2434 3206 2471 :
3243 2439 3262 2471 ι
3295 2435 3359 2474 ac
3378 2435 3475 2488 po-

1915 2501 2024 2556 tius
2060 2517 2125 2556 ex
2159 2503 2235 2556 rei
2262 2505 2584 2560 necessitate
2618 2506 2796 2561 divina
2839 2507 2957 2561 Filii
3004 2519 3261 2578 potestas,
3285 2523 3338 2566 et
3367 2530 3474 2569 una

1915 2595 1970 2648 in
2030 2595 2289 2650 ambobus
2332 2596 2579 2653 voluntas
2630 2599 2974 2670 intelligenda
3023 2614 3141 2669 est;
3185 2619 3307 2656 nam
3341 2606 3472 2670 vita,

1917 2699 2084 2753 quam
2133 2687 2328 2741 dicitur
2379 2687 2579 2743 habere
2629 2688 2681 2742 in
2743 2692 2920 2758 seipso
2975 2691 3158 2759 Pater,
3198 2705 3252 2749 et
3285 2696 3472 2760 Filius.

1916 2779 2093 2833 unitas
2123 2789 2233 2844 est,
2275 2790 2330 2834 et
2383 2782 2913 2849 supersubstantialis
2937 2789 3192 2852 essentia,
3212 2803 3315 2842 non
3343 2804 3474 2843 vero

1917 2870 2142 2924 alterum
2169 2871 2295 2940 quid
2331 2872 2382 2924 in
2408 2871 2578 2927 altero
2618 2874 2885 2929 exsistens
2925 2892 2938 2927 :
2967 2892 3068 2944 qua
3114 2879 3180 2932 de
3209 2893 3372 2934 causa
3399 2881 3476 2933 ait

1916 2962 2030 3029 ipse
2057 2961 2264 3016 Filius:
2301 2982 2319 3014 ι
2347 2963 2458 3030 Ego
2492 2980 2607 3017 sum
2647 2965 2755 3018 vita
2788 2985 2804 3019 -:
2844 2984 2862 3017 ι
2904 2969 3038 3022 adeo
3071 2979 3127 3023 ut
3149 2971 3230 3025 vel
3272 2986 3340 3027 ex
3371 2973 3476 3029 hoc
3541 3007 3549 3018 -

1917 3061 2192 3120 appareat,
2225 3067 2328 3105 non
2359 3053 2517 3106 aliam
2572 3070 2600 3106 a
2637 3051 2815 3109 Patris
2865 3059 3098 3111 essentia
3146 3074 3266 3114 esse
3290 3076 3475 3116 essen-

1919 3144 2048 3196 tiam
2081 3143 2222 3196 Filii.
2251 3142 2385 3197 Nam
2418 3148 2462 3198 si
2498 3143 2667 3199 Filius
2696 3148 2930 3210 estvita,
2961 3158 3016 3203 et
3040 3151 3280 3204 eamdem
3309 3151 3474 3206 vitam

1923 3235 2082 3288 habet
2110 3235 2290 3299 Pater,
2318 3237 2444 3303 quid
2487 3237 2748 3305 reliquum
2781 3247 2885 3303 est,
2923 3241 3023 3294 nisi
3053 3250 3112 3295 ut
3141 3242 3228 3297 ille
3254 3243 3325 3297 sit
3353 3244 3479 3298 huic

1919 3326 2424 3380 consubstantialis?
2461 3342 2523 3382 ac
2552 3329 2595 3382 si
2637 3327 2802 3383 Filius
2863 3340 2947 3382 est
2972 3331 3100 3394 vita,
3131 3334 3396 3400 quomodo
3425 3335 3478 3388 id
3527 3323 3531 3326 Α

1919 3422 2092 3490 potuit
2130 3422 2396 3490 accipere,
2425 3422 2566 3490 quod
2601 3423 2712 3490 ipse
2739 3423 2863 3476 est?
2910 3425 2978 3476 At
3005 3425 3048 3478 si
3075 3441 3194 3479 eam
3224 3428 3476 3488 habebat.

1921 3508 2190 3578 inquiunt,
2217 3511 2482 3578 quomodo
2514 3511 2760 3578 accepit?
2790 3511 2894 3565 Sed
2923 3522 2976 3566 et
3005 3513 3121 3566 ista:
3155 3529 3316 3568 merae
3349 3526 3480 3569 sunt

1919 3615 2104 3666 nugae:
2131 3616 2250 3654 nam
2282 3601 2443 3653 etiam
2490 3601 2684 3655 similis
2729 3603 2797 3655 ab
2839 3603 3000 3656 simili
3033 3604 3261 3672 accipit:
3295 3619 3362 3658 ne
3394 3605 3478 3658 di-

1921 3706 2068 3755 cam,
2101 3692 2355 3760 majorem
2392 3706 2607 3760 quoque
2636 3692 2902 3748 interdum
2918 3694 3164 3761 accipere
3209 3710 3238 3748 a
3263 3696 3478 3758 minori,

1919 3792 1974 3837 et
1999 3783 2275 3836 dexteram
2330 3798 2358 3837 a
2391 3784 2610 3838 sinistra
2656 3801 2671 3838 :
2714 3785 2960 3840 novimus
2991 3794 3192 3850 autem,
3217 3788 3478 3855 quosdam

1920 3874 2080 3928 etiam
2115 3874 2300 3942 aequali
2329 3874 2601 3943 judicandi
2643 3875 2808 3946 378
2846 3879 3168 3932 auctoritate
3201 3879 3477 3948 praditos,

1919 3979 2040 4020 eam
2078 3964 2363 4033 aliquando
2388 3964 2545 4019 alteri
2573 3967 2890 4032 concedere,
2917 3970 3006 4037 qui
3037 3970 3164 4038 ipsis
3182 3969 3356 4038 major
3376 3970 3476 4024 sit:

1920 4067 1975 4112 et
2001 4057 2184 4111 dicere
2212 4055 2482 4111 solemus:
2514 4058 2788 4112 Dederunt
2833 4059 2959 4113 huic
2981 4060 3078 4114 soli
3111 4071 3169 4116 ut
3189 4065 3312 4130 Lrem
3341 4063 3482 4116 hanc

1921 4149 2207 4220 dijudicet:
2243 4147 2343 4202 etsi
2369 4149 2413 4201 is
2439 4149 2635 4204 habeat
2669 4147 2768 4219 (3).
2825 4159 2880 4211 ει
2922 4149 3148 4206 fortasse
3181 4153 3350 4221 magis
3381 4154 3482 4207 ha-

1922 4241 2064 4305 beat,
2090 4239 2358 4308 iudicandi
2390 4248 2730 4308 potestatem.
2761 4240 2944 4310 Itaque
2970 4257 3073 4296 non
3096 4243 3171 4296 ait
3203 4243 3482 4311 Scriptura

1923 4330 2117 4385 Filium
2150 4331 2201 4385 id
2227 4331 2521 4400 accepisse,
2543 4331 2685 4399 quod
2726 4347 2830 4384 non
2871 4333 3109 4398 haberet,
3139 4334 3232 4387 sed
3262 4334 3345 4388 vel
3371 4336 3483 4404 ipse

1922 4421 2244 4491 evangelista
2281 4422 2454 4492 inquit
2485 4444 2500 4477 :
2535 4441 2553 4472 ι
2585 4421 2638 4476 In
2691 4423 2904 4492 propria
2961 4422 3038 4493 (6)
3107 4425 3272 4487 venit,
3312 4435 3366 4479 et
3398 4425 3484 4479 sui

243 4513 433 4585 Πατρί
453 4529 467 4541 ·
497 4514 566 4564 ἐκ
595 4511 687 4566 τοῦ
717 4513 921 4584 κόσμου
953 4514 1061 4582 γὰρ
1088 4515 1264 4578 ὄντας,
1293 4517 1359 4585 τῇ
1401 4514 1590 4567 ἑαυτοῦ
1618 4516 1818 4568 οἰκονο-

1924 4526 2045 4568 ευιη
2078 4529 2182 4566 non
2208 4525 2524 4582 receperunt
2545 4513 2620 4586 (7)
2653 4532 2668 4568 :
2731 4515 3012 4583 quotquot.
3052 4523 3228 4570 autem
3267 4533 3485 4586 recepe-

247 4603 354 4674 μία
385 4604 536 4654 ποιεῖ
556 4602 993 4673 οὐρανοπολίτας.
1023 4603 1142 4676 [181
1177 4602 1232 4674 a]
1267 4604 1391 4668 Πῶς
1435 4603 1490 4656 δὲ
1521 4605 1613 4656 καὶ
1663 4605 1822 4674 ἡμεῖς

242 4695 319 4746 τὰ
349 4692 453 4746 τοῦ
473 4691 608 4745 Θεοῦ
641 4693 798 4747 πάλιν
828 4694 974 4764 αὖτῷ
995 4695 1406 4766 προσφέρομεν;
1443 4695 1513 4746 Ἦ
1536 4694 1651 4756 πῶς
1669 4695 1824 4758 δόξαν

244 4781 407 4852 αὐτῷ
436 4781 863 4852 ἀναπέμπομεν;
892 4781 983 4852 Μὴ
1006 4777 1160 4851 ἆραὸ
1185 4781 1258 4852 μὴ
1285 4780 1417 4851 ἔχει,
1445 4781 1479 4851 ἢ
1509 4780 1537 4832 6
1566 4780 1638 4850 μὴ
1660 4779 1827 4843 ἐστιν,

244 4875 408 4946 αὑτῷ
424 4874 736 4945 παρέχομεν
756 4891 771 4940 ;
809 4876 991 4947 Ἀρκεῖ
1011 4870 1103 4928 οὖν
1123 4874 1303 4937 αὐτοῖς
1324 4873 1731 4943 ἀποκρίνεσθαι,
1746 4873 1829 4925 ὅτι

245 4964 435 5026 οὕτως
472 4964 690 5028 ἐλαϐεν,
717 4966 792 5029 ὼς
821 4963 1160 5035 ἐπτώχευσεν
1198 4962 1368 5026 ἑκὼν,
1399 4964 1493 5016 καὶ
1514 4963 1588 5026 ὡς
1615 4963 1830 5031 ἐγένετο

247 5053 497 5123 κατάρα.
534 5054 599 5105 Τί
630 5054 740 5126 γὰρ
773 5055 840 5110 ἂν
878 5057 1110 5127 φήσαιεν
1137 5052 1480 5125 ἐρωτώμενοι
1510 5051 1568 5118 ἐξ
1596 5051 1828 5105 ἀνθυποο

325 5191 410 5260 (Ι)
445 5189 615 5243 Juxta
651 5189 867 5245 Isaiam.
903 5190 1031 5245 Vide
1060 5191 1162 5245 lsa.
1197 5204 1314 5257 cap.
1341 5205 1418 5260 ut.
1452 5204 1593 5245 vers.
1629 5189 1684 5244 6.

329 5258 413 5330 (2)
455 5261 562 5330 Qui
594 5277 693 5314 non
730 5262 987 5329 rapinam.
1023 5261 1250 5330 Philipp.
1276 5275 1341 5330 tt,
1365 5258 1417 5312 6.

330 5270 390 5320 (2
455 5270 560 5324 Qui
594 5277 693 5314 non
730 5270 987 5329 rapinam.
1023 5270 1250 5330 Philipp.
1281 5275 1341 5322 tt,
1365 5270 1417 5312 ti.

330 5270 413 5402 (53
453 5328 746 5402 Oporteret.
779 5333 980 5402 codex,
1007 5331 1196 5402 ἐχρήν.
1226 5329 1328 5382 Alii
1357 5330 1598 5385 scribere
1626 5329 1830 5384 malunt

247 5399 436 5472 ἐχρῆν
451 5400 588 5472 '_alii
612 5401 771 5472 etiam
807 5401 992 5472 Expnv.

289 5465 610 5590 ἔρξω.
641 5465 1016 5537 ϐοιίεκ,”αὑ’τό.
1051 5469 1213 5540 Lego,
1247 5467 1431 5533 αὐτόν,
1460 5469 1620 5540 idque
1653 5467 1828 5524 refero

401 5555 428 5590 ε
457 5556 508 5590 ν.

247 5555 326 5591 aa
354 5555 508 5590 υεον.

331 5607 414 5677 (5)
453 5607 662 5681 Etsi}:
702 5609 906 5681 habeat.
951 5610 1162 5678 Codex,
1195 5611 1289 5666 καί
1339 5627 1422 5664 τοι
1457 5610 1630 5681 ἔχοντι
1674 5607 1824 5666 αὑτό.

465 5677 620 5748 αὖτῷ
649 5693 744 5747 pro
773 5679 922 5735 αὐτό.

335 5745 413 5810 (6)
451 5747 515 5800 In
543 5745 779 5814 propria.
813 5748 967 5803 Joan.
1005 5766 1044 5808 ι.
1078 5751 1164 5812 Η,
1193 5751 1284 5804 12.

345 5815 423 5886 (Ἰ)
456 5816 579 5871 Non
600 5829 916 5885 receperunt.
945 5820 1110 5876 Biblia
1132 5839 1144 5873 :
1170 5821 1232 5873 οὐ
1262 5820 1565 5892 παρέλαϐον
1589 5835 1685 5886 pro
1725 5819 1824 5872 οὐκ

1935 4612 2060 4659 runt
2080 4619 2223 4668 eum,
2248 4604 2397 4659 dedit
2427 4606 2506 4659 eis
2538 4613 2855 4674 potestatem
2884 4606 3021 4660 filios
3046 4606 3134 4659 Dei
3171 4607 3336 4659 fieri.»
3359 4607 3486 4673 Qui-

1930 4693 2030 4748 bus
2067 4695 2244 4748 verbis
2278 4710 2382 4749 non
2411 4697 2567 4749 modo
2610 4697 2867 4759 ostendit,
2895 4697 3166 4765 propriam
3203 4697 3321 4751 Filii
3365 4713 3486 4753 esse

1931 4789 2232 4836 creaturam
2267 4782 2380 4853 (aut
2409 4783 2882 4854 creationem),sed
2917 4788 3076 4838 etiam
3122 4787 3266 4840 Patri
3311 4789 3422 4841 dari
3454 4805 3486 4842 a

1932 4872 2068 4927 Filio
2100 4875 2310 4942 eos,qui
2343 4875 2514 4944 ipsum
2543 4874 2740 4930 Filium
2765 4876 3106 4944 recipiunt,id
3125 4887 3227 4944 est,
3251 4879 3369 4934 illos
3394 4882 3488 4948 qui

1929 4963 2065 5018 Filio
2098 4965 2325 5019 credunt
2345 4965 2444 5034 (8),
2473 4975 2526 5019 et
2558 4967 2642 5020 his
2673 4981 2793 5020 eum
2834 4981 3046 5036 semper
3093 4967 3410 5023 benefacere
3432 4979 3488 5025 et

1931 5069 2050 5108 cum
2078 5055 2252 5125 ipsum
2280 5056 2569 5127 recipiunt,
2598 5065 2794 5112 etcum
2825 5057 2893 5111 ab
2922 5057 3038 5126 ipso
3062 5056 3138 5128 (9)
3167 5059 3490 5114 exhibentur

1933 5189 2228 5332 ἐλῗξῖνρυξ
2277 5263 2515 5329 ipsum...
2550 5263 2819 5332 recipiunt,
2859 5265 2916 5316 id
2957 5273 3033 5320 eu
3067 5265 3186 5319 illos
3224 5267 3314 5332 qui
3346 5264 3490 5319 Filio

1937 5330 2376 5417 credunt._SimiIi
2411 5333 2567 5387 modo
2585 5330 3026 5417 enarrationenin
3057 5330 3291 5417 [Epig—1..
3325 5334 3488 5416 Joan.

1933 5416 2052 5469 cap.
2088 5415 2146 5453 ιιι
2188 5403 2397 5455 locutus
2441 5412 2562 5467 est,
2593 5419 2713 5457 cum
2755 5405 2866 5458 haec
2913 5404 3170 5459 dictavit:
3214 5405 3306 5458 Ait
3345 5408 3488 5459 enim

1935 5470 2023 5542 hic
2046 5468 2234 5542 doctor
2272 5472 2325 5524 in
2355 5471 2640 5542 Evangelio
2665 5488 2784 5534 suo.
2811 5493 2830 5525 ι
2854 5477 3208 5541 suscipientes
3228 5474 3434 5538 Jesum,
3461 5493 3482 5525 ι

1935 5541 2045 5616 huc
2069 5551 2170 5604 est,
2196 5541 2322 5616 dum
2344 5541 2663 5616 “(traduntin
2699 5545 2914 5599 nomine
2939 5545 3076 5614 ejus,
3119 5563 3139 5596 ι
3171 5555 3488 5616 potestatem

1933 5610 2180 5676 accipere
2207 5611 2296 5664 Dei
2339 5610 2476 5664 ﬁlios
2501 5614 2631 5666 lieri.
2662 5633 2681 5664 ι

2003 5678 2080 5745 (9)
2104 5679 2199 5756 -ᾼὸ
2227 5689 2371 5756 ipsoL
2389 5681 2567 5735 Codex
2599 5697 2614 5734 :
2645 5684 2773 5756 παρ’
2804 5685 2952 5756 αὐτῷ
2979 5684 3056 5755 τῷ
3087 5682 3292 5756 Ila-cpi,
3327 5682 3377 5734 id
3407 5690 3491 5756 est
3578 5678 3592 5708 ’-

1937 5766 1956 5796 ι
1977 5741 2117 5826 apud
2145 5751 2315 5826 ipsum
2341 5750 2572 5826 Patrem.
2602 5773 2620 5804 ι
2649 5741 2752 5810 Sed
2778 5741 3055 5826 legendum
3080 5741 3333 5816 fortasse,
3356 5751 3486 5824 παρ’

1928 5818 2093 5875 αὐτοῦ
2125 5818 2202 5890 τῷ
2227 5821 2420 5890 Πατρί.
