4060 6406
1880 297 2116 356 DIDYMI
2155 299 2620 358 ALEXANDRINI
3773 308 3874 362 880

647 423 793 477 Patri
830 435 995 476 :nam
1048 420 1292 491 quamvis
1357 436 1424 476 ex
1476 419 1676 475 mundo
1721 417 1850 486 sint,
1905 434 2000 473 sua
2031 430 2198 473 tamer

2315 421 2517 490 φορᾶς
2557 421 2615 474 '0
2658 420 2788 485 Θεὸς
2824 422 2918 476 καὶ
2959 421 3160 494 Κύριος
3199 424 3505 496 πάντων,ἠ
3540 425 3711 490 ἀΐδιος
3743 427 3876 499 ζωὴ.

645 510 1018 568 lncarnatione
1043 510 1161 566 εωιί
1196 510 1342 566 cives
1391 524 1486 565 eos
1528 510 1677 564 facit.
1723 508 1999 576 Quomodo
2033 519 2198 562 autem

2319 510 2411 563 καὶ
2439 511 2498 564 τὸ
2533 512 2646 580 φῶς
2675 513 2732 566 τὸ
2760 511 3028 584 ἀληθινὸν,
3063 515 3156 568 καὶ
3184 518 3215 585 ἠ
3242 515 3530 578 ἀθανασία,
3561 518 3678 582 πῶς
3705 519 3876 572 ἐπτώ-

649 617 748 656 nos
774 617 986 673 quoque
1021 617 1107 664 ea,
1142 617 1262 672 qua:
1289 602 1378 656 Dei
1413 612 1559 668 sunt,
1604 616 1788 655 rursus
1822 601 1918 668 ipsi
1956 601 2061 653 Deo
2080 599 2198 653 olfe-

2315 618 2539 670 χευσεν;
2585 603 2616 673 ἦ
2653 603 2766 668 πῶς
2805 606 2838 675 ἡ
2867 605 3085 673 εὐλογία
3111 606 3178 659 δι’
3207 608 3350 676 ἡμᾶς
3383 607 3598 676 ἐγένετο
3626 609 3876 680 κατάρας

649 695 857 750 rimus?
892 695 1276 763 autquomodo
1307 695 1530 765 gloriam
1555 695 1604 749 ei
1624 696 1926 750 reddimus?
1953 693 2200 763 Nunquid
2239 697 2380 764 quod
2445 714 2548 751 non
2579 699 2757 762 habet,
2821 713 2914 754 aut
2948 701 3088 768 quod
3146 716 3249 755 non
3299 711 3401 766 est,
3452 703 3500 757 ei
3537 705 3880 772 prarbemus?

649 791 856 846 Sullicit
898 804 1024 860 ergo
1076 790 1147 842 ita
1198 791 1461 844 haereticis
1514 789 1885 859 respondere:
1931 789 2101 843 Filius
2127 803 2191 843 eo
2229 804 2385 844 sensu
2419 793 2644 862 accepit,
2680 807 2786 862 quo
2842 808 3001 848 sensu
3063 794 3363 850 voluntarie
3433 811 3637 865 pauper
3705 796 3880 853 factus

649 894 752 945 est,
788 892 842 936 et
880 897 985 950 quo
1022 896 1180 936 sensu
1217 879 1388 935 factus
1454 889 1535 935 est
1610 880 1949 934 maledictum
1978 878 2110 951 (l0).
2145 879 2280 946 Quid
2319 881 2461 935 enim
2521 884 2846 953 respondere
2900 895 3140 954 possent,
3193 887 3238 939 si
3294 901 3390 940 nos
3421 888 3736 957 exceptione
3769 892 3884 959 (aut

655 305 758 360 879

648 977 997 1047 subiectione)
1064 985 1358 1038 uteremur,
1416 990 1479 1030 ac
1530 990 1624 1030 eos
1664 974 1899 1030 vicissim
1974 977 2052 1030 sic
2123 975 2612 1044 interrogaremus:
2648 977 2696 1033 ls
2726 978 2815 1047 qui
2845 989 2928 1034 est
2957 980 3114 1043 Deus,
3146 988 3199 1034 et
3242 980 3498 1036 Dominus
3524 982 3792 1046 omnium,
3831 993 3884 1036 et

647 1081 847 1126 aeterna
882 1071 1009 1133 vita,
1035 1078 1089 1123 et
1115 1069 1206 1122 lux
1241 1084 1386 1131 vera,
1418 1077 1471 1122 et
1505 1069 1899 1134 immortalitas,
1935 1069 2206 1138 quomodo
2243 1083 2445 1139 pauper
2505 1073 2676 1127 lactus
2707 1071 2827 1128 est?
2861 1081 2955 1126 aut
3018 1073 3286 1142 quomodo
3339 1071 3403 1137 is,
3460 1072 3552 1142 qui
3590 1084 3676 1128 est
3719 1073 3883 1128 bene-

649 1164 835 1228 dictio,
870 1170 1089 1232 pr0pter
1121 1175 1217 1215 nos
1257 1159 1432 1214 factus
1465 1169 1549 1214 est
1583 1160 1923 1216 maledictio?

1243 1253 1393 1308 CAP.
1434 1253 1618 1310 XVIII.

720 1346 890 1401 Simili
935 1347 1094 1401 modo
1139 1345 1554 1416 [intelligendum
1609 1356 1690 1400 est
1735 1345 1896 1400 etiam
1953 1346 2094 1416 quod
2157 1345 2208 1399 in

649 1438 854 1496 Joanne
875 1439 1128 1508 apostolis
1153 1439 1350 1493 dictum
1379 1436 1477 1492 fuit
1505 1454 1519 1489 :
1543 1456 1561 1488 ι
1585 1438 1640 1491 Si
1663 1438 1957 1508 diligeretis
1977 1437 2206 1509 me(ll),

2945 1251 3104 1303 ΚΕΦ.
3139 1250 3246 1302 1Η’.

2387 1342 2570 1406 Dii-rw;
2601 1342 2668 1396 ἂν
2694 1341 2908 1412 νοηθείη
2938 1342 3032 1394 καὶ
3063 1341 3121 1393 τὸ
3159 1343 3216 1393 ὲν
3259 1340 3474 1412 Ἰωάννῃ
3507 1344 3620 1404 τοῖς·
3648 1342 3886 1396 ἀποστό-

2314 1434 2425 1497 λοις
2457 1434 2619 1505 ῥηθέν
2643 1449 2655 1462 ·
2694 1453 2713 1484 ι
2756 1434 2819 1484 Εἰ
2862 1431 3112 1502 ἠγαπᾶτέ
3148 1448 3249 1500 με,
3285 1431 3520 1503 ἐχάρητε
3548 1431 3634 1496 ἂν,
3666 1433 3750 1486 ὅτι
3781 1451 3887 1487 ποι

647 1535 815 1602 gavisi
849 1534 1058 1594 essetis,
1088 1532 1213 1602 quia
1250 1532 1360 1603 (12)
1393 1531 1529 1586 vado
1582 1531 1647 1585 ad
1675 1531 1888 1586 Patrem
1917 1549 1930 1586 :
1965 1532 2090 1601 quia
2119 1533 2198 1600 qui

2316 1525 2542 1597 ρεύομαι
2569 1523 2703 1595 πρὸς
2731 1523 2824 1576 τὸν
2858 1522 3108 1594 Πατέρα·
3148 1523 3229 1574 ὅτι
3260 1523 3287 1574 6
3315 1522 3540 1591 πέμψας
3581 1541 3649 1592 με
3692 1526 3887 1597 Πατὴρ

650 1627 792 1678 misit
824 1641 908 1679 me
933 1625 1044 1694 (15)
1069 1623 1249 1687 Pater,
1281 1625 1452 1692 major
1479 1638 1563 1676 me
1593 1631 1696 1676 est.
1724 1641 1742 1674 ι
1774 1622 2050 1688 Quomodo
2066 1623 2198 1676 enim

2313 1617 2513 1688 μείζων
2542 1633 2641 1686 μου
2667 1616 2833 1668 ἐστίν.
2869 1633 2886 1666 ›
2925 1615 3049 1674 Πῶς
3078 1613 3185 1685 γὰρ
3217 1615 3529 1685 πορεύεται,
3559 1615 3592 1684 ἢ
3624 1617 3887 1687 ἐπέμφθη

647 1717 811 1779 vadit,
866 1725 958 1769 aut
991 1715 1188 1770 missus
1231 1723 1313 1767 est
1357 1714 1648 1768 secundum
1697 1713 1949 1768 deitatem
2007 1715 2094 1769 ille
2117 1717 2208 1783 qui

649 1808 812 1862 dixit:
840 1826 856 1858 ι
896 1805 1006 1876 Ego
1041 1807 1092 1859 in
1141 1805 1301 1858 Patre
1330 1804 1462 1873 (14),
1507 1814 1561 1857 et
1613 1803 1774 1859 Pater
1801 1807 1851 1858 in
1895 1820 2016 1872 me;
2061 1825 2079 1857 ι
2113 1815 2206 1860 et:

653 1899 842 1954 «Pater
865 1899 1001 1967 (15),
1034 1898 1122 1966 qui
1152 1897 1204 1950 in
1225 1912 1308 1950 me
1334 1905 1532 1960 manet,
1552 1894 1680 1950 facit
1701 1911 1860 1966 opera
1886 1913 1900 1962 ;
1929 1915 1946 1947 1
1973 1902 2046 1951 et:
2077 1895 2206 1963 «Qui

645 1993 791 2046 misit
823 2005 908 2045 me
959 1989 1092 2059 (l6),
1136 2003 1342 2042 mecum
1385 1988 1546 2041 est?»
1601 1988 1767 2059 379
1798 1987 1862 2042 Et
1913 1989 1980 2051 is,
2009 1989 2075 2045 de
2104 2004 2208 2058 quo

647 2081 903 2149 scriptum
929 2087 1034 2139 est,
1085 2075 1225 2144 quod
1283 2094 1301 2126 ι
1352 2076 1588 2145 seipsum
1640 2077 1933 2130 exinanivit
1980 2077 2205 2131 formant

647 2175 790 2226 servi
820 2171 1128 2240 accipiens;
1155 2188 1172 2219 ι
1196 2178 1251 2222 et
1271 2173 1411 2237 quod
1442 2187 1460 2220 ι
1495 2169 1546 2223 in
1574 2168 1776 2225 mundo
1804 2179 1939 2234 erat,
1966 2180 2019 2225 et
2050 2187 2206 2224 mun-

645 2265 746 2317 dus
776 2277 870 2330 per
900 2262 1073 2330 ipsum
1107 2260 1278 2315 factus
1306 2261 1428 2314 est?
1451 2280 1469 2313 ι
1520 2261 1620 2328 Qui
1653 2261 1796 2316 enim
1849 2262 2034 2329 mittit,
2079 2263 2207 2317 illuc

647 2354 832 2418 mittit,
866 2355 952 2408 ubi
976 2369 1080 2406 non
1105 2363 1184 2406 est
1208 2353 1299 2421 qui
1330 2353 1515 2415 mittit,
1538 2367 1636 2407 nec
1658 2353 1749 2423 qui
1782 2353 2030 2407 mittitur.
2058 2354 2206 2420 Quod

645 2446 689 2500 si
725 2447 862 2500 Deus
895 2445 1094 2513 ubique
1125 2447 1299 2508 adest,
1349 2445 1526 2498 omnia
1573 2445 1736 2498 etiam
1765 2445 2024 2513 continet,
2053 2461 2202 2500 crea-

648 2544 797 2589 turas
829 2533 1294 2601 circumplectens.
1353 2547 1528 2601 neque
1579 2548 1709 2588 vero
1742 2532 1950 2597 abiens,
1984 2543 2094 2587 tum
2120 2549 2192 2588 re-

645 2627 817 2690 diens,
844 2640 941 2680 nec
973 2624 1090 2679 loca
1116 2639 1184 2678 ex
1243 2624 1372 2678 locis
1426 2622 1720 2678 alternans.
1753 2624 1843 2678 Ait
1881 2625 2023 2678 enim
2051 2640 2207 2679 sacer

647 2716 852 2771 Psaltes
878 2737 889 2770 :
925 2735 942 2766 ι
969 2714 1147 2783 Prope
1172 2714 1284 2785 (17)
1305 2723 1388 2768 est
1404 2714 1664 2768 Dominus
1690 2715 2003 2771 timentibus
2025 2730 2200 2779 eumn

645 2817 700 2862 et
728 2821 954 2861 rursus:
994 2823 1012 2856 ι
1045 2804 1104 2860 Si
1149 2805 1442 2859 ascendere
1470 2803 1582 2873 (l8)
1617 2803 1669 2857 in
1731 2803 1946 2868 caelum,
1999 2812 2053 2858 tu
2099 2805 2206 2858 illic

2309 1708 2448 1762 κατὰ
2479 1707 2576 1778 τὴν
2615 1707 2845 1776 θεότητα
2889 1707 2917 1758 6
2966 1704 3160 1757 εἰπών·
3212 1723 3231 1754 ι
3289 1704 3520 1774 Ἐγὼ·ὲν
3556 1706 3634 1777 τῷ
3679 1708 3888 1777 Πατρὶ,

2307 1804 2400 1855 καὶ
2437 1802 2464 1853 6
2499 1799 2685 1870 Πατὴρ
2717 1800 2772 1851 ὲν
2803 1797 2924 1867 ἐμοί
2947 1814 2958 1826 ’
3000 1817 3017 1850 ι
3057 1797 3171 1863 καὶ,
3219 1815 3238 1850 ι
3288 1799 3347 1851 '0
3380 1799 3566 1870 Πατὴρ
3589 1802 3618 1852 6
3648 1803 3706 1853 ἐν
3755 1801 3892 1871 ἐμοὶ

2310 1890 2659 1958 μένωνποιεῖ
2687 1887 2755 1940 τὰ
2794 1887 2960 1958 ἔργα·
3008 1907 3027 1938 ι
3059 1889 3172 1951 καὶ,
3206 1906 3228 1939 ι
3267 1887 3323 1941 '0
3363 1888 3582 1958 πέμψας
3626 1907 3716 1959 με,
3759 1891 3893 1960 μετ’

2306 1982 2439 2052 ἐμοῦ
2480 1984 2670 2045 tactv;
2707 2000 2724 2031 ι
2771 1981 2829 2032 '0
2867 1981 3328 2052 μαρτυρούμενος,
3349 1981 3431 2034 ὅτι
3468 2000 3485 2030 ι
3507 1982 3727 2034 Ἑαυτὸν
3753 1984 3890 2037 ὲκέο

2305 2092 2442 2128 νωσε
2465 2116 2479 2141 ,
2537 2073 2750 2144 μορφὴν
2791 2072 2976 2125 δούλου
3009 2070 3220 2126 λαϐώνο
3267 2092 3286 2124 1
3329 2074 3424 2127 καὶ
3452 2076 3532 2128 ὅτι
3575 2093 3594 2125 ι
3667 2075 3755 2127 Ἐν
3804 2076 3893 2148 τῷ

2305 2168 2494 2238 κόσμῳ
2514 2162 2604 2237 ἦν,
2632 2167 2726 2219 καὶ
2750 2167 2778 2217 6
2808 2166 3008 2236 κόσμος
3033 2165 3100 2217 δι’
3131 2163 3296 2217 αὑτοῦ
3327 2163 3577 2233 ὲγένετο;
3611 2185 3628 2217 ι
3678 2167 3738 2219 '0
3767 2169 3894 2240 γὰρ

2307 2259 2540 2328 πέμπων
2583 2260 2697 2310 ἐκεῖ
2728 2256 2965 2326 πέμπει,
2997 2255 3123 2309 ἔνθα
3152 2257 3253 2309 οὑκ
3284 2256 3429 2309 ἔστιν
3457 2258 3486 2309 6
3520 2257 3751 2327 πέμπων
3786 2262 3893 2314 καὶ

2304 2350 2333 2400 6
2368 2348 2732 2418 πεμπόμενος.
2773 2348 2834 2398 Ei
2863 2334 2919 2398 δὲ
2952 2347 2980 2398 6
3003 2345 3135 2408 Θεὸς
3165 2345 3437 2416 πανταχοῦ
3467 2348 3718 2418 πάρεστι,
3790 2353 3894 2406 καὶ

2305 2441 2480 2493 πάντα
2515 2441 2746 2510 συνέχει,
2790 2437 3249 2508 περιδραξὰμενος
3281 2437 3377 2509 τὴν
3410 2439 3608 2500 κτίσιν,
3642 2440 3737 2493 καὶ
3775 2443 3890 2495 οὐκ

2303 2530 2502 2594 ἀπιὼν,
2527 2532 2618 2585 καὶ
2641 2531 2796 2584 πάλιν
2825 2529 3198 2590 ὲιττσινιὼννούδν
3231 2531 3293 2582 ἐκ
3313 2530 3492 2584 τόπων
3510 2531 3702 2595 τόπους
3713 2533 3894 2602 ἀμεί-

2305 2622 2432 2676 6ων.
2479 2623 2638 2690 Λέγει
2662 2622 2769 2692 γὰρ
2808 2622 2836 2672 6
2869 2621 2964 2692 μὲν
2998 2620 3364 2692 Ἱεροψάλτηςο
3391 2641 3409 2673 ι
3459 2623 3651 2690 Ἐγγὺς
3672 2623 3894 2695 Κύριος

2305 2718 2418 2778 τοῖς
2441 2714 2789 2784 φοϐουμένοις
2817 2713 3008 2767 αὐτόν’
3049 2732 3068 2765 ι
3107 2714 3200 2766 καὶ
3239 2714 3431 2768 πάλινο
3469 2732 3487 2764 ι
3533 2716 3656 2768 Ἐὰν
3689 2717 3895 2773 ἀναῦῶ

2305 2810 2384 2871 εἰς
2413 2807 2502 2860 τὸν
2533 2807 2780 2879 οὐρανὸν.
2815 2807 2879 2858 σὺ
2910 2807 3025 2858 ἐκεῖ
3047 2801 3113 2858 εἷ’
3133 2806 3226 2859 ἐὰν
3252 2805 3478 2860 καττιδώ
3502 2808 3579 2870 εἰς
3599 2808 3690 2860 τὸν
3715 2809 3890 2880 ᾅδην,

645 2913 732 2962 es;
768 2897 810 2950 si
844 2894 1176 2949 descendero
1211 2894 1262 2947 in
1293 2892 1748 2959 infernum,ades.
1774 2893 1832 2948 Si
1868 2910 2198 2964 assumpsem

2310 2900 2496 2971 πάρει·
2517 2899 2612 2952 ἐὰν
2642 2898 2962 2968 ἀναλάϐοιμι
2989 2897 3262 2968 πτέρυγάς
3287 2916 3386 2968 μου
3405 2899 3525 2952 κατ’
3548 2899 3640 2970 ὅρθ
3651 2917 3770 2971 ρον,
3789 2905 3891 2956 καὶ

645 3002 850 3058 pennas
877 3000 1026 3040 meas
1051 2984 1302 3051 diluculo,
1325 2995 1382 3039 et
1407 2983 1724 3039 habitavero
1743 2986 1794 3039 in
1813 2987 2068 3041 extremis
2095 3001 2207 3040 ma-

644 3077 753 3131 ris:
781 3076 977 3131 etenim
1007 3074 1133 3128 illuc
1167 3089 1355 3128 manus
1395 3083 1481 3128 tua
1517 3074 1745 3129 deducet
1784 3089 1892 3140 me,
1924 3084 1977 3128 et
2006 3075 2206 3130 tenebit

646 3183 733 3224 me
754 3169 972 3223 dextera
1004 3178 1112 3221 tua.
1138 3184 1156 3216 ι
1190 3165 1450 3220 Jeremias
1478 3175 1654 3220 autem
1690 3183 1703 3218 :
1741 3185 1759 3216 ‹
1786 3164 1992 3219 leum
2021 3166 2130 3238 (l9)
2151 3176 2204 3222 et

645 3269 842 3316 terram
871 3273 971 3328 ego
1033 3257 1249 3325 impleo,
1300 3255 1431 3311 dicit
1471 3257 1749 3311 Dominus.
1787 3273 1806 3308 i
1869 3257 2002 3310 Acta
2039 3272 2198 3312 vero:

648 3353 949 3422 «Quamvis
1006 3350 1118 3421 (20)
1174 3365 1278 3403 non
1331 3348 1488 3418 longe
1535 3348 1604 3402 sit
1642 3348 1709 3403 ab
1752 3363 2074 3418 unoquoque
2109 3367 2206 3405 no-

642 3455 846 3502 strum:
879 3446 933 3501 in
960 3446 1076 3515 ipso
1121 3444 1230 3515 (21)
1279 3441 1637 3513 380-382
1669 3441 1810 3495 enim
1861 3443 2110 3509 vivimus,
2152 3453 2208 3498 et

643 3554 941 3602 movemur,
990 3549 1044 3594 et
1101 3553 1284 3592 sumus
1329 3553 1343 3589 :
1394 3534 1841 3606 quemadmodum
1878 3535 2036 3588 etiam
2066 3550 2205 3590 non-

643 3630 772 3685 nulli
807 3639 1112 3684 nostrorum
1145 3638 1422 3700 poetarum
1453 3624 1563 3698 (22)
1597 3625 1874 3680 dixerunt:

712 3741 825 3812 (10)
858 3741 1057 3796 Factus
1085 3751 1159 3796 est
1180 3739 1533 3812 maledictum.
1561 3737 1737 3812 Calai.
1773 3754 1856 3802 111,
1891 3741 1977 3795 15.

737 3807 822 3880 11)
861 3812 918 3866 Si
944 3814 1247 3882 diligeretis.
1278 3809 1432 3882 Joan.
1471 3825 1580 3882 xlv,
1612 3807 1701 3882 28.

737 3873 825 3947 12)
863 3873 1242 3947 ρηία.’(ἶι·ωοα
1303 3879 1467 3934 editio
1502 3879 1588 3947 hic
1617 3877 1760 3931 addit
1813 3873 1986 3940 εἶπον,
2022 3879 2075 3934 id
2111 3888 2196 3935 est

647 3972 666 4006 ι
874 3946 1233 4030 iSethYnlg.
1264 3951 1528 4030 interpres
1558 3946 1765 4030 legi_t_ut
1792 3948 2066 4030 Ditillllllﬁ.

711 4023 824 4147 Q5)
869 4020 971 4086 Qui
993 4016 1236 4101 misitme
1273 4017 1451 4071 Pater.
1487 4016 1594 4070 Pro
1660 4017 1741 4070 his
1785 4016 1963 4097 verbis
2009 4017 2194 4073 Graaca

639 4101 694 4148 et
772 4095 912 4145 atina
951 4091 1114 4145 Btblta
1148 4089 1348 4143 habent
1376 4104 1391 4141 :
1421 4089 1450 4140 6
1476 4086 1665 4156 Πατήρ
1699 4102 1824 4154 μου,
1855 4088 1906 4140 td
1928 4096 2012 4142 est
2041 4107 2058 4139 ι
2088 4087 2194 4142 Pa-

641 4173 726 4218 ter
753 4176 924 4216 meus.
955 4180 972 4212 ι

711 4231 824 4301 (lli)
863 4231 972 4299 Ego
993 4233 1046 4284 in
1071 4226 1248 4301 Patre.
1279 4225 1580 4301 Joan_._x1v,
1619 4225 1706 4278 11.

709 4295 824 4373 (15)
855 4295 1034 4373 Pater.
1055 4297 1220 4373 Διῐςιιιιι.
1253 4313 1364 4373 xr_v,
1395 4295 1481 4348 10.

707 4362 820 4440 (16)
859 4371 964 4435 Qui
995 4369 1136 4440 misit
1168 4384 1267 4440 nte.
1295 4365 1450 4419 Joan.
1474 4379 1591 4428 vttt,
1613 4362 1752 4440 29.;

708 4431 1233 4514 (l7)_Iv’ro_pe.__Ps:-l.
1271 4450 1450 4514 σχειν,
1482 4449 1629 4514 vers.
1674 4431 1740 4487 19
1779 4435 1906 4514 (seu
1929 4435 2028 4514 l8)
2059 4436 2190 4514 legi-

639 4502 728 4566 tur
757 4529 772 4566 :
824 4502 1255 4580 ’Eﬁbcixﬁpto;
1293 4507 1426 4580 πᾶσι
1464 4506 1578 4580 ςτοῖς
1613 4502 2056 4580 ὲπικᾳλουμένοις
2096 4502 2190 4559 σζὺ-

635 4583 748 4644 τόν,
776 4583 827 4636 id
852 4575 941 4634 est
964 4599 982 4631 ι
1023 4575 1192 4645 Prope
1217 4586 1301 4631 est
1331 4576 1584 4630 Dominus
1625 4575 1885 4628 omnibus
1915 4578 2004 4644 qui
2042 4578 2194 4629 invo-

637 4661 765 4705 cant
804 4652 998 4719 ipsum.
1031 4667 1048 4700 1
1081 4646 1587 4719 Huncversiculum
1635 4645 2196 4711 permiscuitfortasse

636 4715 893 4783 Didymus
919 4735 1039 4773 cum
1065 4733 1205 4772 vers.
1249 4715 1310 4770 l0
1340 4715 1530 4783 psalmi
1559 4726 1778 4767 uxxrv.

709 4783 818 4860 (18)
870 4788 944 4860 βε
1005 4787 1305 4842 αιεεηάετο.
1378 4783 1520 4839 Psal.
1583 4797 1863 4852 cxxxvut,
1915 4799 2057 4839 vers.
2099 4784 2196 4840 7-9

656 4858 770 4916 ειη
793 4858 970 4916 8-10).

637 4860 770 4934 (sive
793 4860 970 4928 8-10).

706 4929 816 5000 (19)
853 4925 1302 5000 Οωιιιηιηιθιξθηι.
1339 4919 1630 5000 χιιιιρ-2ι.

725 4999 817 5065 20)
863 4997 1133 5064 Quamuis.
1164 4999 1284 5052 Act.
1318 5011 1452 5065 xvtt,
1474 4993 1630 5065 27Uet
1665 4996 1758 5051 28.

725 5002 817 5065 20)
863 5002 1133 5064 Quamuis.
1164 5002 1284 5052 Act.
1318 5011 1452 5055 xvtt,
1474 5002 1542 5048 27
1575 5004 1630 5049 et
1665 5002 1758 5051 28.

704 5002 819 5141 121)
861 5069 928 5122 In
956 5069 1089 5135 ipso,
1128 5079 1233 5141 etc.
1268 5067 1390 5120 Haec
1427 5063 1766 5141 Pauli__verba
1812 5067 1988 5141 citans
2024 5066 2190 5141 multa

635 5133 825 5206 peccat
872 5133 1058 5191 auctor
1080 5138 1257 5206 operis
1290 5151 1434 5189 anno
1470 5133 1606 5206 l765
1649 5136 1901 5206 evulgati,
1937 5138 2077 5204 quod
2109 5137 2191 5189 in-

635 5203 892 5264 scribitur
920 5206 994 5260 La
1017 5203 1338 5275 philesophie
1363 5206 1426 5258 de
1460 5203 1733 5275 l‘ltistoire.
1773 5203 1904 5259 Nam
1937 5203 2054 5274 cap.
2121 5206 2192 5260 43

638 5283 749 5334 haec
779 5277 965 5332 scribit
995 5273 1267 5346 :‘Lorsque
1317 5276 1453 5328 saint
1498 5273 1635 5328 Paul
1689 5278 1786 5330 cite
1811 5293 1891 5328 ces
1919 5273 2030 5329 vers
2064 5276 2191 5328 d’un

632 5352 780 5418 poéte
817 5362 968 5418 grec,
1000 5350 1192 5400 Aratus
1223 5361 1242 5398 :
1295 5346 1434 5418 T_out
1477 5346 1552 5418 vit
1621 5348 1756 5400 dans
1792 5347 1955 5418 Dieu,
1994 5355 2104 5398 lout
2133 5359 2191 5418 se

635 5414 961 5482 ineut,'tout
995 5418 1202 5482 respire
1232 5431 1297 5468 en
1327 5415 1476 5479 Dieu,
1509 5417 1550 5468 il
1591 5419 1761 5470 donne
1806 5416 1840 5469 ὰ
1881 5432 1937 5469 ce
1971 5418 2115 5480 poéle
2143 5414 2188 5466 Ie

635 5504 754 5565 item
810 5489 873 5540 de
913 5487 1152 5565 prophéte
1178 5486 1363 5565 (dcte:
1412 5487 1500 5565 des
1547 5488 1786 5565 apply“,
1834 5489 1985 5552 chap.
2023 5483 2186 5565 μνη).

634 5557 804 5623 Quam
837 5556 1000 5609 multa
1037 5557 1223 5625 paucis
1259 5557 1312 5608 in
1354 5557 1530 5610 verbis
1555 5555 1760 5611 falsitas
1804 5566 1963 5622 atque
2022 5554 2187 5625 insci-g

635 5627 741 5680 tia'l
786 5626 998 5680 Falsum
1041 5623 1126 5679 est
1152 5625 1360 5692 primo.
1386 5626 1700 5694 prophetam
1747 5642 1775 5678 a
1818 5625 1980 5679 Paulo
2006 5623 2186 5678 vocari

631 5711 777 5758 eum,
827 5712 984 5762 quem
1014 5696 1256 5764 allegat:
1300 5697 1568 5764 prephetae
1609 5711 1801 5749 nomen
1851 5696 1939 5749 hic
1982 5694 2184 5748 nullum

635 5776 738 5822 est.
758 5766 969 5822 Falsqu
987 5776 1070 5824 est
1096 5765 1350 5831 secundo,
1370 5766 1526 5820 verba
1551 5767 1684 5833 haec,
1713 5784 1732 5817 ‹
1759 5767 1810 5820 In
1846 5767 1981 5834 ipso,
2006 5783 2027 5818 ι
2052 5773 2182 5832 etc.,

2307 2992 2710 3062 κατασκηνώσω
2735 2992 2813 3054 εἰς
2834 2991 2902 3044 τὰ
2942 2990 3148 3061 ἔσχατα
3174 2992 3275 3062 τῆς
3302 2992 3573 3063 θαλάσσης
3591 3012 3602 3023 ·
3632 2995 3725 3045 καὶ
3772 2996 3892 3068 γὰρ

2305 3087 2420 3138 ἐκεῖ
2462 3083 2581 3155 [181
2632 3082 2682 3154 b]
2741 3085 2774 3153 ἡ
2812 3083 2933 3154 χείρ
2968 3101 3059 3136 σου
3097 3084 3356 3154 ὁδηγήσει
3400 3102 3488 3154 με,
3521 3085 3613 3138 καὶ
3654 3087 3886 3152 καθέξει

2310 3175 2438 3244 μεὴ
2482 3174 2629 3239 δεξιά
2670 3189 2783 3225 σου.
2841 3191 2859 3224 1
2912 3174 2969 3225 '0
3007 3172 3064 3224 δὲ
3105 3172 3405 3243 Ἱερεμίας-ο
3444 3192 3462 3224 ε
3513 3173 3615 3226 Τὸν
3646 3175 3890 3246 οὐρανὸν

2307 3266 2399 3318 καὶ
2438 3266 2536 3334 τὴν
2578 3265 2679 3335 γῆν
2734 3265 2844 3333 ἐγὼ
2893 3263 3113 3336 πληρῶ,
3162 3265 3310 3332 λέγει
3356 3266 3579 3336 Κύριος.
3637 3285 3655 3317 ι
3704 3269 3782 3321 Ai.
3826 3270 3888 3324 δὲ

2308 3355 2572 3428 Πράξεις’
2629 3375 2647 3407 ι
2708 3354 2818 3408 Καί
2857 3372 2919 3424 γε
2971 3356 3030 3407 οὐ
3077 3354 3292 3426 μακρὰν
3342 3355 3449 3408 ἀπὸ
3486 3356 3603 3419 ἐνὸς
3642 3357 3885 3412 ἑκάστου

2308 3448 2463 3519 ἡμῶν
2507 3447 2856 3518 ὑπάρχοντα’
2897 3450 2954 3500 ἐν
2981 3445 3130 3516 αὐτῷ
3166 3447 3273 3518 γὰρ
3313 3446 3526 3516 ζῶμεν,
3569 3449 3665 3502 καὶ
3691 3452 3889 3504 κινού-

2311 3539 2469 3611 μεθα.
2508 3541 2602 3593 καὶ
2622 3538 2786 3609 ἐσμέν
2806 3556 2820 3570 ο
2847 3538 2922 3602 ὡς
2963 3538 3054 3614 καί
3076 3556 3223 3602 τινες
3249 3539 3355 3592 τῶν
3381 3540 3504 3592 καθ’
3532 3541 3680 3611 ἡμᾶς
3713 3560 3884 3614 ποιη-

2306 3631 2414 3684 τῶν
2445 3632 2729 3704 εἰρήκασιν
2756 3648 2766 3659 ·

2294 3759 2413 3800 esse
2447 3743 2618 3798 Arati.
2663 3744 2873 3799 Falsum
2919 3752 3001 3799 est
3041 3744 3238 3807 tertio,
3291 3759 3352 3800 ea
3393 3744 3446 3798 in
3483 3744 3674 3801 Graeco
3725 3747 3883 3804 fonte

2296 3829 2420 3869 esse
2453 3830 2672 3868 versum
2700 3853 2716 3880 ,
2754 3827 2849 3868 aut
2897 3813 3076 3885 plures
3101 3828 3296 3885 versus
3343 3832 3357 3868 :
3403 3829 3574 3882 neque
3614 3831 3743 3870 vero
3777 3834 3881 3885 pro

2295 3896 2493 3955 versn'.
2527 3893 2614 3936 aut
2649 3885 2890 3939 versibus
2926 3883 3113 3955 haberi
3141 3893 3370 3950 possunt
3403 3885 3609 3955 nisi_ab
3637 3902 3704 3940 eo
3726 3927 3744 3951 ,
3775 3883 3871 3955 qui

2294 3953 2497 4021 Graeca:
2545 3969 2768 4021 poeseos
2825 3952 3045 4021 omnino
3104 3953 3320 4021 ignarus
3374 3954 3462 4007 sit.
3513 3953 3734 4008 Falsum
3790 3952 3878 4014 est

2294 4020 2485 4090 quarto
2505 4020 2694 4078 eadem
2717 4023 2872 4078 citari
2896 4037 2925 4076 a
2954 4020 3146 4092 Paulo;
3171 4033 3297 4084 sunt
3322 4026 3462 4076 enim
3489 4024 3662 4092 ipsius
3685 4025 3832 4080 Pauli
3856 4047 3871 4082 :

2295 4093 2386 4159 qui
2424 4094 2524 4147 etsi
2576 4093 2862 4161 subiungat
2897 4111 2908 4145 :
2955 4110 2975 4144 ι
3015 4091 3168 4146 Sicut
3198 4103 3252 4146 et
3296 4093 3512 4160 quidam
3555 4105 3867 4150 vestrorum

2297 4173 2574 4230 poetarqu
2608 4162 2893 4220 dixerunt:
2930 4182 2949 4214 1
2986 4178 3091 4215 non
3125 4161 3209 4215 illa
3246 4173 3422 4216 tamen
3465 4165 3712 4231 respicit.
3755 4182 3871 4232 quae

2296 4234 2650 4293 antecedunt,
2671 4241 2739 4305 Aut
2775 4233 2964 4305 inscite
3003 4241 3155 4301 putat
3184 4233 3283 4305 iste
3312 4243 3596 4305 nugator,
3625 4237 3720 4288 sed
3753 4252 3870 4305 qua

2300 4312 2617 4370 sequuntur.
2655 4303 2724 4354 At
2746 4303 2889 4355 enim
2923 4311 3029 4354 tam
3064 4301 3278 4370 acerbe,
3311 4301 3543 4369 inquies.
3583 4301 3861 4358 insectan-

2293 4369 2392 4426 dus
2417 4387 2519 4425 non
2560 4379 2642 4424 est
2665 4372 2756 4438 qui
2803 4372 3199 4425 inconsiderate
3240 4369 3464 4426 forsitan
3502 4372 3725 4428 locutus
3757 4377 3862 4439 sit;

2297 4441 2588 4494 humanum
2621 4451 2704 4493 est
2733 4441 2875 4493 enim
2904 4455 3088 4494 errare
3113 4459 3125 4492 :

2296 4509 2518 4573 Scimus,
2535 4519 2581 4562 et
2610 4510 2742 4563 hanc
2758 4509 2953 4580 ueniam
2978 4511 3295 4580 petimusque
3315 4510 3604 4580 damusque
3619 4511 3862 4568 vicissim.

2861 4579 3119 4649 (Henna,
3159 4577 3231 4632 De
3251 4592 3362 4654 arte
3385 4577 3542 4654 poem.
3581 4598 3730 4654 vers.
3759 4583 3861 4654 11.)

2299 4648 2492 4702 Verum
2510 4665 2615 4703 non
2651 4649 2717 4703 de
2751 4648 3014 4717 scriptore
3036 4664 3177 4702 nunc
3203 4651 3399 4715 agitur,
3419 4651 3510 4716 qni
3531 4649 3750 4704 labatur
3769 4648 3865 4705 im;

2294 4720 2548 4787 prudens,
2577 4720 2668 4772 sed
2705 4719 2772 4772 de
2808 4733 2871 4772 eo
2907 4719 3144 4784 homine,
3186 4719 3272 4785 qui
3307 4721 3404 4773 etsi
3437 4735 3695 4788 magnam
3729 4737 3862 4788 sepe

2298 4803 2509 4850 rerum,
2541 4789 2605 4842 de
2643 4790 2838 4856 quibus
2856 4789 3064 4848 scribit,
3085 4788 3656 4856 inscientiaut,s:epins
3684 4802 3854 4846 tamen

2295 4857 2650 4930 subtlulatnac
2670 4873 2968 4930 perversam
2989 4858 3164 4926 prodit
3190 4857 3539 4930 voluntatem,
3566 4863 3771 4930 ubique
3792 4861 3854 4915 ad

2295 4924 2557 4980 fallendos
2569 4924 2810 4981 incautos
2827 4924 3174 4995 imperitosve
3190 4925 3413 4982 lectores
3425 4929 3607 4983 divina
3624 4924 3852 4992 oracula,

2293 5011 2358 5066 ac
2410 4996 2626 5050 Patrum
2674 4997 3008 5065 aliorumque
3051 4997 3375 5066 scriptorum
3430 4997 3551 5052 loca
3617 5002 3853 5054 consulto

2295 5064 2541 5137 immutat
2571 5106 2586 5132 ,
2632 5076 2691 5137 ut
2732 5064 2964 5137 ludibrio
3003 5064 3303 5137 habeantur
3341 5074 3510 5137 (atque
3560 5068 3849 5137 despectui.

2295 5133 2775 5206 Innumerabilibns
2798 5134 2910 5190 l‘ere
2934 5133 3548 5206 exemplisiconﬁrtnare
3585 5133 3702 5194 luet:
3730 5154 3848 5206 pos-

2293 5218 2426 5275 sem,
2457 5205 2556 5258 nisi
2586 5206 2794 5272 longius
2817 5221 2846 5258 a
2873 5205 3146 5275 proposito
3173 5203 3531 5259 aberrandum
3564 5203 3842 5262 forethed

2293 5273 2462 5327 fusius
2493 5289 2556 5327 ea
2583 5273 2894 5343 persecutus
2917 5273 3031 5343 sum
3055 5273 3108 5343 in
3140 5275 3415 5337 oratione,
3445 5291 3613 5343 quam
3646 5279 3731 5332 hic
3752 5277 3844 5327 Bu-

2291 5344 2465 5417 noniee
2493 5341 2772 5417 superiore
2799 5359 2940 5397 anno
2974 5341 3112 5417 1760
3144 5344 3192 5417 in
3218 5343 3428 5417 publico
3457 5341 3845 5417 Archigyunuao

2293 5413 2375 5466 sio
2402 5413 2467 5465 ad
2507 5415 2680 5468 studia
2716 5414 3058 5467 instauranda
3089 5414 3274 5478 habui,
3310 5431 3328 5464 ι
3366 5413 3442 5466 De
3467 5413 3843 5483 malis‘i'mpio—

2290 5497 2408 5601 run}
2440 5483 2795 5602 quorumdam
2841 5487 3016 5538 aztatis
3048 5493 3242 5537 nostra:
3287 5484 3618 5552 scriptorum
3646 5489 3839 5539 artibus

2290 5566 2353 5602 ac
2377 5572 2390 5602 1
2413 5570 2442 5602 0
2469 5569 2528 5602 IS.
2567 5572 2584 5602 1

2290 5566 2353 5606 ac
2377 5566 2528 5606 tlolls.
2567 5572 2584 5602 ι

2361 5620 2472 5688 (22)
2513 5622 2824 5675 Nostrorum
2856 5631 3144 5685 poetarum.
3167 5621 3358 5676 Cilices
3385 5632 3688 5677 erantcum
3715 5625 3836 5674 Ara-

2293 5701 2396 5755 tus,
2428 5703 2535 5744 tmu
2572 5691 2784 5746 Paulus.
2819 5690 2990 5748 Biblia
3021 5702 3196 5749 tamen
3236 5693 3436 5748 habent
3458 5711 3476 5745 ι
3503 5705 3829 5749 vesuorumi

2290 5778 2387 5832 pro
2415 5779 2432 5812 ι
2459 5771 2783 5818 nostrorum.
2809 5779 2830 5814 ι
