4060 6406
181 345 275 404 881

1243 352 1328 405 DE
1372 352 1745 409 TRINITATE
1782 354 1981 409 LIBER
2015 353 2333 410 TERTIUS.

3306 355 3410 408 88%

249 461 366 516 Τοῦ
395 479 507 531 γαρ
541 463 637 518 καὶ
672 464 846 534 γένος
867 463 1055 534 ἐσμεν
1076 480 1091 497 ·
1119 482 1138 517 ι
1185 466 1218 519 ὁ
1248 464 1301 517 δ’
1322 464 1499 539 ἤπιος
1526 471 1745 535 ἀνθρω-

1863 468 2023 537 lpsws
2044 469 2181 523 enim
2205 479 2249 522 et
2296 483 2453 537 genus
2491 482 2671 539 sumus
2691 466 2809 539 (23)
2838 482 2856 520 :
2887 467 3151 539 ipseAvero
3174 466 3288 539 (24)
3323 470 3413 520 be-

1384 535 1637 607 [ποισιν.

183 622 283 675 Καὶ
307 624 357 675 εἰ
376 624 404 676 6
431 624 707 695 Δεσπότης
736 624 898 688 αὐτὸς
913 624 1187 695 ἐξηγεῖται
1203 665 1217 689 ,
1252 626 1327 689 ὡς
1353 626 1605 679 οὐδέποτε
1625 626 1750 690 τοὺς

181 715 440 785 οὐρανοὺς
481 716 580 787 τῆς
612 715 803 768 ἑαυτοῦ
845 717 1143 786 παρουσίας
1189 717 1524 787 ἐγύμνωσεν,
1559 718 1749 788 ὥσπερ

181 805 295 857 οὐδὲ
334 804 432 857 νῦν
475 806 611 876 μετά
658 806 754 877 τὴν
798 808 1062 878 ἀνάληψιν
1106 807 1207 878 τῆς
1244 809 1345 879 γῆς
1382 808 1752 879 ἀπολιμπάνε-

183 911 300 947 ται·
340 914 361 946 ι
430 895 559 949 Ἰδοὺ
601 915 619 947 ι
664 897 802 968 γὰρ,
854 899 1035 968 φησιν,
1078 916 1097 950 ι
1136 898 1246 966 ἐγὼ
1281 898 1399 970 μεθ’
1444 898 1597 970 ὑμῶν
1637 900 1750 969 είμι

185 987 362 1050 πάσας
384 987 483 1050 τὰς
507 989 719 1060 ἡμέρας
744 988 848 1052 ἕως
875 990 974 1061 τῆς
1005 990 1311 1055 συντελείας
1343 991 1437 1044 τοῦ
1466 992 1659 1054 αἰῶνος
1676 1007 1689 1020 ·
1725 1008 1745 1043 ι

186 1077 417 1145 βεϐαιῶν
470 1080 539 1132 τὰ
598 1080 748 1151 παρά
799 1081 889 1134 τοῦ
953 1083 1309 1154 ἱεροκήρυκος
1360 1084 1418 1136 ὲν
1472 1090 1502 1136 ι’
1552 1081 1752 1152 ψαλμῷ

179 1168 443 1238 ᾴτθέντα,
471 1170 537 1224 δι’
570 1166 644 1225 ὧν
680 1174 772 1226 καὶ
811 1174 903 1227 ὲπὶ
936 1176 1038 1245 γῆς
1082 1176 1261 1241 αὑτὸν,
1304 1176 1397 1229 καὶ
1436 1176 1493 1227 ὲν
1540 1172 1753 1246 οὐρανῷ

184 1261 276 1314 ἐπὶ
301 1262 397 1314 τοῦ
430 1262 576 1316 θείου
617 1264 1037 1329 ἐπικαθέζεσθαι
1070 1265 1259 1337 θρόνου
1292 1267 1747 1337 προσεκήρυττεν·

184 1355 346 1423 φησιν
396 1356 537 1427 γάρ·
574 1375 594 1408 ι
639 1357 842 1429 Κύριος
873 1359 934 1412 ὲν
981 1358 1095 1429 ναῷ
1116 1359 1256 1430 ἁγίῳ
1289 1359 1454 1413 αὐτοῦ
1478 1399 1492 1423 ,
1526 1358 1749 1428 Κύριος,

184 1445 241 1496 ὲν
272 1444 488 1517 οὐρανῷ
530 1447 559 1497 6
604 1446 785 1518 θρόνος
816 1447 999 1501 αὐτοῦ.
1041 1467 1059 1500 ι
1496 1468 1501 1473 ’

253 1537 315 1588 Εἰ
360 1536 536 1591 ταῦτα
581 1538 750 1602 οὕτως
785 1539 917 1610 ἔχει,
948 1539 1176 1611 ἀμάχως
1218 1540 1279 1593 τὸ
1318 1559 1337 1593 ι
1382 1540 1682 1613 πορεύομαι
1728 1559 1746 1593 ι

183 1629 276 1681 καὶ
306 1649 325 1679 ι
364 1631 395 1683 6
424 1629 668 1700 πέμψας,
715 1650 734 1683 ο
769 1632 843 1695 ὡς
880 1631 1091 1703 μορφὴν
1118 1631 1305 1685 δούλου
1341 1631 1541 1699 λαϐὼν,
1603 1629 1747 1694 εἷπε,

182 1717 277 1769 καὶ
298 1717 387 1771 διὰ
406 1720 467 1772 τὸ
501 1721 782 1785 Ἰουδαίους
804 1722 1052 1775 ἀπιστεῖν
1072 1725 1140 1793 τῇ
1163 1722 1460 1794 οἰκονομίᾳ,
1478 1722 1569 1775 καὶ
1587 1723 1668 1775 ὅτι
1687 1725 1753 1793 τῇ

2654 535 2863 608 [nignus
2891 546 2966 591 est
3006 536 3057 590 in
3085 537 3340 594 homines.

1848 630 1926 683 Ac
1954 629 1997 685 si
2033 630 2289 683 Dominus
2348 630 2464 698 ipse
2503 637 2753 695 testatur,
2806 642 2865 683 se
2925 643 3195 696 nunquam
3244 628 3411 683 caelos

1850 736 1945 774 sua
1978 720 2260 789 praesentia
2301 721 2564 790 privasse,
2598 720 2736 775 sicut
2765 734 2833 773 ne
2875 735 3017 773 nunc
3047 718 3262 788 quidem
3295 727 3414 786 post

1850 812 2229 867 Ascensionem
2248 813 2399 867 abest
2422 828 2451 866 a
2486 823 2648 867 terra.
2677 810 3003 880 «Ecce(25)i
3034 812 3198 874 enim,
3218 811 3409 879 inquit,

1857 919 1875 952 ι
1912 917 2010 972 ego
2050 903 2322 957 vobiscum
2353 918 2470 956 sum
2512 903 2762 957 omnibus
2793 902 2979 957 diebus
3003 916 3172 970 usque
3200 902 3264 954 ad
3287 916 3413 955 con-

1851 994 2263 1048 summationem
2314 978 2518 1058 saeculi,
2550 1013 2569 1046 ι
2620 1008 2682 1047 ea
2720 993 3046 1047 conﬁrmans
3101 1008 3219 1061 quae
3262 1006 3413 1045 sacer

1850 1097 2026 1151 praeco
2060 1083 2111 1137 in
2144 1099 2176 1137 ι
2208 1084 2419 1153 psalmo
2441 1084 2661 1149 cecinit,
2686 1085 2775 1139 ubi
2800 1092 2855 1138 et
2887 1084 2938 1137 in
2968 1092 3109 1137 terra
3145 1083 3414 1151 ipsum,et

1854 1174 1904 1227 in
1934 1173 2069 1228 coelo
2095 1189 2256 1244 super
2279 1175 2515 1228 divinum
2552 1175 2800 1229 thronum
2850 1176 3037 1227 sedere
3073 1171 3411 1242 praedicavit;

1853 1262 1928 1315 ait
1958 1263 2100 1316 enim
2146 1279 2161 1318 :
2230 1281 2248 1315 ι
2281 1262 2537 1317 Dominus
2564 1263 2675 1332 (26)
2728 1263 2781 1316 in
2820 1262 3016 1331 templo
3067 1271 3255 1317 sancto
3293 1275 3411 1327 suo,

1856 1351 2129 1419 Dominus,
2162 1354 2212 1407 in
2249 1353 2385 1408 coelo
2422 1355 2644 1409 thronus
2670 1354 2851 1425 eius.»

1925 1535 1981 1592 Si
2009 1536 2144 1604 haac,
2198 1538 2438 1607 inquam,
2466 1537 2537 1591 ita
2588 1552 2647 1592 se
2698 1538 2916 1601 habent,
2960 1537 3200 1606 profecto
3257 1551 3416 1592 voces

1860 1646 1880 1680 ι
1905 1631 2064 1698 vado,
2098 1648 2118 1682 ι
2144 1641 2197 1684 et
2236 1650 2253 1681 ι
2278 1629 2368 1699 qui
2402 1630 2570 1692 misit,
2620 1648 2640 1681 ι
2690 1629 2821 1683 dixit
2853 1628 3108 1682 Dominus
3150 1638 3417 1696 quatenus

1856 1722 1997 1777 servi
2017 1722 2244 1775 formam
2276 1722 2501 1785 habens,
2532 1729 2583 1775 et
2612 1721 2737 1792 quia
2770 1720 3129 1774 lncarnationi
3158 1734 3263 1772 non
3297 1733 3417 1772 cre-

186 1811 479 1883 συμφωνὶᾳ
508 1812 601 1864 τοῦ
628 1812 760 1866 Θεοῦ
792 1814 886 1867 καὶ
920 1814 1130 1882 Πατρός
1150 1814 1392 1884 ἐπεφάνη
1423 1830 1437 1844 ·
1469 1816 1562 1866 καὶ
1587 1814 1646 1866 οὐ
1672 1814 1759 1867 διὰ

1863 1810 2054 1865 debant
2086 1811 2276 1875 Judaei,
2302 1821 2356 1864 et
2403 1810 2529 1881 quia
2561 1812 2922 1865 consensione
2952 1812 3046 1866 Dei
3081 1820 3135 1864 et
3160 1809 3336 1862 Patris
3365 1808 3419 1860 in
3466 1816 3481 1827 ‘

183 1900 342 1954 τοῦτο
374 1901 556 1971 μόνον,
590 1903 699 1955 ἀλλ’
724 1903 863 1957 ὥστε
892 1906 984 1958 καὶ
1010 1906 1133 1968 τοὺς
1165 1907 1357 1975 παχεῖς
1386 1905 1475 1958 τὸν
1506 1905 1629 1958 νοῦν
1664 1908 1758 1959 καὶ

182 1992 477 2062 χερσώδεις
507 1995 873 2058 Μοντανιστὰς
909 1996 1293 2066 ἐντρέπεσθαι,
1318 1997 1408 2049 τὸν
1447 1997 1607 2049 αὑτὸν
1636 1997 1758 2050 Υἱο-

184 2082 401 2152 πατέρα
434 2082 567 2152 ὁμοῦ
601 2084 694 2135 καὶ
740 2084 1093 2155 Παράκλητον
1132 2085 1402 2149 νοοῦντας·
1452 2086 1546 2137 σὺν
1580 2086 1760 2149 αὐτοῖς

182 2171 238 2224 δὲ
266 2174 362 2226 καὶ
395 2174 710 2245 Μανιχαῑον,
749 2175 821 2246 μὴ
853 2176 1203 2248 προσιέμενον
1230 2177 1329 2246 τὴν
1363 2176 1600 2229 Παλαιὰν
1638 2178 1761 2229 Δια-

185 2260 379 2333 θήκην·
415 2263 527 2316 ἀλλ’
570 2265 942 2318 ἀποκαλοῦντα
968 2266 1059 2319 τὸν
1095 2266 1193 2337 μὲν
1226 2267 1442 2337 Πατέρα
1472 2266 1759 2337 ἀπάνθρω-

188 2371 308 2414 πον,
358 2355 437 2417 ὡς
496 2356 791 2409 ἐκϐαλόντα
823 2356 914 2409 τὸν
960 2357 1128 2428 Ἀδὰμ
1155 2358 1263 2410 ἀπὸ
1289 2357 1380 2410 τοῦ
1413 2358 1758 2428 παραδείσου,

185 2446 273 2497 τὸν
311 2446 369 2498 δὲ
402 2446 528 2501 Υἱὸν
565 2448 720 2517 μόνον
741 2449 1136 2522 φιλάνθρωπον,
1162 2449 1236 2511 ώς
1266 2450 1332 2502 δι’
1362 2450 1555 2503 ἑαυτοῦ
1588 2468 1763 2520 παρα-

186 2536 482 2606 γενόμενον
514 2538 607 2591 καὶ
646 2538 913 2593 σώσαντα.
968 2540 1089 2603 Πῶς
1121 2539 1228 2610 γὰρ
1286 2541 1433 2611 μόνῳ
1458 2543 1556 2612 τὴν
1602 2542 1762 2613 χάριν

187 2628 466 2698 είσώμεθα
524 2630 600 2700 τῷ
654 2630 892 2703 Χριστῷ,
933 2631 1057 2703 [182
1091 2631 1144 2703 α]
1198 2633 1278 2685 ὅτι
1316 2632 1558 2703 ἔπεμψεν
1603 2634 1763 2686 αὐτὸν

185 2718 279 2771 καὶ
313 2719 341 2770 ὁ
379 2720 604 2791 Πατήρ;
653 2721 823 2774 Εἴωθε
892 2722 947 2775 δὲ
998 2724 1031 2792 ὴ
1083 2723 1271 2794 Γραφὴ
1292 2726 1352 2794 τῇ
1383 2722 1524 2788 λέξει
1558 2723 1651 2777 τοῦ
1691 2743 1707 2775 ι
1735 2726 1763 2778 6

183 2808 437 2876 πέμψας,
476 2828 493 2860 ι
539 2810 631 2862 καὶ
675 2810 766 2863 τοῦ
818 2828 837 2862 ι
883 2810 1158 2883 ἀπεστάλη
1204 2832 1222 2864 ι
1268 2814 1359 2865 ἐπὶ
1393 2814 1490 2882 τῆς
1525 2814 1763 2884 ἀρρήτου

185 2898 650 2964 συγκαταϐάσεως
680 2900 1069 2972 προσχρῆσθαι·
1102 2903 1193 2954 κοιλ¹
1215 2902 1290 2965 ὼς
1321 2902 1495 2973 θνητῷ
1522 2903 1599 2974 τῷ
1626 2903 1765 2974 λόγῳ

184 2988 509 3058 περιλαϐεῖν
538 2990 794 3043 ἀδύνατον
822 2987 887 3062 ἦν
919 2992 1009 3044 τὸν
1040 2990 1340 3063 ἀχώρητον,
1383 2992 1552 3057 οὕτως
1578 2995 1671 3046 καὶ¹
1698 2996 1763 3065 τῇ

185 3077 300 3130 τῶν
355 3080 615 3148 ῥημάτων
664 3080 943 3152 οἰκονομίᾳ
1000 3083 1097 3153 τὴν
1152 3082 1402 3151 διήγησιν
1463 3082 1763 3148 ποιεῖσθαι,

188 3171 281 3223 ἵνα
322 3173 397 3242 μή
447 3189 531 3235 τις
557 3174 826 3237 ἀντιθεῖας
863 3173 1115 3228 ὑπόνοιαν
1147 3175 1325 3245 σχοίη·
1363 3175 1635 3243 ἑπείτοιγε

1860 1903 2111 1957 mundum
2146 1904 2308 1969 venit,
2343 1918 2513 1971 neque
2560 1918 2687 1957 vero
2726 1906 2794 1957 ob
2836 1903 2974 1956 hanc
3022 1912 3224 1957 tantum
3257 1900 3420 1956 ratio-

1858 2006 2003 2056 ucm,
2065 1991 2157 2045 sed
2194 1991 2357 2045 etiam
2396 2001 2453 2044 ut
2490 2001 2669 2046 mente
2716 1992 2909 2056 crassi,
2961 2005 3023 2044 ac
3083 1992 3244 2044 rudes
3272 1987 3421 2042 Mon-

1862 2082 2072 2135 tanistaa
2150 2081 2262 2153 (27)
2351 2083 2554 2151 pudore
2616 2082 2967 2147 alliciantur,
3058 2080 3147 2149 qui
3232 2087 3423 2149 putant

1858 2173 2100 2228 eumdem
2151 2186 2270 2227 esse
2304 2172 2649 2242 Filiopatrem
2680 2173 2791 2244 (28)
2850 2173 3008 2227 simul
3068 2183 3121 2227 et
3176 2170 3421 2225 Paracle-

1862 2274 2008 2328 tum;
2056 2262 2216 2333 383
2280 2280 2381 2317 una
2428 2279 2548 2317 cum
2589 2264 2717 2332 ipsis
2753 2278 2879 2317 vero
2928 2264 3211 2318 erubescat
3257 2260 3421 2314 etiam

1860 2353 2219 2419 Manichacus,
2256 2355 2345 2424 qui
2376 2355 2539 2409 Vetus
2573 2355 2974 2409 Testamentum
3007 2370 3111 2407 non
3145 2351 3383 2407 admittit
3406 2390 3420 2411 .

1861 2447 1954 2502 sed
1990 2445 2202 2499 Patrem
2229 2446 2442 2514 quidem
2478 2446 3007 2501 vocatinhumanum
3044 2443 3183 2515 (Q9),
3226 2444 3424 2512 quippe

1861 2537 1951 2606 qui
2002 2536 2265 2589 Adamum
2302 2536 2459 2604 ejecit
2500 2550 2564 2589 ex
2614 2536 2884 2606 paradiso,
2934 2534 3128 2588 Filium
3164 2548 3291 2587 vero
3337 2547 3423 2587 so-

1863 2627 1969 2681 lum
2033 2628 2345 2693 humanum,
2400 2628 2452 2682 id
2504 2637 2607 2692 est,
2670 2628 2955 2698 benignum
3018 2627 3072 2679 iu
3140 2625 3420 2690 homines,

1862 2720 2059 2789 quippe
2087 2719 2178 2788 qui
2214 2735 2308 2788 per
2334 2721 2684 2789 semetipsum
2730 2720 2899 2784 venit,
2943 2734 3005 2773 ac
3027 2717 3253 2773 salvavit
3302 2730 3423 2771 nos.

1863 2813 2141 2880 Quomodo
2171 2813 2317 2868 enim
2361 2812 2459 2867 soli
2501 2812 2716 2867 Christo
2738 2811 2940 2879 gratias
2969 2811 3261 2865 habeamus
3282 2806 3423 2878 (50),

1864 2919 1984 2960 cum
2037 2903 2248 2957 miserit
2278 2918 2398 2957 eum
2438 2903 2603 2958 etiam
2644 2901 2841 2957 Pater?
2874 2900 3021 2956 Solet
3056 2910 3236 2955 autem
3278 2900 3428 2955 Scri-

1864 3007 2019 3067 ptura
2062 2995 2261 3061 verbis,
2301 3013 2320 3047 ι
2357 2996 2447 3065 qui
2480 2995 2646 3060 misit,
2686 3014 2704 3048 ι
2733 3004 2789 3049 et
2821 3014 2839 3047 ι
2874 2996 3075 3049 missus
3114 3000 3216 3058 est,
3252 3010 3269 3043 ι
3316 2991 3423 3052 uti,

1865 3101 1987 3141 cum
2042 3085 2106 3139 de
2171 3084 2425 3139 inell‘abili
2472 3086 2931 3140 condescensione
2975 3098 3278 3139 sermonem
3328 3082 3426 3135 ha—

1789 3162 1830 3218 c
1864 3175 1954 3231 bet
1991 3198 2003 3232 :
2035 3186 2087 3231 et
2130 3178 2269 3232 sicut
2318 3176 2532 3232 mortali
2592 3191 2839 3231 sermone
2885 3174 3265 3245 comprehendi
3321 3187 3429 3228 non

190 3276 409 3331 poterat
446 3264 537 3331 qui
566 3273 645 3317 est
675 3266 1227 3334 incomprehensibilis
1251 3306 1266 3331 ,
1306 3266 1377 3319 ita
1405 3283 1471 3321 ne
1511 3282 1605 3334 per
1643 3269 1931 3323 verborum
1973 3270 2186 3339 quidem
2223 3270 2580 3325 mconomiam
2616 3268 2727 3324 ﬁeri
2780 3278 2989 3339 poterat
3027 3268 3322 3334 enarratio,
3361 3282 3430 3320 ne

188 3354 315 3420 quis
367 3352 694 3407 antitheismi
739 3353 1094 3424 suspicionem
1137 3365 1355 3424 caperet
1392 3365 1443 3411 et
1477 3356 1769 3412 semidequ
1803 3357 2076 3427 aliquem,
2102 3370 2193 3413 aut
2223 3358 2334 3414 Deo
2361 3360 2689 3413 contrarium
2732 3359 2897 3414 Deum
2930 3362 3211 3427 cogitaret.
3249 3360 3433 3426 Quan-

188 3448 484 3518 doquidcm

413 3538 616 3593 Πάντα
637 3540 782 3593 Θεοῦ
811 3540 1031 3609 πλήρη,

186 3626 340 3680 καθά
370 3627 604 3698 εἴρηται.
640 3630 922 3701 Μαρτυρεῖ
945 3628 999 3681 δὲ
1032 3628 1204 3701 τούτῳ
1238 3631 1269 3700 ἡ
1301 3630 1387 3683 ἀεὶ
1420 3629 1572 3694 ζῶσα
1596 3633 1768 3704 φωνὴ,

186 3718 451 3787 λέγουσα·
476 3737 495 3769 ι
541 3718 741 3789 Πάτερ,
777 3720 1081 3791 εὐχαριστῶ
1108 3738 1210 3785 σοι,
1238 3721 1319 3774 ὅτι
1353 3722 1592 3792 ἤκουσάς
1644 3741 1767 3794 μου·

189 3812 308 3881 ἐγὼ
340 3812 399 3864 δὲ
432 3812 598 3883 ᾔδειν,
627 3813 708 3865 ὅτι
740 3814 968 3868 πάντοτέ
992 3833 1091 3886 μου
1126 3814 1363 3878 ἀκούεις,
1399 3815 1535 3868 ἀλλά
1565 3817 1650 3869 διά
1682 3817 1771 3870 τὸν

188 3906 353 3976 δχλον
388 3904 480 3957 τὸν
512 3905 850 3977 περιεστῶτα
875 3903 1045 3975 εἷπον,
1072 3908 1157 3960 ἴνα
1180 3907 1558 3974 πιστεύσωσιν,
1599 3909 1680 3961 ὅτι
1707 3908 1770 3961 σύ

193 4016 265 4071 με
298 3998 645 4062 ἀπέστειλας·
684 4018 702 4050 ι
730 3999 1048 4055 τοῦτ’ἔστιν·
1088 4000 1268 4071 ᾜδειν
1300 4002 1381 4054 ὅτι
1408 4002 1635 4056 πάντοτέ
1670 4020 1771 4074 μου

271 4162 388 4233 (23)
432 4162 670 4233 Ipsius...
708 4159 1095 4233 sumus.ALege_
1118 4176 1235 4229 qua:
1263 4162 1330 4233 de
1361 4163 1460 4233 hoc
1492 4163 1638 4233 Arati
1667 4165 1764 4217 he-

195 4229 479 4288 mistichia
531 4234 718 4288 s‘crihit
767 4230 847 4285 Jo.
897 4229 1031 4285 ΑΙῢξ
1060 4229 1340 4285 Fabricius
1395 4232 1533 4285 Bibl.
1591 4231 1764 4287 (ἔναιε.

196 4304 305 4359 vol.
339 4305 405 4368 ll,
438 4318 555 4371 pag.
584 4304 708 4367 455,
744 4302 891 4371 ilngo
924 4301 1140 4355 Grotius
1162 4341 1176 4362 ,
1210 4302 1480 4355 Calmetus
1506 4341 1521 4364 ,
1548 4304 1764 4369 aliique.

2078 3544 2269 3599 Omnia
2298 3544 2407 3616 (51)
2447 3544 2556 3598 Deo
2585 3545 2736 3614 plena
2759 3557 2900 3609 sunt,

1868 3646 1926 3691 ut
1953 3636 2155 3691 dictum
2192 3634 2311 3693 fuit.
2361 3635 2514 3702 Quod
2567 3645 2750 3690 autem
2803 3636 2935 3700 dixi,
2990 3637 3299 3693 testimonio
3328 3653 3428 3693 suo

1869 3729 2158 3783 conﬁrmat
2194 3743 2297 3782 vox
2337 3742 2548 3797 semper
2577 3727 2716 3791 viva,
2751 3742 2870 3797 quae
2897 3728 2971 3781 ait
3006 3745 3019 3782 :
3060 3746 3078 3780 ι
3106 3726 3267 3783 Pater
3295 3729 3431 3798 (52),

1867 3822 2069 3891 gratias
2094 3836 2195 3890 ago
2226 3821 2343 3885 tibi,
2372 3820 2623 3889 quoniam
2664 3819 2856 3873 audisti
2892 3834 2994 3874 me.
3071 3820 3183 3890 Ego
3240 3829 3428 3875 autem

1868 3910 2129 3974 sciebam,
2160 3912 2302 3980 quod
2335 3923 2549 3978 semper
2584 3922 2668 3962 me
2699 3908 2851 3962 audis
2871 3949 2886 3975 ,
2919 3908 3011 3963 sed
3042 3920 3263 3981 propter
3314 3918 3433 3965 tur-

1868 4004 2013 4069 bam,
2067 4018 2186 4071 quae
2233 4002 2568 4069 circumstat,
2607 4001 2739 4068 dixi,
2782 4008 2841 4055 ut
2895 4003 3151 4068 credant,
3186 4005 3325 4073 quod
3380 4013 3435 4057 tu

1874 4179 1971 4219 nec
2003 4163 2339 4221 Montanista:
2364 4181 2552 4224 omnes
2580 4168 2652 4222 ita
2685 4178 2989 4236 senserunt,
3022 4166 3114 4223 sed
3138 4182 3205 4221 ex
3231 4163 3435 4217 Monta-

1875 4237 2028 4306 "iSIiS
2090 4236 2154 4300 ίί,
2208 4238 2299 4306 qui
2355 4238 2647 4293 secundum
2707 4238 3016 4294 Eschinem
3079 4237 3430 4306 vocabantur.

1883 4323 1901 4355 ε
1935 4305 2206 4379 Privatam
2226 4304 2411 4361 autem
2447 4309 2832 4374 blasphemiam
2858 4304 3436 4379 (inquitTertullianus

271 4374 390 4440 (24)
435 4373 555 4440 Ipse
577 4391 728 4433 vero,
761 4382 862 4444 etc.
913 4371 1241 4444 Desuuthzcc
1274 4374 1432 4425 verba
1467 4372 1524 4444 in,
1549 4372 1751 4444 Bibliis.
1790 4381 1830 4434 ι)
1861 4375 1911 4427 in
1952 4375 2043 4429 lib.
2091 4381 2163 4429 Ue
2210 4371 2687 4444 pra'scriptionibus
2736 4371 3133 4442 haereticorum,
3170 4391 3288 4442 cap.
3317 4372 3429 4444 52),

196 4443 471 4515 Didymus
492 4484 506 4507 ,
542 4454 723 4511 utpote
745 4443 816 4515 Ain
854 4442 1023 4515 poetis
1054 4452 1420 4515 versatus,_ea
1463 4442 1758 4515 addiditex

193 4511 394 4573 Arsia.
434 4528 646 4568 versum
674 4529 702 4565 a
744 4512 903 4565 Paulo
929 4511 1151 4564 citatum
1196 4511 1498 4565 absolvens.
1538 4512 1605 4566 Μ.
1639 4511 1768 4564 Tul-

194 4584 305 4638 lius
350 4584 547 4637 Cicem
585 4583 743 4636 vertit
770 4596 785 4634 :

308 4654 430 4706 Nos
463 4671 624 4721 genus
657 4652 778 4704 illus
801 4666 819 4702 :
848 4650 993 4703 nobis
1020 4648 1109 4703 ille
1134 4650 1301 4704 omine
1327 4649 1449 4704 lwto

312 4722 543 4776 Dextera
574 4723 872 4789 praeﬁgunt.

192 4791 473 4846 Nimirum
495 4787 614 4861 poSt
633 4787 812 4845 vocem
855 4787 1185 4859 ἀνθρώποισι
1212 4788 1653 4859 iuterpunctionis
1674 4804 1773 4844 no-

196 4874 315 4916 tam
359 4878 465 4915 non
504 4863 768 4930 apposuit.
798 4861 891 4930 sed
921 4861 1047 4929 legit
1079 4879 1090 4912 :

281 4932 396 4986 Τοῦ
420 4928 650 5000 γὰρκαὶ
670 4931 841 5000 γένος
864 4929 1068 4999 ἐσμέν·
1091 4933 1122 4984 ό
1149 4930 1199 4983 δ’
1221 4929 1396 4999 ἤπιος
1411 4928 1773 4998 ἀνθρώποισι

284 5002 461 5065 Δεξιὰ
491 5004 771 5071 σημαίνει
793 5042 807 5063 ,

192 5082 260 5126 ut
296 5086 381 5125 est
411 5076 548 5139 apud
583 5074 825 5125 Aratum.

274 5143 393 5207 (25)
431 5142 582 5195 Ecce.
620 5141 810 5195 Matth.
848 5140 1153 5206 xxvutﬂo.

275 5215 392 5281 (26)
432 5213 704 5265 Dominus.
746 5209 883 5281 Psa_|_.
917 5226 970 5271 x,
998 5227 1138 5265 vers.
1172 5210 1207 5265 4
1237 5210 1350 5281 (seu
1374 5209 1451 5280 5).

276 5277 396 5353 (‘21)
436 5281 792 5335 Montanistw.
832 5277 1274 5353 Montanistarum
1317 5277 1515 5353 sectam
1563 5277 1774 5347 Didymi

195 5349 457 5420 tempore
483 5353 799 5404 exstinctam
850 5364 953 5401 non
990 5351 1155 5404 fuisse
1194 5360 1301 5403 tum
1332 5364 1396 5402 ex
1431 5349 1548 5401 aliis
1582 5364 1777 5420 manu-3

194 5417 412 5477 mentis
442 5429 679 5483 constat,
707 5430 816 5473 tum
844 5420 1003 5473 etiam
1027 5434 1092 5473 ex
1115 5420 1338 5488 cpistola
1360 5420 1423 5473 41
1462 5417 1777 5488 Hieronymi

192 5497 268 5546 ad
308 5489 643 5544 Marcellam.

276 5561 400 5630 (28)
446 5558 810 5630 Filtopatrem.
842 5559 992 5613 Hunc
1020 5574 1266 5630 errorem
1293 5557 1629 5611 MOntanistis
1675 5556 1776 5630 tri-

191 5627 331 5688 buit
360 5627 415 5684 et
467 5629 824 5699 Hieronymus
856 5634 907 5683 in
942 5630 1164 5699 epismla
1211 5628 1315 5692 41,
1358 5644 1518 5696 quam
1560 5627 1779 5693 scripsit

191 5715 359 5756 anno
406 5698 627 5769 Domini
657 5698 796 5769 584,
828 5698 1018 5769 nempe
1059 5715 1121 5752 eo
1158 5698 1373 5752 circiter
1404 5710 1642 5769 tempore
1670 5710 1779 5763 quo

192 5774 336 5831 hac
380 5767 620 5826 dictabat
668 5767 1245 5838 Didymus.‘tlaeterum
1305 5785 1408 5825 non
1457 5767 1775 5829 Montanus,

1872 4444 1943 4498 illi
1976 4448 2063 4513 qui
2094 4461 2217 4500 Sunt
2249 4448 2367 4501 Itala
2399 4446 2736 4513 1Eschinem,
2776 4451 2910 4501 hanc
2953 4449 3168 4507 habent,
3203 4461 3307 4512 qua
3342 4444 3438 4495 ad-

1867 4518 2057 4579 jiciunt
2088 4520 2248 4569 etiam
2283 4521 2419 4581 hoc,
2459 4528 2514 4569 ut
2556 4520 2735 4572 dicant
2784 4518 3055 4571 Christum
3100 4517 3274 4583 ipsqu
3319 4525 3437 4565 esse

1872 4586 2145 4659 Filiumet
2173 4589 2408 4659 Patrem.
2435 4607 2453 4638 ι
2487 4586 2634 4659 Hanc
2655 4587 3027 4659 υἱοπατορίαν,
3064 4586 3113 4639 id
3143 4595 3224 4638 est
3250 4601 3267 4633 ι
3302 4583 3440 4635 lilio-

1872 4657 2249 4724 paternitatem
2290 4677 2307 4708 ι
2373 4658 2425 4709 in
2491 4656 2810 4712 Sabellianis
2866 4656 3079 4726 quoque
3123 4663 3440 4709 exsecratur

1872 4727 2161 4779 secundum
2195 4728 2478 4780 concilium
2519 4730 2908 4783 mcumenicum
2938 4741 3141 4781 canone
3165 4741 3257 4788 vn,
3285 4738 3437 4775 eam-

1872 4810 1976 4863 que
2005 4796 2195 4850 refellit
2238 4799 2517 4860 theologus
2549 4807 2729 4851 noster
2758 4800 2917 4850 etiam
2951 4798 3000 4849 in
3031 4797 3166 4848 libro
3203 4794 3276 4845 De
3308 4790 3435 4863 Spi-

1875 4862 1977 4917 ritu
2007 4880 2187 4919 sancto
2218 4884 2362 4920 num.
2392 4868 2481 4923 58.
2519 4869 2640 4920 ΑΙἰο
2668 4864 3226 4936 ἐθιιειιυίοπατορίαν
3258 4862 3436 4915 norni-

1875 4947 1967 4987 uat
2013 4936 2239 4991 Allatius
2267 4939 2651 4991 exercitatione
2690 4954 2717 4989 χ
2749 4939 2803 4989 in
2833 4935 3275 5006 Chreyghwnum,
3313 4946 3437 5006 pag.

1876 5006 1977 5059 180
2001 5045 2015 5068 ,
2050 5007 2118 5058 ita
2157 5008 2359 5061 scilicet
2396 5018 2450 5059 ut
2490 5023 2609 5060 eam
2645 5008 2888 5062 hzeresim
2925 5001 3172 5070 denotet,
3203 5021 3321 5073 qua:
3351 5001 3443 5055 Fi-

1877 5075 2003 5127 lium
2034 5076 2261 5143 Spiritus
2295 5079 2465 5130 sancti
2489 5077 2786 5145 genitorem
2815 5092 2937 5131 esse
2977 5075 3221 5129 allii-met.

1946 5145 2056 5266 (ἳ9)
2096 5144 2470 5203 Inhumanum.
2496 5144 2667 5201 iHanc
2720 5147 3106 5214 blasphemiam
3143 5147 3317 5198 obiter
3351 5154 3436 5194 re—

1973 5217 2007 5266 it
2041 5217 2291 5266 Didvmus
2313 5218 2471 5266 etiam
2492 5219 2543 5266 in
2575 5217 2708 5266 libro
2723 5217 2797 5266 De
2814 5216 2954 5266 Snir.
2979 5224 3319 5266 sanctonum.
3345 5210 3436 5266 45.

1878 5210 2007 5267 fellit
2040 5210 2291 5281 Didymus
2313 5218 2471 5269 etiam
2492 5219 2543 5269 in
2575 5217 2708 5271 libro
2723 5217 2797 5269 De
2814 5210 2954 5284 Spir.
2979 5210 3442 5284 sanctonum._45,

1878 5295 1931 5336 et
1969 5286 2283 5338 brevissime
2317 5285 2368 5338 in
2405 5287 2745 5340 enarratione
2792 5281 3099 5353 in'primam
3131 5284 3275 5337 Petri
3307 5281 3445 5349 Epid

1877 5354 2159 5424 stolampad
2194 5365 2351 5422 caput
2379 5357 2629 5424 primum,
2674 5365 2729 5409 et
2774 5357 2827 5408 iu
2857 5357 3201 5411 enarratione
3232 5355 3286 5407 in
3328 5356 3444 5421 pri-

1880 5440 2029 5495 mum
2050 5422 2273 5495 Joannis
2312 5422 2565 5493 adcaput
2598 5435 2873 5495 quartum.

1951 5492 2058 5564 (50)
2105 5493 2421 5564 Habeamus.
2469 5492 2671 5557 CodeSt,
2711 5495 2973 5564 ἰσώμεθα.
3022 5495 3328 5564 Legeudum
3360 5494 3447 5547 vi-

1880 5562 2055 5683 tletug',
2105 5562 2408 5669 εἰρώμεθα·
2441 5575 2495 5619 et
2544 5567 2698 5634 paulo
2741 5562 2877 5635 poSt,
2923 5568 3011 5620 ὅτε
3053 5562 3317 5636 ἐπεμψεν,
3351 5579 3448 5633 pro

1880 5650 1960 5683 οτι
2029 5650 2258 5683 πεμυεν.

1880 5650 1960 5686 οτι
1998 5650 2091 5685 επε
2103 5650 2258 5686 μψεν.

1951 5651 1960 5684 ι
1998 5650 2258 5702 επεμψεν.

1951 5703 2057 5779 (ἐξ)
2104 5702 2484 5779 Qumia._Viile
2513 5716 2631 5779 not.
2660 5705 2755 5779 61.
2776 5722 2913 5779 pag.
2948 5706 3073 5763 327.

1956 5772 2064 5845 (5‘2)
2109 5772 2285 5830 Pater.
2318 5774 2468 5831 Joan.
2508 5792 2583 5843 xu,
2611 5778 2699 5843 εΗ,
2732 5772 2821 5835 42.
