4060 6406
688 305 793 362 883

1909 301 2144 364 DIDYMI
2182 309 2648 366 ALEXANDRINI
3749 318 3832 380 884

675 437 764 476 me
793 421 1010 489 misisti,
1051 441 1070 473 ι
1109 422 1160 476 id
1200 431 1281 477 est
1317 441 1331 476 :
1371 423 1615 478 Sciebam
1639 462 1655 489 ,
1713 424 1853 490 quod
1903 439 2116 492 semper
2161 442 2230 480 me

2345 426 2586 492 ἀκούεις,
2653 427 2783 498 μιᾶς
2832 425 3102 498 θελήσεως
3137 424 3340 498 οὔσης·
3379 425 3510 481 ἀλλά
3551 427 3628 481 διὰ
3652 429 3728 483 τὸν
3763 449 3838 485 περ

675 512 865 580 audis,
918 528 1042 567 cum
1091 529 1196 568 una
1245 515 1316 569 sit
1376 525 1558 569 nostra
1589 514 1858 580 voluntas,
1905 516 1996 569 sed
2029 526 2230 585 proptct

2345 520 2607 591 ριεστῶτα
2637 519 2810 589 δχλον,
2859 519 2947 573 ἵνα
2987 519 3368 583 πιστεύσωσιν,
3397 516 3540 574 εἷπον
3580 520 3650 584 τὸ,
3677 522 3836 596 Πάτερ,

675 603 1116 658 circumstantem
1157 603 1364 658 turbam
1393 645 1410 670 ,
1465 614 1526 658 ut
1567 606 1832 671 crederet,
1857 606 1965 660 dixi
2001 624 2015 659 :
2044 607 2239 674 Pater,

670 696 876 764 gratias
919 696 1011 749 libi
1046 711 1185 764 ago,
1225 698 1349 765 quia
1395 707 1449 749 tu
1509 711 1594 750 me
1637 697 1848 752 misisti.
1915 698 2088 752 Verba
2118 714 2241 753 vero

669 797 999 856 praepostero
1050 787 1240 840 ordine
1287 788 1542 854 protulit,
1591 799 1746 844 caute
1801 806 1966 860 agens
2021 805 2242 862 prOpter

675 879 953 934 auditores
988 920 1003 944 ,
1058 881 1149 948 qui
1198 890 1250 934 et
1283 880 1495 949 litigiosi
1530 892 1704 949 erant,
1741 893 1794 938 et
1830 884 2235 941 inimicitiarum

669 980 933 1024 amantes.
996 969 1086 1025 Sic
1121 971 1281 1024 etiam
1324 974 1388 1026 de
1433 988 1764 1041 praecursore
1810 973 2235 1031 lncarnationem

667 1062 994 1130 praedicante
1037 1063 1111 1115 ait
1155 1062 1418 1130 scriptura
1459 1082 1474 1116 :
1540 1082 1560 1116 ι
1612 1064 1734 1118 Fuit
1763 1064 1873 1136 (53)
1917 1067 2077 1121 homo
2106 1067 2235 1121 Inis-

669 1167 764 1206 sus
796 1168 826 1205 a
866 1152 973 1207 Deo
1013 1170 1029 1208 :
1075 1173 1093 1205 ι
1129 1164 1362 1207 attamen
1391 1169 1454 1208 ex
1492 1155 1642 1210 caelis
1685 1157 1879 1211 missus
1904 1173 2006 1212 non
2040 1159 2232 1214 fuerat.

740 1244 992 1315 Legimus
1045 1246 1098 1300 in
1137 1247 1432 1314 Scripturis
1470 1247 1638 1303 Deum
1683 1251 1846 1303 etiam
1899 1251 1966 1304 ab
2021 1251 2236 1306 homine

669 1337 852 1403 mitti,
918 1349 972 1392 et
1010 1339 1282 1393 hominem
1314 1341 1531 1404 vocari,
1567 1342 1694 1409 quin
1748 1341 1908 1394 ullum
1943 1345 2120 1398 divina
2181 1354 2234 1399 et

669 1447 795 1486 vera
823 1431 988 1497 gloria
1017 1433 1396 1488 detrimentum
1443 1434 1642 1502 capiat.
1688 1434 1766 1488 lta
1799 1435 2010 1506 Moyses
2039 1438 2090 1492 in
2124 1437 2231 1493 Ge-

666 1525 780 1578 nesi
812 1526 1020 1593 inquit:
1053 1544 1072 1577 ι
1115 1525 1181 1580 Ει
1215 1529 1464 1582 transivit
1494 1526 1608 1597 (5i)
1651 1537 1967 1595 torrentem,
2020 1540 2074 1584 et
2115 1539 2230 1584 tra-

662 1613 792 1682 jecit
830 1617 1010 1670 omnia
1045 1633 1161 1672 sua.
1221 1618 1462 1674 Relietus
1490 1627 1572 1674 est
1605 1630 1782 1674 autem
1840 1622 2005 1675 Jacob
2063 1621 2225 1696 solus,

665 1717 721 1760 et
769 1707 1072 1763 luctabatur
1101 1709 1262 1763 homo
1311 1725 1430 1762 cum
1468 1725 1532 1764 eo
1571 1725 1742 1779 usque
1771 1711 1836 1764 ad
1876 1727 2052 1766 mane.
2083 1711 2228 1766 Vidit

668 1808 846 1852 autem
871 1839 884 1860 ,
914 1801 1054 1868 quod
1104 1816 1208 1855 non
1259 1811 1432 1870 potest
1465 1801 1577 1872 ('55)
1631 1801 1795 1858 Jacob
1841 1804 1895 1858 in
1932 1804 2179 1858 luctando
2209 1821 2225 1858 :

668 1897 722 1943 et
749 1891 825 1944 ait
857 1891 934 1944 illi
971 1908 986 1945 :
1024 1893 1176 1946 mitte
1229 1907 1354 1959 me;
1393 1909 1518 1947 nam
1570 1897 1812 1949 ascendit
1866 1912 2078 1950 aurora.
2139 1896 2229 1952 Ille

671 1995 801 2034 vero
842 1982 978 2035 dixit
1007 2002 1021 2037 :
1049 1998 1152 2036 non
1184 1991 1236 2037 te
1276 1984 1563 2048 dimittam,
1600 1987 1702 2040 nisi
1745 2001 1828 2040 me
1872 1989 2225 2042 benedixeris.

670 2071 818 2125 Dixit
851 2082 1027 2126 autem
1063 2074 1136 2127 illi
1169 2093 1182 2128 :
1221 2075 1493 2144 quodnam
1538 2086 1620 2130 est
1651 2093 1843 2132 nomen
1899 2077 2092 2132 tuum?
2137 2079 2229 2134 Ille

666 2180 796 2218 vero
825 2165 959 2218 dixit
990 2163 1205 2220 :Jacob.
1237 2164 1302 2218 Et
1323 2168 1455 2220 dixit
1486 2168 1534 2221 ei
1569 2185 1583 2221 :
1619 2165 1730 2221 Non
1762 2170 2036 2223 vocabitur
2064 2170 2229 2242 384

668 2256 898 2326 amplius
925 2271 1118 2310 nomen
1153 2266 1303 2311 tuum
1347 2255 1534 2324 Jacob,
1567 2259 1661 2312 sed
1697 2258 1861 2315 Israel
1893 2262 1997 2314 erit
2036 2278 2226 2316 nomen

668 2358 840 2410 tuum,
870 2347 993 2416 quia
1029 2346 1182 2402 fortis
1215 2349 1362 2401 fuisti
1391 2363 1512 2402 cum
1554 2349 1683 2412 Deo,
1711 2361 1765 2404 et
1786 2366 1907 2405 cum
1925 2352 2229 2406 hominibus

668 2448 857 2507 potens
908 2440 1015 2493 eris
1066 2439 1200 2511 (56).
1264 2439 1618 2508 Interrogavit
1673 2453 1850 2495 autem
1905 2442 2111 2507 Jacob,
2172 2454 2229 2499 et

667 2529 800 2584 dixit
839 2544 856 2583 :
893 2530 982 2584 Dic
1014 2532 1144 2585 mibi
1180 2547 1372 2586 nomen
1415 2543 1584 2586 tuum.
1630 2532 1696 2586 Et
1737 2534 1872 2588 dixit
1903 2551 1917 2590 :
1966 2534 2142 2600 Quare
2174 2545 2226 2589 tu

669 2631 965 2691 interrogas
1015 2638 1207 2677 nomen
1260 2607 1479 2700 meum?
1547 2625 1610 2677 Et
1664 2626 1933 2679 benedixit
1971 2643 2090 2680 eum
2132 2627 2226 2681 ibi.

668 2714 731 2768 Et
767 2715 976 2768 vocavit
1009 2712 1174 2769 Jacob
1211 2731 1404 2769 nomen
1437 2716 1536 2770 loci
1572 2717 1750 2782 illius,
1797 2716 2016 2785 Species
2067 2715 2159 2770 Dei
2211 2736 2224 2772 :

670 2803 784 2858 Vidi
833 2807 973 2861 enim
1026 2805 1192 2860 Deum
1239 2806 1374 2861 facie
1413 2807 1477 2860 ad
1523 2806 1736 2872 faciem,
1793 2819 1844 2861 et
1887 2807 2030 2862 salva
2091 2808 2228 2863 facta

668 2905 749 2949 est
781 2897 958 2950 anima
1002 2911 1141 2952 mea.
1174 2915 1194 2948 ι
1245 2896 1398 2962 Quod
1428 2908 1607 2951 autem
1639 2896 1781 2950 Dens
1816 2897 1888 2952 sit
1928 2898 1974 2953 is
2013 2899 2102 2965 qui
2149 2900 2229 2951 ln-

668 2996 843 3042 ctatus
893 2997 1008 3053 est,
1042 2989 1240 3057 quique
1271 3004 1462 3043 nomen
1519 3003 1672 3042 suum
1715 2991 1900 3054 tacuit,
1953 2993 2226 3060 prophetia

667 3093 877 3147 quoque
912 3079 1236 3134 confirmat:
1271 3099 1290 3131 ι
1331 3081 1562 3148 Apparui
1599 3081 1709 3149 ('57)
1746 3081 1811 3134 ad
1854 3081 2144 3140 Abraham.
2173 3093 2227 3137 et
2255 3111 2299 3170 ο

666 3170 814 3224 Isaac
861 3179 915 3224 et
960 3167 1124 3224 Jacob
1159 3179 1338 3240 patres
1388 3182 1596 3225 vestros
1637 3172 1746 3240 (58)
1775 3189 1893 3226 cum
1940 3174 2039 3227 sim
2090 3173 2228 3228 Deus

666 3276 876 3326 eorum,
899 3271 954 3315 et
985 3275 1176 3314 nomen
1202 3276 1378 3314 meum
1411 3262 1520 3332 ('59)
1558 3277 1662 3315 non
1691 3263 2024 3317 manifestavi
2063 3265 2161 3318 eis.
2201 3283 2220 3315 ι

667 3351 946 3417 Quomodo
983 3360 1158 3405 autem
1196 3351 1370 3422 major
1396 3353 1498 3406 dici
1531 3363 1709 3421 potest
1739 3353 1900 3406 Pater
1932 3356 2225 3408 secundum

664 3441 916 3495 deitatem
979 3440 1107 3504 illo,
1159 3442 1248 3510 qui
1302 3457 1360 3496 se
1402 3443 1660 3512 aequalem
1705 3443 1814 3514 (40)
1868 3445 1997 3498 facit
2043 3443 2228 3498 Patri?

663 3532 862 3601 quique
884 3533 959 3586 ait
983 3554 994 3587 :
1026 3552 1045 3583 ι
1073 3533 1181 3602 Ego
1203 3541 1256 3586 et
1271 3532 1429 3586 Pater
1457 3549 1621 3588 unum
1654 3550 1877 3600 sumus;
1913 3554 1932 3586 ι
1957 3545 2011 3590 et
2037 3536 2102 3590 de
2123 3551 2228 3606 quo

663 3623 859 3678 dicitur
885 3625 936 3678 in
965 3624 1432 3693 Scripturis,quod
1459 3626 1529 3680 sit
1557 3641 1716 3680 verus
1734 3625 1874 3682 Deus
1893 3668 1907 3690 ,
1933 3637 1986 3682 et
2015 3629 2181 3682 Filius
2209 3669 2226 3694 ,

663 3727 718 3782 et
747 3717 1062 3786 Unigenitus
1105 3736 1120 3786 ;
1151 3737 1168 3770 ι
1210 3718 1265 3772 In
1298 3735 1403 3788 quo
1439 3720 1704 3775 inhabitat
1730 3722 1906 3776 omnis
1956 3721 2228 3790 plenitudo

664 3810 994 3875 divinitatis;
1043 3828 1062 3862 ι
1128 3819 1216 3875 et,
1257 3829 1276 3862 ι
1321 3811 1460 3866 Deus
1495 3826 1760 3879 magnus;
1807 3828 1914 3881 prae
1957 3828 2062 3881 quo
2121 3829 2226 3868 non

663 3902 1006 3970 reputabitur
1046 3902 1216 3968 alter;
1265 3920 1284 3954 ι
1331 3911 1386 3955 et
1433 3903 1573 3972 quod
1611 3917 1641 3956 a
1689 3902 1892 3957 dextris
1951 3903 2230 3958 considet?

663 3995 863 4049 Verum
924 3995 976 4048 in
1020 3994 1267 4048 confesso
1327 4003 1412 4047 est
1463 3993 2007 4057 etiam,vocabulum
2063 3994 2227 4060 illud,

669 4107 690 4140 ι
733 4087 928 4154 major,
964 4105 984 4139 ι
1023 4086 1090 4141 ad
1123 4087 1548 4140 lncarnationem
1585 4083 1799 4151 referri,
1823 4097 2039 4155 propter
2066 4100 2226 4155 quam

664 4183 712 4237 is
765 4181 855 4250 qui
901 4179 1186 4246 cujuslibet
1241 4176 1551 4232 mutationis
1595 4175 1814 4230 omnino
1861 4190 2053 4243 expers
2104 4183 2227 4244 est,

660 4273 841 4325 minor
876 4270 1038 4324 etiam
1069 4267 1291 4338 angelis,
1315 4269 1359 4322 si
1395 4267 1469 4321 ita
1497 4267 1642 4336 loqui
1677 4265 1757 4321 fas
1786 4275 1888 4333 est,
1919 4265 2090 4322 factus
2111 4282 2230 4323 esse

2342 610 2644 681 εὐχαριστῶ
2680 628 2780 674 σοι,
2812 611 2891 663 ὃτι
2915 610 2980 663 σύ
3020 627 3087 680 με
3123 610 3467 672 ἀπέστειλαςο
3492 611 3839 685 πρωθνστέρουε

2340 702 2396 754 δὲ
2432 701 2530 765 τάς
2559 701 2732 765 λέξεις
2775 701 3094 770 ἐφθέγξατο,
3118 701 3530 772 ἠσφαλισμένως
3570 704 3734 767 ποιῶν,
3772 706 3838 761 διε

2338 793 2464 855 τοὺς
2498 793 2879 864 ἀκροωμένους
2939 791 3239 860 φιλαιτίους
3277 793 3371 846 καὶ
3405 793 3835 865 φιλαπεχθήμονας·

2337 886 2412 949 ὼς
2441 886 2532 938 καὶ
2559 903 2623 937 πε
2633 886 2685 956 pl
2706 884 2798 937 τοῦ
2831 885 3142 956 Προδρόμου
3162 887 3261 956 τὴν
3284 885 3578 956 οἰκονομίαν
3602 888 3840 958 κηρύττον·

2337 995 2427 1040 τος
2460 973 2628 1029 εἶπεν·
2676 996 2694 1027 ι
2745 977 2987 1045 Ἐγένετο
3013 977 3294 1048 ἄνθρωπος
3321 977 3701 1048 ἀπεσταλμένος
3724 978 3843 1050 παρὰ

2337 1071 2492 1124 Θεοῦ·
2526 1092 2543 1122 ι
2582 1071 2675 1124 καὶ
2699 1073 2850 1142 ὅμως
2878 1071 2977 1124 οὐκ
3008 1070 3065 1138 ἐξ
3095 1070 3340 1141 οὑρανῶν
3387 1071 3692 1135 ἀποσταλεὶς
3721 1072 3843 1140 ὲτύγι

2336 1180 2516 1233 χανεν.

2406 1256 2717 1325 Γέγραπται
2745 1255 2773 1306 6
2791 1253 2922 1317 Θεὸς
2946 1253 3040 1306 καὶ
3070 1251 3174 1305 ὑπὸ
3195 1250 3478 1320 ἀνθρώπου
3504 1253 3842 1324 ἀποστελλόμε-

2334 1363 2442 1409 νος,
2489 1347 2580 1398 καὶ
2612 1344 2895 1414 ἄνθρωπος
2943 1341 3358 1413 ὀνομαζόμενος,
3406 1343 3500 1394 καὶ
3533 1342 3709 1412 βλάϐος
3746 1344 3842 1415 περὶ

2333 1439 2430 1509 τὴν
2457 1437 2604 1490 Θείαν
2629 1427 2725 1490 ’καὶ
2755 1434 2928 1506 ἀληθῆ
2954 1434 3111 1500 δόξαν
3146 1433 3360 1498 πάντως
3385 1436 3481 1505 οὑχ
3506 1436 3848 1506 ὑπομένωνοάκ

2331 1528 2569 1596 Μωῦσῆς
2601 1530 2658 1580 ὲν
2689 1523 2754 1597 τῇ
2777 1525 2986 1594 γενέσει
3009 1525 3178 1594 λέγει·
3212 1544 3230 1576 ι
3254 1525 3363 1578 Kal
3385 1525 3532 1592 διέϐη
3563 1526 3646 1579 τὸν
3664 1529 3848 1599 χειμάρ-

2334 1619 2481 1688 ῥοῦν,
2522 1617 2615 1670 καὶ
2651 1616 2925 1670 διεϐίϐασε
2983 1615 3161 1668 πάντα
3187 1615 3256 1668 τὰ
3283 1614 3468 1668 αὐτοῦ.
3504 1615 3851 1686 ’Υπελείφθηδὲ

2344 1707 2534 1762 Ἰακὼϐ
2570 1708 2747 1778 μόνος,
2771 1707 2862 1760 καὶ
2884 1706 3140 1760 ὲπάλαιεν
3166 1705 3261 1759 ἄνθ
3271 1723 3450 1776 ρωπος
3474 1707 3584 1777 μετ’
3603 1706 3748 1762 αὑτοῦ
3771 1693 3852 1768 ἕως

2329 1799 2491 1870 πρωί.
2528 1799 2661 1851 Ἰδεν
2690 1799 2768 1863 δὲ,
2794 1798 2949 1851 ὅτιού
2974 1797 3191 1852 δύναται
3221 1796 3414 1852 Ἰακὼϐ
3449 1801 3506 1852 ἐν
3530 1797 3603 1869 τῷ
3629 1798 3854 1860 παλαίειν,

2330 1891 2424 1944 καὶ
2452 1886 2603 1943 εἶπεν
2625 1888 2792 1960 αὐτῷ’
2826 1889 3168 1942 Ἀπόστειλὸν
3203 1907 3290 1960 με·
3313 1889 3478 1958 ἀνέϐη
3499 1890 3604 1960 γὰρ
3632 1891 3658 1942 6
3679 1887 3852 1959 ὄρθρος.

2341 1981 2398 2034 '0
2419 1982 2476 2034 δὲ
2504 1977 2674 2033 εἷπεψ
2706 1981 2779 2033 Οὑ
2805 1982 2878 2052 μή
2914 1997 2972 2032 σε
3006 1980 3331 2046 ἀποστείλω,
3368 1982 3418 2033 εί
3467 1981 3540 2050 μή
3575 1997 3638 2050 με
3674 1978 3858 2048 εὐλογή-

2333 2091 2449 2145 σῃς.
2472 2070 2606 2126 Eia-re
2660 2072 2716 2125 δὲ
2746 2073 2915 2142 αὐτῷ’
2956 2071 3022 2124 Τί
3042 2072 3102 2125 τὸ
3133 2073 3304 2143 ὑνομά
3338 2089 3432 2125 σου
3466 2071 3594 2143 [182
3633 2070 3683 2142 b]
3711 2071 3856 2134 ἐστένς

2340 2166 2398 2218 'U
2423 2166 2479 2219 δὲ
2501 2161 2672 2218 εἶπεν·
2717 2164 2927 2218 Ἰακώϐ.
2953 2164 3062 2217 Kal
3089 2159 3240 2217 εἶπεν
3268 2163 3438 2235 αὐτῷ·
3468 2162 3546 2218 Οὐ
3576 2163 3860 2234 κληθήσεται

2330 2257 2410 2309 ἔτι
2447 2255 2617 2325 ὄνομά
2647 2272 2736 2308 σου
2789 2253 3003 2319 Ἰακὼϐ,
3032 2253 3148 2308 ἀλλ’
3193 2255 3410 2328 Ἰσραὴλ
3450 2255 3600 2308 ἔσται
3637 2253 3692 2306 τὸ
3726 2251 3862 2321 ὄνομά

2333 2365 2445 2409 σου,
2475 2348 2556 2399 ὅτι
2578 2347 2862 2416 ὲνίσχυσας
2892 2344 3028 2415 μετά
3066 2345 3160 2398 τοῦ
3194 2345 3353 2411 Θεοῦ,
3393 2347 3488 2398 καὶ
3523 2344 3656 2416 μετὰ
3687 2339 3861 2412 ἀνθρὼ-

2331 2456 2447 2492 πων
2475 2437 2696 2500 δυνατὸς
2727 2436 2842 2509 ἔσῃ.
2889 2435 3166 2508 Ἦρὼτησε
3217 2437 3273 2490 δὲ
3344 2436 3562 2499 Ἰακὼϐ,
3602 2437 3690 2489 καὶ
3722 2432 3861 2487 εἶπεν·

2343 2526 2684 2595 Ἀνάγγειλόν
2725 2543 2813 2596 μοι
2841 2526 2902 2578 τὸ
2933 2526 3104 2596 ὄνομά
3142 2543 3256 2578 σου.
3290 2527 3401 2579 Kal
3428 2522 3601 2578 εἶπενο
3623 2525 3729 2578 Ἵνα
3747 2523 3790 2575 τί
3813 2522 3861 2574 σὺ

2330 2619 2539 2688 ἐρωτᾷς
2568 2616 2628 2669 τὸ
2695 2617 2866 2686 δνομά
2924 2633 3061 2687 μου;
3095 2616 3206 2668 Kal
3245 2616 3543 2686 εὐλόγησεν
3581 2615 3731 2668 αὐτὸν
3754 2613 3864 2665 ἐκεῖ.

2330 2709 2436 2763 Καὶ
2469 2709 2725 2762 ἐκάλεσεν
2789 2706 2984 2761 Ἰακὼϐ
3025 2707 3086 2761 τὺ
3133 2708 3305 2778 ὄνομα
3347 2708 3445 2762 τοῦ
3492 2707 3652 2762 τόπον
3693 2703 3864 2758 ἐκείνου

2330 2795 2482 2863 Εἶδος
2512 2799 2666 2852 Θεοῦ·
2709 2799 2846 2853 ’Ἰδον
2895 2798 3004 2872 γάρ
3036 2799 3165 2854 Θεὸν
3208 2801 3505 2872 πρόσωπον
3553 2800 3685 2872 πρὸς
3733 2796 3898 2869 πρόσσ-

2330 2909 2497 2956 ωπον,
2529 2891 2623 2944 καὶ
2677 2891 2852 2962 ἐσώθη
2895 2909 2996 2962 μου
3025 2894 3056 2963 ή
3094 2892 3259 2963 ψυχή.
3298 2911 3319 2945 ι
3355 2892 3481 2945 Ὅτι
3508 2893 3566 2945 δὲ
3589 2890 3712 2953 Θεός
3749 2891 3867 2942 ἐστιν

2330 2988 2358 3040 6
2386 2985 2653 3048 παλαίσας
2676 2986 2770 3039 καὶ
2806 2985 2879 3057 μὴ
2912 2984 3080 3038 εἰπὼν
3111 2984 3274 3038 αὑτοῦ
3308 2984 3371 3037 τὸ
3393 2984 3590 3054 ὄνομα,
3619 2982 3871 3050 καὶὴπρο-

2335 3076 2526 3146 φητεία
2566 3077 2738 3145 λέγει’
2784 3095 2802 3128 ι
2836 3077 3042 3149 Ὠφθην
3072 3077 3208 3148 πρὸς
3254 3077 3532 3148 Ἀϐραὰμ,
3573 3075 3664 3129 καὶ
3699 3070 3867 3134 Ἰσαὰκ,

2329 3170 2422 3222 κα)⁸
2473 3169 2685 3232 Ἰακὼϐ,
2716 3172 2842 3234 τοὺς
2885 3171 3127 3242 πατέρας
3175 3171 3351 3242 ὑμῶν,
3401 3171 3540 3233 Θεὸς
3587 3168 3661 3221 ὢν
3707 3163 3871 3224 αὐτῶν,

2327 3259 2420 3312 καὶ
2452 3259 2512 3312 τὸ
2539 3259 2710 3328 ὅνομόι
2747 3277 2848 3331 μου
2879 3261 2979 3314 οὑκ
3006 3261 3252 3333 ἐδήλωσα
3283 3263 3496 3326 αὐτοῖς.
3537 3281 3556 3314 ι
3582 3259 3702 3322 Πῶς
3729 3258 3776 3309 δὲ
3797 3254 3872 3307 καὶ

2331 3350 2529 3421 μείζων
2573 3350 2712 3404 κατά
2763 3351 2861 3421 τὴν
2890 3350 3115 3421 θεότητα
3148 3353 3385 3424 ὑπάρχει
3415 3351 3514 3405 τοῦ
3551 3353 3662 3404 ἴσον
3719 3343 3875 3400 ἑαυτὸν

2328 3441 2604 3504 ποιοῦντος
2635 3441 2713 3511 τῷ
2746 3442 2940 3514 Πατρὶ,
2967 3443 3060 3496 τοῦ
3086 3443 3356 3512 λέγοντος·
3396 3464 3416 3496 ι
3457 3442 3603 3512 Ἐγὼ
3633 3441 3721 3494 καὶ
3742 3442 3766 3491 6
3789 3437 3876 3489 Πα-

2326 3533 2430 3603 τὴρ
2455 3533 2512 3584 ἓν
2543 3535 2726 3602 ἐσμεν·
2777 3553 2797 3585 ι
2851 3535 2945 3588 καὶ
2997 3536 3478 3606 μαρτυρουμένου,
3531 3536 3608 3598 ὡς
3662 3525 3875 3600 ἀληθινὸς

2327 3624 2475 3687 Θεὸς,
2513 3625 2607 3678 καὶ
2634 3625 2779 3689 Υἱὸς,
2817 3627 2910 3678 καὶ
2944 3628 3254 3697 Μονογενής
3288 3629 3466 3692 ἐστιν,
3505 3647 3525 3678 ι
3570 3627 3658 3679 Ἐν
3699 3615 3740 3690 ᾧ
3770 3635 3876 3672 κατ-

2327 3719 2465 3768 οικεῖ
2502 3719 2609 3769 πᾶν
2645 3715 2704 3769 τὸ
2725 3717 2997 3790 πλήρωμα
3026 3719 3128 3789 τῆς
3165 3719 3452 3790 θεότητος
3496 3739 3515 3771 ι
3545 3717 3662 3782 καὶ,
3701 3734 3719 3768 t
3773 3710 3878 3772 Θεὸς

2330 3809 2524 3878 μέγας,
2553 3812 2687 3882 πρὸς
2710 3811 2768 3864 ὃν
2796 3813 2856 3864 οὑ
2879 3812 3257 3883 λογισθήσεται
3284 3812 3503 3884 ἕτεροςο
3549 3830 3568 3863 ι
3619 3809 3708 3862 καὶ
3737 3806 3802 3868 ὡς
3830 3805 3879 3854 ὲκ

2327 3901 2517 3968 δεξιῶν
2570 3904 2999 3973 συγκαθέζεταις
3046 3905 3185 3958 Ἀλλ’
3219 3905 3681 3976 ὁμολογουμένως
3712 3899 3794 3955 καὶ
3830 3894 3879 3948 τὺ

2335 4011 2354 4044 ι
2385 3994 2584 4064 μείζων
2619 4013 2638 4047 ι
2677 3997 2756 4058 είς
2784 3995 2881 4066 τὴν
2911 3996 3324 4068 ὲνανθρὼπησιν
3354 3997 3729 4055 ἀποτείνεται,
3751 3990 3808 4043 δι’
3828 3987 3880 4055 ἣν

2329 4085 2358 4138 6
2383 4083 2681 4156 μεταϐολῆς
2707 4086 2795 4139 διὰ
2822 4088 3022 4150 παντὸς
3049 4087 3276 4159 ἄμοιρος
3309 4087 3412 4153 ὢν,
3440 4083 3778 4158 ἡλαττῶσθαι
3804 4075 3879 4132 καὶ

2326 4173 2433 4226 τῶν
2457 4175 2722 4243 ἀγγέλων,
2750 4179 2798 4230 εἰ
2821 4176 2978 4248 θέμις
3004 4177 3162 4232 τοῦτο
3195 4178 3386 4248 φάναι,
3424 4180 3740 4249 γέγραπται
3759 4170 3880 4242 παρὰ

2327 4265 2405 4336 τῷ
2420 4267 2720 4339 Ἀποστόλῳ
2747 4268 2937 4333 οὕτως·
2959 4290 2977 4322 ι
3005 4270 3107 4323 Τὸν
3135 4271 3191 4323 δὲ
3213 4271 3391 4343 βραχύ
3414 4289 3471 4326 τι
3507 4272 3637 4344 παρ’
3654 4265 3878 4338 ἀττέλσυς

663 4364 862 4418 dicitur
915 4361 981 4416 ab
1009 4361 1264 4431 Apostolo
1303 4360 1386 4414 his
1411 4359 1588 4414 verbis
1619 4378 1634 4414 :
1669 4377 1687 4410 ι
1716 4359 1849 4414 Eum
1890 4370 2064 4415 autem
2115 4358 2226 4430 (41)

2329 4358 2712 4430 ἠλαττωμένον
2743 4360 3010 4432 βλέπομεν
3058 4361 3263 4434 Ἰησοῦν
3318 4363 3414 4418 διὰ
3457 4367 3523 4417 τὸ
3559 4363 3778 4431 πάθημα
3807 4353 3880 4409 τοῦ

669 4450 762 4520 qui
817 4448 1030 4506 modico
1079 4464 1240 4518 quam
1281 4449 1454 4516 angeli
1503 4449 1799 4504 minoratus
1845 4459 1959 4515 est,
1987 4451 2228 4506 videmus

2333 4444 2582 4501 Θανάτου.
2623 4466 2642 4497 ι
2694 4447 2910 4518 Ἀμέλει
2947 4450 3048 4501 οὑκ
3091 4451 3148 4502 ὲν
3179 4453 3363 4521 μορφῇ
3396 4450 3541 4504 Θεοῦ
3571 4450 3811 4519 ὑπάρχων
3834 4442 3880 4491 ἐν

664 4540 880 4604 Jesum,
917 4551 1136 4610 propter
1163 4540 1467 4608 passionem
1524 4541 1732 4594 mortis.
1771 4560 1789 4592 ι
1825 4539 2085 4595 Nimirum
2121 4558 2226 4597 non

2333 4540 2601 4610 οὐρανοῖς,
2651 4538 2765 4592 ἀλλ’
2803 4541 2859 4592 ὲν
2892 4543 3072 4610 μορφῇ
3105 4541 3291 4594 δούλου
3323 4543 3426 4596 ἐπὶ
3466 4543 3596 4612 γῆς,
3622 4543 3708 4594 ὅτε
3731 4540 3785 4590 ὲκ
3805 4533 3883 4600 τῆς

663 4641 724 4684 ιιι
753 4629 998 4684 informa
1029 4628 1123 4684 Dei
1161 4628 1429 4684 exsistens
1454 4628 1506 4682 in
1538 4628 1718 4692 caelis,
1753 4630 1845 4684 sed
1874 4639 1930 4683 ut
1962 4631 2014 4683 in
2056 4629 2225 4685 forma

2333 4628 2607 4700 Παρθένου
2637 4629 2920 4699 ἀτρέπτως
2949 4631 3239 4702 προῆλθεν,
3285 4632 3422 4704 [I85
3462 4633 3522 4705 α]
3554 4633 3754 4699 ἔλεγενν
3784 4647 3799 4673 ι
3836 4623 3880 4674 ’0

662 4718 801 4772 servi
833 4718 886 4772 in
924 4728 1065 4772 terra
1093 4758 1109 4782 ,
1152 4719 1367 4787 quando
1396 4733 1463 4771 ex
1496 4715 1717 4788 Virgine
1752 4719 1888 4772 citra
1935 4720 2094 4772 ullam
2141 4722 2223 4776 sui

2331 4720 2550 4790 πέμψας
2588 4739 2654 4791 με
2675 4721 2864 4792 Πατὴρ
2893 4721 3092 4793 μείζων
3127 4740 3227 4794 μου
3258 4725 3436 4778 ἐστίν·
3476 4746 3496 4777 ι
3533 4725 3668 4778 ὡσεὶ
3684 4722 3770 4776 καὶ
3795 4716 3886 4770 ξλε-

663 4810 1015 4864 mutationem
1040 4811 1260 4878 prodiit,
1295 4809 1475 4863 aiebat
1511 4826 1526 4862 ε
1563 4828 1581 4860 ι
1610 4810 1710 4876 Qui
1743 4811 1890 4865 misit
1921 4827 2004 4865 me
2034 4810 2228 4881 Pater,

2329 4830 2445 4882 γεν.
2485 4815 2551 4866 'ﬂ
2577 4813 2706 4884 ὑμῖν
2735 4815 2829 4868 καὶ
2857 4815 3004 4886 πάσῃ
3031 4815 3236 4887 διανοίᾳ
3277 4817 3526 4882 ἀθέατος
3555 4818 3758 4884 θεότης,
3789 4807 3882 4881 μεῖν

663 4900 838 4970 major
886 4916 972 4956 me
1005 4911 1088 4956 est
1125 4919 1139 4956 :
1177 4921 1194 4954 ι
1229 4903 1385 4972 quasi
1436 4901 1645 4958 diceret
1679 4919 1693 4956 :
1731 4904 1802 4957 Ea
1831 4944 1846 4968 ,
1891 4919 2011 4973 quae
2047 4906 2224 4972 vobis,

2331 4904 2440 4968 ζων
2471 4909 2570 4976 τῆς
2596 4905 2878 4977 ὁρωμένης
2925 4907 3392 4976 συγκαταϐάσεώς
3423 4929 3532 4980 μου
3563 4909 3802 4980 ὑπάρχει.
3838 4899 3884 4950 Ὀ

661 4997 715 5040 et
754 4987 975 5042 cuilibet
1018 4989 1182 5043 menti
1232 4989 1516 5043 invisibilis
1561 4997 1677 5055 est,
1718 4988 1900 5045 Deitas
1943 4990 2114 5060 major
2151 5003 2230 5047 est

2332 4997 2442 5065 γὰρ
2467 4995 2543 5066 τῷ
2593 4996 2877 5067 πράγματι
2937 4999 3304 5066 συγκαταϐὰς,
3344 5002 3450 5054 καὶ
3497 4997 3772 5059 διακονῶν,
3811 4988 3884 5044 καὶ

662 5080 976 5149 aspectabili
1001 5083 1103 5136 bac
1125 5096 1242 5136 mea
1273 5082 1747 5136 condescensione.
1774 5082 1905 5136 Nam
1942 5084 2030 5152 qui
2055 5085 2228 5154 reipsa

2337 5087 2410 5157 μὴ
2443 5086 2877 5156 διακονούμενος,
2907 5089 3004 5143 καὶ
3051 5089 3237 5144 δούλου
3270 5090 3470 5162 φέρων
3517 5089 3750 5164 μορφὴν,
3781 5087 3804 5140 6
3839 5084 3885 5135 ὲν

883 5257 1030 5340 fuit.
1071 5259 1222 5340 Joan.
1264 5258 1385 5340 t,n6.
1875 5332 1940 5340 ﬂ
2037 5334 2049 5340 _

2409 5263 2519 5340 (37)
2562 5268 2813 5340 ᾼρρανηὶ.
2853 5265 3134 5340 Ειοάηνι,
3162 5268 3197 5322 5
3339 5338 3349 5340 ᾼ
3580 5339 3587 5340 γ
3744 5334 3759 5340 _
3814 5328 3835 5340 ,

758 5269 844 5319 55)
883 5269 1030 5313 run.
1071 5269 1222 5314 Joan.
1264 5274 1302 5323 ι,
1331 5269 1385 5313 o.

891 5330 1251 5416 fﬁtrtransiv‘it.
1285 5330 1418 5416 Gen.
1447 5344 1621 5416 'xpxxn,
1650 5347 1677 5416 ρ
1705 5345 1847 5384 vers.
1872 5332 1942 5416 ἓξ)
1984 5334 2049 5386 ad
2087 5349 2228 5388 vers.

2409 5269 2496 5335 (37
2562 5269 2813 5333 Apparui.
2853 5269 3019 5322 Exod.
3058 5283 3134 5330 Vl,
3162 5269 3197 5322 5
3814 5328 3835 5340 ,

2348 5405 2362 5416 .
2404 5269 2519 5410 (58)
2558 5339 2990 5416 Ῥιιίι-ςξιρεδινοε.
3035 5338 3223 5400 Voces,
3270 5338 3405 5404 τοὺς
3444 5339 3693 5411 πατέρας
3738 5334 3883 5401 ὕμνων.

661 5399 982 5473 50._(‘.odex
1040 5403 1294 5473 mendose
1327 5421 1338 5455 :
1373 5399 1568 5468 Διέϐην
1622 5401 1712 5454 τὸν
1764 5403 2078 5473 χειμάρουν,
2135 5419 2230 5472 pro

2330 5399 2521 5461 desnui
2557 5409 2612 5462 in
2642 5407 2841 5460 Bibliis.

661 5468 944 5549 magna?
982 5471 1333 5549 χειμάρῤρννι
1505 5543 1519 5549 _
1601 5542 1652 5549 __
1855 5468 1892 5549 t.
1935 5468 2073 5549 ⁷-..Ῠ
2135 5468 2151 5472 -

2329 5545 2342 5549 _
2368 5547 2377 5549 _
2399 5477 2511 5549 (59)
2541 5477 2739 5549 Nomen
2765 5493 2952 5532 meum.
2978 5475 3162 5532 Graeca
3184 5477 3354 5534 editio
3379 5478 3478 5536 hic
3502 5477 3676 5547 addit,
3692 5471 3884 5544 Κύριος,

737 5539 848 5614 (5.5)
870 5538 1204 5614 Non'potest.
1226 5541 1384 5595 Plura
1413 5543 1569 5596 verba
1601 5542 1688 5597 hic
1719 5541 1920 5595 omittit
1951 5541 2227 5614 Didymus,
2327 5545 2380 5600 id
2407 5538 2540 5600 est'i
2563 5548 2837 5602 Dominus.
2861 5567 2880 5599 ι

665 5611 1107 5687 aut_l_ibra_ri_us:.
1172 5681 1183 5687 _
1255 5679 1268 5687 .
1418 5679 1440 5687 ψ
1566 5683 1614 5687 __
1852 5681 1864 5687 Δ
2011 5611 2063 5687 _'
2172 5683 2181 5687 Α

2398 5614 2508 5686 (i0)
2543 5617 2613 5687 Se
2640 5617 2912 5687 wqualem.
2941 5615 3096 5687 .loan.
3122 5633 3175 5682 ν,
3208 5617 3295 5672 18.

756 5678 844 5758 fit?)
1052 5680 1220 5758 Dictio
1255 5679 1534 5758 1ιτεο,ἔσῃ,
1566 5683 1615 5758 id
1634 5692 1726 5758 est
1747 5700 1763 5732 ι
1789 5681 1917 5748 eris,
1946 5701 1962 5734 ι
1994 5683 2143 5737 deest
2171 5683 2222 5737 in
2398 5678 2508 5758 (41)
2548 5678 2917 5743 Ειιηιάιιιεηι.
2956 5685 3117 5742 llcbr.
3152 5678 3209 5755 Il,
3240 5687 3291 5742 9.

665 5747 864 5805 Bibliis.
895 5750 1043 5806 Alias
1082 5751 1303 5822 minimi
1325 5747 1579 5808 momenti
1616 5747 1910 5809 varietates
1943 5763 2224 5824 praetereo.
