4060 6406
255 319 337 375 885
1272 322 1358 375 DE
1401 313 1772 375 TRleTATE

1888 320 2013 375 BER
2053 312 2374 375 TERTIUS.
3309 312 3416 370 886

257 433 398 502 μορφῇ
431 430 551 485 Θεοὺ
605 432 885 505 ὑπάρχων,
923 453 1038 500 πως
1088 437 1211 507 οὐχ).
1248 440 1343 493 καὶ
1390 442 1504 504 τοῖς
1554 442 1758 512 ῥήμασι

1888 432 2269 505 tondesCendil,
2314 437 2404 507 qui
2452 435 2742 500 ministrat,
2774 448 2879 488 non
2911 445 3041 486 vero
3059 428 3415 493 ministratur,

257 522 645 587 συγκαταϐαίνειν
694 524 935 595 εμελλεν,
977 528 1005 579 ό
1033 529 1230 592 παντὸς
1261 530 1420 597 λόγου
1455 531 1754 601 άνώτερος;

1892 533 1941 585 ui
1977 531 2115 586 servi
2152 530 2379 585 formam
2421 528 2580 599 gerit,
2608 542 2729 582 eum
2752 526 2824 582 sit
2855 525 2908 579 in
2939 525 3109 580 forma
3139 522 3256 588 Dei,
3282 516 3419 593 quo-

250 612 387 673 οὕτως
411 612 534 667 ὥστε
565 616 660 668 καὶ
691 616 937 682 ὀνειδίζει
985 619 1115 689 παρ’
1154 620 1373 691 Ἰωάννῃ
1412 623 1523 683 τοῖς
1552 621 1644 672 ἐπὶ
1671 636 1759 690 μι-

1888 624 2013 677 modo
2060 638 2165 676 non
2206 622 2366 677 etiam
2418 619 2597 674 verbis
2632 614 3117 673 condescenderet’l
3154 614 3302 683 ipse,
3336 613 3421 667 in-

251 704 535 775 κροπρεπείᾳ
553 705 926 776 ἐκδεχομένοις
958 708 1058 778 τῆς
1086 710 1393 779 οἰκονομίας
1421 709 1488 761 τὰ
1518 711 1756 779 ῥήματα,

1893 727 2034 777 uam,
2072 713 2161 782 qui
2196 713 2340 767 omni
2372 725 2619 766 sermone
2645 709 2920 765 sublimior
2961 715 3060 769 est,
3113 715 3274 774 atque
3321 719 3420 758 ex-

251 792 495 891 ράσκωψι
532 796 669 864 Ἐγὼ
709 798 851 867 τιμῶ
902 798 994 851 τὸν
1030 800 1246 871 Πατέρα
1293 818 1414 870 μου,
1469 802 1562 853 καὶ
1606 802 1762 872 ὑμεῖς

1888 805 2082 868 :elsior,
2115 805 2249 859 adeo
2278 813 2338 858 ut
2365 804 2504 873 apud
2539 802 2798 857 Joannem
2835 814 2925 855 eos
2958 798 3123 853 etiam
3148 795 3419 865 objurget,

249 883 496 951 ἀτιμάζετέ
525 904 612 956 με.
642 906 661 937 ι
696 889 843 958 Τιμᾷ
871 890 926 941 δὲ
952 890 1047 943 κα)⁸
1082 893 1109 943 ό
1146 891 1336 961 Πατὴρ
1361 891 1451 944 τὸν
1480 891 1631 955 Υίὸν,
1677 892 1764 944 λέ-

1888 896 1957 965 ιυί
1990 894 2148 949 verba
2174 896 2242 949 ob
2272 894 2653 958 oeconomiam,
2680 894 2731 947 id
2755 901 2837 946 est
2863 892 2932 946 ob
2961 888 3416 949 lucarnationem,

250 989 352 1039 γων·
378 993 393 1025 ι
421 976 589 1030 Κάθου
608 981 670 1031 ἐκ
697 979 880 1046 δεξιῶν
906 998 1025 1050 μου·
1064 1002 1080 1033 ι
1106 983 1198 1034 καὶ
1226 982 1404 1051 μέντοι
1425 983 1595 1035 ἕλκων
1627 983 1761 1054 πρὸς

1892 986 1926 1041 b
1958 986 2075 1056 ipso
2114 987 2320 1056 prolata
2377 1000 2542 1040 sensu
2600 982 2888 1039 humiliore
2940 979 3297 1049 accipiebant,
3341 976 3424 1029 in-

247 1064 376 1116 αὑτὺν
396 1068 510 1131 τοὺς
536 1070 738 1133 ἀξίους.
760 1072 870 1124 Καὶ
893 1072 1023 1125 αὑτὸ
1041 1074 1095 1125 δὲ
1115 1074 1271 1126 τοῦτο
1292 1074 1353 1127 τὸ
1380 1076 1553 1129 εἰπεῖν
1576 1092 1760 1127 πεποι-

1894 1078 2086 1133 uieus:
2132 1096 2150 1129 ι
2186 1078 2295 1147 Ego
2342 1076 2454 1148 (42)
2500 1078 2705 1131 honoro
2742 1073 2957 1130 Patrem
2989 1086 3190 1132 meum,
3234 1077 3288 1121 et
3328 1081 3425 1120 vos

249 1152 371 1223 θήσει
400 1159 602 1229 Πατέρα
634 1160 724 1212 τὸν
749 1160 899 1225 Θεὸν,
930 1162 1218 1227 δείκνυσιν,
1241 1164 1316 1225 ὠς
1337 1164 1397 1216 τὸ
1436 1182 1454 1215 ι
1499 1164 1695 1235 μείζων
1727 1185 1747 1218 ι

1888 1169 2190 1224 thonoratis
2231 1184 2336 1223 me.
2384 1186 2402 1219 ›
2441 1167 2682 1223 Houorat
2711 1176 2896 1219 autem
2942 1163 3106 1219 etiam
3141 1160 3300 1214 Pater
3334 1159 3426 1213 Fi—

246 1248 357 1301 κατὰ
380 1248 468 1321 τὴν
494 1250 895 1322 ὲνανθρώπησίν
927 1255 1091 1307 ἐστιν.

1889 1278 1975 1316 um
2007 1262 2209 1326 dicens,
2241 1279 2259 1313 ι
2296 1259 2435 1314 Sede
2460 1274 2488 1313 a
2513 1258 2720 1311 dextris
2756 1254 2910 1318 meis,
2942 1271 2961 1305 ›
2990 1262 3044 1307 et
3069 1253 3287 1318 insuper
3308 1263 3423 1315 eos,

246 1341 317 1409 qui
351 1342 481 1411 digni
523 1344 755 1408 fuerint,
801 1347 867 1398 ad
911 1344 1056 1399 illum
1097 1346 1335 1402 trahens.
1377 1346 1457 1401 Ex
1502 1348 1603 1401 hoc
1637 1348 1752 1415 ipso
1790 1360 1999 1416 autem,
2043 1350 2205 1421 385
2274 1349 2416 1418 quod
2484 1348 2652 1403 Deum
2710 1343 3042 1401 conﬁdenter
3080 1341 3277 1397 dixerit
3328 1338 3404 1392 Pa

246 1440 376 1493 trem,
399 1434 710 1498 ostenditur,
742 1449 924 1488 vocem
954 1434 1132 1498 illam,
1154 1453 1172 1485 ‹
1214 1434 1405 1503 major,
1456 1454 1473 1487 ι
1510 1446 1753 1505 respectu
1792 1438 2178 1494 lncarnationis
2209 1438 2334 1494 dici.

1272 322 1358 377 DE
1401 313 1772 377 TRleTATE
1810 319 2013 377 LIBER
2053 311 2374 376 TERTIUS.

297 1565 393 1618 Καὶ
431 1565 484 1632 ἐξ
517 1567 908 1637 ὑπώείγματος
950 1567 1005 1621 δὲ
1052 1570 1178 1639 ῥᾷον
1225 1570 1520 1640 ὑποστῆναι
1563 1570 1653 1623 τοῦ
1685 1570 1757 1642 μὴ

1928 1573 2032 1628 Sed
2075 1574 2143 1630 ab
2200 1572 2443 1644 exemplo
2488 1570 2770 1627 ostendere
2826 1568 3036 1624 facilius
3084 1575 3199 1629 est,
3242 1578 3426 1618 vocem

242 1656 357 1707 κατὰ
380 1657 469 1727 τὴν
516 1657 746 1727 θεότητα
783 1658 1029 1730 εἰρῆσθαι
1062 1659 1122 1711 τὸ
1172 1679 1189 1709 ι
1234 1660 1449 1730 μείζων.
1491 1682 1509 1713 ι
1548 1662 1606 1713 ’0
1656 1662 1762 1733 γὰρ

1888 1678 2029 1733 psam
2074 1681 2094 1715 ι
2149 1663 2320 1732 major
2380 1681 2398 1714 ι
2470 1664 2536 1716 ad
2602 1659 2868 1714 Deitatem
2929 1655 3269 1712 referendam
3319 1667 3425 1706 non

241 1743 413 1814 Κύριος
433 1747 612 1817 φησίψ
660 1766 679 1798 ι
720 1747 887 1817 Ἀμὴν
914 1748 1055 1816 λέγω
1077 1748 1350 1818 ὑμῖν·οοὺκ
1382 1751 1677 1822 ἐγήγερται
1705 1753 1764 1803 ἐν

1888 1766 1986 1807 :sse
2038 1752 2169 1825 (45).
2227 1751 2361 1806 Nam
2410 1752 2668 1806 Dominus
2720 1750 2845 1803 ait:
2896 1767 2915 1801 ι
2948 1749 3116 1801 Amen
3158 1745 3270 1816 (44)
3310 1744 3429 1797 dico

238 1838 479 1906 γεννητοῖς
503 1839 775 1906 γυναικῶν
806 1838 1005 1909 μείζων
1022 1840 1265 1893 Ἰωάννου
1294 1840 1387 1893 τοῦ
1406 1841 1723 1894 Βαπτιστοῦ.
1740 1862 1757 1893 ι

1888 1842 2013 1897 'obis
2047 1862 2061 1898 :
2092 1858 2197 1897 non
2249 1842 2482 1897 surrexit
2528 1842 2670 1896 inter
2724 1847 2881 1893 natos
2927 1837 3208 1891 mulierum
3258 1833 3430 1901 major

248 1926 363 1977 Ἀλλ’
386 1929 475 1998 οὑχ
493 1930 568 1994 ὡς
595 1929 654 1994 ἐξ
681 1930 872 2002 ἐτέρας
905 1931 1147 1999 μείζονος
1178 1931 1387 1999 φύσεως
1416 1932 1565 1995 ὄντα,
1588 1931 1619 2002 ἢ
1646 1934 1765 1984 κατ’

1888 1933 2064 1988 'oanne
2108 1933 2362 2002 Baptism.
2430 1952 2450 1986 ι
2500 1930 2604 1986 Sed
2652 1932 2796 1985 hunc
2854 1926 3111 1995 majorem
3155 1938 3274 1980 esse
3325 1938 3430 1980 non

236 2019 540 2090 ἀνθρώπους,
571 2022 725 2091 ἔλεγε
785 2022 1001 2092 μείζονα
1034 2019 1174 2075 εἶναι
1220 2024 1401 2077 αὑτόν·
1429 2025 1629 2088 πάντες
1660 2023 1768 2096 γάρ

1888 2026 1988 2080 deo
2015 2026 2440 2089 dixitChristus,
2474 2024 2615 2093 quod
2660 2020 2879 2075 alterius
2919 2028 3121 2073 naturze
3156 2025 3298 2072 esset
3333 2016 3428 2068 hu-

237 2111 277 2160 ol
317 2112 499 2181 ἀρετῆς
557 2113 1027 2184 μεταποιούμενοι,
1066 2114 1097 2184 ἢ
1131 2111 1405 2177 ὲξισοῦντο
1440 2115 1605 2186 αὑτῷ,
1639 2116 1673 2186 ἥ
1718 2133 1768 2169 τι

237 2199 581 2258 άπελείποντσ
637 2204 757 2258 οὑδὲ
788 2205 862 2267 ὡς
892 2204 1114 2275 δυνάμει
1156 2206 1479 2277 κρείττονος,
1529 2205 1561 2276 ἢ
1596 2206 1770 2278 χρόνῳ

239 2291 412 2346 πλείονι
437 2296 716 2368 εἰληφότος
751 2296 849 2366 τὴν
881 2296 1113 2364 γένεσινο
1153 2297 1314 2359 αὑτὺς
1352 2297 1575 2369 μὲνγὰρ
1601 2301 1664 2369 τῇ
1713 2300 1770 2352 ὲν

237 2382 399 2455 κόσμῳ
427 2383 533 2458 ζωῇ
588 2386 850 2457 διέμεινεν
886 2386 979 2456 έτη
1015 2387 1080 2439 λ’·
1120 2383 1257 2457 ἦσαν
1285 2386 1340 2438 δὲ
1374 2388 1423 2439 of.
1454 2390 1519 2457 τῇ
1550 2387 1642 2439 τοὺ
1669 2385 1773 2443 σώ-

240 2489 381 2542 ματος
413 2474 568 2547 ῥώμῃ
608 2476 701 2528 καὶ
726 2475 802 2544 τῷ
835 2475 1026 2547 πλήθει
1054 2476 1159 2529 τῶν
1191 2476 1324 2530 ἑτῶν
1351 2476 1774 2547 ὑπερϐάλλοντες

238 2565 388 2619 αὑτόν.
434 2568 570 2620 Ἀλλ’
594 2568 655 2621 οὑ
691 2567 861 2639 ταύτῃ
897 2569 1177 2639 κρείττονα
1209 2569 1316 2622 τῶν
1341 2570 1639 2642 ἀνθρώπων
1663 2572 1775 2624 ἕλευ

237 2669 335 2720 γεν,
365 2656 492 2711 ἀλλὰ
516 2662 586 2729 τῇ
622 2660 947 2731 προφητείᾳ,
993 2661 1059 2731 ἥν
1093 2661 1325 2732 μάλιστα
1377 2662 1555 2716 ἔνθεον
1618 2664 1777 2728 αὑτὸς

238 2744 445 2811 ἐδέξατο.
476 2751 589 2804 Καὶ
621 2751 799 2804 πάλιψ
851 2771 870 2803 ι
906 2753 964 2805 '0
997 2752 1054 2805 δὲ
1111 2755 1168 2805 ὲν
1195 2757 1260 2824 τῇ
1293 2754 1421 2825 [185
1458 2754 1509 2826 lt]
1538 2755 1778 2827 βασιλείᾳ

238 2838 326 2889 τῶν
344 2843 582 2912 οὑρανῶν
607 2844 943 2916 μικρότερος,
978 2845 1179 2916 μείζων
1195 2848 1358 2900 αὑτοῦ
1384 2849 1548 2901 ἐστιν.
1581 2868 1597 2898 ι
1628 2849 1778 2900 Ἔλε-

1867 2135 2022 2173 mana
2072 2119 2321 2185 majoris;
2355 2132 2541 2173 omnes
2581 2116 2747 2176 enim.
2778 2115 2866 2185 qui
2905 2112 3088 2167 virtuti
3127 2109 3429 2166 studebant.

1868 2220 1959 2262 aut
1988 2210 2219 2277 aequales
2244 2211 2341 2277 ipsi
2377 2216 2565 2269 erant,
2599 2216 2692 2259 aut
2719 2206 2876 2273 paulo
2912 2202 3210 2257 inferiores.
3246 2199 3323 2253 Ae
3364 2212 3434 2249 ne

1870 2317 1931 2356 ex
1964 2316 2028 2355 eo
2071 2299 2284 2368 quidem
2325 2299 2496 2368 major
2524 2298 2699 2352 dictus
2738 2305 2819 2350 est
2854 2293 3087 2348 Joannes
3111 2334 3124 2358 ,
3161 2291 3301 2359 quod
3336 2303 3432 2357 po-

1872 2395 2035 2449 tentia
2079 2392 2345 2461 superior,
2406 2401 2500 2445 aut
2545 2387 2893 2458 generatione
2947 2384 3215 2454 antiquior
3254 2380 3433 2445 foret;

1874 2486 2085 2557 triginta
2136 2484 2277 2539 enim
2305 2497 2475 2537 annos
2502 2482 2554 2535 in
2591 2481 2790 2536 mundo
2821 2479 3066 2543 vixerat;
3110 2482 3263 2529 erant
3308 2485 3436 2524 vero

1874 2581 1964 2647 qui
2019 2575 2264 2644 corporis
2319 2574 2511 2628 robore
2546 2581 2600 2627 et
2636 2585 2897 2625 annorum
2940 2580 3163 2622 numero
3193 2577 3313 2618 eum
3341 2576 3431 2615 su-

1874 2676 2142 2737 perarent.
2170 2667 2365 2720 Verum
2404 2680 2506 2719 non
2528 2665 2627 2718 hac
2667 2663 2873 2716 ratione
2904 2659 3158 2728 majorem
3202 2652 3439 2708 homini-

1876 2758 1977 2812 bus
2017 2772 2138 2811 eum
2177 2756 2332 2820 dixit,
2364 2756 2456 2809 sed
2499 2762 2720 2823 propter
2749 2750 3086 2822 prophetiam
3130 2746 3241 2816 (45)
3289 2760 3438 2798 sum-

1879 2832 2101 2918 mopere
2130 2848 2387 2914 divinam,
2428 2861 2591 2916 quam
2626 2846 2739 2914 ipse
2777 2850 3076 2911 acceperat.
3105 2839 3171 2893 Et
3204 2851 3430 2891 rursus:

240 2944 291 2994 γε
331 2932 382 2985 δὲ
421 2935 545 3006 περὶ
598 2935 841 2989 Ἰωάννου
906 2915 999 2989 τοὺ
1056 2936 1376 3001 ἀποστόλου,
1431 2937 1522 2989 τοῦ
1568 2938 1779 3008 χρόνοις

1888 2959 1904 2992 ι
1947 2915 2051 3005 Qui
2112 2947 2289 2992 autem
2347 2915 2461 3006 (46)
2508 2937 2559 2989 in
2603 2949 2768 3005 regno
2807 2932 3066 2988 cmlorum
3126 2927 3300 2981 minor
3331 2935 3436 2989 est,

242 3024 325 3090 μὲν
352 3027 671 3097 μικροτέρου
724 3027 969 3081 Ἰωάννου
995 3027 1085 3081 τοῦ
1112 3029 1445 3101 Προδρόμου,
1476 3031 1541 3099 τῇ
1572 3029 1627 3082 δὲ
1655 3029 1780 3099 ἀξία

1888 3028 2197 3098 majoripso
2226 3036 2331 3081 est.
2372 3045 2390 3079 ι
2454 3025 2679 3079 Dicebat
2725 3033 2900 3077 autem
2937 3022 3037 3075 ista
3084 3018 3332 3074 Christus
3375 3016 3441 3068 de

241 3113 322 3181 τῆς
342 3117 644 3189 ἀποστολῆς
674 3119 934 3189 μείζονος.
980 3139 998 3170 ‹
1040 3120 1230 3172 Ἐθετο
1262 3121 1368 3191 γὰρ
1390 3121 1417 3171 ὁ
1448 3119 1577 3183 Θεὸς
1627 3120 1682 3171 ἐν
1715 3122 1779 3190 τῇ

1888 3119 2086 3176 loanne
2152 3121 2430 3189 apostolo,
2512 3118 2600 3187 qui
2641 3126 2796 3171 aetate
2845 3114 3055 3184 quidem
3115 3107 3289 3165 minor
3325 3115 3443 3161 erat

249 3205 539 3282 Ἐκκλησία,
574 3229 593 3261 ι
640 3210 714 3273 ὡς
744 3209 956 3273 Παυλος
991 3212 1213 3281 γράφει,
1252 3230 1269 3261 ‹
1308 3211 1521 3281 πρῶτον
1561 3210 1784 3263 ἀποστό-

1888 3213 2083 3267 Joanne
2102 3226 2454 3282 prtecnrsore,
2480 3210 2739 3279 dignitate
2757 3216 2935 3262 autem
2971 3202 3300 3273 apostolatus
3325 3214 3442 3253 ma-

240 3294 579 3361 lou;,°€1:at-ca.
627 3303 928 3373 προφήτας.
969 3320 985 3351 ι
1044 3296 1177 3353 Εἶπε
1217 3300 1292 3364 δὲ,
1333 3318 1350 3351 ι
1402 3300 1487 3352 Ἐν
1522 3302 1585 3370 τῇ
1633 3299 1782 3369 βασι-

1888 3306 1984 3373 jor.
2015 3323 2033 3355 ι
2056 3304 2236 3359 Posuit
2266 3304 2376 3373 (47)
2399 3301 2541 3355 enim
2566 3299 2708 3355 Deus
2739 3300 2789 3354 in
2823 3297 3082 3360 Ecclesia,
3118 3303 3218 3347 »ιιι
3244 3291 3444 3345 Paulus

240 3385 339 3461 λεία
364 3391 465 3445 τῶν
496 3392 751 3464 οὐρανῶν
784 3393 1119 3464 μικρότερος,
1152 3411 1169 3443 ι
1202 3392 1364 3445 διὰτὸ
1389 3394 1444 3445 ὲν
1477 3392 1639 3462 βίϐλῳ
1656 3389 1786 3456 ζών-

1888 3396 2108 3458 scribit,
2151 3413 2168 3445 ι
2217 3395 2449 3463 primum
2490 3391 2784 3460 apostolos,
2831 3389 3020 3443 deinde
3063 3385 3174 3456 (48)
3217 3383 3445 3452 prophe-

240 3495 329 3533 των
352 3484 567 3539 πάντων
614 3482 682 3536 τὰ
709 3484 949 3554 ὀνόματα
976 3482 1300 3556 γράφεσθαι,
1330 3484 1424 3537 καὶ
1443 3484 1518 3546 ὡς
1555 3501 1785 3554 μεταγε-

1891 3498 1993 3542 tas.
2025 3503 2043 3536 ι
2071 3484 2216 3538 Dixit
2243 3493 2418 3536 autem
2448 3522 2463 3545 ,
2501 3500 2519 3532 ι
2555 3482 2610 3536 in
2642 3494 2806 3548 regno
2861 3479 3120 3534 caalorum
3179 3475 3380 3539 minor,
3421 3492 3439 3524 ι

238 3573 469 3644 νεστέρου
504 3574 738 3638 είκότως
768 3575 992 3645 ὕστερον
1018 3573 1273 3645 τετάχθαι
1330 3574 1388 3626 τὸ
1410 3574 1569 3627 αὑτοῦ
1598 3574 1783 3644 ὄνομα.

1888 3578 2009 3647 quia
2040 3577 2092 3630 in
2124 3576 2260 3630 libro
2287 3572 2576 3627 viventium
2592 3571 2806 3625 nomina
2834 3570 3072 3625 omnium
3105 3566 3436 3625 scribuntur,

240 3660 375 3727 Τινὲς
421 3666 476 3719 δὲ
500 3667 574 3719 τὸ
608 3665 771 3737 μέρος
802 3666 979 3729 τοῦτο,
1019 3667 1146 3739 περ).
1190 3664 1283 3719 τοὺ
1335 3666 1601 3719 Δεσπότου
1634 3665 1786 3737 ὲνόη-

1890 3679 1945 3724 et
1988 3667 2157 3737 ipsius
2194 3675 2380 3735 utpote
2420 3662 2653 3733 junioris
2708 3675 2900 3716 nomen
2949 3659 3143 3714 merito
3180 3656 3448 3727 posterius

241 3766 346 3816 σαν,
375 3757 705 3827 μικρότερον
750 3757 845 3827 μὲν
879 3755 1019 3809 κατὰ
1053 3755 1150 3826 τὴν
1194 3754 1287 3808 τοῦ
1330 3753 1514 3807 δούλου
1558 3754 1786 3826 μορφὴν,

1888 3760 2120 3833 positum
2169 3767 2269 3813 est.
2306 3757 2533 3824 Quidam
2568 3769 2697 3809 vero
2723 3754 2866 3808 lume
2905 3753 3081 3807 locum
3121 3752 3186 3804 de
3220 3748 3448 3803 Domino

244 3844 348 3896 καθ’
378 3847 442 3917 ἢν
475 3850 668 3919 ἥσσων
716 3847 1006 3919 προφητῶν
1050 3847 1146 3899 καὶ
1202 3847 1391 3917 ἱερέων
1444 3846 1786 3899 ὑπωπτεύετο

1893 3849 2285 3914 intellexerunt,
2339 3846 2677 3915 inquientes,
2724 3857 2847 3896 eum
2911 3842 3172 3895 minorem
3231 3837 3445 3906 quidem

241 3938 532 4006 τυγχάνειν,
587 3937 803 4008 μείζονα
828 3939 884 3990 δὲ
910 3936 1049 3991 κατὰ
1085 3937 1182 4006 τὴν
1218 3937 1463 4007 θεότητα.
1494 3936 1656 3990 ’Ὥστε
1700 3938 1786 3989 καὶ

1892 3954 2009 3995 esse
2040 3939 2331 3994 secundum
2355 3935 2580 3989 formam
2612 3932 2773 3997 servi,
2797 3931 2847 3985 in
2875 3945 2978 4000 qua
3008 3929 3184 3984 minor
3212 3926 3448 3996 prophe-

243 4028 364 4081 κατὰ
382 4030 554 4083 ταῦτα
587 4030 647 4082 τὸ
676 4049 692 4080 ι
736 4030 929 4099 μείζων
956 4048 974 4081 ι
998 4027 1091 4082 καὶ
1109 4028 1169 4080 τὸ
1211 4046 1229 4079 ‹
1264 4027 1482 4099 πέμψας
1523 4046 1543 4079 ι
1562 4027 1639 4097 τῷ
1661 4028 1786 4098 πρὸς

1894 4032 1963 4085 tis
2011 4039 2061 4085 et
2104 4027 2471 4083 sacerdotibus
2511 4024 2827 4094 putabatur;
2888 4020 3141 4089 majorem
3186 4033 3312 4074 vero
3360 4034 3449 4073 se-

243 4113 319 4167 τὸν
348 4120 578 4191 Πατέρα.
612 4120 880 4190 όμοουσίῳ
926 4118 1148 4189 μείωσιν
1190 4119 1251 4172 οὑ
1296 4121 1456 4171 ποιεῖ.
1510 4118 1617 4170 Καὶ
1659 4119 1786 4188 ὅπερ

1893 4122 2124 4178 cundum
2171 4119 2443 4173 deitatem.
2497 4117 2679 4185 Itaque
2728 4113 3019 4169 secundum
3053 4113 3189 4166 hanc
3235 4124 3451 4180 quoque

238 4203 286 4257 δὲ
316 4210 525 4279 εἴρηται
582 4210 687 4281 πρὸ
725 4210 973 4281 βραχέος,
1003 4210 1147 4262 δοκεῖ
1188 4227 1302 4273 πως
1333 4211 1361 4262 ὁ
1387 4209 1590 4280 κομψίᾳ
1618 4209 1786 4277 λόγων

1897 4208 2314 4277 explicationem
2368 4207 2530 4260 verba
2592 4224 2611 4257 ι
2642 4205 2836 4274 major,
2899 4221 2917 4255 ι
2956 4212 3008 4257 et
3037 4220 3056 4253 ‹
3097 4201 3188 4271 qui
3220 4201 3389 4265 misit,
3427 4218 3446 4253 ι

243 4298 523 4367 χρώμενος,
544 4301 686 4354 καὶὸ
711 4301 887 4371 ἑαυτῴ
912 4301 998 4353 ἀεὶ
1023 4299 1305 4370 ἀπονέμων
1336 4300 1405 4353 τά
1426 4303 1664 4372 πρωτεῖα
1697 4302 1786 4354 καὶ

1895 4299 2504 4358 consubstantialitatem
2539 4296 2656 4367 ejus
2687 4311 2809 4351 cum
2843 4294 3003 4350 Patre
3043 4308 3147 4347 non
3178 4294 3451 4348 minuunt.

245 4388 391 4459 τιμὴν
413 4390 685 4453 ἀπαιτῶν,
714 4390 886 4461 οἴησιν
912 4390 1071 4460 ἔχειν*
1101 4389 1206 4460 ἡδὲ
1232 4389 1424 4460 οίησις,
1456 4390 1798 4461 ὑπερηφανία

246 4478 318 4541 τίς
371 4483 537 4536 ἐστιν.
602 4483 763 4536 Οὑδὲν
820 4482 877 4535 δὲ
935 4482 1039 4554 πρὸ
1094 4481 1193 4551 τῆς
1256 4482 1631 4553 ὑπερηφανίας
1676 4484 1797 4553 ἠτί-

246 4584 419 4635 μασεν·
474 4571 606 4624 οὑδὲ
634 4571 741 4641 γάρ
795 4570 1035 4640 μείζονος
1100 4569 1294 4639 μᾶλλον
1337 4570 1486 4638 μέλει
1530 4571 1606 4641 τῷ
1655 4572 1796 4642 Θεῷ,

244 4658 514 4732 ἢμήποτε
555 4664 716 4717 πλέον
765 4663 858 4715 τοῦ
909 4661 1245 4733 μικροτέρου.
1283 4662 1432 4730 Ἔχει
1478 4661 1585 4733 γὰρ
1631 4661 1794 4729 ἅπαξ,

244 4752 333 4805 κᾶν
364 4754 527 4819 αὑτὸς
560 4755 635 4825 μὴ
660 4754 811 4825 λέγῃ,
847 4752 1123 4821 σύμφυτον
1162 4750 1221 4803 τὸ
1267 4748 1467 4821 μεῖζον*
1513 4751 1605 4803 καὶ
1627 4751 1798 4814 οὐδεὶς

245 4843 341 4894 τῶν
380 4846 742 4915 εὐγνωμόνων
786 4843 914 4914 περὶ
947 4842 1132 4897 τούτου
1181 4841 1530 4911 ἀμφισϐητεῖ.
1564 4843 1639 4892 Δι’
1666 4840 1700 4894 ἃ
1731 4840 1795 4910 δή

245 4951 412 5006 φησιν·
452 4958 471 4991 ι
520 4936 651 4990 Ἐὰν
674 4933 1014 5006 ὲγὼὲμαυτῷ
1047 4933 1378 5006 μαρτυρῶνή
1407 4932 1676 5004 μαρτυρία
1699 4951 1797 5003 μου

312 5180 419 5246 (ﬁt
465 5179 603 5251 Ego.
634 5178 786 5235 Joan.
816 5196 935 5251 vin,
968 5179 1055 5234 49.
1089 5180 1231 5251 Lege
1275 5186 1521 5234 catenam
1550 5177 1603 5232 in
1635 5177 1800 5233 Joan-

248 5262 352 5319 nem
381 5248 532 5314 xvtt,‘
560 5253 609 5313 1,
645 5251 730 5303 ubi
770 5250 945 5304 alIinia
985 5252 1139 5303 docet
1178 5248 1449 5319 Didymus.

314 5318 421 5389 (43)
448 5320 794 5389 ΒεῙετεηάαηι
816 5337 917 5391 non
933 5336 1060 5373 esse.
1083 5317 1393 5391 βοόειζτοῦ
1418 5319 1493 5391 μὴ
1515 5317 1674 5383 κατά,
1688 5328 1789 5373 etc.

249 5385 551 5455 Lege-udum}
584 5391 788 5442 videtur
817 5389 877 5441 τό
906 5406 1000 5457 pro
1026 5388 1140 5442 τοὺ.

314 5459 425 5525 (44)
466 5458 655 5511 Amen.
686 5460 867 5514 Matth.
906 5475 985 5520 txt,
1015 5460 1099 5512 Η.

269 5529 425 5607 ’.(45)
476 5527 700 5607 Prome]
744 5530 1082 5607 prop/teriam.
1147 5528 1308 5607 Recte
1356 5540 1707 5607 queronymus
1736 5528 1795 5607 in

252 5595 381 5649 libro
407 5595 607 5650 contra
652 5595 1009 5658 Luet'ferianos
1039 5613 1184 5652 num.
1234 5599 1284 5651 7.
1328 5616 1344 5647 ι
1368 5595 1569 5660 Αυίιί,ἱ
1605 5599 1794 5665 inquit,

257 5665 585 5719 «Dominum
624 5666 959 5736 loquentem:
995 5665 1150 5720 (Non
1197 5677 1278 5721 est
1321 5668 1372 5720 in
1422 5668 1562 5722 natis
1615 5667 1801 5721 mulie-

256 5751 367 5789 rum
420 5736 597 5806 major
639 5735 842 5794 Joanne
884 5735 1181 5805 Baptista.»
1219 5736 1359 5793 Nulli
1392 5739 1533 5793 enim
1583 5738 1802 5802 contigit

1898 4394 1968 4449 Ut
1998 4403 2175 4448 autem
2203 4391 2359 4461 paulo
2386 4399 2512 4444 ante
2534 4387 2645 4457 jam
2674 4388 2874 4443 dictum
2900 4394 3013 4449 est,
3047 4384 3136 4453 qui
3172 4383 3312 4437 fastu
3333 4380 3445 4452 (1-9)

1897 4487 2182 4540 verborum
2218 4483 2386 4537 utitur
2411 4495 2474 4536 ac
2504 4481 2708 4549 primas
2739 4476 3055 4544 sibimetipsi
3093 4483 3279 4544 partes
3304 4487 3450 4527 sem-

1900 4590 1997 4647 per
2018 4574 2283 4639 attribuit,
2322 4582 2484 4641 atque
2511 4571 2770 4625 honorem
2792 4568 3000 4638 exigit;
3054 4566 3100 4620 is
3137 4565 3302 4618 animi
3339 4563 3454 4617 ela-

1909 4665 2109 4719 tionem
2162 4662 2557 4732 quodammodo
2589 4659 2787 4714 habere
2816 4657 3074 4712 videtur:
3123 4654 3290 4709 animi
3348 4669 3452 4708 au-

1903 4760 2009 4808 tem
2038 4752 2199 4808 elatio
2231 4761 2313 4807 est
2331 4750 2599 4821 quoddam
2639 4747 2902 4818 superbiae
2923 4759 3094 4815 genus
3120 4762 3134 4799 :
3162 4742 3293 4799 nihil
3323 4756 3454 4797 vero

1904 4842 2095 4910 magis,
2146 4857 2307 4912 quam
2345 4842 2649 4911 superbiam
2670 4881 2687 4907 ,
2717 4836 2989 4908 despectui
3023 4835 3208 4891 haberi
3243 4832 3452 4888 voluit:

1905 4948 2077 5004 neque
2120 4934 2265 4988 enim
2288 4931 2428 5004 ejus,
2479 4933 2571 5002 qui
2617 4930 2791 5000 major
2817 4928 2928 4993 sit,
2972 4926 3226 4994 majorem
3271 4937 3455 4978 curam

1905 5176 2284 5245 prophetarum
2319 5182 2373 5229 et
2402 5170 2721 5226 annuntiare
2745 5168 3038 5233 Christum,
3078 5176 3135 5225 et
3162 5167 3329 5238 digito
3366 5170 3460 5225 de-

1907 5254 2226 5300 monstrare.
2250 5263 2270 5296 ι

1977 5314 2089 5383 (46)
2131 5314 2232 5377 Qui
2260 5321 2459 5383 autem:
2488 5309 2674 5364 Matth.
2701 5323 2776 5383 ξι,
2807 5305 2892 5361 il.

1992 5377 2081 5442 4³7)
2118 5382 2322 5436 Posuit.
2348 5382 2379 5435 Ι-
2423 5381 2543 5436 Cor.
2577 5394 2673 5442 xu,
2697 5377 2784 5432 28.

1992 5385 2057 5437 4⁸7
2118 5385 2322 5436 Posuit.
2348 5385 2379 5435 I'
2423 5385 2543 5436 Cor.
2577 5394 2673 5442 Xlt,
2697 5385 2784 5432 28.

1903 5385 2082 5578 ὀοῖάὲζ
2122 5453 2337 5506 Deinde.
2365 5451 2551 5507 Graeca
2579 5452 2688 5512 ed.,
2722 5446 2991 5519 δεύτερον,
3020 5445 3075 5503 id
3098 5454 3183 5502 est
3211 5465 3232 5499 ι
3264 5460 3460 5501 secun-

1974 5590 2556 5664 (WjAngtuaCodex,
2598 5585 3030 5664 κομψίαζξλθεο,
3061 5582 3465 5664 κομψείᾳηηοο

1904 5655 2281 5787 εειὶειίξριμμχ
2318 5662 2413 5717 lib.
2455 5675 2531 5727 v1,
2583 5655 2751 5728 segni.
2779 5655 2913 5725 ⁷125,
2944 5655 3152 5713 κομψόν
3201 5656 3466 5715 «iactato-

1906 5747 2019 5789 rem
2044 5749 2062 5783 ι
2131 5747 2202 5787 m
2232 5768 2247 5784 .
