4060 6406
589 277 694 332 887
1816 274 2048 330 DlDYMl
2093 274 2564 332 ALEXANDBINI
3682 271 3769 330 883

593 393 758 446 habet
795 392 968 458 Deus;
1007 401 1102 447 aut
1135 391 1362 446 fortasse
1398 392 1510 463 (50)
1569 393 1740 463 major
1773 396 1870 463 ipsi
1908 411 2036 449 cura
2071 408 2196 457 esti

2184 404 2224 457 Α
2257 397 2356 450 οὐκ
2419 395 2565 450 ἔστιν
2625 393 2862 466 ἁληθής’
2929 394 3077 448 ἔστιν
3123 397 3150 448 ὁ
3202 392 3390 464 Πατήρ
3430 408 3522 463 μου
3571 392 3612 444 ό
3655 409 3771 463 μαρ-

585 483 652 534 de
680 495 744 533 eo
765 481 1050 550 quiminor
1079 482 1244 553 386
1261 483 1350 536 sit.
1381 484 1551 538 liabet
1587 485 1729 537 enim
1761 486 1874 554 ipse
1903 488 2147 551 omnino,

2247 487 2426 558 τυρῶν
2459 505 2568 557 μοι.
2605 506 2622 538 ι
2644 486 2780 538 Ἀλλ’
2801 487 2888 540 ἵνα
2921 488 2995 559 μὴ
3008 489 3104 540 καὶ
3127 485 3284 540 τοῦτο
3308 484 3441 556 πρὸς
3460 484 3773 556 σμικρόιητος

585 573 684 626 οιιεί
735 573 786 627 id
827 588 930 627 non
977 574 1140 636 dicat,
1195 589 1256 628 ex
1321 587 1509 628 natura
1570 591 1689 639 sua,
1733 586 1787 629 ut
1835 577 2007 647 major
2042 584 2148 645 sit;

2247 576 2409 631 αὑτοῦ
2437 576 2737 647 νομισθείη,
2761 576 2985 645 ἑτέρωθι
3021 575 3186 641 λέγει’
3219 595 3238 627 ι
3277 575 3395 628 Κᾶν
3416 573 3518 641 ἐγὼ
3556 573 3775 643 μαρτυρῶ

586 679 684 716 nec
734 679 919 716 eorum
972 665 1062 733 qui
1104 672 1246 719 recte
1295 665 1569 729 sentiunt,
1619 665 1904 735 quisquam
1949 669 2013 720 de
2048 668 2150 722 hoc

2246 667 2487 738 ἐμαυτῷ,
2526 668 2558 738 ἡ
2602 665 2872 738 μαρτυρία
2912 684 3012 736 μου
3061 666 3266 736 ἀληθής
3303 666 3464 717 ἐστιν.
3529 681 3543 716 ι
3581 665 3680 716 Καὶ
3729 667 3774 717 ὲν

585 740 811 806 dubitat.
834 751 1004 815 Quam
1029 755 1097 808 ob
1111 771 1322 808 causam
1355 757 1430 810 ait
1463 774 1475 809 :
1501 776 1518 806 t
1544 756 1597 810 Si
1623 774 1720 828 ego
1746 760 1856 831 (51)
1878 761 2150 816 mihimet-

2245 759 2323 830 τῷ
2359 756 2558 829 πρώτῳ
2600 757 2657 810 δὲ
2706 757 2848 828 λόγῳ
2898 757 3097 821 ἱκανῶς
3147 756 3359 827 ἐδείχθη
3405 756 3525 826 περὶ
3581 754 3694 826 [181
3731 754 3776 829 tt:

587 845 686 911 ipsi
723 846 1084 899 testimoni-tm
1121 848 1398 913 perhibco,
1435 849 1800 903 testimonium
1832 866 2008 905 meum
2038 868 2142 906 non

2250 850 2344 903 τοῦ
2364 869 2381 900 ι
2405 850 2622 920 μείζων,
2646 869 2665 901 ι
2685 850 2819 919 μήτε
2838 849 2956 902 κατ’
2969 848 3174 911 οὐσίαν,
3193 849 3225 917 ἢ
3249 847 3492 917 δύναμιν.
3509 845 3689 915 ἢδόξαν
3699 847 3779 915 τὴν

586 948 668 989 est
702 953 929 1001 verum;
972 947 1053 990 est
1088 938 1245 993 Pater
1279 956 1448 1004 meus,
1490 942 1580 1010 qui
1620 943 1984 996 tcStimonium
2025 959 2148 1012 per-

2255 944 2368 998 ἄνω
2396 942 2664 1015 εἰρῆσθαι.
2696 942 2862 995 Φασὶν
2887 941 2943 994 δὲ
2973 941 3066 994 καὶ
3085 942 3132 993 οἱ
3149 939 3277 1010 παρ’
3309 938 3554 1007 Ἕλλησιν
3579 937 3777 1007 δόκιμοι*

587 1028 731 1081 hibet
795 1029 945 1084 mihi.
994 1049 1012 1081 ι
1059 1029 1164 1085 Sed
1215 1049 1280 1086 ne
1312 1034 1434 1102 quis
1496 1035 1596 1090 hoc
1663 1037 1825 1090 etiam
1887 1037 1958 1092 ob
2019 1037 2138 1107 ejus
2184 1039 2502 1107 parvitatem
2540 1039 2607 1094 ab
2640 1038 2754 1106 ipso
2787 1037 2984 1091 dictum
3020 1045 3202 1104 putet,
3264 1035 3390 1088 alibi
3428 1034 3501 1086 ait
3544 1050 3556 1085 :
3595 1051 3611 1082 ι
3645 1032 3702 1085 Et
3743 1038 3782 1092 si

586 1137 684 1187 ego
724 1121 834 1194 (52)
860 1124 1222 1179 testimonium
1271 1128 1531 1196 perbibco
1564 1130 1945 1199 mihimetipsi,
1982 1131 2347 1186 testimonium
2373 1147 2548 1185 meum
2573 1145 2756 1185 verum
2775 1132 3013 1184 estaAst
3035 1129 3086 1182 in
3112 1128 3284 1196 primo
3300 1126 3458 1180 etiam
3513 1125 3644 1195 λόγῳ
3691 1125 3781 1196 (55)

587 1214 719 1267 satis
763 1225 1038 1269 ostensum
1111 1225 1227 1282 est,
1283 1219 1571 1274 dictionem
1636 1221 1778 1274 hanc
1836 1240 1853 1272 ι
1890 1222 2060 1290 major
2095 1241 2113 1274 ι
2171 1238 2343 1292 neque
2367 1235 2607 1291 respectu
2633 1223 2913 1287 essentiaa,
2953 1236 3050 1274 nec
3083 1230 3328 1290 respectu
3377 1220 3646 1288 potentize,
3706 1235 3784 1274 nec

589 1299 832 1372 respectu
864 1306 1045 1370 gloria
1078 1309 1314 1365 caelestis
1339 1311 1532 1366 dictam
1566 1313 1752 1368 fuisse.
1799 1314 1935 1382 Quin
1970 1318 2130 1370 etiam
2173 1317 2273 1372 viri
2309 1316 2447 1384 apud
2477 1315 2693 1370 Graecos
2731 1315 2937 1383 probati
2966 1315 3115 1368 aiunt
3149 1329 3164 1367 :

593 1394 916 1452 Immortalis
949 1416 1069 1454 vero
1126 1400 1291 1468 Deus,
1350 1421 1621 1476 supremus
1658 1410 1711 1460 in
1778 1408 1964 1549 ιειΙιεῑε
2011 1411 2158 1463 habi-

604 1533 623 1549 '
1015 1545 1024 1549 _
1949 1493 2084 1540 tans,

2275 1408 2589 1474 Ἀθάνατος
2629 1408 2696 1461 δὲ
2733 1409 2878 1474 Θεὸς
2925 1406 3374 1474 πανυπέρτατος
3411 1404 3589 1472 αἰθέρι
3613 1405 3783 1469 ναίων,

1949 1493 2084 1540 tans,

594 1533 956 1608 Incorruptus,
1007 1545 1370 1606 inconcussus,
1414 1556 1668 1612 (rternus,
1720 1533 2154 1617 semperLsimiiis.

2071 1533 2154 1602 iis.
2266 1549 2561 1617 Ἀφθιτος,
2590 1545 3044 1616 ἀστυερέλικτος,
3083 1544 3290 1610 ἀΐδιος,
3319 1543 3449 1597 αἰὲν
3471 1543 3672 1613 ὅμοιος.

877 1634 886 1642 ’
1205 1635 1356 1692 CAP.
1407 1637 1549 1695 XIX.
2190 1657 2233 1711 Β

2190 1657 2233 1711 Β
2900 1639 3054 1690 xm.
3085 1638 3184 1692 te.

661 1720 779 1776 Aiia
823 1739 1035 1795 quoque
1088 1738 1214 1782 sunt
1276 1730 1327 1784 in
1400 1728 1696 1800 Scripturis
1745 1733 1998 1796 oracula,
2043 1747 2163 1802 quae

2335 1729 2445 1782 Οὐκ
2484 1728 2733 1798 ἐνόησαν,
2792 1727 2866 1790 ὼς
2919 1727 3062 1780 ἔστιν
3101 1727 3190 1780 ἐπὶ
3225 1726 3333 1778 τῶν
3377 1723 3675 1794 ἀκροτάτων
3713 1720 3788 1774 καὶ

596 1814 831 1871 haeretici
860 1834 966 1873 non
989 1833 1052 1874 eo
1078 1835 1236 1874 sensu
1273 1832 1615 1890 acceperunt,
1647 1824 1740 1894 qui
1781 1825 2051 1893 supremis
2108 1836 2164 1880 et

2261 1821 2630 1891 ἀπερινοήτων
2668 1819 3015 1872 ὑποστάσεων
3053 1818 3228 1889 Θέμις,
3270 1817 3471 1879 καὶτὸ,
3505 1837 3522 1868 ι
3561 1817 3612 1868 Ὁ
3635 1815 3790 1883 Πατὴρ

597 1905 1226 1973 iucomprehensibilibus
1300 1909 1680 1980 hypostasibus
1739 1913 1934 1984 dignus
1993 1924 2157 1969 esset.

2263 1912 2479 1981 ἐντολήν
2505 1928 2593 1981 μοι
2633 1911 2880 1971 δέδωκεν,
2920 1909 2974 1962 τί
3004 1910 3159 1969 εἴπω,
3189 1909 3349 1962 καὶτί
3385 1908 3613 1978 λαλήσω.
3641 1927 3656 1958 ι
3682 1905 3792 1974 Περὶ

600 1993 915 2064 Huiusmodi
957 2006 1038 2052 est
1065 1997 1231 2053 illud:
1269 2018 1288 2050 ι
1321 1999 1480 2054 Pater
1506 2001 1618 2072 (54)
1659 2003 1973 2058 mandatum
2007 2003 2158 2058 dedit

2262 2003 2319 2056 δὲ
2348 2003 2442 2056 τοῦ
2483 2002 2636 2070 ἁγίου
2675 2001 3009 2070 Πνεῦματοςο
3057 2019 3076 2049 ι
3119 2002 3235 2070 Ἀφ’
3267 1999 3462 2053 ἑαυτοῦ
3487 2001 3544 2052 οὐ
3583 1998 3791 2068 λαλήσει,

599 2087 754 2154 mihi,
785 2087 913 2156 quid
954 2089 1145 2153 dicam,
1176 2101 1226 2144 et
1247 2091 1372 2158 quid
1400 2091 1607 2161 loquar.
1662 2113 1680 2145 ι
1711 2092 1843 2150 Tale
1880 2105 1962 2149 est
1991 2096 2153 2149 etiam

2263 2093 2376 2148 ἀλλ’
2415 2097 2478 2148 ὲκ
2511 2093 2603 2147 τοῦ
2646 2093 2778 2164 ἐμοῦ
2800 2092 3047 2164 λήψεται,
3073 2095 3164 2146 καὶ
3189 2093 3481 2161 ἀναγγελεῖ
3511 2093 3646 2163 ὑμῖνο
3672 2109 3687 2140 ι
3718 2089 3793 2142 καὶ

599 2180 742 2248 quod
765 2180 829 2233 de
860 2178 1060 2248 Spiritu
1104 2193 1293 2236 sancto
1332 2183 1532 2237 dicitur
1563 2208 1573 2240 ;
1605 2203 1622 2235 ι
1658 2189 1699 2238 Α
1721 2186 2009 2256 semetipso
2050 2186 2162 2257 (55)

2263 2186 2504 2257 ἐτέρωθι’
2536 2206 2554 2238 ι
2598 2184 2737 2254 Ἐγὼ
2774 2185 2869 2239 ἀπ’
2908 2185 3143 2256 ἐμαυτοῦ
3163 2187 3261 2238 οὐκ
3287 2185 3540 2256 ἐλάλησα·
3576 2204 3592 2235 ›
3613 2183 3696 2235 καὶ
3709 2182 3796 2233 πά-

605 2285 709 2323 ιιοη
741 2269 1010 2338 loquetur,
1047 2273 1142 2326 sed
1188 2273 1254 2326 de
1286 2289 1405 2328 meo
1438 2276 1696 2345 accipiet,
1739 2287 1790 2331 et
1825 2279 2162 2332 annuntiabit

2261 2278 2364 2331 λινο
2399 2297 2417 2329 t
2460 2276 2652 2340 Καθὼς
2683 2276 2982 2329 ἐνετείλατό
3006 2277 3135 2343 μοιό
3174 2276 3380 2347 Πατὴρ,
3420 2275 3586 2337 οὕτως
3615 2271 3789 2326 ποιῶσι

600 2360 752 2416 vobis
773 2379 823 2428 ;›
858 2371 912 2417 et
939 2365 1082 2432 quod
1115 2365 1240 2419 alibi
1274 2365 1468 2434 legitur
1499 2386 1511 2421 :
1546 2385 1563 2418 (
1607 2367 1718 2438 Ego
1743 2385 1770 2422 a
1806 2385 1889 2424 me
1914 2372 2026 2439 ipso
2051 2371 2160 2440 (56)

2264 2370 2357 2422 καὶ
2387 2368 2564 2423 πάλινο
2601 2386 2618 2418 ι
2679 2368 2736 2422 '0
2782 2368 2938 2436 λόγος
2975 2368 3034 2421 ὃν
3063 2367 3310 2430 ἀκούετε,
3353 2368 3454 2420 οὐκ
3497 2367 3634 2418 ἐστιν
3667 2363 3791 2434 ἐμὸς,

601 2455 810 2510 locutus
869 2471 974 2511 non
1036 2472 1203 2523 sum;
1263 2479 1282 2511 ›
1344 2472 1400 2514 et
1450 2475 1714 2515 rursum:
1769 2479 1786 2512 ι
1838 2460 1988 2516 Sicut
2049 2463 2159 2534 (57)

2264 2461 2396 2516 ἀλλὰ
2425 2462 2517 2514 τοῦ
2542 2462 2855 2532 πέμψαντός
2881 2478 2965 2531 με·
2998 2480 3014 2513 ι
3045 2462 3138 2513 καὶ
3161 2461 3260 2513 ὅσα
3290 2459 3535 2513 τοιαῦτα.
3563 2455 3796 2516 Τοιούτοις

602 2547 876 2602 mandavit
903 2549 1032 2604 mihi
1052 2548 1229 2616 Pater,
1263 2552 1336 2604 ita
1371 2550 1541 2618 facio;
1583 2571 1601 2604 ι
1630 2563 1682 2606 et
1716 2569 1901 2608 rursus
1929 2573 1942 2608 :
1982 2573 2000 2603 ι
2038 2555 2165 2609 Ser-

2262 2553 2371 2624 γὰρ
2401 2555 2668 2624 ἐχρήσατο
2691 2553 2925 2623 ῥήμασιν
2961 2554 2989 2604 ό
3026 2551 3318 2620 Δεσπότης,
3353 2550 3430 2610 ὡς
3468 2550 3618 2617 λόγος
3635 2548 3700 2599 ὢν
3723 2544 3796 2597 το]

603 2657 690 2698 mo
719 2642 853 2714 (58),
891 2659 1047 2714 quem
1085 2645 1306 2711 auditis,
1334 2659 1438 2700 non
1466 2653 1550 2700 est
1574 2661 1723 2700 meus
1743 2687 1758 2711 ,
1790 2646 1883 2699 sed
1917 2645 2034 2715 ejus
2071 2645 2161 2714 qui

2263 2644 2491 2716 Πατρδς,
2518 2645 2846 2710 ἐνδείξασθαι
2886 2645 3013 2714 ἡμῖν
3041 2642 3361 2714 βουλόμενος
3403 2641 3500 2712 τὴν
3531 2642 3705 2692 ἕνωσιν
3721 2636 3798 2706 τῆς

614 2732 764 2787 misit
808 2751 912 2788 nte.
969 2753 988 2786 ι
1021 2735 1228 2802 thua:
1277 2736 1320 2790 is
1368 2735 1544 2790 aﬂinia
1581 2745 1722 2789 sunt.
1767 2735 1987 2791 Talibus
2019 2736 2161 2791 enim

2265 2736 2495 2805 φύσεως,
2530 2737 2619 2789 καὶ
2643 2737 2739 2806 τὴν
2776 2736 3012 2806 ἄρρητον
3029 2734 3344 2805 συμφωνίαν
3366 2737 3465 2805 τῆς
3497 2732 3649 2798 ἁγίας
3664 2727 3798 2798 Τριά-

602 2822 964 2879 locutionibus
990 2840 1119 2880 usus
1137 2835 1217 2879 est
1247 2824 1526 2890 Dominus,
1546 2835 1813 2895 quatenus
1831 2827 2060 2880 Verbum
2082 2837 2164 2881 est

2263 2826 2370 2889 δος,
2404 2827 2496 2879 καὶ
2523 2826 2599 2888 ὼς
2635 2825 2790 2880 κοινὰ
2825 2826 2992 2894 αὐτῆς
3028 2827 3142 2877 ἐστι
3195 2824 3264 2878 τὰ
3289 2824 3611 2895 διδάγματα,
3642 2820 3722 2874 καὶ
3750 2817 3797 2871 οὐ

602 2911 820 2980 Patris;
863 2917 1004 2985 quod
1056 2918 1345 2972 ostendere
1380 2917 1536 2973 nobis
1566 2918 1728 2972 vellet
1771 2918 2031 2972 unitatem
2063 2933 2162 2972 na-

2263 2917 2542 2970 διεστῶτα.
2588 2918 2700 2970 Πᾶν
2722 2916 2830 2988 γὰρ
2861 2916 3084 2986 κτίσμα,
3127 2915 3220 2968 ἐὰν
3324 2916 3562 2984 λογικὸν,
3604 2913 3703 2983 ἔχει
3731 2910 3800 2962 θέ-

608 3016 761 3071 turae,
791 3007 1183 3063 etineﬂ'abilem
1212 3011 1555 3065 concordiam
1590 3024 2018 3080 consensumque
2040 3025 2166 3065 san-
2191 3005 2211 3063 (

2194 3005 2234 3063 α
2265 3009 2413 3080 λημα
2444 3009 2590 3062 ἴδιον·
2613 3009 2661 3075 ὂ,
2696 3009 2770 3072 ὡς
2795 3009 3136 3080 γέγραπται,
3164 3007 3542 3076 κατασιγάζει,
3561 3007 3642 3058 ἵνα
3656 3004 3707 3055 τὸ
3725 3001 3797 3054 τοῦ

613 3113 715 3156 etas
737 3098 1049 3167 Trinitatis;
1088 3111 1142 3158 et
1163 3103 1303 3170 quod
1332 3103 1502 3172 ipsius
1526 3103 1809 3158 Trinitatis
1847 3105 2166 3158 documenta

2267 3101 2399 3154 Θεοῦ
2422 3099 2628 3170 θέλημα
2655 3100 2804 3171 εἴπῃ.
2845 3099 2934 3152 Διὸ
2959 3099 3086 3152 ποτὲ
3111 3100 3208 3169 μὲν
3234 3101 3302 3153 τὰ
3344 3099 3538 3152 ἑαυτοῦ
3569 3096 3706 3150 λαλεῖ
3726 3092 3800 3146 καὶ

608 3193 769 3246 trium
801 3206 1150 3260 personarum
1173 3196 1480 3248 communia
1508 3197 1635 3262 sint,
1659 3211 1763 3250 non
1783 3209 1911 3250 vero
1932 3196 2164 3253 diversa.

2268 3197 2426 3258 ποιεῖ,
2451 3194 2576 3247 ποτὲ
2593 3194 2648 3246 δὲ
2662 3193 2728 3245 τὰ
2750 3192 2840 3245 τοῦ
2859 3192 3011 3245 Θεοῦ·
3034 3195 3124 3244 καὶ
3141 3194 3219 3255 εἰς
3233 3192 3349 3245 ἔνια
3369 3193 3470 3260 μὲν
3488 3209 3547 3244 συ
3556 3189 3727 3260 μτινέει
3742 3185 3801 3254 τῷ

606 3282 742 3336 Nam
771 3283 948 3337 omnis
968 3293 1237 3348 creatura,
1271 3285 1317 3339 si
1350 3283 1512 3340 fuerit
1542 3286 1851 3348 rationalis,
1885 3287 2158 3354 propriam

2266 3285 2435 3356 ὁμοίῳ
2455 3283 2753 3354 ἀνθρώπῳ”
2784 3285 2861 3346 εἰς
2892 3284 3006 3337 ἔνια
3041 3284 3116 3348 δὲ,
3140 3283 3302 3354 ἕτερα
3335 3282 3604 3352 βούλεται.
3642 3280 3692 3333 '0
3714 3277 3800 3346 γὰρ

609 3373 772 3429 habet
818 3373 1174 3439 voluntatem,
1227 3377 1344 3440 cui,
1399 3386 1455 3431 ut
1503 3379 1755 3446 scriptum
1797 3389 1880 3431 est
1911 3377 2057 3447 (59),
2107 3378 2172 3431 si-

2269 3375 2401 3437 Θεὸς
2449 3375 2618 3444 Λόγος
2654 3373 3005 3445 ἑξουσιαστὴς
3036 3372 3111 3426 ὢν
3149 3374 3241 3426 καὶ
3274 3375 3463 3443 σοφία,
3501 3373 3576 3426 ἔτι
3611 3371 3704 3442 μὴν
3730 3367 3802 3421 καὶ

610 3466 831 3519 lentium
877 3465 1094 3531 indicit,
1127 3469 1187 3521 ut
1213 3483 1282 3523 ex
1315 3466 1407 3522 Dei
1438 3467 1709 3522 voluntate
1738 3467 2012 3537 loquatur.
2050 3467 2172 3522 Ideo

2268 3467 2330 3518 τὸ
2369 3466 2523 3534 ἆγιον
2556 3465 2783 3535 Πνεῦμα
2814 3464 2909 3517 τοῦ
2941 3464 3074 3516 Θεοῦ
3109 3465 3544 3536 ἐκπορευόμενον
3579 3462 3695 3532 παρ’
3713 3458 3799 3538 ἀὖα

614 3566 904 3634 aliquando
932 3565 1149 3636 quidem
1180 3581 1300 3636 quae
1341 3582 1434 3622 sua
1477 3575 1603 3622 sunt
1625 3607 1639 3631 ,
1665 3565 1901 3636 loquitur
1925 3574 1980 3619 et
2007 3564 2168 3618 facit:

2270 3556 2396 3620 τοῦ,
2432 3558 2526 3610 καὶ
2575 3557 2717 3610 κατὰ
2759 3557 2850 3609 τὸν
2896 3556 3240 3619 ’Λπόστολον,
3297 3556 3537 3628 ἐρευνῶν
3579 3553 3645 3606 τὰ
3687 3549 3803 3621 βάθη

615 3653 910 3721 aliquando
961 3669 1090 3710 vero
1154 3670 1272 3724 quae
1318 3665 1442 3710 sunt
1494 3655 1628 3721 Dei;
1691 3665 1746 3708 et
1808 3656 1860 3708 in
1905 3654 2173 3724 aliquibus

2271 3649 2457 3715 αὑτοῦ,
2501 3651 2594 3703 καὶ
2643 3650 2800 3720 μόνον
2831 3649 2968 3712 είδός
3000 3649 3069 3702 τὰ
3099 3648 3194 3701 τοῦ
3225 3646 3387 3711 Θεοῦ,
3426 3648 3546 3702 κατ’
3593 3643 3803 3710 ἐξουσίαν

610 3743 782 3813 387'
803 3743 1017 3813 quidem
1048 3746 1208 3800 rebus
1237 3746 1514 3815 conspirat
1543 3761 1664 3800 cum
1703 3747 1919 3802 homine
1962 3747 2061 3800 sibi
2100 3747 2174 3800 si-

2279 3741 2515 3813 παρέχον
2557 3741 2655 3805 τὰς
2693 3741 2844 3804 θείας
2896 3741 3127 3811 δωρεὰς,
3176 3742 3275 3793 οὐκ
3320 3739 3452 3810 1184
3489 3738 3540 3810 b]
3583 3735 3802 3806 ἀναμένει

613 3833 744 3900 mili,
777 3834 828 3888 in
864 3834 1134 3904 aliquibus
1165 3853 1309 3903 vero,
1343 3839 1444 3891 alia
1476 3838 1606 3892 vult.
1662 3837 1805 3891 Nam
1845 3836 1984 3891 Deus
2037 3836 2169 3891 Ver-

2273 3834 2526 3899 ἀκοῦσαι,
2569 3834 2661 3886 καὶ
2709 3833 2881 3896 οὕτως
2930 3834 3124 3894 εἰπεῖν,
3162 3832 3194 3902 ἢ
3234 3832 3486 3902 ποιῆσαι,
3527 3831 3599 3893 ὡς
3626 3828 3686 3880 τὰ
3711 3821 3803 3877 κτί-

615 3924 741 3977 bum
770 3939 891 3978 cum
919 3926 991 3980 sit
1036 3919 1352 3981 Dominator
1378 3937 1432 3980 et
1463 3925 1759 3996 Sapientia,
1792 3936 2008 3980 sanctus
2045 3940 2173 3980 vero

2275 3940 2454 3995 σματα
2476 3941 2488 3953 ·
2521 3923 2662 3994 ἆπερ
2692 3923 2936 3990 πέφυκεν
2963 3922 3023 3974 οὐ
3059 3921 3219 3992 μόνον
3249 3920 3342 3974 τοῦ
3373 3920 3511 3974 Θεοῦ
3543 3921 3601 3972 τὸ
3629 3917 3806 3988 θέλημα

613 4011 708 4068 Dei
741 4014 974 4083 Spiritus
1002 4031 1126 4070 cum
1152 4032 1217 4069 ex
1246 4016 1361 4086 ipso
1391 4017 1665 4086 procedat,
1690 4025 1744 4070 et
1774 4014 1926 4083 juxta
1951 4016 2175 4084 Aposto-

2274 4019 2506 4085 ἀγνοεῖν,
2539 4015 2651 4068 ἀλλ’
2681 4015 2791 4067 ἔσθ’
2822 4017 2909 4068 ὅτε
2938 4015 3032 4067 καὶ
3060 4015 3135 4084 μὴ
3160 4016 3334 4066 ποιεῖν
3358 4032 3373 4045 ·
3400 4015 3477 4079 ὡς
3499 4013 3654 4084 ἡνίκα
3675 4009 3801 4076 λέγῃ.

615 4106 721 4158 lum
754 4117 1027 4161 scrutetur
1059 4108 1320 4176 profunda
1339 4109 1474 4177 ejus,
1499 4118 1553 4163 et
1581 4107 1725 4162 solus
1745 4108 1879 4162 sciat
1906 4123 2023 4176 quae
2051 4115 2178 4160 sunt

2273 4111 2301 4162 ό
2351 4107 2448 4178 μὲν
2507 4106 2758 4178 Ἀϐραὰμ
2811 4106 3132 4170 ἐνδοιάζων·
3183 4123 3201 4157 ι
3239 4106 3330 4175 Μή
3373 4124 3449 4169 τι,
3488 4097 3686 4175 Κύριε.
3731 4100 3803 4150 ἐὰν

614 4194 730 4262 Dei,
762 4207 812 4250 et
844 4197 1019 4250 divina
1052 4198 1192 4251 dona
1221 4213 1286 4251 ex
1339 4198 1551 4268 propria
1597 4204 1860 4268 potestate
1898 4197 2173 4265 largiatur,

2275 4200 2522 4271 λαλήσω
2565 4219 2582 4251 ι
2633 4200 2689 4252 Ὁ
2717 4199 2771 4250 δὲ
2803 4201 3043 4269 Μωῦσῆς
3074 4197 3514 4270 παραιτούμενος
3536 4215 3548 4228 ·
3589 4215 3606 4246 ι
3649 4187 3803 4259 ’ἰσχνό-

616 4289 816 4344 idcirco
852 4299 1139 4359 antequam
1173 4290 1424 4360 loquatur
1475 4303 1568 4346 aut
1618 4301 1892 4360 operetur,
1940 4306 2046 4343 non
2079 4305 2173 4344 ex-
2202 4358 2219 4362 _

2202 4358 2232 4362 _
2278 4309 2454 4358 φωνος
2482 4293 2575 4344 καὶ
2604 4289 3017 4362 βραδύγλωσσός
3048 4291 3163 4359 είμι
3187 4286 3324 4357 ὲγώ’
3361 4307 3383 4340 ι
3417 4289 3533 4352 καὶ,
3570 4305 3587 4338 ι
3613 4283 3802 4351 Δέομαι.

615 4390 821 4451 Spectat
846 4383 969 4436 dum
997 4358 1198 4448 audiat,
1233 4358 1373 4437 sicut
1402 4383 1607 4439 faciunt
1632 4394 1912 4449 creatum,
1937 4397 2054 4452 quae
2079 4381 2171 4436 Dei
2201 4358 2218 4412 Ῑ

2201 4358 2246 4412 D
2276 4385 2474 4456 Κύριε·
2511 4385 2572 4436 οὐ
2605 4358 2838 4454 δῦναμαι
2879 4383 3037 4452 μόνος
3066 4358 3252 4453 φερειν
3285 4381 3350 4434 τὸ
3391 4381 3558 4451 βάρος
3582 4375 3667 4430 τοῦ
3698 4369 3801 4423 λαοῦ

615 4471 940 4527 voluntatem
965 4487 1071 4526 non
1096 4474 1254 4528 modo
1280 4475 1528 4544 ignorare
1552 4484 1794 4543 possunt.
1818 4487 2001 4527 verum
2017 4471 2177 4525 etiam

2277 4473 2498 4529 τούτου·
2539 4472 2881 4544 προχείρισαι
2921 4471 3080 4525 ἄλλον
3121 4469 3358 4540 σεαυτῷ.
3409 4489 3428 4522 ι
3467 4469 3576 4523 Καὶ
3629 4457 3803 4532 Ἀαρὼν

616 4563 902 4632 aliquando
957 4579 1065 4619 non
1095 4564 1275 4620 facere
1309 4575 1406 4620 :ut
1442 4582 1560 4620 cum
1589 4567 1926 4620 Abrahamus
1964 4564 2178 4632 quidem

2278 4565 2370 4619 καὶ
2391 4565 2625 4636 Μαριὰμ
2650 4565 2828 4634 οἰκείᾳ
2850 4564 3060 4634 κινήσει
3087 4561 3504 4634 ὲθρασύνθησαν
3521 4556 3657 4612 κατὰ
3672 4554 3802 4607 Moti:-

619 4657 869 4711 haesitans
903 4657 979 4712 ait
1006 4677 1019 4712 :
1048 4675 1068 4709 ι
1104 4657 1354 4727 Nunquid
1385 4656 1517 4729 (60),
1553 4657 1800 4720 Domine,
1828 4656 1874 4710 si
1905 4653 2128 4723 loquar?
2156 4671 2175 4703 ι

2279 4657 2437 4720 σέως,
2477 4657 2564 4709 ὅτε
2613 4657 2706 4709 καὶ
2739 4655 3061 4725 ὲλεπρίασεν
3097 4656 3130 4726 ή
3163 4653 3429 4725 Μαριὰμ,
3472 4651 3566 4706 καὶ
3597 4641 3801 4718 ὠργίσθη

619 4746 790 4799 Moses
819 4761 947 4801 vero
978 4747 1274 4812 deprecans
1297 4763 1362 4802 ac
1413 4763 1670 4802 recusans
1700 4761 1716 4801 :
1757 4765 1776 4798 ι
1813 4745 2040 4800 Gracilis
2069 4744 2180 4816 (61)

2279 4748 2434 4819 θυμῷ
2466 4747 2690 4820 Κύριος.
2743 4746 2901 4800 Ἀλλὰ
2943 4749 3039 4799 καὶ
3081 4746 3264 4810 Δαυῖδ,
3299 4747 3360 4799 τὸ
3404 4742 3597 4798 ἑαυτοῦ
3627 4738 3803 4820 θέλημᾷ

619 4852 768 4902 voce,
797 4850 846 4892 et
878 4840 1066 4895 tardus
1097 4839 1276 4911 lingua
1303 4856 1424 4896 sum
1472 4856 1607 4911 ego;
1646 4859 1666 4892 ι
1709 4849 1760 4894 et
1797 4856 1810 4892 :
1850 4858 1868 4890 ι
1920 4835 2178 4902 Obsecro,

2280 4840 2481 4905 ποιῶν,
2528 4819 2623 4893 καὶ
2674 4839 2921 4910 ἀριθμῶν
2969 4839 3058 4891 τὸν
3106 4838 3270 4902 λαὸν,
3331 4836 3663 4906 ἐπιτιμᾶται.
3714 4819 3801 4878 Καὶ

692 5056 801 5133 (50)
842 5060 942 5133 Ant
965 5058 1203 5127 fortasse.
1231 5059 1435 5133 Graece,
1465 5063 1498 5132 ἦ
1534 5061 1740 5133 μήποτε
1757 5079 1778 5133 ᾗ
1806 5060 2178 5133 quzeiormula

1848 5060 2178 5133 u;e_formula
2349 5058 2459 5133 (55)
2497 5060 2548 5133 ᾼ-
2575 5062 2860 5133 sentetipso.
2894 5057 3044 5133 Joau.
3078 5074 3186 5118 xw.
3245 5059 3451 5133 15,14.

625 5128 763 5202 apud
785 5127 1084 5202 scriptores
1116 5131 1358 5202 maxime
1380 5127 1845 5202 Didytiti'aequales
1869 5131 2028 5196 valet,
2060 5141 2182 5185 «aut
2349 5127 2459 5202 (56)
2500 5127 2612 5202 Ego
2642 5149 2671 5180 a
2702 5146 2777 5202 me
2808 5131 2937 5195 ipso.
2964 5128 3119 5202 Joan.
3155 5146 3247 5194 xu,
3282 5129 3370 5182 49.

628 5201 870 5258 l'ortasse,
895 5216 912 5247 ι
957 5207 1012 5250 ut
1042 5200 1152 5267 ipse
1182 5200 1403 5255 reddidi.
1479 5196 1494 5202 ⁷
1680 5196 1694 5200 ⁷
2349 5196 2459 5266 (57)
2500 5196 2666 5251 Sicut.
2701 5198 2852 5252 Joan.
2884 5214 2995 5261 xiv,
3025 5199 3113 5253 5i.

696 5267 808 5337 (51)
845 5267 908 5322 Si
955 5284 1066 5336 ego.
1125 5267 1280 5322 Joan.
1330 5285 1382 5330 v,
1444 5270 1544 5331 51,
1592 5270 1679 5324 ⁸52.
1727 5269 1951 5324 Sensum
2001 5269 2182 5337 potius

1374 5309 1382 5330 ι
1444 5270 1544 5331 51,
1592 5270 1679 5324 ⁸52.
1727 5269 1951 5324 Sensum
2001 5269 2182 5337 potius
2348 5268 2458 5337 (58)
2499 5268 2701 5337 Sermo.
2734 5267 2863 5320 Ibid.
2891 5267 2977 5321 24.

696 5275 808 5337 (51)
845 5275 907 5322 Si
955 5284 1066 5336 ego.
1125 5275 1280 5322 Joan.
1330 5285 1382 5330 v,
1444 5275 1544 5331 51,
1592 5275 1679 5324 52.
1727 5275 1951 5324 Sensum
2001 5275 2182 5337 potius
2371 5275 2458 5334 58)
2499 5275 2701 5320 Sermo.
2734 5275 2978 5321 manu

626 5338 800 5413 citat,
821 5352 986 5413 quam
1016 5338 1200 5413 verba,
1228 5339 1474 5408 idemque
1509 5342 1635 5413 facit
1657 5356 1826 5410 segni.
1851 5339 1955 5395 206
1989 5341 2039 5394 b.
2501 5336 2568 5392 Ut
2595 5340 2847 5413 scriptum
2877 5350 2970 5413 est.
3006 5337 3303 5413 Quemnam
3324 5333 3800 5413 Scriptor-zeiocttm

697 5405 808 5476 (59)
848 5404 986 5460 Etsi
1025 5423 1134 5475 ego.
1167 5407 1319 5463 Joan.
1353 5404 1468 5474 vin,
1504 5410 1588 5464 14.
1719 5404 1746 5410 ⁷
2286 5404 2555 5476 respiciat,
2597 5404 2781 5462 nescio
2811 5425 2824 5460 :
2858 5405 2958 5460 nisi
3007 5408 3143 5460 forte
3195 5409 3415 5476 respicit
3447 5404 3568 5459 illud
3593 5404 3797 5458 Christi.

698 5475 808 5549 (55)
848 5476 915 5530 In
956 5479 1188 5549 primo...
1232 5477 1410 5546 λόγῳ.
1462 5481 1518 5533 Si
1553 5495 1650 5533 vox
1696 5479 1896 5542 isthmc,
1924 5478 2085 5549 λόγῳ,
2121 5482 2186 5536 ad
2289 5493 2301 5525 ι

2121 5482 2186 5536 ad
2289 5492 2308 5525 ι
2347 5477 2719 5549 Verumtamen
2750 5492 2858 5549 non
2887 5492 3000 5530 mea
3034 5475 3297 5549 voluntas,
3327 5478 3422 5532 sed
3453 5487 3542 5532 tua
3573 5478 3711 5530 [ista

631 5545 858 5623 primum
893 5546 1048 5612 hujus
1073 5549 1276 5623 operis
1294 5545 1488 5623 librum
1532 5551 1811 5623 referenda
1858 5559 1960 5616 est,
1991 5545 2185 5623 allegat
2353 5545 2464 5623 (till)
2508 5545 2778 5623 ζγωιᾳιιὶιι.
2805 5545 2956 5623 βου.
2994 5546 3270 5623 nutum.
3531 5570 3537 5573 ·

633 5615 997 5686 ιιίορίιιχηιυε
1029 5613 1187 5686 caput
1213 5617 1278 5671 16
1311 5617 1546 5683 ejusdem
1587 5621 1728 5676 ttbri.
1946 5613 1954 5616 ⁷
2095 5613 2124 5623 ”
2354 5613 2466 5681 (61)
2506 5613 2750 5670 Gracilis.
2804 5617 2972 5670 Exod.
3003 5632 3073 5682 tv,
3108 5615 3192 5670 10.

700 5685 812 5750 (54)
848 5685 1030 5742 Pater.
1060 5685 1212 5742 Joan.
1247 5703 1344 5755 xu,
1375 5688 1460 5743 40.
