4060 6406
283 324 369 381 839
1332 324 1420 379 DE
1454 323 1827 381 TRINITATE
1866 326 2065 381 LIBER
2104 325 2428 383 TERTIUS.

3372 325 3476 382 890

289 436 517 510 Ἱερεμίας
548 436 626 501 δὲ,
661 436 813 507 παρὰ
856 435 1059 490 σκοπὸν
1086 438 1182 489 τοῦ
1210 436 1532 503 ἀνεξικάκου
1567 441 1663 494 καὶ
1697 443 1797 511 ἀμ-

1906 441 2126 495 Domine
2153 439 2265 511 (6‘3)
2298 459 2311 493 :
2343 455 2447 494 non
2499 454 2716 508 possum
2738 437 2884 495 solus
2910 437 3051 493 ferre
3074 439 3279 509 pondus
3300 440 3476 510 populi

281 530 538 599 νησικάκου
571 526 705 580 Θεοῦ
736 526 907 579 εἰπών
929 544 942 558 ’
981 545 999 580 ι
1056 528 1337 600 Νεώτερός
1380 532 1497 600 εἰμι
1534 529 1663 599 ἐγὼ,
1708 532 1801 585 καὶ

277 620 329 673 οὐ
355 618 567 687 δύναμαι
610 616 991 687 προφητεύειν,
1026 637 1044 669 ι
1090 618 1307 671 ἀκούει·
1351 639 1368 671 ι
1408 620 1499 692 Μὴ
1528 620 1676 690 λέγε,
1718 622 1800 673 ὃτι

278 707 521 777 Νεώτερός
549 708 665 777 εἰμι
696 706 826 774 ἐγώ.
866 727 897 761 ι,
921 710 1029 761 Καὶ
1058 711 1087 762 6
1121 710 1304 774 Ἰωνᾶς
1328 712 1405 775 δὲ,
1437 713 1585 777 ἴδιον,
1617 713 1711 766 καὶ
1739 714 1798 766 οὐ

278 799 359 852 τοῦ
386 798 508 851 Θεοῦ
554 800 722 852 ποιῶν
761 800 995 870 θέλημα,
1032 801 1199 872 πλοίῳ
1230 804 1444 868 ἐπιϐὰς,
1488 806 1679 873 φεύγει
1722 808 1802 869 εἰς

274 893 475 963 Θαρσεῖς
506 893 567 944 ἐκ
598 891 886 962 προσώπου
922 892 1017 945 τοῦ
1065 895 1343 965 πανταχοῦ
1379 896 1530 959 ﬁve-0;
1572 897 1797 968 Κυρίου.

273 982 367 1033 Καὶ
408 979 609 1042 Παῦλος
644 980 771 1051 περὶ
813 981 922 1034 τῶν
957 982 1271 1036 ἀποστόλων
1303 985 1574 1049 Γαλάταις
1606 987 1797 1055 φησίν·

276 1091 292 1121 ι
333 1072 457 1123 Ἀλλ’
502 1073 587 1124 ὅτε
627 1072 757 1136 ἴδον,
801 1073 881 1124 ὅτι
938 1075 1035 1126 οὐκ
1089 1074 1473 1145 ὀρθοποδοῦσιν
1524 1078 1659 1149 πρὸς
1704 1078 1801 1148 τὴν

271 1164 494 1234 ἀλήθειαν
514 1162 608 1215 τοῦ
638 1164 992 1233 Εύαγγελξου,
1021 1162 1174 1221 εἶπον
1206 1167 1282 1238 τῷ
1304 1170 1470 1239 Κηφᾷ
1494 1168 1802 1239 ἔμπροσθεν

269 1256 460 1308 πάντων
494 1274 513 1307 ι
545 1256 691 1310 τάδε.
728 1256 845 1309 ’Ίνα
876 1257 931 1309 δὲ
969 1258 1462 1330 πληροφοωθῶσιν
1485 1262 1536 1313 οἱ
1561 1262 1798 1324 ἄπιστοι,

268 1346 363 1414 είγε
397 1346 456 1417 δὴ
481 1347 587 1417 ἄρα
618 1348 711 1399 καὶ
741 1347 1254 1419 πληροφορηθῶσιν,
1284 1352 1503 1421 ἀνάγκη
1525 1352 1801 1421 μακρῦναι

263 1436 341 1488 τὸν
379 1436 551 1504 λόγον.
594 1437 707 1507 Πρὸ
755 1438 853 1508 τῆς
892 1440 949 1490 ὲν
980 1441 1171 1510 κόσμῳ
1217 1442 1518 1511 παρουσίας
1546 1441 1638 1496 τοῦ
1669 1442 1800 1495 Υίοῦ

264 1533 341 1586 τοῦ
364 1534 514 1599 Θεοῦ,
562 1534 837 1605 ἐφάνησαν
873 1534 1252 1605 ψευδόχριστοι
1288 1537 1383 1590 καὶ
1420 1538 1800 1609 ψευδοπροφῆ-

258 1643 355 1690 ται,
385 1626 456 1690 ὠς
498 1626 701 1690 Ἰούδας
726 1628 755 1679 6
778 1626 1084 1690 Γαλιλαῖος,
1113 1626 1297 1690 καθὼς
1331 1627 1542 1698 ἔχουσιν
1570 1629 1626 1681 αἱ
1656 1629 1802 1699 Πρά-

261 1716 357 1782 ξεις
380 1717 483 1771 τῶν
516 1718 856 1783 ἀποστόλων,
882 1718 1211 1781 πλανῶντες,
1236 1719 1330 1771 καὶ
1355 1704 1417 1771 οῦ
1440 1721 1507 1773 τὰ
1534 1719 1627 1772 τοῦ
1663 1719 1797 1773 Θεοῦ

1902 534 2058 603 hujus
2084 551 2099 587 :
2122 533 2259 603 elige
2284 532 2378 587 tibi
2396 531 2580 585 alium.
2618 550 2644 582 ι
2662 532 2725 586 Ει
2742 532 2920 585 Aaron
2940 531 3072 600 (6'5),
3096 546 3159 585 ac
3181 530 3343 585 Maria
3362 547 3476 600 pro.

1900 627 2028 693 pria:
2053 625 2345 679 voluntatis
2366 620 2601 678 motione
2622 633 2806 678 contra
2832 622 3065 693 Moysen:
3099 624 3355 679 audacter
3403 627 3475 678 in.

1900 714 2493 785 surrexerunt,qnando
2514 714 2966 783 etMarialeprosa
2983 715 3119 768 facta
3140 716 3254 777 fuit,
3284 723 3338 769 et
3375 715 3477 771 Do-

1902 808 2077 862 minus
2100 808 2380 862 iratusest.
2396 807 2532 873 Quin
2551 808 2707 860 etiam
2723 805 2886 859 David
2901 822 3051 859 suam
3066 807 3269 861 faciens
3292 809 3476 861 volun-

1903 906 2086 962 tatem,
2112 908 2167 951 et
2193 897 2445 966 populum
2473 912 2761 950 numerans
2784 897 3190 964 reprehenditur
3220 897 3353 968 (64).
3380 896 3474 953 Je-

1902 990 2097 1042 remias
2133 1004 2279 1053 vero,
2305 1004 2424 1044 cum
2455 998 2651 1057 prmter
2676 997 2907 1042 mentem
2937 990 3207 1059 patientis,
3243 999 3298 1043 et
3327 990 3472 1058 inju-

1902 1080 2101 1133 riarum
2126 1080 2489 1135 obliviscentis
2523 1079 2616 1134 Dei
2646 1078 2889 1144 dixisset,
2924 1099 2941 1130 ι
2976 1078 3166 1135 Junior
3199 1081 3314 1151 (65)
3344 1098 3466 1135 sum

1900 1186 2020 1243 ego,
2061 1184 2242 1228 etnon
2281 1188 2497 1243 possum
2534 1174 2856 1242 prophetare
2887 1172 3020 1242 (66).
3055 1193 3074 1225 ι
3106 1175 3315 1229 audiit:
3348 1192 3365 1225 ι
3394 1173 3472 1228 Ne

1901 1265 2050 1319 dicas
2076 1284 2091 1319 :
2113 1262 2302 1319 Junior
2331 1281 2448 1319 sum
2482 1279 2601 1331 ego.
2638 1283 2655 1316 ι
2679 1263 2841 1319 Jonas
2872 1274 3052 1319 autem
3078 1266 3347 1335 propriam
3377 1282 3471 1319 vo-

1880 1353 2161 1411 .luntatem
2195 1355 2415 1419 faciens,
2449 1370 2553 1408 non
2586 1354 2704 1421 Dei,
2748 1370 2871 1409 cum
2903 1357 3177 1426 navigium
3212 1372 3472 1412 conscen-

1900 1446 2083 1510 disset,
2106 1463 2125 1495 ι
2140 1445 2272 1513 fugit
2288 1446 2398 1515 (67)
2416 1447 2467 1499 in
2490 1447 2713 1501 Tharsis
2728 1461 2791 1499 ex
2812 1445 2945 1500 facie
2962 1446 3086 1501 Dei»
3115 1448 3311 1516 ubique
3329 1450 3472 1502 exsi-

1902 1538 2118 1591 steutis.
2148 1534 2215 1589 Et
2242 1534 2441 1592 Paulus
2482 1538 2548 1591 de
2578 1537 2835 1606 apostolis
2890 1537 3114 1607 loquens
3158 1537 3222 1591 ad
3252 1538 3469 1594 Galatas

1901 1629 2016 1684 haec
2040 1629 2297 1699 scripsit:
2348 1647 2367 1680 ι
2407 1630 2513 1683 Sed
2540 1644 2663 1686 cum
2706 1629 2817 1700 (68)
2849 1631 2954 1683 vidi
3007 1630 3147 1699 quod
3184 1645 3289 1685 non
3327 1641 3468 1686 recte

1902 1720 2181 1774 ambulant
2210 1721 2276 1773 ad
2315 1720 2597 1774 veritatem
2652 1720 2949 1791 Evangelii,
2981 1720 3090 1774 dixi
3124 1720 3316 1789 Cepha:
3356 1721 3469 1791 (69)

259 1809 442 1862 καὶτοῦ
473 1808 603 1882 [185
629 1810 685 1883 a]
707 1811 870 1881 νόμου
891 1811 1056 1864 αὐτοῦ
1073 1812 1414 1877 διδάσκοντες
1434 1829 1447 1842 ο
1471 1813 1599 1884 περὶ
1615 1806 1689 1866 ὧν
1706 1814 1797 1867 καὶ

1901 1825 2081 1865 coram
2113 1810 2363 1865 omnibus
2399 1829 2417 1860 ι
2452 1810 2590 1866 haec.
2629 1808 2823 1863 Verum
2856 1820 2915 1864 ut
2956 1811 3040 1875 iis,
3089 1812 3178 1880 qui
3213 1810 3468 1865 increduli

264 1900 506 1971 Ἰεζεκιὴλ
566 1900 935 1972 προφητεύειο
988 1920 1006 1951 ι
1037 1901 1123 1954 Ζῶ
1183 1902 1323 1970 ἐγὼ,
1378 1902 1526 1970 λέγει
1565 1902 1797 1973 Κύριος⁶

258 1990 341 2043 ἐπὶ
386 1993 509 2054 τοὺς
556 1993 861 2063 προφήτας,
902 1994 1029 2055 τοὺς
1051 1993 1369 2058 πλανῶντας
1402 1994 1492 2047 τὸν
1510 1994 1637 2049 λαόν
1673 2013 1797 2065 μου,

250 2081 337 2133 οὐκ
362 2081 658 2135 ἀπέστειλα
685 2081 907 2144 αὐτούς’
938 2082 1031 2152 ἀφ’
1061 2083 1268 2135 ἑαυτῶν
1292 2084 1581 2154 ἐλάλησαν.
1616 2104 1635 2136 ι

1898 1908 2044 1962 sunt,
2071 1900 2246 1954 OlllnlS
2278 1899 2559 1953 dubitandi
2600 1898 2750 1953 locus
2787 1898 3146 1969 praecludatur
3187 1900 3252 1970 (si
3292 1910 3467 1953 tamen

1895 1993 1948 2047 id
1996 1991 2109 2045 ﬁeri
2138 1992 2356 2063 potest),
2416 2007 2722 2047 sermonem
2770 1994 2822 2046 in
2883 1992 3097 2062 longum
3154 1994 3471 2063 protrahere

1894 2101 2115 2140 necesse
2144 2094 2247 2139 est.
2290 2086 2597 2154 Antequam
2652 2086 2863 2139 veniret
2912 2084 3255 2139 inmundum
3304 2084 3470 2138 Filius

249 2166 353 2234 Dei,
389 2171 781 2240 pseudochristi
848 2180 903 2224 et
946 2161 1439 2241 pseudoprophetm,
1489 2175 1793 2244 cujusmodi
1834 2175 1935 2230 fuit
1963 2174 2127 2230 Judas
2157 2174 2425 2240 Galilaeus,
2453 2185 2835 2245 apparuerant,
2863 2176 3005 2230 sicut
3066 2177 3199 2229 Acta
3262 2182 3471 2243 aposto-

248 2262 401 2317 lorum
432 2274 747 2319 testantur:
786 2266 821 2319 ii
853 2280 978 2319 vero
1013 2266 1328 2335 deceptores
1353 2276 1528 2331 erant,
1582 2284 1682 2322 nec
1731 2284 1794 2323 ea
1864 2268 2145 2331 docebant,
2183 2284 2303 2336 qua:
2363 2276 2489 2321 sunt
2562 2266 2656 2321 Dei
2708 2279 2763 2321 et
2816 2268 2948 2337 legis
2999 2265 3185 2336 ipsius.
3246 2268 3317 2320 De
3367 2265 3469 2319 illis

244 2354 509 2422 prophetat
536 2356 703 2411 etiam
738 2353 1032 2408 Ezechiel:
1074 2374 1092 2406 ι
1158 2355 1286 2411 Vivo
1345 2357 1456 2428 (70)
1504 2358 1671 2429 388
1730 2374 1848 2430 ego,
1889 2361 2020 2415 dicit
2079 2359 2391 2414 Dominus:
2448 2358 2513 2411 ad
2569 2360 2857 2427 praphetas
2913 2359 3005 2428 qui
3059 2359 3323 2412 seducunt
3382 2365 3468 2428 po’

245 2446 405 2516 pulum
450 2465 659 2513 meum,
704 2466 808 2505 nou
870 2451 991 2506 misi
1044 2466 1138 2503 eos
1183 2468 1197 2504 :
1241 2466 1270 2501 a
1329 2465 1385 2504 se
1440 2450 1569 2520 ipsis
1634 2452 1797 2505 locuti
1836 2462 1980 2507 sunt.
2022 2472 2041 2504 ι

314 2540 507 2594 Ἐλθὼν
571 2541 748 2595 τοίνυν
801 2544 829 2595 6
878 2541 1130 2612 ἀληθινὸς
1189 2541 1461 2612 Χριστὸς,
1519 2540 1791 2612 ὑπενοήθη

239 2632 441 2696 πλάνος.
483 2635 649 2703 Ἔχει
691 2634 799 2705 γὰρ
841 2634 901 2686 τὸ
940 2633 1295 2701 Εύαγγέλιον,
1329 2633 1403 2696 ὡς
1430 2634 1488 2685 ἐν
1526 2637 1589 2703 τῇ
1632 2634 1792 2705 ἐορτῇ

239 2723 335 2776 τῶν
373 2727 551 2795 Σκηνο
565 2726 777 2795 πηγίων
815 2726 1038 2796 ἐζήτουν
1064 2726 1153 2778 τὸν
1192 2724 1397 2793 Ἰησοῦν
1425 2726 1473 2777 οἱ
1502 2725 1668 2796 ὖχλοι,
1705 2726 1795 2778 λέ-

236 2834 436 2883 γοντες*
474 2837 492 2869 ι
533 2817 658 2871 Ποῦ
696 2817 877 2881 ἐστινς
938 2817 1049 2871 Καὶ
1104 2812 1172 2887 ἦν
1206 2820 1336 2888 περὶ
1370 2817 1535 2870 αὑτοῦ
1578 2818 1797 2885 διαφω-

1973 2541 2107 2596 Cum
2161 2542 2339 2608 itaque
2363 2540 2601 2595 venisset
2653 2555 2817 2595 verus
2865 2540 3139 2609 Christus,
3188 2555 3470 2613 suspectus

1896 2633 1993 2685 fuit
2017 2632 2170 2702 quasi
2204 2631 2457 2686 seductor
2492 2648 2507 2696 ;
2542 2640 2777 2685 testatur
2800 2633 2941 2686 enim
2975 2632 3321 2703 Evangelium
3352 2644 3469 2688 tur-

1893 2722 1989 2777 bas
2046 2722 2097 2774 in
2145 2721 2433 2775 festivitate
2486 2720 2597 2791 (71)
2647 2722 3102 2791 ScenOpegiorum
3154 2725 3471 2793 quaesivisse

1892 2812 2076 2867 Jesum
2116 2812 2355 2865 dicentes
2394 2829 2407 2864 :
2446 2831 2465 2863 ι
2501 2810 2598 2867 Ubi
2634 2812 2759 2866 est?
2791 2813 2855 2866 Et
2888 2823 3004 2867 erat
3034 2814 3101 2867 de
3130 2815 3244 2882 ipso
3267 2816 3472 2870 discor-

236 2906 336 2960 νία·
380 2912 427 2962 οἱ
475 2911 589 2981 μὲν
634 2909 851 2977 ἔλεγονο
909 2910 1134 2977 Ἀγαθός
1172 2911 1354 2962 ἐστιν·
1400 2910 1550 2964 ἄλλοι
1575 2910 1794 2978 ἔλεγον·

1902 2907 1986 2958 dia
2020 2920 2035 2958 :
2070 2904 2158 2957 alii
2197 2904 2411 2971 quidem
2469 2896 2719 2959 dicebant
2752 2923 2765 2959 ε
2804 2906 2984 2959 Bonus
3046 2914 3158 2972 est;
3202 2906 3287 2959 alii
3324 2906 3471 2960 dice-

233 3000 378 3068 Οὐχί·
413 3001 606 3071 πλανᾷ
634 3001 725 3054 τὸν
752 3000 927 3070 ὄχλον.
962 3021 979 3051 ι
1008 3001 1116 3053 Καὶ
1142 3001 1300 3055 πάλιν
1328 3002 1377 3053 οξ
1405 3003 1679 3072 ἀρχιερεῖς
1710 3002 1793 3055 λέ-

237 3108 378 3156 γουσι
443 3093 525 3164 τῷ
572 3091 826 3162 Πιλάτῳ’
864 3110 881 3141 ι
915 3092 1185 3161 Οἴδαμεν,
1235 3091 1428 3161 Κύριε,
1462 3093 1545 3145 ὅτι
1585 3087 1737 3144 εἶπεν
1768 3093 1797 3145 6

236 3182 419 3246 πλάνος
444 3187 663 3247 ἐκεῖνος
695 3183 773 3235 ἔτι
800 3182 907 3247 ζῶν
930 3199 942 3212 ·
974 3182 1129 3237 Μετά
1161 3186 1305 3253 τρεῖς
1332 3182 1540 3253 ἡμέρας
1583 3184 1796 3254 ἐγείρο-

239 3288 345 3341 μαι.
385 3294 402 3325 ι
434 3273 613 3327 Εἶπεν
642 3270 735 3326 οὖν
760 3275 787 3325 6
811 3272 1018 3343 Σωτὴρ,
1048 3274 1176 3341 περὶ
1200 3274 1295 3343 μὲν
1332 3273 1553 3325 ἐκείνων
1589 3272 1793 3340 οὖτωςπ

239 3381 255 3413 t
295 3365 440 3419 Ὀσοι
466 3363 643 3438 ἦλθον
681 3364 787 3435 πρὸ
816 3364 971 3435 ἐμοῦ,
1006 3364 1236 3417 κλέπται
1264 3360 1403 3435 ἦσαν
1434 3366 1527 3417 καὶ
1572 3363 1793 3435 λῃσταί·

234 3456 336 3508 ἀλλ’
369 3459 468 3512 οὐκ
515 3460 758 3529 1ἤκουσεν
792 3456 971 3511 αὐτῶν
1000 3456 1069 3509 τὰ
1098 3457 1366 3526 πρόϐατα.
1400 3455 1479 3508 Τὰ
1520 3456 1629 3526 ἐμὰ
1667 3456 1797 3526 πρό-

232 3544 357 3599 σατα
403 3549 507 3619 τῆς
539 3549 688 3619 ἐμῆς
727 3547 911 3616 φωνῆς
946 3546 1255 3607 ἀκούουσιν,
1303 3544 1397 3598 καὶ
1421 3544 1676 3614 γνωρίζει
1700 3544 1797 3615 τὴν

231 3641 401 3710 φωνήν
454 3659 590 3711 μου,
640 3638 737 3693 καὶ
770 3637 1053 3691 ἀκολουθεῖ
1094 3653 1218 3708 μοι’
1256 3657 1274 3688 ι
1320 3637 1447 3707 περὶ
1484 3636 1540 3688 δὲ
1569 3635 1793 3688 ἐαυτοῦ·

234 3748 250 3779 ι
294 3730 428 3800 Ἐγὼ
469 3734 572 3786 ἀπ’
620 3729 862 3801 ἐμαυτοῦ
904 3730 966 3783 ού
1013 3728 1189 3782 λαλῶ·
1244 3749 1262 3781 r
1305 3728 1380 3791 ὡς
1412 3730 1609 3781 ἐκεῖνοι
1640 3728 1797 3798 δῆλον

228 3819 320 3873 ὅτι.
363 3822 651 3894 Προειδὼς
690 3820 747 3873 δὲ
775 3820 870 3875 καὶ
902 3820 971 3874 τὰ
1002 3819 1285 3891 μέλλοντα,
1316 3818 1390 3882 ὡς
1420 3818 1572 3882 Θεὸς,
1602 3818 1696 3871 καὶ
1717 3819 1797 3871 ὅτι

228 3914 357 3982 μετά
402 3914 505 3987 τὴν
556 3917 619 3969 ἐν
668 3914 916 3985 οὐρανοῖς
957 3913 1141 3968 ἄνοδον
1186 3910 1385 3977 αὐτοῦ,
1426 3912 1518 3965 καὶ
1563 3910 1660 3982 τὴν
1703 3909 1798 3964 τοῦ

228 4005 373 4073 ἁγίου
400 4007 743 4078 Πνεύματος
778 4006 1094 4075 ἐπιδημίαν,
1132 4004 1347 4059 ἔσονται
1388 4003 1549 4058 πάλιν
1587 4003 1796 4066 πλάνοι,

226 4092 292 4157 ὡς
325 4096 536 4167 Σίμων,
583 4097 665 4159 ὼς
701 4096 1000 4159 Μοντανὸς,
1039 4094 1115 4158 ὼς
1155 4096 1473 4164 Μανιχαῖος,
1517 4109 1802 4164 προησφα-

224 4186 400 4241 λίσατο
457 4187 682 4242 εἰπών’
738 4207 756 4239 ι
814 4188 981 4241 Ὅταν
1038 4185 1165 4258 ἔλθῃ
1218 4187 1245 4239 6
1298 4183 1687 4256 Παράκλητος,
1740 4183 1801 4237 τὸ

1903 2998 2032 3051 bant
2063 3015 2077 3051 :
2114 2994 2264 3061 Non;
2326 2996 2532 3049 seducit
2566 2997 2831 3051 turbam.»
2886 2996 2952 3050 Et
2985 3013 3172 3051 rursus
3201 2998 3473 3065 principes

1903 3088 2245 3144 sacerdomm
2298 3088 2449 3141 aiunt
2502 3086 2672 3140 Pilato
2715 3101 2731 3140 :
2768 3107 2786 3137 ι
2816 3086 3049 3151 Scimus,
3079 3088 3294 3142 domine
3333 3088 3468 3156 (72),

1904 3181 2047 3249 quod
2075 3180 2213 3235 dixit
2262 3180 2514 3235 seductor
2547 3180 2634 3234 ille
2686 3180 2859 3234 adhuc
2918 3180 3148 3234 vivens:
3186 3179 3311 3233 Post
3362 3189 3473 3234 tres

1904 3271 2017 3325 dies
2048 3284 2291 3338 resurgo.
2330 3286 2349 3319 ι
2391 3268 2466 3323 De
2501 3268 2605 3324 illis
2644 3268 2757 3341 (75)
2792 3284 2921 3340 ergo
2951 3269 3201 3325 Salvator
3234 3270 3350 3324 inec
3394 3271 3473 3325 dic

1904 3361 2022 3415 xit:
2064 3378 2082 3412 ι
2133 3360 2448 3429 Quicunque
2503 3360 2615 3431 (74)
2663 3369 2927 3415 venerunt
2984 3371 3108 3416 ante
3158 3376 3261 3426 tne,
3322 3362 3474 3416 fures

1902 3462 2057 3504 erant
2086 3452 2198 3520 (75)
2242 3461 2297 3505 et
2339 3451 2572 3506 latrones
2606 3473 2619 3507 :
2655 3455 2747 3506 sed
2777 3466 2883 3506 non
2914 3454 3199 3506 audierunt
3232 3454 3345 3523 (76)
3382 3468 3474 3508 eos

1902 3559 2049 3598 Oves.
2082 3542 2224 3597 Oves
2260 3557 2394 3597 meae
2424 3540 2535 3612 (77)
2574 3558 2747 3597 meam
2782 3558 2970 3598 vocem
3011 3544 3253 3608 audiunt,
3285 3554 3341 3599 et
3383 3561 3474 3600 co.

1904 3643 2169 3704 gnoscunt
2199 3649 2383 3688 vocem
2432 3650 2628 3700 meam,
2661 3644 2716 3688 et
2758 3644 3054 3704 sequuntur
3088 3650 3194 3689 me.
3231 3654 3249 3686 ι
3288 3636 3365 3688 De
3416 3650 3475 3689 se

1906 3727 2020 3795 ipso
2060 3736 2239 3779 autem
2288 3726 2411 3781 ait:
2453 3744 2471 3777 ι
2516 3726 2625 3795 Ego
2662 3740 2693 3780 a
2752 3742 2838 3780 me
2898 3727 3013 3795 ipso
3058 3726 3170 3795 (78)
3230 3741 3335 3779 non
3398 3726 3474 3779 lo-

1904 3837 2084 3890 quor:
2126 3840 2146 3873 ι
2199 3835 2393 3889 nempe
2448 3839 2462 3875 :
2519 3821 2662 3875 sicut
2712 3821 2783 3875 illi
2842 3820 3132 3875 faciebant.
3182 3821 3315 3877 Cum
3348 3836 3475 3875 vero

1904 3916 2081 3981 etiam,
2111 3913 2291 3967 futura
2325 3914 2608 3982 praesciret
2656 3923 2714 3966 ut
2748 3914 2903 3978 Deus,
2954 3923 3003 3966 et
3050 3922 3186 3981 ,post
3229 3928 3381 3966 suam
3420 3914 3473 3967 in

1904 4004 2099 4057 caelum
2138 4003 2535 4067 ascensionem,
2568 4002 2849 4071 sanctique
2898 4001 3132 4070 Spiritus
3183 4004 3472 4057 adventum

1907 4110 2096 4149 rursus
2128 4096 2244 4149 fore
2278 4095 2482 4148 nugset
2512 4094 2847 4157 seductores,
2900 4105 2957 4147 ut
2988 4094 3193 4159 Simon,
3238 4103 3294 4147 ut
3333 4092 3470 4147 Mon-

1910 4196 2090 4253 tanus,
2122 4196 2178 4241 ut
2209 4186 2536 4241 Manichacus
2592 4186 2828 4252 luerunt,
2869 4201 2967 4240 nos
3013 4185 3354 4255 praemunivit
3400 4185 3473 4239 iu-

287 4299 399 4367 (62)
438 4300 706 4363 Obsecro,
734 4299 973 4353 Domine.
998 4298 1073 4352 Ex
1097 4298 1301 4351 duobus
1334 4296 1628 4362 Scriptura:
1658 4296 1792 4352 locis
1828 4304 1873 4360 ο
1899 4301 2026 4353 dicit
2057 4300 2312 4355 Dominus
2356 4315 2519 4368 super
2562 4301 2849 4368 prophetas
2893 4299 2983 4368 qui
3011 4299 3270 4353 seducunt
3300 4313 3473 4366 p0pu-

223 4383 377 4423 unum
402 4371 561 4424 facit.
590 4370 802 4423 Primus
826 4371 971 4423 locus
999 4379 1172 4422 exstat
1193 4369 1362 4421 Exod.
1390 4383 1463 4429 Iv,
1491 4368 1572 4430 15,
1609 4368 1696 4421 tibi
1729 4369 1797 4421 le-

224 4440 355 4503 gitur
374 4440 647 4511 ερέομαι,
666 4438 856 4510 Κύριε,
877 4438 1219 4511 προχείρισαι
1235 4438 1389 4511 ἄλλον
1407 4437 1722 4511 δυνάμενον,
1745 4438 1793 4491 id

224 4517 317 4573 est,
338 4527 357 4560 ι
386 4507 664 4571 Obsecro,
688 4507 931 4573 Domine,
950 4507 1086 4577 elige
1101 4507 1261 4561 alium
1278 4509 1368 4576 qui
1392 4507 1574 4575 possit.
1603 4526 1621 4558 ι
1644 4509 1794 4560 Alter

222 4592 341 4630 vero
363 4591 553 4634 exstat
584 4581 641 4633 in
669 4579 913 4633 Nnmeris
942 4595 1061 4643 cap.
1091 4594 1141 4630 χι
1174 4594 1313 4632 vers.
1340 4579 1404 4631 14
1431 4595 1443 4629 :
1476 4578 1549 4630 Ού
1572 4577 1795 4647 δυνήσο-

226 4663 317 4714 μαι
339 4649 453 4718 ἐγὼ
494 4651 666 4721 μόνος
703 4650 889 4721 φέρειν
914 4649 1002 4721 τὸν
1030 4648 1155 4700 λαὸν
1180 4647 1386 4721 τοῦτον,
1432 4648 1482 4699 id
1512 4659 1595 4702 est
1638 4666 1656 4697 ι
1685 4662 1790 4701 ιιοιι

226 4667 317 4714 μαι
339 4667 453 4718 εγω
494 4667 666 4721 μονος
703 4667 889 4772 φειρειν
914 4667 1002 4702 τον
1031 4667 1155 4700 Ααον
1180 4667 1386 4713 τουτον,
1432 4667 1436 4699 l

220 4727 399 4789 potero
433 4736 542 4789 ego
579 4720 728 4774 solus
784 4734 905 4789 crre
933 4720 1073 4772 hunc
1110 4720 1381 4789 populum.
1420 4736 1436 4789 ι

310 4791 396 4859 63)
439 4785 654 4844 A'aron.
695 4789 833 4858 Lege
866 4788 1209 4859 Numeraxtt,
1243 4790 1292 4851 1,
1323 4788 1375 4851 9,
1415 4785 1496 4838 10.

308 4855 396 4925 64)
439 4855 888 4928 Βερνειιεηάὶῖιιν.
920 4857 1040 4928 Lib.
1070 4857 1109 4910 ll
1141 4857 1270 4928 Reg.
1308 4871 1453 4921 xxtv,
1491 4855 1573 4909 1‘2.

285 4928 395 4994 (65)
434 4926 667 4983 Iunior.
708 4929 903 4984 Jerem.
942 4944 981 4989 ι,
1015 4926 1068 4990 6,
1106 4929 1156 4982 7.

284 5000 397 5067 (66)
443 5000 517 5052 Et
575 5015 684 5052 non
725 5015 933 5067 possunt
970 5000 1295 5065 prophetare.
1348 4996 1572 5050 Sensum
1597 4995 1790 5067 (citat;

222 5065 339 5121 nam
369 5070 552 5123 Biblia
595 5072 676 5121 sic
706 5065 903 5123 habent
930 5087 941 5120 :
990 5068 1119 5121 Ἰδοὺ
1154 5068 1254 5120 οὐκ
1275 5067 1572 5137 ἐπίσταμαι
1596 5065 1794 5129 λαλεῖν,

220 5138 267 5190 id
301 5149 400 5201 est,
442 5159 462 5191 ι
506 5140 658 5193 Ecce
686 5140 866 5191 nescio
902 5140 1066 5205 loqui.
1105 5157 1125 5189 ι

283 5208 393 5279 (67)
430 5208 632 5277 Fugit.
666 5207 829 5279 Joan.
859 5225 896 5271 ι,
927 5208 981 5263 5.

288 5277 399 5351 (68)
452 5279 569 5351 Sed
602 5295 763 5351 cum_.
800 5278 996 5351 Galat._
1018 5292 1079 5351 ιι,
1110 5277 1197 5351 1ι1.

285 5344 398 5419 (69)
438 5350 667 5419 ϐερΙιᾳξ.
698 5347 881 5402 Graeca
915 5348 1122 5419 editio:
1160 5347 1384 5419 Πέτρῳ,
1422 5346 1473 5399 id
1523 5355 1613 5419 est
1640 5364 1659 5397 ι
1699 5344 1800 5399 Pe-

222 5426 317 5471 tro.
350 5417 388 5471 ι’
424 5420 540 5473 Sed
600 5418 861 5486 Vulgatus
915 5418 1180 5484 interpres
1232 5417 1359 5485 legit
1410 5425 1467 5467 ut
1524 5417 1798 5485 Didymus,

218 5489 369 5553 cujus
399 5489 709 5543 lectionem
742 5489 960 5542 exhibet
989 5488 1146 5541 etiam
1177 5490 1344 5539 codex
1382 5486 1795 5539 Alexandrinus.

286 5560 400 5628 (70)
452 5559 615 5613 Vivo.
651 5556 875 5628 Sensum
902 5559 1053 5628 citat,
1081 5572 1143 5608 ac
1173 5559 1398 5628 duorum
1426 5559 1800 5623 prophetat-unt

221 5624 335 5683 loca
370 5624 525 5683 inter
568 5642 637 5682 se
669 5626 965 5680 confundit.
1010 5625 1207 5690 Nempe
1237 5628 1287 5678 in
1318 5624 1535 5679 Michaaa
1565 5642 1683 5695 cap.
1718 5639 1800 5685 ιιι,

221 5710 360 5755 vers.
395 5700 451 5760 5.
486 5698 701 5767 legitur
733 5715 744 5750 :
779 5696 918 5749 Τάδε
946 5696 1092 5767 λέγει
1118 5695 1321 5767 Κύριος
1371 5697 1465 5750 ἐπὶ
1493 5696 1616 5758 τοὺς
1674 5710 1805 5767 προ·

229 5770 397 5839 οήτας
431 5762 576 5835 τοὺς
625 5765 938 5829 πλανῶντας
967 5762 1056 5821 τδν
1083 5762 1222 5820 λαόν
1240 5784 1363 5837 μου,
1396 5768 1445 5821 id
1474 5776 1576 5831 est,
1625 5784 1643 5817 ι
1682 5762 1804 5818 Haec

1904 4370 2010 4422 lunt
2050 4387 2246 4423 meum.
2284 4389 2304 4423 ι
2338 4368 2394 4422 In
2434 4372 2710 4423 Ezechiele
2739 4381 2918 4423 autem
2946 4384 3066 4437 cap.
3099 4384 3219 4433 xm,
3249 4384 3370 4421 vers
3399 4368 3469 4421 6:

1916 4438 2057 4507 Ἐγὼ
2088 4441 2186 4493 οὐκ
2211 4440 2528 4493 ἀπέσταλκα
2559 4440 2773 4503 αύτούς.
2823 4442 2871 4492 id
2905 4450 2984 4492 est
3015 4458 3033 4489 ι
3074 4454 3172 4508 ego
3210 4454 3314 4491 non
3348 4439 3471 4508 misi

1903 4509 2039 4563 illos.
2076 4530 2093 4559 ι
2128 4511 2189 4562 Et
2236 4526 2377 4579 vers.
2420 4511 2661 4576 sequenti
2695 4528 2708 4563 :
2758 4510 2865 4562 Καὶ
2895 4507 3151 4575 ἐλέγετε,
3179 4508 3320 4579 Φησὶ
3353 4507 3471 4559 Κύ-

1902 4596 2031 4649 ριος·
2064 4581 2173 4633 Καὶ
2212 4577 2323 4647 ἐγὼ
2338 4582 2437 4632 οὐκ
2483 4580 2742 4649 ἐλάλησα,
2780 4581 2829 4631 id
2860 4592 2979 4632 est:
3015 4597 3033 4629 ι
3073 4578 3136 4632 ΕΙ.
3164 4577 3423 4633 dicebatis
3454 4594 3470 4634 :

1893 4652 1982 4703 Ait
2020 4650 2276 4703 Dominus
2305 4666 2319 4703 :
2349 4662 2403 4703 et
2439 4668 2540 4706 ego
2575 4652 2786 4702 locutus
2818 4664 2922 4700 non
2960 4647 3056 4701 fni.
3095 4667 3113 4699 ι

1967 4668 1982 4700 ι
2020 4668 2276 4703 uomtnus
2305 4668 2319 4703 :
2349 4668 2403 4703 et
2439 4668 2540 4719 ego
2575 4668 2786 4702 locuws
2818 4668 2922 4700 lum
2960 4668 3056 4701 ιιιι.
3095 4668 3113 4699 ι

1967 4719 2078 4787 (71)
2104 4721 2166 4773 In
2210 4720 2507 4787 festivitate.
2553 4719 2707 4773 Joan.
2756 4733 2853 4784 vu,
2882 4718 2968 4782 11,
2999 4717 3084 4774 12.
3106 4717 3315 4773 Citatur
3342 4732 3470 4772 sen—

1894 4804 1987 4843 sus
2017 4791 2213 4857 potius,
2247 4803 2407 4857 quam
2434 4792 2618 4844 verba.

1968 4854 2091 4930 (Ἡ)
2113 4854 2340 4920 Scimus,
2368 4858 2605 4930 Domine.
2639 4856 2827 4930 Matth.
2855 4872 3028 4930 xxv",
3055 4857 3142 4930 65.
3172 4854 3295 4920 Pro,
3331 4856 3473 4910 οῖδα-

1900 4927 2026 5010 μενη
2053 4927 2238 4982 Graeca
2266 4928 2432 4983 editio
2456 4930 2617 4984 habet
2646 4947 2659 4982 :
2689 4927 3067 4998 ἐμνήσθημεν,
3098 4929 3148 4981 id
3175 4937 3277 4991 cst,
3312 4945 3330 4978 ι
3363 4943 3472 4980 tue-

1900 5015 2191 5141 ω’ἰῗὲἶῗῧὶ
2218 5017 2353 5123 illis.
2402 5068 2650 5141 Clemens
2681 5082 2895 5141 quoque
2920 5066 3004 5141 »i_n_
3033 5066 3208 5141 primo
3247 5066 3472 5141 _Strom.,

1900 5154 2018 5207 pag.
2046 5138 2172 5203 568,
2204 5141 2268 5193 de
2293 5138 2765 5208 pseudoprophetis
2788 5137 3033 5206 intelligit
3056 5138 3263 5192 Domini
3290 5142 3471 5204 verba,

1904 5225 2023 5277 qua:
2067 5211 2265 5278 allegat
2308 5210 2580 5278 Didymus.

1970 5278 2079 5348 (74)
2125 5276 2452 5348 Quicunque.
2492 5276 2649 5330 Joan.
2688 5293 2743 5340 ιι,
2779 5276 2831 5329 8.

1972 5344 2083 5419 (75)
2131 5349 2322 5402 Erant.
2354 5347 2538 5419 Gra:_ca
2571 5349 2755 5410 editio,
2790 5344 2917 5410 εἰσί,
2946 5345 2995 5398 id
3031 5355 3125 5419 est
3150 5365 3169 5397 ι
3199 5356 3342 5401 sunt.
3380 5365 3399 5397 ι

1972 5416 2084 5489 (76)
2125 5420 2434 5472 Audierant.
2471 5417 2636 5470 Biblia
2670 5419 2856 5471 eodem
2886 5432 3068 5480 sensu,
3100 5416 3338 5486 ἥκουσαν
3376 5432 3474 5485 pro

1900 5488 2255 5630 vii/iiii)”.
2283 5576 2428 5613 mete.
2465 5556 2617 5613 Joan.
2650 5572 2707 5621 ι,
2742 5554 2831 5611 27.
2868 5556 3074 5611 Sensus
3106 5564 3283 5611 tamen
3312 5552 3472 5608 affer-

1912 5637 2021 5691 tur,
2061 5645 2162 5683 non
2188 5630 2372 5684 verba.

1974 5699 2087 5769 (78)
2137 5698 2247 5767 Ego
2294 5718 2324 5753 α
2363 5715 2440 5753 me
2478 5699 2609 5769 ipso.
2658 5697 2814 5753 Joan.
2857 5712 2967 5765 xw,
3002 5694 3090 5751 10.
