4060 6406
567 319 669 378 89!
1800 324 2038 382 DIDYMI
2075 326 2550 384 ALEXANDRINI
3670 335 3751 394 892

571 439 790 507 quiens:
811 457 830 493 ι
853 439 986 497 Cum
1005 449 1183 497 autem
1201 440 1311 514 (79)
1325 441 1532 499 venerit
1550 440 1884 504 Paracletus.
1911 440 2144 511 Spiritus

2264 442 2475 514 Πνεῦμα
2512 443 2613 515 τῆς
2650 441 2943 513 ἀληθείας,
2984 441 3206 516 δίπαρᾶ
3251 442 3348 498 τοῦ
3393 443 3586 516 Πατρός
3629 450 3757 503 ἔκπο-

574 533 838 600 veritatis,
875 535 967 604 qui
1001 550 1031 590 a
1062 535 1240 594 fPatre
1279 539 1541 606 procedit,
1579 537 1669 592 ille
1729 538 1879 591 vobis
1933 537 1985 591 in
2037 553 2142 590 me-

2264 535 2480 598 ›εύεται,
2505 536 2712 598 ἐκεῖνος
2733 535 2878 606 ὑμᾶς
2899 536 3203 608 ἀναμνήσει
3227 536 3295 590 τὰ
3323 537 3530 608 ῥήματά
3555 556 3660 608 μου,
3679 543 3756 597 καὶ

575 625 801 679 moriam
846 629 1125 682 revocabit
1157 630 1320 682 verba
1361 645 1504 694 utea,
1542 637 1596 683 et
1651 628 1876 684 deducet
1928 645 2024 684 vos
2074 629 2140 682 ad

573 731 788 771 omnem
824 719 1105 774 veritatem
1135 743 1148 776 :
1184 737 1213 774 a
1244 721 1533 790 semetipso
1562 736 1665 775 non
1725 720 1992 789 loquetur.
2027 739 2046 773 ι
2088 721 2140 776 ld

574 819 703 862 est:
746 810 972 879 Spiritui
1024 823 1212 866 sancto
1255 814 1410 867 [idem
1452 827 1518 866 ne
1571 812 1864 882 denegetis,
1915 813 2002 880 qui
2058 827 2144 866 ea-

579 903 698 954 dem
736 901 885 967 dirit,
941 913 992 957 et
1027 904 1185 957 docet
1229 919 1347 972 quae
1379 918 1478 974 ego
1515 921 1529 957 :
1570 919 1669 957 nec
1710 904 1852 956 enim
1890 913 1973 958 est
2021 903 2148 958 alte-

580 996 697 1046 rius
727 994 1021 1048 voluntatis
1066 995 1200 1064 (80),
1239 1011 1338 1050 nec
1368 996 1588 1050 alterius
1618 996 1867 1050 essentite
1900 1014 1914 1052 :
1956 998 2022 1051 iis
2048 1011 2144 1050 au-

581 1093 685 1137 tem
717 1085 804 1151 qui
840 1084 1098 1152 Spiritum
1133 1096 1380 1140 sanctum
1405 1101 1465 1141 se
1488 1087 1688 1141 habere
1717 1087 1884 1151 aiunt,
1919 1088 2012 1142 sed
2041 1101 2146 1142 non

581 1172 876 1242 loquuntur
910 1189 1030 1243 qua!
1069 1190 1185 1229 mea
1237 1185 1380 1242 sunt,
1418 1186 1472 1230 et
1504 1177 1908 1246 prophetarum,
1944 1194 2009 1230 ne
2039 1192 2150 1232 cre-

580 1263 742 1316 datis.
796 1263 1148 1319 Manicltmum
1201 1281 1328 1319 vero
1360 1279 1427 1319 ne
1489 1266 1750 1330 toleretis,
1803 1269 1944 1334 quod
1986 1264 2150 1321 Vetus

586 1352 992 1409 Testamentum
1036 1372 1140 1410 non
1169 1357 1440 1422 admittat,
1467 1359 1560 1412 sed
1594 1359 1996 1413 inhumanitatis
2023 1374 2152 1412 con-

582 1445 797 1498 demnet
830 1448 1024 1500 bonum
1054 1447 1292 1512 Patrem,
1335 1449 1426 1517 qui
1463 1463 1672 1502 mecum
1710 1447 1964 1517 loquitur,
1998 1463 2062 1502 ac
2086 1463 2149 1502 ea

582 1537 735 1600 facit,
773 1553 892 1604 qua:
931 1538 1100 1606 ipsius
1139 1554 1264 1610 erga
1313 1527 1586 1594 homines
1619 1540 2002 1610 benignitatem
2053 1541 2140 1596 de-

581 1630 809 1684 clarant.
852 1631 934 1684 Ad
989 1632 1105 1685 haec
1137 1649 1151 1685 :
1189 1646 1310 1686 cum
1341 1630 1576 1686 Verbum
1625 1632 1715 1685 Dei
1769 1633 1820 1685 in
1882 1632 1996 1701 ipso
2042 1631 2152 1686 Deo

582 1722 884 1776 subsistens
913 1723 983 1776 sit
1011 1722 1199 1789 Filius,
1240 1738 1473 1792 cumque
1501 1734 1556 1777 et
1583 1723 1696 1790 ipse
1749 1723 1818 1776 sit
1868 1723 1920 1775 in
1967 1721 2148 1786 Patre,

582 1818 639 1867 et
670 1813 882 1868 Patrem
918 1813 1116 1868 habeat
1154 1815 1206 1868 in
1247 1812 1559 1881 semetipso.
1601 1814 1794 1867 merito
1823 1813 2020 1867 dicitur
2047 1829 2149 1867 non
2182 1799 2224 1853 Β

583 1900 731 1969 loqui
767 1917 796 1954 a
844 1916 904 1955 se
935 1903 1072 1969 ipso,
1108 1901 1224 1964 sed,
1265 1910 1324 1953 ut
1353 1910 1510 1955 antea
1549 1901 1806 1967 scriptum
1855 1908 1957 1959 est,
1985 1913 2045 1952 ea
2077 1897 2157 1952 lo-

585 1993 774 2060 quitur
802 2005 922 2059 quas
955 2000 1084 2046 sunt
1113 1992 1229 2057 Dei,
1256 1991 1456 2061 quippe
1485 1991 1575 2059 qui
1618 1992 1758 2045 Deus
1797 1999 1877 2044 est
1910 1988 2154 2050 ineﬂ'abi-

586 2084 654 2139 lis
690 2085 1034 2139 inet‘labiliter
1070 2085 1259 2138 videns
1290 2084 1614 2138 voluntatem
1646 2082 1810 2152 389
1836 2082 2030 2139 Patris.
2059 2082 2158 2136 At-

588 2192 696 2248 que
728 2178 779 2231 id
808 2177 982 2248 ipsum
1013 2176 1266 2231 similiter
1294 2177 1360 2230 de
1391 2175 1592 2245 Spiritu
1635 2187 1824 2230 sancto
1872 2175 2154 2228 dicendum

588 2278 692 2333 est,
724 2268 922 2339 quippe
953 2267 1045 2337 qui
1081 2277 1165 2322 est
1197 2267 1409 2322 divinus
1435 2265 1691 2336 Spiritus.
1731 2265 1834 2320 Sed
1867 2265 1968 2318 alia
1995 2265 2156 2319 etiam

589 2360 880 2428 explicatio
911 2359 1092 2413 aﬂ'erri
1146 2365 1346 2427 potest.
1400 2357 1534 2412 Cum
1565 2357 1801 2411 Verbum
1849 2354 2027 2410 Patris
2062 2356 2154 2416 ait,

597 2469 618 2503 ι
657 2451 892 2521 Spiritus
926 2450 1039 2521 (8i)
1068 2465 1098 2503 a
1126 2464 1186 2504 se
1208 2448 1325 2517 ipso
1349 2463 1453 2502 non
1497 2443 1770 2516 loquetur,
1804 2449 1898 2501 sed
1929 2448 1996 2503 de
2041 2461 2161 2502 meo

593 2544 848 2613 accipiet,
879 2560 897 2593 ι
934 2541 1095 2596 unius
1128 2540 1401 2603 essentia,
1427 2541 1696 2608 uniusque
1714 2539 2007 2594 voluntatis
2038 2539 2158 2592 vin-

577 2634 775 2689 culum
808 2633 862 2688 in
899 2632 1172 2688 Trinitate
1198 2632 1523 2686 ostenditur.
1566 2629 1701 2685 Cum
1736 2645 1866 2684 vero
1913 2631 2026 2699 ipse
2056 2645 2161 2684 non

594 2727 813 2791 dixerit,
859 2743 879 2778 ι
912 2725 1271 2794 Asemetipso
1315 2737 1421 2778 non
1462 2723 1720 2792 loquitur,
1759 2739 1778 2774 ι
1827 2722 1944 2786 sed,
1983 2741 2002 2772 ι
2057 2737 2162 2776 non

595 2817 867 2889 quuctur,
893 2833 912 2868 ι
973 2823 1218 2884 apparet,
1247 2813 1411 2866 verba
1457 2811 1568 2877 illa,
1626 2829 1645 2863 ι
1685 2826 1791 2865 non
1835 2810 2104 2880 loquetur,
2140 2828 2159 2862 ι

595 2908 663 2961 ad
697 2914 905 2960 certum
936 2905 1205 2974 quoddam
1268 2910 1480 2970 tempus
1523 2915 1586 2955 ac
1629 2915 1741 2955 rem
1777 2915 1896 2956 esse
1925 2899 2166 2954 referen-

600 2999 688 3052 da.
724 2993 1168 3062 Quandoquidem
1219 2991 1537 3046 detrectanti
1578 2991 1768 3063 Moysi,
1808 3001 1865 3045 ut
1907 3000 2062 3044 antea
2089 2991 2171 3045 di-

599 3097 744 3141 ctum
779 3094 882 3150 est,
916 3084 994 3137 ait
1041 3082 1183 3136 Deus
1215 3100 1230 3137 :
1269 3101 1289 3134 ι
1328 3083 1474 3151 Elige
1531 3082 1643 3152 (82)
1699 3083 2034 3152 septuaginta
2079 3097 2168 3137 se-

600 3177 810 3242 niores,
842 3184 897 3230 et
936 3175 1201 3244 accipiam
1258 3175 1324 3230 de
1359 3173 1586 3243 Spiritu,
1629 3174 1720 3243 qui
1767 3184 1850 3228 est
1904 3175 1956 3228 in
1992 3183 2063 3239 te,
2111 3185 2165 3229 et
2193 3155 2236 3216 (ἶ

601 3267 741 3322 dabo
771 3280 934 3336 super
964 3266 1104 3321 illos.
1146 3285 1166 3319 ι
1213 3264 1469 3319 Attamen
1508 3281 1613 3318 non
1682 3275 1930 3334 tanquam
1963 3267 2172 3337 indigus

603 3361 812 3429 accepit
833 3358 975 3414 Deus
1003 3360 1066 3413 de
1095 3357 1322 3427 Spiritu,
1351 3357 1440 3426 qui
1477 3366 1598 3410 erat
1635 3357 1686 3410 itt
1723 3357 1924 3428 Moyse.
1974 3357 2173 3427 Uuige-

603 3451 774 3505 nilum
804 3465 989 3520 porro,
1019 3465 1084 3504 ac
1115 3450 1380 3519 Spiritum
1432 3447 1551 3512 Dei,
1584 3457 1838 3518 tanquam
1889 3463 2032 3514 eum,
2079 3448 2171 3517 qui

607 3541 824 3611 propria
859 3540 1185 3595 auctoritate
1210 3540 1466 3609 praeditus
1501 3539 1591 3605 sit,
1625 3550 1680 3593 et
1711 3548 1961 3608 tanquam
1997 3537 2174 3592 Domi-

571 3645 756 3695 ~nttm,
782 3629 994 3698 operari
1034 3638 1090 3684 et
1118 3628 1290 3698 loqui,
1339 3627 1465 3681 alibi
1519 3643 1710 3682 rursus
1751 3638 1980 3682 testatur
2022 3627 2172 3683 Scri-

606 3731 764 3790 ptura
799 3720 850 3773 in
882 3720 1026 3774 hunc
1079 3721 1294 3774 modum
1327 3736 1341 3772 :
1397 3718 1477 3772 De
1520 3717 1654 3773 Filio
1694 3719 1933 3787 quidem,
1990 3735 2174 3773 exem-

607 3811 680 3882 pli
716 3811 914 3881 gratia,
948 3813 1026 3865 ait
1058 3810 1224 3865 David
1259 3829 1273 3863 :
1315 3829 1334 3862 ι
1374 3811 1512 3866 Deus
1571 3819 1753 3865 noster
1786 3812 1898 3880 (85)
1939 3811 1990 3865 in
2038 3811 2176 3865 cado

605 3914 663 3959 et
693 3904 744 3958 in
777 3913 920 3958 terra
955 3903 1134 3958 omnia
1168 3919 1507 3975 quascunque
1550 3904 1740 3967 voluit,
1773 3904 1921 3958 fecit.
1959 3922 1978 3954 ι
2013 3903 2176 3958 Isaias

606 4009 782 4050 vero:
818 4014 838 4046 ι
893 3994 1072 4049 Fortis
1125 3994 1273 4065 (84),
1328 3995 1660 4049 Dominator.
1715 4011 1735 4045 ι
1789 3993 1869 4046 Ac
1916 4003 2176 4063 praeterea

607 4089 826 4156 pr0pria
922 4096 1189 4156 potestate
1265 4086 1504 4140 divinam
1577 4087 1828 4140 virtutem
1916 4085 2178 4152 Operaba-

613 4188 698 4230 tur
723 4177 855 4247 (85),
889 4188 945 4231 et
974 4177 1228 4231 miracula
1263 4177 1591 4247 perﬁciebat,
1624 4186 1682 4231 ut
1727 4187 1884 4231 antea
1936 4175 2050 4246 (86)
2099 4175 2180 4229 di-

2243 625 2495 695 ὁδηγήσει
2517 625 2661 696 ύμᾶς
2687 623 2824 696 πρὸς
2850 626 3028 678 πᾶσαν
3051 625 3149 696 τὴν
3177 624 3434 697 ἀλήθειαν
3453 644 3465 656 ·
3491 626 3575 696 ἀφ’
3596 627 3757 685 ἑαυτοῦ

2243 717 2304 770 οὐ
2347 716 2605 787 λαλήσει·
2660 735 2679 768 ι
2727 716 2849 769 ἀντὶ
2899 714 3029 781 τοῦ,
3077 716 3168 787 Τῷ
3221 716 3361 787 ἁγίῳ
3405 717 3654 788 Πνεύματι
3699 720 3759 794 μὴ

2245 809 2606 878 ἀπιστήσητε,
2646 807 2716 860 τὰ
2753 807 2893 861 αὐτὰ
2934 807 3144 876 λέγοντι
3177 807 3272 861 καὶ
3317 807 3620 873 διδάσκοντι,
3644 809 3761 882 ειπερ

2247 899 2396 967 ἐγώ·
2425 899 2500 952 Ού
2546 899 2655 970 γὰρ
2705 897 3078 967 ὲτερόόουλον,
3127 898 3236 952 οὐδ’
3288 900 3632 971 ὲτεροούσιοψ
3671 905 3764 966 τοῖς

2245 989 2303 1042 δὲ
2347 987 2570 1061 Πνεῦμα
2619 991 2774 1058 ἅγιον
2820 989 3072 1057 λέγουσιν
3127 989 3295 1060 ἔχειν,
3347 992 3437 1043 καὶ
3473 992 3542 1062 μὴ
3579 991 3765 1066 [1851)]

2246 1079 2470 1133 λαλοῦσι
2528 1079 2599 1133 τὰ
2638 1080 2749 1151 ἐμὰ
2822 1082 2915 1134 καὶ
2959 1081 3029 1134 τὰ
3072 1080 3181 1135 τῶν
3234 1082 3540 1153 προφητῶν,
3590 1083 3656 1154 μὴ
3695 1101 3767 1136 πι-

2251 1173 2542 1243 στεύσητε·
2593 1175 2666 1246 μή
2727 1191 2786 1226 τε
2835 1175 2942 1245 μὴν
2999 1174 3312 1245 ἀνάσχησθε
3363 1175 3667 1245 Μανιχαίου,
3708 1178 3770 1247 μὴ

2251 1265 2610 1336 προσιεμένου
2647 1266 2746 1336 τὴν
2772 1266 3014 1321 Παλαιὰν
3042 1267 3342 1337 Διαθήκην,
3367 1266 3476 1320 ἀλλ’
3518 1266 3771 1339 ἀπανθρω-

2250 1354 2380 1406 πίαν
2409 1355 2926 1426 καταψηφιζομένου
2960 1356 3054 1410 τοῦ
3093 1356 3299 1426 ἀγαθοῦ
3329 1357 3555 1427 Πατρὸς,
3583 1357 3667 1410 τοῦ
3694 1358 3772 1410 σὺν

2251 1446 2377 1515 ἐμοὶ
2403 1445 2690 1509 λαλοῦντος
2729 1446 2824 1498 καὶ
2859 1447 3142 1512 ποιοῦντος
3164 1448 3234 1502 τὰ
3265 1447 3628 1520 φιλάνθρωπα.
3655 1447 3774 1519 Πρὸς

2251 1536 2480 1600 τούτοις,
2529 1537 2699 1606 Λόγος
2743 1536 2949 1591 ὣντοῦ
2995 1539 3131 1592 Θεοῦ
3186 1541 3542 1603 ὲνυπόστατος
3587 1541 3613 1592 ὁ
3650 1539 3773 1603 Υἱὸς,

2252 1629 2348 1681 καὶ
2368 1628 2442 1681 ὢν
2466 1630 2523 1682 ὲν
2553 1628 2630 1699 τῷ
2659 1629 2852 1700 Πατρὶ,
2885 1630 2980 1683 καὶ
3003 1629 3094 1682 τὸν
3124 1630 3345 1702 Πατέρα
3376 1630 3510 1701 ἔχων
3533 1632 3586 1684 ὲν
3607 1629 3775 1700 ἐαυτῷ,

2253 1719 2479 1784 εἰκότως
2512 1721 2603 1790 ἀφ’
2643 1720 2837 1774 ἑαυτοῦ
2877 1721 2938 1773 ού
2978 1721 3168 1775 λαλείο
3219 1721 3358 1787 ἀλλ’,
3390 1723 3466 1787 ὡς
3506 1724 3779 1794 προγέγρα-

2255 1829 2406 1878 πται,
2439 1810 2506 1865 τὰ
2539 1811 2633 1864 τοῦ
2661 1811 2796 1865 Θεοῦ
2823 1812 2994 1876 λαλεῖ,
3035 1815 3129 1868 ἆτε
3165 1813 3230 1884 δὴ
3268 1814 3402 1878 Θεὸς
3438 1815 3660 1885 ἄρῤητος
3683 1813 3782 1884 βλέ-

2256 1914 2373 1950 πων
2437 1900 2516 1961 ei;
2583 1899 2644 1952 τὸ
2697 1899 2910 1971 θέλημα
2954 1900 3050 1954 τοῦ
3104 1902 3345 1974 Πατρόςο
3405 1903 3498 1956 καὶ
3555 1903 3613 1956 τὸ
3655 1904 3783 1968 ἅγιον

2257 1987 2481 2058 Πνεῦμα
2532 1989 2766 2060 ὁμοίως,
2815 1991 2910 2044 ἅτε
2956 1991 3098 2046 θεῖον
3145 1993 3393 2065 Πνεῦμα.
3435 1985 3661 2067 Νοητέον
3705 1996 3786 2048 καὶ

2256 2075 2432 2140 ἄλλως
2453 2093 2470 2110 ·
2518 2077 2624 2130 Τοῦ
2664 2080 2838 2148 Λόγου
2897 2080 2990 2134 τοῦ
3047 2083 3262 2153 Πατρδς
3313 2085 3642 2154 φάσκοντος*
3677 2103 3693 2136 ι
3728 2085 3787 2137 Τὸ

2258 2165 2483 2236 Πνεῦμα
2526 2167 2618 2236 ἀφ’
2665 2169 2858 2222 ἑαυτοῦ
2892 2171 2952 2223 ού
3005 2171 3250 2243 λαλήσει,
3297 2173 3412 2227 ἀλλ’
3459 2176 3522 2227 ὲκ
3551 2173 3636 2228 τοῦ
3677 2173 3789 2244 ἐμοῦ

2258 2257 2489 2328 λήψεται
2513 2276 2526 2290 ⁸
2575 2279 2593 2311 ι
2628 2262 2819 2330 ὁρᾶται
2853 2264 2882 2315 ὁ
2914 2264 3209 2336 σύνδεσμος
3240 2266 3340 2337 τῆς
3373 2266 3579 2332 οὐσίας,
3605 2267 3689 2320 καὶ
3713 2264 3789 2319 τοῦ

2260 2349 2378 2412 ἐνὸς
2405 2349 2709 2422 θελήματος
2731 2353 2830 2423 τῆς
2858 2355 3106 2426 Τριάδος.
3144 2357 3257 2411 Οὐκ
3284 2358 3530 2424 εἰπόντος
3553 2360 3606 2413 δὲ
3632 2356 3791 2421 αὐτοῦ,

2273 2439 2388 2507 Ἀφ’
2429 2440 2622 2494 ἑαυτοῦ
2650 2444 2710 2495 ού
2745 2442 2911 2506 λαλεῖ,
2942 2445 3078 2511 ἀλλ’,
3117 2464 3136 2498 ι
3177 2447 3237 2500 ού
3273 2447 3520 2520 λαλήσει,
3557 2469 3575 2502 ›
3612 2447 3794 2501 δείκνυ·

2259 2548 2370 2598 ται,
2418 2532 2494 2596 ὡς
2531 2534 2623 2588 ὲπί
2658 2552 2763 2589 τινι
2809 2537 2988 2608 καιρῷ
3026 2539 3123 2592 κα)⁸
3180 2539 3471 2612 πράγματι
3506 2539 3690 2610 ἐλέχθη
3725 2538 3796 2603 τὸ,

2269 2642 2287 2675 t
2318 2625 2376 2677 οὐ
2408 2623 2651 2697 λαλήσει.
2683 2645 2703 2678 ι
2749 2628 2983 2682 Ἐπείτοι
3013 2630 3089 2700 τῷ
3118 2631 3365 2696 Μωῦσεῖ,
3388 2633 3466 2697 ὡς
3487 2633 3794 2705 προείρηται,

2264 2717 2682 2789 παραιτουμένῳ
2723 2717 2872 2787 λέγει
2905 2723 2932 2773 ὁ
2980 2721 3144 2784 Θεός⁹
3200 2743 3218 2776 t
3271 2725 3549 2792 Ἐπίλεξαι
3600 2721 3797 2793 ἑϐδομή-

2264 2824 2427 2860 κοντα
2456 2806 2881 2880 πρεσϐυτέρους,
2918 2811 3013 2864 καὶ
3043 2812 3286 2886 λήψομαι
3327 2816 3437 2869 ἀπὸ
3460 2814 3553 2869 τοῦ
3586 2812 3800 2883 Πνεῦμα·

2264 2916 2354 2961 τος
2396 2899 2583 2978 τοῦὲν
2613 2901 2715 2966 σοι,
2755 2903 2850 2955 καὶ
2879 2903 3035 2957 δώσω
3079 2907 3167 2958 ἐπ’
3215 2907 3448 2972 αὐτούς’
3488 2926 3507 2958 ι
3557 2907 3645 2960 καὶ
3677 2905 3798 2976 ὅμως

2265 2990 2364 3060 ούχ
2409 2990 2485 3054 ὡς
2513 2990 2699 3062 ἐνδεὴς
2747 2992 3052 3063 ἐλάμϐανεν
3088 2996 3196 3049 ἀπὸ
3241 2997 3336 3051 τοῦ
3387 2996 3693 3067 Πνεύματος
3724 2991 3799 3046 τοῦ

2267 3082 2420 3145 ῦντος
2454 3083 2511 3136 ὲν
2541 3081 2618 3153 τῷ
2644 3085 2885 3140 Μωῦσεῖ.
2922 3086 3093 3140 Πάλιν
3123 3087 3253 3156 γοῦν
3280 3088 3473 3142 ἄλλοτε
3502 3087 3802 3152 ὲξουσιαστι-

2267 3174 2378 3237 κῶς
2398 3176 2490 3227 καὶ
2506 3174 2837 3240 δεσποτικῶς
2862 3180 3035 3231 ποιεῖν
3063 3181 3157 3232 καὶ
3185 3180 3524 3250 φθέγγεσθαι
3549 3180 3636 3233 τδν
3661 3179 3804 3232 Μονο-

2267 3266 2402 3336 γενῆ
2442 3266 2538 3320 καὶ
2579 3267 2640 3320 τὸ
2676 3268 2902 3338 Πνεῦμα
2935 3269 3027 3322 τοῦ
3075 3269 3210 3323 Θεοῦ
3259 3272 3596 3344 μαρτυρεῖή
3645 3265 3804 3339 Γραφὴ

2267 3357 2499 3410 οὑτωσίο
2536 3358 2664 3428 περὶ
2696 3359 2793 3429 μὲν
2825 3358 2920 3412 τοῦ
2966 3360 3119 3426 Υἰοῦ,
3156 3361 3231 3425 ὡς
3270 3363 3440 3434 ἡνίκα
3473 3362 3604 3432 λέγῃ
3639 3355 3804 3412 Δαυΐδ³

2272 3465 2291 3497 ι
2342 3446 2400 3500 '0
2431 3447 2563 3510 Θεὸς
2593 3447 2752 3517 ἡμῶν
2781 3450 2839 3501 ὲν
2865 3449 2942 3520 τῷ
2973 3449 3188 3521 οὐρανῷ
3216 3452 3312 3504 καὶ
3341 3453 3401 3504 ὲν
3435 3454 3502 3522 τῇ
3535 3453 3605 3520 γῇ
3639 3447 3805 3506 πάνται

2266 3540 2366 3592 ὅσα
2401 3538 2686 3609 ἠθέλησεν,
2715 3540 3000 3612 ὲποίησενυ
3041 3562 3058 3594 ι
3103 3541 3333 3607 Ἡσαΐας
3381 3543 3474 3597 δέ’
3528 3561 3547 3594 ι
3598 3538 3810 3609 ’ἰσχυρὸς

2267 3629 2650 3703 ἐξουσιαστής·
2707 3651 2725 3684 ι
2769 3635 2863 3686 καὶ⁸
2908 3634 2984 3697 ὡς
3029 3636 3117 3688 ὅτε
3159 3635 3278 3688 κατ’
3337 3636 3588 3700 ἐξουσίαν
3632 3630 3810 3702 ἐνεργεῖ

2269 3720 2418 3790 θείαν
2438 3721 2686 3792 δύναμιν,
2715 3725 2809 3776 καὶ
2836 3724 3088 3798 θαύματα
3116 3725 3386 3790 ἐπετέλει,
3416 3727 3492 3790 ὡς
3520 3720 3810 3797 προελέχθησ

2273 3811 2401 3889 [186
2426 3812 2479 3885 a]
2527 3815 2665 3884 Περὶ
2696 3815 2752 3867 δὲ
2789 3815 2884 3868 τοῦ
2927 3817 3080 3885 ἁγίου
3126 3817 3481 3885 Πνεύματος,
3515 3817 3590 3879 t‘o;
3616 3814 3758 3884 ἡνίκα
3789 3810 3812 3860 ό

2273 3901 2478 3974 Κύριος
2521 3903 2786 3977 διδάσκῃο
2825 3922 2844 3956 t
2885 3906 2958 3958 Τὸ
3005 3906 3228 3978 Πνεῦμα
3271 3908 3412 3961 ὅπου
3444 3906 3591 3960 θέλει
3625 3898 3762 3956 πνεῖ⁶
3793 3914 3809 3950 ι

2275 3993 2486 4058 Παῦλος
2513 3994 2570 4047 δέ
2593 4011 2608 4026 ·
2654 4012 2672 4046 t
2711 3996 2896 4050 Πάντα
2935 3997 2992 4050 δὲ
3030 3999 3202 4052 ταῦτα
3237 4000 3459 4073 ὲνεργεῖ
3489 4000 3550 4052 τὸ
3581 3997 3636 4050 ἓν
3663 3994 3744 4049 καὶ
3765 3989 3816 4041 τὸ

2273 4084 2404 4137 αὐτὸ
2438 4084 2694 4156 Πνεῦμα,
2725 4085 2971 4158 διαιροῦν
3016 4089 3122 4161 ἰδίᾳ
3154 4090 3374 4160 ἑκάστῳ
3393 4130 3408 4155 ,
3452 4087 3631 4151 καθὼς
3661 4080 3814 4155 βούλε-

2274 4193 2386 4228 ται.
2429 4193 2448 4228 ι

610 4282 755 4325 ctum
806 4270 928 4326 fuit.
965 4269 1041 4325 De
1078 4269 1283 4341 Spiritu
1353 4280 1532 4325 autem
1584 4278 1796 4336 sancto,
1863 4269 2091 4339 exempli
2127 4271 2317 4339 gratia,
2362 4272 2616 4328 Donttnus
2670 4272 2784 4327 hinc
2827 4274 3028 4327 docet:
3069 4290 3088 4324 ι
3126 4271 3365 4343 Spiritus
3431 4274 3544 4348 (87)
3579 4272 3661 4328 ubi
3705 4267 3820 4331 vult.

612 4365 800 4432 spirat.
851 4380 871 4414 ι
914 4360 1110 4416 Paulus
1149 4377 1318 4417 vero:
1358 4381 1376 4414 ι
1453 4353 1579 4416 Hinc
1624 4371 1805 4416 autem
1853 4359 1964 4432 (88)
2023 4362 2202 4416 omnia
2241 4371 2498 4430 operatur
2562 4379 2699 4418 unus
2737 4372 2791 4418 et
2831 4364 2970 4418 idem
3027 4362 3261 4434 Spiritus
3305 4365 3561 4422 dividens
3599 4370 3812 4419 seorsum

613 4457 838 4527 singulis
870 4466 1028 4528 prout
1060 4454 1192 4509 vult.
1240 4470 1260 4506 ι

654 4676 803 4759 ’(79)
839 4687 968 4742 Cum
995 4697 1189 4744 autem.
1219 4683 1375 4740 Joan.
1417 4700 1509 4759 xv,
1561 4683 1652 4748 26,
1709 4699 1822 4749 xvi,
1877 4684 1966 4748 15,
1992 4692 2044 4759 et
2064 4698 2175 4748 xlv,
2210 4669 2253 4724 D
2311 4681 2463 4759 _(82)
2501 4680 2672 4751 Elige.
2707 4678 2844 4759 Num
2911 4695 2998 4742 xt,
3037 4679 3124 4743 16,
3176 4681 3262 4759 [7.
3298 4679 3559 4759 ,δεηειιιιι
3598 4673 3820 4759 duntaxat

616 4755 709 4814 ‘26.
741 4755 870 4824 Quae
903 4759 1017 4826 loca
1069 4759 1207 4812 inter
1247 4771 1304 4810 se
1343 4757 1663 4826 permiscet,
1695 4769 1910 4808 seusqu
1969 4755 2164 4826 citans.

621 4823 806 4882 Simile
836 4829 963 4897 quid
995 4825 1202 4897 facitAin
1235 4826 1326 4879 lib.
1345 4823 1432 4879 'De
1456 4824 1656 4897 Spiritu
1691 4823 2172 4897 sgncto_num._50,

621 4899 710 4952 ubi
749 4899 828 4952 sic
853 4891 988 4952 citat
1015 4915 1028 4950 :
1063 4914 1082 4948 ‹
1111 4895 1244 4950 Cum
1275 4904 1451 4948 autem
1481 4891 1686 4947 venerit
1711 4893 2020 4946 Paracletus
2059 4891 2186 4960 Spi-‘

627 4971 758 5021 ritus
789 4977 1040 5032 sanctus,
1078 4981 1234 5033 quem
1292 4965 1470 5018 mittet
1505 4962 1664 5017 Pater
1697 4963 1749 5015 in
1784 4962 2003 5033 nomine
2031 4979 2178 5028 meo,

628 5037 714 5090 ille
768 5051 861 5090 vos
911 5032 1122 5091 docebit
1169 5037 1372 5088 omnia.
1417 5052 1435 5085 ι
1485 5033 1613 5099 Quae
1661 5032 1852 5098 partim
1900 5035 2178 5098 desumpta

626 5116 752 5160 sunt
776 5121 842 5160 ex
874 5104 1029 5159 Joan.
1067 5121 1156 5173 xv,
1189 5105 1280 5172 26,
1329 5115 1422 5158 aut
1459 5119 1577 5169 xw,
1610 5103 1696 5169 15,
1734 5102 1925 5170 partim
1969 5115 2034 5154 ex
2071 5117 2180 5164 xnv,

626 5175 810 5316 26(80)
855 5241 1184 5316 _Vo_l_ttntati_s.
1227 5241 1435 5316 Eodem
1483 5241 1640 5295 modo
1689 5239 1962 5316 Evangelii
2019 5239 2182 5316 verba

631 5309 823 5382 aréipit
853 5313 907 5382 in
944 5313 1080 5366 libro
1112 5312 1186 5366 De
1217 5311 1418 5380 Spiritu
1456 5322 1634 5365 sancto
1674 5327 1823 5382 num.
1863 5311 1932 5363 54
1962 5319 2014 5363 et
2043 5309 2132 5363 56.

2275 4743 2614 4815 οἰιὶιιξιιειιι(
2631 4754 2788 4805 verba
2826 4752 2938 4804 hac
2977 4760 3143 4803 sunt:
3176 4749 3462 4818 Συναγαγέ
3499 4765 3587 4818 μοι
3621 4743 3816 4815 ὲὸδομής

2279 4839 2442 4892 κοντα
2468 4821 2684 4892 ἄνδρας.
2717 4863 2730 4875 .
2753 4861 2780 4892 Α.
2823 4821 2915 4872 καὶ
2945 4819 3128 4892 ἀφελῷ
3157 4819 3265 4892 ἀπὸ
3289 4819 3388 4892 τοῦ
3423 4818 3723 4888 Πνεύματος
3745 4823 3816 4892 “‘0'?

2278 4891 2371 4962 ἐπὶ
2405 4893 2510 4954 σοὶ,
2547 4889 2894 4962 καὶὲπιθήσω
2931 4891 3016 4962 ὲπῘ
3051 4889 3266 4962 αὐτούς,
3287 4890 3490 4962 idest,
3533 4905 3550 4938 ι
3590 4890 3820 4962 eottgl‘t‘g?

2281 4961 2410 5014 milii
2438 4976 2544 5014 Lxx
2588 4957 2810 5014 viros...
2833 4970 2884 5012 et
2917 4960 3156 5013 auferam
3185 4961 3249 5013 de
3281 4958 3493 5029 Spiritu
3515 4999 3533 5026 ,
3567 4957 3652 5026 qui
3685 4959 3819 5006 estIn

2281 5039 2357 5095 te,
2381 5043 2428 5082 et
2467 5033 2736 5099 imponam
2776 5045 2938 5099 super
2975 5031 3136 5096 ipsos.
3172 5048 3189 5079 ι

2353 5086 2463 5170 (83)
2501 5086 2635 5152 οὶιιε
2663 5086 2858 5170 noster.
2876 5086 3021 5170 Psal'.
3043 5114 3195 5170 csttt,
3227 5113 3372 5153 vcrs.
3391 5098 3470 5170 plpl
3498 5092 3670 5167 (apud
3695 5086 3818 5155 γυιε·

2280 5168 2681 5239 νειιςιιροετε.
2711 5169 2765 5239 ἶ)ἒ
2795 5168 2924 5222 Vide
2952 5177 3061 5239 not.
3095 5168 3185 5232 79,
3221 5183 3342 5238 pag.
3379 5169 3474 5222 11.

2380 5238 2469 5308 δι)
2506 5237 2704 5308 Hortis.
2750 5238 2852 5293 lsa.
2889 5253 2965 5298 Ix.
3000 5237 3054 5293 6.
3188 5237 3233 5308 ς
3366 5307 3373 5308 ί
3472 5303 3604 5308 _,_--

2385 5293 2475 5376 85')
2526 5307 2784 5362 Virtutem
2817 5293 3149 5374 operabatur.
3186 5305 3417 5361 Locutio
3468 5303 3687 5376 Biblica.
3722 5293 3826 5347 Vide

705 5375 815 5456 (81)
852 5380 1121 5456 __Spir_i_tus.
1176 5375 1274 5456 Hie
1311 5397 1525 5456 quoque
1566 5383 1699 5456 duos
1744 5381 2190 5456 iutcr_se_textus
2289 5375 2425 5456 psal.
2455 5375 2632 5442 vau,
2668 5393 2809 5432 vers.
2848 5378 2951 5444 l6;
2999 5377 3163 5432 Marc.
3207 5393 3294 5440 Ix,
3333 5376 3448 5445 59;
3485 5375 3666 5429 Matth.
3719 5376 3826 5422 xui.

634 5448 931 5507 confundit.
982 5451 1111 5504 Nam
1139 5448 1451 5518 capite'xvi
1493 5450 1733 5512 Joannis,
1769 5448 2034 5518 versiculo
2063 5449 2192 5516 qui-

635 5526 755 5578 dem
788 5523 855 5578 13
881 5521 1071 5592 legitur
1098 5538 1111 5574 :
1143 5517 1218 5575 Ού
1245 5521 1352 5592 γὰρ
1389 5521 1613 5591 λαλήσει
1643 5521 1734 5590 ἀφ’
1768 5517 1962 5592 ἑαυτοῦ
1984 5519 2080 5592 ,_id
2110 5527 2194 5572 est

644 5611 664 5645 ι
704 5607 804 5644 non
834 5588 976 5645 enim
1019 5588 1264 5658 loquetur
1293 5588 1335 5645 a'
1351 5588 1640 5659 semetipso
1666 5588 1703 5656 ;“
1731 5609 1750 5642 ι
1791 5588 2055 5643 versiculo
2094 5603 2194 5659 au-

641 5671 746 5716 tem
776 5661 842 5715 M
870 5661 1038 5733 τ’Ὀτι
1067 5663 1132 5715 ὲκ
1157 5660 1251 5715 τοῦ
1279 5660 1411 5733 ἐμοῦ
1439 5658 1688 5733 λήψεται,
1713 5662 1764 5717 id
1793 5668 1895 5730 est,
1930 5677 1949 5711 ι
1991 5659 2112 5730 quia
2127 5658 2193 5714 de

641 5747 763 5788 tneo
794 5732 1038 5802 accipiet.
1071 5751 1090 5785 ι

2289 5448 2699 5586 “(Saﬁnium
2741 5516 2883 5581 Lege
2915 5532 3035 5586 cap.
3061 5515 3132 5569 27
3161 5515 3281 5570 libri
3316 5515 3486 5585 primi

2359 5585 2470 5654 (87)
2502 5585 2756 5654 Spiritus.
2785 5587 2942 5641 Juan.
2976 5585 3065 5654 tu,
3093 5586 3146 5640 8.

2359 5589 2447 5651 (87
2502 5589 2756 5654 Spiritus.
2785 5589 2942 5641 Joan.
2976 5603 3065 5654 ιιι,
3093 5589 3146 5640 8.

2359 5589 2472 5730 (88)
2514 5655 2643 5714 ﬂwc
2667 5668 2863 5714 autem.
2905 5656 2924 5711 ι
2975 5656 3101 5713 Cor.
3135 5670 3211 5711 xtt
3270 5655 3357 5713 Η.
