4060 6406
320 314 410 374 895

919 437 1081 492 ΚΕΦ.
1128 439 1214 491 K'.

397 524 749 580 ’Δποτίθεσθαι
775 526 866 582 τὸν
892 530 1168 600 Μονογενῆ
1195 529 1621 602 τῆν’βασιλείαν,
1651 533 1748 588 καὶ
1779 532 1853 603 μὴ

326 614 446 670 εἶναι
474 616 686 687 βασιλέα
714 620 952 689 αἰώνιον,
984 623 1383 678 ὑποτάσσεσθαι
1408 642 1469 678 τε
1504 625 1583 696 τῷ
1614 625 1752 697 θεῷ,
1780 626 1855 690 ὥς

327 725 431 761 τινα
455 708 686 765 ἀντίθεον
727 711 905 782 (ἵλεως
929 713 986 766 δὲ
1017 717 1150 785 ἡμῖν
1176 714 1361 784 ἔστω),
1400 716 1492 769 καὶ
1525 713 1663 770 εἶναι
1699 717 1856 787 μόνον

331 820 347 850 ι
370 803 431 852 τὰ
457 800 624 854 πάντα
649 805 706 855 ἐν
731 805 865 857 πᾶσι
898 823 915 854 ι
943 804 1033 858 τὸν
1048 805 1269 877 Πατέρα
1286 801 1856 877 φαντάζονται,ἀφ’ὦν
1893 834 1897 838 ι

324 891 602 962 Κορινθίοις
622 893 830 959 Παῦλος
846 894 1051 966 ἔγραψε
1102 897 1279 950 τοιάδε
1300 913 1313 926 ·
1347 918 1365 949 ι
1392 899 1560 953 Ὅταν
1583 898 1858 970 παραδιδῷ

322 981 412 1049 τήν
440 980 702 1049 βασιλείαν
733 983 811 1053 τῷ
842 984 961 1053 Θεῷ
1004 986 1098 1039 καὶ
1129 987 1338 1059 Πατρὶ,
1371 989 1499 1041 ὅταν
1536 991 1860 1062 καταργήσῃ

322 1072 484 1123 πᾶσαν
516 1072 707 1143 ἀρχὴν,
748 1074 841 1126 καὶ
874 1072 1145 1139 ἐξουσίαν,
1192 1077 1285 1129 καὶ
1325 1076 1552 1148 δύναμιν
1574 1095 1588 1107 ·
1625 1079 1705 1131 δεῖ
1748 1077 1859 1150 γὰρ

320 1162 464 1215 αὑτὸν
480 1162 797 1233 βασιλεύειν,
820 1166 977 1237 ἄχρις
998 1162 1059 1219 οὗ
1085 1168 1149 1222 ἂν
1173 1167 1237 1239 θῇ
1264 1168 1469 1231 πάντας
1490 1169 1614 1232 τοὺς
1636 1169 1861 1241 ἐχθροὺς

321 1253 469 1306 αὑτοῦ
494 1255 594 1308 ὑπὸ
617 1257 740 1319 τοὺς
774 1258 939 1320 πόδας
968 1258 1154 1313 αὑτοῦ.
1179 1261 1444 1330 Ἔσχατος
1461 1259 1648 1330 ἐχθρὸς
1669 1277 1866 1332 καταρ·⁵

321 1348 478 1413 γεῖται
500 1348 526 1398 6
554 1346 813 1421 θάνατος·
845 1351 1021 1403 πάντα
1044 1350 1152 1422 γὰρ
1180 1350 1448 1415 ὑπέταξεν
1478 1350 1584 1403 ὑπὸ
1610 1350 1737 1414 τοὺς
1766 1351 1865 1405 πό-

320 1437 405 1500 δας
443 1438 624 1492 αὑτοῦ.
654 1441 821 1494 Ὅταν
845 1442 902 1495 δὲ
935 1443 1098 1516 εἴπῃ·
1131 1443 1211 1496 Τά
1253 1442 1433 1498 πάντα
1475 1443 1861 1509 ὑποτέτακται,

320 1527 480 1599 δῆλον,
520 1530 601 1583 ὅτι
636 1532 791 1594 ἐκτὸς
836 1532 931 1585 τοῦ
966 1533 1329 1598 ὑποτάξαντος
1374 1533 1523 1605 αὑτῷ
1551 1534 1620 1587 τὰ
1652 1535 1862 1589 πάντα·

317 1622 432 1675 ὅταν
458 1622 509 1674 δὲ
542 1622 789 1695 ὑποταγῇ
821 1625 971 1696 αὑτῷ
1001 1626 1071 1679 τὰ
1104 1626 1300 1692 πάντα,
1335 1627 1457 1680 τότε
1485 1627 1646 1691 αὑτὸς
1680 1628 1709 1679 6
1738 1626 1867 1690 Υίὸς

318 1714 701 1786 ὑποταγήσεται
734 1716 813 1787 τῷ
843 1718 1169 1783 ὑποτάξαντι
1198 1717 1346 1789 αὑτῷ
1377 1718 1446 1771 τὰ
1475 1719 1671 1786 πάντα,
1710 1719 1798 1773 ἵνα

315 1803 341 1854 6
369 1801 492 1865 Θεὸς
519 1803 589 1856 τὰ
615 1804 792 1859 πάντα
822 1806 881 1859 ὲν
920 1808 1106 1861 πᾶσιν.
1147 1826 1165 1859 ι
1204 1806 1315 1861 Καὶ
1346 1809 1426 1871 είς
1468 1807 1627 1861 τοῦτο
1666 1808 1745 1873 δὲ,
1777 1810 1860 1863 ὅτι

316 1894 431 1963 περί
457 1893 551 1964 τὴν
574 1894 672 1947 τοῦ
701 1895 889 1949 δούλου
936 1898 1146 1969 μορφήν
1182 1897 1419 1951 ὲλεῑσθαι
1452 1899 1736 1969 ὀφείλομεν
1770 1898 1862 1952 τὸν

317 1984 428 2037 νοῦν
451 1986 690 2056 ἀκριϐῶς
712 2003 727 2017 ·
757 1988 810 2041 εί
836 1988 901 2058 γέ
933 2007 1015 2053 τις
1048 1989 1498 2062 ἀναλογιζόμενος
1522 1992 1657 2064 ὅπερ
1682 1994 1729 2044 εί
1756 1990 1867 2044 θεῖ-

318 2075 418 2138 κῶς
459 2077 856 2146 ὑποτάσσεται,
901 2080 995 2133 ἀπ’
1040 2082 1213 2152 ἀρχῆς
1247 2082 1313 2135 ἂν
1350 2082 1700 2138 ὑπετέτακτο.
1741 2085 1865 2138 Ἐτι

312 2168 363 2221 δὲ
386 2170 472 2221 καὶ
501 2172 564 2223 ὲκ
602 2171 703 2241 τῆς
732 2173 1070 2243 προφητείας
1098 2174 1317 2246 Δανιὴλ,
1347 2174 1578 2246 ἐχούσης
1608 2169 1710 2229 ὧδέ
1749 2194 1867 2240 παυς

313 2259 441 2311 κατὰ
480 2260 660 2326 λέξιν·
697 2279 717 2313 ‹
775 2261 1073 2334 Ἐθεώρουν
1115 2264 1174 2318 ὲν
1218 2264 1455 2336 ὁράματι
1504 2267 1604 2337 τῆς
1648 2268 1863 2334 νυκτὸς,

313 2350 397 2402 καὶ
434 2351 538 2404 ίδσὺ
591 2351 734 2422 μετά
764 2352 871 2406 τῶν
906 2354 1141 2422 νεφελῶν
1188 2356 1284 2409 τοῦ
1329 2357 1577 2427 ούρανοῦ,
1625 2358 1701 2422 ὡς
1738 2359 1864 2426 Υἱὸς

312 2439 579 2511 ἀνθρώπου
610 2442 922 2514 ἐρχόμενος,
953 2446 1048 2498 καὶ
1076 2445 1181 2509 ἕως
1206 2446 1300 2499 τοῦ
1327 2448 1560 2502 Παλαιοῦ
1594 2450 1700 2503 τῶν
1733 2453 1867 2523 ἡμε-

317 2529 414 2598 ρῶν
460 2530 729 2601 ἔφθασεν·
780 2535 873 2588 καὶ
927 2536 1209 2609 προσήχθη
1241 2537 1408 2610 αὐτῷ,
1465 2539 1591 2611 [186
1637 2542 1711 2614 b],
1771 2545 1865 2597 καὶ

313 2620 448 2692 αὑτῷ
479 2622 638 2695 ἐδόθη
672 2625 937 2696 ή’ἀρχὴ,
970 2628 1063 2679 καὶ
1102 2630 1134 2699 ἡ
1175 2628 1343 2700 τιμὴ,
1389 2630 1541 2702 καὶὴ
1586 2631 1860 2702 βασιλεία·

314 2712 396 2766 καὶ
449 2714 653 2778 πάντες
702 2717 751 2768 οἱ
782 2716 926 2781 λαοὶ,
966 2718 1152 2786 φυλαὶ,
1197 2720 1440 2789 γλῶσσαι
1485 2722 1863 2780 δουλεύσουσιν

312 2805 478 2877 αὑτῷ·
529 2809 563 2878 ή
615 2806 835 2874 ἐξουσία
876 2808 1039 2863 αὑτοῦ
1078 2810 1293 2875 ἐξουσία
1341 2812 1585 2879 αἰώνιος,
1628 2816 1749 2886 ἥτις
1803 2817 1864 2870 οὑ

314 2896 728 2967 παρελεύσεται·
761 2898 854 2952 καὶ
903 2902 936 2969 ἠ
986 2900 1231 2970 βασιλεία
1278 2904 1441 2958 αὑτοῦ
1471 2908 1531 2961 οὑ
1562 2907 1864 2979 διαφθαρή-

313 3004 470 3043 σεται.
511 3009 531 3042 ι
571 2989 812 3045 Παλαιὸν
856 2991 965 3063 γάρ
1007 2994 1232 3065 ἡμερῶν
1264 2996 1353 3050 τὸν
1402 2998 1621 3071 Πατέρα
1684 2998 1863 3068 λέγει·

1366 320 1457 377 DE
1494 319 1870 378 TRINITATE
1905 322 2111 379 LIBER
2149 324 2477 385 TERTIUS.

3416 340 3518 395 894

2578 443 2729 500 CAP.
2776 444 2895 501 XX.

2029 535 2270 601 ttegnum
2317 532 2385 587 ab
2436 532 2718 602 Unigenito
2743 534 2959 604 deponi,
2993 548 3223 605 eumque
3263 546 3521 606 aeternum

1955 622 2151 693 Regem
2184 639 2289 676 non
2325 638 2469 690 esse,
2508 625 2602 678 sed
2655 624 2844 692 subjici
2891 627 2998 680 Deo
3045 628 3198 696 quasi
3232 632 3519 696 quemdam

1956 715 2248 769 semideum
2280 714 2459 784 (nobis
2499 724 2677 769 autem
2705 717 2968 785 propitius
2995 717 3107 786 ipse
3155 718 3440 791 ignoscat),
3460 738 3525 778 ac

1957 805 2129 861 solum
2161 804 2374 859 Patrem
2417 827 2435 857 ι
2465 807 2647 859 omnia
2680 806 2732 860 in
2764 805 3014 860 Omnibus
3039 825 3058 857 ι
3087 822 3206 861 esse
3244 810 3526 863 commini-

1957 909 2183 952 scuntur
2211 912 2278 950 ex
2325 897 2413 962 iis,
2454 911 2574 966 qua:
2622 897 2687 950 ad
2726 895 3036 951 Corinthios
3085 896 3280 953 Paulus
3311 900 3528 968 scripsit

1958 990 2110 1044 hisce
2139 990 2361 1044 verbis:
2407 1006 2426 1040 ι
2458 988 2594 1043 Cutn
2658 989 2945 1043 tradiderit
2990 988 3101 1059 (89)
3136 1005 3358 1058 regnum
3413 989 3525 1046 Deo

1959 1090 2014 1135 et
2057 1080 2225 1146 Patri,
2257 1095 2379 1134 cum
2418 1079 2767 1134 evacuaverit
2818 1093 3033 1133 omnem
3080 1080 3435 1147 principatum
3471 1089 3527 1134 et

1961 1182 2279 1244 potestatem
2332 1183 2387 1227 et
2450 1173 2699 1226 virtutem
2737 1188 2750 1225 :
2784 1180 3001 1240 oportet
3052 1172 3193 1227 enim
3246 1172 3393 1225 illum
3443 1187 3529 1226 re-

1962 1276 2147 1332 gnare.
2191 1263 2361 1317 donec
2416 1260 2658 1331 posuerit
2694 1274 2884 1314 omnes
2926 1258 3171 1313 inimicos
3213 1258 3379 1327 ipsius
3413 1258 3525 1329 (90)

1962 1354 2062 1409 sub
2108 1353 2334 1422 pedibus
2387 1351 2551 1421 390
2598 1349 2713 1419 ejus
2759 1368 2773 1404 :
2823 1350 3111 1404 novissima
3160 1349 3376 1403 inimica
3436 1350 3529 1404 de-

1963 1445 2191 1500 struitur
2224 1459 2369 1499 mors
2404 1460 2417 1496 :
2461 1442 2642 1497 omnia
2674 1440 2820 1497 enim
2878 1440 3111 1511 subjecit
3147 1438 3247 1493 sub
3304 1438 3529 1509 pedibus

1964 1537 2101 1607 ejus.
2135 1535 2270 1592 Cum
2306 1545 2489 1590 autem
2523 1534 2660 1589 dixit
2687 1550 2702 1589 :
2727 1530 2921 1588 Omnia
2956 1530 3067 1602 (9i)
3097 1530 3335 1599 subjecta
3366 1538 3527 1596 sunt,

1964 1620 2083 1685 sine
2109 1628 2276 1683 dubio
2306 1637 2505 1696 prmter
2537 1640 2659 1680 eum
2692 1625 2782 1694 qui
2818 1622 3047 1691 subjecit
3075 1626 3124 1677 ei
3154 1622 3354 1677 omnia.
3393 1621 3527 1685 Cum

1966 1730 2144 1775 autem
2177 1719 2421 1787 subjecta
2456 1717 2658 1771 fuerint
2700 1715 2779 1769 illi
2823 1714 3031 1774 omnia.
3060 1721 3184 1768 tunc
3217 1713 3332 1782 ipse
3358 1710 3529 1767 Filius

1964 1813 2281 1881 subjicietur
2315 1810 2386 1875 ei,
2419 1809 2511 1879 qui
2538 1806 2767 1875 subjecit
2795 1806 2901 1877 ipsi
2942 1806 3153 1870 omnia,
3184 1813 3245 1858 ut
3283 1803 3354 1858 sit
3383 1802 3528 1857 Deus

1964 1904 2143 1959 omnia
2192 1904 2245 1957 in
2301 1902 2616 1957 omnibus.»
2662 1898 3069 1969 Respondemus
3119 1896 3253 1966 (92),
3306 1894 3422 1949 haec
3460 1894 3530 1949 ab

1962 2012 2047 2055 eo.
2075 1994 2167 2064 qui
2201 2001 2462 2049 accurate
2524 1993 2615 2047 illa
2662 1990 2997 2060 expenderit,
3050 1990 3116 2042 de
3166 1987 3307 2042 servi
3354 1985 3527 2041 forma

1965 2088 2135 2156 accipi
2172 2087 2398 2152 debere;
2440 2100 2561 2139 nam
2592 2084 2635 2138 si
2682 2082 3042 2152 subjiceretur
3066 2094 3169 2148 qua
3202 2079 3363 2143 Deus,
3400 2076 3526 2131 sub-

1958 2179 2135 2249 jectus
2168 2176 2360 2232 fuisset
2399 2177 2468 2231 ab
2497 2175 2679 2231 initio.
2711 2174 2937 2230 Constat
2961 2172 3010 2226 id
3036 2179 3296 2239 praterea
3327 2183 3392 2222 ex
3423 2169 3525 2221 Da-

1967 2271 2120 2326 uielis
2150 2269 2453 2340 prophetia,
2479 2282 2599 2338 qua:
2648 2267 2711 2320 ad
2746 2265 2968 2319 verbum
2999 2264 3079 2319 sic
3114 2261 3308 2317 habet:
3344 2277 3364 2312 ι
3386 2258 3529 2315 Cort-

1964 2361 2259 2433 templabar
2283 2360 2394 2430 (95)
2429 2359 2481 2413 in
2520 2358 2729 2411 visione
2780 2346 2975 2418 noctis,
3003 2363 3057 2411 et
3102 2367 3228 2408 ecce
3258 2366 3380 2406 cum
3427 2366 3528 2404 nu-

1964 2452 2124 2507 bibus
2176 2449 2297 2505 caali
2348 2447 2500 2517 quasi
2552 2444 2722 2500 Filius
2761 2441 2995 2497 hominis
3059 2440 3281 2492 veniens
3302 2436 3437 2505 (94),
3474 2445 3531 2489 et

1964 2556 2135 2612 usque
2182 2542 2249 2595 ad
2294 2538 2586 2608 Antiquum
2634 2536 2840 2590 dierum
2889 2530 3154 2602 pervenit,
3182 2539 3236 2583 et
3267 2526 3530 2581 adductus

1964 2645 2045 2689 est
2066 2632 2178 2705 (95)
2210 2632 2282 2696 ei,
2312 2639 2369 2686 et
2411 2629 2512 2700 ipsi
2544 2629 2701 2682 datus
2741 2634 2825 2679 est
2850 2623 3207 2693 principatus,
3244 2628 3299 2673 et
3330 2618 3528 2681 honor,

1964 2736 2021 2783 et
2061 2739 2322 2796 regnum;
2364 2729 2420 2777 et
2446 2733 2637 2775 omnes
2689 2714 2890 2787 populi,
2939 2714 3128 2780 tribus,
3171 2710 3369 2779 lingua:
3410 2722 3530 2763 ser-

1965 2818 2111 2872 vient
2139 2816 2186 2871 ei
2218 2833 2231 2868 :
2265 2821 2503 2883 potestas
2541 2809 2661 2878 ejus
2710 2813 2949 2877 potestas
2990 2812 3225 2867 aeterna,
3259 2815 3379 2871 quae
3422 2813 3528 2853 non

1964 2908 2283 2981 praeteribit,
2308 2914 2363 2961 et
2396 2917 2621 2973 regnum
2647 2900 2765 2971 ejus
2795 2914 2899 2953 non
2934 2903 3325 2965 corrumpetur.
3351 2910 3371 2945 ι
3391 2891 3529 2946 Nam

1974 2980 2309 3068 tAntiquum
2362 2996 2613 3051 dierum:
2674 2989 2803 3046 dicit
2860 2988 3074 3043 Patrem
3107 3003 3121 3039 :
3150 2984 3251 3051 Qui
3300 2998 3429 3037 vero
3478 2980 3529 3035 ei

310 3078 377 3142 ὡς
425 3081 547 3135 Υίὸν
600 3082 662 3135 δὲ
704 3080 994 3153 ἀνθρώπου
1055 3087 1431 3157 προσαχθέντα
1483 3090 1664 3160 αὐτῷ,
1719 3085 1860 3159 ᾧτινι

1973 3113 1992 3146 ι
2018 3094 2278 3147 adductus
2306 3096 2389 3144 est
2421 3086 2576 3157 quasi
2608 3083 2780 3139 Filius
2809 3080 3065 3143 hominis,
3088 3097 3107 3131 ο
3145 3077 3231 3133 cui
3261 3076 3416 3130 datus
3446 3083 3530 3129 est

311 3170 450 3243 ἐδόθη
501 3174 534 3245 ή
578 3172 758 3243 ἀρχὴ,
808 3175 903 3227 καὶ
950 3176 983 3246 ή
1024 3177 1179 3247 τιμὴ,
1227 3178 1320 3231 καὶ
1366 3182 1398 3251 ἡ
1448 3181 1724 3251 βασιλεία,
1770 3184 1860 3238 τὸν

312 3261 623 3335 σύμμορφον
658 3264 758 3333 τῆς
792 3265 1172 3332 ταπεινώσεως
1205 3270 1361 3341 ήμῶν
1399 3272 1564 3342 δηλοῖ.
1608 3275 1732 3329 Ἐὰν
1769 3273 1861 3330 οὖν

312 3352 379 3423 μή
407 3354 648 3417 δώσωσι,
701 3354 791 3407 διὰ
828 3355 985 3409 τοῦτο
1029 3359 1276 3430 εἰρῆσθαι
1313 3361 1391 3432 τῷ
1428 3363 1729 3437 Ἀποστόλῳ
1769 3368 1862 3421 καὶ

308 3442 377 3512 τῷ
409 3447 664 3517 προφήτῃ
711 3446 779 3499 τὰ
825 3449 1180 3519 προκείμενα⁹
1226 3451 1466 3521 λείπεται
1513 3457 1709 3521 αὐτοὺς
1751 3476 1860 3514 πα-

310 3538 681 3608 ραγράψασθαι
722 3538 812 3591 τὸν
854 3540 1059 3611 ἕτερον.
1121 3542 1250 3595 Ἀπὸ
1293 3545 1402 3616 γάρ
1439 3546 1532 3600 τοῦ
1575 3550 1860 3606 ἀποστολι-

308 3628 393 3681 κοῦ
425 3631 613 3702 ῥητοῦ,
649 3630 745 3683 νῦν
780 3631 877 3700 μὲν
922 3631 1194 3701 βασιλεύει
1229 3636 1257 3686 6
1296 3634 1443 3701 Υἱὸς,
1490 3640 1627 3708 μετά
1666 3640 1721 3695 δὲ
1762 3644 1861 3715 τὴν

306 3720 585 3780 ἀνάστασιν
615 3724 952 3787 ἀποτίθεται,
977 3727 1096 3778 κατ’
1119 3725 1335 3790 αύτούς.
1375 3728 1505 3782 Ἀπὸ
1527 3729 1583 3783 δὲ
1605 3732 1703 3803 τῆς
1729 3751 1862 3804 προ-

306 3813 542 3882 φητείας,
591 3813 691 3868 νῦν
728 3815 826 3886 μὲν
865 3815 1017 3869 οὔπω
1056 3816 1328 3887 βασιλεύει
1369 3821 1398 3872 6
1437 3820 1700 3887 Βασιλεὺς
1751 3824 1861 3881 τῶν

307 3900 691 3970 βασιλευόντων
728 3907 820 3963 καὶ
848 3908 1052 3980 Κύριος
1092 3909 1202 3962 τῶν
1236 3911 1620 3983 κυριευόντων,
1651 3915 1772 3968 τότε
1803 3916 1860 3970 δὲ

303 3995 549 4066 ἄρχεται,
604 3997 747 4069 μετὰ
799 3998 959 4053 τοῦτο
1010 3999 1244 4071 ἔμπαλιν
1299 3997 1585 4071 ιραίνεσθαι
1629 4006 1721 4059 ἐπὶ
1765 4006 1860 4061 τοῦ

304 4084 427 4140 Θεοῦ
468 4090 564 4144 καὶ
620 4088 855 4160 Πατρός.
901 4089 1267 4162 Εὑρίσκεσθαι
1321 4092 1377 4145 δὲ
1437 4094 1573 4165 πρὸς
1616 4095 1859 4163 τούτοις,

302 4174 375 4229 ὅτι
417 4182 481 4250 τῇ
532 4181 638 4251 μὲν
678 4180 936 4252 Παρθένῳ
974 4183 1158 4253 Μητρὶ
1206 4182 1370 4236 αὐτοῦ
1416 4186 1511 4237 καὶ¹
1548 4185 1626 4257 τῷ
1668 4187 1862 4260 Ἰωσὴφ

302 4264 535 4339 ὑπετάγη
567 4271 655 4331 εἰς
688 4270 787 4341 τὴν
811 4272 1143 4340 οἰκονομίαν,
1192 4272 1332 4326 ἑκὼν
1357 4274 1415 4326 δὲ
1443 4275 1600 4346 δῆλον
1630 4279 1734 4343 δτι,
1762 4280 1858 4333 καὶ

301 4358 393 4412 οὑκ
412 4362 652 4432 ἀνάγκῃ,
670 4362 790 4415 οὐδὲ
810 4361 1163 4416 καταϐάλλων
1180 4381 1230 4417 τι
1252 4364 1345 4418 τοῦ
1366 4366 1642 4436 βασιλικοῦ
1662 4372 1858 4443 γέρως,

1961 3185 2310 3257 principatus,
2337 3191 2393 3235 et
2420 3181 2614 3244 honor,
2647 3186 2701 3232 et
2741 3189 2987 3245 regnum,
3038 3171 3188 3226 illum
3236 3167 3525 3240 signiﬁcat,

1961 3280 2049 3348 qui
2091 3285 2286 3332 nostra:
2322 3271 2612 3342 abiectioni
2660 3267 2957 3324 conformis
3002 3264 3177 3320 factus
3202 3271 3307 3318 est.
3345 3262 3529 3332 Itaque

1962 3373 2062 3428 nisi
2106 3370 2293 3432 verba,
2337 3382 2458 3436 quae
2505 3365 2737 3433 allegata
2778 3370 2924 3424 sunt,
2973 3361 3041 3412 ab
3091 3356 3374 3426 Apostolo,
3413 3365 3468 3409 et
3495 3368 3527 3408 a

1961 3464 2220 3537 propheta
2256 3463 2356 3515 hac
2383 3461 2449 3513 de
2476 3473 2638 3513 causa
2680 3456 2825 3509 dicta
2867 3466 2990 3507 esse
3018 3450 3410 3511 concesserint,
3444 3462 3529 3502 re-

1961 3565 2072 3611 stat
2103 3564 2161 3608 ut
2184 3552 2497 3608 alterutrius
2517 3548 2882 3603 testimonium
2916 3543 3070 3613 quasi
3125 3540 3528 3611 praescriptione

1961 3654 2122 3713 atque
2162 3642 2477 3711 exceptione
2516 3647 2726 3693 utentes
2755 3632 2867 3708 (96)
2904 3632 3173 3703 rejiciant.
3216 3629 3345 3684 Nam
3374 3630 3527 3697 juxta

1960 3732 2253 3803 apostolica
2297 3730 2459 3784 verba
2508 3741 2655 3782 nunc
2692 3725 2911 3794 quidem
2961 3733 3148 3791 regnat
3190 3721 3378 3785 Filius,
3411 3728 3527 3786 post

1960 3823 2417 3879 resurrectionem
2459 3833 2590 3875 vero
2644 3831 2869 3888 regnum
2912 3814 3155 3883 deponit,
3186 3822 3245 3865 ut
3276 3811 3375 3881 ipsi
3407 3809 3527 3878 opi-

1962 3924 2177 3971 nantur.
2221 3912 2382 3967 Juxta
2434 3908 2777 3980 prophetiam
2823 3921 2953 3962 vero
2984 3921 3124 3961 nunc
3150 3904 3366 3974 quidem
3400 3915 3529 3954 non-

1961 4007 2088 4062 dum
2118 4012 2308 4072 regnat
2335 4002 2447 4055 Rex
2482 3999 2848 4070 regnantium,
2880 4007 2934 4051 et
2961 3996 3216 4050 Dominus
3249 3990 3529 4047 dominan-

1962 4099 2131 4163 tium;
2165 4106 2291 4150 tunc
2326 4101 2505 4148 autem
2557 4104 2784 4162 regnare
2824 4089 3047 4159 incipiet
3083 4086 3217 4158 (97),
3245 4100 3308 4140 ac
3338 4098 3526 4138 rursus

1962 4201 2148 4260 postea
2171 4199 2432 4257 apparere
2455 4184 2506 4238 in
2540 4181 2649 4237 Deo
2678 4190 2733 4236 et
2763 4182 2941 4237 Patre.
2977 4178 3197 4249 Insuper
3220 4189 3348 4230 vero
3378 4189 3527 4229 com-

1962 4291 2173 4351 pertum
2206 4287 2289 4332 est
2307 4275 2441 4347 (98),
2472 4289 2595 4328 eum
2618 4271 2823 4342 Virgini
2855 4270 3075 4341 quidem
3104 4268 3261 4323 matri
3289 4279 3422 4327 sum,
3461 4276 3526 4315 ac

1961 4366 2198 4435 Josepho
2226 4364 2526 4430 subjectum
2546 4360 2713 4415 fuisse
2729 4360 2782 4413 in
2808 4359 3181 4415 lncarnatione
3198 4373 3212 4410 :
3231 4351 3527 4409 voluntarie

306 4447 490 4515 μᾶλλον
538 4451 601 4503 δὲ
647 4452 713 4520 τῇ
758 4451 1163 4519 συγκαταϐάσει
1196 4452 1408 4519 δεικνὺς
1450 4456 1512 4510 τὸ
1558 4458 1859 4531 ὑπέρογκον

1963 4457 2167 4515 scilicet
2207 4455 2273 4509 iis
2318 4450 2718 4520 subjiciebatur,
2759 4466 2865 4504 non
2913 4448 3236 4503 necessitate
3280 4453 3523 4511 coactus,

301 4539 390 4609 τῆς
428 4541 706 4614 θεότητος,
739 4544 833 4596 καὶ
863 4543 925 4596 τὸ
968 4545 1138 4614 πρᾶον
1173 4547 1272 4616 τῆς
1315 4548 1658 4618 Δημιουργοῦ
1699 4551 1860 4606 δυνά-

306 4644 459 4699 μεως,
484 4634 581 4686 καὶ
605 4633 901 4708 οἰκονομῶν
926 4635 987 4688 τὸ
1007 4634 1154 4708 ἡμᾶς
1178 4637 1414 4708 πατράσι
1441 4638 1749 4693 πείθεσθαι·
1777 4637 1859 4708 οἷς

366 4764 472 4836 (89)
521 4766 657 4821 Cum
679 4768 1021 4821 lradiderit.l
1072 4768 1196 4823 Cor.
1241 4784 1363 4836 cap.
1419 4786 1506 4835 xv,
1563 4788 1591 4825 a
1620 4789 1757 4829 vers.
1786 4778 1859 4833 24

304 4833 471 4915 ad
502 4836 692 4891 Graeca
715 4839 896 4915 editio‘
910 4839 1194 4915 25:19:64).
1231 4833 1408 4894 Codex
1436 4833 1831 4902 Alexandrinus

303 4914 349 4955 ει
382 4890 680 4978 Didymus:
718 4890 1045 4978 παραδιδῷ,⁸
1074 4890 1082 4978 ί
1110 4890 1119 4891 ί
1146 4890 1193 4910 "
1241 4890 1408 4894 ““'“
1436 4890 1853 4915 η-τ--ν---η-ωυ.

325 5040 337 5053 ,
368 4974 493 5045 (90)
515 4974 713 5053 Ipsius.
756 4974 891 5053 Vos,
922 4974 1110 5053 αὑτοῦ,
1142 4978 1293 5053 deest
1316 4978 1405 5053 hic
1434 4979 1487 5053 in
1513 4978 1696 5037 Graeca
1732 4986 1850 5040 edi-

304 5047 458 5105 tione,
498 5048 593 5097 sed
618 5061 737 5100 eam
777 5047 936 5100 habet
964 5050 1130 5103 codex
1164 5049 1575 5104 Alexandrinus.

303 5114 721 5234 ﬁﬂg'Omnia.
751 5114 939 5171 Graeca
988 5119 1189 5174 editio:
1243 5120 1366 5172 Ὀτι
1416 5119 1594 5174 πάντα
1635 5136 1734 5191 pro
1782 5125 1853 5180 τὰ

440 5199 494 5236 α.

368 5251 477 5325 (92)
516 5253 930 5325 Respondemus,
969 5265 1075 5310 etc.
1116 5255 1347 5325 Aliquod
1386 5259 1632 5315 mendqu
1671 5263 1723 5317 in
1766 5265 1852 5321 his

303 5323 771 5443 :lel'b‘al’c‘yidCIUf;
803 5326 963 5380 nimis
988 5326 1133 5381 enim
1161 5323 1412 5396 perplexa
1443 5339 1527 5383 est
1576 5332 1627 5386 in
1661 5332 1850 5390 Graeco

379 5409 390 5441 I
421 5407 483 5443 en
514 5407 587 5443 ta-

379 5407 587 5449 Ilt‘ﬂlla.

370 5460 478 5532 (95)
515 5462 935 5532 Cantemplabar.
970 5464 1103 5519 Dan.
1136 5478 1231 5532 vn,
1269 5466 1355 5529 15,
1390 5467 1474 5521 14.

311 5613 327 5643 ⁸
523 5528 761 5652 renitens.
807 5532 991 5590 Graeca
1036 5528 1523 5593 editio'hicaddit
1558 5534 1646 5612 ἦν,
1686 5542 1739 5597 id
1770 5552 1855 5599 est

372 5666 481 5754 (θέί)
517 5671 783 5754 βιξάιιειυσ
828 5681 924 5729 est.
968 5673 1137 5754 Diblia
1175 5687 1273 5743 pro
1302 5678 1620 5751 προσήχθη,
1654 5680 1854 5738 habent

308 5739 664 5814 προσηνέχθη,
696 5745 748 5800 id
781 5754 863 5799 est
891 5762 910 5798 ι
940 5744 1149 5800 oblatus
1170 5739 1270 5801 est.
1303 5764 1322 5797 ι

1958 4562 2130 4618 neque
2143 4546 2429 4616 quidquam
2451 4544 2515 4597 de
2538 4541 2677 4613 regia
2700 4542 2959 4611 dignitate
2977 4539 3254 4609 abjiciens;
3273 4536 3365 4590 sed
3391 4549 3525 4588 con-

1965 4640 2310 4698 descensione
2346 4636 2521 4704 potius
2557 4634 2845 4688 ostendens
2876 4633 3253 4688 sublimitatem
3286 4626 3524 4692 deitatis,

2035 4774 2146 4847 (96)
2184 4771 2494 4847 Exceptione
2524 4778 2744 4847 utentes.
2795 4784 2849 4822 tn
2898 4776 3115 4847 timet),
3152 4766 3519 4847 παραγράψατ

1965 4838 2109 4908 σθαι,
2128 4838 2279 4911 quod
2306 4839 2702 4911 iurisconsultis
2727 4848 2809 4911 est
2836 4838 3345 4911 praescribere,__aut,
3376 4839 3517 4911 quod

1961 4905 2105 4970 idem
2136 4905 2217 4966 est
2239 4951 2255 4975 ,
2282 4905 2595 4977 exceptione
2621 4909 2714 4961 uti.
2753 4907 2930 4973 Quare
2955 4906 3091 4977 apud
3118 4905 3384 4959 Pollucem
3427 4907 3519 4959 lib.

1960 5001 2079 5045 vm,
2119 4974 2288 5050 segm.
2327 4974 2546 5050 ϐολιῴί
2581 4978 2803 5050 legitur,
2838 4974 2990 5050 παρᾲ
3018 4975 3323 5050 διαιτηταῖς
3345 4993 3522 5050 παρα-

1957 5045 2340 5126 γραψάμενος,
2368 5047 2463 5100 καὶ
2486 5045 2899 5126 ὑπο-μοσάμενος
2922 5045 3094 5108 νόσον,
3128 5045 3162 5117 ἢ
3194 5045 3519 5126 ἀποδημίαν,

1959 5116 2515 5189 ίιὶίτόι·’ἱιιιθι·ρι·ειειη
2555 5116 2634 5172 sic
2691 5116 2920 5172 vertisse
2968 5133 2982 5171 :
3050 5133 3068 5167 t
3113 5116 3251 5183 apud
3288 5118 3522 5189 arbitros

1956 5209 2081 5247 rens
2110 5186 2355 5251 vocatus,
2385 5194 2439 5241 et
2469 5189 2713 5240 morbum
2756 5196 3059 5256 praetexens
3090 5196 3183 5238 aut
3210 5186 3517 5256 peregrina-

1959 5263 2178 5317 tionem.
2215 5278 2234 5311 ι
2296 5256 2619 5312 Vertendum
2652 5256 2795 5310 enim
2827 5264 2993 5322 puto:
3044 5273 3062 5306 ι
3105 5255 3245 5325 apud
3287 5256 3520 5309 arbitros

1957 5332 2278 5399 exceptione
2308 5342 2465 5399 usus,
2498 5344 2516 5378 ι
2542 5336 2606 5399 _et_
2637 5326 2862 5395 reliqua.

2031 5390 2142 5470 (97)
2181 5398 2418 5470 Regnare
2449 5395 2689 5466 incipiet,
2719 5390 2825 5451 eic.
2862 5393 3084 5450 Videtur
3122 5394 3174 5450 in
3201 5393 3388 5450 Graeco
3418 5390 3519 5447 ali~

1958 5468 2438 5542 quiddegiderari.

2028 5540 2139 5609 (98)
2175 5536 2653 5609 Compertum__est.
2693 5534 2765 5609 Iug
2797 5534 3019 5600 Graeco,
3054 5532 3423 5609 εὑρίσκεσθαι,

1955 5601 2048 5689 οδ(
2073 5627 2092 5660 σ
2120 5601 2378 5689 inveniri.
2426 5624 2446 5658 ο
2483 5606 2707 5665 Videtur
2748 5606 3027 5679 legendum
3073 5601 3407 5679 εὑρίσκεται,
3458 5601 3515 5657 id

1955 5688 2039 5736 est
2072 5699 2089 5733 1
2123 5685 2411 5736 invenitur.
2441 5693 2462 5729 ι
