4060 6406
542 325 644 385 895

1771 311 2007 369 DIDYMI
2045 308 2516 368 ALEXANDRINI
3636 310 3720 367 893

541 453 597 498 et
616 447 1079 496 mansuetudinem
1105 437 1388 494 creatricis
1409 433 1645 498 virtutis,
1681 446 1745 486 ac
1777 447 1875 486 nos
1910 433 2108 486 docens

2213 430 2270 482 τὸ
2299 428 2559 500 τιμᾶσθαι
2592 425 2811 490 δικαίως
2838 427 3068 481 δέδωκεν
3101 423 3280 487 αὐτὸς,
3310 423 3384 488 ὡς
3415 441 3550 494 παρα
3574 427 3724 500 Λοιδκᾲ

541 532 813 602 quomodo
829 529 1140 599 parentibus
1154 528 1374 585 obedire
1390 527 1676 581 debeamus
1698 540 1710 575 :
1733 523 1925 591 quibus
1949 521 2105 591 391

543 625 736 677 merito
755 623 869 692 ipse
885 621 1152 676 concessit
1167 629 1223 673 ut
1237 619 1588 678 honorantur,
1606 615 1741 670 sicut
1761 615 1898 681 apud
1911 613 2108 668 Lucam

544 715 770 780 ipsemet
793 712 928 766 dixit
955 727 1008 765 τι
1034 709 1171 777 Quid
1191 707 1300 778 (99)
1328 706 1652 777 qumebatis
1674 703 1794 758 me?
1813 719 1880 756 an
1905 703 2107 757 nescie-

545 802 708 866 batis,
736 803 875 872 quod
904 802 954 855 in
984 801 1143 856 domo
1174 801 1348 855 Patris
1381 801 1484 854 mei
1513 798 1588 870 (1)
1611 806 1825 868 oportet
1846 813 1932 854 me
1949 799 2112 852 esse?

549 891 611 944 Et
630 892 906 946 descendit
931 889 1032 960 (2).
1071 909 1088 942 ι
1110 890 1306 960 inquit,
1327 909 1344 940 ι
1370 891 1423 944 in
1446 889 1710 944 Naaareth
1740 908 1754 942 :
1784 899 1837 942 et
1853 889 2113 943 eratsub-

547 981 688 1034 ditus
709 981 865 1035 illis»
886 980 989 1035 Sed
1015 980 1156 1034 Patri
1189 995 1252 1036 ac
1281 980 1389 1034 Deo
1412 979 1812 1048 nondumjuxta
1833 980 2114 1034 haareticos

548 1072 818 1140 subjectus
844 1072 983 1126 fuit:
1014 1088 1078 1126 ac
1109 1073 1337 1126 mendax
1372 1071 1468 1125 fuit
1492 1071 1710 1135 Paulus,
1746 1087 1865 1125 cum
1902 1072 1967 1124 ad
1988 1070 2114 1124 Phi-

547 1160 820 1231 lippenses
868 1163 1086 1232 scripsit
1116 1181 1129 1216 :
1191 1181 1210 1214 ι
1237 1161 1431 1216 Factus
1463 1161 1538 1232 (5)
1565 1160 1819 1214 obedieus
1852 1174 2020 1227 usque
2047 1158 2113 1212 ad

547 1263 798 1315 mortem,
858 1262 1085 1306 mortem
1125 1262 1304 1306 autem
1356 1251 1551 1306 crucis.
1583 1269 1602 1303 ι
1645 1248 1796 1304 Sicut
1836 1265 1962 1318 ergo
1990 1264 2112 1304 cum

545 1353 686 1397 esset
718 1343 938 1411 aequalis
971 1343 1097 1407 Deo,
1131 1353 1184 1396 et
1217 1343 1269 1396 in
1299 1340 1469 1396 forma
1510 1341 1627 1406 Dei,
1649 1357 1751 1395 non
1781 1351 1996 1410 propter
2025 1354 2116 1394 se-

545 1432 741 1500 ipsnm,
769 1431 861 1486 sed
888 1446 982 1500 pro
1010 1431 1163 1486 nobis
1191 1431 1364 1486 factus
1392 1439 1784 1498 estpeccatum,
1814 1442 1869 1484 et
1896 1431 2116 1486 maledi-

546 1524 673 1586 ctio,
705 1525 784 1578 sic
814 1539 918 1577 non
944 1535 1162 1592 pmpter
1190 1523 1445 1592 seipsum,
1466 1524 1557 1578 sed
1581 1532 1800 1593 propter
1824 1539 1920 1578 nos
1941 1524 2114 1579 dictus

545 1620 627 1666 est
651 1615 700 1665 iu
719 1612 1012 1682 Scripturis
1039 1629 1259 1682 regnum
1282 1614 1597 1677 traditurus,
1635 1621 1689 1667 et
1721 1608 2110 1680 subjiciendus.

545 1703 806 1769 Quoniam
837 1714 1054 1773 propter
1087 1704 1462 1774 benignitatem
1495 1705 1547 1758 in
1579 1705 1822 1760 homines
1850 1721 2000 1759 suam
2031 1705 2112 1759 fa-

2213 516 2395 573 εἷπεν·
2447 537 2466 570 ι
2504 518 2569 570 Τί
2606 519 2688 571 ὅτι
2722 517 2960 588 ἐζητεῖτέ
2992 534 3090 587 με;
3133 517 3246 570 Οὐκ
3276 515 3448 586 ᾔδειτε
3475 518 3548 570 ὅτι
3589 520 3637 571 ὲν
3663 521 3724 590 τῷ

2211 610 2346 678 οίκῳ
2375 607 2470 662 τοῦ
2497 607 2710 679 Πατρός
2739 624 2840 677 μου
2878 606 2960 658 δεῖ
2993 623 3058 676 με
3090 601 3263 672 εἶναι;
3300 607 3404 659 Καὶ
3432 608 3660 678 κατῆλθε,
3710 631 3726 662 ι

2213 701 2398 770 φησιν,
2437 719 2455 751 ι
2505 701 2586 763 είς
2633 697 2918 770 Ναζαρὲθ,
2961 699 3055 750 καὶ
3097 693 3165 768 ἦν
3201 698 3611 769 ὑποτασσόμενος
3653 703 3730 754 αὑ.

2211 792 2342 852 τοῖς.
2389 807 2407 838 ι
2444 787 2533 857 Τῷ
2564 787 2620 840 δὲ
2661 787 2834 858 Πατρὶ
2875 787 2967 840 καὶ
3011 785 3089 856 τῷ
3143 785 3262 857 Θεῷ
3295 788 3515 850 οὐδέπω,
3554 788 3662 860 [l8'i
3690 791 3734 862 ιι)

2212 881 2329 934 κατ’
2373 879 2586 943 αὐτοὺς,
2619 879 2894 948 ὑπετάγη·
2923 878 3016 930 καὶ
3049 877 3286 949 ἐψεύσθη
3323 880 3417 948 μὲν
3455 883 3591 952 παρὰ
3617 884 3737 936 [la-3-

2212 973 2326 1037 λου,
2360 969 2738 1040 Φιλιππησίοις
2773 969 3206 1034 ἐπιστέλλοντος’
3255 989 3274 1022 ι
3315 971 3586 1041 Γενόμενος
3616 974 3737 1044 ὑπή-

2214 1081 2334 1127 κοος
2371 1062 2529 1134 μέχρι
2561 1061 2814 1126 θανάτου,
2859 1060 3087 1114 θανάτου
3127 1061 3184 1112 δὲ
3218 1062 3447 1132 σταυροῦ
3507 1083 3524 1113 ι
3560 1064 3738 1134 Ὥσπερ

2213 1151 2304 1208 οὖν
2349 1156 2437 1206 ἴσα
2482 1153 2602 1222 Θεῷ
2639 1155 2733 1206 καὶ
2771 1154 2830 1206 ὲν
2877 1156 3059 1224 μορφῇ
3113 1152 3245 1205 Θεοῦ
3288 1152 3563 1223 ὑπάρχων,
3594 1155 3647 1206 οὐ
3683 1155 3737 1206 δι’

2214 1245 2425 1312 ἑαυτὸν,
2458 1245 2570 1298 ἀλλ’
2614 1245 2752 1315 ὑπὲρ
2793 1245 2970 1316 ἡμῶν,
3012 1245 3253 1316 ἁμαρτία
3286 1245 3470 1314 γέγονε
3537 1247 3622 1298 καὶ
3655 1264 3740 1298 κα-

2213 1339 2352 1410 τάρα
2368 1355 2380 1368 ·
2410 1337 2603 1402 οὕτως,
2627 1339 2687 1390 οὐ
2709 1337 2774 1392 δι’
2811 1337 3022 1405 ἑαυτὸν,
3047 1337 3182 1390 ἀλλὰ
3210 1337 3276 1390 δι’
3302 1341 3335 1409 ὴ
3345 1339 3448 1408 μᾶς
3467 1337 3741 1408 γέγραπται

2215 1429 2551 1501 παραδώσων
2583 1431 2678 1484 καὶ
2707 1429 3184 1500 ὑππαγησόμενος
3209 1445 3222 1459 ·
3258 1428 3441 1500 ἐπειδὴ
3473 1429 3553 1482 διὰ
3583 1411 3744 1498 φίλαν-

2214 1521 2462 1592 θρωπίαν
2516 1521 2739 1590 γέγονεν
2794 1520 3143 1590 ἀσυγχύτως,
3197 1522 3334 1592 ὅπερ
3390 1523 3574 1592 ἐσμὲν,
3613 1524 3743 1586 ἐκτὸς

2213 1614 2506 1684 ἁμαρτίας,
2556 1614 2746 1684 μείνας
2776 1608 2856 1676 εἷς
2891 1614 2983 1666 καὶ
3013 1615 3041 1666 6
3081 1613 3261 1676 αὐτὸς.
3295 1613 3417 1676 Πῶς
3445 1615 3546 1686 γάρ
3575 1617 3600 1667 6
3627 1615 3744 1668 πάν-

2212 1722 2319 1757 των
2346 1704 2570 1776 ποιητὴς
2602 1704 2696 1758 καὶ
2725 1705 2942 1758 πάντων
2974 1704 3218 1774 κρατῶν⁹
3265 1704 3359 1774 (ὲν
3386 1710 3494 1768 τοῖς
3523 1709 3644 1760 πᾶσι
3698 1707 3746 1759 δὲ

545 1803 664 1846 ctus
692 1803 775 1848 est
801 1796 916 1848 sine
943 1795 1044 1848 ulla
1071 1805 1380 1848 naturarum
1397 1796 1708 1850 confusione
1726 1795 1864 1864 quod
1897 1812 1994 1852 nos
2024 1813 2109 1851 su-

2218 1794 2450 1848 τίθενται
2495 1795 2588 1848 καὶ
2623 1796 2672 1847 οἱ
2723 1794 2978 1866 αἰῶνες),
3028 1797 3058 1848 6
3111 1797 3500 1868 προφητευθεὶς
3541 1797 3745 1868 πρῶτος,

546 1899 685 1949 mus,
727 1896 952 1954 excepto
987 1897 1226 1954 peccato,
1274 1901 1337 1940 ac
1377 1887 1575 1940 mansit
1598 1903 1734 1941 unus
1759 1896 1812 1940 et
1832 1887 1990 1941 idem.
2023 1887 2109 1943 Ille

2219 1885 2313 1938 καὶ
2354 1887 2432 1948 εἰς
2465 1884 2532 1937 τὰ
2570 1883 2785 1954 ἑφεξῆς,
2828 1885 2923 1937 καὶ
2969 1886 3401 1956 Παντοκράτωρ,
3438 1887 3642 1940 δύναται
3681 1888 3750 1948 είς

543 1976 706 2040 enim,
728 1977 818 2044 qui
849 1987 932 2030 est
960 1993 1136 2031 rerum
1160 1977 1397 2031 omnium
1429 1977 1704 2042 Conditor,
1727 1978 1922 2046 quique
1945 1979 2118 2031 omni-

543 2066 644 2121 bus
685 2067 910 2136 imperat
947 2069 1111 2137 (inter
1148 2069 1329 2123 omnia
1365 2084 1490 2123 vero
1518 2077 1786 2137 ponuntur
1816 2069 1978 2122 etiam
2010 2084 2113 2122 sae-

2216 1975 2343 2037 τοὺς
2371 1975 2566 2045 ἐφεξῆς
2611 1974 2812 2037 αἰῶνας
2861 1975 2934 2046 μὴ
2971 1979 3186 2046 κρατεῖν
3221 1978 3314 2028 καὶ
3357 1977 3644 2047 βασιλεύειν
3670 1977 3752 2029 σὺν

2217 2069 2390 2136 Πατρὶ
2421 2067 2516 2119 καί
2549 2065 2845 2135 Πνεύματι,
2881 2067 3021 2120 καθὰ
3053 2069 3146 2120 καὶ
3167 2067 3282 2131 νῦν,
3309 2071 3403 2121 καὶ
3430 2070 3532 2121 ἀεί.

543 2159 704 2229 cuia),
736 2161 823 2226 qui
863 2161 1074 2214 demum
1109 2176 1137 2213 a
1165 2163 1445 2230 prophetis
1469 2163 1643 2216 dictus
1674 2173 1758 2218 est
1803 2163 2006 2232 primus
2045 2171 2099 2217 et
2135 2160 2389 2230 deinceps
2421 2160 2521 2231 (4),
2578 2168 2633 2214 et
2682 2159 3047 2228 omnipotens,
3120 2163 3388 2228 quomodo
3445 2169 3614 2228 potest
3655 2141 3752 2213 ἐω-

543 2252 681 2306 culis
703 2253 959 2322 deinceps
983 2256 1174 2312 futuris
1201 2273 1304 2312 non
1328 2259 1615 2330 imperare,
1640 2276 1705 2316 ac
1733 2275 1961 2331 regnare
1989 2277 2110 2315 cum
2152 2259 2312 2312 Patre
2340 2268 2396 2312 et
2425 2259 2626 2324 Spiritu
2658 2257 2795 2310 sicut
2832 2270 2995 2315 nunc,
3037 2255 3108 2308 ita
3145 2266 3199 2309 et
3231 2255 3482 2324 semper?

613 2343 767 2410 Quod
797 2357 974 2400 autem
999 2348 1404 2404 interminatum
1434 2353 1504 2406 sit
1525 2351 1644 2420 ejus
1673 2369 1894 2422 regnum
1921 2356 2109 2424 (unum

541 2446 628 2490 est
686 2440 830 2492 enim
860 2439 1148 2494 indivisum
1199 2441 1482 2498 Trinitatis
1530 2448 1798 2513 regnum),
1829 2446 1881 2499 in
1938 2447 2112 2516 primo

541 2527 686 2600 λόγῳ
745 2530 822 2600 (5)
886 2529 1179 2600 Scriptura:
1225 2535 1550 2589 testimoniis
1601 2538 1905 2591 accnratius
1952 2547 2112 2606 atque

542 2623 826 2688 operosius
870 2624 1241 2678 conﬁrmatum
1284 2636 1388 2679 est.
1429 2625 1592 2680 Recte
1625 2628 1768 2681 enim
1802 2628 2108 2683 Gabrielem

542 2711 746 2768 dixisse
767 2724 1018 2770 constat:
1051 2716 1348 2785 «Regnabit
1372 2719 1446 2790 (6)
1468 2734 1630 2787 super
1667 2720 1885 2772 domum
1936 2720 2102 2775 Israel

545 2801 599 2856 in
631 2806 824 2858 Stentila
856 2847 872 2872 ,
908 2817 963 2861 et
998 2807 1146 2873 regni
1193 2805 1309 2875 ejus
1352 2823 1456 2863 non
1494 2810 1598 2863 erit
1635 2808 1789 2873 linis;
1817 2827 1834 2860 ι
1867 2819 1922 2862 et
1948 2809 2108 2862 Davi-

541 2894 664 2949 dem
692 2913 706 2950 :
733 2914 752 2948 ι
773 2895 1020 2952 Thronus
1047 2899 1123 2967 (7)
1147 2909 1292 2963 tuus,
1322 2899 1483 2964 Deus,
1520 2900 1575 2952 in
1609 2899 1863 2953 saeculum
1891 2900 2106 2955 saeculi:

543 2985 691 3055 virga
719 2989 1056 3042 rectitudinis
1078 2989 1224 3057 virga
1253 2989 1401 3059 regni
1427 2990 1500 3042 tui
1521 3004 1539 3055 ;
1562 2989 1798 3044 dilexisti
1819 2989 2106 3059 justitiam,

2283 2351 2405 2402 ’Ὂτι
2438 2349 2494 2402 δὲ
2541 2347 2890 2418 ἀτελεύτητος
2939 2346 3102 2399 αὑτοῦ
3153 2348 3185 2417 ἡ
3252 2347 3498 2418 βασιλεία
3533 2347 3742 2418 ὑπάρχει

2213 2443 2335 2517 (μία
2356 2445 2465 2517 γάρ
2485 2446 2632 2496 ἐστιν
2653 2443 2955 2512 ἀδιαίρετος
2975 2442 3074 2512 τῆς
3104 2442 3375 2514 Τριάδος),
3404 2444 3462 2494 ὲν
3481 2441 3556 2511 τῷ
3580 2440 3755 2512 πρώτῳ
3859 2468 3864 2472 ι

2216 2530 2360 2602 λόγῳ
2395 2529 2748 2601 ἐμαρτυρήθη
2783 2528 3328 2601 ὲξεργαστικώτερον,
3356 2533 3416 2584 ὲν
3442 2524 3522 2593 οἷς
3548 2528 3756 2600 Γαϐριὴλ

2213 2620 2340 2691 εὖγε
2386 2623 2633 2691 φαίνεται
2666 2622 2932 2693 εἰρηκώς·
2981 2640 2999 2672 ι
3036 2621 3353 2675 Βασιλεύσει
3404 2624 3495 2675 ἐπὶ
3521 2622 3608 2676 τὸν
3631 2617 3756 2674 οἷκον

2226 2713 2440 2785 Ἰσραὴλ
2485 2716 2564 2777 εἰς
2594 2713 2719 2777 τοὺς
2752 2712 2984 2777 αἰῶνας,
3018 2714 3112 2766 καὶ
3158 2713 3257 2783 τῆς
3307 2712 3581 2784 βασιλείας
3613 2710 3755 2765 αὐτοῦ

2213 2806 2313 2859 οὐκ
2345 2804 2496 2858 ἔσται
2533 2803 2722 2867 τέλος·
2764 2823 2781 2854 ι
2829 2793 2919 2856 καὶ
2959 2804 3120 2856 Δαυῖδ
3143 2821 3156 2834 ο
3194 2823 3213 2855 ι
3268 2805 3326 2856 Ὀ
3375 2805 3559 2875 θρόνος
3592 2821 3708 2864 σου,
3733 2803 3758 2854 6

2214 2896 2377 2959 Θεὸς,
2409 2897 2490 2958 εἰς
2521 2894 2610 2948 τὸν
2643 2893 2814 2948 αἰῶνα
2845 2892 2938 2946 τοῦ
2976 2893 3200 2968 αἰῶνοςς
3234 2894 3431 2964 ῥάϐδος
3475 2894 3754 2962 εὐθύτητος,

2213 2987 2245 3056 ἡ
2283 2985 2474 3056 ῥάϐδος
2506 2985 2604 3054 τῆς
2635 2984 2908 3054 βασιλείας
2939 3001 3031 3036 σου
3053 3001 3066 3014 ο
3099 2985 3393 3060 ἠγάπησας
3419 2983 3756 3052 δικαιοσύνην,

543 3087 598 3131 et
654 3077 815 3132 odisti
865 3078 1246 3148 iniquitatem;
1283 3090 1564 3149 propterea
1595 3083 1748 3134 unxit
1807 3091 1890 3144 te,
1943 3080 2102 3146 Deus,

2213 3079 2300 3130 καὶ
2332 3077 2598 3146 ἐμίσησας
2629 3075 2869 3129 ἀδικίαν·
2903 3076 2990 3128 διὰ
3020 3074 3174 3128 τοῦτο
3207 3075 3393 3147 ἔχρισε
3439 3093 3517 3138 σε,
3586 3074 3696 3136 Θεὲ,
3733 3072 3758 3122 ὀ

543 3167 686 3223 Deus
717 3179 858 3234 tuus,
874 3169 992 3223 oleo
1016 3169 1214 3224 ltetitize
1234 3187 1340 3238 prae
1359 3171 1709 3240 participibus
1751 3172 1875 3226 tuis.
1902 3190 1922 3224 ι
1957 3170 2108 3236 Quod

543 3271 672 3312 vero
709 3259 901 3312 attinet
942 3260 1008 3312 ad
1059 3259 1148 3313 illa
1187 3259 1338 3314 Pauli
1383 3262 1544 3315 verba
1568 3261 1644 3330 (8)
1676 3279 1688 3314 :
1722 3279 1740 3312 ι
1770 3259 1838 3315 Ut
1871 3261 1942 3314 sit
1972 3260 2110 3315 Deus

543 3352 721 3403 omnia
749 3350 802 3404 in
835 3351 1108 3416 omnibus,
1146 3371 1166 3404 ι
1197 3367 1259 3406 ea
1292 3353 1455 3406 Deum
1505 3353 1722 3422 quidem
1776 3353 1851 3423 (9)
1879 3353 2111 3406 maxime

544 3441 820 3509 denotant,
847 3457 944 3498 nec
956 3457 1236 3512 personam
1249 3443 1410 3514 392
1434 3459 1462 3497 ιι
1487 3459 1713 3514 persona
1738 3444 2109 3513 distinguunt:

545 3533 614 3587 iis
659 3544 836 3588 tamen
883 3535 1082 3589 similia
1115 3537 1254 3590 idem
1297 3536 1584 3604 Apostolus
1631 3537 1822 3590 scribit
1857 3537 1920 3589 de
1947 3535 2104 3591 Filio.

548 3625 803 3681 Romanis
837 3628 1091 3696 quidem:
1123 3646 1142 3680 ι
1170 3628 1247 3682 Ex
1282 3629 1476 3698 quibus
1506 3628 1617 3700 (l0)
1644 3627 1992 3684 estChrisms
2023 3643 2109 3682 se-

545 3719 777 3772 cundum
819 3733 1066 3786 carnem,
1123 3721 1213 3788 qui
1245 3730 1330 3775 est
1356 3720 1408 3774 in
1435 3721 1688 3776 omnibus
1725 3721 1906 3785 Deus;
1939 3739 1956 3772 ι
2001 3719 2105 3775 Co-

545 3807 880 3864 lossensibus
933 3825 1060 3865 vero
1106 3811 1172 3865 de
1222 3811 1407 3865 futuro
1459 3810 1656 3866 saeculo
1718 3811 1946 3881 loquens
1991 3811 2106 3864 ait:

550 3899 698 3958 «Ubi
746 3901 856 3970 (ii)
899 3917 1003 3956 non
1047 3911 1134 3956 est
1177 3901 1430 3968 Graecus,
1480 3912 1534 3956 et
1572 3901 1822 3969 Iudaeus,
1870 3901 2110 3974 Scytha,

2214 3170 2344 3232 Θεός
2397 3185 2488 3221 σου
2532 3168 2707 3221 ἔλαιον
2751 3167 3123 3235 ἀγαλλιάσεως
3171 3169 3320 3238 παρὰ
3359 3170 3486 3230 τοὺς
3529 3165 3761 3236 μετόχους

2217 3278 2330 3314 σου.
2389 3280 2408 3312 ι
2465 3261 2598 3332 Περὶ
2638 3260 2692 3312 δὲ
2735 3259 2828 3312 τοῦ
2863 3260 3114 3329 γράφειν,
3165 3279 3184 3312 ι
3227 3260 3342 3313 ’Ὶνα
3466 3263 3494 3313 ὀ
3539 3259 3662 3319 Θεὸς
3704 3253 3760 3307 τὰ

2216 3353 2391 3406 πάντα
2437 3354 2494 3405 ὲν
2550 3354 2736 3416 πᾶσιν,
2786 3371 2805 3404 ι
2865 3352 3096 3422 μάλιστα
3147 3353 3246 3423 μὲν
3303 3353 3630 3424 ἀδιακρίτως
3665 3346 3762 3417 ἔχει

2215 3447 2366 3507 Θεὸν,
2398 3447 2544 3516 ὅμως
2592 3446 2946 3518 παραπλήσια
2973 3445 3158 3500 τούτου
3196 3448 3224 3498 ὁ
3266 3446 3433 3511 αὐτὸς
3473 3439 3763 3502 Ἀπόστολος

2213 3538 2410 3608 γράφει
2440 3539 2566 3608 περὶ
2606 3538 2699 3591 τοῦ
2733 3538 2884 3604 Υἰοῠ,
2941 3539 3229 3609 Ῥωμαίοις
3263 3541 3400 3610 μέν’
3437 3557 3457 3590 ι
3511 3536 3598 3601 Ἐξ
3641 3527 3709 3587 ὧν
3740 3531 3766 3582 6

2213 3627 2446 3698 Χριστὸς
2474 3629 2534 3680 τὸ
2575 3626 2698 3699 [187
2743 3628 2796 3700 b]
2827 3629 2966 3683 κατὰ
3019 3631 3216 3701 σάρκα,
3261 3633 3288 3684 6
3326 3631 3404 3684 ὢν
3439 3631 3533 3682 ἐπὶ
3567 3627 3764 3680 πάντων

2208 3719 2337 3783 Θεὸς
2359 3737 2375 3752 ο
2419 3738 2438 3772 ι
2476 3720 2840 3773 Κολοσσαεῦσι
2878 3721 2935 3774 δὲ
2963 3722 3091 3793 περὶ
3131 3721 3225 3776 τοῦ
3262 3722 3548 3793 μέλλοντος
3593 3717 3766 3777 αἰῶνος

2208 3810 2614 3880 διαλεγόμενος,
2649 3811 2845 3880 φησίν·
2885 3831 2903 3864 ι
2959 3813 3133 3867 Ὅπου
3181 3814 3281 3868 οὒκ
3326 3814 3410 3868 ἔνι
3443 3813 3639 3882 Ἕλλην
3685 3807 3766 3861 καὶ

2223 3903 2491 3966 Ἰουδαῖος,
2520 3902 2754 3973 Σκύθης,
2786 3903 2988 3967 δοῦλος,
3021 3905 3326 3977 ἐλεύθερος,
3351 3906 3491 3960 ἀλλὰ
3517 3904 3586 3958 τὰ
3609 3901 3767 3955 πάντα

543 4007 757 4061 servus,
782 3993 939 4059 liber,
979 3995 1072 4049 sed
1106 3995 1287 4048 omnia
1325 3996 1378 4048 in
1407 3994 1660 4048 omnibus
1692 3992 1974 4057 Christus;
2007 4012 2026 4044 ι
2059 4001 2109 4047 et

2213 3992 2270 4045 ὲν
2299 3994 2430 4046 πᾶσι
2463 3992 2726 4063 Χριστός⁹
2770 4011 2788 4044 ι
2821 3995 2915 4046 καὶ
2957 3995 3117 4048 πάλιν
3153 3997 3280 4067 περὶ
3321 3997 3424 4068 τῆς
3467 3990 3767 4062 Ἐκκλησίας

547 4099 739 4141 rursus
763 4088 828 4140 de
859 4085 1101 4142 Ecclesia
1128 4086 1376 4142 scribens
1402 4086 1478 4140 ait
1505 4103 1520 4140 :
1556 4103 1574 4138 ι
1602 4085 1732 4152 Quae
1757 4095 1840 4140 est
1862 4085 1971 4156 (i2)
1993 4100 2109 4140 cor-

2213 4083 2459 4154 γράφων,
2486 4084 2666 4154 φησιν’
2700 4103 2719 4136 ι
2755 4085 2911 4149 Ἤτις
2936 4087 3082 4140 ἐστὶν
3110 4086 3172 4140 τὸ
3201 4087 3360 4148 σῶμα
3388 4087 3484 4141 τοῦ
3511 4086 3580 4140 τὰ
3609 4082 3766 4136 πάντα

636 4263 726 4335 99)
757 4263 924 4335 Quid.
952 4264 1082 4322 Luc.
1117 4281 1193 4331 ιι,
1218 4266 1309 4322 49.
1941 4333 1960 4335 ᾗ
2219 4263 2556 4323 daemones...
2589 4267 2823 4321 humana
2858 4281 3021 4319 carne
3044 4268 3251 4330 vestiri,
3277 4277 3338 4322 ut
3375 4277 3498 4321 acta
3535 4264 3766 4328 deinceps

643 4333 713 4409 ι)
740 4333 814 4409 ,1η
860 4335 1011 4409 domo
1061 4336 1237 4409 Patria
1279 4335 1553 4409 mei._Pt_'o_
1590 4335 1676 4390 his
1715 4335 1896 4409 verbis
1925 4333 2111 4409 Caeca
2221 4335 2533 4409 pmnitentia
2573 4348 2693 4406 post
2723 4337 3169 4391 resurrectionem
3218 4339 3406 4392 eodem
3457 4336 3767 4409 circulogup

545 4421 608 4458 ac
626 4401 829 4458 Latina
875 4405 1044 4460 Biblia
1080 4408 1278 4463 habent
1308 4425 1323 4462 :
1361 4425 1379 4459 t
1410 4407 1465 4460 In
1502 4407 1586 4461 his
1631 4421 1750 4475 qua:
1795 4405 1972 4460 Patris
2008 4403 2109 4458 mei
2145 4451 2188 4475 ἢ
2310 4420 2526 4457 carnem
2568 4401 2844 4468 venerant,
2881 4417 3222 4460 revertantur
3269 4409 3335 4460 ad
3371 4401 3764 4460 viciniam'Dei.

543 4484 691 4548 sunt.
719 4493 777 4548 t__
853 4546 861 4548 _
938 4451 967 4460 η
995 4451 1278 4548 ’.η-Απ-
1308 4451 1323 4462 ’
1502 4451 1584 4548 ’.ἴ
1634 4451 1666 4475 Ἰ
1706 4451 1750 4461 w
1867 4544 1877 4548 _
1947 4544 1958 4548 Δ
2019 4545 2029 4548 _
2144 4451 2188 4506 D
2215 4473 2423 4548 liberati
2454 4476 2614 4528 etiam
2645 4451 3767 4548 aereisvzethereisqne'cor.poribtts,ettuné

617 4543 694 4611 (ἰ)
732 4544 797 4599 Et
827 4546 1113 4601 descendit.
1155 4546 1286 4601 Luc.
1321 4562 1377 4609 ιι,
1410 4546 1496 4614 5|.
1525 4545 1712 4600 Grzeca
1751 4544 1916 4614 editio
1947 4544 2106 4614 habet
2207 4543 2388 4614 omnia
2415 4560 2585 4614 genua
2621 4555 2842 4599 curvent
2884 4543 3014 4606 Deo.
3051 4547 3388 4610 caelestium,
3423 4544 3764 4600 terrestrium,

542 4614 744 4686 κατέϐη
775 4633 871 4685 pro
921 4616 1183 4686 κατῆλθεν
1220 4635 1234 4671 :
1273 4627 1328 4672 et
1376 4613 1630 4687 Ναζαρέτ
1669 4631 1766 4686 pro
1811 4612 2064 4684 Ναζαρέθ
2088 4630 2102 4645 ·

2213 4623 2260 4687 et
2311 4612 2676 4687 infernarum,
2723 4625 2778 4668 et
2825 4617 2895 4668 sit
2929 4615 3066 4687 Deus
3116 4617 3295 4687 omnia
3338 4617 3391 4670 in
3447 4615 3759 4687 omnibus.»

543 4698 608 4737 ac
637 4683 886 4740 nonnulla
917 4683 1083 4740 addit.
1538 4683 1549 4687 ⁷
1670 4683 1686 4686 ⁷
1975 4683 1979 4684 “
2207 4686 2276 4753 At
2333 4683 2588 4753 Didymus
2636 4687 2882 4738 eumdem
2931 4685 3082 4740 Pauli
3129 4686 3306 4740 locum
3360 4687 3454 4740 hic
3507 4683 3765 4752 eXplicans

617 4753 691 4822 (3)
730 4755 952 4810 Factus.
980 4755 1209 4823 Philipp.
1243 4770 1308 4819 ιι,
1337 4755 1389 4810 8.
2208 4752 2338 4807 nihil
2371 4752 2474 4823 tale
2504 4754 2680 4823 docet.

617 4819 694 4895 (4)
746 4824 959 4879 Primus
1009 4835 1055 4878 et
1105 4819 1363 4893 deinceps.
1412 4825 1512 4880 lsa.
1566 4841 1694 4895 xu.
1735 4823 1790 4888 4,
1845 4824 2040 4892 legitur
2085 4841 2100 4879 :
2279 4823 2352 4891 (9)
2392 4822 2469 4875 Ea
2521 4821 2684 4895 Deum
2719 4827 3104 4895 quident,ietc.
3137 4825 3382 4880 Similem
3457 4819 3762 4895 sententiam

719 4898 747 4949 6
769 4895 1156 4979 Gsbgjrpqi'fog,
1191 4883 1386 4977 xailei;
1410 4897 1480 4947 τὰ
1499 4883 1860 4979 ἐπερχόμενα.
1889 4883 2103 4975 Fit-cap.

2213 4883 2742 4979 aut‘rcspoitsioneni
2772 4883 3418 4979 Italie‘t'Hieronyutusin
3450 4892 3672 4976 epistola
3706 4883 3766 4940 55

545 4961 687 5035 κων,
721 4980 862 5019 vers.
899 4967 932 5018 6
956 4961 1152 5035 είἘγὼ
1195 4964 1430 5035 πρῶτος.
1462 4966 1555 5018 καὶ
1582 4961 1855 5035 ἔτ’ὼμετὰ
1881 4961 2062 5018 ταῦτα
2089 4983 2102 5018 :

2213 4963 2274 5015 ad
2295 4961 2616 5035 Amandum,
2647 4979 2875 5035 eaiuqne
2899 4964 3124 5019 fortasse
3150 4961 3218 5035 ex,
3251 4964 3466 5035 Didymi
3488 4961 3763 5016 commen-

545 4982 687 5028 μιν,
721 4982 862 5019 vers.
899 4982 970 5020 οε
1018 4982 1152 5032 ιιγω
1195 4982 1430 5035 πρωτος.
1462 4982 1555 5018 και
1582 4982 1608 5017 ε
1646 4983 1690 5016 ω
1719 4982 1855 5034 μετα
1881 4982 2052 5018 ταυτα
2089 4983 2102 5018 :
2207 4982 2272 5015 aa
2295 4982 2616 5028 amanaum,
2647 4982 2875 5032 eamque
2899 4982 3124 5019 tortasse
3150 4982 3213 5017 ex
3251 4982 3466 5035 umymt
3504 4982 3751 5016 couuucu-

542 5034 872 5104 Alterntrnm
900 5051 966 5090 ex
990 5033 1074 5088 his
1099 5035 1234 5089 locis
1257 5035 1493 5102 respicit,
1530 5035 1581 5088 ui
1611 4982 1792 5097 iallor,
1829 5035 2103 5104 Didymus.
2210 5034 2381 5104 tariis_
2406 5031 2794 5104 in__Epistolam
2825 5035 3048 5100 primam
3087 5036 3155 5104 agt
3181 5033 3486 5104 Corinthiqu
3514 5037 3751 5104 mutual"-

2209 5114 2310 5156 est.
2342 5101 2420 5154 En
2451 5101 2756 5173 Hieronymi
2792 5099 2949 5156 verba
2978 5119 2990 5155 :
3041 5121 3060 5155 ι
3089 5101 3206 5156 Νοιι
3241 5106 3335 5167 ait,
3375 5121 3396 5153 ι
3441 5102 3511 5158 Ut
3531 5100 3601 5155 sit
3625 5099 3766 5152 Pater

2214 5189 2232 5222 ι
2263 5174 2439 5225 omnia
2485 5174 2537 5225 in
2576 5176 2844 5234 omnibus,
2878 5191 2896 5222 ι
2953 5175 3045 5228 sed
3101 5191 3118 5223 ι
3149 5183 3208 5226 ιιι
3236 5175 3306 5226 sit
3343 5174 3489 5227 Deus
3524 5189 3537 5224 :
3573 5188 3590 5221 ι
3641 5178 3756 5233 tiu“

2208 5241 2484 5310 proprium
2522 5257 2712 5310 nomen
2745 5252 2829 5296 est
2859 5242 3142 5297 Trinitatis
3162 5285 3176 5307 ,
3202 5253 3257 5296 et
3289 5254 3398 5296 tarn
3425 5244 3490 5295 ad
3520 5241 3721 5310 Patrem
3747 5270 3759 5295 ι

2209 5326 2368 5380 quam
2403 5315 2469 5366 ad
2498 5309 2688 5366 Filiqu
2716 5351 2730 5377 ,
2759 5322 2812 5366 et
2843 5313 3101 5382 Spiritum
3148 5323 3396 5368 sanctum
3439 5309 3629 5365 referri
3677 5320 3762 5374 po.

2209 5390 2331 5436 test.
2364 5399 2382 5432 ι

2280 5451 2391 5520 (10)
2441 5451 2526 5506 Ea:
2551 5452 2756 5520 quibus.
2797 5450 2952 5506 Rom.
2988 5450 3142 5520 Ix,5.

2211 5522 2216 5525 ’
2279 5511 2391 5590 (il)
2431 5511 2573 5578 Ubi:
2597 5522 2804 5576 Coloss.
2835 5536 2918 5586 ιιι,
2948 5521 3031 5574 li.
3052 5511 3201 5590 Vide
3227 5531 3337 5583 not.
3364 5521 3457 5584 12,
3489 5533 3609 5590 pag.
3644 5511 3726 5590 g9.

2280 5583 2400 5664 (ιὲ)Δ
2426 5593 2554 5664 Qui:
2584 5603 2686 5664 eu.
2718 5583 2913 5664 Ephes.
2955 5592 3122 5664 t_._25.
3173 5589 3354 5664 Graeca
3401 5583 3611 5664 edi-tio}
3651 5583 3762 5664 ἥτις

2209 5656 2326 5732 ἐστὶ
2348 5656 2408 5714 τὸ
2441 5661 2598 5730 σῶμα
2627 5661 2814 5732 αὑτοῦ,
2839 5660 2898 5713 τὸ
2921 5660 3196 5732 πλῄρωμα
3223 5660 3316 5732 τοῦ
3344 5661 3534 5716 πάντα
3561 5656 3618 5709 ὲν
3643 5656 3762 5706 πᾶσι

2209 5729 2606 5802 πληρουμένου.
2638 5731 2771 5790 Vide
2803 5740 2917 5788 not.
2954 5729 3046 5799 10,
3068 5729 3189 5802 pag.
3215 5729 3307 5788 29.

544 5103 790 5227 “$591M
824 5107 992 5172 primo
1027 5105 1208 5174 λόγῳ.
1250 5105 1332 5158 An
1375 5105 1594 5176 respicit
1635 5113 1795 5174 caput
1834 5104 1897 5159 3i
1933 5103 2106 5174 primi

613 5242 689 5384 (6)
726 5243 998 5312 Regnabit.
1030 5242 1163 5298 Luc.
1198 5261 1249 5311 ι,
1280 5244 1371 5299 52.

622 5313 991 5400 ἡυηᾙιιόηιιε.
1038 5313 1177 5369 Psal.
1232 5328 1379 5380 κων,
1411 5312 1446 5369 8
1500 5321 1555 5370 et
1589 5313 1646 5368 9.
1692 5312 1826 5369 Vide
1869 5321 1982 5369 not.
2013 5313 2102 5377 45,

826 5453 892 5507 sit
921 5452 1060 5508 Deut
1081 5414 1257 5507 omnia
1281 5455 1334 5535 in
1366 5454 1627 5535 omnibus.
1658 5451 2108 5535 Celebrem’hunc

543 5518 691 5594 Pauli
724 5522 896 5594 locum
937 5538 1216 5592 perperam
1275 5525 1343 5578 ab
1372 5522 1600 5594 Origene
1629 5534 1907 5594 acceptum
1943 5521 2109 5594 fuisse

544 5590 748 5648 iudicat
789 5589 1146 5664 Hieronymus
1185 5594 1245 5664 in
1279 5594 1418 5649 libro
1443 5589 1691 5664 adversus
1725 5589 1985 5664 Joannem
2011 5589 2108 5645 Je-

546 5663 979 5732 roaolymitanum
998 5663 1156 5717 num.
1187 5663 1252 5717 16
1283 5665 1366 5719 his
1395 5663 1575 5719 verbis
1601 5680 1615 5717 :
1677 5681 1696 5715 ι
1738 5663 2102 5732 Quaerimus...

542 5746 611 5786 an
661 5732 908 5796 Orittenis
949 5735 1214 5791 sententia
1255 5735 1324 5790 sit
1373 5748 1535 5800 vera,
1581 5734 1673 5801 qui
1723 5733 1925 5790 dixit...
1963 5731 2108 5802 ipsos
