4060 6406
464 5818 479 5856 1

584 359 690 418 899

1821 353 2058 410 DIDYMI
2092 345 2557 409 ALEXANDBINI

3667 370 3749 425 900

583 479 730 526 sunt.
762 488 784 523 ο
826 466 1008 540 Neque
1055 481 1185 524 vero
1225 468 1481 539 majorem
1530 466 1686 522 ﬁdem
1724 467 1984 522 habemus
2028 465 2141 518 Deo

2257 467 2455 529 σαντάς
2487 484 2553 537 με
2587 466 2896 536 βασιλεῦσαι
2923 469 3011 522 ἐπ’
3036 470 3252 536 αὐτοὺς,
3297 472 3518 542 ἀγάγετε
3547 469 3651 532 ὧδε.
3681 482 3754 533 καὶ

583 571 640 615 et
663 561 808 615 Patri
839 561 1038 616 dicenti
1068 578 1084 615 :
1120 577 1138 611 ι
1164 559 1261 615 llic
1287 571 1369 615 est
1395 559 1700 631 (28)'Filius
1723 573 1876 614 meus
1896 557 2148 619 dilectus,

2256 557 2636 626 κατασφάξατε
2669 558 2976 631 ἔμπροσθέν
3001 577 3123 632 μου.
3170 580 3190 613 ι

586 654 642 708 in
675 669 786 724 quo
832 655 970 710 bene
1011 656 1330 726 complacui.
1362 673 1381 707 ι
1439 654 1622 723 Itaque
1659 669 1724 709 ex
1774 655 1920 725 regio
1947 653 2147 707 throno
2183 649 2469 706 descende.
2517 653 2658 709 Hinc
2702 655 2780 721 ﬁt,
2828 664 2886 710 ut
2927 657 3190 712 terribilia
3249 657 3316 712 de
3376 658 3499 729 ipsis
3527 666 3643 731 apud
3667 663 3758 718 Lu-

521 777 524 780 ~
585 760 707 800 cam
760 746 813 800 in
893 747 1149 816 parabola
1231 746 1715 815 pronuntiaverit;
1785 745 1864 799 ait
1908 745 2052 799 enim
2104 741 2310 810 angelis
2355 760 2370 798 :

2429 763 2448 795 ι
2485 745 2591 800 llos
2647 762 2794 803 meos
2849 747 2962 819 (29)
3008 749 3299 818 inimicos,
3371 752 3458 822 qui
3519 756 3758 812 noluerunt

586 853 675 896 me
723 850 953 907 regnare
1001 852 1164 907 super
1216 836 1384 906 ipsos,
1433 836 1609 891 ducite
1658 837 1786 902 huc,
1823 843 1878 891 et
1908 841 2143 889 mactate
2177 846 2362 887 coram
2392 851 2498 890 me.
2525 855 2545 889 ι

1199 926 1352 981 CAP.
1397 927 1538 982 XXI.

657 1016 794 1072 Cum
843 1031 906 1071 ea
959 1031 1079 1086 quae
1126 1017 1192 1070 ad
1244 1019 1607 1088 designandas
1657 1019 1922 1074 humanas
1948 1018 2149 1074 Christi

585 1109 894 1165 aﬂ‘ectiones
922 1110 1067 1164 dicta
1097 1118 1223 1164 sunt
1251 1110 1304 1164 in
1335 1110 1640 1180 Scriptura,
1673 1111 1782 1167 Deo
1806 1110 2006 1176 Verbo,
2042 1126 2148 1166 non

586 1217 724 1258 vero
774 1203 1113 1270 mconomiaa,
1166 1203 1217 1256 id
1273 1211 1354 1256 est
1405 1203 1788 1268 lncarnationi,
1833 1203 2146 1272 applicanda

590 1307 714 1348 esse
739 1291 852 1362 (50)
887 1292 1054 1348 velint
1101 1293 1361 1359 haeretici,
1405 1294 1574 1360 aiunt,
1623 1309 1744 1350 eum
1788 1295 1987 1348 factum
2029 1307 2148 1348 esse

581 1399 803 1439 carnem
834 1384 1190 1438 inanimatam
1220 1401 1234 1438 :
1269 1394 1324 1439 et
1353 1385 1508 1454 quasi
1543 1385 1858 1454 pmnitentia
1891 1400 2000 1454 pra:
2027 1398 2149 1454 ago-

583 1477 672 1529 nia
701 1475 895 1529 tlllClllS
943 1475 1054 1546 (51)
1106 1476 1268 1530 fuerit
1293 1477 1357 1541 is,
1388 1477 1477 1545 qni
1505 1489 1590 1530 est
1619 1492 1847 1546 magnus
1878 1477 2017 1530 Deus
2044 1475 2148 1528 im-

580 1567 877 1631 mutabilis,
907 1576 966 1622 et
991 1570 1361 1638 incorruptus,
1395 1575 1486 1620 ant
1513 1569 1668 1639 quasi
1701 1584 1765 1622 ex
1801 1568 2144 1634 necessitate,

581 1673 686 1713 non
719 1673 850 1713 vero
885 1658 1207 1723 voluntarie,
1259 1668 1314 1714 et
1353 1658 1583 1714 libenter
1623 1660 1832 1729 agonia:
1878 1659 2146 1714 obnoxius

580 1745 768 1813 fuerit,
817 1757 908 1802 aut
934 1747 1091 1818 quasi
1138 1748 1302 1803 etiam
1359 1750 1582 1803 omnino
1632 1765 1738 1803 non
1794 1749 2049 1819 potuerit,
2103 1749 2150 1803 si

593 1838 880 1906 voluisset,
939 1854 1003 1894 ea
1048 1841 1271 1906 evitare,
1328 1856 1447 1911 quae
1494 1842 1546 1896 in
1591 1855 1750 1896 cruce
1805 1857 1993 1908 passus
2046 1852 2148 1909 est,

583 1940 997 1986 contemnentes
1051 1946 1194 1996 eam,
1225 1947 1346 2002 qua:
1381 1933 1530 1986 nullo
1562 1933 1722 1987 modo
1757 1935 2149 1988 contemnenda

581 2030 689 2085 est,
755 2021 1034 2087 deitatem,
1082 2020 1257 2075 eidem
1300 2024 1626 2091 exprobrant
1661 2033 1714 2078 et
1744 2023 1893 2088 illud,
1924 2026 2066 2094 quod
2094 2024 2147 2079 in

578 2110 832 2167 Matthazo
885 2111 1129 2182 legitur:
1175 2111 1382 2167 «Pater
1439 2112 1576 2184 ('52),
1627 2113 1673 2169 si
1736 2115 1990 2184 possibile
2043 2123 2148 2179 est,

583 2213 822 2260 transeat
866 2204 1008 2258 calix
1062 2202 1166 2258 iste
1193 2221 1208 2271 ;
1233 2222 1254 2252 ι
1289 2213 1344 2260 et
1389 2205 1516 2259 illud
1548 2222 1562 2258 :
1601 2224 1619 2257 ι
1651 2205 1808 2259 Salva
1834 2205 1945 2276 (55)
1977 2220 2061 2260 me
2083 2222 2152 2261 ex

579 2294 684 2348 hac
736 2295 910 2362 hora;
945 2313 962 2346 ι
999 2305 1053 2350 et
1107 2294 1260 2358 illud,
1317 2297 1462 2365 quod
1487 2296 1539 2350 in
1574 2311 1736 2352 cruce
1767 2296 1970 2352 dictum
2005 2297 2146 2352 fuit:

584 2396 605 2431 ι
632 2378 775 2435 Deus
820 2397 997 2444 meus,
1051 2383 1194 2437 Dens
1242 2383 1354 2454 (54)
1400 2399 1572 2450 meus,
1615 2401 1783 2456 quare
1816 2387 2147 2456 dereliquisti

581 2470 738 2524 me?»
774 2479 828 2523 et
862 2471 992 2525 illud
1023 2489 1036 2525 :
1069 2489 1087 2522 ι
1111 2469 1303 2527 Tristis
1328 2473 1440 2542 (55)
1478 2483 1565 2529 est
1605 2475 1782 2528 anima
1824 2491 1938 2529 mea
1978 2492 2150 2546 usque

577 2559 644 2612 ad
714 2568 979 2626 mortem;
1012 2578 1031 2612 ι
1100 2572 1155 2615 et
1210 2565 1354 2632 quod
1411 2562 1746 2634 lacrymatus
1804 2564 1916 2637 (56)
1977 2567 2141 2625 fuerit

576 2661 798 2719 propter
825 2649 990 2723 39E
1047 2651 1347 2718 Lazarum;
1390 2661 1446 2708 et
1486 2655 1630 2723 quod
1681 2655 1844 2711 veluti
1888 2657 2148 2730 defatiga-

579 2751 667 2795 tus
706 2741 821 2812 (57)
870 2757 934 2796 ex
985 2742 1179 2797 itinere
1223 2743 1567 2812 requieverit,
1612 2755 1666 2801 et
1715 2748 1853 2817 quod
1891 2749 2146 2818 oraverit,

577 2841 632 2885 et
663 2833 841 2886 cibum
871 2833 1214 2902 appetiverit,
1254 2842 1308 2888 et
1331 2833 1506 2899 sitim,
1541 2846 1599 2891 et
1631 2851 1881 2894 somnum
1917 2840 1970 2894 in
2005 2841 2152 2896 navi.

577 2922 698 2978 cula
763 2938 952 2992 passus
1009 2924 1083 2979 sit
1123 2923 1317 2994 (apage
1383 2925 1810 2999 inﬁdelitatem);
1866 2941 1928 2986 et
1978 2932 2148 2989 illud:

2866 933 3024 987 ΚΕΦ.
3066 936 3196 992 KA'.

2317 1021 2660 1092 Προσάπτειν
2688 1023 2790 1076 πού
2826 1043 2909 1078 τοι
2935 1025 3012 1097 τῷ
3047 1027 3164 1098 Θεῷ
3187 1029 3364 1099 Λόγῳ,
3397 1030 3484 1084 καὶ
3521 1050 3576 1086 ου
3607 1038 3664 1106 τῇ
3697 1039 3762 1092 ol-

2245 1114 2508 1186 κονομίᾳ,
2558 1116 2627 1168 τά
2678 1116 3121 1188 άνθρωποπαθῶς
3167 1120 3426 1191 λεχθέντα
3477 1125 3762 1198 βουλόμενοι,

2193 1244 2203 1252 ..
2246 1203 2425 1275 σάρκα
2497 1205 2700 1277 ἄψυχον
2760 1210 3084 1281 γεγενῆσθαι
3152 1214 3312 1268 αὑτὸν
3372 1216 3634 1286 λέγουσιν·
3690 1225 3768 1276 κιύ⁹

2243 1295 2444 1350 ὡσανεὶ
2477 1298 2568 1352 ὑπ’
2609 1299 2846 1367 ἀγωνίας
2878 1304 3298 1377 μεταμελομένῳ
3324 1308 3402 1379 τῷ
3440 1311 3668 1383 ἀτρέπτῳ
3691 1317 3767 1367 καὶ

2244 1389 2504 1462 ἀκηράτῳ
2544 1392 2763 1463 μεγάλῳ
2804 1392 2920 1464 Θεῷ
2941 1435 2956 1460 ,
2991 1394 3024 1465 ἢ
3069 1396 3145 1460 ὡς
3186 1398 3244 1464 ἐξ
3274 1400 3544 1472 ἀνάγκης,
3583 1405 3667 1457 καὶ
3690 1406 3771 1474 οὐχ

2243 1481 2421 1535 ἑκοντὶ
2464 1483 2558 1536 κα)¹
2601 1483 2871 1555 ἀσμένως,
2941 1486 3034 1539 ἐπὶ
3073 1486 3198 1559 [188
3235 1489 3287 1561 b]
3327 1491 3525 1564 ταύτην
3559 1493 3768 1552 ἐλθόντι.

2241 1572 2274 1643 ἢ
2322 1574 2416 1628 καὶ
2460 1573 2536 1638 ὡς
2592 1574 2666 1647 μὴ
2692 1576 2971 1648 δυναμένῳ
3001 1578 3098 1650 τὴν
3146 1581 3348 1653 ἀρχὴν,
3402 1586 3451 1636 εί
3493 1585 3687 1657 ἢθελεν,
3716 1587 3774 1640 τά

2249 1663 2378 1735 περὶ
2410 1663 2501 1717 τὸν
2541 1665 2771 1736 σταυρὸν
2812 1667 3146 1739 ἀποστῆσαι*
3186 1670 3328 1724 οὕτω
3363 1675 3774 1746 περιφρονοῦντες

2249 1755 2348 1825 τῆς
2377 1755 2822 1828 ἀκαταφρονήτου
2850 1757 3122 1830 θεότητος,
3155 1760 3499 1828 ὀνειδίζουσιν
3534 1765 3667 1835 αύτῴ
3699 1767 3775 1820 καὶ

2249 1845 2310 1898 τὸ
2349 1846 2408 1897 ἐν
2441 1846 2702 1918 Ματθαίῳ
2734 1849 3132 1921 ἐμφερόμενονο
3169 1872 3189 1905 ι
3229 1855 3413 1926 Πάτερ
3434 1896 3449 1918 ,
3491 1859 3536 1910 εί
3565 1857 3775 1924 δυνατὸν,

2250 1936 2566 2008 παρελθέτω
2599 1937 2662 1991 τὸ
2705 1943 2963 2012 ποτήριον
3009 1942 3203 1997 τοῦτο’
3245 1964 3262 1997 ι
3308 1947 3403 2000 καὶ
3432 1948 3512 2012 τὸ,
3565 1969 3582 2002 ι
3623 1949 3776 2001 Σῶσόν

2252 2046 2319 2100 με
2347 2033 2411 2083 ἐκ
2445 2031 2544 2102 τῆς
2577 2031 2725 2104 ὥρας
2757 2033 2988 2106 ταύτης’
3025 2054 3044 2088 ι
3080 2037 3174 2090 καὶ
3205 2038 3264 2092 τὸ
3289 2040 3347 2093 ἐν
3378 2040 3457 2112 τῷ
3495 2042 3696 2113 σταυρῷ
3718 2043 3782 2095 εί-

2251 2122 2517 2194 ρημένον’
2555 2143 2575 2176 ι
2624 2124 2726 2178 Θεέ
2765 2143 2886 2198 μου,
2933 2128 3032 2182 Θεέ
3080 2147 3206 2200 μου,
3255 2132 3342 2185 ἵνα
3374 2134 3427 2186 τί
3464 2133 3782 2203 ἐγκατέλιπές

2252 2232 2353 2285 με;
2389 2235 2408 2267 ›
2439 2216 2531 2269 καὶ
2561 2217 2643 2282 τὸ,
2690 2237 2709 2270 ι
2757 2219 3057 2290 Περίλυπός
3083 2223 3229 2274 ἐστιν
3261 2225 3294 2294 ή
3323 2225 3469 2296 ψυχή
3516 2242 3610 2294 μου
3648 2226 3809 2295 μέχρι’

2249 2305 2477 2361 Θανάτου
2498 2324 2511 2336 '
2552 2328 2572 2360 ι
2599 2309 2694 2363 καὶ
2723 2310 2782 2364 τὸ
2806 2311 3073 2382 δακρῦσαι
3101 2314 3261 2368 αὐτὸν
3300 2316 3394 2368 ἐπὶ
3424 2315 3677 2386 Λαζάρῳ·
3703 2317 3782 2367 καὶ

2248 2397 2308 2450 τὸ
2337 2398 2534 2451 ὡσανεὶ
2559 2403 2923 2456 κεκοπιακότα
2948 2403 3008 2467 ἐξ
3046 2405 3351 2475 ὁδοιπορίας
3381 2406 3784 2460 ἀναπαύσασθαι·

2248 2489 2430 2541 καὶτὸ
2471 2490 2904 2561 προσεύξασθαι*
2956 2495 3049 2547 κα)¹
3073 2496 3173 2566 τὴν
3214 2497 3313 2565 τῆς
3351 2499 3554 2568 τροφῆς
3586 2498 3786 2567 ἔφεσινσ

2248 2579 2342 2632 καὶ
2372 2578 2469 2651 τὴν
2492 2581 2679 2651 δίψαν·
2702 2583 2796 2636 καὶ
2823 2582 2913 2636 τὸν
2948 2585 3040 2636 ἐπ)⁵
3066 2585 3159 2638 τοῦ
3191 2586 3436 2656 σκάφους
3464 2586 3627 2641 ’ύπνον
3646 2605 3658 2618 ·
3686 2582 3790 2656 (φεῦ

2245 2669 2345 2740 τῆς
2373 2672 2733 2736 κακοπιστίας
2756 2673 2806 2744 1)
2838 2674 2932 2727 καὶ
2968 2675 3049 2740 τὸ,
3079 2695 3097 2727 ι
3142 2677 3318 2748 Ὠφθη
3355 2678 3585 2746 ἄγγελος
3612 2675 3790 2747 Κυρίου

2247 2760 2507 2831 ἐνισχύων
2549 2764 2711 2819 αὐτόν
2735 2783 2751 2799 ο
2791 2785 2810 2818 ι
2843 2768 2937 2820 καὶ
2968 2768 3068 2820 ὅσα
3108 2768 3357 2824 τοιαῦτα.
3401 2765 3497 2833 Οἷς
3527 2767 3792 2823 ἀντιϐαίνει

2249 2849 2416 2904 πάλιν
2462 2854 2560 2906 καὶ
2599 2853 2962 2910 ἐπανίσταται
3001 2857 3064 2910 τὸ
3102 2859 3504 2932 μαρτυρεῖσθαι
3549 2858 3681 2912 κατὰ
3711 2855 3792 2926 τὴν

2249 2939 2477 3014 θεότητα
2529 2942 2666 2998 εἶναι
2725 2945 2817 3001 ῐσα
2895 2948 3046 3019 Θεῷ·
3097 2952 3192 3004 καὶ
3235 2951 3312 3016 ὡς
3350 2953 3548 3006 ἐαυτδν
3591 2952 3798 3006 tm

583 3031 603 3066 ι
629 3013 892 3082 Apparuit
916 3014 1030 3085 (58)
1060 3016 1284 3086 angelus
1317 3017 1527 3072 Domini
1566 3023 1926 3080 corroborans
1956 3038 2132 3090 eum;»

2253 3013 2464 3106 μορφὴν
2492 3035 2677 3089 δούλου
2697 3037 2874 3092 λαϐὼν
2892 3055 2906 3068 ·
2939 3013 3032 3093 καὶ
3051 3041 3152 3096 ὅσα
3174 3013 3526 3116 προείρηται.
3557 3045 3662 3098 Καὶ
3687 3041 3798 3096 αὐτὸ

577 3113 633 3161 et
659 3106 763 3159 alia
797 3107 882 3162 his
904 3106 1104 3162 aﬂlnia.
1140 3107 1248 3164 Sed
1277 3110 1546 3166 haereticis
1587 3111 1718 3182 ipsis
1756 3115 1994 3171 vicissim
2038 3118 2136 3170 ad-

577 3206 868 3250 versantur
922 3211 986 3252 ac
1026 3208 1328 3268 repugnant
1365 3198 1681 3271 Scriptura),
1722 3219 1841 3272 qua!
1873 3213 2138 3263 testantur

575 3302 700 3342 eum
751 3289 1048 3343 secundum
1106 3290 1365 3346 deitatem
1417 3306 1539 3348 esse
1591 3295 1850 3363 aequalem
1913 3298 2056 3366 Deo;
2087 3309 2141 3354 et

574 3379 924 3448 semetipsum
952 3380 1315 3437 exinanivisse
1339 3382 1568 3437 formam
1604 3385 1742 3440 servi
1783 3388 2098 3456 accipiendo
2121 3428 2138 3455 ,

575 3481 633 3526 et
662 3485 724 3526 ea
754 3472 957 3538 omnia,
993 3487 1112 3542 quae
1143 3482 1300 3528 antea
1331 3473 1471 3530 dicta
1503 3485 1648 3530 sunt.
1677 3475 1816 3543 Quin
1852 3480 2012 3533 etiam
2039 3482 2141 3538 hoc

573 3558 753 3628 ipsum
804 3562 884 3615 eis
933 3563 1275 3629 adversatur,
1316 3565 1459 3633 quod
1499 3580 1625 3620 cum
1685 3567 1879 3623 ﬁducia
1913 3569 2137 3640 dixerit,

577 3665 598 3701 ι
619 3646 798 3714 Pater,
814 3666 832 3700 ι
859 3651 1068 3719 etquod
1095 3651 1210 3722 ipse
1236 3654 1438 3722 omnia,
1455 3669 1576 3725 qua:
1597 3657 1831 3713 animata
1849 3671 1994 3727 sunt,
2023 3664 2141 3718 ani-

572 3739 821 3803 maverit,
853 3747 909 3793 et
933 3741 1077 3808 quod
1109 3757 1388 3812 nunquam
1421 3746 1577 3814 quasi
1612 3747 1856 3803 minister
1883 3750 1961 3804 sic
1990 3752 2138 3808 locu-

573 3838 660 3883 tus
687 3831 758 3884 sit
788 3848 803 3886 :
843 3847 862 3882 ι
884 3831 941 3886 ln
971 3833 1192 3888 nomine
1229 3835 1348 3899 Dei,
1382 3854 1401 3887 ι
1443 3848 1539 3892 aut
1573 3857 1592 3891 ι
1614 3838 1795 3897 Patris
1842 3843 1946 3898 mei
1998 3845 2090 3900 ﬁat
2114 3865 2134 3900 ι

570 3935 736 3973 unum
777 3936 845 3975 ex
887 3922 954 3976 iis
991 3923 1291 3992 miraculis,
1327 3941 1445 3995 qua:
1481 3926 1647 3995 fecit;
1684 3936 2131 4000 quemadmodum

567 4011 816 4082 discipuli
848 4012 969 4083 ejus
1001 4013 1128 4079 illis,
1159 4031 1388 4085 quorum
1437 4021 1614 4075 morbi
1649 4032 1839 4088 curatu
1873 4025 2136 4094 dimciles,

566 4119 864 4172 quorumve
909 4120 1136 4175 corpora
1181 4109 1394 4164 inﬁrma
1437 4123 1613 4176 erant,
1653 4129 1717 4168 ac
1765 4117 2000 4184 putrida,
2053 4121 2136 4174 di-

565 4197 777 4261 cebant,
813 4215 830 4248 ι
853 4195 909 4250 ln
943 4199 1160 4253 nomine
1191 4199 1300 4270 (59)
1324 4200 1449 4257 Jesu
1483 4204 1683 4260 Christi
1719 4222 1900 4280 surge,
1925 4229 1944 4262 ι
1978 4220 2137 4280 atque

563 4286 616 4340 in
670 4287 1036 4357 omnipotenti
1073 4289 1176 4344 isto
1249 4301 1302 4347 et
1358 4293 1562 4365 inclyto
1603 4298 1820 4354 nomine
1858 4315 1922 4355 ea
1969 4301 2136 4358 facie-

562 4378 714 4444 bant,
753 4393 876 4448 quze
897 4394 1090 4436 omnes
1119 4382 1281 4437 simul
1310 4395 1582 4442 creatura:
1637 4389 1816 4445 facere
1860 4408 1965 4447 non
1994 4402 2142 4462 pote-

560 4481 726 4539 rant;
755 4471 864 4526 ised
914 4473 1132 4542 propria
1182 4486 1451 4544 potestate
1500 4479 1731 4538 virtutes
1784 4486 2128 4555 operabatur,

2243 3123 2430 3190 τοῦτο,
2477 3126 2538 3178 τὸ
2588 3128 2762 3180 εἰπεῖν
2795 3130 3137 3201 πεποιθήσει,
3192 3151 3210 3184 ι
3254 3135 3475 3206 Πάτερο
3523 3153 3541 3186 ι
3601 3134 3688 3186 καὶ
3729 3133 3798 3184 ὅτι

2239 3216 2400 3281 αὐτὸς
2453 3219 2631 3272 πάντα
2671 3220 2739 3273 τὰ
2785 3220 3003 3293 ἔμψυχα
3054 3223 3253 3295 ψυχοῖο
3303 3229 3398 3282 καὶ
3432 3227 3518 3280 ὅτι
3576 3227 3669 3296 ούχ
3733 3224 3798 3286 ὡς

2241 3308 2512 3381 ὑπουργὸς
2569 3311 2869 3380 ἐφθέγξατὸ
2930 3331 3090 3368 ποτε·
3131 3335 3150 3366 ‹
3191 3318 3280 3370 Ἐν
3335 3318 3418 3390 τῷ
3465 3317 3681 3389 ὀνόματι
3718 3313 3798 3367 τοῦ

2239 3398 2395 3464 Θεοῦ,
2421 3400 2494 3471 »ἢ
2527 3419 2546 3452 ι
2584 3401 2677 3455 τοῦ
2722 3403 2935 3474 Πατρός
2977 3422 3077 3475 μου
3115 3397 3357 3474 γενέσθω
3386 3427 3408 3460 ι
3445 3410 3504 3462 ἓν
3536 3405 3610 3463 ὧν
3640 3405 3803 3473 ἐποίη-

2241 3508 2300 3543 σε
2326 3491 2648 3562 θαυμάτων,
2692 3495 2838 3550 καθά
2884 3498 2933 3549 οἱ
2995 3499 3242 3569 μαθηταί
3283 3503 3457 3556 αὐτοῦ
3487 3506 3598 3567 τοῖς
3639 3519 3693 3554 τε
3726 3500 3801 3553 δυσ

2241 3581 2438 3646 σιάτως
2467 3582 2651 3654 έχουσι
2711 3586 2804 3638 καὶ
2842 3589 2956 3650 τοῖς
2986 3589 3171 3661 σαθρῷ
3211 3591 3434 3664 σώματι
3468 3591 3806 3664 κεχρημένοις

2238 3671 2424 3740 ἔλεγον
2443 3689 2458 3706 ο
2490 3692 2509 3725 ‹
2553 3674 2642 3727 Ἐν
2661 3674 2738 3745 τῷ
2755 3675 2979 3746 ὀνόματι
3013 3680 3186 3751 Ἰησοῦ
3213 3683 3460 3754 Χριστοῦ
3489 3683 3756 3753 ἐγέρθητι·
3781 3696 3797 3728 ι

2239 3765 2333 3818 καὶ
2364 3764 2422 3816 ἐν
2454 3764 2531 3836 τῷ
2565 3767 2957 3840 παντοδυνάμῳ
2998 3771 3092 3823 καὶ
3131 3771 3346 3826 εύκλεεῖ
3385 3775 3618 3846 ὀνόματι
3656 3771 3807 3838 τούτῳ

2237 3855 2476 3919 ἐποίουν,
2511 3857 2613 3910 ὅσα
2649 3852 2718 3928 ἦν
2761 3861 2827 3930 τῇ
2873 3860 3045 3914 κτίσει
3077 3861 3214 3932 ὁμοῦ
3265 3865 3423 3937 πάσῃ
3470 3864 3666 3935 δράσαι
3699 3859 3804 3914 ἀδύ-

2237 3964 2373 4002 νατα
2393 3966 2406 3980 ·
2435 3948 2550 4001 ἀλλ’
2581 3947 2685 4020 ἰδίᾳ
2711 3949 2928 4023 ἐξουσίᾳ
2954 3954 3172 4023 ἐνήργει
3210 3954 3509 4026 δυνάμεις,
3538 3949 3808 4024 συνεχώρει

2239 4038 2546 4110 ἁμαρτίας,
2591 4039 2767 4108 λέγων
2815 4042 3132 4114 βασιλικῶς·
3198 4066 3214 4096 ε
3289 4047 3606 4117 Ἀφέωνταί
3652 4061 3727 4096 σοι
3760 4039 3806 4091 αἱ

2237 4128 2364 4202 [189
2386 4130 2442 4203 a]
2469 4132 2764 4204 ἁμαρτίαν
2803 4153 2822 4188 ι
2858 4135 2923 4188 ἐκ
2969 4136 3060 4189 τοῦ
3088 4137 3213 4208 ᾅδου
3241 4139 3598 4211 ἐξήρπαξεν,
3639 4134 3809 4204 δαίμο-

2235 4237 2334 4285 νας
2362 4221 2712 4290 ἐφυγάδευεν,
2743 4225 2808 4294 τῇ
2841 4223 3080 4298 θαλάσσῃ
3112 4227 3574 4300 ἐμὸριμούμενος
3607 4228 3807 4282 Educ-

2235 4329 2362 4365 τεν·
2417 4332 2436 4366 ι
2477 4312 2698 4378 Σιώπα,
2733 4315 3052 4386 πεφίμωσο”
3093 4337 3111 4370 ι
3144 4321 3258 4382 τοῖς
3292 4321 3535 4392 ἀνέμοις
3576 4316 3810 4385 ἐπετίμα.

2247 4406 2340 4459 καὶ
2371 4404 2637 4469 ἐκόπαζον
2662 4422 2677 4437 ο
2706 4403 2783 4476 τῷ
2815 4407 3005 4479 Πέτρῳ
3038 4407 3160 4472 δοὺς
3199 4409 3302 4474 τὰς
3335 4412 3496 4476 κλεῖς
3539 4411 3632 4464 τοῦ
3663 4409 3809 4476 ούρα-

2244 4497 2359 4560 νοῦ,
2405 4496 2621 4565 ἔλεγεν·
2656 4515 2674 4548 ι
2723 4499 2788 4550 "O
2835 4499 2930 4552 ἐὰν
2975 4499 3171 4574 λύσητε
3211 4504 3310 4557 ἐπὶ
3359 4507 3469 4577 τῆς
3500 4506 3638 4577 γῆς,
3679 4502 3811 4555 ἔσται

559 4571 784 4632 peccata
820 4563 1148 4630 dimittebat,
1199 4575 1251 4621 et
1296 4567 1610 4639 imperando
1637 4574 1932 4645 inquiebat,
1973 4598 1991 4633 ι
2019 4583 2122 4638 Re-

2237 4563 2518 4662 λελυμένον
2559 4590 2617 4642 ἐν
2660 4592 2776 4654 τοῖς
2817 4563 3109 4661 ούρανοῖςί
3136 4596 3231 4648 καὶ
3265 4596 3296 4649 ὃ
3347 4563 3467 4652 εάξῖ
3501 4563 3698 4669 δήσιξτε
3735 4590 3810 4644 ἐπὶ

561 4653 844 4709 mittuntur
877 4654 990 4726 (ιο)
1020 4656 1118 4711 tibi
1153 4669 1400 4728 peccata,
1425 4679 1445 4715 ι
1501 4677 1570 4718 ex
1617 4665 1827 4723 inferno
1868 4669 1977 4742 (41)
2018 4676 2129 4730 eri-

625 4852 740 4994 (28;
788 4851 885 4907 Hic
909 4863 1006 4912 est.
1043 4854 1230 4914 Matth.
1255 4873 1342 4922 nt,
1371 4861 1466 4925 l7;
1509 4878 1645 4934 xvn,
1675 4866 1730 4924 5.

625 4923 716 4994 (gs
780 4921 1085 4994 Hosmeos.
1118 4925 1248 4986 Luc.
1286 4945 1398 4994 ιιι,
1433 4932 1524 4990 27.

625 4921 738 4996 (g9)
780 4921 1085 4996 ῌοελιιιεοε.
1118 4925 1248 4986 Luc.
1286 4945 1398 4996 ιιι,
1433 4921 1524 4990 27.

623 4992 1101 5076 (59)..4ρριίσαηάα
1128 5012 1254 5076 esse.
1281 4992 1458 5076 ϐοείοις
1492 5021 1506 5058 :
1538 5005 1852 5076 ῌροσάπτει
1881 5014 1988 5068 πού
2018 5034 2124 5073 τοι.

556 5058 858 5140 Legendtnn
896 5078 1088 5140 censeo
1111 5083 1126 5120 :
1152 5069 1493 5140 Προσάπτειν
1525 5058 1690 5130 οὗτοι.

624 5130 1392 5228 Q"...‘i‘fﬁ‘f5§€f€';::499:“-
1423 5143 1624 5228 Codes
1657 5151 2121 5228 μεταμελωμένφ.

555 5197 1206 5287 ιθῆὶζμεξαξιελοκμέγφ·
1235 5211 1316 5262 νει
1353 5197 1802 5287 μετακεκόιὶέῦῲῖ

623 5269 1070 5364 Entella—hia
1079 5269 1200 5364 tibi:
1212 5269 1367 5364 statvi,
1526 5269 1698 5364 Biblia
1712 5269 1717 5271 ⁷
1729 5269 1918 5364 εᾜάτε
1925 5311 1956 5364 ρ
1989 5311 2116 5364 μου,

555 5339 866 5436 είπδυνατόν
901 5343 1052 5410 ἐστι,
1087 5339 1399 5417 παρελθέτω
1445 5352 1539 5405 ἀπ’
1566 5354 1700 5425 ἐμοῦ

557 5424 725 5465 τουτο.

641 5480 731 5550 55)
771 5477 950 5550 Salva.
980 5478 1135 5539 Joan.
1165 5500 1262 5550 ιιι,
1291 5487 1384 5544 27.

641 5546 729 5629 ἕξ)
771 5549 933 5629 gens.
961 5551 1148 5629 Matth.
1183 5546 1352 5622 xxv",
1389 5559 1563 5628 46,ex
1579 5562 1723 5622 Psal.
1750 5584 1858 5629 xxi.
1886 5586 2028 5627 vers.
2055 5573 2110 5628 1.

646 5597 663 5601 -
686 5597 726 5620 _,
771 5597 929 5629 _-__-.
961 5597 1148 5607 _-.......
1185 5597 1352 5622 ...ι-η,
1389 5597 1601 5628 τυμηιι
1622 5597 1723 5622 θαι.
1750 5597 1858 5635 λιι,
1891 5597 2028 5627 vers.
2055 5597 2110 5628 1.

771 5617 1012 5702 γυναῖκα
1028 5623 1195 5682 Marc.
1240 5642 1355 5702 Juv,
1385 5631 1474 5698 51,
1522 5645 1578 5690 et
1617 5635 1808 5696 Matth.
1843 5656 1986 5702 tum.
2020 5645 2111 5702 58.

545 5683 743 5772 Sestilia
768 5692 967 5772 legitur
990 5691 1095 5758 ἕως
1129 5711 1223 5772 νζο
1260 5683 1474 5772 μέὶρ-ιζ,
1526 5683 1577 5690 --
1617 5683 1808 5696 --ηπ-,⁸
1843 5683 1986 5711 Νη,

613 5757 726 5831 (56)
765 5757 1145 5832 ιᾱεννηιαιιιεξ
1164 5757 1432 5838 Ιοτιῖιίῖι,
1460 5773 1550 5831 55.

2235 4684 2335 4753 τῆς
2357 4681 2480 4753 γῆς,
2507 4679 2659 4732 ἔσται
2685 4678 2964 4753 δεδεμένον
2989 4684 3047 4739 ἐν
3079 4688 3192 4749 τοῖς
3224 4689 3286 4741 ού
3297 4694 3526 4760 ρανοῖς·
3567 4711 3586 4744 ι
3614 4687 3690 4759 τῷ
3720 4685 3810 4739 Δα-

2301 4881 2420 4954 (57)
2460 4881 2821 4954 Πείαιῑςαιιιε.
2857 4883 3011 4941 Joan.
3043 4903 3115 4951 tv,
3152 4889 3206 4946 6.

2299 4953 2730 5027 (’5_8)_Agparnit,
2755 4953 2886 5027 an.
2912 4972 3046 5019 xm,
3073 4959 3160 5013 45.
3180 4960 3380 5016 Grmca
3409 4962 3586 5017 editio
3610 4979 3624 5014 :
3653 4957 3808 5027 Ὠφθη

2223 5019 2281 5075 δὲ
2303 5020 2477 5101 ,ερτῷ-
2497 5019 2726 5101 ἄγγελος
2760 5025 2852 5101 ἀπ’
2891 5027 3120 5101 οὐρανοῦ
3150 5031 3433 5101 ἐνισχύων
3461 5032 3650 5086 αὐτόν.

2296 5091 2408 5162 (59)
2451 5091 2516 5162 I_n
2549 5094 2778 5146 nomine.
2816 5095 2934 5149 Act.
2957 5091 3048 5162 ἰιι,
3082 5098 3135 5155 6.

2292 5160 2406 5231 (40)
2445 5159 2823 5231 ﬂemiuumur.
2853 5165 2981 5218 Luc.
3014 5159 3146 5231 xv",
3175 5168 3264 5223 48.

2292 5228 2406 5298 (41)
2449 5229 2535 5284 Ex
2563 5232 2790 5300 inferno.
2823 5232 2901 5287 Ne
2927 5239 3048 5302 quis
3080 5228 3504 5307 Origenismnm
3541 5243 3628 5298 hic
3657 5241 3809 5293 latere

2218 5299 2544 5355 suspicetur.
2569 5301 2936 5355 animadverto
2959 5306 3188 5355 nrimum
3218 5311 3456 5355 ιιιιίιίρηι
3485 5315 3626 5355 tum
3653 5313 3807 5355 insam

2218 5314 2544 5365 susptcetur,
2569 5314 2936 5355 animadverto
2959 5314 3188 5372 primunt
3218 5314 3456 5376 quidem
3485 5315 3628 5368 hanc
3653 5314 3807 5378 ipSam

2214 5382 2246 5446 a_
2279 5368 2814 5446 Didytnolormu‘lam
2851 5373 3094 5446 adhiberi
3140 5392 3319 5446 segm.
3361 5381 3474 5436 192
3505 5401 3565 5446 α,
3599 5384 3684 5433 tibi
3717 5393 3806 5428 non

2216 5437 2284 5520 de
2314 5437 2602 5520 reprobis,‘
2623 5441 2742 5520 sed,
2771 5440 3088 5520 deHLazaro
3135 5437 3373 5506 loquens
3430 5452 3512 5504 ait
3542 5437 3563 5505 ξ
3589 5451 3651 5516 ἐξ
3694 5446 3806 5520 ᾆδον

2215 5506 2565 5578 ὑποστρέφει,
2590 5508 2639 5561 id
2667 5519 2750 5562 est
2788 5527 2806 5560 ι
2830 5511 2908 5564 Ex
2935 5512 3148 5568 inferno
3183 5531 3544 5575 revertetur:
3571 5541 3591 5572 ι
3627 5506 3807 5574 deinde

2217 5589 2346 5628 vero
2377 5593 2497 5631 eum
2536 5579 2804 5646 reSpicere
2860 5581 2962 5634 hoc
3015 5583 3066 5636 in
3119 5584 3232 5639 loco
3285 5588 3426 5642 illud
3486 5590 3715 5646 Joannis
3757 5589 3800 5636 in

2215 5647 2534 5717 Apocalypsi
2574 5663 2665 5712 xx,
2719 5649 2868 5704 15;‹
2905 5649 2970 5703 Ει
3020 5669 3186 5716 mors,
3235 5667 3298 5708 et
3343 5659 3606 5715 infernus
3653 5661 3802 5711 ιιειιεο

2218 5724 2343 5768 runt
2379 5728 2619 5787 mortuos
2647 5733 2792 5784 suos,
2813 5738 2830 5769 ι
2868 5731 2921 5773 et
2950 5723 3091 5787 quod
3121 5725 3185 5777 de
3217 5723 3463 5782 Christo
3503 5732 3572 5782 ad
3614 5731 3804 5782 inferos

2218 5785 2596 5855 descendente,
2627 5797 2681 5843 et
2718 5803 2935 5846 sanctos
2969 5785 3091 5847 inde
3127 5795 3295 5849 veluti
3337 5800 3677 5854 extrahente
3711 5799 3796 5850 do-
