4060 6406
274 366 379 423 901
1326 363 1416 419 DE
1455 359 1832 421 TRINITATE
1868 358 2073 416 LIBER
2108 358 2430 417 TERTIUS.
3403 356 3509 417 902

278 481 427 550 ζάρφ
486 477 913 551 παρεκελεύετο·
977 496 996 531 ι
1052 478 1223 550 Δεῦρο
1270 480 1335 533 ὲκ
1387 481 1575 548 τάφων
1617 479 1754 545 ἐξωο
1819 497 1874 537 ι.

1970 476 2149 541 ιὶεὶιιιι,
2194 476 2468 532 daemones
2514 473 2756 545 fugabat,
2789 472 2925 528 mari
2961 471 3247 530 minaciter
3285 474 3505 530 manda-

281 570 458 641 Ἄλλῳ
490 569 885 642 προσέταττεν·
934 588 953 622 ι
1007 569 1307 634 Νεανίσκε,
1365 571 1654 641 ἐγέρθητι·
1704 587 1722 621 ι
1768 567 1845 639 τῷ

1970 574 2059 631 lat,
2100 584 2119 618 ι
2149 564 2260 621 Sile
2298 565 2434 636 (42),
2462 565 2794 629 obtumesce,
2817 582 2836 616 ι
2865 572 3057 619 ventos
3089 564 3427 635 increpabat.
3453 580 3507 623 et

277 658 465 730 λεπρῷ
523 659 791 730 ἔφραζεν·
861 675 879 709 ι
942 658 1111 724 Θέλω,
1157 658 1550 730 καθαρίσθητιο
1598 676 1618 711 ›
1668 657 1841 727 ἄλλῳο

285 768 306 801 ι
353 749 581 821 Θάρσει,
626 750 844 804 τέκνον·
888 749 1159 817 ἀφέωνταί
1220 767 1301 803 σοι
1356 751 1413 803 αἱ
1460 749 1758 822 ἁμαρτίαν
1822 766 1841 800 ι

282 842 487 913 ἑτέρῳ·
527 860 547 892 ι
582 843 823 913 Ἔγειρε,
855 837 985 912 ἆρον
1015 841 1104 895 τὸν
1142 841 1450 911 κρὰδϐατόν
1486 859 1601 904 σου,
1632 842 1725 895 καὶ
1753 857 1850 893 πε-

284 933 504 1005 ριπάτει
526 950 538 964 ·
578 952 596 985 ι
625 932 970 1004 τῷθδαίμονιο
1015 950 1035 984 ι
1069 932 1142 986 Τὸ
1166 933 1381 997 ἁλαλον,
1418 952 1436 985 ι
1485 934 1671 1003 φησὶν,
1706 952 1723 983 ι
1754 932 1850 985 καὶ

284 1024 466 1092 κωφὸν
498 1024 789 1093 δαιμόνιον,
826 1022 934 1092 ἐγώ
981 1040 1063 1076 σοι
1104 1024 1411 1088 ἐπιτάσσω,
1449 1023 1651 1090 ἔξελθε.
1688 1041 1705 1074 ι
1743 1023 1854 1075 Καὶ

285 1115 346 1166 οὐ
395 1114 554 1183 μόνον
594 1113 764 1166 ταῦτα
799 1114 1144 1183 ἀντιστήκει,
1197 1113 1330 1167 ἀλλὰ
1369 1114 1461 1166 καὶ
1506 1113 1851 1186 προανῃρέθη

286 1203 395 1255 τῶν
458 1202 728 1273 ὑϐριστῶν
778 1204 812 1273 ὴ
859 1202 1031 1255 ἔννοια
1086 1202 1202 1267 τοῦ,
1254 1222 1272 1255 ι
1322 1204 1438 1256 Ἵνα
1487 1201 1538 1254 τί
1580 1201 1855 1271 ἐγκατέλι-

288 1293 389 1356 πές
442 1310 540 1363 με;
585 1310 604 1343 ι
660 1290 755 1344 τοῦ
791 1292 887 1362 μὲν
945 1291 1149 1362 Κυρίου
1192 1291 1343 1362 παρὰ
1400 1289 1477 1360 τῷ
1540 1289 1687 1361 αὑτῴ
1743 1290 1856 1343 Ἰω-

288 1387 421 1458 άννῃ
487 1385 1068 1456 προαναφωνήσαντος·
1137 1401 1154 1434 ι
1235 1382 1365 1435 Ἰδοὺ
1443 1381 1658 1452 ἔρχεται
1716 1380 1854 1452 ὥρα,

288 1478 385 1531 καὶ
434 1475 527 1528 νῦν
585 1474 874 1545 ἐλήλυθεν,
926 1474 1011 1525 ἵνα
1067 1469 1430 1542 σκορπισθῆτε
1495 1470 1723 1532 ἕκαστος
1780 1469 1859 1532 είς

288 1569 360 1621 τὰ
402 1568 527 1629 ἴδια,
550 1566 643 1619 καὶ
672 1566 770 1636 ἐμὲ
805 1564 961 1635 μόνον
995 1564 1168 1635 ἀφῆτε
1189 1579 1204 1593 ·
1237 1562 1331 1615 καὶ
1384 1563 1483 1614 οὐκ
1520 1560 1635 1631 εἰμὶ
1680 1560 1860 1630 μόνος,

289 1660 371 1712 ὅτι
402 1660 430 1711 ὁ
462 1658 651 1727 Πατήρ
681 1673 783 1726 μου
817 1655 929 1725 μετ’
965 1653 1096 1724 ἐμοῦ
1139 1654 1284 1707 ἐστιν
1305 1669 1317 1683 ’
1359 1672 1379 1706 ι
1415 1652 1508 1706 τοῦ
1554 1652 1610 1704 δὲ
1651 1651 1861 1704 Παύλου

1946 655 2234 711 cessabant
2260 671 2275 719 ;
2324 654 2485 708 Petro
2512 654 2631 708 cmli
2665 654 2841 708 claves
2868 654 3001 708 dans
3026 655 3242 710 aiebat:
3281 674 3299 705 ι
3331 654 3513 721 Quod-

1949 761 2163 814 cunque
2209 745 2322 816 (45)
2382 744 2651 800 solveritis
2694 759 2855 814 super
2902 754 3120 812 terram,
3154 745 3258 799 erit
3282 746 3514 799 solutum

1953 837 2003 891 in
2042 838 2214 901 caelis,
2266 848 2319 891 et
2367 836 2727 906 quodcunque
2772 836 3074 907 ligaveritis
3097 852 3258 906 super
3288 848 3510 903 terram,

1951 929 2054 984 erit
2094 929 2314 996 ligatum
2354 928 2408 981 in
2454 928 2682 992 caalisn
2720 926 2923 981 Lazaro
2946 927 3328 997 praecipiebat:
3364 945 3382 977 ι
3420 927 3517 981 Ve-

1953 1021 2003 1073 ni
2035 1020 2145 1091 (44)
2164 1035 2229 1072 ex
2257 1019 2499 1086 sepulcro
2520 1017 2663 1072 foras
2685 1035 2755 1083 ς)
2788 1018 2938 1073 alteri
2974 1019 3308 1086 imperabat:
3340 1020 3515 1071 «Ado-

1953 1109 2311 1181 lescens(45),
2343 1125 2532 1181 surge;
2562 1129 2580 1162 ι
2612 1110 2827 1179 leproso
2876 1111 3087 1165 diccbat
3115 1129 3128 1165 :
3171 1129 3188 1161 ι
3220 1109 3349 1165 Volo
3381 1109 3515 1181 (46),

1956 1204 2252 1257 mundatus
2289 1203 2398 1267 sis;
2435 1223 2452 1254 ι
2489 1202 2643 1257 alteri
2679 1221 2692 1257 :
2727 1222 2745 1254 ι
2770 1204 2990 1258 Couiide
3023 1204 3154 1273 (47),
3185 1203 3279 1263 ﬁli,
3328 1204 3515 1257 remit-

1959 1303 2145 1348 tuntur
2194 1294 2290 1348 tibi
2351 1304 2645 1364 peccata“
2704 1295 2895 1348 alteri:
2933 1293 3149 1363 «Surge
3199 1294 3332 1365 (-58),
3392 1293 3519 1348 tolle

1958 1386 2241 1456 grabatum
2262 1393 2433 1449 tuum,
2455 1395 2509 1440 et
2530 1386 2745 1439 ambula
2766 1404 2812 1453 ;ι
2842 1386 3090 1450 ὁωιηοιιί,
3111 1403 3131 1437 ‹
3147 1384 3389 1453 Loquela:
3406 1384 3517 1456 (49)

1958 1492 2173 1545 expers,
2194 1495 2212 1528 ι
2242 1477 2432 1546 inquit,
2454 1495 2472 1528 ι
2492 1485 2544 1531 et
2575 1484 2779 1531 mutum
2799 1476 3137 1539 dzemonium,
3163 1475 3254 1529 tibi
3274 1490 3369 1543 ego
3385 1491 3522 1544 pra:—

1962 1567 2101 1635 cipio
2131 1583 2144 1620 :
2176 1568 2449 1637 egredere.
2480 1584 2498 1618 ι
2569 1565 2753 1636 Neque
2802 1582 2928 1621 vero
2988 1567 3100 1621 haec
3148 1567 3521 1620 tantummodo

1971 1658 2345 1712 hereticorum
2413 1660 2697 1713 conatibus
2748 1658 3031 1723 resistunt,
3104 1672 3290 1711 verum
3354 1656 3515 1711 etiam

301 1748 574 1820 Ἑϐραίοις
616 1745 1039 1808 ἐπιστείλαντος,
1090 1745 1172 1798 ὃτι
1218 1746 1311 1799 καὶ
1348 1744 1410 1798 τὸ
1447 1745 1599 1812 ἅγιον
1640 1743 1862 1812 Πνεῦμα

1970 1749 2175 1819 iamdiu
2231 1751 2298 1804 de
2352 1752 2545 1805 merito
2592 1750 2802 1805 sublata
2861 1759 2945 1804 est
3003 1748 3384 1804 contumeliosa
3434 1747 3517 1801 in-

290 1806 590 1909 dxtbptc‘m—v
609 1834 771 1888 αὐτοῦ
801 1831 866 1906 ἦν
886 1852 897 1863 ·
930 1853 949 1884 ι
969 1806 1029 1887 Ei
1046 1832 1174 1905 γὰρ,
1208 1852 1226 1885 ι
1251 1833 1405 1904 φησὶ,
1444 1851 1461 1884 ι
1484 1806 1547 1885 τὸ
1576 1828 1715 1902 αἷμα
1734 1806 1863 1884 ταυ-

1973 1841 2309 1910 terpretatio,
2359 1857 2517 1911 quam
2547 1842 2803 1897 adhibent
2853 1841 3003 1895 hisce
3042 1838 3258 1894 verbis:
3297 1858 3315 1891 ι
3343 1837 3523 1906 Quare

293 1948 402 2003 ρων
435 1929 529 1983 καὶ
566 1929 805 2000 τράγων,
838 1928 931 1979 κα)⁸
976 1924 1169 1989 σποδὸς
1211 1925 1510 1996 δαμάλεως,
1548 1925 1870 1997 ῥαντίζουσα

1970 1930 2297 2001 dereliquisti
2351 1932 2475 1985 me?
2512 1949 2532 1983 ›
2603 1939 2717 1985 tum
2785 1933 2997 2001 quando
3063 1929 3321 1984 Dominus
3382 1929 3523 1998 apud

290 2022 419 2083 τοὺς
435 2017 877 2087 κεκοινωμένους,
896 2016 1108 2085 ἁγιάζει
1126 2015 1260 2087 πρὸς
1272 2015 1369 2087 τὴν
1380 2016 1477 2086 τῆς
1495 2015 1694 2087 σαρκὸς
1705 2016 1872 2069 καθα-

1970 2018 2379 2089 395eumdem
2398 2019 2658 2075 Joannem
2686 2020 2811 2075 olim
2838 2020 3186 2075 exclamavit:
3221 2040 3239 2071 ι
3260 2020 3523 2092 Ecce(50)

293 2112 497 2185 ρότητα
516 2128 528 2141 ’
562 2110 712 2181 πόσῳ
742 2109 938 2180 μᾶλλον
962 2109 1024 2162 τὸ
1045 2104 1183 2179 αἷμα
1215 2106 1409 2179 Ἰησοῦ,
1431 2109 1578 2171 ὅστις
1601 2107 1688 2161 διὰ
1710 2106 1874 2161 Πνεῦ-

1970 2110 2110 2163 venit
2158 2109 2312 2175 hora,
2362 2119 2417 2163 et
2474 2124 2615 2164 nunc
2649 2110 2815 2175 venit,
2845 2119 2902 2163 ut
2935 2109 3311 2179 dispergamini
3360 2125 3525 2165 unus-

296 2220 467 2273 ματος
489 2202 643 2271 ἁγίου
669 2200 859 2255 ἑαυτὸν
882 2200 1110 2271 ἄμωμον
1155 2200 1493 2271 προσήνεγκε
1520 2198 1596 2270 τῷ
1618 2198 1754 2269 Θεῷ,
1779 2217 1874 2252 κα-

1970 2200 2196 2269 quisque
2259 2201 2325 2255 ad
2358 2202 2594 2270 propria,
2648 2212 2702 2256 et
2741 2218 2825 2255 me
2877 2201 3045 2255 solum
3084 2202 3438 2271 relinquatis;
3472 2212 3527 2257 et

293 2293 511 2365 θαρίσει
538 2293 636 2356 τὰς
664 2292 887 2364 καρδίας
918 2290 1067 2360 ὑμῶν
1100 2289 1206 2343 ἀπὸ
1228 2289 1578 2361 συνειδήσεως
1598 2290 1872 2360 πονηρᾶς;

1970 2304 2073 2343 non
2090 2304 2206 2343 sum
2224 2290 2390 2356 solus,
2406 2290 2530 2359 quia
2548 2290 2709 2344 Pater
2728 2306 2876 2344 meus
2893 2291 3003 2360 (51)
3025 2305 3233 2344 mecum
3248 2300 3330 2345 est
3345 2308 3358 2343 :
3372 2309 3390 2341 ι
3414 2298 3524 2344 tum

294 2389 461 2443 etiam
524 2389 741 2456 quando
805 2384 1005 2439 Paulus
1061 2383 1301 2438 Hebraeis
1330 2384 1580 2453 scripsit,
1614 2383 1870 2452 Spiritum
1907 2397 2120 2453 quoque
2162 2392 2410 2438 sanctum
2474 2384 2886 2454 inseparabilem
2949 2385 3016 2438 ab
3077 2384 3193 2454 ipso
3253 2383 3527 2440 esse.cSi

295 2483 441 2538 enim
476 2482 608 2549 (52),
646 2499 665 2532 ι
702 2481 893 2550 inquit,
918 2496 936 2531 ι
967 2479 1187 2548 sanguis
1214 2488 1512 2545 taurorum,
1544 2488 1596 2532 et
1633 2479 1933 2542 hircorum,
1975 2478 2033 2534 et
2056 2478 2193 2533 cinis
2226 2479 2404 2535 vitula:
2463 2495 2713 2549 aspersus
2735 2520 2750 2544 ,
2789 2481 3093 2550 inquinatos
3120 2482 3423 2537 sanctiﬁcat
3461 2483 3528 2536 ad

297 2577 730 2633 emundationem
789 2573 1001 2638 carnis;
1054 2582 1259 2641 quanto
1311 2572 1480 2639 magis
1547 2572 1767 2642 sanguis
1798 2570 1924 2626 Jesu
1990 2572 2127 2643 (55),
2184 2574 2274 2643 qui
2340 2589 2436 2644 per
2487 2574 2745 2645 Spiritum
2786 2586 3028 2630 sanctum
3064 2577 3405 2647 semetipsum
3432 2577 3530 2631 im-

299 2667 625 2723 maculatum
655 2664 849 2719 obtulit
896 2665 1027 2729 Deo,
1076 2663 1387 2717 emundavit
1427 2664 1588 2718 corda
1624 2674 1799 2718 vestra
1831 2679 1861 2718 a
1900 2666 2226 2721 conscientia
2260 2667 2463 2736 prava?
2491 2686 2509 2719 ι

370 2760 506 2813 Τότε
560 2759 617 2812 δὲ
665 2762 1001 2829 προσήνεγκε
1061 2756 1146 2809 διὰ
1204 2755 1293 2808 τοῦ
1348 2756 1508 2824 ἁγίου
1555 2754 1869 2826 Πνεύματος

2047 2758 2197 2815 Tunc
2235 2769 2415 2815 autem
2472 2774 2572 2830 per
2612 2758 2872 2831 Spiritum
2904 2771 3152 2816 sanctum
3217 2759 3413 2815 obtulit
3445 2774 3530 2815 so—

298 2850 491 2902 ὲαυτὸν
519 2847 593 2918 τῷ
618 2848 742 2919 [189
768 2846 819 2918 ιι]
842 2846 978 2916 Θεῷ,
1005 2846 1093 2898 ὅτε
1124 2847 1203 2908 εἰς
1225 2845 1316 2898 τὸν
1351 2845 1582 2915 σταυρὸν
1610 2844 1872 2908 ἑκουσίως

1975 2849 2257 2918 metipsum
2314 2851 2441 2917 Deo,
2491 2850 2706 2919 quando
2762 2850 2815 2905 in
2852 2864 3066 2905 crucem
3114 2848 3410 2903 voluntarie
3442 2860 3533 2901 as-

298 2940 481 3008 ἀνέϐη.
517 2940 698 3001 Ὥστε,
732 2939 829 3008 οὑχ
855 2937 929 3000 ὡς
948 2936 1025 3007 τῷ
1051 2938 1251 3008 ῥήματι
1291 2935 1435 2989 δοκεί
1465 2935 1676 3007 δηλοῦν,
1702 2935 1872 3004 ψιλῶς

1975 2941 2179 2996 cendit.
2210 2941 2398 3012 Itaque
2424 2958 2529 2998 non
2560 2951 2687 2998 sunt
2731 2944 2942 3012 objecta
2973 2942 3140 2998 verba
3173 2944 3312 2995 nude
3336 2938 3533 2995 intelli-

300 3034 441 3086 νοεῖν
472 3032 607 3103 χρή’
641 3031 752 3084 ἀλλ’
785 3031 864 3107 ὅτι
899 3027 1171 3082 κάνταῦθα
1205 3027 1551 3097 συγκαταϐὰς
1577 3028 1654 3089 είς
1676 3027 1872 3090 πάντα,

1976 3031 2168 3099 genda,
2216 3042 2275 3086 ut
2309 3048 2505 3090 sonare
2561 3034 2830 3100 videntur,
2896 3033 2992 3089 sed
3044 3034 3158 3088 haec
3209 3047 3421 3102 quoque
3454 3030 3535 3087 sic

301 3125 395 3177 καὶ
432 3122 724 3193 πτωχεόων
757 3125 820 3192 τῇ
854 3120 946 3173 τοῦ
984 3119 1168 3173 δούλου
1219 3121 1419 3191 μορφῇ,
1468 3119 1561 3171 καὶ
1602 3118 1874 3189 μεταπλά-

1976 3123 2147 3190 accipi
2179 3123 2396 3192 debent,
2425 3133 2483 3180 ut
2507 3124 2621 3194 ipse
2651 3125 3091 3182 condescendens
3129 3126 3301 3195 quoad
3330 3124 3532 3189 omnia,

302 3229 401 3276 σας
428 3210 506 3283 τῷ
537 3211 677 3282 λόγῳ
711 3210 898 3265 ἑαυτὸν
927 3209 1208 3280 ἀτρέπτως
1234 3211 1312 3273 είς
1338 3209 1400 3262 τὸ
1427 3208 1623 3272 κοινὸν,
1656 3209 1749 3262 καὶ
1770 3211 1874 3263 πᾶα

1975 3221 2030 3267 et
2050 3228 2253 3283 pauper
2276 3214 2450 3271 lactus
2483 3215 2536 3270 in
2562 3217 2740 3271 forma
2768 3218 2932 3283 servi,
2969 3230 3043 3282 et,
3076 3216 3320 3287 quamvis
3351 3215 3536 3285 cujus-

302 3318 407 3354 σαν
441 3300 544 3371 τῆς
584 3298 1041 3369 ὲνανθρωπήσεως
1080 3295 1396 3351 ἀκολουθίαν
1434 3296 1736 3365 φυλάττων,
1782 3297 1876 3349 καὶ

306 3393 473 3465 μηδὲν
526 3391 618 3446 τοῦ
666 3391 1007 3462 χαρακτῆρος
1043 3388 1142 3458 τῆς
1180 3387 1435 3459 ἀληθείας
1468 3389 1774 3457 ἀφανίζων,
1808 3388 1877 3442 τὰ

303 3487 586 3556 πρέποντα
626 3484 930 3554 ἀνθρώποις
984 3479 1349 3551 χαμαιζήλως,
1404 3479 1594 3551 ὥσπερ
1635 3482 1667 3551 ἡ
1710 3481 1877 3543 δντως

306 3577 491 3646 σοφία,
521 3575 834 3646 ἐφθέγξατο,
887 3572 1021 3645 πρὸς
1076 3572 1136 3627 τὸ
1175 3574 1270 3626 καὶ
1308 3573 1457 3643 ἡμᾶς
1494 3572 1875 3642 ὁμοιουμένους

305 3669 478 3739 αὐτῷ,
513 3668 605 3721 καὶ
632 3666 825 3729 τελέως
852 3665 1226 3737 συμμόρφους,
1258 3663 1400 3717 κατὰ
1416 3664 1506 3717 τὸν
1540 3662 1877 3727 Ἀπόστολον,

306 3759 648 3831 γινομένους,
688 3760 858 3811 ποιεῖν
884 3756 952 3810 τὰ
986 3756 1264 3828 πρέποντα
1294 3755 1388 3807 καὶ
1421 3754 1720 3825 ἀρέσκοντα
1770 3754 1881 3806 αὐ-

306 3852 411 3922 τῷ,
450 3850 544 3904 καὶ
572 3847 892 3920 πορεύεσθαι
930 3848 1036 3900 ἀπὸ
1061 3847 1169 3900 τῶν
1206 3845 1408 3916 γηίνων
1434 3844 1526 3896 ἐπὶ
1550 3844 1617 3898 τὰ
1645 3844 1877 3915 αίθέρια.

309 3941 414 3998 Οἷα
439 3944 497 3996 δὲ
518 3943 609 3995 καὶ
632 3942 759 4013 περὶ
783 3940 969 3993 τούτου
993 3938 1146 4010 παρὰ
1165 3940 1276 4001 τοῖς
1298 3937 1401 4003 ἔξω
1430 3938 1698 4002 λέλεκται,
1732 3937 1881 3990 οὐδὲν

308 4034 423 4090 οἷον
454 4038 548 4087 καὶ
569 4033 748 4086 αὐτῶν
779 4032 1000 4085 ἐκείνων
1023 4029 1261 4084 ἀκούειν.
1290 4026 1448 4083 Οὕτω
1480 4029 1588 4099 γὰρ
1631 4027 1693 4081 οὐ
1725 4027 1883 4097 μόνον

306 4129 412 4200 τὴν
447 4125 576 4197 παρ’
600 4127 732 4197 ἡμῖν
771 4125 878 4177 τῶν
928 4123 1097 4192 ἁγίων
1135 4121 1546 4193 μεγαλοφωνίαν
1588 4120 1668 4174 ἔτι
1724 4119 1882 4173 πλέον

311 4217 632 4289 στέρξομεν,
678 4215 811 4269 ἀλλὰ
843 4217 936 4270 καὶ
982 4215 1179 4285 μᾶλλον
1222 4214 1315 4266 καὶ
1364 4213 1563 4282 μᾶλλον
1612 4211 1885 4281 θαυμάσο-

1976 3301 2105 3357 libet
2134 3306 2445 3360 mutationis
2471 3321 2665 3377 expers
2721 3308 2811 3371 sit,
2870 3321 2930 3363 se
2975 3310 3148 3378 ipsum
3184 3318 3359 3363 tamen
3399 3305 3537 3361 inter

1977 3391 2300 3462 loquendum
2333 3395 2495 3451 veluti
2544 3397 2599 3451 in
2645 3396 2921 3467 vulgarem
2963 3397 3238 3452 hominem
3272 3394 3537 3451 transfor-

1979 3500 2152 3550 mans,
2177 3494 2231 3541 et
2255 3502 2469 3542 omnem
2521 3489 2906 3545 incarnationis
2947 3489 3384 3557 consequentiam
3430 3502 3520 3541 ser

1977 3590 2135 3643 vans,
2157 3586 2213 3632 et
2258 3578 2403 3633 nulla
2435 3579 2488 3632 in
2520 3594 2581 3634 re
2630 3580 2999 3634 characterem
3028 3579 3275 3633 veritatis
3295 3592 3538 3631 corrum-

1978 3682 2129 3736 pens,
2180 3667 2479 3732 humiliter,
2525 3668 2724 3738 quippe
2765 3669 2855 3738 qui
2885 3683 3008 3722 vera
3039 3667 3313 3737 Sapientia
3332 3674 3435 3731 est,
3475 3679 3537 3717 ea

1979 3758 2191 3815 locutus
2222 3761 2314 3824 sit,
2346 3775 2465 3830 qua:
2492 3761 2741 3816 humana:
2774 3759 3067 3815 conditioni
3112 3758 3458 3823 conveniunt,
3482 3767 3542 3812 ut

1980 3859 2037 3904 et
2066 3866 2164 3905 nos
2199 3851 2247 3905 ei
2273 3851 2477 3906 similes
2505 3850 2849 3921 perfectaque
2884 3848 3362 3916 conformesjuxta
3397 3850 3541 3917 Apo-

1981 3945 2179 4000 stolum
2231 3945 2381 4011 lacti,
2434 3960 2498 3999 ea
2553 3959 2860 4013 operemur,
2901 3958 3020 4012 quae
3060 3941 3229 4011 ipsius
3275 3939 3535 3994 voluntati

1982 4044 2337 4089 consentanea
2362 4036 2490 4101 sint,
2529 4036 2685 4105 eique
2710 4034 2976 4103 placeant,
3005 4042 3168 4101 atque
3199 4046 3265 4085 ex
3305 4029 3537 4085 terrenis

1983 4127 2050 4177 ad
2064 4124 2301 4179 ccelestia
2324 4126 2636 4183 eveliamur.
2662 4124 2800 4192 Quid
2826 4138 2956 4179 vero
2990 4124 3197 4194 profani
3220 4123 3379 4177 etiam
3401 4121 3539 4176 hanc

1985 4214 2036 4268 in
2070 4231 2184 4269 rem
2244 4216 2504 4284 dixerint,
2553 4218 2687 4271 nihil
2746 4226 2896 4272 vetat
2918 4217 3045 4287 quin
3074 4218 3139 4271 ab
3170 4216 3255 4269 his
3285 4215 3414 4284 ipsis
3447 4229 3545 4267 au-

315 4329 418 4383 μεν
475 4311 573 4382 τὴν
620 4309 744 4380 μίαν
791 4310 1043 4363 ἁπάντων
1100 4306 1333 4378 χορηγὸν
1376 4304 1585 4374 σοφίαν.
1633 4304 1785 4374 Ἔχει
1836 4302 1874 4356 δὲ

1994 4305 2201 4361 diamus
2232 4325 2245 4361 :
2280 4309 2359 4362 sic
2392 4309 2533 4363 enim
2594 4326 2699 4365 non
2744 4310 2902 4365 modo
2952 4308 3254 4364 sublimitas
3290 4305 3544 4359 doctrina:

312 4404 459 4457 ὢδυ

395 4441 420 4455 υ

1993 4404 2192 4450 nostra:
2226 4412 2255 4449 a
2290 4401 2494 4454 sanctis
2522 4401 2734 4455 traditae
2775 4400 2950 4454 adhuc
2993 4396 3205 4452 charior
3236 4395 3390 4451 nobis
3418 4396 3542 4461 erit,

316 4504 511 4544 verum
538 4489 701 4544 etiam
761 4486 932 4556 magis
995 4484 1275 4556 magisque
1306 4482 1702 4539 admirabimur
1771 4498 1929 4537 unam
1972 4482 2116 4539 illam
2185 4488 2422 4543 omnium
2483 4490 2744 4546 donorum
2806 4488 3128 4559 largitricem
3201 4487 3542 4556 sapientiam.

318 4585 448 4640 Haec
482 4584 642 4653 igitur
674 4582 905 4636 habent:

319 4674 591 4730 Πολλάκι
620 4674 729 4742 γὰρ
756 4671 1128 4741 φθέγγονται,
1153 4668 1268 4722 ὅσα
1287 4668 1503 4735 σθένος
1530 4669 1702 4742 ἑστίη
1721 4668 1893 4722 ἀκοῦ-

322 4812 577 4883 Θνητοῖς
595 4830 608 4844 ο
635 4810 791 4867 ἄλλα
822 4810 873 4864 δ’
891 4810 1088 4865 ἔνεστι
1117 4824 1382 4880 romana
1418 4738 1884 4948 κρείσσῗὲιῗῗίύ-

1703 4894 1812 4942 οις.

1703 4894 1812 4942 οις.

323 5146 410 5189 cet
441 5128 701 5193 Ecclesia,
739 5141 802 5181 ac
843 5125 1054 5179 demum
1088 5123 1229 5193 quod
1264 5121 1453 5177 Matth.
1486 5135 1657 5193 κκνιι,
1689 5118 1778 5181 52,
1812 5118 1890 5173 le-

326 5179 844 5271 giqu'déisaimiis,
895 5195 986 5264 qui
1026 5179 1146 5262 post
1195 5193 1402 5247 Domini
1436 5179 1661 5246 mortem
1702 5179 1888 5244 resur-

326 5278 607 5326 texerunt.

399 5338 515 5405 (42)
556 5335 684 5390 Sile.
723 5333 886 5388 Marc.
920 5331 1110 5405 Iv,_39.
1224 5399 1236 5405 _
1416 5399 1428 5405 _
1626 5400 1631 5403 _

401 5398 518 5476 (45)
561 5400 1090 5476 Quodcunque._l‘iou_
1140 5399 1534 5476 eadem_plane
1577 5399 1760 5476 verba,
1798 5398 1892 5452 sed

332 5469 511 5532 [ειίιιιέ
529 5469 716 5529 eadem
750 5469 913 5527 habes
946 5472 1133 5525 Matth.
1171 5484 1280 5533 xvr,
1308 5469 1391 5532 l9,
1424 5478 1478 5521 et
1511 5483 1658 5531 xvut,
1699 5469 1782 5520 18.

405 5547 518 5614 (μ)
570 5543 717 5597 Veni.
753 5542 946 5614 Joann.
980 5557 1058 5604 ιι,
1088 5540 1177 5593 45.
1216 5538 1268 5591 In
1298 5538 1482 5614 Bibliis
1527 5553 1633 5591 non
1679 5544 1891 5591 exstant

331 5612 515 5679 voces,
548 5617 613 5667 ὲκ
638 5614 841 5682 τάφων,
878 5613 944 5682 id_
961 5621 1043 5664 est
1079 5627 1096 5659 ι
1123 5624 1152 5661 e
1174 5612 1432 5682 sepulcro.
1455 5626 1474 5660 ι

402 5686 517 5753 (45)
556 5679 888 5753 Adolescens.
926 5680 1192 5753 Luc._vn_t_,
1228 5679 1309 5732 14.

1999 4667 2200 4736 Swpius
2229 4669 2366 4723 enim
2394 4686 2455 4724 ea
2489 4668 2773 4740 loquuntur
2793 4686 2909 4740 qua:
2935 4670 3115 4723 audire
3144 4668 3310 4723 valent

1994 4804 2269 4871 Mortales.
2296 4805 2385 4859 sed
2411 4803 2517 4859 alia
2547 4805 2727 4859 insunt
2771 4806 2825 4858 in
2856 4819 3035 4858 eorum
3064 4801 3227 4857 verbis
3261 4814 3425 4939 {Elusa
3457 4813 3541 4849 sn-

3340 4883 3541 4919 maiora.

3340 4883 3545 4919 ιηιιοτιι.

2067 5119 2178 5188 (47)
2218 5114 2680 5188 Con/ide.Malth.
2715 5128 2790 5188 ιδ,
2830 5113 2884 5165 2.

2062 5177 2173 5258 (48)
2216 5177 2399 5258 Surge.
2435 5187 2597 5258 Marc.
2632 5200 2693 5247 ιι,
2726 5183 2781 5245 9,
2818 5177 3230 5258 et_Joan.Av_,‘8.

2064 5246 2173 5328 (49)
2214 5246 2471 5327 Loquetur.
2517 5246 2687 5328 Mar_c_.
2712 5267 2786 5316 ιι,
2820 5251 2889 5328 g5
2918 5257 3041 5328 (seu
3079 5249 3199 5319 24).
3246 5246 3407 5328 Biblia
3449 5262 3545 5316 pro

1993 5320 2517 5398 δαίμόνιον.’1ιιιι)οιιι
2566 5324 2679 5378 :To
2717 5320 2951 5398 πνεῦμα,
2992 5320 3043 5374 id
3089 5329 3172 5375 est
3213 5337 3231 5370 ι
3261 5320 3540 5389 spiritus.»

2212 5397 2364 5470 Ecce.
2394 5394 2548 5470 Jgan.
2584 5407 2695 5470 X_Vl,
2729 5392 2817 5445 52.
2890 5460 2901 5470 _
2972 5458 3028 5470 Ν

2070 5459 2181 5537 (51)
2220 5465 2389 5537 licus.
2434 5466 2588 5537 Deest
2622 5465 2733 5515 haec
2761 5476 2860 5537 voyt
2890 5460 2940 5513 in
2972 5459 3177 5537 Bibliis.

2072 5530 2183 5605 (52)
2219 5534 2275 5589 Si
2299 5537 2454 5606 enim.
2481 5533 2651 5606 _llebr.
2691 5532 2866 5606 tx,_15
2894 5540 2948 5606 et
3166 5597 3198 5606 Α
3418 5595 3449 5606 η
3481 5594 3493 5606 ο

2071 5595 2182 5677 (55)
2216 5605 2440 5674 Sanguis
2465 5602 2611 5677 Iesu,
2652 5611 2755 5677 et_c.
2784 5600 2950 5655 Paulo
2978 5599 3133 5655 aliter
3160 5597 3344 5654 (ἱππεῦ
3367 5595 3551 5651 editio.

2000 5671 2201 5733 Conl'er
2230 5671 2354 5731 cum
2384 5677 2496 5744 ipsa
2525 5674 2666 5727 hunc
2699 5671 2890 5726 locum.

404 5742 516 5825 (463
559 5752 709 5810 Volo.
733 5748 1122 5817 Matth.v1u,5;
1144 5747 1304 5802 Marc.
1330 5764 1366 5818 ι,
1387 5749 1446 5804 41
1467 5765 1482 5815 ;
1503 5756 1557 5803 et
1577 5743 1708 5801 Luc.
1733 5759 1785 5810 v,
1808 5742 1895 5797 l3.
2003 5782 2017 5791 .
