4060 6406
607 355 713 413 903

607 470 797 534 Itaque
817 475 1016 539 oportet
1046 466 1159 540 (ει)
1186 466 1396 521 mundis
1428 465 1592 520 oculis
1628 477 1777 520 acute
1807 470 2038 535 aspicere

605 606 677 662 Et
708 621 776 660 aa
808 606 1072 660 ueritatem
1095 603 1191 657 Dei
1227 605 1397 670 (beata
1429 605 1604 669 accipe
1641 601 1801 670 dona)

604 678 687 732 Ad
715 675 878 729 aliam
903 675 1098 742 fabulis
1131 674 1436 726 diviniorem
1478 674 1613 726 viam
1647 673 1924 742 pergendo.

605 767 884 834 Quomodo
913 765 1054 820 enim
1082 763 1344 818 certiores
1377 762 1500 815 facti
1534 777 1797 825 essemus,
1818 777 1940 815 eum
1959 772 2172 817 nostras

607 857 969 920 inﬁrmitates,
994 853 1144 924 iuxta
1175 854 1225 908 id
1253 854 1393 924 quod
1430 853 1593 924 396
1625 853 1880 923 scriptum
1925 863 2008 908 est
2036 853 2170 926 (55),

607 949 660 1003 in
695 949 1054 1003 venerandam
1095 962 1308 1003 crucem
1351 948 1652 1009 sustulisse,
1681 954 1739 1000 ut
1769 961 1865 1014 per
1892 945 2031 999 hanc.
2058 958 2172 998 me-

604 1037 796 1092 liorem
847 1036 1156 1092 hominibus
1217 1046 1414 1090 statum
1467 1045 1832 1104 compararet,
1892 1034 1994 1088 nisi
2027 1035 2174 1102 prius

600 1131 731 1185 illas
759 1145 822 1185 eo
877 1145 983 1199 quo
1036 1130 1150 1197 ipse
1204 1130 1351 1184 novit
1381 1129 1540 1183 modo
1565 1129 1618 1182 in
1652 1129 1942 1199 semetipso
1967 1144 2174 1183 assum-

603 1219 802 1289 psiSset
853 1236 915 1274 ac
937 1221 1295 1274 ostendisset?

677 1311 957 1377 Quomodo
1006 1321 1267 1382 praeterea
1318 1326 1476 1366 nosse
1518 1312 1899 1381 potuissemus,
1931 1326 2050 1366 eum
2091 1311 2173 1366 ia-

607 1413 750 1459 etum
772 1417 891 1457 esse
923 1417 1138 1456 carnem
1161 1394 1460 1456 animatam
1505 1417 1653 1465 vere,
1686 1416 1792 1455 non
1826 1417 1951 1456 vero
1988 1403 2177 1472 imagi-

609 1494 783 1557 narie,
837 1508 958 1546 cum
1014 1493 1186 1562 ipsum
1231 1493 1340 1563 (56)
1389 1502 1580 1563 putent
1625 1493 1900 1548 Manichaei
1937 1494 2171 1563 quidem,

1841 348 2074 404 DIDYMI
2114 344 2585 403 ALEXANDRINI
3699 349 3786 405 904

2207 476 2251 528 Δ
2286 464 2406 532 Τῶς
2455 463 2646 534 ἐχρῆν
2692 463 3043 530 καθαροῖσιν
3067 461 3171 517 ὑπ’
3196 461 3452 532 ὄμμασιν
3490 463 3618 534 ὀξέα
3644 468 3793 520 λεύσ-

2271 605 2379 659 Καὶ
2421 603 2570 673 πρὸς
2598 604 2889 672 ἀληθείην
2921 601 3068 656 Θεοῦ
3092 601 3268 673 6.16m
3283 601 3534 671 δέχνυσο
3557 533 3735 670 agger.

2275 671 2500 742 Ἄλλην⁴
2523 671 2829 742 θειοτέρην
2844 673 3053 742 μύθων
3072 671 3218 739 πρὸς
3241 672 3499 739 ἀτραπὸν
3525 673 3738 729 ὁδεύων.

2271 765 2399 828 Πῶς
2442 765 2550 837 γὰρ
2596 764 2662 818 ἂν
2717 764 3262 836 ὲπληροφορήθημεν,
3298 764 3378 816 ὅτι
3429 763 3520 827 τὰς
3561 764 3796 830 ἀσθενείας

2271 855 2452 928 ἡμῶν,
2485 855 2626 909 κατὰ
2660 856 2719 910 τὺ
2752 855 3156 927 γεγραμμένον,
3183 856 3263 917 είς
3282 854 3371 907 τὸν
3394 854 3559 925 τίμιον
3577 855 3797 926 ἀνήνεγκε

2275 947 2526 1018 σταυρὸν,
2558 945 2697 999 ὥστε
2725 945 2811 999 διὰ
2850 945 3038 998 τούτου
3083 943 3372 1015 ¹κρείττονα
3404 946 3678 1014 παρασχεῖν
3713 947 3798 1008 τοῖς

2273 1036 2578 1108 ἀνθρώποις
2609 1038 2966 1101 κατάστασιν,
3013 1036 3061 1088 εί
3099 1037 3172 1106 μὴ
3207 1035 3466 1106 πρότερον
3495 1035 3666 1098 αὑτὰς,
3705 1036 3800 1088 καθ’

2272 1128 2330 1182 ὃν
2380 1124 2488 1181 οἵδε
2532 1129 2755 1199 τρόπον,
2812 1129 2896 1192 εἰς
2964 1127 3154 1180 ἑαυτὸν
3193 1125 3417 1180 ἀνέλαϐέ
3483 1143 3539 1178 τε
3587 1125 3671 1180 κα).
3697 1125 3803 1178 ἔδει·

2274 1219 2364 1286 ξεν
2389 1237 2403 1284 ;
3659 1215 3665 1222 ’

2345 1309 2470 1373 Πῶς
2515 1309 2572 1363 δὲ
2633 1309 2700 1363 ἂν
2748 1309 2999 1381 εὐκρινὲς
3046 1309 3302 1379 κατέστη,
3340 1307 3414 1372 ὡς
3448 1307 3577 1379 σὰρξ
3607 1307 3803 1379 ἔμψυχος

2277 1399 2401 1472 [190
2427 1401 2482 1472 tt]
2534 1401 2750 1470 ἐγένετο
2793 1398 3031 1472 ἀληθῶς,
3066 1401 3161 1454 καὶ
3204 1401 3264 1452 οὐ
3313 1399 3595 1470 φαντασίᾳ,
3635 1399 3805 1468 οἰηθέν-

2273 1509 2380 1545 των
2422 1492 2600 1557 αὐτὸν,
2636 1493 2952 1562 Μανιχαίων
2986 1493 3105 1563 μὲν,
3150 1491 3310 1562 σῶμα
3364 1494 3576 1562 δοκήσει
3615 1493 3805 1562 ἐσχηκέ-

606 1600 805 1653 corpus
860 1595 1183 1654 apparenler
1231 1586 1503 1651 habuisse,
1565 1586 1752 1639 Ariani
1811 1600 1963 1648 vero,
2010 1585 2175 1641 fuisse

2276 1606 2385 1651 ναι,
2430 1588 2720 1658 Ἀρειανῶν
2757 1587 2812 1641 δὲ
2859 1587 3062 1657 ἄψυχον
3102 1586 3447 1656 γεγενῆσθαι,
3479 1587 3524 1638 εί
3570 1586 3638 1656 μὴ
3686 1582 3801 1647 εἷπε,

607 1676 962 1730 inanimatam
988 1675 1138 1748 (57);
1193 1677 1294 1730 nisi
1330 1677 1577 1742 dixisset,
1615 1697 1632 1729 ι
1655 1676 1852 1731 Tristis
1878 1686 1959 1730 est
1998 1678 2175 1731 anima

2282 1701 2300 1732 ι
2337 1681 2637 1752 Περίλυπός
2666 1682 2811 1734 ἐστιν
2842 1681 2874 1750 ἡ
2900 1678 3043 1748 ψυχή
3081 1695 3204 1748 μου,
3236 1696 3255 1728 ι
3289 1677 3385 1730 καὶ
3406 1677 3600 1730 δειλίαν
3653 1675 3805 1740 ἔδειξε,

607 1781 748 1829 mea,
780 1783 799 1818 ι
835 1775 891 1820 et
924 1767 1168 1821 timorem
1202 1763 1548 1832 ostendisset,
1574 1774 1627 1820 et
1651 1768 1851 1830 cibum,
1878 1782 1942 1820 ac
1969 1775 2172 1835 potum,

2278 1773 2371 1826 καὶ
2407 1773 2732 1844 βρωμάτων,
2767 1774 2861 1826 καὶ
2893 1771 3173 1841 πομάτων,
3197 1771 3291 1823 καὶ
3346 1769 3511 1824 ὕπνου
3555 1767 3807 1840 μετέλαθες

606 1867 660 1912 et
690 1873 936 1913 somnum
970 1858 1241 1927 cepisset?
1280 1858 1404 1912 ilzec
1444 1860 1591 1913 enim
1632 1872 1804 1927 neque
1829 1859 2011 1912 deitati
2042 1873 2173 1912 con-

2281 1865 2361 1917 Τά
2393 1863 2500 1935 γάρ
2536 1863 2761 1916 τοιαῦτα
2808 1861 2930 1916 οὕτε
2975 1861 3186 1934 θεότητι
3228 1862 3505 1934 ἁρμόττει,
3536 1858 3648 1913 οὔτε
3678 1858 3810 1928 σαρκὶ

605 1953 851 2018 veniunt,
875 1967 1050 2020 neque
1080 1951 1230 2005 carni
1263 1951 1592 2005 inanimatm.
1624 1948 1757 2002 Nam
1797 1950 1935 2018 quod
1971 1959 2175 2019 spectat

2280 1954 2489 2024 ἀψύχῳ.
2524 1954 2657 2024 Περὶ
2686 1955 2783 2023 μὲν
2811 1952 2872 2005 τὸ
2900 1952 3059 2023 σῶμα
3093 1953 3376 2024 θεωρεῖται
3415 1951 3482 2004 τὰ
3511 1950 3648 2020 πάθη
3683 1951 3810 2018 μόνον

605 2045 821 2114 quidem
852 2045 916 2098 ad
957 2059 1172 2112 corpus,
1195 2059 1272 2098 eze
1327 2052 1531 2096 tantum
1560 2043 1612 2096 in
1646 2043 1764 2111 ipso
1795 2042 2070 2109 passiones
2099 2043 2175 2096 in-

2276 2045 2339 2098 τά
2381 2043 2545 2098 αὑτοῦ
2591 2044 2682 2096 τοῦ
2733 2043 2983 2114 σώματος
3037 2043 3332 2114 φθαρτικὰ,
3373 2043 3436 2095 οὐ
3468 2041 3569 2112 μὴν
3596 2040 3659 2092 τά
3691 2039 3811 2105 λογιο

609 2132 941 2202 telliguntur,
974 2147 1094 2202 quae
1149 2147 1346 2200 corpus
1403 2132 1577 2198 ipsum
1627 2130 1956 2202 labefactare
1998 2133 2175 2187 valent

2276 2137 2426 2207 σμῶν
2450 2135 2655 2208 ἐρημίᾳ
2683 2135 2787 2188 τῶν
2818 2136 3104 2206 χρησίμων
3135 2137 3265 2206 ἡμῖν
3294 2134 3705 2201 ἐπιγιγνόμενα·
3733 2144 3808 2179 πε-

606 2233 772 2290 atque
804 2236 1176 2292 corrumpere,
1209 2237 1313 2276 non
1344 2237 1474 2275 vero
1506 2221 1700 2276 animae
1737 2223 2035 2291 passiones,
2057 2237 2175 2291 quae

2276 2229 2328 2299 ρὶ
2371 2228 2427 2281 δὲ
2462 2229 2560 2298 τὴν
2587 2227 2762 2299 ψυχὴν
2803 2227 3304 2297 καταλαμϐάνονται
3344 2227 3404 2278 αἱ
3440 2225 3576 2292 ὑπὲρ
3609 2222 3706 2274 τῶν
3733 2235 3816 2272 πα-

605 2312 676 2366 ob
708 2312 987 2380 penuriam
1041 2328 1220 2366 rerum
1269 2313 1698 2366 necessariarum
1756 2322 1847 2366 aut
1881 2314 2088 2366 utilium
2121 2315 2173 2367 in

2276 2318 2380 2372 θῶν
2428 2319 2724 2390 φροντίδες.
2781 2319 2872 2370 Διὸ
2918 2318 3011 2370 καὶ
3044 2319 3090 2370 οἰ
3130 2316 3232 2381 ἔξω
3261 2315 3686 2388 παραγγέλλουσι
3713 2309 3813 2379 περὶ

606 2401 765 2457 nobis
794 2404 1134 2457 exoriuntur.
1161 2403 1311 2471 Quod
1353 2419 1481 2458 vero
1511 2413 1722 2472 spectat
1755 2405 1820 2457 ad
1848 2406 2171 2470 animam,in

2276 2411 2365 2480 τῆς
2395 2411 2706 2483 ἐμπλήκτου
2742 2410 2924 2473 ἀνοίας
2949 2424 2965 2439 '

605 2510 667 2550 ea
709 2495 1178 2564 deprehemluntur
1213 2512 1355 2550 cura:
1387 2512 1451 2551 ac
1479 2497 1870 2551 sollicitudines
1941 2497 2010 2551 ob
2056 2499 2197 2565 ipsas
2234 2503 2514 2570 passiones
2577 2512 2858 2572 susceptaz.
2910 2501 3249 2569 Quapropter
3291 2498 3501 2564 profani
3562 2495 3706 2550 etiam
3741 2507 3817 2544 uua

607 2597 786 2644 ctores
809 2589 876 2644 de
928 2589 1118 2644 stolida
1175 2589 1442 2643 dementia
1506 2588 1788 2657 loquentes
1834 2590 1947 2642 haec
1981 2590 2332 2659 pramipiunt:

609 2731 759 2801 Fuge
787 2731 888 2783 cito
909 2727 1088 2801 procul
1111 2745 1142 2780 α
1171 2735 1393 2801 terrenis
1419 2725 1530 2801 (58)
1555 2723 2068 2801 ραρείοηὲίξιιεείιιῃε,

611 2795 1061 2859 Pré'stantissimo
1093 2797 1282 2851 animm
1313 2796 1487 2861 oculo,
1535 2804 1585 2850 et
1616 2796 1842 2848 immotis
1869 2795 1980 2937 εἶπε
2013 2798 2175 2851 radiis

1921 2877 2063 2921 utens
2085 2883 2103 2920 :

1921 2877 2034 2919 utcn
2085 2883 2098 2920 .'

611 2939 680 2995 Ut
713 2936 1160 3005 ponderosissimis
1195 2951 1384 3002 corpus
1409 2935 1572 3001 {renis
1598 2877 1913 2989 coercenturL
2040 2884 2063 2921 ³

611 3009 744 3065 Cum
772 3024 866 3078 per
893 3010 1084 3060 animus
1131 3006 1458 3068 munditiem,
1509 3015 1619 3058 tum
1654 3020 1744 3073 per
1786 3006 1985 3146 εωιῖῗιε
2013 3007 2177 3069 patria

1932 3092 2103 3132 umeri.

2279 2734 2464 2804 Φεῦγε
2486 2731 2665 2804 τάχος
2703 2731 2956 2804 χθονίων
2991 2727 3224 2804 παθέων·
3244 2727 3389 2804 ἅζεο,
3418 2725 3636 2804 τηλόσε
3653 2720 3818 2804 φεῦγε»

2285 2795 2496 2872 Ψυχῆς
2519 2795 2674 2871 511m
2702 2795 2986 2871 ᾆέριστον
3013 2799 3189 2866 ἔχων,
3212 2799 3308 2850 καὶ
3334 2795 3622 2860 ἀκλινέας
3643 2795 3818 2861 αὐγάς.

2277 2936 2555 3005 Σώματος
2574 2937 2653 3001 ὡς
2679 2935 2951 3003 ἀνέχοιτο
2977 2933 3129 3004 μέγα
3169 2934 3464 3000 ,ϐρίθοντα
3483 2928 3709 3005 χαλινᾲ,

2292 2994 2387 3059 Ἐαὶ
2431 2994 2697 3075 καθαρῆς
2729 2994 2935 3074 ψῦχῆς
2977 2994 3187 3058 ξδ’καὶ
3212 2994 3724 3142 αἰθερίηξπιῖτρρνξ
3751 2994 3822 3046 αἵ·

3614 3091 3648 3139 Τ
3719 3087 3761 3132 ς·

592 3147 695 3236 Ὠιι
711 3169 776 3222 ad
803 3169 848 3222 si
890 3166 998 3220 alia
1049 3167 1210 3220 etiam
1240 3164 1534 3234 Scriptura
1563 3164 1705 3227 loca,
1741 3180 1860 3234 qua:
1880 3139 1947 3219 ab
1968 3165 2175 3220 lucreti-

2299 3165 2778 3238 Ἐπισκοπούμενοι
2808 3166 2987 3220 τοίνυν
3010 3167 3109 3237 οὐχ
3135 3167 3331 3237 ἥκιστα
3363 3166 3461 3219 κα)⁸
3479 3163 3549 3217 τά
3576 3139 3698 3217 ἀλλα
3717 3174 3824 3228 γρα-

610 3277 797 3318 corum
826 3259 1004 3328 pravis
1027 3257 1370 3327 opinionibus
1397 3257 1553 3326 longe
1584 3257 1803 3320 absunt,
1831 3267 1888 3311 ut
1911 3273 1942 3310 a
1967 3274 2050 3312 me
2066 3257 2177 3322 jam

612 3353 814 3409 dictum
837 3359 939 3414 est,
993 3348 1156 3404 simili
1215 3348 1373 3402 modo
1411 3347 1829 3417 perpendamus,
1892 3351 2183 3417 comperie-

612 3454 758 3501 mus,
792 3440 986 3493 timore
1006 3436 1313 3507 perculsum
1347 3452 1453 3490 non
1486 3451 1607 3492 esse
1640 3452 1787 3501 eum,
1812 3438 1901 3506 qui
1927 3439 2069 3494 Deus
2098 3449 2181 3496 est

612 3528 900 3600 cujuslibet
929 3527 1270 3592 mutationis,
1307 3540 1372 3580 ac
1401 3525 1674 3596 passionis
1713 3543 1947 3598 expers;
1982 3530 2074 3598 qui
2094 3546 2180 3585 vo-

613 3620 866 3682 luntarie,
901 3617 1050 3686 juxta
1081 3616 1394 3686 Apostolqu
1414 3616 1622 3673 Calatis
1649 3619 1971 3673 scribentem
1992 3659 2008 3685 ,
2039 3641 2059 3673 ι
2087 3637 2181 3675 ex-

613 3711 865 3782 spoliavit
898 3707 1009 3782 (59)
1034 3708 1388 3778 principatus,
1415 3716 1468 3762 et
1492 3717 1809 3778 potestates,
1827 3719 1882 3764 et
1917 3711 2063 3765 dedit
2096 3725 2182 3765 se-

613 3801 904 3870 metipsum
941 3814 1038 3869 pro
1061 3799 1298 3870 peccatis
1334 3799 1558 3864 nostris,
1601 3808 1662 3852 ut
1711 3801 1948 3869 eriperet
1986 3816 2084 3856 nos
2112 3817 2177 3858 ex

609 3894 866 3964 praesenti
908 3893 1104 3948 steculo
1153 3906 1422 3960 nequam;
1455 3909 1474 3943 ι
1513 3892 1604 3960 qui
1636 3890 1854 3948 Petrum
1888 3895 2181 3964 increpavit

617 3998 685 4041 eo
706 3984 850 4054 quod
883 3984 1105 4038 tristitia
1137 3981 1365 4038 affectus
1394 3993 1558 4048 esset,
1591 3986 1808 4053 quando
1829 3985 1880 4039 ei
1912 3986 2178 4054 prtedixit,

615 4085 868 4144 Oportere
900 4090 958 4130 se
985 4073 1255 4143 cruciﬁgi,
1297 4083 1353 4128 et
1377 4074 1538 4139 mori,
1583 4086 1638 4129 et
1682 4075 1836 4128 tertia
1892 4075 1981 4130 die
2010 4091 2182 4131 resur-

614 4182 772 4238 gere;
809 4168 900 4237 qui
946 4165 1252 4220 voluntarie
1311 4165 1361 4217 in
1393 4180 1608 4219 crucem
1648 4164 1809 4236 397
1833 4167 2096 4232 ascendit,
2125 4175 2181 4221 et

614 4257 905 4311 exsultavit
942 4265 1000 4310 ut
1039 4256 1188 4324 gigas
1221 4253 1286 4308 ad
1309 4255 1732 4311 concurrendum
1783 4259 1953 4325 viam;
1988 4259 2076 4329 qui
2101 4259 2182 4314 vi-

614 4347 770 4402 viﬁca
798 4363 893 4403 sua
931 4357 1103 4404 morte
1128 4359 1353 4404 mortem
1397 4348 1618 4411 occidit,
1648 4358 1702 4402 et
1730 4363 1919 4404 omnes
1945 4365 1976 4404 a
2008 4361 2180 4406 morte

615 4441 877 4506 redemit;
909 4441 998 4510 qui
1029 4449 1220 4510 suapte
1269 4440 1616 4505 auctoritate,
1669 4441 1720 4493 vi
1760 4450 1815 4495 et
1864 4442 2177 4510 operatione

614 4530 774 4583 alium
806 4544 1019 4600 quoque
1048 4531 1325 4585 hominum
1369 4528 1785 4595 multitudinem,
1819 4531 1908 4600 qui
1949 4529 2176 4600 jampri-

615 4623 736 4678 dem
770 4624 1038 4687 ohierant,
1069 4624 1225 4678 simul
1256 4638 1376 4678 cum
1411 4638 1470 4678 se
1497 4623 1611 4693 ipso
1639 4623 1755 4693 (60)
1790 4624 2092 4690 suscitavit,
2113 4639 2177 4678 ac

617 4713 875 4770 universae
898 4715 1144 4770 humanae
1175 4725 1383 4769 naturae
1413 4714 1829 4770 resurrectionis
1869 4729 2017 4784 spem
2068 4713 2174 4768 lar-

685 4955 797 5026 (54)
837 4955 1071 5026 Oportet.
1099 4954 1206 5009 Pro
1239 4955 1368 5026 ὲχῆν
1399 4953 1516 5026 lego
1540 4952 1728 5025 ἐχρῆν.
1764 4952 1898 5026 Tum
1920 4950 2176 5026 λεύσσειν

612 5021 728 5149 pg».
763 5021 999 5081 λεύσειν.
1048 5021 1354 5096 Legendum
1411 5021 1672 5079 fortasse
1708 5031 1763 5077 el
1815 5021 2018 5074 ὁδεύειν
2080 5037 2177 5092 pro

704 5113 832 5148 υων.

704 5113 832 5148 υων.

685 5165 798 5229 (55)
839 5163 1098 5232 Scriptum
1127 5175 1222 5218 est.
1257 5163 1449 5218 Matth.
1488 5177 1604 5228 vm,
1638 5162 1725 5216 17.

683 5235 792 5304 (56)
831 5231 1032 5304 Ipsum.
1063 5235 1262 5297 Codex,
1293 5232 1488 5287 αὐτῶν.
1526 5233 1686 5302 Lego,
1715 5232 1894 5288 αὐτόν.

684 5301 798 5376 (57)
828 5301 1210 5376 litanimatrppt.
1247 5304 1460 5359 Christo
1495 5301 1737 5376 animum
1765 5316 1988 5376 negasse
2020 5301 2174 5376 Aria-

613 5371 714 5429 nos
739 5371 942 5428 certum
971 5383 1074 5427 est.
1113 5373 1165 5426 ld
1195 5383 1457 5428 testantur
1481 5373 1827 5430 Athanasius.
1860 5371 2168 5425 Theodore-

615 5453 724 5506 tus,
756 5454 936 5512 atque,
970 5452 1027 5494 ut
1059 5443 1191 5496 alios
1230 5453 1457 5507 taceam,
1491 5444 1822 5511 Augustinus
1853 5445 1902 5495 in
1932 5443 2066 5512 li_hro
2092 5441 2169 5494 De

2288 3259 2441 3329 φικὰ,
2477 3259 2544 3313 τά
2595 3259 2810 3330 μακράν
2871 3259 3146 3329 ἀπέχοντα
3196 3259 3304 3312 τῶν
3355 3255 3644 3329 αἱρετικῶν
3691 3266 3824 3303 κακο-

2286 3350 2462 3415 νοιῶν,
2501 3351 2576 3414 ὡς
2605 3351 2704 3422 ἥδη
2744 3368 2833 3420 μοι
2867 3339 3101 3422 εἴρηται,
3139 3348 3524 3422 μαθησόμεθα,
3556 3348 3633 3400 ὅτι
3654 3344 3708 3397 οὐ
3738 3338 3824 3394 δεί-

2282 3441 2394 3495 διεν
2447 3442 2476 3494 ό
2506 3441 2713 3512 τροπῆς
2741 3440 2836 3493 καὶ
2865 3440 3069 3504 πάθους
3104 3440 3303 3503 παντὸς
3344 3440 3613 3510 ἀμέτοχος
3645 3428 3825 3493 Θεὸςοδ

2281 3530 2479 3596 ἑκοντὶ,
2533 3531 2672 3584 κατά
2721 3531 2812 3585 τὸν
2868 3532 3186 3586 Ἀπόστολον
3237 3529 3510 3593 Γαλάταις
3565 3525 3823 3596 γράφονται

2285 3641 2306 3674 ι
2359 3622 2828 3694 Ἀπεκδυσάμενος
2857 3622 2956 3686 τὰς
2975 3623 3150 3695 ἀρχὰς
3183 3623 3275 3676 καὶ
3302 3621 3577 3687 ἐξουσίας,
3610 3616 3696 3670 καὶ
3728 3611 3826 3670 δοὺς

2280 3712 2470 3766 ἑαυτὸν
2515 3711 2653 3782 ὑπὲρ
2684 3711 2790 3764 τῶν
2840 3711 3121 3782 ἁμαρτιῶν
3171 3711 3353 3782 ἡμῶν,
3413 3711 3564 3771 ὅπως
3613 3704 3824 3774 ὲξέἓιηται

2279 3805 2428 3876 ἡμᾶς
2453 3806 2518 3858 ὲκ
2537 3803 2630 3858 τοῦ
2664 3803 2856 3866 αίῶνος
2881 3802 2974 3856 τοῦ
3007 3802 3298 3866 ἐνεστῶτος
3332 3800 3574 3873 πονηροῦ
3594 3814 3608 3828 ο
3644 3818 3660 3848 ι
3685 3799 3709 3848 ὁ
3732 3797 3824 3846 ἐπι-

2279 3897 2485 3968 πλήξας
2521 3897 2710 3966 Πέτρῳ
2741 3895 3147 3966 δυσχεράναντι,
3209 3895 3374 3964 ἡνίκα
3422 3892 3680 3963 προέλεγε
3736 3884 3825 3936 δεῖν

2281 3989 2653 4060 σταυρωθῆναι
2698 3988 2879 4052 αὑτὸν,
2933 3988 3025 4040 καὶ
3074 3987 3390 4051 ἀποθανεῖν,
3428 3985 3526 4039 καὶ
3580 3985 3643 4053 τῇ
3697 3977 3822 4048 τρίτη

2279 4078 2464 4149 ἡμέρᾳ
2492 4078 2782 4147 ἀναστῆναι
2801 4094 2815 4107 ⁹
2849 4079 2877 4130 ὁ
2906 4076 3185 4146 ἐθελοντὴς
3208 4077 3299 4128 ἐπὶ
3328 4077 3426 4129 τὸν
3463 4071 3683 4143 σταυρὸν
3702 4063 3822 4120 ἀνελ·

2281 4169 2410 4235 θὼν,
2452 4170 2546 4224 καὶ
2605 4169 3009 4239 ⁴ἡγαλλιωμένος
3061 4167 3137 4231 ὡς
3184 4167 3350 4236 γίγας
3393 4168 3622 4238 δραμεῖν
3649 4158 3758 4234 [190
3784 4152 3824 4221 ί¹ί

2278 4258 2394 4312 ὁδόν
2418 4274 2432 4289 ⁶
2458 4260 2486 4312 ὁ
2513 4255 2590 4327 τῷ
2619 4257 2864 4326 ζωοποιῷ
2891 4257 3053 4309 αὑτοῦ
3093 4255 3306 4326 θανάτῳ
3332 4257 3426 4309 τὸν
3453 4255 3674 4309 Θάνατον
3695 4248 3824 4300 θανα-

2278 4349 2453 4412 τώσας
2506 4349 2600 4402 καὶ⁵
2651 4349 2857 4412 πάντας
2916 4350 2979 4400 ὲκ
3010 4348 3235 4402 θανάτου
3273 4347 3644 4418 λυτρούμενος
3662 4361 3684 4389 ⁸-
3713 4333 3764 4392 οἶ)
3796 4336 3821 4402 ἢ

2279 4438 2618 4504 αὐτεξούσιος
2652 4439 2899 4510 ἐνέργεια
2930 4439 3024 4492 καὶ
3054 4438 3181 4493 ἄλλο
3225 4438 3434 4508 πλῆθος
3479 4435 3686 4503 θανάτῳ
3718 4426 3822 4499 χρά-

2282 4548 2392 4584 νιον
2419 4530 2533 4601 ἄμα
2555 4530 2703 4601 αὐτῷ
2734 4531 3124 4600 συνανέστησεν
3143 4571 3158 4594 ,
3189 4531 3282 4583 καὶ
3321 4531 3424 4604 ὅλῃ
3453 4532 3521 4601 τῇ
3549 4520 3824 4598 ἀνθρωπείὲ

2282 4621 2441 4690 φύσει
2467 4621 2809 4685 ἀναστάσεως
2836 4621 3024 4674 ἐλπίδα
3053 4621 3362 4692 ἐδωρήσατο
3385 4638 3398 4650 ο
3432 4623 3463 4675 ό
3485 4623 3645 4673 πᾶσιν
3657 4613 3822 4681 ἀφοῦον

2280 4713 2693 4776 κατασκευάσας
2729 4711 2820 4764 τὸν
2853 4711 2995 4785 ὑπὲρ
3022 4711 3185 4765 αὐτοῦ
3208 4712 3463 4776 θάνατον,
3493 4711 3586 4765 καὶ
3611 4705 3754 4762 πόθον
3775 4697 3823 4752 τὸ

2278 4951 2539 5024 comperi.
2567 4969 2586 5003 ι
2634 4949 2744 5024 lmo
2775 4949 2973 5024 Lucius
3021 4951 3138 5024 ipse
3177 4949 3417 5024 Arianus
3473 4951 3526 5003 in
3570 4953 3817 5024 sermone.

2277 5023 2367 5092 qui
2402 5016 2663 5092 allegatur
2689 5020 2998 5092 inconcilio
3026 5016 3406 5081 Lateranensi,
3438 5019 3582 5087 quod
3613 5016 3817 5090 habitant

2276 5089 2360 5145 est
2387 5089 2529 5159 ann_o
2563 5090 2687 5154 649,
2723 5089 2937 5144 Christo
2983 5092 3214 5142 animam
3257 5104 3526 5159 expresse
3561 5097 3713 5156 negat
3742 5092 3821 5134 ll‘l-

2276 5147 2543 5216 huendain
2569 5147 2707 5214 esse.

2347 5230 2470 5300 (58)
2490 5228 2684 5282 Procul
2714 5245 2747 5282 a
2777 5228 3012 5300 terrenis.
3049 5226 3248 5300 Codex,
3275 5226 3494 5281 θονίων.
3525 5225 3684 5300 Lego,
3712 5220 3816 5296 χθο·

2275 5297 2423 5353 νίων.
2451 5299 2714 5353 Praeterea
2740 5302 2905 5352 codex
2932 5299 3088 5351 habet
3117 5298 3232 5350 sine
3252 5309 3484 5351 accentu
3511 5297 3659 5366 quasi
3685 5301 3820 5346 unum

2275 5371 2591 5424 vocabulum
2623 5367 2946 5438 ἀποτηλόσε.
2979 5366 3142 5433 Lego,
3173 5368 3280 5421 ἄπο
3313 5367 3536 5436 τηλόσε.

2341 5440 2450 5506 (59)
2481 5431 2826 5505 Exspatiavit.
2855 5437 3030 5491 Prima
3059 5431 3170 5490 haec
3198 5431 3384 5498 verba,
3403 5431 3818 5506 ἀπεκδυσάμενος

613 5496 895 5567 magna.
925 5496 1118 5582 haeresi
1149 5496 1882 5582 χιιι,ᾁιιωέειᾼῖἱειηοτιιηι.
1917 5531 1935 5562 ι
1959 5509 2015 5564 In
2045 5527 2164 5574 eo,»

2276 5496 2366 5582 εὰᾷ
2394 5496 2567 5578 ἀρχάς
2594 5496 2690 5560 διαὶ
2719 5507 2817 5570 τὰς
2846 5507 3112 5582 ἐξουσίας,
3141 5517 3355 5559 exstant
3373 5496 3724 5582 '_ixt_l~:pistoia
3743 5496 3817 5582 'a‘d

614 5582 808 5648 inquit,
846 5599 865 5634 ι
896 5583 1037 5651 quod
1083 5581 1357 5636 Christum
1415 5582 1532 5636 sine
1578 5584 1754 5635 anima
1797 5598 2012 5636 carnem
2047 5597 2165 5636 sus-

613 5652 821 5720 cepisse
849 5651 1198 5722 arbitrantur,
1230 5653 1406 5722 minus
1452 5651 1564 5705 noti
1608 5661 1796 5722 sunt...
1828 5657 1919 5706 sed
1951 5655 2052 5706 hoc
2082 5666 2170 5704 ve-

616 5736 732 5792 rum
759 5735 883 5776 esse
909 5727 964 5775 et
983 5721 1315 5790 Epiphanius
1340 5736 1459 5792 non,
1478 5723 1664 5785 tacuit,
1693 5721 1747 5776 et
1769 5737 1867 5792 ego
1889 5737 1952 5775 ex
1982 5736 2165 5774 eorum

2268 5569 2612 5646 Colossl'cap.
2642 5569 2858 5639 n,vers.
2881 5569 2968 5630 i5.
2986 5576 3209 5645 Reliqua
3237 5590 3366 5630 vero
3384 5577 3438 5629 in
3457 5569 3558 5644 Ep.
3585 5575 3648 5626 ad
3666 5569 3814 5624 Galil.

2272 5665 2392 5716 cap.
2425 5664 2463 5713 ι,
2491 5663 2630 5702 vers.
2667 5648 2719 5701 4.

2484 5718 2653 5773 Simul
2677 5733 2792 5795 cum
2823 5715 3036 5795 διείρεο.
3062 5714 3263 5784 Codex,
3289 5713 3411 5786 ἅμα
3445 5711 3612 5782 αὐτῷ.
3637 5709 3816 5777 Legen-

613 5790 928 5862 quihusdam
975 5785 1212 5862 scriptis,
1265 5800 1318 5849 et
1364 5785 2166 5865 collocutiouibusicertissime
2271 5785 2395 5846 dum
2431 5785 2662 5844 fortasse
2692 5786 2808 5853 ἅμα
2841 5785 3009 5851 αὐτῷ.
