4060 6406
607 251 715 308 ου’]

1840 253 2073 309 DIDYMI
2106 251 2573 310 ALEXANDRINI
3699 269 3784 326 903

605 377 918 437 aeternoque
948 366 1206 439 mysterio
1257 367 1402 438 digni
1456 367 1581 424 lacti
1617 376 1766 437 sunt,
1807 379 2004 425 norunt
2038 371 2170 442 quid
2209 371 2381 425 dicam
2409 369 2542 444 (74).
2573 368 2709 425 Nam
2732 371 2932 438 cultus,
2969 380 3025 428 et
3069 371 3410 431 Eucharistia
3467 376 3512 433 ei
3568 378 3775 453 debetur,

606 462 695 530 qui
731 475 796 514 ex
838 461 1056 528 propria
1095 461 1398 525 voluntate,
1452 476 1515 515 ac
1560 462 1680 516 sine
1709 463 2026 531 paenitentia
2056 463 2332 533 proprium
2365 461 2580 532 aliquod
2610 465 2807 516 bonum
2835 463 3062 534 largitus
3089 473 3192 520 est.

680 550 834 604 Dicet
857 549 1020 606 etiam
1053 550 1344 620 quispiam,
1381 551 1688 620 Dominum,
1708 563 1767 607 ut
1798 554 2160 608 misericordia

2347 552 2503 606 Εἴποι
2551 553 2616 608 ἄν
2667 571 2768 619 τις,
2827 554 2904 617 ὼς
2952 555 3116 608 ἐλεῶν
3151 555 3412 624 ἐκείνους,
3449 559 3563 631 περὶ
3591 553 3654 614 ὧν
3687 564 3792 637 ἔφη,

605 638 724 695 illos
791 650 1230 710 prosequeretur,
1290 643 1358 694 de
1417 642 1615 711 quibus
1673 641 2170 714 ait,«Pater(75).

603 729 823 802 ignosce
859 730 982 790 illis.
1024 731 1152 800 quia
1185 732 1432 786 nesciunt
1467 732 1595 801 quid
1633 731 1855 799 faciant,
1883 753 1901 785 ι
1947 736 2168 801 dixisse,

2281 662 2300 696 ι
2337 644 2536 717 Πάτερ,
2567 647 2702 715 ἄφες
2735 645 2920 709 αὐτοῖς
2942 662 2956 677 ο
2983 647 3043 698 οὐ
3100 645 3209 715 γὰρ
3241 647 3412 700 οἴδασι
3435 649 3486 700 τί
3510 652 3740 717 ποιοίσιν,
3775 675 3790 708 i

2273 731 2424 790 εἶπεν
2451 737 2545 790 καὶ
2573 736 2652 800 τὸ,
2689 755 2707 788 ‹
2738 736 3059 807 Παρελθέτω
3099 735 3158 788 τὸ
3193 740 3444 808 ποτήριον
3469 739 3635 794 τοῦτο·
3672 763 3688 794 ι
3718 747 3793 799 ἀπ’

605 838 629 872 ι
664 819 928 876 Transeat
948 821 1085 876 calix
1117 821 1237 886 iste,
1269 839 1287 871 ι
1330 832 1390 875 ιιι
1419 837 1609 878 sensus
1671 824 1774 878 sit:
1814 822 2078 880 Transeat
2105 827 2160 879 at

2271 825 2474 891 αὐτῶν,
2501 827 2686 898 φησὶν,
2715 827 2798 880 ἵνα
2827 827 2900 897 μὴ
2929 826 3240 897 τηλικοῦτον
3270 828 3387 881 καθ’
3410 830 3601 883 ἑαυτῶν
3622 835 3690 898 εἰς
3717 838 3798 905 ἐμὲ

602 911 710 966 illis
736 911 870 984 (76),
896 927 964 966 ne
985 911 1038 967 in
1075 928 1226 967 suam
1257 914 1496 983 ipsorum
1531 915 1823 984 perniciem
1875 925 1980 971 tam
2010 917 2172 986 impie
2205 939 2210 944 ·

597 1013 786 1059 contra
823 1019 908 1057 me
934 1014 1115 1073 agant.
1148 1001 1336 1074 Neque
1373 1020 1500 1059 vero
1541 1005 1716 1060 aliena
1757 1016 1839 1061 est
1877 1022 1908 1060 a
1943 1009 2171 1063 veritate

602 1097 913 1165 hujusmodi
942 1096 1316 1164 interpretatio
1355 1098 1666 1164 verborum,
1688 1118 1706 1149 ‹
1727 1097 1991 1154 Transeat
2027 1101 2168 1156 calix

599 1187 726 1244 iste.
760 1206 778 1240 ›
816 1185 1190 1257 Sedqnoniam
1215 1189 1454 1254 videbat,
1482 1190 1755 1244 diabolum
1790 1201 2022 1247 tremere
2043 1194 2168 1261 qui-

601 1282 746 1347 dem,
785 1289 838 1334 et
877 1280 1154 1347 aufugero.
1205 1295 1327 1335 cum
1384 1297 1441 1336 se
1496 1283 1671 1350 ipsum
1721 1284 1969 1338 Salvator
2003 1283 2166 1338 Deum

597 1386 698 1442 per
727 1371 988 1427 miracula
1027 1373 1368 1440 ostendebat,
1419 1376 1674 1430 accedere
1713 1391 1842 1430 vero
1867 1377 1933 1429 ad
1969 1376 2164 1446 ipsum,

600 1464 818 1531 quando
853 1461 1206 1516 humanitatis
1246 1463 1462 1532 propria
1507 1462 2167 1533 loquebatur;ideohunc

600 1554 791 1609 mortis
849 1554 1097 1608 timorem
1127 1569 1236 1623 prae
1261 1569 1320 1609 se
1351 1555 1468 1608 tulit
1523 1555 1588 1621 is,
1619 1574 1638 1606 ι
1681 1556 1769 1624 qui
1807 1557 2166 1625 comprehen-

575 1646 678 1701 vdit
735 1646 848 1718 (77)
897 1645 1170 1717 sapientes
1230 1646 1281 1700 in
1314 1646 1512 1700 astutia
1566 1648 1840 1714 ipsorum:
1882 1665 1900 1698 ι
1934 1656 1992 1700 ut
2026 1647 2168 1702 sicut

577 1745 868 1793 ‘tunccum
897 1736 1271 1791 tentareillutn
1295 1737 1406 1806 jam
1437 1753 1598 1792 ausus
1626 1737 1819 1804 fuerat,
1851 1739 2165 1808 desperatus

580 1829 667 1883 tab
706 1843 772 1883 co
807 1829 1051 1893 recessit,
1115 1826 1355 1896 nihilque
1407 1827 1548 1880 aliud
1603 1843 1764 1898 quam
1812 1829 2160 1898 ignominiam

2269 917 2696 988 δυσσεὸήσωσιν.
2724 917 2834 971 Καὶ
2871 916 3013 970 οὕτω
3053 917 3108 970 δὲ
3135 919 3322 989 νοῆσαι
3347 919 3428 985 1:6,
3467 939 3483 971 ι
3521 924 3796 995 Παρελθέτω

2267 1009 2328 1062 τὸ
2362 1011 2616 1080 ποτήριον
2640 1008 2818 1075 τοῦτο,
2855 1027 2874 1060 ι
2901 1009 3000 1062 οὐκ
3017 1009 3119 1074 ἔξω
3145 1010 3400 1080 ἀληθείας
3422 1014 3577 1068 ἐστίν.
3617 1017 3800 1088 Ἐπειδὴ

2248 1073 2417 1170 ¹ίξώρσι
2557 1073 2822 1157 διάϐολον,
2859 1100 3149 1169 φρίττοντα
3184 1073 3280 1170 μέν
3304 1073 3395 1153 καί
3443 1073 3796 1173 ἀποφεύγοντα,

2267 1190 2427 1260 ἡνίκα
2459 1190 2650 1244 ἑαυτὸν
2691 1192 2720 1243 6
2755 1191 2946 1261 Σωτὴρ
2979 1189 3112 1245 Θεὸν
3150 1191 3237 1244 διὰ
3276 1192 3383 1244 τῶν
3430 1191 3698 1264 θαυμάτων
3723 1199 3800 1249 tr.-

2267 1281 2556 1333 εδείκνυεν·
2593 1281 3029 1352 προσερχόμενον
3055 1281 3131 1346 δὲ,
3151 1283 3238 1335 ὅτε
3273 1282 3390 1354 [191
3425 1282 3476 1354 b]
3501 1284 3802 1357 ἀνθρωπότη-

2264 1389 2354 1436 τος
2393 1373 2497 1426 ίδια
2534 1373 2859 1443 ἐφθέγγετοο
2898 1373 2994 1444 τὴν
3024 1373 3301 1446 παροῦσαν
3334 1375 3480 1446 αὐτῷ
3505 1376 3688 1430 δειλίαν
3721 1378 3798 1431 θα-

2264 1463 2422 1516 νάτου
2475 1463 2746 1534 ὑπέφηνεν
2790 1480 2809 1515 ι
2839 1463 2866 1514 6
2892 1462 3254 1535 δρασσόμενος
3297 1465 3422 1529 τοὺς
3461 1469 3644 1534 σοφοὺς
3679 1469 3800 1539 ὲντῇ

2265 1551 2564 1623 πανουργίᾳ
2593 1552 2823 1616 αὑτῶν,›
2854 1553 2941 1605 ἴνα
2962 1553 3103 1606 καθὰ
3131 1554 3231 1625 ἤδη
3261 1555 3516 1626 πειράσαι
3541 1555 3799 1629 τολμήσας,

2261 1643 2360 1714 τῆς
2391 1661 2448 1696 τε
2474 1643 2684 1708 ὲλπίδος
2727 1645 2902 1708 ἐκτὸς,
2939 1645 3034 1698 καὶ
3073 1647 3287 1717 ἄτιμος,
3325 1648 3418 1699 καὶ
3445 1649 3803 1717 καταγέλαστος

2264 1734 2624 1804 ὑπενόστησεν
2643 1752 2656 1766 ο
2687 1735 2828 1789 οὕτω
2851 1737 2945 1790 καὶ
2978 1736 3211 1790 ἐνταῦθα
3242 1738 3524 1810 ἄνθρωπον
3550 1740 3691 1810 ψιλὸν
3715 1740 3801 1792 πά-

2263 1827 2346 1880 λιν
2368 1826 2592 1897 νομίσας
2612 1821 2770 1892 εἶναι,
2798 1828 2889 1881 καὶ
2917 1829 2977 1880 οὺ
3007 1828 3158 1891 Θεὸν,
3186 1827 3261 1892 ὠς
3284 1825 3423 1884 οἶδεν
3457 1831 3680 1900 φανέντα
3703 1847 3805 1903 σαρ-

597 1919 800 1984 retulit,
830 1933 896 1974 ac
918 1932 1037 1974 sese
1063 1917 1416 1973 deridiculum
1451 1917 1608 1983 fecit,
1665 1919 1736 1972 ita
1777 1933 1920 1972 nunc
1951 1934 2160 1989 quoque

2264 1919 2340 1982 κὶ,
2366 1917 2738 1990 δξυδρομήσας
2774 1919 3008 1992 προέλθῃ
3044 1921 3138 1974 καὶ
3175 1921 3422 1995 ὑποϐάλῃ
3464 1923 3620 1976 αὐτὸν
3668 1901 3802 1975 σταυ-

595 2014 770 2083 ipsum
806 2026 992 2066 rursus
1044 2024 1252 2065 merum
1304 2009 1574 2064 hominem
1623 2025 1743 2066 esse
1797 2021 2007 2081 putans,
2057 2027 2160 2068 non

597 2119 726 2160 vero
760 2102 950 2168 Deum,
975 2101 1067 2170 qui
1093 2116 1158 2156 eo
1181 2115 1339 2170 quem
1386 2100 1534 2156 solus
1576 2101 1690 2170 ipse
1724 2102 1871 2157 novit
1914 2103 2075 2159 modo
2110 2104 2161 2158 in

595 2206 756 2247 carne
777 2189 1106 2262 apparuerit,
1135 2190 1242 2244 cito
1268 2204 1559 2245 accurreus
1589 2189 1700 2261 (78)
1735 2191 1998 2260 prodiret,
2024 2191 2164 2258 ejus-

595 2297 700 2353 que
766 2281 1176 2336 cruciﬁxionem
1208 2289 1538 2350 suggereret,
1568 2297 1632 2334 ac
1663 2282 1775 2351 ipse
1800 2283 2036 2351 quidem,
2070 2283 2162 2351 qui

591 2373 854 2427 invictum
923 2371 1088 2425 Deum
1147 2371 1398 2426 sauciare
1444 2370 1791 2435 moliebatur,
1852 2373 2163 2442 imprudens

593 2466 872 2523 sauciatus
905 2465 1302 2533 retrocederet;
1337 2482 1434 2522 nos
1469 2480 1597 2521 vero
1651 2481 1814 2521 cruce
1863 2466 2062 2522 Christi
2084 2468 2164 2522 vi-

595 2559 818 2623 viﬁcati,
871 2567 927 2612 et
978 2556 1452 2626 providentissima
1501 2556 1616 2626 ejus
1666 2555 1831 2628 399
1867 2564 2039 2610 morte
2079 2561 2164 2610 re-

595 2653 797 2721 dempti
823 2649 1257 2705 exclamaremus
1302 2663 1424 2703 cum
1464 2648 1631 2702 Paulo
1680 2647 1976 2703 Corinthiis
2027 2648 2165 2702 scri-

593 2745 755 2800 bente
783 2760 797 2796 :
829 2760 848 2793 ι
879 2740 979 2796 Ubi
1002 2751 1085 2796 est
1115 2739 1249 2812 ('79),
1291 2753 1459 2804 mors,
1507 2739 1727 2794 victoria
1767 2739 1895 2792 tua?
1933 2738 2022 2793 ubi
2051 2747 2155 2802 est,

595 2835 822 2897 inferne,
859 2833 1108 2888 stimulus
1171 2831 1331 2885 tuus?
1361 2848 1378 2880 ι
1441 2828 1531 2884 Sic
1577 2840 1753 2884 autem
1788 2840 2008 2900 accepta
2039 2844 2159 2885 cer-

597 2924 762 2979 tantis
800 2934 854 2978 et
916 2924 970 2976 in
1026 2921 1218 2990 agonia
1282 2920 1441 2986 positi
1490 2934 1592 2972 non
1653 2929 1896 2972 erantea
1949 2919 2158 2973 Domini

593 3017 788 3070 verba:
813 3013 1064 3083 quoniam
1091 3011 1157 3066 de
1177 3011 1282 3064 Deo
1305 3010 1461 3066 Patre
1490 3011 1650 3064 etiam
1683 3017 1728 3080 (ι
1753 3024 1966 3078 quem,»
2001 3019 2059 3063 ut
2085 3010 2161 3064 ait

593 3107 675 3160 vir
695 3087 869 3170 sacer,
903 3123 921 3154 ι
962 3104 1152 3156 timent
1177 3100 1288 3172 (80)
1316 3111 1369 3155 et
1396 3100 1822 3156 contremiscunt
1847 3099 2097 3154 universa
2127 3115 2156 3153 a

597 3195 734 3250 {acie
755 3195 968 3249 virtutis
1003 3193 1140 3260 ejus,
1167 3191 1225 3264 ι)
1263 3191 1429 3246 Isaias
1474 3205 1673 3245 arcano
1724 3191 1954 3260 quodam
1994 3205 2155 3246 sensu

592 3288 671 3342 sic
701 3286 936 3356 loquitur
965 3304 978 3338 :
1007 3303 1024 3337 ι
1045 3285 1236 3338 Audite
1269 3283 1375 3354 (8i)
1402 3297 1552 3346 vero,
1576 3285 1765 3336 domus
1791 3281 1956 3335 David
1986 3298 2000 3336 :
2025 3298 2161 3336 nun-

593 3378 722 3450 quid
749 3392 936 3448 parum
971 3385 1054 3431 est
1083 3375 1234 3430 vobis
1260 3389 1485 3444 agonem
1539 3373 1779 3442 praebere
1811 3372 2159 3427 hominibus?

584 3482 646 3526 et
675 3469 941 3541 quomodo
998 3467 1224 3522 Domino
1256 3480 1484 3535 agonem
1515 3463 1809 3533 praabetis?
1849 3462 1973 3518 Ideo
2010 3464 2158 3519 dabit

587 3564 851 3620 Dominus
880 3561 995 3631 ipse
1025 3559 1181 3613 vobis
1229 3558 1461 3626 signum.
1512 3555 1648 3611 Ecce
1677 3554 1843 3626 Virgo
1876 3556 1928 3609 in
1966 3564 2154 3610 ventre

590 3655 840 3724 accipiet,
877 3660 932 3707 et
964 3651 1140 3721 pariet
1171 3649 1388 3715 Filium,
1417 3657 1471 3703 et
1502 3648 1772 3702 vocabunt
1821 3647 1931 3718 (82)
1962 3661 2157 3701 nomen

589 3745 710 3814 ejus
740 3739 1054 3798 Emmanuel
1079 3739 1212 3811 (83),
1263 3739 1406 3810 quod
1461 3749 1542 3794 est
1592 3740 2019 3807 interpretatum,
2052 3738 2158 3792 Νο-

579 3837 800 3893 biscum
861 3835 1022 3890 Deus.
1056 3852 1074 3884 ι
1139 3832 1242 3886 Sed
1301 3831 1424 3886 illuc
1483 3833 1624 3886 unde
1670 3831 1938 3896 discessit,
1973 3832 2158 3887 redeat

573 4013 760 4069 :habet
789 4011 930 4065 domi
969 4009 1530 4076 conimunionem,iet,
1571 4006 1785 4076 quando
1814 4006 1949 4067 vult,
1983 4019 2078 4076 per
2103 4017 2162 4058 se

588 4085 705 4153 ipse
739 4082 796 4136 lit
831 4081 973 4136 illius
1009 4082 1300 4150 particeps.
1325 4096 1343 4128 ι
1400 4075 1531 4153 Novi
1580 4074 1697 4153 eam
1740 4076 2024 4153 epistolam
2043 4074 2160 4153 ’Δις

589 4143 1078 4218 :ialdovsuspectam
1113 4163 1236 4202 esse
1280 4150 1449 4218 quasi,
1478 4149 1738 4218 spuriam.
1771 4143 1875 4199 Sed
1915 4143 2161 4218 doctissi-

591 4236 802 4277 morum
835 4214 995 4273 eiiatn
1025 4218 1262 4272 virorum
1303 4214 1640 4284 suspiciones
1672 4215 1892 4283 insuper
1935 4214 2155 4278 habere,

591 4305 654 4346 ac
682 4289 953 4360 negligere
979 4289 1123 4353 licet,
1152 4287 1196 4342 si
1222 4285 1368 4340 nulla
1401 4287 1697 4339 innituntur
1725 4287 1957 4338 ratione.

663 4383 779 4455 (7d)
819 4382 1028 4438 Norant
1051 4383 1175 4455 quid
1201 4381 1394 4455 dicam.
1423 4380 1548 4434 Eam
1573 4393 1692 4455 qua;
1713 4377 1911 4432 dicitur
1947 4393 1966 4427 ‹
1988 4375 2148 4430 disci-

589 4450 732 4526 plina
757 4450 966 4526 arcani,
994 4473 1011 4504 ι
1059 4450 1274 4526 Didymi
1306 4460 1487 4526 aetate
1539 4450 1777 4516 viguisse
1827 4455 2047 4526 _consta_t
2081 4461 2146 4526 ex

589 4515 712 4578 aliis
737 4523 898 4576 etiam
927 4515 1194 4576 Patrihus.
1221 4515 1972 4588 QuipChrysoSlomushom.
2005 4515 2152 4588 [Dc

587 4607 772 4648 structa
822 4592 1123 4645 Pentecoste
1164 4601 1295 4645 tom.
1327 4587 1391 4651 ll,
1423 4585 1544 4658 pag.
1580 4587 1708 4650 465,
1735 4587 1933 4656 aliique
1961 4585 2149 4639 eadem

589 4663 760 4718 ferme
785 4666 945 4716 verba
991 4661 1264 4720 adhibent,
1295 4657 1722 4728 qum-Didymus.

658 4732 772 4799 (75)
812 4731 989 4784 Pater.
1023 4731 1152 4783 Luc.
1189 4745 1343 4789 xtuli,
1377 4727 1466 4781 54.

658 4795 773 4874 (76)
812 4802 886 4852 ΑΙ)
911 4801 1043 4874 illis.
1073 4799 1249 4874 ‘Bildia
1300 4799 1527 4874 habent,
1561 4795 1865 4874 ¢_Transeat
1909 4808 1938 4846 a
1976 4808 2090 4874 me;
2126 4811 2145 4845 ι

585 4864 681 4926 sed
731 4864 943 4922 videtur
991 4871 1245 4939 Didymus
1297 4882 1400 4920 non
1445 4868 1694 4920 habuisse
1732 4865 1784 4918 in
1821 4877 1920 4918 suo
1962 4864 2150 4916 codice

585 4939 714 4997 illud
747 4941 840 4992 ἀπ’
879 4939 1034 5009 ἐμοῦ,
1073 4942 1122 4992 id
1153 4946 1234 5009 est
1268 4952 1342 5009 ca
1371 4949 1478 5009 [net
1502 4953 1519 4984 ι

651 5009 769 5078 (77)
807 5000 1334 5075 ριιιέοηιρτείιεηάὶι.
1371 5003 1391 5056 Ι
1439 5004 1562 5058 Cor.
1590 5019 1673 5068 Ill,
1708 5003 1793 5066 l9,
1836 5000 1936 5056 Joh
1967 5017 2023 5064 ν,
2060 5000 2149 5056 15.

657 5099 768 5170 (78)
805 5098 923 5151 Cito
955 5113 1254 5151 accurreus.
1285 5095 1488 5157 Codex,
1523 5096 1551 5147 6
1600 5092 1960 5164 ξυδρομὴσας.
2008 5090 2150 5159 Lego

583 5167 982 5238 δξυδρομὴσας.

654 5229 1022 5308 (79)'lfbies_t_.
1064 5235 1094 5308 Δ1
1147 5235 1270 5308 Cor.
1317 5249 1407 5295 xv.
1466 5229 1962 5308 55._Gra:c_a-editio
1991 5229 2150 5308 paulo

581 5298 762 5361 aliter:
818 5308 948 5378 Sed
978 5305 1132 5378 Vulg.
1164 5306 1431 5378 interpres
1479 5305 1604 5373 legit
1637 5313 1693 5356 ut
1729 5298 2005 5378 Didymus.
2044 5298 2147 5378 nisi

622 5378 720 5430 uod
750 5392 844 5445 pro
876 5394 894 5427 ι
939 5369 1165 5438 inferne,
1197 5393 1215 5426 ι
1245 5369 1432 5434 habet,
1473 5390 1510 5445 σν
1534 5369 1713 5445 iners.
1752 5390 1770 5422 ι
1811 5369 1943 5424 Vide
1984 5369 2147 5422 etiam

622 5393 720 5430 nou
750 5393 844 5445 pro
876 5394 894 5427 ι
939 5393 1165 5438 intente,
1197 5393 1215 5426 ι
1255 5393 1432 5434 nanet,
1473 5393 1492 5422 σ
1547 5393 1713 5429 mors.
1752 5393 1770 5422 ι

581 5393 723 5502 asse
744 5461 862 5512 xm,
891 5447 975 5509 l4,
1004 5450 1141 5498 unde
1170 5446 1281 5498 haec
1312 5444 1540 5512 sumpsit
1569 5443 1788 5496 Paulus.

652 5537 762 5608 (80)
807 5537 1027 5590 Timent.
1067 5535 1121 5588 In
1170 5535 1364 5608 divinis
1398 5534 1690 5608 Sc_r_ipturis
1745 5532 1858 5608 htec
1902 5546 2007 5585 non
2035 5545 2147 5608 ex-

581 5600 754 5661 stant.
789 5611 929 5660 una:
962 5621 1090 5675 ergo
1130 5605 1426 5675 orationem
1460 5600 1754 5675 blattassis,
1807 5605 1858 5654 in
1893 5617 1996 5675 qua
2032 5600 2147 5652 ιιωο

584 5689 824 5747 teguntur
858 5699 868 5730 :
912 5671 1080 5746 Κύρὶε
1121 5673 1562 5744 παντοκράτορ...
1599 5673 1656 5728 ὃν
1687 5674 1861 5729 πάντα
1889 5671 2140 5743 φρίσσει,

2269 2008 2504 2078 ρωθῆναι
2527 2049 2544 2071 ,
2584 2009 2862 2073 mia-61:6;
2899 2010 2995 2082 μὲν
3033 2008 3262 2083 τρωθεὶς
3292 2012 3610 2084 λεληθότως,
3641 2016 3667 2067 6
3693 2014 3809 2084 τρῶο

2266 2117 2355 2154 σαι
2405 2102 2494 2154 τὸν
2554 2101 2818 2172 ἀήττητον
2871 2102 3002 2155 Θεὸν
3063 2105 3475 2176 μηχανώμενος,
3524 2105 3807 2176 παλίνορσος

2265 2193 2500 2263 ἀποστῇ·
2534 2193 2696 2264 ἡμεῖς
2723 2193 2778 2245 δὲ
2804 2192 2881 2263 τῷ
2915 2195 3132 2267 σταυρῷ
3165 2196 3256 2248 τοῦ
3288 2196 3524 2268 Χριστοῦ
3559 2194 3808 2266 ζήσαντες,

2264 2283 2357 2336 καὶ
2391 2282 2468 2352 τῷ
2509 2283 2940 2354 προμηθεστάτῳ
2981 2283 3141 2337 αὐτοῦ
3191 2283 3406 2356 θανάτῳ
3461 2285 3807 2356 λυτρωθέντες,

2263 2366 2649 2444 ἀναϐοήσωμεν
2706 2374 2845 2444 μετὰ
2900 2375 3110 2428 Παύλου
3161 2376 3470 2447 Κορινθίοις
3507 2377 3808 2447 γράφοντοςο

2268 2485 2287 2516 ι
2326 2465 2435 2518 Ποῦ
2468 2483 2582 2528 σου,
2609 2464 2824 2529 θάνατε,
2866 2466 2926 2518 τὸ
2959 2468 3139 2531 νῖκος;
3173 2467 3274 2519 ποῦ
3308 2485 3425 2534 σου,
3463 2467 3586 2539 ᾃδη,
3623 2466 3678 2520 τὸ
3709 2466 3811 2517 κέν-

2261 2574 2418 2626 τρον;
2456 2577 2474 2608 ι
2505 2556 2659 2610 Οὕτω
2701 2557 2758 2610 δὲ
2785 2558 2884 2610 οὐκ
2924 2558 3163 2625 ἀγωνίας
3193 2554 3260 2630 ἦν
3292 2559 3362 2613 τὰ
3389 2558 3486 2614 τοῦ
3520 2557 3715 2630 Κυρίου
3742 2555 3814 2627 ῥή-

2266 2666 2433 2719 ματα,
2465 2650 2546 2701 ὅτι
2568 2647 2662 2700 καὶ
2698 2649 2826 2719 περὶ
2866 2647 2956 2701 τοῦ
3008 2648 3142 2702 Θεοῦ
3194 2649 3409 2719 Πατρὸς
3441 2651 3459 2720 (
3493 2667 3512 2700 ι
3558 2652 3670 2710 Ὃν,
3696 2665 3713 2699 ι
3752 2645 3813 2706 ὡς

2261 2732 2412 2789 εἶπεν
2441 2736 2582 2806 ίερὸς
2611 2736 2768 2807 ἀνὴρ,
2801 2755 2820 2787 ι
2851 2737 3064 2808 φρίττει
3097 2738 3190 2792 καὶ
3220 2741 3416 2810 τρέμει
3455 2740 3524 2792 τὰ
3558 2737 3815 2808 σύμπαντα

2261 2826 2369 2879 ἀπὸ
2407 2825 2697 2898 προσώπου
2729 2827 3010 2898 δυνάμεως
3045 2829 3206 2882 αὑτοῦ
3235 2847 3252 2880 ν
3285 2831 3304 2900 )
3349 2831 3580 2892 Ἡσαΐας
3604 2827 3816 2898 ἀπορρήο

2261 2933 2340 2986 τῳ
2395 2917 2504 2969 τινὶ
2557 2916 2759 2989 θεωρίᾳ
2802 2917 2944 2971 οὕτω
2985 2919 3324 2988 διαλέγεταιο
3358 2941 3377 2972 ε
3427 2921 3712 2974 Ἀκούσατε
3743 2916 3815 2986 δὴ.

2260 3002 2408 3071 οἶκος
2440 3007 2532 3060 τοῦ
2579 3009 2740 3062 Δαυῖδ
2764 3027 2778 3041 ο
2832 3011 2907 3080 μὴ
2943 3012 3136 3083 μικρὸν
3180 3013 3306 3083 ὑμῖν
3349 3013 3542 3082 ἀγῶνα
3589 3010 3818 3083 παρέχειν

2261 3097 2596 3170 ἀνθρώποις;
2643 3100 2736 3152 καὶ
2785 3099 2901 3164 πῶς
2943 3103 3132 3174 Κυρίῳ
3177 3103 3448 3173 παρέχετε
3486 3102 3697 3170 ἀγῶνας
3738 3095 3819 3149 Διὰ

2259 3190 2413 3244 τοῦτο
2438 3191 2597 3244 δώσει
2623 3191 2822 3264 Κύριος
2856 3193 3018 3257 αὐτὸς
3044 3194 3171 3263 ὑμῖν
3197 3197 3444 3265 σημεῖον.
3487 3193 3615 3246 Ἰδοὺ
3640 3193 3670 3261 ἡ
3697 3192 3824 3260 [lupo

2264 3279 2413 3345 θένος
2435 3282 2492 3334 ὲν
2516 3283 2713 3352 γαστρὶ
2740 3282 2988 3353 λήψεται,
3023 3284 3116 3334 καὶ
3141 3282 3352 3346 τέξεται
3388 3285 3544 3347 Υίὸν,
3569 3284 3659 3335 καὶ
3687 3279 3821 3334 καλέ-

2267 3389 2418 3425 σουσι
2470 3371 2530 3424 τὸ
2589 3371 2761 3443 ὄνομα
2819 3373 2982 3426 αὑτοῦ
3043 3374 3414 3446 Ἐμμανουὴλ,
3451 3375 3482 3428 ὃ
3535 3377 3678 3427 ἐστιν
3715 3369 3821 3442 μεθ-

2263 3463 2711 3535 ερμηνευόμενον,
2748 3463 2882 3518 Μεθ’
2915 3465 3071 3536 ἡμῶν
3101 3467 3128 3518 6
3160 3465 3312 3528 Θεός.
3359 3486 3379 3519 ι
3432 3466 3574 3520 Ἀλλ’
3605 3465 3718 3518 ὅθεν
3751 3461 3822 3524 ἐξ·

2262 3553 2447 3623 ἦλθεν,
2501 3554 2662 3607 πάλιν
2719 3556 2749 3607 6
2797 3554 2951 3624 λόγος
3005 3557 3134 3626 ἡμῖν
3194 3559 3496 3616 ἐπανείτω.
3561 3557 3693 3611 Οὔτε
3748 3548 3824 3607 οὖν

2263 3643 2484 3716 δακρύει
2528 3647 2560 3714 ἡ
2609 3645 2864 3699 ἀνωτάτω
2916 3648 3169 3711 ἀπάθεια,
3217 3648 3313 3700 καὶ
3361 3650 3505 3719 ζωὴ,
3551 3647 3644 3702 καὶ
3680 3643 3820 3715 χαρὶ,

2264 3739 2356 3790 καὶ
2377 3738 2590 3810 εἰρήνη,
2625 3739 2719 3791 καὶ
2758 3738 2974 3792 πάντων
3005 3739 3269 3810 ὑπομονὴ,
3301 3741 3330 3792 6
3372 3739 3612 3812 φαιδρᾶς
3634 3735 3822 3806 ἡμέρας

2261 3829 2435 3892 διδοὺς
2465 3831 2578 3891 τοῖς
2630 3828 2822 3895 ἅπασι,
2853 3829 2916 3882 δι’
2951 3829 3077 3884 ἄλλο
3108 3848 3178 3892 τι,
3212 3830 3350 3884 ἀλλὰ
3373 3831 3467 3884 διὰ
3491 3831 3553 3884 τὸ
3579 3827 3822 3896 ὑποφῆναι

2273 4004 2358 4077 (αλ
2385 4003 2575 4077 τρέμει
2603 4001 2710 4056 ἀπὸ
2735 4002 3157 4077 προσώπου’τῆς
3180 4005 3474 4077 δυνάμεώς
3499 4022 3594 4059 σου
3614 4043 3630 4066 ,
3661 4003 3708 4057 id
3734 4007 3820 4060 est.

2269 4091 2288 4124 ι
2336 4075 2559 4126 Domine
2589 4075 3013 4144 omnipotens...
3065 4075 3224 4143 quem
3276 4075 3471 4129 omnia
3526 4082 3743 4144 pavent,
3775 4078 3822 4121 οι

2263 4151 2498 4214 tremunt
2525 4158 2553 4195 a
2580 4142 2716 4214 facie
2738 4143 2954 4198 virtutis
2975 4142 3097 4198 tua}.
3134 4163 3152 4196 ι
3180 4145 3312 4198 Eam
3339 4142 3818 4214 porro—orationem

2261 4213 2327 4266 ab
2347 4213 2709 4266 Alexandrino
2735 4213 2997 4281 scriptore
3021 4215 3178 4267 citari
3211 4207 3416 4268 mirum
3445 4230 3554 4269 non
3580 4223 3679 4269 est.
3705 4207 3820 4264 Nam

2258 4292 2312 4353 et
2333 4296 2362 4335 a
2385 4289 2693 4353 pervetnsto
2712 4280 2932 4353 aucture
2955 4280 3402 4336 Constitutionum
3425 4283 3818 4353 apostolicarum

2258 4350 2349 4405 lib.
2385 4350 2444 4415 it,
2469 4367 2589 4419 cap.
2612 4351 2704 4413 22,
2738 4351 2957 4404 affertur
2985 4353 3138 4420 quasi
3165 4367 3293 4421 pars
3325 4350 3510 4408 sacra:
3531 4354 3818 4420 Scripturae,

2176 4414 2227 4472 D
2252 4431 2306 4474 et
2326 4414 2722 4492 Aleitandrinus
2741 4423 2908 4492 codex
2936 4414 3079 4474 illam
3101 4414 3260 4476 habet
3281 4435 3410 4491 post
3431 4414 3671 4492 psalmos
3686 4421 3820 4492 infer

2255 4505 2404 4544 sncra
2451 4490 2675 4544 cantica.
2729 4488 2908 4544 Codex
2943 4505 3154 4559 quoque
3203 4487 3598 4547 meinbranetis
3645 4487 3819 4543 Biblio-

2257 4559 2426 4612 theca:
2477 4570 2674 4613 nostra:
2729 4559 2786 4612 S.
2841 4559 3134 4614 Salvator-is
3200 4559 3465 4616 Bononia:
3518 4561 3711 4617 saeculo
3755 4569 3817 4608 xu

2255 4631 2522 4698 scriptus,
2567 4645 2630 4682 ac
2679 4629 2884 4697 paginis
2936 4629 3038 4684 369
3086 4639 3382 4694 constans,
3422 4640 3558 4698 post
3592 4629 3816 4683 Graecum

2256 4697 2573 4752 Psalterium
2612 4699 2859 4771 undecim
2889 4699 3046 4771 addit.
3065 4701 3275 4771 cantica
3299 4737 3314 4762 ,
3344 4697 3592 4771 quorum
3625 4708 3814 4771 posite:

2256 4782 2400 4820 ntutn
2430 4779 2513 4822 est
2550 4773 2645 4821 ista
2677 4768 2871 4820 oratio.
2918 4767 2984 4820 Et
3036 4769 3087 4821 in
3130 4763 3382 4822 Naniand
3436 4763 3816 4825 codice-saeuii

2254 4850 2344 4908 av,
2373 4838 2486 4908 qui,
2514 4837 2785 4908 llesychii
2811 4836 3280 4908 llierosolymitani
3327 4839 3815 4908 interpretationem

2254 4905 2308 4958 in
2360 4904 2920 4968 Psalmos'continet,
2983 4904 3258 4960 dubdecitn
3316 4904 3546 4963 cantica
3609 4904 3815 4962 Psalmis

2254 4976 2662 5045 subjungnntur,
2693 4991 2918 5046 quorum
2955 4976 3138 5028 ultima
3187 4980 3290 5030 duo
3323 4989 3463 5032 sunt
3499 4981 3678 5031 oratio
3713 4972 3817 5046 Ma-

2254 5043 2538 5108 nassis-{et
2565 5043 2739 5099 oratio
2768 5045 3033 5099 Simeonis
3064 5047 3208 5098 senis
3227 5083 3242 5108 ,
3269 5061 3398 5099 cum
3451 5043 3816 5113 eXplanatione

2255 5115 2454 5184 ipsius,
2511 5128 2569 5184 nt
2616 5129 2772 5182 puto,
2840 5114 3108 5184 llesyehii.
3171 5117 3309 5180 Quin
3373 5115 3437 5171 S.
3495 5111 3728 5170 Thomas
3774 5111 3816 5184 itI

2254 5181 2470 5256 Summa
2507 5181 2747 5256 Theolog.
2788 5194 2923 5252 part.
2948 5181 3036 5244 VIII,
3066 5201 3118 5256 q.
3152 5185 3253 5256 84,
3277 5197 3390 5240 art.
3430 5187 3528 5250 10,
3575 5183 3820 5256 Manassis

2253 5255 2548 5325 orationem
2592 5248 2939 5325 citaus'eam
2995 5248 3153 5307 vocat
3205 5254 3468 5310 ultimum
3511 5248 3675 5325 caput
3709 5248 3818 5306 libri

2253 5325 2469 5376 secundi
2499 5319 2967 5389 Paralipomenon.

2322 5391 2428 5460 (8i)
2469 5394 2676 5445 Audite.
2705 5393 2801 5444 Isa.
2828 5406 2922 5450 vn.
2955 5392 3042 5457 15,
3083 5391 3168 5446 M.

2323 5458 2433 5530 (8'2)
2477 5462 2543 5512 Et
2581 5464 2852 5515 vocabunt.
2897 5461 3080 5515 Graeca
3124 5462 3290 5516 editio
3327 5480 3342 5516 :
3386 5480 3408 5514 ι
3443 5474 3506 5519 et
3536 5458 3750 5518 vocabis
3779 5473 3813 5530 ν»

2323 5465 2411 5530 (82
2477 5465 2543 5512 Et
2581 5465 2852 5515 vocabunt.
2897 5465 3080 5515 Graeca
3124 5465 3290 5516 editio
3327 5480 3342 5516 :
3386 5480 3408 5514 ι
3443 5474 3506 5519 et
3536 5465 3750 5518 vocabis
3798 5473 3813 5506 ι

2320 5465 2433 5600 (ὅῦζ
2473 5530 2798 5584 Emmanuel.
2832 5532 2959 5596 Quae
2996 5531 3144 5585 addit
3171 5544 3287 5599 post
3333 5535 3486 5588 hanc
3519 5549 3702 5588 vocem
3733 5529 3816 5581 Di-
3871 5589 3873 5596 ι

2249 5599 2458 5671 dyntus,
2492 5601 2747 5656 translata
2792 5603 2892 5655 huc
2930 5613 3053 5654 sunt
3082 5617 3148 5657 ex
3179 5601 3375 5656 Matth.
3406 5619 3448 5670 ι,
3483 5603 3578 5658 25.
