4060 6406
264 292 371 349 909
1358 290 1448 347 DE
1482 291 1860 349 TRINI'I‘ATE
1899 294 2101 350 LIBER
2140 295 2463 353 TERTIUS.
3399 310 3505 366 9m

262 416 351 469 διὰ
371 412 465 468 τοῦ
488 413 763 486 ὁρωμένου
798 413 898 484 τῆς
922 414 1155 486 ἀοράτου
1188 411 1437 485 θεότητος
1490 413 1618 486 [192
1645 412 1701 485 a]
1739 415 1833 466 αὑ-

1945 429 2134 473 rursus
2188 418 2367 473 oratio
2420 430 2625 475 nostra.
2670 420 2764 476 llle
2811 437 2959 494 ergo,
3000 423 3087 493 qui
3123 440 3371 495 suprema
3402 428 3503 481 im-

262 507 357 561 τοῦ
394 506 489 578 τὴν
520 506 880 576 συμπάθειαν.
910 505 1192 577 Πανταχοῦ
1230 509 1357 577 γὰρ,
1384 506 1417 577 ἢ
1446 507 1644 575 λόγοις,
1678 506 1712 576 ἢ
1749 504 1833 576 ἕρ-

1941 507 2267 576 passibilitas
2289 518 2393 574 est,
2421 521 2474 564 et
2503 511 2633 577 vita,
2664 520 2719 567 et
2750 515 3023 584 gaudium,
3068 524 3121 569 et
3150 528 3351 585 pax,et
3389 535 3506 572 om~

263 616 381 667 τοις
410 595 511 663 τὰς
540 596 806 661 διαθέσεις
840 598 1217 668 ἀναμίγνυσιν,
1260 597 1401 668 ὄφρα
1451 598 1610 667 ἡμεῖς
1648 594 1833 666 ὥσπερ

1940 609 2036 650 nes
2068 597 2325 663 tolerans,
2352 611 2406 655 et
2431 601 2582 658 lmtos
2610 602 2723 659 dies
2752 605 3003 660 omnibus
3028 607 3178 673 dans,
3217 608 3359 663 nulla
3399 610 3503 666 alia
3536 656 3547 666 .

264 688 327 741 ἔκ
350 706 512 741 τινων
550 688 707 759 ἰχνῶν
742 689 830 739 ἐπ’
856 689 1024 758 αὐτὴν
1052 689 1384 760 ὁρμήσωμεν
1416 687 1512 758 τὴν
1536 688 1709 759 θήραν
1737 687 1833 757 τῆς

1940 688 2006 742 de
2040 704 2200 745 causa
2234 690 2344 759 llet,
2370 694 2474 748 nisi
2518 705 2577 750 ut
2606 711 2703 766 per
2744 697 3006 753 visibilem
3052 702 3337 766 actionem,
3366 705 3504 768 invi—

264 780 620 849 ἐνθεαστικῆς
656 782 907 851 νοήσεως,
948 782 1041 833 καὶ
1080 779 1349 852 εὕρωμεν,
1380 779 1454 843 ὡς
1490 779 1551 832 τὸ
1592 779 1700 833 πᾶν
1740 778 1833 846 τῆς

1940 776 2115 832 sibilis
2163 796 2274 836 sua:
2326 782 2549 838 deitatis
2601 787 3126 844 commiserationem
3163 793 3503 862 manifestet;

263 871 574 942 οἰκονομίας
598 871 782 948 θεῖκῆς
816 870 944 924 ἴδιόν
969 872 1111 924 ἐστιν
1147 870 1565 941 εὐσπλαγχνίας.

1937 871 2137 925 etenim
2193 887 2403 942 semper
2460 884 2554 929 aut
2618 876 2816 941 verbis,
2866 889 2957 931 aut
3009 882 3264 949 operibus
3293 884 3504 953 aliquas

266 961 584 1019 affectiones
633 965 959 1050 permiscere
1008 964 1307 1029 consuevit,
1343 972 1403 1018 ut
1433 978 1531 1017 nos
1558 960 1719 1015 veluti
1759 973 1823 1013 ex
1862 961 2182 1029 quibusdam
2213 965 2455 1032 vestigiis
2508 967 2574 1020 ad
2603 967 3069 1038 investigationem
3132 975 3504 1029 venationenu

267 1069 375 1123 que
414 1055 579 1109 divini
611 1070 812 1111 sensus
868 1054 1126 1121 feramur,
1182 1062 1237 1111 et
1287 1054 1545 1127 quidquid
1606 1053 1799 1109 divina:
1870 1051 2260 1110 lncarnationis
2306 1057 2582 1127 proprium
2619 1070 2722 1125 est,
2766 1062 3153 1118 misericordiae
3198 1080 3317 1120 esse
3352 1082 3503 1121 com-

265 1146 561 1213 periamus.

334 1257 434 1310 Διά
456 1274 516 1308 τε
546 1257 607 1311 τὸ
644 1257 855 1326 ἐλέγξαι
883 1257 990 1311 τῶν
1026 1258 1266 1328 ἀδελφῶν
1296 1260 1546 1333 Λαζάρου
1584 1259 1683 1331 τὴν
1720 1258 1836 1313 διὰ-

264 1366 433 1411 νοιαν,
468 1348 544 1410 ὡς
570 1348 720 1401 οὐδὲν
750 1348 975 1418 ἔχουσαν
1010 1351 1217 1414 πιστὸν,
1254 1351 1375 1404 οὐδὲ
1401 1351 1634 1421 βέϐαιον.
1670 1351 1837 1422 Ἐρω-

263 1440 490 1510 τήσαντι
512 1439 620 1510 γὰρ
649 1439 815 1510 αὐτῷ,
853 1458 871 1490 ι
904 1441 1014 1494 Ποῦ
1034 1441 1311 1495 τεθείκατε
1337 1443 1529 1508 αὐτόν;
1571 1462 1587 1493 ι
1616 1441 1732 1496 δέον
1760 1443 1835 1494 εί-

264 1533 388 1584 πείν
409 1547 421 1560 ·
452 1533 524 1583 Σὺ
549 1532 720 1584 πάντα
740 1529 1045 1600 γινώσκεις,
1069 1533 1162 1586 ἆτε
1188 1534 1312 1597 Υἱὸς
1338 1535 1493 1601 Θεοῦ,
1521 1534 1581 1600 ὲξ
1607 1528 1679 1587 ὧν
1703 1551 1835 1605 προ-

261 1624 423 1685 εῖπας
474 1622 651 1693 πολλῷ
700 1623 1025 1695 διαστήματι
1082 1624 1160 1696 τῷ
1212 1626 1518 1698 φαινομένῳ
1559 1624 1828 1696 ἀφεστώς·

268 1732 286 1765 ι
320 1713 570 1786 Λάζαρος
604 1717 632 1767 6
664 1713 815 1784 φίλος
836 1716 991 1787 ἡμῶν
1028 1717 1376 1789 κεκοίμηταιο
1413 1738 1432 1771 ι
1464 1718 1555 1772 καὶ
1582 1721 1630 1772 εί
1665 1736 1831 1789 προσ·
1863 1743 1907 1799 Β

259 1806 503 1873 τάξεως,
537 1806 594 1875 ἐξ
628 1808 755 1880 ᾆδον
804 1808 1150 1880 ὑποστρέφει,
1188 1809 1287 1881 τὴν
1327 1810 1509 1879 κοινὴν
1541 1809 1835 1863 ἀνάστασιν

261 1896 552 1969 προλαϐὼν
588 1900 652 1969 τῇ
690 1897 821 1970 ἰδίᾳ*
850 1899 1027 1954 πάντα
1057 1900 1165 1973 γάρ
1196 1918 1275 1953 σοι
1304 1900 1461 1973 ῥᾴδια
1484 1900 1700 1965 πάντως
1729 1901 1835 1953 ὑπ-

261 1987 422 2060 άρχει
467 1988 730 2043 ἐθέλοντι·
764 1990 881 2044 δέον
929 1987 1021 2044 οὖν
1076 1992 1248 2045 ταῦτα
1289 1994 1482 2056 εἰπεῖν,
1531 1991 1837 2045 τούναντίον

261 2083 503 2153 ἔφασαν·
537 2101 555 2135 ι
592 2084 914 2155 Τεταρταῖός
938 2088 1103 2149 ἐστιν,
1132 2085 1232 2157 ήδη
1254 2083 1389 2149 ὄζει.
1428 2102 1446 2135 ι
1486 2083 1747 2154 Εἴποιμεν
1771 2083 1836 2138 ἂν

262 2176 404 2249 πρὸς
444 2174 623 2242 τοῦτο,
654 2176 1059 2248 δεδακρυκὲναι,
1090 2177 1164 2239 ὼς
1200 2175 1445 2246 βασιλέα,
1497 2178 1609 2239 τοῖς
1642 2176 1835 2229 ἑαυτοῦ

264 2268 644 2322 ὐποκύπτοντα
704 2266 1054 2338 θεσπίσμασι,
1100 2271 1214 2330 τοῖς
1256 2268 1522 2337 λέγουσιν,
1570 2288 1589 2321 ι
1624 2271 1837 2341 χαίρειν

266 2359 407 2431 μετὰ
434 2360 751 2430 χαιρόντων,
780 2358 877 2413 καὶ
912 2359 1118 2411 κλαίειν
1154 2359 1291 2430 μετὰ
1336 2360 1652 2426 κλαιόντων,
1691 2380 1710 2413 ι
1744 2363 1838 2415 καὶ

262 2450 351 2503 διὰ
374 2449 532 2502 τοῦτο
568 2449 657 2501 τὸν
685 2449 911 2502 παλαιὸν
934 2448 1124 2520 θρῆνον
1159 2448 1314 2520 ήμῶν
1340 2450 1707 2505 ἀποπαύοντα.
1735 2451 1837 2503 Οὑ-

262 2540 318 2593 δὲ
356 2543 524 2612 κοπιᾷ
558 2541 694 2593 κατὰ
724 2540 820 2611 τὴν
853 2540 1101 2611 θεότητα,
1136 2541 1271 2594 ἀλλὰ
1300 2541 1443 2595 κατὰ
1482 2543 1581 2614 τὴν
1624 2546 1722 2614 τῆς
1749 2544 1835 2595 ὲν-

263 2633 667 2704 ανθρωπήσεως
692 2633 1024 2698 ἀκολουθίαν,
1060 2634 1088 2685 6
1113 2633 1337 2705 ἰώμενος
1365 2636 1492 2698 τοὺς
1520 2652 1838 2705 συντετριμ-

266 2724 486 2793 μένους,
526 2726 620 2777 καὶ
650 2724 776 2789 τοὺς
816 2723 1211 2787 κεκοπιακὸτας
1246 2726 1340 2778 καὶ
1373 2725 1836 2796 πεφορτισμένους

262 2813 581 2878 ἀναπαύων,
615 2815 643 2866 6
683 2814 782 2883 τὴν
822 2813 998 2879 ἔξοδον
1036 2812 1172 2884 ἔχων
1214 2815 1308 2867 ἀπ’
1341 2815 1507 2885 ἄκρου
1539 2814 1632 2867 τοῦ
1670 2814 1834 2885 οὐρα-

261 2907 377 2971 νοῦ,
408 2907 504 2960 καὶ
550 2904 612 2958 τὸ
663 2904 987 2976 κατάντημα
1034 2906 1138 2969 ἕως
1187 2906 1358 2976 ἄκρου
1399 2906 1592 2959 αὐτοῦ·
1633 2899 1678 2976 ᾧ
1726 2906 1834 2976 γὰρ

268 2998 343 3069 μὴ
391 2997 634 3068 μείωσις,
677 2997 710 3067 ἢ
766 2996 1205 3067 ἁποπεράτωσις,
1260 2996 1379 3049 οὐδὲ
1448 2998 1614 3061 κόπος
1662 2999 1829 3055 ἐστίν.

2017 1253 2140 1310 Ideo
2192 1255 2355 1309 etiam
2409 1267 2578 1323 nevit,
2620 1269 2679 1313 ut
2715 1275 2959 1317 sororum
3014 1262 3202 1319 Lazari
3247 1268 3497 1338 cogitata,

1943 1355 2126 1415 utpote
2150 1346 2285 1400 nihil
2321 1346 2474 1402 ﬁdele
2507 1387 2522 1412 ,
2567 1350 2806 1421 nihilque
2850 1353 3064 1408 ﬁrmum
3107 1358 3378 1422 habentia,
3412 1376 3500 1413 re-

1942 1437 2263 1507 dargueret:
2312 1455 2433 1492 nam
2486 1441 2836 1512 interroganti
2900 1448 3022 1514 ipsi,
3080 1467 3100 1499 ι
3142 1448 3239 1503 Ubi
3271 1450 3385 1524 (84)
3410 1468 3505 1520 po-

1939 1526 2124 1582 suistis
2155 1528 2314 1582 eum?
2340 1547 2358 1579 ι
2386 1545 2508 1583 cum
2540 1533 2867 1597 respondete
2895 1537 3149 1590 deberent
3175 1555 3187 1590 :
3223 1538 3299 1592 Tn
3323 1542 3502 1595 omnia

1939 1620 2101 1687 nosti,
2128 1629 2310 1688 utpote
2338 1620 2506 1676 Filius
2532 1622 2643 1684 Dei,
2675 1635 2731 1677 ut
2754 1635 2902 1694 patet
2941 1642 3005 1681 ex
3036 1629 3137 1694 his,
3175 1645 3295 1699 qua-
3319 1645 3499 1699 antea,

1937 1726 2058 1765 cum
2090 1712 2251 1784 longo
2308 1714 2591 1769 intervallo
2630 1726 2956 1786 apparenter
2988 1717 3242 1788 distares,
3294 1725 3498 1790 dixisti,

1944 1824 1963 1857 ι
1986 1805 2223 1861 Lazarus
2244 1806 2357 1876 (85)
2386 1808 2593 1863 anticus
2639 1820 2828 1865 noster
2870 1811 3150 1879 dormivit;
3177 1832 3194 1864 ι
3225 1828 3289 1868 ac
3312 1815 3357 1869 si
3378 1815 3501 1885 jus-

1937 1899 2101 1965 seris,
2133 1914 2200 1955 ex
2228 1899 2441 1955 inferno
2489 1912 2812 1969 revertetur,
2868 1919 3207 1960 communem
3260 1922 3502 1965 resurre-

1935 1990 2172 2045 ctionem
2196 2002 2542 2047 antevertens
2598 1996 2813 2064 propria
2860 1998 3292 2063 resurrectione;
3321 2004 3499 2056 omnia

1937 2082 2078 2136 enim
2109 2083 2204 2137 tibi
2235 2084 2434 2139 volenti
2472 2083 2728 2140 facillima
2758 2097 2913 2140 sunt.
2957 2087 3089 2142 Cum
3114 2104 3241 2160 ergo
3266 2092 3380 2147 inec
3421 2094 3503 2147 di-

1937 2189 2063 2231 cere
2082 2175 2366 2243 deberent,
2408 2193 2439 2233 e
2485 2179 2757 2233 contrario
2793 2180 3082 2235 dixerunt:
3128 2203 3146 2235 ι
3181 2184 3504 2250 Quatriduu-

1940 2283 2043 2321 nus
2063 2266 2174 2339 (86)
2196 2278 2300 2332 est,
2326 2267 2436 2334 jam
2465 2268 2645 2323 fetet.)
2687 2269 2817 2324 Illud
2849 2281 3102 2340 praeterea
3139 2274 3304 2346 400
3343 2278 3505 2332 adde-

1939 2374 2079 2423 mus,
2101 2359 2377 2413 Christum
2417 2358 2628 2415 ﬂevisse
2668 2361 2836 2416 instar
2869 2365 3009 2434 regis
3039 2370 3274 2434 propriis
3306 2383 3366 2423 se
3384 2371 3500 2424 edi-

1938 2449 2039 2503 ctis
2068 2449 2425 2517 subjicientis,
2449 2452 2644 2518 quibus
2675 2452 2929 2522 jubemur
2955 2474 2975 2507 ‹
3002 2458 3234 2525 gaudere
3252 2459 3501 2530 (87)cum

1936 2540 2311 2610 gaudentibus,
2351 2550 2406 2596 et
2435 2541 2565 2596 ﬂere
2604 2559 2725 2597 cum
2765 2544 3036 2612 ﬂentibus,
3078 2566 3096 2598 ι
3127 2564 3191 2604 ac
3217 2566 3503 2619 prop:crea

1936 2631 2168 2700 antiqua:
2194 2644 2395 2686 nostrze
2425 2632 2793 2688 lamentationi
2832 2636 2990 2691 linem
3023 2639 3367 2707 imponentis.
3392 2643 3502 2699 Ne-

1936 2736 2041 2790 que
2064 2736 2192 2776 vero
2219 2721 2543 2793 defatigatus
2558 2734 2643 2779 est
2677 2726 2974 2781 secundum
2991 2728 3265 2793 deitatem.
3300 2734 3391 2786 sed
3415 2749 3503 2788 se-

1935 2813 2172 2867 cundum
2189 2812 2574 2869 incarnationis
2596 2818 3035 2885 consequentiam
3058 2821 3102 2874 is
3118 2821 3206 2889 qui
3228 2822 3502 2895 sanat(88)

1935 2903 2214 2970 contritos,
2237 2906 2328 2973 qui
2355 2903 2659 2975 defatigatis
2686 2905 2797 2976 (89)
2822 2916 2982 2976 atque
3006 2909 3240 2964 oneratis
3262 2912 3501 2980 requiem

1935 2994 2045 3058 dat,
2063 2994 2151 3063 qui
2168 2995 2365 3049 exitum
2388 2994 2497 3065 (90)
2518 3012 2546 3048 a
2570 2998 2875 3050 summitate
2891 2997 3012 3052 caeli
3031 2998 3213 3065 habet,
3236 3009 3289 3054 et
3304 3017 3503 3056 occur-

264 3088 327 3140 Εί
360 3086 469 3157 γὰρ
496 3087 591 3137 καὶ
620 3084 782 3155 πώλῳ
819 3084 947 3136 ποτὲ
983 3082 1228 3152 φαίνεται
1262 3082 1567 3148 καθεσθεὶς,
1608 3085 1720 3138 ἀλλ’
1758 3086 1832 3150 ὡς

1938 3102 2054 3141 sum
2073 3100 2241 3155 usque
2258 3086 2322 3141 ad
2340 3102 2608 3142 sumntum
2630 3086 2872 3155 ejus.Qui
2893 3090 3036 3144 enim
3056 3106 3226 3161 neque
3247 3092 3501 3147 imminu-

264 3177 397 3241 Θεὸς
433 3177 652 3247 ὑμνεῖτο
686 3176 790 3229 ὑπὸ
829 3176 1031 3228 παίδων
1071 3172 1169 3244 μὲν
1200 3174 1443 3239 ἀκάκων,
1485 3175 1827 3246 κραζόντων·

270 3286 291 3321 ε
330 3266 561 3320 Ὡσαννὰ
585 3269 642 3319 ἐν
673 3267 785 3327 τοῖς
814 3266 1087 3334 ὑψίστοις·
1121 3284 1140 3318 ι
1168 3266 1198 3319 ὃ
1240 3266 1622 3338 ἑρμηνεύεταν
1660 3286 1678 3320 ι
1720 3268 1834 3321 Σῶ-

268 3376 356 3411 σον
395 3357 523 3429 [192
545 3356 596 3429 b]
636 3358 663 3409 6
690 3359 745 3409 ἐν
765 3360 874 3421 τοῖς
896 3358 1167 3427 ὑψίστοιςο
1210 3378 1227 3411 ι
1254 3359 1358 3412 ὑπὸ
1385 3359 1439 3412 δὲ
1467 3358 1560 3412 τοῦ
1587 3360 1748 3413 Δαυῒδ
1774 3363 1832 3414 ὲν

263 3450 337 3504 νϐ’
395 3449 633 3519 ψαλμῷθ
674 3467 692 3500 ι
743 3450 872 3502 Ἀπὸ
907 3450 1177 3504 ἀνατολῶν
1209 3452 1361 3521 ἡλίου
1409 3453 1503 3504 καὶ
1539 3450 1699 3521 μέχρι
1737 3450 1831 3502 δυ-

265 3542 418 3613 σμῶν
441 3544 507 3595 ὲκ
529 3541 666 3595 Σιὼν
695 3544 728 3612 ἡ
760 3541 1058 3613 εὐπρέπεια
1087 3542 1183 3612 τῆς
1207 3541 1534 3614 ὼραιότητος
1559 3541 1720 3595 αὑτοῦ
1741 3559 1754 3571 ·
1799 3543 1828 3594 6

262 3633 396 3696 Θεὸς
428 3633 682 3703 ἐμφανῶς
704 3629 841 3703 ἥξει.
885 3651 903 3683 ›
936 3632 1069 3684 Οὐδὲ
1097 3632 1346 3703 ὀρέγεται
1382 3633 1586 3703 τροφῆς
1619 3633 1764 3686 ἄκων
1798 3634 1828 3685 6

263 3726 429 3797 ἄρτος
454 3725 554 3795 τῆς
592 3721 755 3794 ζωῆς,
782 3724 915 3794 πρὸς
939 3724 997 3777 ὃν
1028 3723 1324 3777 ἀποϐλέπει
1359 3724 1429 3777 τὰ
1465 3724 1664 3787 πάντα,
1695 3723 1840 3777 κατὰ

263 3816 355 3868 τὸν
376 3812 665 3884 ψαλμῳδόν
688 3830 703 3844 ο
736 3832 754 3863 ι
790 3814 849 3867 Οἱ
878 3812 1143 3884 ὀφθαλμοὶ
1167 3813 1383 3867 πάντων
1408 3814 1487 3876 είς
1513 3813 1572 3865 σὲ
1599 3811 1841 3877 ἐλπίζου-

266 3923 373 3967 σιν,
398 3906 492 3958 mi.
521 3906 584 3957 σὺ
606 3905 761 3967 δίδως
786 3905 883 3975 τὴν
897 3904 1100 3975 τροφὴν
1124 3906 1309 3967 αὐτοῖς
1336 3906 1393 3956 ὲν
1423 3904 1695 3975 εὐκαιρίᾳ.
1730 3904 1840 3957 Ἀν-

262 3996 435 4065 οίγεις
456 3997 521 4047 σὺ
548 3994 645 4064 τὴν
663 3994 819 4064 χεῖρά
840 4011 953 4060 σου,
976 3995 1069 4047 καὶ
1097 3994 1419 4065 ὲμπιμπλᾷς
1441 3995 1549 4048 πᾶν
1578 3993 1716 4058 ζῶον
1746 3995 1839 4047 εὐ-

263 4086 478 4151 δοκίας
505 4106 524 4138 ι
562 4088 656 4139 καὶ
688 4087 875 4141 πάλιν·
913 4104 932 4139 ι
962 4086 1146 4140 Πάντα
1179 4085 1315 4156 πρὸς
1351 4087 1411 4139 σὲ
1442 4085 1836 4158 προσδοκῶσιν,

336 4311 455 4380 (ει)
500 4310 616 4365 Ubi.
645 4309 804 4380 .loan1
838 4324 917 4373 χι,
947 4310 1037 4364 54.

335 4378 452 4449 (85)
492 4380 746 4433 Lazarus.
776 4378 929 4434 Joan.
964 4396 1039 4443 XI,
1072 4379 1161 4433 Μ.

339 4446 454 4521 (86)
497 4450 911 4521 Quatriduanus.
954 4448 1221 4521 Joanrst,
1266 4448 1356 4504 59.
1386 4448 1615 4504 Sensum
1669 4446 1819 4501 citat.

367 4521 456 4589 87)
495 4520 753 4575 Gaudere.
794 4519 948 4573 Rom.
978 4534 1074 4584 xu,
1110 4519 1195 4572 15.

361 4586 451 4660 88)
495 4590 596 4660 Qui
626 4598 794 4643 sanat.
858 4590 956 4660 lsa.
998 4604 1107 4652 th,
1144 4590 1195 4655 i,
1228 4596 1283 4660 et
1307 4586 1449 4642 Psal.
1484 4602 1630 4652 nvi,

360 4657 451 4727 89)
494 4659 824 4727 Defaiigalis.
872 4659 1057 4713 Matth.
1092 4674 1165 4722 ιι,
1198 4657 1286 4711 28.

492 4720 895 4805 ξπξιιιιῖικρεειι..
929 4744 1082 4805 svnt.
1113 4720 1252 4805 vers.
1287 4728 1341 4805 7,

336 4794 453 4873 (91)
494 4798 673 4873 saluo.
698 4798 1049 4873 __V0_cabulum
1096 4797 1347 4873 ᾡσαννᾴ,
1388 4798 1500 4873 sive
1535 4796 1706 4873 potius
1748 4794 1823 4847 ὠ-

266 4867 470 4934 σαννά,
500 4868 628 4920 nihil
663 4868 805 4919 aliud
831 4877 911 4922 est
933 4882 1092 4936 quam
1117 4869 1233 4936 duae
1257 4867 1532 4919 Hebraicze
1561 4867 1826 4918 dictiones

262 4956 332 5003 δα
373 4949 531 5004 rigavi
570 4938 827 5004 (hos/tilia
876 4935 978 5007 na)
1026 4955 1039 4989 :
1077 4935 1317 5007 voculam
1359 4950 1518 5007 vero,
1569 4951 1665 4995 na,
1707 4948 1827 5001 quin

268 5012 542 5069 hortantis
588 5007 887 5072 interiectio
936 5016 1036 5070 est,
1080 5006 1233 5073 quasi
1277 5006 1662 5060 redundantem
1720 5019 1824 5055 non

267 5083 525 5139 transfert
561 5077 835 5146 Didymus.
862 5075 1134 5146 Caeterum
1156 5077 1201 5130 si
1235 5076 1372 5129 hanc
1400 5074 1560 5146 etiam
1607 5074 1827 5146 reddere

267 5157 388 5218 quis
416 5149 563 5209 velit,
596 5143 846 5218 ῌόεανιηα
880 5146 1017 5199 valet
1044 5144 1431 5218 Sa]va,_quwso
1455 5183 1476 5218 ,_
1508 5144 1621 5218 sive
1654 5143 1827 5218 σῶσον

266 5211 429 5294 ξήμιι
460 5216 715 5294 transfert
759 5216 1068 5294 :l'heodorus
1108 5211 1432 5268 Prodromus
1466 5216 1516 5266 in
1558 5211 1824 5294 Explai-ia;

268 5280 414 5344 tione
443 5286 679 5341 nondum
707 5286 843 5355 edita
877 5285 1237 5355 liturgicorum
1268 5297 1530 5355 canonum
1567 5298 1687 5351 pag.
1726 5280 1827 5335 “5

266 5358 494 5414 Noniani
532 5355 751 5408 codicis.
800 5354 963 5409 Porro
1002 5352 1120 5409 cum
1158 5370 1259 5406 vox
1308 5371 1327 5404 ι
1380 5352 1623 5405 Hosanna
1673 5369 1692 5402 ι
1735 5367 1827 5403 vo-

265 5432 420 5484 cibus
460 5446 478 5478 ι
511 5426 645 5479 Filio
680 5424 842 5477 David
887 5423 1187 5493 r,jungatur
1213 5438 1240 5475 a
1273 5419 1541 5484 Matthmo,
1574 5421 1828 5475 Possinus

268 5501 321 5553 in
358 5500 637 5569 Spicrlegia
667 5495 957 5569 evangelica
990 5493 1444 5569 eamAsignilicare
1474 5494 1550 5569 ait
1583 5510 1601 5541 ι
1650 5505 1827 5543 ramos

266 5562 713 5634 arbdruquuos
747 5562 809 5617 in
828 5568 1081 5619 honorem
1100 5562 1306 5634 AChristi
1336 5562 1703 5634 abscissosex
1736 5576 1826 5634 arf

266 5642 488 5697 toribus
521 5629 836 5689 sternebant
870 5636 921 5687 in
958 5635 1063 5686 via.
1098 5632 1210 5685 Hoc
1252 5632 1459 5685 indicat
1495 5651 1513 5683 ι
1561 5632 1578 5701 (
1608 5629 1825 5699 inquit)

270 5724 297 5761 ε
336 5710 564 5762 dativus.
608 5724 626 5757 ι
660 5705 793 5759 Filio
829 5704 1014 5770 David,
1050 5721 1069 5755 ι
1108 5701 1414 5756 aMattbaeo
1440 5714 1826 5771 expressus....

1940 3177 2072 3231 tioni
2101 3177 2364 3232 obnoxius
2385 3186 2487 3243 est,
2531 3192 2706 3247 neque
2769 3178 3096 3245 limitationi,
3142 3181 3190 3234 is
3220 3197 3288 3236 ne
3311 3182 3503 3237 defati-

1938 3277 2096 3337 gatur
2125 3269 2378 3337 quidem:
2438 3285 2560 3323 nam
2597 3270 2699 3325 etsi
2747 3270 2891 3339 pullo
2940 3271 3180 3328 insidens
3215 3274 3503 3343 aliquando

1939 3369 2263 3428 conspectus
2314 3360 2497 3423 fuerit,
2533 3367 2713 3415 tamen
2745 3371 2804 3414 ut
2852 3362 2988 3417 Deus
3026 3362 3345 3418 laudabatur
3378 3383 3500 3423 cum

1941 3464 1969 3501 a
1994 3449 2178 3518 pueris
2213 3449 2607 3512 innocentibus,
2644 3452 2735 3519 qui
2764 3450 3091 3515 clamabant,
3128 3471 3147 3504 ι
3176 3452 3423 3510 Hosanna
3447 3458 3500 3511 in

1938 3539 2187 3603 excelsis,
2222 3558 2240 3590 ι
2274 3541 2416 3609 quod
2459 3542 2620 3606 valet,
2666 3560 2685 3593 ι
2721 3541 2878 3595 Salva
2898 3542 3034 3611 (ει),
3066 3558 3099 3597 ο
3133 3552 3185 3596 ιιι
3212 3545 3300 3612 qui
3335 3560 3395 3599 es
3450 3548 3502 3599 in

1937 3630 2195 3696 excelsis;
2230 3650 2248 3683 ι
2277 3643 2386 3686 tum
2435 3646 2464 3685 a
2511 3633 2717 3687 Davide
2743 3634 2796 3686 in
2829 3633 3038 3702 psahno
3064 3649 3151 3686 ιιι
3182 3650 3194 3686 :
3237 3652 3255 3685 ι
3292 3635 3373 3688 Ab
3411 3651 3503 3689 or-

1939 3722 2127 3794 tu(92)
2159 3723 2309 3788 solis,
2344 3732 2399 3778 et
2449 3722 2564 3794 (95)
2606 3737 2776 3791 usque
2828 3725 2895 3777 ad
2956 3737 3206 3777 occasum
3271 3739 3335 3778 ex
3370 3724 3500 3779 Sion

1937 3814 2147 3884 species
2199 3814 2413 3870 decoris
2475 3815 2641 3882 ejus:
2695 3813 2837 3867 Deus
2887 3813 3173 3868 manifeste
3247 3817 3448 3869 veniet.
3479 3837 3498 3868 ι

1936 3905 2121 3975 Neque
2149 3905 2326 3960 cibum
2357 3907 2561 3975 appetit
2599 3904 2803 3959 invitus
2838 3904 2884 3959 is
2911 3905 3001 3974 qui
3032 3915 3115 3959 est
3155 3906 3307 3974 panis
3357 3908 3499 3971 vitae,

1937 3995 1985 4054 is
2014 4001 2080 4054 ad
2106 4011 2266 4067 quem
2298 3997 2475 4050 omnia
2508 3996 2796 4064 aspiciunt,
2824 3995 2976 4065 juxta
3001 3995 3233 4050 Psaltem
3258 3997 3506 4066 inquien-

1937 4099 2043 4145 tetn
2073 4108 2085 4143 :
2123 4108 2141 4140 ι
2170 4087 2320 4145 Oculi
2343 4086 2455 4158 (94)
2483 4086 2723 4141 omnium
2753 4087 2805 4140 in
2864 4096 2915 4141 te
2969 4097 3209 4157 sperant,
3244 4098 3299 4143 et
3322 4089 3383 4141 ιιι
3405 4090 3502 4144 das

1942 4321 2101 4374 quam
2138 4307 2280 4360 enim
2321 4305 2655 4376 commodam
2686 4307 3009 4361 sententiam
3042 4307 3239 4361 habere
3270 4316 3443 4376 potest
3482 4326 3495 4362 :

1863 4380 1908 4435 D
1939 4378 2097 4431 Salva
2124 4391 2319 4445 qtueso
2342 4374 2477 4428 Filio
2510 4375 2720 4445 David?
2761 4396 2779 4427 ι
2817 4376 2922 4430 Sed
2956 4378 3200 4445 equidem
3230 4374 3367 4431 nulla
3395 4378 3499 4432 alia

1937 4448 2002 4501 de
2027 4461 2187 4500 causa
2217 4444 2455 4500 dativum
2500 4463 2520 4495 ι
2556 4443 2694 4499 Filio
2744 4447 2907 4499 David
2942 4465 2958 4497 ι
3006 4443 3037 4498 a
3075 4446 3322 4500 Matthaao
3360 4450 3502 4514 posi-

1934 4527 2045 4569 tum
2076 4530 2195 4569 esse
2227 4516 2490 4583 suspicor,
2523 4514 2625 4567 nisi
2663 4515 2787 4584 quia
2807 4518 3022 4569 verbum
3041 4523 3214 4578 mum
3229 4518 3412 4569 liosia‘h
3445 4519 3496 4571 in

1934 4586 2157 4639 Hebraeo
2186 4598 2436 4653 sermone
2477 4585 2619 4653 hunc
2653 4585 2811 4638 habet
2842 4600 3046 4638 casum.
3092 4585 3273 4653 Itaque
3313 4586 3496 4649 verba,

1936 4671 1957 4704 ι
1998 4653 2249 4708 Hosanna
2299 4652 2438 4706 Filio
2487 4652 2686 4719 David,
2729 4672 2747 4705 ι
2797 4655 3123 4723 respondent
3169 4652 3343 4708 verbis
3394 4654 3502 4709 lle—

1931 4724 2130 4809 braicis
2313 4727 2406 4809 περ
2441 4724 2926 4809 ΠΨιυηῠήοεΙιίΙια
2980 4723 3244 4809 n‘aﬂleuen
3270 4724 3499 4809 .Dulvid;

1931 4807 2051 4864 quae
2082 4794 2126 4847 si
2159 4796 2223 4846 ad
2255 4793 2508 4857 ve'rbum,
2540 4794 2735 4861 spretis
2763 4793 3234 4864 grammaticorum
3269 4794 3497 4864 legibus,

1933 4861 2121 4916 Latine
2145 4872 2446 4926 vertantur,
2498 4871 2692 4915 sonant
2741 4861 2819 4914 ί(
2865 4863 3062 4925 Salva,
3108 4861 3499 4929 quaeso,'l"ilio

1935 4933 2123 4998 David,
2158 4951 2177 4984 ι
2219 4933 2268 4985 id
2296 4941 2397 4994 est,
2433 4950 2451 4982 ι
2486 4932 2675 4985 Filium
2720 4932 2903 4985 David.
2955 4951 2973 4981 ι
3008 4932 3076 4983 Λι
3101 4942 3287 4985 contra
3316 4948 3499 5001 gram-

1935 5003 2253 5055 maticorum
2298 5002 2509 5070 regulas
2558 5017 2662 5054 non
2718 5002 2959 5069 peccavit
3016 5001 3328 5067 Matthzens;
3376 5018 3497 5055 cum

1932 5074 2075 5124 enim
2142 5069 2461 5125 Hebraicam
2526 5085 2705 5125 vocem
2770 5072 2918 5138 prius
2984 5070 3242 5139 posuisset
3297 5091 3314 5122 ι
3396 5070 3501 5123 llo-

1933 5156 2102 5194 sanna
2126 5181 2141 5203 ,
2184 5160 2201 5189 ›
2235 5154 2357 5211 eum
2400 5155 2584 5195 casum
2634 5139 2956 5211 subjungere
2986 5140 3193 5203 debuit,
3226 5157 3385 5211 quem
3433 5159 3497 5194 ea

1932 5225 2036 5264 vox
2072 5210 2331 5279 exposcit.

2004 5279 2117 5350 (92)
2143 5277 2238 5332 'Ab
2285 5288 2425 5333 ortu.
2459 5278 2605 5333 Psal.
2648 5294 2798 5350 xuii,
2829 5294 2970 5350 vers.
3022 5278 3080 5342 2,
3136 5279 3190 5333 5.
3225 5277 3500 5350 Librarius

1936 5348 2117 5473 itiaqne
2153 5350 2407 5404 mendose
2454 5349 2672 5419 scripsit
2718 5348 2816 5415 νθ’,
2851 5349 2903 5404 id
2933 5359 3037 5416 est,
3081 5364 3194 5415 ιιι,
3248 5364 3345 5418 pro
3387 5348 3497 5417 μθ’,

1936 5435 1972 5473 lt
2026 5430 2127 5473 est.
2161 5435 2313 5472 uix.

1936 5421 1987 5474 id
2026 5430 2127 5481 est,
2161 5435 2313 5472 uix.

1967 5488 2114 5612 digii)
2158 5488 2245 5542 Et.
2282 5489 2473 5544 Vocula
2504 5488 2621 5552 καί,
2652 5488 2703 5543 id
2726 5497 2827 5555 est,
2866 5509 2885 5539 ι
2908 5498 2979 5553 et,
3010 5509 3028 5541 ι
3056 5492 3203 5542 dcc-sl.
3230 5488 3280 5540 in
3315 5484 3500 5541 Graeca

2005 5575 2016 5611 I
2048 5574 2187 5612 t0ttt'.

1932 5559 2187 5613 edilimtt'.

2005 5627 2118 5750 (19;),
2158 5628 2331 5685 Oculi.
2360 5628 2501 5684 Psal.
2549 5643 2733 5693 cxuv,
2771 5644 2909 5685 vers.
2966 5629 3052 5696 i6,
3140 5628 3205 5680 l7
3249 5626 3389 5701 (seu
3430 5623 3500 5679 15

1932 5706 1986 5753 et
2013 5706 2140 5767 ιδ).
