  <div class='ocr_page' id='page_1' title='image "/cluster/home/n/w/nwhite01/storage/ocr_20150623/39/hvd.32044037979440/467.png"; bbox 0 0 4060 6406; ppageno 0'>
   <div class='ocr_carea' id='block_1_1' title="bbox 599 313 703 368">
    <p class='ocr_par' dir='ltr' id='par_1_1' title="bbox 599 313 703 368">
     <span class='ocr_line' id='line_1_1' title="bbox 599 313 703 368; baseline 0 -1"><span class='ocrx_word' id='word_1_1' title='bbox 599 313 703 368; x_wconf 65' lang='grc' dir='ltr'>θιι</span> 
     </span>
    </p>
   </div>
   <div class='ocr_carea' id='block_1_2' title="bbox 1836 301 2582 358">
    <p class='ocr_par' dir='ltr' id='par_1_2' title="bbox 1836 301 2582 358">
     <span class='ocr_line' id='line_1_2' title="bbox 1836 301 2582 358; baseline 0.003 -2"><span class='ocrx_word' id='word_1_2' title='bbox 1836 301 2070 358; x_wconf 71' lang='grc' dir='ltr'>οιῡγιιι</span> <span class='ocrx_word' id='word_1_3' title='bbox 2110 302 2582 358; x_wconf 71' lang='lat' dir='ltr'><strong>ALEXANDRINI</strong></span> 
     </span>
    </p>
   </div>
   <div class='ocr_carea' id='block_1_3' title="bbox 3709 313 3792 366">
    <p class='ocr_par' dir='ltr' id='par_1_3' title="bbox 3709 313 3792 366">
     <span class='ocr_line' id='line_1_3' title="bbox 3709 313 3792 366; baseline 0 0"><span class='ocrx_word' id='word_1_4' title='bbox 3709 313 3792 366; x_wconf 73' lang='grc'><strong>919.</strong></span> 
     </span>
    </p>
   </div>
   <div class='ocr_carea' id='block_1_4' title="bbox 601 393 2176 494">
    <p class='ocr_par' dir='ltr' id='par_1_4' title="bbox 601 393 2176 494">
     <span class='ocr_line' id='line_1_4' title="bbox 601 393 2176 494; baseline -0.006 -11"><span class='ocrx_word' id='word_1_5' title='bbox 601 441 786 483; x_wconf 87' lang='lat' dir='ltr'><strong>escam</strong></span> <span class='ocrx_word' id='word_1_6' title='bbox 827 423 961 494; x_wconf 87' lang='lat' dir='ltr'><strong>ipsis</strong></span> <span class='ocrx_word' id='word_1_7' title='bbox 999 420 1110 494; x_wconf 81' lang='grc'>(95)</span> <span class='ocrx_word' id='word_1_8' title='bbox 1157 422 1210 477; x_wconf 87' lang='lat' dir='ltr'><strong>in</strong></span> <span class='ocrx_word' id='word_1_9' title='bbox 1249 393 1507 492; x_wconf 50' lang='lat' dir='ltr'><strong>tempore</strong></span> <span class='ocrx_word' id='word_1_10' title='bbox 1536 429 1837 492; x_wconf 78' lang='lat' dir='ltr'><strong>Opportuno</strong></span> <span class='ocrx_word' id='word_1_11' title='bbox 1867 439 1879 474; x_wconf 89' lang='lat'><strong>:</strong></span> <span class='ocrx_word' id='word_1_12' title='bbox 1912 421 2092 490; x_wconf 87' lang='lat' dir='ltr'><strong>aperis</strong></span> <span class='ocrx_word' id='word_1_13' title='bbox 2125 429 2176 473; x_wconf 90' lang='lat' dir='ltr'><strong>tu</strong></span> 
     </span>
    </p>
   </div>
   <div class='ocr_carea' id='block_1_5' title="bbox 2276 393 3798 494">
    <p class='ocr_par' dir='ltr' id='par_1_5' title="bbox 2282 418 3798 492">
     <span class='ocr_line' id='line_1_5' title="bbox 2282 418 3798 492; baseline 0.002 -18"><span class='ocrx_word' id='word_1_14' title='bbox 2282 421 2462 475; x_wconf 76' lang='grc' dir='ltr'>δοῦναι</span> <span class='ocrx_word' id='word_1_15' title='bbox 2523 421 2620 492; x_wconf 70' lang='grc' dir='ltr'><strong>τὴν</strong></span> <span class='ocrx_word' id='word_1_16' title='bbox 2672 418 2879 492; x_wconf 69' lang='grc' dir='ltr'>τροφὴν</span> <span class='ocrx_word' id='word_1_17' title='bbox 2937 421 3118 482; x_wconf 73' lang='grc' dir='ltr'>αὐτοῖς</span> <span class='ocrx_word' id='word_1_18' title='bbox 3180 420 3259 484; x_wconf 86' lang='grc' dir='ltr'><strong>είς</strong></span> <span class='ocrx_word' id='word_1_19' title='bbox 3315 419 3580 492; x_wconf 68' lang='grc' dir='ltr'>εὔκαιρον·</span> <span class='ocrx_word' id='word_1_20' title='bbox 3621 441 3638 474; x_wconf 80' lang='grc' dir='ltr'><strong>ι</strong></span> <span class='ocrx_word' id='word_1_21' title='bbox 3681 426 3706 478; x_wconf 93' lang='lat'><strong>6</strong></span> <span class='ocrx_word' id='word_1_22' title='bbox 3746 430 3798 480; x_wconf 71' lang='grc' dir='ltr'>ἐκ</span> 
     </span>
    </p>
   </div>
   <div class='ocr_carea' id='block_1_6' title="bbox 606 509 2177 581">
    <p class='ocr_par' dir='ltr' id='par_1_6' title="bbox 606 509 2177 581">
     <span class='ocr_line' id='line_1_6' title="bbox 606 509 2177 581; baseline -0.006 -10"><span class='ocrx_word' id='word_1_23' title='bbox 606 532 826 572; x_wconf 88' lang='lat' dir='ltr'><strong>manttnt</strong></span> <span class='ocrx_word' id='word_1_24' title='bbox 852 526 1020 576; x_wconf 90' lang='lat' dir='ltr'><strong>tuam,</strong></span> <span class='ocrx_word' id='word_1_25' title='bbox 1044 523 1098 568; x_wconf 93' lang='lat' dir='ltr'><strong>et</strong></span> <span class='ocrx_word' id='word_1_26' title='bbox 1115 511 1304 581; x_wconf 89' lang='lat' dir='ltr'><strong>imples</strong></span> <span class='ocrx_word' id='word_1_27' title='bbox 1317 527 1477 568; x_wconf 88' lang='lat' dir='ltr'><strong>omne</strong></span> <span class='ocrx_word' id='word_1_28' title='bbox 1497 509 1697 565; x_wconf 77' lang='lat' dir='ltr'><strong>animal</strong></span> <span class='ocrx_word' id='word_1_29' title='bbox 1723 510 2106 580; x_wconf 87' lang='lat' dir='ltr'><strong>complacentia</strong></span> <span class='ocrx_word' id='word_1_30' title='bbox 2129 527 2177 570; x_wconf 68' lang='grc' dir='ltr'><strong>ς»</strong></span> 
     </span>
    </p>
   </div>
   <div class='ocr_carea' id='block_1_7' title="bbox 605 601 2181 676">
    <p class='ocr_par' dir='ltr' id='par_1_7' title="bbox 605 601 2181 676">
     <span class='ocr_line' id='line_1_7' title="bbox 605 601 2181 676; baseline -0.005 -15"><span class='ocrx_word' id='word_1_31' title='bbox 605 618 659 661; x_wconf 88' lang='lat' dir='ltr'><strong>et</strong></span> <span class='ocrx_word' id='word_1_32' title='bbox 685 621 898 661; x_wconf 83' lang='lat' dir='ltr'><strong>rursus:</strong></span> <span class='ocrx_word' id='word_1_33' title='bbox 934 604 1151 661; x_wconf 69' lang='lat' dir='ltr'><strong>«Omnia</strong></span> <span class='ocrx_word' id='word_1_34' title='bbox 1179 605 1289 676; x_wconf 85' lang='grc'>(96)</span> <span class='ocrx_word' id='word_1_35' title='bbox 1315 613 1365 658; x_wconf 88' lang='lat' dir='ltr'><strong>te</strong></span> <span class='ocrx_word' id='word_1_36' title='bbox 1390 611 1722 674; x_wconf 78' lang='lat' dir='ltr'><strong>exspectant,</strong></span> <span class='ocrx_word' id='word_1_37' title='bbox 1750 611 1807 656; x_wconf 87' lang='lat' dir='ltr'><strong>ut</strong></span> <span class='ocrx_word' id='word_1_38' title='bbox 1837 603 1930 656; x_wconf 88' lang='lat' dir='ltr'><strong>des</strong></span> <span class='ocrx_word' id='word_1_39' title='bbox 1952 601 2181 673; x_wconf 86' lang='lat' dir='ltr'><strong>illis(97)</strong></span> 
     </span>
    </p>
   </div>
   <div class='ocr_carea' id='block_1_8' title="bbox 607 691 2185 762">
    <p class='ocr_par' dir='ltr' id='par_1_8' title="bbox 607 691 2185 762">
     <span class='ocr_line' id='line_1_8' title="bbox 607 691 2185 762; baseline -0.004 -13"><span class='ocrx_word' id='word_1_40' title='bbox 607 710 786 750; x_wconf 85' lang='lat' dir='ltr'><strong>escam</strong></span> <span class='ocrx_word' id='word_1_41' title='bbox 817 695 868 748; x_wconf 90' lang='lat' dir='ltr'><strong>in</strong></span> <span class='ocrx_word' id='word_1_42' title='bbox 915 703 1156 762; x_wconf 88' lang='lat' dir='ltr'><strong>tempore</strong></span> <span class='ocrx_word' id='word_1_43' title='bbox 1199 703 1531 761; x_wconf 85' lang='lat' dir='ltr'><strong>opportuno;</strong></span> <span class='ocrx_word' id='word_1_44' title='bbox 1573 709 1592 742; x_wconf 72' lang='grc' dir='ltr'><strong>ο</strong></span> <span class='ocrx_word' id='word_1_45' title='bbox 1625 692 1670 744; x_wconf 87' lang='lat' dir='ltr'><strong>is</strong></span> <span class='ocrx_word' id='word_1_46' title='bbox 1698 691 1788 760; x_wconf 86' lang='lat' dir='ltr'><strong>qui</strong></span> <span class='ocrx_word' id='word_1_47' title='bbox 1829 705 1894 743; x_wconf 78' lang='lat' dir='ltr'><strong>ex</strong></span> <span class='ocrx_word' id='word_1_48' title='bbox 1949 693 2185 760; x_wconf 87' lang='lat' dir='ltr'><strong>quinque</strong></span> 
     </span>
    </p>
   </div>
   <div class='ocr_carea' id='block_1_9' title="bbox 600 781 2181 854">
    <p class='ocr_par' dir='ltr' id='par_1_9' title="bbox 600 781 2181 854">
     <span class='ocr_line' id='line_1_9' title="bbox 600 781 2181 854; baseline -0.002 -17"><span class='ocrx_word' id='word_1_49' title='bbox 600 785 835 854; x_wconf 83' lang='lat' dir='ltr'><strong>panibus</strong></span> <span class='ocrx_word' id='word_1_50' title='bbox 864 794 917 838; x_wconf 85' lang='lat' dir='ltr'><strong>et</strong></span> <span class='ocrx_word' id='word_1_51' title='bbox 945 783 1151 837; x_wconf 85' lang='lat' dir='ltr'><strong>duobus</strong></span> <span class='ocrx_word' id='word_1_52' title='bbox 1179 783 1414 852; x_wconf 84' lang='lat' dir='ltr'><strong>piscibus</strong></span> <span class='ocrx_word' id='word_1_53' title='bbox 1439 783 1680 850; x_wconf 86' lang='lat' dir='ltr'><strong>quinque</strong></span> <span class='ocrx_word' id='word_1_54' title='bbox 1711 781 1988 835; x_wconf 84' lang='lat' dir='ltr'><strong>hominum</strong></span> <span class='ocrx_word' id='word_1_55' title='bbox 2017 781 2181 835; x_wconf 90' lang='lat' dir='ltr'><strong>millia</strong></span> 
     </span>
    </p>
   </div>
   <div class='ocr_carea' id='block_1_10' title="bbox 609 872 2186 944">
    <p class='ocr_par' dir='ltr' id='par_1_10' title="bbox 609 872 2186 944">
     <span class='ocr_line' id='line_1_10' title="bbox 609 872 2186 944; baseline 0 -18"><span class='ocrx_word' id='word_1_56' title='bbox 609 885 809 944; x_wconf 71' lang='lat' dir='ltr'><strong>prmter</strong></span> <span class='ocrx_word' id='word_1_57' title='bbox 839 875 1092 929; x_wconf 86' lang='lat' dir='ltr'><strong>mulieres</strong></span> <span class='ocrx_word' id='word_1_58' title='bbox 1143 881 1198 926; x_wconf 88' lang='lat' dir='ltr'><strong>et</strong></span> <span class='ocrx_word' id='word_1_59' title='bbox 1251 873 1504 942; x_wconf 90' lang='lat' dir='ltr'><strong>puerulos</strong></span> <span class='ocrx_word' id='word_1_60' title='bbox 1555 872 1840 938; x_wconf 88' lang='lat' dir='ltr'><strong>saturavit,</strong></span> <span class='ocrx_word' id='word_1_61' title='bbox 1877 882 1931 926; x_wconf 91' lang='lat' dir='ltr'><strong>et</strong></span> <span class='ocrx_word' id='word_1_62' title='bbox 1958 883 2013 924; x_wconf 86' lang='grc' dir='ltr'><strong>ιιι</strong></span> <span class='ocrx_word' id='word_1_63' title='bbox 2051 872 2186 926; x_wconf 87' lang='lat' dir='ltr'><strong>duo-</strong></span> 
     </span>
    </p>
   </div>
   <div class='ocr_carea' id='block_1_11' title="bbox 609 964 2180 1034">
    <p class='ocr_par' dir='ltr' id='par_1_11' title="bbox 609 964 2180 1034">
     <span class='ocr_line' id='line_1_11' title="bbox 609 964 2180 1034; baseline -0.003 -12"><span class='ocrx_word' id='word_1_64' title='bbox 609 969 778 1024; x_wconf 82' lang='lat' dir='ltr'><strong>decim</strong></span> <span class='ocrx_word' id='word_1_65' title='bbox 809 966 1020 1032; x_wconf 84' lang='lat' dir='ltr'><strong>cophini</strong></span> <span class='ocrx_word' id='word_1_66' title='bbox 1086 964 1508 1034; x_wconf 80' lang='lat' dir='ltr'><strong>fragmentorum</strong></span> <span class='ocrx_word' id='word_1_67' title='bbox 1567 973 1931 1031; x_wconf 85' lang='lat' dir='ltr'><strong>superessent,</strong></span> <span class='ocrx_word' id='word_1_68' title='bbox 1973 964 2180 1031; x_wconf 81' lang='lat' dir='ltr'><strong>eﬂecit;</strong></span> 
     </span>
    </p>
   </div>
   <div class='ocr_carea' id='block_1_12' title="bbox 611 1053 2183 1128">
    <p class='ocr_par' dir='ltr' id='par_1_12' title="bbox 611 1053 2183 1128">
     <span class='ocr_line' id='line_1_12' title="bbox 611 1053 2183 1128; baseline -0.001 -19"><span class='ocrx_word' id='word_1_69' title='bbox 611 1061 702 1128; x_wconf 84' lang='lat' dir='ltr'><strong>qui</strong></span> <span class='ocrx_word' id='word_1_70' title='bbox 745 1057 880 1111; x_wconf 79' lang='lat' dir='ltr'><strong>dixit</strong></span> <span class='ocrx_word' id='word_1_71' title='bbox 913 1055 1165 1110; x_wconf 80' lang='lat' dir='ltr'><strong>diabolo:</strong></span> <span class='ocrx_word' id='word_1_72' title='bbox 1225 1073 1243 1105; x_wconf 78' lang='grc' dir='ltr'><strong>ι</strong></span> <span class='ocrx_word' id='word_1_73' title='bbox 1297 1053 1412 1108; x_wconf 87' lang='lat' dir='ltr'><strong>Non</strong></span> <span class='ocrx_word' id='word_1_74' title='bbox 1470 1055 1520 1107; x_wconf 90' lang='lat' dir='ltr'><strong>in</strong></span> <span class='ocrx_word' id='word_1_75' title='bbox 1575 1069 1710 1122; x_wconf 82' lang='lat' dir='ltr'><strong>parte</strong></span> <span class='ocrx_word' id='word_1_76' title='bbox 1743 1053 1856 1124; x_wconf 83' lang='lat'><strong>(98)</strong></span> <span class='ocrx_word' id='word_1_77' title='bbox 1889 1055 2003 1110; x_wconf 91' lang='lat' dir='ltr'><strong>solo</strong></span> <span class='ocrx_word' id='word_1_78' title='bbox 2041 1055 2183 1107; x_wconf 88' lang='lat' dir='ltr'><strong>vivet</strong></span> 
     </span>
    </p>
   </div>
   <div class='ocr_carea' id='block_1_13' title="bbox 602 1145 2180 1218">
    <p class='ocr_par' dir='ltr' id='par_1_13' title="bbox 602 1145 2180 1218">
     <span class='ocr_line' id='line_1_13' title="bbox 602 1145 2180 1218; baseline -0.004 -14"><span class='ocrx_word' id='word_1_79' title='bbox 602 1152 804 1205; x_wconf 84' lang='lat' dir='ltr'><strong>homo:</strong></span> <span class='ocrx_word' id='word_1_80' title='bbox 845 1169 862 1200; x_wconf 70' lang='grc' dir='ltr'><strong>ι</strong></span> <span class='ocrx_word' id='word_1_81' title='bbox 898 1146 990 1218; x_wconf 86' lang='lat' dir='ltr'><strong>qui</strong></span> <span class='ocrx_word' id='word_1_82' title='bbox 1030 1146 1298 1202; x_wconf 87' lang='lat' dir='ltr'><strong>universis</strong></span> <span class='ocrx_word' id='word_1_83' title='bbox 1321 1147 1474 1201; x_wconf 90' lang='lat' dir='ltr'><strong>nobis</strong></span> <span class='ocrx_word' id='word_1_84' title='bbox 1505 1145 1853 1202; x_wconf 80' lang='lat' dir='ltr'><strong>suﬂicicntem</strong></span> <span class='ocrx_word' id='word_1_85' title='bbox 1883 1148 1947 1200; x_wconf 89' lang='lat' dir='ltr'><strong>ad</strong></span> <span class='ocrx_word' id='word_1_86' title='bbox 1979 1147 2180 1209; x_wconf 85' lang='lat' dir='ltr'><strong>omnia,</strong></span> 
     </span>
    </p>
   </div>
   <div class='ocr_carea' id='block_1_14' title="bbox 609 1233 2186 1308">
    <p class='ocr_par' dir='ltr' id='par_1_14' title="bbox 609 1233 2186 1308">
     <span class='ocr_line' id='line_1_14' title="bbox 609 1233 2186 1308; baseline -0.004 -11"><span class='ocrx_word' id='word_1_87' title='bbox 609 1253 663 1297; x_wconf 90' lang='lat' dir='ltr'><strong>et</strong></span> <span class='ocrx_word' id='word_1_88' title='bbox 700 1233 1095 1296; x_wconf 73' lang='lat' dir='ltr'><strong>indefinientem</strong></span> <span class='ocrx_word' id='word_1_89' title='bbox 1145 1253 1384 1293; x_wconf 86' lang='lat' dir='ltr'><strong>mensam</strong></span> <span class='ocrx_word' id='word_1_90' title='bbox 1427 1239 1710 1308; x_wconf 84' lang='lat' dir='ltr'><strong>proposuit</strong></span> <span class='ocrx_word' id='word_1_91' title='bbox 1763 1239 2037 1306; x_wconf 83' lang='lat' dir='ltr'><strong>propriam</strong></span> <span class='ocrx_word' id='word_1_92' title='bbox 2087 1236 2186 1291; x_wconf 88' lang='lat' dir='ltr'><strong>bo-</strong></span> 
     </span>
    </p>
   </div>
   <div class='ocr_carea' id='block_1_15' title="bbox 615 1327 2181 1398">
    <p class='ocr_par' dir='ltr' id='par_1_15' title="bbox 615 1327 2181 1398">
     <span class='ocr_line' id='line_1_15' title="bbox 615 1327 2181 1398; baseline -0.003 -12"><span class='ocrx_word' id='word_1_93' title='bbox 615 1334 862 1392; x_wconf 81' lang='lat' dir='ltr'><strong>nitatem.</strong></span> <span class='ocrx_word' id='word_1_94' title='bbox 923 1331 1217 1397; x_wconf 80' lang='lat' dir='ltr'><strong>inquiens:</strong></span> <span class='ocrx_word' id='word_1_95' title='bbox 1277 1347 1296 1380; x_wconf 81' lang='grc' dir='ltr'><strong>ι</strong></span> <span class='ocrx_word' id='word_1_96' title='bbox 1338 1327 1437 1395; x_wconf 85' lang='lat' dir='ltr'><strong>Qui</strong></span> <span class='ocrx_word' id='word_1_97' title='bbox 1501 1328 1649 1382; x_wconf 90' lang='lat' dir='ltr'><strong>venit</strong></span> <span class='ocrx_word' id='word_1_98' title='bbox 1706 1327 1814 1398; x_wconf 88' lang='lat'><strong>(99)</strong></span> <span class='ocrx_word' id='word_1_99' title='bbox 1840 1329 1904 1382; x_wconf 90' lang='lat' dir='ltr'><strong>ad</strong></span> <span class='ocrx_word' id='word_1_100' title='bbox 1935 1342 2039 1393; x_wconf 93' lang='lat' dir='ltr'><strong>me,</strong></span> <span class='ocrx_word' id='word_1_101' title='bbox 2077 1343 2181 1381; x_wconf 88' lang='lat' dir='ltr'><strong>non</strong></span> 
     </span>
    </p>
   </div>
   <div class='ocr_carea' id='block_1_16' title="bbox 611 1419 2184 1492">
    <p class='ocr_par' dir='ltr' id='par_1_16' title="bbox 611 1419 2184 1492">
     <span class='ocr_line' id='line_1_16' title="bbox 611 1419 2184 1492; baseline -0.003 -15"><span class='ocrx_word' id='word_1_102' title='bbox 611 1424 813 1477; x_wconf 83' lang='lat' dir='ltr'><strong>esuriet</strong></span> <span class='ocrx_word' id='word_1_103' title='bbox 845 1422 968 1492; x_wconf 84' lang='lat' dir='ltr'><strong>(l):</strong></span> <span class='ocrx_word' id='word_1_104' title='bbox 1011 1431 1065 1475; x_wconf 92' lang='lat' dir='ltr'><strong>et</strong></span> <span class='ocrx_word' id='word_1_105' title='bbox 1126 1421 1218 1489; x_wconf 91' lang='lat' dir='ltr'><strong>qui</strong></span> <span class='ocrx_word' id='word_1_106' title='bbox 1285 1419 1455 1474; x_wconf 86' lang='lat' dir='ltr'><strong>credit</strong></span> <span class='ocrx_word' id='word_1_107' title='bbox 1495 1419 1547 1472; x_wconf 90' lang='lat' dir='ltr'><strong>in</strong></span> <span class='ocrx_word' id='word_1_108' title='bbox 1604 1435 1707 1483; x_wconf 90' lang='lat' dir='ltr'><strong>me,</strong></span> <span class='ocrx_word' id='word_1_109' title='bbox 1741 1433 1847 1473; x_wconf 88' lang='lat' dir='ltr'><strong>non</strong></span> <span class='ocrx_word' id='word_1_110' title='bbox 1891 1419 2040 1473; x_wconf 84' lang='lat' dir='ltr'><strong>sitiet</strong></span> <span class='ocrx_word' id='word_1_111' title='bbox 2091 1434 2184 1472; x_wconf 82' lang='lat' dir='ltr'><strong>un-</strong></span> 
     </span>
    </p>
   </div>
   <div class='ocr_carea' id='block_1_17' title="bbox 582 1509 2181 1586">
    <p class='ocr_par' dir='ltr' id='par_1_17' title="bbox 582 1509 2181 1586">
     <span class='ocr_line' id='line_1_17' title="bbox 582 1509 2181 1586; baseline -0.004 -20"><span class='ocrx_word' id='word_1_112' title='bbox 582 1583 584 1586; x_wconf 88' lang='lat'><strong><em>_</em></strong></span> <span class='ocrx_word' id='word_1_113' title='bbox 611 1530 806 1584; x_wconf 84' lang='lat' dir='ltr'><strong>quam;</strong></span> <span class='ocrx_word' id='word_1_114' title='bbox 834 1533 852 1565; x_wconf 73' lang='grc' dir='ltr'><strong>ι</strong></span> <span class='ocrx_word' id='word_1_115' title='bbox 880 1511 1038 1585; x_wconf 62' lang='grc' dir='ltr'><strong>ἀοι</strong></span> <span class='ocrx_word' id='word_1_116' title='bbox 1069 1512 1156 1579; x_wconf 89' lang='lat' dir='ltr'><strong>qui</strong></span> <span class='ocrx_word' id='word_1_117' title='bbox 1182 1511 1248 1564; x_wconf 90' lang='lat' dir='ltr'><strong>ad</strong></span> <span class='ocrx_word' id='word_1_118' title='bbox 1277 1509 1436 1563; x_wconf 81' lang='lat' dir='ltr'><strong>ficum</strong></span> <span class='ocrx_word' id='word_1_119' title='bbox 1475 1509 1692 1578; x_wconf 86' lang='lat' dir='ltr'><strong>quidem</strong></span> <span class='ocrx_word' id='word_1_120' title='bbox 1717 1510 1862 1563; x_wconf 87' lang='lat' dir='ltr'><strong>venit</strong></span> <span class='ocrx_word' id='word_1_121' title='bbox 1885 1510 2037 1579; x_wconf 89' lang='lat' dir='ltr'><strong>quasi</strong></span> <span class='ocrx_word' id='word_1_122' title='bbox 2059 1523 2181 1562; x_wconf 86' lang='lat' dir='ltr'><strong>esu-</strong></span> 
     </span>
    </p>
   </div>
   <div class='ocr_carea' id='block_1_18' title="bbox 611 1600 2181 1674">
    <p class='ocr_par' dir='ltr' id='par_1_18' title="bbox 611 1600 2181 1674">
     <span class='ocr_line' id='line_1_18' title="bbox 611 1600 2181 1674; baseline -0.005 -13"><span class='ocrx_word' id='word_1_123' title='bbox 611 1607 778 1667; x_wconf 83' lang='lat' dir='ltr'><strong>riens.</strong></span> <span class='ocrx_word' id='word_1_124' title='bbox 815 1608 908 1660; x_wconf 88' lang='lat' dir='ltr'><strong>sed</strong></span> <span class='ocrx_word' id='word_1_125' title='bbox 940 1603 1196 1674; x_wconf 67' lang='lat' dir='ltr'><strong>praecepit</strong></span> <span class='ocrx_word' id='word_1_126' title='bbox 1232 1611 1291 1655; x_wconf 89' lang='lat' dir='ltr'><strong>ut</strong></span> <span class='ocrx_word' id='word_1_127' title='bbox 1322 1600 1482 1665; x_wconf 89' lang='lat' dir='ltr'><strong>Deus,</strong></span> <span class='ocrx_word' id='word_1_128' title='bbox 1521 1616 1588 1656; x_wconf 91' lang='lat' dir='ltr'><strong>ne</strong></span> <span class='ocrx_word' id='word_1_129' title='bbox 1614 1616 1674 1654; x_wconf 89' lang='lat' dir='ltr'><strong>ea</strong></span> <span class='ocrx_word' id='word_1_130' title='bbox 1709 1601 1892 1671; x_wconf 84' lang='lat' dir='ltr'><strong>planta</strong></span> <span class='ocrx_word' id='word_1_131' title='bbox 1946 1601 2181 1654; x_wconf 87' lang='lat' dir='ltr'><strong>frttctnm</strong></span> 
     </span>
    </p>
   </div>
   <div class='ocr_carea' id='block_1_19' title="bbox 609 1694 2179 1764">
    <p class='ocr_par' dir='ltr' id='par_1_19' title="bbox 609 1694 2179 1764">
     <span class='ocr_line' id='line_1_19' title="bbox 609 1694 2179 1764; baseline -0.003 -12"><span class='ocrx_word' id='word_1_132' title='bbox 609 1698 838 1764; x_wconf 86' lang='lat' dir='ltr'><strong>amplius</strong></span> <span class='ocrx_word' id='word_1_133' title='bbox 882 1695 1068 1760; x_wconf 81' lang='lat' dir='ltr'><strong>ferret,</strong></span> <span class='ocrx_word' id='word_1_134' title='bbox 1123 1703 1177 1750; x_wconf 86' lang='lat' dir='ltr'><strong>et</strong></span> <span class='ocrx_word' id='word_1_135' title='bbox 1229 1694 1369 1748; x_wconf 84' lang='lat' dir='ltr'><strong>farto</strong></span> <span class='ocrx_word' id='word_1_136' title='bbox 1438 1707 1741 1748; x_wconf 84' lang='lat' dir='ltr'><strong>sermonem</strong></span> <span class='ocrx_word' id='word_1_137' title='bbox 1791 1694 2179 1762; x_wconf 85' lang='lat' dir='ltr'><strong>comprobavit,</strong></span> 
     </span>
    </p>
   </div>
   <div class='ocr_carea' id='block_1_20' title="bbox 2293 507 3799 586">
    <p class='ocr_par' dir='ltr' id='par_1_20' title="bbox 2293 507 3799 586">
     <span class='ocr_line' id='line_1_20' title="bbox 2293 507 3799 586; baseline 0.003 -20"><span class='ocrx_word' id='word_1_138' title='bbox 2293 515 2452 567; x_wconf 78' lang='grc' dir='ltr'>πέντε</span> <span class='ocrx_word' id='word_1_139' title='bbox 2479 515 2656 584; x_wconf 82' lang='grc' dir='ltr'>ἄρτων</span> <span class='ocrx_word' id='word_1_140' title='bbox 2691 515 2784 566; x_wconf 68' lang='grc' dir='ltr'><strong>καὶ</strong></span> <span class='ocrx_word' id='word_1_141' title='bbox 2816 513 2908 566; x_wconf 85' lang='grc' dir='ltr'><strong>δύο</strong></span> <span class='ocrx_word' id='word_1_142' title='bbox 2954 512 3149 584; x_wconf 80' lang='grc' dir='ltr'>ἰχθύων</span> <span class='ocrx_word' id='word_1_143' title='bbox 3175 507 3614 582; x_wconf 74' lang='grc' dir='ltr'><strong>πεντακισχιλίους</strong></span> <span class='ocrx_word' id='word_1_144' title='bbox 3640 519 3799 586; x_wconf 72' lang='grc' dir='ltr'>χορτά-</span> 
     </span>
    </p>
   </div>
   <div class='ocr_carea' id='block_1_21' title="bbox 2293 602 3806 672">
    <p class='ocr_par' dir='ltr' id='par_1_21' title="bbox 2293 602 3806 672">
     <span class='ocr_line' id='line_1_21' title="bbox 2293 602 3806 672; baseline 0.003 -16"><span class='ocrx_word' id='word_1_145' title='bbox 2293 621 2390 668; x_wconf 85' lang='grc' dir='ltr'><strong>σας</strong></span> <span class='ocrx_word' id='word_1_146' title='bbox 2438 604 2594 667; x_wconf 76' lang='grc' dir='ltr'>ἐκτὸς</span> <span class='ocrx_word' id='word_1_147' title='bbox 2635 603 2903 672; x_wconf 77' lang='grc' dir='ltr'>γυναικῶν</span> <span class='ocrx_word' id='word_1_148' title='bbox 2962 602 3056 656; x_wconf 71' lang='grc' dir='ltr'><strong>καὶ</strong></span> <span class='ocrx_word' id='word_1_149' title='bbox 3105 602 3329 656; x_wconf 88' lang='grc' dir='ltr'>παιδίων</span> <span class='ocrx_word' id='word_1_150' title='bbox 3350 641 3365 664; x_wconf 91' lang='grc'><strong>,</strong></span> <span class='ocrx_word' id='word_1_151' title='bbox 3415 603 3501 656; x_wconf 67' lang='grc' dir='ltr'><strong>καὶ</strong></span> <span class='ocrx_word' id='word_1_152' title='bbox 3535 603 3806 660; x_wconf 74' lang='grc' dir='ltr'>δυοκαίδεκα</span> 
     </span>
    </p>
   </div>
   <div class='ocr_carea' id='block_1_22' title="bbox 2291 692 3804 764">
    <p class='ocr_par' dir='ltr' id='par_1_22' title="bbox 2291 692 3804 764">
     <span class='ocr_line' id='line_1_22' title="bbox 2291 692 3804 764; baseline 0.001 -17"><span class='ocrx_word' id='word_1_153' title='bbox 2291 694 2542 764; x_wconf 77' lang='grc' dir='ltr'><strong>κοφίνους</strong></span> <span class='ocrx_word' id='word_1_154' title='bbox 2603 693 2928 762; x_wconf 80' lang='grc' dir='ltr'>κλασμάτων</span> <span class='ocrx_word' id='word_1_155' title='bbox 2975 692 3323 762; x_wconf 79' lang='grc' dir='ltr'>περιττεῦσαι</span> <span class='ocrx_word' id='word_1_156' title='bbox 3389 695 3624 762; x_wconf 75' lang='grc' dir='ltr'>ποιήσαςο</span> <span class='ocrx_word' id='word_1_157' title='bbox 3665 695 3690 746; x_wconf 98' lang='lat'><strong>6</strong></span> <span class='ocrx_word' id='word_1_158' title='bbox 3739 697 3804 748; x_wconf 79' lang='grc' dir='ltr'>εί-</span> 
     </span>
    </p>
   </div>
   <div class='ocr_carea' id='block_1_23' title="bbox 2293 784 3807 856">
    <p class='ocr_par' dir='ltr' id='par_1_23' title="bbox 2293 784 3807 856">
     <span class='ocr_line' id='line_1_23' title="bbox 2293 784 3807 856; baseline -0.002 -18"><span class='ocrx_word' id='word_1_159' title='bbox 2293 786 2407 839; x_wconf 86' lang='grc' dir='ltr'><strong>πὼν</strong></span> <span class='ocrx_word' id='word_1_160' title='bbox 2478 784 2557 856; x_wconf 86' lang='grc' dir='ltr'>τῷ</span> <span class='ocrx_word' id='word_1_161' title='bbox 2604 785 2866 855; x_wconf 72' lang='grc' dir='ltr'>διαϐόλῳ·</span> <span class='ocrx_word' id='word_1_162' title='bbox 2912 804 2930 835; x_wconf 79' lang='grc' dir='ltr'><strong>ι</strong></span> <span class='ocrx_word' id='word_1_163' title='bbox 2986 785 3096 836; x_wconf 80' lang='grc' dir='ltr'><strong>Οὐκ</strong></span> <span class='ocrx_word' id='word_1_164' title='bbox 3151 785 3238 836; x_wconf 76' lang='grc' dir='ltr'><strong>ἐπ’</strong></span> <span class='ocrx_word' id='word_1_165' title='bbox 3289 784 3436 856; x_wconf 83' lang='grc' dir='ltr'><strong>ἄρτῳ</strong></span> <span class='ocrx_word' id='word_1_166' title='bbox 3494 784 3622 853; x_wconf 80' lang='grc' dir='ltr'>μόνῳ</span> <span class='ocrx_word' id='word_1_167' title='bbox 3675 784 3807 854; x_wconf 71' lang='grc' dir='ltr'>ζήσε-</span> 
     </span>
    </p>
   </div>
   <div class='ocr_carea' id='block_1_24' title="bbox 2289 877 3804 952">
    <p class='ocr_par' dir='ltr' id='par_1_24' title="bbox 2289 877 3804 952">
     <span class='ocr_line' id='line_1_24' title="bbox 2289 877 3804 952; baseline -0.003 -19"><span class='ocrx_word' id='word_1_168' title='bbox 2289 898 2376 934; x_wconf 86' lang='grc' dir='ltr'><strong>ται</strong></span> <span class='ocrx_word' id='word_1_169' title='bbox 2412 880 2726 952; x_wconf 84' lang='grc' dir='ltr'>ἇνθρωπος·</span> <span class='ocrx_word' id='word_1_170' title='bbox 2769 899 2787 929; x_wconf 69' lang='grc' dir='ltr'><strong>ι</strong></span> <span class='ocrx_word' id='word_1_171' title='bbox 2829 879 2858 932; x_wconf 91' lang='lat'><strong>6</strong></span> <span class='ocrx_word' id='word_1_172' title='bbox 2903 881 3071 938; x_wconf 70' lang='grc' dir='ltr'>πᾶσιν</span> <span class='ocrx_word' id='word_1_173' title='bbox 3122 880 3254 950; x_wconf 75' lang='grc' dir='ltr'>ἡμῖν</span> <span class='ocrx_word' id='word_1_174' title='bbox 3303 878 3573 947; x_wconf 86' lang='grc' dir='ltr'>πανταρκῆ</span> <span class='ocrx_word' id='word_1_175' title='bbox 3617 877 3696 929; x_wconf 77' lang='grc' dir='ltr'><strong>καὶ</strong></span> <span class='ocrx_word' id='word_1_176' title='bbox 3731 879 3804 929; x_wconf 85' lang='grc' dir='ltr'><strong>ἁν-</strong></span> 
     </span>
    </p>
   </div>
   <div class='ocr_carea' id='block_1_25' title="bbox 2290 967 3804 1042">
    <p class='ocr_par' dir='ltr' id='par_1_25' title="bbox 2290 967 3804 1042">
     <span class='ocr_line' id='line_1_25' title="bbox 2290 967 3804 1042; baseline -0.004 -16"><span class='ocrx_word' id='word_1_177' title='bbox 2290 973 2569 1026; x_wconf 85' lang='grc' dir='ltr'>έκλειπτον</span> <span class='ocrx_word' id='word_1_178' title='bbox 2623 973 2921 1042; x_wconf 74' lang='grc' dir='ltr'>τράπεζαν,</span> <span class='ocrx_word' id='word_1_179' title='bbox 2979 973 3075 1042; x_wconf 76' lang='grc' dir='ltr'><strong>τὴν</strong></span> <span class='ocrx_word' id='word_1_180' title='bbox 3136 971 3340 1023; x_wconf 78' lang='grc' dir='ltr'>οἰκείαν</span> <span class='ocrx_word' id='word_1_181' title='bbox 3391 967 3595 1039; x_wconf 69' lang='grc' dir='ltr'>προθεὶς</span> <span class='ocrx_word' id='word_1_182' title='bbox 3641 967 3804 1035; x_wconf 75' lang='grc' dir='ltr'>ἁγαθό-</span> 
     </span>
    </p>
   </div>
   <div class='ocr_carea' id='block_1_26' title="bbox 2288 1057 3804 1132">
    <p class='ocr_par' dir='ltr' id='par_1_26' title="bbox 2288 1057 3804 1132">
     <span class='ocr_line' id='line_1_26' title="bbox 2288 1057 3804 1132; baseline -0.004 -18"><span class='ocrx_word' id='word_1_183' title='bbox 2288 1078 2447 1132; x_wconf 91' lang='grc' dir='ltr'>τητα,</span> <span class='ocrx_word' id='word_1_184' title='bbox 2514 1063 2606 1114; x_wconf 76' lang='grc' dir='ltr'>καὶ</span> <span class='ocrx_word' id='word_1_185' title='bbox 2651 1062 2910 1131; x_wconf 81' lang='grc' dir='ltr'>φάσκων·</span> <span class='ocrx_word' id='word_1_186' title='bbox 2959 1080 2978 1113; x_wconf 78' lang='grc' dir='ltr'><strong>ι</strong></span> <span class='ocrx_word' id='word_1_187' title='bbox 3026 1062 3082 1114; x_wconf 88' lang='lat'><strong>&#39;0</strong></span> <span class='ocrx_word' id='word_1_188' title='bbox 3129 1060 3420 1131; x_wconf 76' lang='grc' dir='ltr'><strong>ἐρχόμενος</strong></span> <span class='ocrx_word' id='word_1_189' title='bbox 3465 1058 3592 1130; x_wconf 80' lang='grc' dir='ltr'>πρὸς</span> <span class='ocrx_word' id='word_1_190' title='bbox 3638 1057 3712 1126; x_wconf 82' lang='grc' dir='ltr'>μὲ,</span> <span class='ocrx_word' id='word_1_191' title='bbox 3758 1057 3804 1109; x_wconf 75' lang='grc' dir='ltr'>οὗ</span> 
     </span>
    </p>
   </div>
   <div class='ocr_carea' id='block_1_27' title="bbox 2290 1137 3806 1224">
    <p class='ocr_par' dir='ltr' id='par_1_27' title="bbox 2290 1137 3806 1224">
     <span class='ocr_line' id='line_1_27' title="bbox 2290 1137 3806 1224; baseline -0.005 -18"><span class='ocrx_word' id='word_1_192' title='bbox 2290 1137 2366 1224; x_wconf 25' lang='grc' dir='ltr'><strong>’μὴ</strong></span> <span class='ocrx_word' id='word_1_193' title='bbox 2408 1155 2667 1224; x_wconf 82' lang='grc' dir='ltr'>πεινήσῃ⁶</span> <span class='ocrx_word' id='word_1_194' title='bbox 2707 1153 2800 1205; x_wconf 69' lang='grc' dir='ltr'><strong>κα)⁵</strong></span> <span class='ocrx_word' id='word_1_195' title='bbox 2827 1155 2855 1205; x_wconf 94' lang='lat'><strong>6</strong></span> <span class='ocrx_word' id='word_1_196' title='bbox 2887 1151 3153 1205; x_wconf 81' lang='grc' dir='ltr'>πιστεύων</span> <span class='ocrx_word' id='word_1_197' title='bbox 3192 1153 3271 1212; x_wconf 82' lang='grc' dir='ltr'><strong>εἰς</strong></span> <span class='ocrx_word' id='word_1_198' title='bbox 3307 1151 3424 1220; x_wconf 76' lang='grc' dir='ltr'>ἐμὲ,</span> <span class='ocrx_word' id='word_1_199' title='bbox 3454 1149 3509 1201; x_wconf 73' lang='grc' dir='ltr'>οὗ</span> <span class='ocrx_word' id='word_1_200' title='bbox 3546 1147 3612 1218; x_wconf 83' lang='grc' dir='ltr'>μὴ</span> <span class='ocrx_word' id='word_1_201' title='bbox 3644 1147 3806 1218; x_wconf 67' lang='grc' dir='ltr'>διψήσῃ</span> 
     </span>
    </p>
   </div>
   <div class='ocr_carea' id='block_1_28' title="bbox 2291 1238 3809 1315">
    <p class='ocr_par' dir='ltr' id='par_1_28' title="bbox 2291 1238 3809 1315">
     <span class='ocr_line' id='line_1_28' title="bbox 2291 1238 3809 1315; baseline -0.007 -16"><span class='ocrx_word' id='word_1_202' title='bbox 2291 1245 2512 1300; x_wconf 85' lang='grc' dir='ltr'>πώποτε</span> <span class='ocrx_word' id='word_1_203' title='bbox 2537 1264 2550 1278; x_wconf 89' lang='grc'><strong>·</strong></span> <span class='ocrx_word' id='word_1_204' title='bbox 2583 1265 2602 1298; x_wconf 77' lang='lat' dir='ltr'><strong>s</strong></span> <span class='ocrx_word' id='word_1_205' title='bbox 2641 1246 2668 1297; x_wconf 93' lang='lat'><strong>6</strong></span> <span class='ocrx_word' id='word_1_206' title='bbox 2703 1244 2872 1298; x_wconf 79' lang='grc' dir='ltr'>ἐλθὼν</span> <span class='ocrx_word' id='word_1_207' title='bbox 2914 1245 3012 1315; x_wconf 85' lang='grc' dir='ltr'>μὲν</span> <span class='ocrx_word' id='word_1_208' title='bbox 3047 1244 3137 1296; x_wconf 75' lang='grc' dir='ltr'>ἐπὶ</span> <span class='ocrx_word' id='word_1_209' title='bbox 3173 1242 3269 1312; x_wconf 72' lang='grc' dir='ltr'>τὴν</span> <span class='ocrx_word' id='word_1_210' title='bbox 3315 1243 3479 1311; x_wconf 83' lang='grc' dir='ltr'>συκῆν</span> <span class='ocrx_word' id='word_1_211' title='bbox 3517 1238 3696 1291; x_wconf 76' lang='grc' dir='ltr'>ὡσανεὶ</span> <span class='ocrx_word' id='word_1_212' title='bbox 3715 1255 3809 1289; x_wconf 82' lang='grc' dir='ltr'>πει-</span> 
     </span>
    </p>
   </div>
   <div class='ocr_carea' id='block_1_29' title="bbox 2289 1327 3804 1410">
    <p class='ocr_par' dir='ltr' id='par_1_29' title="bbox 2289 1327 3804 1410">
     <span class='ocr_line' id='line_1_29' title="bbox 2289 1327 3804 1410; baseline -0.008 -19"><span class='ocrx_word' id='word_1_213' title='bbox 2289 1339 2416 1402; x_wconf 83' lang='grc' dir='ltr'>νῶν,</span> <span class='ocrx_word' id='word_1_214' title='bbox 2446 1339 2754 1410; x_wconf 77' lang='grc' dir='ltr'>προστάξας</span> <span class='ocrx_word' id='word_1_215' title='bbox 2777 1338 2832 1391; x_wconf 80' lang='grc' dir='ltr'>δὲ</span> <span class='ocrx_word' id='word_1_216' title='bbox 2859 1337 2933 1401; x_wconf 80' lang='grc' dir='ltr'>ὡς</span> <span class='ocrx_word' id='word_1_217' title='bbox 2961 1337 3091 1399; x_wconf 73' lang='grc' dir='ltr'>Θεὸς</span> <span class='ocrx_word' id='word_1_218' title='bbox 3129 1335 3323 1405; x_wconf 79' lang='grc' dir='ltr'>μηκέτι</span> <span class='ocrx_word' id='word_1_219' title='bbox 3354 1333 3558 1403; x_wconf 80' lang='grc' dir='ltr'>καρπὸν</span> <span class='ocrx_word' id='word_1_220' title='bbox 3579 1331 3634 1383; x_wconf 76' lang='grc' dir='ltr'>τὸ</span> <span class='ocrx_word' id='word_1_221' title='bbox 3670 1327 3804 1398; x_wconf 76' lang='grc' dir='ltr'>φυτὸν</span> 
     </span>
    </p>
   </div>
   <div class='ocr_carea' id='block_1_30' title="bbox 2290 1415 3810 1498">
    <p class='ocr_par' dir='ltr' id='par_1_30' title="bbox 2290 1415 3810 1498">
     <span class='ocr_line' id='line_1_30' title="bbox 2290 1415 3810 1498; baseline -0.009 -17"><span class='ocrx_word' id='word_1_222' title='bbox 2290 1431 2548 1498; x_wconf 72' lang='grc' dir='ltr'>ἐνεργεῖν,</span> <span class='ocrx_word' id='word_1_223' title='bbox 2577 1429 2671 1480; x_wconf 75' lang='grc' dir='ltr'><strong>καὶ</strong></span> <span class='ocrx_word' id='word_1_224' title='bbox 2703 1428 2862 1498; x_wconf 72' lang='grc' dir='ltr'>ἔργον</span> <span class='ocrx_word' id='word_1_225' title='bbox 2895 1425 2973 1495; x_wconf 81' lang='grc' dir='ltr'>τῷ</span> <span class='ocrx_word' id='word_1_226' title='bbox 2999 1425 3140 1494; x_wconf 74' lang='grc' dir='ltr'>λόγῳ</span> <span class='ocrx_word' id='word_1_227' title='bbox 3172 1422 3399 1483; x_wconf 71' lang='grc' dir='ltr'>ἐπιθεὶς,</span> <span class='ocrx_word' id='word_1_228' title='bbox 3431 1422 3520 1474; x_wconf 71' lang='grc' dir='ltr'>καὶ</span> <span class='ocrx_word' id='word_1_229' title='bbox 3549 1419 3724 1482; x_wconf 79' lang='grc' dir='ltr'>δείξας,</span> <span class='ocrx_word' id='word_1_230' title='bbox 3750 1415 3810 1477; x_wconf 85' lang='grc' dir='ltr'>ὼς</span> 
     </span>
    </p>
   </div>
   <div class='ocr_carea' id='block_1_31' title="bbox 2287 1506 3810 1588">
    <p class='ocr_par' dir='ltr' id='par_1_31' title="bbox 2287 1506 3810 1588">
     <span class='ocr_line' id='line_1_31' title="bbox 2287 1506 3810 1588; baseline -0.007 -19"><span class='ocrx_word' id='word_1_231' title='bbox 2287 1516 2446 1579; x_wconf 74' lang='grc' dir='ltr'>αὐτὸς</span> <span class='ocrx_word' id='word_1_232' title='bbox 2468 1512 2536 1588; x_wconf 80' lang='grc' dir='ltr'>ἦν</span> <span class='ocrx_word' id='word_1_233' title='bbox 2557 1517 2584 1569; x_wconf 89' lang='lat'><strong>6</strong></span> <span class='ocrx_word' id='word_1_234' title='bbox 2605 1517 2704 1587; x_wconf 78' lang='grc' dir='ltr'>τὴν</span> <span class='ocrx_word' id='word_1_235' title='bbox 2727 1515 2897 1585; x_wconf 82' lang='grc' dir='ltr'>ἀρχὴν</span> <span class='ocrx_word' id='word_1_236' title='bbox 2917 1513 3083 1566; x_wconf 80' lang='grc' dir='ltr'>εἰπών</span> <span class='ocrx_word' id='word_1_237' title='bbox 3104 1530 3116 1542; x_wconf 90' lang='grc'><strong>·</strong></span> <span class='ocrx_word' id='word_1_238' title='bbox 3159 1529 3176 1561; x_wconf 82' lang='grc' dir='ltr'>ι</span> <span class='ocrx_word' id='word_1_239' title='bbox 3219 1509 3555 1578; x_wconf 77' lang='grc' dir='ltr'>Ἐξαγαγέτω</span> <span class='ocrx_word' id='word_1_240' title='bbox 3573 1511 3604 1578; x_wconf 84' lang='grc' dir='ltr'>ὴ</span> <span class='ocrx_word' id='word_1_241' title='bbox 3621 1511 3681 1577; x_wconf 82' lang='grc' dir='ltr'><strong>γῆ</strong></span> <span class='ocrx_word' id='word_1_242' title='bbox 3707 1506 3810 1570; x_wconf 77' lang='grc' dir='ltr'>ξύλα</span> 
     </span>
    </p>
   </div>
   <div class='ocr_carea' id='block_1_32' title="bbox 2289 1598 3814 1678">
    <p class='ocr_par' dir='ltr' id='par_1_32' title="bbox 2289 1598 3814 1678">
     <span class='ocr_line' id='line_1_32' title="bbox 2289 1598 3814 1678; baseline -0.008 -18"><span class='ocrx_word' id='word_1_243' title='bbox 2289 1606 2631 1678; x_wconf 84' lang='grc' dir='ltr'>καρποφόρα.</span> <span class='ocrx_word' id='word_1_244' title='bbox 2661 1625 2680 1656; x_wconf 80' lang='lat' dir='ltr'><strong>s</strong></span> <span class='ocrx_word' id='word_1_245' title='bbox 2714 1605 2858 1658; x_wconf 81' lang='grc' dir='ltr'>Ἀλλ’</span> <span class='ocrx_word' id='word_1_246' title='bbox 2892 1604 3014 1658; x_wconf 78' lang='grc' dir='ltr'>ούτε</span> <span class='ocrx_word' id='word_1_247' title='bbox 3047 1603 3194 1673; x_wconf 69' lang='grc' dir='ltr'>διψᾷ,</span> <span class='ocrx_word' id='word_1_248' title='bbox 3232 1603 3279 1653; x_wconf 89' lang='grc' dir='ltr'><strong>εἰ</strong></span> <span class='ocrx_word' id='word_1_249' title='bbox 3313 1601 3386 1672; x_wconf 79' lang='grc' dir='ltr'>μὴ</span> <span class='ocrx_word' id='word_1_250' title='bbox 3417 1601 3504 1653; x_wconf 78' lang='grc' dir='ltr'>διὰ</span> <span class='ocrx_word' id='word_1_251' title='bbox 3535 1598 3624 1669; x_wconf 78' lang='grc' dir='ltr'><strong>τὴν</strong></span> <span class='ocrx_word' id='word_1_252' title='bbox 3646 1601 3814 1650; x_wconf 84' lang='grc' dir='ltr'>οἰκονο-</span> 
     </span>
    </p>
   </div>
   <div class='ocr_carea' id='block_1_33' title="bbox 2291 1685 3813 1764">
    <p class='ocr_par' dir='ltr' id='par_1_33' title="bbox 2291 1685 3813 1764">
     <span class='ocr_line' id='line_1_33' title="bbox 2291 1685 3813 1764; baseline -0.007 -18"><span class='ocrx_word' id='word_1_253' title='bbox 2291 1695 2440 1764; x_wconf 84' lang='grc' dir='ltr'>μίαν,</span> <span class='ocrx_word' id='word_1_254' title='bbox 2466 1695 2497 1764; x_wconf 76' lang='grc' dir='ltr'>ἡ</span> <span class='ocrx_word' id='word_1_255' title='bbox 2519 1693 2782 1755; x_wconf 79' lang='grc' dir='ltr'>ἀθάνατος</span> <span class='ocrx_word' id='word_1_256' title='bbox 2807 1692 2978 1763; x_wconf 78' lang='grc' dir='ltr'>πηγὴ,</span> <span class='ocrx_word' id='word_1_257' title='bbox 3003 1694 3035 1762; x_wconf 80' lang='grc' dir='ltr'><strong>ἡ</strong></span> <span class='ocrx_word' id='word_1_258' title='bbox 3057 1691 3154 1763; x_wconf 79' lang='grc' dir='ltr'>τὴν</span> <span class='ocrx_word' id='word_1_259' title='bbox 3188 1691 3516 1761; x_wconf 75' lang='grc' dir='ltr'>Σαμαρεῖτιν</span> <span class='ocrx_word' id='word_1_260' title='bbox 3544 1687 3673 1758; x_wconf 75' lang='grc' dir='ltr'>ὕδωρ</span> <span class='ocrx_word' id='word_1_261' title='bbox 3697 1685 3813 1754; x_wconf 76' lang='grc' dir='ltr'>ζωῆς</span> 
     </span>
    </p>
   </div>
   <div class='ocr_carea' id='block_1_34' title="bbox 605 1776 2176 1856">
    <p class='ocr_par' dir='ltr' id='par_1_34' title="bbox 605 1783 2176 1856">
     <span class='ocr_line' id='line_1_34' title="bbox 605 1783 2176 1856; baseline -0.004 -12"><span class='ocrx_word' id='word_1_262' title='bbox 605 1789 968 1856; x_wconf 86' lang='lat' dir='ltr'><strong>ostenditque,</strong></span> <span class='ocrx_word' id='word_1_263' title='bbox 1001 1802 1059 1840; x_wconf 89' lang='lat' dir='ltr'><strong>se</strong></span> <span class='ocrx_word' id='word_1_264' title='bbox 1094 1785 1239 1839; x_wconf 88' lang='lat' dir='ltr'><strong>illum</strong></span> <span class='ocrx_word' id='word_1_265' title='bbox 1261 1798 1400 1847; x_wconf 86' lang='lat' dir='ltr'><strong>esse,</strong></span> <span class='ocrx_word' id='word_1_266' title='bbox 1432 1784 1523 1854; x_wconf 91' lang='lat' dir='ltr'><strong>qui</strong></span> <span class='ocrx_word' id='word_1_267' title='bbox 1545 1783 1699 1837; x_wconf 90' lang='lat' dir='ltr'><strong>initio</strong></span> <span class='ocrx_word' id='word_1_268' title='bbox 1719 1783 1929 1837; x_wconf 83' lang='lat' dir='ltr'><strong>dixerat</strong></span> <span class='ocrx_word' id='word_1_269' title='bbox 1953 1800 1966 1835; x_wconf 90' lang='lat'><strong>:</strong></span> <span class='ocrx_word' id='word_1_270' title='bbox 1990 1800 2010 1835; x_wconf 79' lang='grc' dir='ltr'><strong>ι</strong></span> <span class='ocrx_word' id='word_1_271' title='bbox 2038 1783 2176 1837; x_wconf 87' lang='lat' dir='ltr'><strong>Edu-</strong></span> 
     </span>
    </p>
   </div>
   <div class='ocr_carea' id='block_1_35' title="bbox 2276 1776 3814 1856">
    <p class='ocr_par' dir='ltr' id='par_1_35' title="bbox 2286 1776 3814 1856">
     <span class='ocr_line' id='line_1_35' title="bbox 2286 1776 3814 1856; baseline -0.007 -17"><span class='ocrx_word' id='word_1_272' title='bbox 2286 1786 2457 1839; x_wconf 79' lang='grc' dir='ltr'>αἰτεῖν</span> <span class='ocrx_word' id='word_1_273' title='bbox 2487 1786 2617 1856; x_wconf 82' lang='grc' dir='ltr'>παρ’</span> <span class='ocrx_word' id='word_1_274' title='bbox 2645 1783 2809 1837; x_wconf 79' lang='grc' dir='ltr'>αὑτοῦ</span> <span class='ocrx_word' id='word_1_275' title='bbox 2837 1784 3176 1837; x_wconf 74' lang='grc' dir='ltr'><strong>διδάσκουσα.</strong></span> <span class='ocrx_word' id='word_1_276' title='bbox 3221 1782 3404 1852; x_wconf 76' lang='grc' dir='ltr'><strong>’Λρκεῖ</strong></span> <span class='ocrx_word' id='word_1_277' title='bbox 3431 1781 3486 1834; x_wconf 84' lang='grc' dir='ltr'>δὲ</span> <span class='ocrx_word' id='word_1_278' title='bbox 3513 1779 3633 1850; x_wconf 72' lang='grc' dir='ltr'>περὶ</span> <span class='ocrx_word' id='word_1_279' title='bbox 3657 1776 3814 1830; x_wconf 82' lang='grc' dir='ltr'>τούτου</span> 
     </span>
    </p>
   </div>
   <div class='ocr_carea' id='block_1_36' title="bbox 609 1871 2176 1950">
    <p class='ocr_par' dir='ltr' id='par_1_36' title="bbox 609 1871 2176 1950">
     <span class='ocr_line' id='line_1_36' title="bbox 609 1871 2176 1950; baseline -0.004 -18"><span class='ocrx_word' id='word_1_280' title='bbox 609 1889 698 1932; x_wconf 89' lang='lat' dir='ltr'><strong>cat</strong></span> <span class='ocrx_word' id='word_1_281' title='bbox 727 1878 804 1950; x_wconf 72' lang='lat'><strong>(2)</strong></span> <span class='ocrx_word' id='word_1_282' title='bbox 831 1887 971 1931; x_wconf 88' lang='lat' dir='ltr'><strong>terra</strong></span> <span class='ocrx_word' id='word_1_283' title='bbox 999 1875 1139 1945; x_wconf 76' lang='lat' dir='ltr'><strong>ligna</strong></span> <span class='ocrx_word' id='word_1_284' title='bbox 1167 1872 1468 1927; x_wconf 91' lang='lat' dir='ltr'><strong>fructifera.</strong></span> <span class='ocrx_word' id='word_1_285' title='bbox 1496 1891 1514 1924; x_wconf 73' lang='grc' dir='ltr'><strong>ι</strong></span> <span class='ocrx_word' id='word_1_286' title='bbox 1549 1872 1654 1926; x_wconf 90' lang='lat' dir='ltr'><strong>Sed</strong></span> <span class='ocrx_word' id='word_1_287' title='bbox 1691 1885 1759 1926; x_wconf 92' lang='lat' dir='ltr'><strong>ne</strong></span> <span class='ocrx_word' id='word_1_288' title='bbox 1807 1871 2176 1939; x_wconf 87' lang='lat' dir='ltr'><strong>sititquidem,</strong></span> 
     </span>
    </p>
   </div>
   <div class='ocr_carea' id='block_1_37' title="bbox 611 1963 2176 2034">
    <p class='ocr_par' dir='ltr' id='par_1_37' title="bbox 611 1963 2176 2034">
     <span class='ocr_line' id='line_1_37' title="bbox 611 1963 2176 2034; baseline -0.003 -12"><span class='ocrx_word' id='word_1_289' title='bbox 611 1969 712 2022; x_wconf 84' lang='lat' dir='ltr'><strong>nisi</strong></span> <span class='ocrx_word' id='word_1_290' title='bbox 743 1967 1132 2022; x_wconf 84' lang='lat' dir='ltr'><strong>incarnationis</strong></span> <span class='ocrx_word' id='word_1_291' title='bbox 1161 1980 1343 2029; x_wconf 89' lang='lat' dir='ltr'><strong>causa,</strong></span> <span class='ocrx_word' id='word_1_292' title='bbox 1372 1965 1417 2019; x_wconf 90' lang='lat' dir='ltr'><strong>is</strong></span> <span class='ocrx_word' id='word_1_293' title='bbox 1448 1966 1541 2034; x_wconf 91' lang='lat' dir='ltr'><strong>qui</strong></span> <span class='ocrx_word' id='word_1_294' title='bbox 1572 1972 1653 2018; x_wconf 91' lang='lat' dir='ltr'><strong>est</strong></span> <span class='ocrx_word' id='word_1_295' title='bbox 1686 1963 1805 2018; x_wconf 88' lang='lat' dir='ltr'><strong>fons</strong></span> <span class='ocrx_word' id='word_1_296' title='bbox 1830 1963 2176 2032; x_wconf 86' lang='lat' dir='ltr'><strong>immortalis,</strong></span> 
     </span>
    </p>
   </div>
   <div class='ocr_carea' id='block_1_38' title="bbox 607 2053 2175 2128">
    <p class='ocr_par' dir='ltr' id='par_1_38' title="bbox 607 2053 2175 2128">
     <span class='ocr_line' id='line_1_38' title="bbox 607 2053 2175 2128; baseline 0 -20"><span class='ocrx_word' id='word_1_297' title='bbox 607 2059 804 2128; x_wconf 84' lang='lat' dir='ltr'><strong>quique</strong></span> <span class='ocrx_word' id='word_1_298' title='bbox 839 2057 1239 2110; x_wconf 86' lang='lat' dir='ltr'><strong>Samaritanam</strong></span> <span class='ocrx_word' id='word_1_299' title='bbox 1273 2055 1456 2109; x_wconf 87' lang='lat' dir='ltr'><strong>docuit</strong></span> <span class='ocrx_word' id='word_1_300' title='bbox 1506 2063 1688 2123; x_wconf 89' lang='lat' dir='ltr'><strong>petere</strong></span> <span class='ocrx_word' id='word_1_301' title='bbox 1718 2056 1787 2109; x_wconf 88' lang='lat' dir='ltr'><strong>ab</strong></span> <span class='ocrx_word' id='word_1_302' title='bbox 1831 2053 1948 2124; x_wconf 87' lang='lat' dir='ltr'><strong>ipso</strong></span> <span class='ocrx_word' id='word_1_303' title='bbox 1980 2069 2175 2124; x_wconf 89' lang='lat' dir='ltr'><strong>aquam</strong></span> 
     </span>
    </p>
   </div>
   <div class='ocr_carea' id='block_1_39' title="bbox 606 2143 2178 2213">
    <p class='ocr_par' dir='ltr' id='par_1_39' title="bbox 606 2143 2178 2213">
     <span class='ocr_line' id='line_1_39' title="bbox 606 2143 2178 2213; baseline -0.001 -15"><span class='ocrx_word' id='word_1_304' title='bbox 606 2148 749 2200; x_wconf 70' lang='lat' dir='ltr'><strong>vitm.</strong></span> <span class='ocrx_word' id='word_1_305' title='bbox 784 2146 994 2201; x_wconf 86' lang='lat' dir='ltr'><strong>Suﬂicit</strong></span> <span class='ocrx_word' id='word_1_306' title='bbox 1044 2156 1221 2199; x_wconf 89' lang='lat' dir='ltr'><strong>autent</strong></span> <span class='ocrx_word' id='word_1_307' title='bbox 1279 2145 1366 2200; x_wconf 89' lang='lat' dir='ltr'><strong>hic</strong></span> <span class='ocrx_word' id='word_1_308' title='bbox 1417 2143 1781 2213; x_wconf 71' lang='lat' dir='ltr'><strong>evangelicum</strong></span> <span class='ocrx_word' id='word_1_309' title='bbox 1819 2159 2003 2199; x_wconf 83' lang='lat' dir='ltr'><strong>vocem</strong></span> <span class='ocrx_word' id='word_1_310' title='bbox 2029 2159 2178 2199; x_wconf 90' lang='lat' dir='ltr'><strong>com-</strong></span> 
     </span>
    </p>
   </div>
   <div class='ocr_carea' id='block_1_40' title="bbox 606 2234 2174 2308">
    <p class='ocr_par' dir='ltr' id='par_1_40' title="bbox 606 2234 2174 2308">
     <span class='ocr_line' id='line_1_40' title="bbox 606 2234 2174 2308; baseline -0.002 -15"><span class='ocrx_word' id='word_1_311' title='bbox 606 2253 926 2304; x_wconf 88' lang='lat' dir='ltr'><strong>memorare,</strong></span> <span class='ocrx_word' id='word_1_312' title='bbox 955 2251 1072 2308; x_wconf 68' lang='lat' dir='ltr'><strong>quze</strong></span> <span class='ocrx_word' id='word_1_313' title='bbox 1093 2237 1171 2291; x_wconf 91' lang='lat' dir='ltr'><strong>sic</strong></span> <span class='ocrx_word' id='word_1_314' title='bbox 1190 2252 1247 2291; x_wconf 92' lang='lat' dir='ltr'><strong>se</strong></span> <span class='ocrx_word' id='word_1_315' title='bbox 1271 2237 1428 2290; x_wconf 83' lang='lat' dir='ltr'><strong>habet</strong></span> <span class='ocrx_word' id='word_1_316' title='bbox 1452 2254 1464 2289; x_wconf 95' lang='lat'><strong>:</strong></span> <span class='ocrx_word' id='word_1_317' title='bbox 1513 2255 1530 2288; x_wconf 82' lang='grc' dir='ltr'><strong>ι</strong></span> <span class='ocrx_word' id='word_1_318' title='bbox 1573 2235 1764 2291; x_wconf 85' lang='lat' dir='ltr'><strong>Sciens</strong></span> <span class='ocrx_word' id='word_1_319' title='bbox 1785 2234 2036 2290; x_wconf 85' lang='lat' dir='ltr'><strong>Christus</strong></span> <span class='ocrx_word' id='word_1_320' title='bbox 2073 2235 2174 2306; x_wconf 78' lang='lat'><strong>(3).</strong></span> 
     </span>
    </p>
   </div>
   <div class='ocr_carea' id='block_1_41' title="bbox 2279 1868 3813 1947">
    <p class='ocr_par' dir='ltr' id='par_1_41' title="bbox 2279 1868 3813 1947">
     <span class='ocr_line' id='line_1_41' title="bbox 2279 1868 3813 1947; baseline -0.005 -18"><span class='ocrx_word' id='word_1_321' title='bbox 2279 1877 2376 1947; x_wconf 78' lang='grc' dir='ltr'>τῆς</span> <span class='ocrx_word' id='word_1_322' title='bbox 2407 1875 2765 1945; x_wconf 76' lang='grc' dir='ltr'>εύαγγελικῆς</span> <span class='ocrx_word' id='word_1_323' title='bbox 2807 1874 3176 1946; x_wconf 74' lang='grc' dir='ltr'>μνημονεῦσαι</span> <span class='ocrx_word' id='word_1_324' title='bbox 3209 1873 3412 1943; x_wconf 80' lang='grc' dir='ltr'>φωνῆς,</span> <span class='ocrx_word' id='word_1_325' title='bbox 3443 1873 3538 1942; x_wconf 81' lang='grc' dir='ltr'>τῆς</span> <span class='ocrx_word' id='word_1_326' title='bbox 3560 1868 3813 1938; x_wconf 54' lang='grc' dir='ltr'>λεγούσης</span> 
     </span>
    </p>
   </div>
   <div class='ocr_carea' id='block_1_42' title="bbox 2285 1963 3813 2037">
    <p class='ocr_par' dir='ltr' id='par_1_42' title="bbox 2285 1963 3813 2037">
     <span class='ocr_line' id='line_1_42' title="bbox 2285 1963 3813 2037; baseline -0.004 -19"><span class='ocrx_word' id='word_1_327' title='bbox 2285 1986 2305 2018; x_wconf 88' lang='grc'><em>‹</em></span> <span class='ocrx_word' id='word_1_328' title='bbox 2324 1968 2413 2031; x_wconf 80' lang='grc' dir='ltr'>Ὠς</span> <span class='ocrx_word' id='word_1_329' title='bbox 2430 1968 2583 2031; x_wconf 84' lang='grc' dir='ltr'>εἰδὼς</span> <span class='ocrx_word' id='word_1_330' title='bbox 2597 1970 2625 2020; x_wconf 88' lang='lat'><strong>6</strong></span> <span class='ocrx_word' id='word_1_331' title='bbox 2647 1967 2898 2037; x_wconf 85' lang='grc' dir='ltr'>Χριστὸς,</span> <span class='ocrx_word' id='word_1_332' title='bbox 2911 1967 2992 2019; x_wconf 82' lang='grc' dir='ltr'><strong>ὅτι</strong></span> <span class='ocrx_word' id='word_1_333' title='bbox 3009 1967 3109 2037; x_wconf 75' lang='grc' dir='ltr'>ήδη</span> <span class='ocrx_word' id='word_1_334' title='bbox 3134 1967 3308 2018; x_wconf 81' lang='grc' dir='ltr'>πάντα</span> <span class='ocrx_word' id='word_1_335' title='bbox 3324 1963 3454 2036; x_wconf 76' lang='grc'><strong>[195</strong></span> <span class='ocrx_word' id='word_1_336' title='bbox 3473 1963 3813 2036; x_wconf 79' lang='grc' dir='ltr'>σ]τετέλεσται,</span> 
     </span>
    </p>
   </div>
   <div class='ocr_carea' id='block_1_43' title="bbox 2287 2053 3815 2130">
    <p class='ocr_par' dir='ltr' id='par_1_43' title="bbox 2287 2053 3815 2130">
     <span class='ocr_line' id='line_1_43' title="bbox 2287 2053 3815 2130; baseline -0.007 -18"><span class='ocrx_word' id='word_1_337' title='bbox 2287 2059 2376 2112; x_wconf 80' lang='grc' dir='ltr'>ἵνα</span> <span class='ocrx_word' id='word_1_338' title='bbox 2415 2058 2722 2129; x_wconf 81' lang='grc' dir='ltr'>τελειωθῇὴ</span> <span class='ocrx_word' id='word_1_339' title='bbox 2742 2058 2950 2130; x_wconf 77' lang='grc' dir='ltr'>Γραφὴ,</span> <span class='ocrx_word' id='word_1_340' title='bbox 2971 2058 3118 2126; x_wconf 81' lang='grc' dir='ltr'>λέγει</span> <span class='ocrx_word' id='word_1_341' title='bbox 3143 2071 3156 2087; x_wconf 76' lang='grc'><strong><em>⁸</em></strong></span> <span class='ocrx_word' id='word_1_342' title='bbox 3190 2057 3338 2126; x_wconf 74' lang='grc' dir='ltr'><strong>Διψῶ</strong></span> <span class='ocrx_word' id='word_1_343' title='bbox 3357 2074 3371 2087; x_wconf 81' lang='grc'><em>’</em></span> <span class='ocrx_word' id='word_1_344' title='bbox 3388 2076 3405 2107; x_wconf 74' lang='grc' dir='ltr'><strong>ι</strong></span> <span class='ocrx_word' id='word_1_345' title='bbox 3429 2057 3504 2118; x_wconf 82' lang='grc' dir='ltr'>ὼς</span> <span class='ocrx_word' id='word_1_346' title='bbox 3529 2053 3815 2112; x_wconf 75' lang='grc' dir='ltr'>δείκνυσθαι,</span> 
     </span>
    </p>
   </div>
   <div class='ocr_carea' id='block_1_44' title="bbox 2281 2141 3816 2221">
    <p class='ocr_par' dir='ltr' id='par_1_44' title="bbox 2281 2141 3816 2221">
     <span class='ocr_line' id='line_1_44' title="bbox 2281 2141 3816 2221; baseline 0.001 -19"><span class='ocrx_word' id='word_1_347' title='bbox 2281 2149 2355 2220; x_wconf 80' lang='grc' dir='ltr'>μὴ</span> <span class='ocrx_word' id='word_1_348' title='bbox 2391 2149 2604 2221; x_wconf 78' lang='grc' dir='ltr'>ἀνάγκη</span> <span class='ocrx_word' id='word_1_349' title='bbox 2649 2149 2806 2220; x_wconf 65' lang='grc' dir='ltr'>δίψης</span> <span class='ocrx_word' id='word_1_350' title='bbox 2846 2148 3220 2218; x_wconf 78' lang='grc' dir='ltr'>ἐξεληλυθέναι</span> <span class='ocrx_word' id='word_1_351' title='bbox 3254 2148 3316 2201; x_wconf 82' lang='grc' dir='ltr'><strong>τὸ</strong></span> <span class='ocrx_word' id='word_1_352' title='bbox 3353 2148 3523 2218; x_wconf 79' lang='grc' dir='ltr'>ῥῆμα,</span> <span class='ocrx_word' id='word_1_353' title='bbox 3559 2144 3684 2198; x_wconf 75' lang='grc' dir='ltr'>ἀλλὰ</span> <span class='ocrx_word' id='word_1_354' title='bbox 3707 2141 3816 2212; x_wconf 81' lang='grc' dir='ltr'>πρὸς</span> 
     </span>
    </p>
   </div>
   <div class='ocr_carea' id='block_1_45' title="bbox 2275 2234 3816 2311">
    <p class='ocr_par' dir='ltr' id='par_1_45' title="bbox 2275 2234 3816 2311">
     <span class='ocr_line' id='line_1_45' title="bbox 2275 2234 3816 2311; baseline -0.005 -21"><span class='ocrx_word' id='word_1_355' title='bbox 2275 2239 2336 2292; x_wconf 84' lang='grc' dir='ltr'>τὸ</span> <span class='ocrx_word' id='word_1_356' title='bbox 2361 2240 2434 2310; x_wconf 83' lang='grc' dir='ltr'>μή</span> <span class='ocrx_word' id='word_1_357' title='bbox 2457 2257 2507 2293; x_wconf 90' lang='grc' dir='ltr'><strong>τι</strong></span> <span class='ocrx_word' id='word_1_358' title='bbox 2547 2238 2984 2311; x_wconf 82' lang='grc' dir='ltr'>παραλειφθῆναι</span> <span class='ocrx_word' id='word_1_359' title='bbox 3009 2238 3115 2291; x_wconf 86' lang='grc' dir='ltr'><strong>τῶν</strong></span> <span class='ocrx_word' id='word_1_360' title='bbox 3156 2240 3213 2291; x_wconf 84' lang='grc' dir='ltr'>ὲν</span> <span class='ocrx_word' id='word_1_361' title='bbox 3255 2238 3502 2308; x_wconf 83' lang='grc' dir='ltr'>Γραφαῖς</span> <span class='ocrx_word' id='word_1_362' title='bbox 3533 2234 3816 2306; x_wconf 75' lang='grc' dir='ltr'>εἰρημένων.</span> 
     </span>
    </p>
   </div>
   <div class='ocr_carea' id='block_1_46' title="bbox 603 2321 3819 2402">
    <p class='ocr_par' dir='ltr' id='par_1_46' title="bbox 603 2321 3819 2402">
     <span class='ocr_line' id='line_1_46' title="bbox 603 2321 3819 2402; baseline -0.002 -20"><span class='ocrx_word' id='word_1_363' title='bbox 603 2329 874 2400; x_wconf 84' lang='lat' dir='ltr'><strong>quodjam</strong></span> <span class='ocrx_word' id='word_1_364' title='bbox 917 2329 1094 2383; x_wconf 90' lang='lat' dir='ltr'><strong>omnia</strong></span> <span class='ocrx_word' id='word_1_365' title='bbox 1126 2337 1494 2382; x_wconf 87' lang='lat' dir='ltr'><strong>consummata</strong></span> <span class='ocrx_word' id='word_1_366' title='bbox 1557 2337 1704 2390; x_wconf 88' lang='lat' dir='ltr'><strong>sunt,</strong></span> <span class='ocrx_word' id='word_1_367' title='bbox 1755 2337 1815 2380; x_wconf 89' lang='lat' dir='ltr'><strong>ut</strong></span> <span class='ocrx_word' id='word_1_368' title='bbox 1878 2339 2345 2384; x_wconf 87' lang='lat' dir='ltr'><strong>consummaretur</strong></span> <span class='ocrx_word' id='word_1_369' title='bbox 2417 2329 2715 2402; x_wconf 87' lang='lat' dir='ltr'><strong>Scriptura,</strong></span> <span class='ocrx_word' id='word_1_370' title='bbox 2767 2332 2949 2386; x_wconf 84' lang='lat' dir='ltr'><strong>dicit:</strong></span> <span class='ocrx_word' id='word_1_371' title='bbox 3013 2331 3178 2386; x_wconf 88' lang='lat' dir='ltr'><strong>Sitio:</strong></span> <span class='ocrx_word' id='word_1_372' title='bbox 3221 2349 3240 2384; x_wconf 74' lang='grc' dir='ltr'><strong>ι</strong></span> <span class='ocrx_word' id='word_1_373' title='bbox 3297 2339 3357 2383; x_wconf 82' lang='grc' dir='ltr'><strong>ιιι</strong></span> <span class='ocrx_word' id='word_1_374' title='bbox 3393 2336 3661 2398; x_wconf 87' lang='lat' dir='ltr'><strong>appareat,</strong></span> <span class='ocrx_word' id='word_1_375' title='bbox 3689 2321 3819 2378; x_wconf 84' lang='lat' dir='ltr'><strong>Chri-</strong></span> 
     </span>
    </p>
   </div>
   <div class='ocr_carea' id='block_1_47' title="bbox 604 2417 3818 2496">
    <p class='ocr_par' dir='ltr' id='par_1_47' title="bbox 604 2417 3818 2496">
     <span class='ocr_line' id='line_1_47' title="bbox 604 2417 3818 2496; baseline -0.004 -15"><span class='ocrx_word' id='word_1_376' title='bbox 604 2436 746 2482; x_wconf 88' lang='lat' dir='ltr'><strong>slum</strong></span> <span class='ocrx_word' id='word_1_377' title='bbox 772 2439 876 2477; x_wconf 91' lang='lat' dir='ltr'><strong>non</strong></span> <span class='ocrx_word' id='word_1_378' title='bbox 912 2423 995 2477; x_wconf 91' lang='lat' dir='ltr'><strong>siti</strong></span> <span class='ocrx_word' id='word_1_379' title='bbox 1021 2431 1267 2477; x_wconf 89' lang='lat' dir='ltr'><strong>coactum</strong></span> <span class='ocrx_word' id='word_1_380' title='bbox 1299 2420 1582 2492; x_wconf 85' lang='lat' dir='ltr'><strong>protulisse</strong></span> <span class='ocrx_word' id='word_1_381' title='bbox 1628 2420 1758 2475; x_wconf 86' lang='lat' dir='ltr'><strong>illud</strong></span> <span class='ocrx_word' id='word_1_382' title='bbox 1795 2421 2042 2484; x_wconf 84' lang='lat' dir='ltr'><strong>verbum.</strong></span> <span class='ocrx_word' id='word_1_383' title='bbox 2076 2423 2169 2478; x_wconf 89' lang='lat' dir='ltr'><strong>sed</strong></span> <span class='ocrx_word' id='word_1_384' title='bbox 2209 2439 2274 2479; x_wconf 92' lang='lat' dir='ltr'><strong>ne</strong></span> <span class='ocrx_word' id='word_1_385' title='bbox 2304 2425 2578 2496; x_wconf 88' lang='lat' dir='ltr'><strong>quidpiam</strong></span> <span class='ocrx_word' id='word_1_386' title='bbox 2637 2427 2978 2480; x_wconf 90' lang='lat' dir='ltr'><strong>omitteretur</strong></span> <span class='ocrx_word' id='word_1_387' title='bbox 3015 2439 3222 2489; x_wconf 89' lang='lat' dir='ltr'><strong>eorum,</strong></span> <span class='ocrx_word' id='word_1_388' title='bbox 3276 2438 3394 2492; x_wconf 74' lang='lat' dir='ltr'><strong>qua:</strong></span> <span class='ocrx_word' id='word_1_389' title='bbox 3458 2424 3509 2476; x_wconf 90' lang='lat' dir='ltr'><strong>iu</strong></span> <span class='ocrx_word' id='word_1_390' title='bbox 3563 2417 3818 2488; x_wconf 84' lang='lat' dir='ltr'><strong>Scripturis</strong></span> 
     </span>
    </p>
   </div>
   <div class='ocr_carea' id='block_1_48' title="bbox 605 2516 1019 2573">
    <p class='ocr_par' dir='ltr' id='par_1_48' title="bbox 605 2516 1019 2573">
     <span class='ocr_line' id='line_1_48' title="bbox 605 2516 1019 2573; baseline -0.012 0"><span class='ocrx_word' id='word_1_391' title='bbox 605 2519 751 2573; x_wconf 88' lang='lat' dir='ltr'><strong>dicta</strong></span> <span class='ocrx_word' id='word_1_392' title='bbox 780 2516 1019 2570; x_wconf 83' lang='lat' dir='ltr'><strong>fuerant.</strong></span> 
     </span>
    </p>
   </div>
   <div class='ocr_carea' id='block_1_49' title="bbox 676 2605 2176 2677">
    <p class='ocr_par' dir='ltr' id='par_1_49' title="bbox 676 2605 2176 2677">
     <span class='ocr_line' id='line_1_49' title="bbox 676 2605 2176 2677; baseline 0 -16"><span class='ocrx_word' id='word_1_393' title='bbox 676 2607 861 2677; x_wconf 81' lang='lat' dir='ltr'><strong>Neque</strong></span> <span class='ocrx_word' id='word_1_394' title='bbox 892 2620 1084 2661; x_wconf 85' lang='lat' dir='ltr'><strong>somno</strong></span> <span class='ocrx_word' id='word_1_395' title='bbox 1107 2605 1465 2662; x_wconf 85' lang='lat' dir='ltr'><strong>involuntarie</strong></span> <span class='ocrx_word' id='word_1_396' title='bbox 1493 2615 1687 2676; x_wconf 89' lang='lat' dir='ltr'><strong>captus</strong></span> <span class='ocrx_word' id='word_1_397' title='bbox 1737 2617 1862 2671; x_wconf 74' lang='lat' dir='ltr'><strong>est;</strong></span> <span class='ocrx_word' id='word_1_398' title='bbox 1896 2621 1994 2661; x_wconf 91' lang='lat' dir='ltr'><strong>nec</strong></span> <span class='ocrx_word' id='word_1_399' title='bbox 2033 2607 2176 2661; x_wconf 87' lang='lat' dir='ltr'><strong>enim</strong></span> 
     </span>
    </p>
   </div>
   <div class='ocr_carea' id='block_1_50' title="bbox 610 2697 2178 2770">
    <p class='ocr_par' dir='ltr' id='par_1_50' title="bbox 610 2697 2178 2770">
     <span class='ocr_line' id='line_1_50' title="bbox 610 2697 2178 2770; baseline -0.001 -16"><span class='ocrx_word' id='word_1_400' title='bbox 610 2698 734 2754; x_wconf 84' lang='lat' dir='ltr'><strong>huic</strong></span> <span class='ocrx_word' id='word_1_401' title='bbox 766 2699 1098 2770; x_wconf 89' lang='lat' dir='ltr'><strong>perpessioni</strong></span> <span class='ocrx_word' id='word_1_402' title='bbox 1127 2698 1399 2765; x_wconf 86' lang='lat' dir='ltr'><strong>subjectus</strong></span> <span class='ocrx_word' id='word_1_403' title='bbox 1421 2697 1466 2752; x_wconf 90' lang='lat' dir='ltr'><strong>is</strong></span> <span class='ocrx_word' id='word_1_404' title='bbox 1495 2707 1636 2762; x_wconf 91' lang='lat' dir='ltr'><strong>erat,</strong></span> <span class='ocrx_word' id='word_1_405' title='bbox 1659 2699 1890 2762; x_wconf 76' lang='lat' dir='ltr'><strong>quicum</strong></span> <span class='ocrx_word' id='word_1_406' title='bbox 1911 2699 2178 2764; x_wconf 91' lang='lat' dir='ltr'><strong>omnium,</strong></span> 
     </span>
    </p>
   </div>
   <div class='ocr_carea' id='block_1_51' title="bbox 610 2789 2178 2858">
    <p class='ocr_par' dir='ltr' id='par_1_51' title="bbox 610 2789 2178 2858">
     <span class='ocr_line' id='line_1_51' title="bbox 610 2789 2178 2858; baseline 0.001 -15"><span class='ocrx_word' id='word_1_407' title='bbox 610 2801 719 2843; x_wconf 91' lang='lat' dir='ltr'><strong>tum</strong></span> <span class='ocrx_word' id='word_1_408' title='bbox 746 2791 908 2843; x_wconf 87' lang='lat' dir='ltr'><strong>etiam</strong></span> <span class='ocrx_word' id='word_1_409' title='bbox 933 2790 1106 2844; x_wconf 86' lang='lat' dir='ltr'><strong>somni</strong></span> <span class='ocrx_word' id='word_1_410' title='bbox 1137 2789 1396 2844; x_wconf 90' lang='lat' dir='ltr'><strong>Dominus</strong></span> <span class='ocrx_word' id='word_1_411' title='bbox 1417 2798 1530 2852; x_wconf 87' lang='lat' dir='ltr'><strong>est;</strong></span> <span class='ocrx_word' id='word_1_412' title='bbox 1568 2791 1657 2858; x_wconf 92' lang='lat' dir='ltr'><strong>qui</strong></span> <span class='ocrx_word' id='word_1_413' title='bbox 1700 2806 1798 2846; x_wconf 90' lang='lat' dir='ltr'><strong>nec</strong></span> <span class='ocrx_word' id='word_1_414' title='bbox 1823 2791 2057 2858; x_wconf 85' lang='lat' dir='ltr'><strong>&#39;dormit,</strong></span> <span class='ocrx_word' id='word_1_415' title='bbox 2080 2805 2178 2845; x_wconf 90' lang='lat' dir='ltr'><strong>nec</strong></span> 
     </span>
    </p>
   </div>
   <div class='ocr_carea' id='block_1_52' title="bbox 605 2878 2177 2948">
    <p class='ocr_par' dir='ltr' id='par_1_52' title="bbox 605 2878 2177 2948">
     <span class='ocr_line' id='line_1_52' title="bbox 605 2878 2177 2948; baseline 0.001 -16"><span class='ocrx_word' id='word_1_416' title='bbox 605 2878 883 2943; x_wconf 86' lang='lat' dir='ltr'><strong>dormitat,</strong></span> <span class='ocrx_word' id='word_1_417' title='bbox 911 2878 1004 2932; x_wconf 89' lang='lat' dir='ltr'><strong>sed</strong></span> <span class='ocrx_word' id='word_1_418' title='bbox 1029 2879 1265 2932; x_wconf 88' lang='lat' dir='ltr'><strong>custodit</strong></span> <span class='ocrx_word' id='word_1_419' title='bbox 1311 2878 1691 2944; x_wconf 84' lang='lat' dir='ltr'><strong>Christianos;</strong></span> <span class='ocrx_word' id='word_1_420' title='bbox 1726 2880 1818 2948; x_wconf 89' lang='lat' dir='ltr'><strong>qui</strong></span> <span class='ocrx_word' id='word_1_421' title='bbox 1858 2881 2177 2935; x_wconf 88' lang='lat' dir='ltr'><strong>deitateim-</strong></span> 
     </span>
    </p>
   </div>
   <div class='ocr_carea' id='block_1_53' title="bbox 606 2967 2178 3040">
    <p class='ocr_par' dir='ltr' id='par_1_53' title="bbox 606 2967 2178 3040">
     <span class='ocr_line' id='line_1_53' title="bbox 606 2967 2178 3040; baseline 0.003 -20"><span class='ocrx_word' id='word_1_422' title='bbox 606 2967 879 3036; x_wconf 89' lang='lat' dir='ltr'><strong>passibilis</strong></span> <span class='ocrx_word' id='word_1_423' title='bbox 911 2976 1013 3034; x_wconf 82' lang='lat' dir='ltr'><strong>est,</strong></span> <span class='ocrx_word' id='word_1_424' title='bbox 1057 2969 1222 3022; x_wconf 83' lang='lat' dir='ltr'><strong>etiam</strong></span> <span class='ocrx_word' id='word_1_425' title='bbox 1270 2983 1391 3022; x_wconf 90' lang='lat' dir='ltr'><strong>cum</strong></span> <span class='ocrx_word' id='word_1_426' title='bbox 1452 2971 1504 3023; x_wconf 88' lang='lat' dir='ltr'><strong>itt</strong></span> <span class='ocrx_word' id='word_1_427' title='bbox 1567 2971 1910 3040; x_wconf 84' lang='lat' dir='ltr'><strong>passionibus</strong></span> <span class='ocrx_word' id='word_1_428' title='bbox 1960 2980 2178 3025; x_wconf 86' lang='lat' dir='ltr'><strong>manet:</strong></span> 
     </span>
    </p>
   </div>
   <div class='ocr_carea' id='block_1_54' title="bbox 2359 2595 3820 2676">
    <p class='ocr_par' dir='ltr' id='par_1_54' title="bbox 2359 2595 3820 2676">
     <span class='ocr_line' id='line_1_54' title="bbox 2359 2595 3820 2676; baseline -0.008 -16"><span class='ocrx_word' id='word_1_429' title='bbox 2359 2605 2497 2660; x_wconf 76' lang='grc' dir='ltr'>Οὔτε</span> <span class='ocrx_word' id='word_1_430' title='bbox 2537 2605 2690 2675; x_wconf 78' lang='grc' dir='ltr'>ὕπνῳ</span> <span class='ocrx_word' id='word_1_431' title='bbox 2732 2605 2807 2676; x_wconf 81' lang='grc' dir='ltr'><strong>μὴ</strong></span> <span class='ocrx_word' id='word_1_432' title='bbox 2848 2603 3017 2657; x_wconf 82' lang='grc' dir='ltr'>θέλων</span> <span class='ocrx_word' id='word_1_433' title='bbox 3065 2604 3233 2658; x_wconf 73' lang='grc' dir='ltr'>ἐάλωο</span> <span class='ocrx_word' id='word_1_434' title='bbox 3284 2604 3345 2656; x_wconf 83' lang='grc' dir='ltr'><strong>οὐ</strong></span> <span class='ocrx_word' id='word_1_435' title='bbox 3386 2603 3498 2674; x_wconf 85' lang='grc' dir='ltr'><strong>γὰρ</strong></span> <span class='ocrx_word' id='word_1_436' title='bbox 3531 2602 3716 2672; x_wconf 76' lang='grc' dir='ltr'>ἡττᾶτο</span> <span class='ocrx_word' id='word_1_437' title='bbox 3743 2595 3820 2650; x_wconf 75' lang='grc' dir='ltr'>τοῦ</span> 
     </span>
    </p>
   </div>
   <div class='ocr_carea' id='block_1_55' title="bbox 2288 2689 3818 2768">
    <p class='ocr_par' dir='ltr' id='par_1_55' title="bbox 2288 2689 3818 2768">
     <span class='ocr_line' id='line_1_55' title="bbox 2288 2689 3818 2768; baseline -0.008 -14"><span class='ocrx_word' id='word_1_438' title='bbox 2288 2700 2514 2763; x_wconf 75' lang='grc' dir='ltr'>πάθους.</span> <span class='ocrx_word' id='word_1_439' title='bbox 2554 2703 2582 2753; x_wconf 89' lang='lat'><strong>6</strong></span> <span class='ocrx_word' id='word_1_440' title='bbox 2621 2699 2731 2752; x_wconf 89' lang='grc' dir='ltr'>τῶν</span> <span class='ocrx_word' id='word_1_441' title='bbox 2797 2698 2932 2752; x_wconf 84' lang='grc' dir='ltr'>ὅλων</span> <span class='ocrx_word' id='word_1_442' title='bbox 2975 2698 3068 2751; x_wconf 70' lang='grc' dir='ltr'>καὶ</span> <span class='ocrx_word' id='word_1_443' title='bbox 3109 2697 3204 2750; x_wconf 82' lang='grc' dir='ltr'><strong>τοῦ</strong></span> <span class='ocrx_word' id='word_1_444' title='bbox 3247 2695 3418 2749; x_wconf 67' lang='grc' dir='ltr'>ὕπνου</span> <span class='ocrx_word' id='word_1_445' title='bbox 3449 2695 3663 2768; x_wconf 80' lang='grc' dir='ltr'>Κύριος,</span> <span class='ocrx_word' id='word_1_446' title='bbox 3695 2693 3720 2743; x_wconf 93' lang='lat'><strong>6</strong></span> <span class='ocrx_word' id='word_1_447' title='bbox 3758 2689 3818 2760; x_wconf 71' lang='grc' dir='ltr'>μὴ</span> 
     </span>
    </p>
   </div>
   <div class='ocr_carea' id='block_1_56' title="bbox 2289 2780 3820 2860">
    <p class='ocr_par' dir='ltr' id='par_1_56' title="bbox 2289 2780 3820 2860">
     <span class='ocr_line' id='line_1_56' title="bbox 2289 2780 3820 2860; baseline -0.007 -16"><span class='ocrx_word' id='word_1_448' title='bbox 2289 2791 2472 2846; x_wconf 83' lang='grc' dir='ltr'>ὑπνῶν</span> <span class='ocrx_word' id='word_1_449' title='bbox 2503 2791 2640 2860; x_wconf 83' lang='grc' dir='ltr'>μηδὲ</span> <span class='ocrx_word' id='word_1_450' title='bbox 2668 2787 2970 2853; x_wconf 76' lang='grc' dir='ltr'>νυστάζων,</span> <span class='ocrx_word' id='word_1_451' title='bbox 2997 2788 3133 2841; x_wconf 78' lang='grc' dir='ltr'>ἀλλὰ</span> <span class='ocrx_word' id='word_1_452' title='bbox 3160 2786 3453 2857; x_wconf 82' lang='grc' dir='ltr'>φυλάσσων</span> <span class='ocrx_word' id='word_1_453' title='bbox 3479 2780 3820 2857; x_wconf 73' lang='grc' dir='ltr'>Χριστιανοὺς,</span> 
     </span>
    </p>
   </div>
   <div class='ocr_carea' id='block_1_57' title="bbox 2287 2872 3821 2952">
    <p class='ocr_par' dir='ltr' id='par_1_57' title="bbox 2287 2872 3821 2952">
     <span class='ocr_line' id='line_1_57' title="bbox 2287 2872 3821 2952; baseline -0.008 -15"><span class='ocrx_word' id='word_1_454' title='bbox 2287 2883 2379 2938; x_wconf 82' lang='grc' dir='ltr'><strong>καὶ</strong></span> <span class='ocrx_word' id='word_1_455' title='bbox 2425 2881 2641 2952; x_wconf 80' lang='grc' dir='ltr'>ἀπαθὴς</span> <span class='ocrx_word' id='word_1_456' title='bbox 2689 2884 2753 2952; x_wconf 79' lang='grc' dir='ltr'>τῇ</span> <span class='ocrx_word' id='word_1_457' title='bbox 2795 2881 3010 2950; x_wconf 81' lang='grc' dir='ltr'>θεότητι</span> <span class='ocrx_word' id='word_1_458' title='bbox 3058 2880 3152 2932; x_wconf 77' lang='grc' dir='ltr'>καὶ</span> <span class='ocrx_word' id='word_1_459' title='bbox 3184 2881 3242 2931; x_wconf 79' lang='grc' dir='ltr'>ὲν</span> <span class='ocrx_word' id='word_1_460' title='bbox 3280 2881 3393 2941; x_wconf 83' lang='grc' dir='ltr'>τοῖς</span> <span class='ocrx_word' id='word_1_461' title='bbox 3428 2877 3702 2946; x_wconf 71' lang='grc' dir='ltr'>παθήμασι</span> <span class='ocrx_word' id='word_1_462' title='bbox 3735 2872 3821 2924; x_wconf 71' lang='grc' dir='ltr'>δια-</span> 
     </span>
    </p>
   </div>
   <div class='ocr_carea' id='block_1_58' title="bbox 2291 2965 3826 3046">
    <p class='ocr_par' dir='ltr' id='par_1_58' title="bbox 2291 2965 3826 3046">
     <span class='ocr_line' id='line_1_58' title="bbox 2291 2965 3826 3046; baseline -0.008 -18"><span class='ocrx_word' id='word_1_463' title='bbox 2291 2975 2493 3046; x_wconf 83' lang='grc' dir='ltr'>μένων·</span> <span class='ocrx_word' id='word_1_464' title='bbox 2530 2973 2605 3038; x_wconf 86' lang='grc' dir='ltr'>ὡς</span> <span class='ocrx_word' id='word_1_465' title='bbox 2645 2975 2782 3044; x_wconf 78' lang='grc' dir='ltr'>πρὸς</span> <span class='ocrx_word' id='word_1_466' title='bbox 2828 2973 2989 3026; x_wconf 77' lang='grc' dir='ltr'>αὐτὸν</span> <span class='ocrx_word' id='word_1_467' title='bbox 3031 2971 3474 3040; x_wconf 76' lang='grc' dir='ltr'>ἀναφθέγγεσθαι</span> <span class='ocrx_word' id='word_1_468' title='bbox 3516 2970 3605 3022; x_wconf 72' lang='grc' dir='ltr'><strong>τὸν</strong></span> <span class='ocrx_word' id='word_1_469' title='bbox 3635 2965 3826 3036; x_wconf 74' lang='grc' dir='ltr'>ψαλμῳ-</span> 
     </span>
    </p>
   </div>
   <div class='ocr_carea' id='block_1_59' title="bbox 610 3052 2176 3135">
    <p class='ocr_par' dir='ltr' id='par_1_59' title="bbox 610 3057 2176 3134">
     <span class='ocr_line' id='line_1_59' title="bbox 610 3057 2176 3134; baseline 0.005 -26"><span class='ocrx_word' id='word_1_470' title='bbox 610 3057 746 3112; x_wconf 88' lang='lat' dir='ltr'><strong>adeo</strong></span> <span class='ocrx_word' id='word_1_471' title='bbox 779 3067 836 3110; x_wconf 93' lang='lat' dir='ltr'><strong>ut</strong></span> <span class='ocrx_word' id='word_1_472' title='bbox 872 3073 996 3111; x_wconf 91' lang='lat' dir='ltr'><strong>eum</strong></span> <span class='ocrx_word' id='word_1_473' title='bbox 1031 3057 1236 3113; x_wconf 81' lang='lat' dir='ltr'><strong>Psaltes</strong></span> <span class='ocrx_word' id='word_1_474' title='bbox 1265 3059 1343 3114; x_wconf 86' lang='lat' dir='ltr'><strong>sic</strong></span> <span class='ocrx_word' id='word_1_475' title='bbox 1375 3059 1714 3130; x_wconf 88' lang='lat' dir='ltr'><strong>alloquatur:</strong></span> <span class='ocrx_word' id='word_1_476' title='bbox 1749 3079 1768 3111; x_wconf 76' lang='grc' dir='ltr'><strong>ι</strong></span> <span class='ocrx_word' id='word_1_477' title='bbox 1807 3061 2051 3132; x_wconf 75' lang='lat' dir='ltr'><strong>Exsurge</strong></span> <span class='ocrx_word' id='word_1_478' title='bbox 2080 3062 2176 3134; x_wconf 73' lang='grc'>(4),</span> 
     </span>
    </p>
   </div>
   <div class='ocr_carea' id='block_1_60' title="bbox 2276 3052 3821 3135">
    <p class='ocr_par' dir='ltr' id='par_1_60' title="bbox 2285 3052 3821 3135">
     <span class='ocr_line' id='line_1_60' title="bbox 2285 3052 3821 3135; baseline -0.008 -16"><span class='ocrx_word' id='word_1_479' title='bbox 2285 3066 2401 3120; x_wconf 82' lang='grc' dir='ltr'>δόν-</span> <span class='ocrx_word' id='word_1_480' title='bbox 2447 3085 2464 3117; x_wconf 85' lang='grc' dir='ltr'><strong>ι</strong></span> <span class='ocrx_word' id='word_1_481' title='bbox 2522 3064 2866 3135; x_wconf 78' lang='grc' dir='ltr'>Ἐξεγέρθητι</span> <span class='ocrx_word' id='word_1_482' title='bbox 2915 3063 2990 3127; x_wconf 81' lang='grc' dir='ltr'>ὡς</span> <span class='ocrx_word' id='word_1_483' title='bbox 3031 3065 3059 3116; x_wconf 93' lang='lat'><strong>6</strong></span> <span class='ocrx_word' id='word_1_484' title='bbox 3098 3063 3303 3125; x_wconf 83' lang='grc' dir='ltr'>ὑπνῶν,</span> <span class='ocrx_word' id='word_1_485' title='bbox 3347 3062 3544 3132; x_wconf 82' lang='grc' dir='ltr'>Κύριε.</span> <span class='ocrx_word' id='word_1_486' title='bbox 3605 3078 3624 3110; x_wconf 79' lang='lat' dir='ltr'><strong>s</strong></span> <span class='ocrx_word' id='word_1_487' title='bbox 3661 3057 3726 3110; x_wconf 85' lang='lat' dir='ltr'><em>T6</em></span> <span class='ocrx_word' id='word_1_488' title='bbox 3775 3052 3821 3105; x_wconf 76' lang='grc' dir='ltr'>δι</span> 
     </span>
    </p>
   </div>
   <div class='ocr_carea' id='block_1_61' title="bbox 608 3146 2176 3225">
    <p class='ocr_par' dir='ltr' id='par_1_61' title="bbox 608 3148 2176 3218">
     <span class='ocr_line' id='line_1_61' title="bbox 608 3148 2176 3218; baseline 0.006 -17"><span class='ocrx_word' id='word_1_489' title='bbox 608 3148 757 3203; x_wconf 87' lang='lat' dir='ltr'><strong>velut</strong></span> <span class='ocrx_word' id='word_1_490' title='bbox 777 3149 1075 3214; x_wconf 85' lang='lat' dir='ltr'><strong>dormiens,</strong></span> <span class='ocrx_word' id='word_1_491' title='bbox 1102 3149 1342 3205; x_wconf 87' lang='lat' dir='ltr'><strong>Domine.</strong></span> <span class='ocrx_word' id='word_1_492' title='bbox 1372 3170 1392 3206; x_wconf 74' lang='grc' dir='ltr'><strong>ι</strong></span> <span class='ocrx_word' id='word_1_493' title='bbox 1423 3151 1537 3206; x_wconf 77' lang='lat' dir='ltr'><strong>Vox</strong></span> <span class='ocrx_word' id='word_1_494' title='bbox 1565 3163 1766 3218; x_wconf 86' lang='lat' dir='ltr'><strong>autem,</strong></span> <span class='ocrx_word' id='word_1_495' title='bbox 1806 3154 2035 3218; x_wconf 44' lang='lat' dir='ltr'><strong>«velut»</strong></span> <span class='ocrx_word' id='word_1_496' title='bbox 2075 3170 2176 3210; x_wconf 92' lang='lat' dir='ltr'><strong>non</strong></span> 
     </span>
    </p>
   </div>
   <div class='ocr_carea' id='block_1_62' title="bbox 2276 3146 3822 3225">
    <p class='ocr_par' dir='ltr' id='par_1_62' title="bbox 2291 3146 3822 3225">
     <span class='ocr_line' id='line_1_62' title="bbox 2291 3146 3822 3225; baseline -0.009 -14"><span class='ocrx_word' id='word_1_497' title='bbox 2291 3177 2308 3208; x_wconf 81' lang='grc' dir='ltr'><strong>ι</strong></span> <span class='ocrx_word' id='word_1_498' title='bbox 2360 3157 2436 3221; x_wconf 81' lang='grc' dir='ltr'><strong>ὡς</strong></span> <span class='ocrx_word' id='word_1_499' title='bbox 2475 3177 2493 3208; x_wconf 76' lang='grc' dir='ltr'><strong>ι</strong></span> <span class='ocrx_word' id='word_1_500' title='bbox 2537 3157 2598 3210; x_wconf 80' lang='grc' dir='ltr'>οὐ</span> <span class='ocrx_word' id='word_1_501' title='bbox 2647 3155 2779 3210; x_wconf 91' lang='grc' dir='ltr'>καθ’</span> <span class='ocrx_word' id='word_1_502' title='bbox 2818 3155 2966 3220; x_wconf 78' lang='grc' dir='ltr'>ἅπαξ</span> <span class='ocrx_word' id='word_1_503' title='bbox 3026 3154 3191 3209; x_wconf 86' lang='grc' dir='ltr'>’ύπνον</span> <span class='ocrx_word' id='word_1_504' title='bbox 3235 3155 3531 3225; x_wconf 77' lang='grc' dir='ltr'>ἐμφαίνει·</span> <span class='ocrx_word' id='word_1_505' title='bbox 3571 3146 3822 3206; x_wconf 77' lang='grc' dir='ltr'>διαναστὰς</span> 
     </span>
    </p>
   </div>
   <div class='ocr_carea' id='block_1_63' title="bbox 615 3239 2176 3319">
    <p class='ocr_par' dir='ltr' id='par_1_63' title="bbox 615 3239 2176 3315">
     <span class='ocr_line' id='line_1_63' title="bbox 615 3239 2176 3315; baseline 0.006 -23"><span class='ocrx_word' id='word_1_506' title='bbox 615 3239 866 3294; x_wconf 86' lang='lat' dir='ltr'><strong>absolute</strong></span> <span class='ocrx_word' id='word_1_507' title='bbox 911 3254 1160 3294; x_wconf 88' lang='lat' dir='ltr'><strong>somnum</strong></span> <span class='ocrx_word' id='word_1_508' title='bbox 1228 3239 1471 3308; x_wconf 86' lang='lat' dir='ltr'><strong>indicat;</strong></span> <span class='ocrx_word' id='word_1_509' title='bbox 1541 3259 1664 3298; x_wconf 88' lang='lat' dir='ltr'><strong>nam</strong></span> <span class='ocrx_word' id='word_1_510' title='bbox 1721 3245 1884 3299; x_wconf 83' lang='lat' dir='ltr'><strong>simul</strong></span> <span class='ocrx_word' id='word_1_511' title='bbox 1946 3257 2109 3315; x_wconf 88' lang='lat' dir='ltr'><strong>atque</strong></span> <span class='ocrx_word' id='word_1_512' title='bbox 2151 3261 2176 3302; x_wconf 86' lang='lat' dir='ltr'><strong>e</strong></span> 
     </span>
    </p>
   </div>
   <div class='ocr_carea' id='block_1_64' title="bbox 2276 3239 3826 3319">
    <p class='ocr_par' dir='ltr' id='par_1_64' title="bbox 2284 3239 3826 3319">
     <span class='ocr_line' id='line_1_64' title="bbox 2284 3239 3826 3319; baseline -0.006 -18"><span class='ocrx_word' id='word_1_513' title='bbox 2284 3248 2393 3319; x_wconf 71' lang='grc' dir='ltr'><strong>γάρ</strong></span> <span class='ocrx_word' id='word_1_514' title='bbox 2445 3247 2604 3310; x_wconf 71' lang='grc' dir='ltr'>εὐθὺς</span> <span class='ocrx_word' id='word_1_515' title='bbox 2648 3246 2982 3317; x_wconf 72' lang='grc' dir='ltr'>ἐπετίμησεν</span> <span class='ocrx_word' id='word_1_516' title='bbox 3017 3246 3091 3310; x_wconf 86' lang='grc' dir='ltr'>ὠς</span> <span class='ocrx_word' id='word_1_517' title='bbox 3131 3245 3284 3308; x_wconf 83' lang='grc' dir='ltr'>Θεὸς,</span> <span class='ocrx_word' id='word_1_518' title='bbox 3328 3246 3425 3298; x_wconf 75' lang='grc' dir='ltr'><strong>καὶ</strong></span> <span class='ocrx_word' id='word_1_519' title='bbox 3451 3245 3502 3297; x_wconf 81' lang='grc' dir='ltr'><strong>οἱ</strong></span> <span class='ocrx_word' id='word_1_520' title='bbox 3537 3244 3715 3311; x_wconf 79' lang='grc' dir='ltr'>ἄνεμοι</span> <span class='ocrx_word' id='word_1_521' title='bbox 3742 3239 3826 3308; x_wconf 76' lang='grc' dir='ltr'>μὶν.</span> 
     </span>
    </p>
   </div>
   <div class='ocr_carea' id='block_1_65' title="bbox 615 3331 2176 3409">
    <p class='ocr_par' dir='ltr' id='par_1_65' title="bbox 615 3331 2176 3404">
     <span class='ocr_line' id='line_1_65' title="bbox 615 3331 2176 3404; baseline 0.004 -20"><span class='ocrx_word' id='word_1_522' title='bbox 615 3345 810 3385; x_wconf 82' lang='lat' dir='ltr'><strong>somno</strong></span> <span class='ocrx_word' id='word_1_523' title='bbox 831 3331 1103 3386; x_wconf 80' lang='lat' dir='ltr'><strong>excitatus</strong></span> <span class='ocrx_word' id='word_1_524' title='bbox 1141 3341 1248 3396; x_wconf 80' lang='lat' dir='ltr'><strong>est,</strong></span> <span class='ocrx_word' id='word_1_525' title='bbox 1309 3333 1610 3404; x_wconf 86' lang='lat' dir='ltr'><strong>increpavit</strong></span> <span class='ocrx_word' id='word_1_526' title='bbox 1639 3344 1698 3389; x_wconf 89' lang='lat' dir='ltr'><strong>ut</strong></span> <span class='ocrx_word' id='word_1_527' title='bbox 1747 3336 1910 3401; x_wconf 87' lang='lat' dir='ltr'><strong>Deus,</strong></span> <span class='ocrx_word' id='word_1_528' title='bbox 1935 3351 2000 3391; x_wconf 90' lang='lat' dir='ltr'><strong>ac</strong></span> <span class='ocrx_word' id='word_1_529' title='bbox 2039 3338 2176 3391; x_wconf 88' lang='lat' dir='ltr'><strong>venti</strong></span> 
     </span>
    </p>
   </div>
   <div class='ocr_carea' id='block_1_66' title="bbox 2276 3331 3821 3409">
    <p class='ocr_par' dir='ltr' id='par_1_66' title="bbox 2284 3333 3821 3409">
     <span class='ocr_line' id='line_1_66' title="bbox 2284 3333 3821 3409; baseline -0.004 -17"><span class='ocrx_word' id='word_1_530' title='bbox 2284 3339 2713 3408; x_wconf 83' lang='grc' dir='ltr'>κατεστάλησαν,</span> <span class='ocrx_word' id='word_1_531' title='bbox 2768 3340 2800 3409; x_wconf 87' lang='grc' dir='ltr'>ὴ</span> <span class='ocrx_word' id='word_1_532' title='bbox 2852 3338 2909 3391; x_wconf 84' lang='grc' dir='ltr'>δὲ</span> <span class='ocrx_word' id='word_1_533' title='bbox 2961 3337 3199 3391; x_wconf 86' lang='grc' dir='ltr'>θάλαττα</span> <span class='ocrx_word' id='word_1_534' title='bbox 3247 3337 3506 3390; x_wconf 78' lang='grc' dir='ltr'>τοσοῦτον</span> <span class='ocrx_word' id='word_1_535' title='bbox 3557 3333 3821 3401; x_wconf 72' lang='grc' dir='ltr'>ἐλώφησεν.</span> 
     </span>
    </p>
   </div>
   <div class='ocr_carea' id='block_1_67' title="bbox 609 3421 2176 3499">
    <p class='ocr_par' dir='ltr' id='par_1_67' title="bbox 609 3421 2176 3491">
     <span class='ocr_line' id='line_1_67' title="bbox 609 3421 2176 3491; baseline 0.006 -19"><span class='ocrx_word' id='word_1_536' title='bbox 609 3421 829 3488; x_wconf 92' lang='lat' dir='ltr'><strong>quidem</strong></span> <span class='ocrx_word' id='word_1_537' title='bbox 866 3422 1100 3491; x_wconf 85' lang='lat' dir='ltr'><strong>repressi</strong></span> <span class='ocrx_word' id='word_1_538' title='bbox 1146 3431 1292 3488; x_wconf 90' lang='lat' dir='ltr'><strong>sunt,</strong></span> <span class='ocrx_word' id='word_1_539' title='bbox 1333 3439 1484 3479; x_wconf 80' lang='lat' dir='ltr'><strong>mare</strong></span> <span class='ocrx_word' id='word_1_540' title='bbox 1521 3436 1701 3480; x_wconf 90' lang='lat' dir='ltr'><strong>autem</strong></span> <span class='ocrx_word' id='word_1_541' title='bbox 1757 3427 1892 3480; x_wconf 92' lang='lat' dir='ltr'><strong>adeo</strong></span> <span class='ocrx_word' id='word_1_542' title='bbox 1935 3428 2176 3482; x_wconf 89' lang='lat' dir='ltr'><strong>sedatum</strong></span> 
     </span>
    </p>
   </div>
   <div class='ocr_carea' id='block_1_68' title="bbox 2276 3421 3822 3499">
    <p class='ocr_par' dir='ltr' id='par_1_68' title="bbox 2283 3423 3822 3499">
     <span class='ocr_line' id='line_1_68' title="bbox 2283 3423 3822 3499; baseline -0.007 -16"><span class='ocrx_word' id='word_1_543' title='bbox 2283 3429 2422 3483; x_wconf 85' lang='grc' dir='ltr'>ὥστε</span> <span class='ocrx_word' id='word_1_544' title='bbox 2465 3428 2828 3499; x_wconf 84' lang='grc' dir='ltr'>κυμαίνεσθαι</span> <span class='ocrx_word' id='word_1_545' title='bbox 2879 3429 2972 3480; x_wconf 71' lang='grc' dir='ltr'><strong>καὶ</strong></span> <span class='ocrx_word' id='word_1_546' title='bbox 3017 3427 3341 3497; x_wconf 79' lang='grc' dir='ltr'>καχλάζειν,</span> <span class='ocrx_word' id='word_1_547' title='bbox 3404 3428 3605 3496; x_wconf 83' lang='grc' dir='ltr'>ἀφεῖσα</span> <span class='ocrx_word' id='word_1_548' title='bbox 3654 3423 3822 3478; x_wconf 81' lang='grc' dir='ltr'>τύπτε·</span> 
     </span>
    </p>
   </div>
   <div class='ocr_carea' id='block_1_69' title="bbox 606 3513 2176 3588">
    <p class='ocr_par' dir='ltr' id='par_1_69' title="bbox 606 3515 2176 3588">
     <span class='ocr_line' id='line_1_69' title="bbox 606 3515 2176 3588; baseline 0.004 -20"><span class='ocrx_word' id='word_1_549' title='bbox 606 3523 711 3578; x_wconf 84' lang='lat' dir='ltr'><strong>cst,</strong></span> <span class='ocrx_word' id='word_1_550' title='bbox 745 3524 804 3568; x_wconf 91' lang='lat' dir='ltr'><strong>ut</strong></span> <span class='ocrx_word' id='word_1_551' title='bbox 844 3515 1098 3570; x_wconf 77' lang='lat' dir='ltr'><strong>ﬂuctibus</strong></span> <span class='ocrx_word' id='word_1_552' title='bbox 1133 3517 1348 3583; x_wconf 73' lang='lat' dir='ltr'><strong>agitari.</strong></span> <span class='ocrx_word' id='word_1_553' title='bbox 1400 3526 1456 3570; x_wconf 86' lang='lat' dir='ltr'><strong>et</strong></span> <span class='ocrx_word' id='word_1_554' title='bbox 1501 3528 1750 3588; x_wconf 88' lang='lat' dir='ltr'><strong>strepere</strong></span> <span class='ocrx_word' id='word_1_555' title='bbox 1780 3518 2058 3584; x_wconf 88' lang='lat' dir='ltr'><strong>desinens,</strong></span> <span class='ocrx_word' id='word_1_556' title='bbox 2094 3535 2176 3574; x_wconf 89' lang='lat' dir='ltr'><strong>re-</strong></span> 
     </span>
    </p>
   </div>
   <div class='ocr_carea' id='block_1_70' title="bbox 2276 3513 3822 3588">
    <p class='ocr_par' dir='ltr' id='par_1_70' title="bbox 2283 3513 3822 3588">
     <span class='ocr_line' id='line_1_70' title="bbox 2283 3513 3822 3588; baseline -0.006 -16"><span class='ocrx_word' id='word_1_557' title='bbox 2283 3519 2408 3572; x_wconf 83' lang='grc' dir='ltr'>σθαι</span> <span class='ocrx_word' id='word_1_558' title='bbox 2445 3517 2692 3583; x_wconf 78' lang='grc' dir='ltr'>κώπαις,</span> <span class='ocrx_word' id='word_1_559' title='bbox 2750 3518 2844 3570; x_wconf 75' lang='grc' dir='ltr'>καὶ</span> <span class='ocrx_word' id='word_1_560' title='bbox 2893 3517 3168 3588; x_wconf 81' lang='grc' dir='ltr'>πρόφασιν</span> <span class='ocrx_word' id='word_1_561' title='bbox 3220 3517 3392 3588; x_wconf 77' lang='grc' dir='ltr'>ὕμνου</span> <span class='ocrx_word' id='word_1_562' title='bbox 3460 3518 3598 3588; x_wconf 74' lang='grc' dir='ltr'>μετὰ</span> <span class='ocrx_word' id='word_1_563' title='bbox 3659 3513 3822 3584; x_wconf 84' lang='grc' dir='ltr'>μέλους</span> 
     </span>
    </p>
   </div>
   <div class='ocr_carea' id='block_1_71' title="bbox 609 3605 2176 3678">
    <p class='ocr_par' dir='ltr' id='par_1_71' title="bbox 609 3605 2176 3678">
     <span class='ocr_line' id='line_1_71' title="bbox 609 3605 2176 3678; baseline 0.004 -21"><span class='ocrx_word' id='word_1_564' title='bbox 609 3605 715 3660; x_wconf 80' lang='lat' dir='ltr'><strong>mis</strong></span> <span class='ocrx_word' id='word_1_565' title='bbox 750 3606 1054 3676; x_wconf 78' lang='lat' dir='ltr'><strong>pulsaretur</strong></span> <span class='ocrx_word' id='word_1_566' title='bbox 1085 3647 1102 3672; x_wconf 92' lang='lat'><strong>,</strong></span> <span class='ocrx_word' id='word_1_567' title='bbox 1166 3617 1219 3661; x_wconf 88' lang='lat' dir='ltr'><strong>et</strong></span> <span class='ocrx_word' id='word_1_568' title='bbox 1271 3609 1613 3663; x_wconf 86' lang='lat' dir='ltr'><strong>occasionem</strong></span> <span class='ocrx_word' id='word_1_569' title='bbox 1652 3609 1918 3678; x_wconf 63' lang='lat' dir='ltr'><strong>praberet.</strong></span> <span class='ocrx_word' id='word_1_570' title='bbox 1950 3609 2176 3665; x_wconf 84' lang='lat' dir='ltr'><strong>canendi</strong></span> 
     </span>
    </p>
   </div>
   <div class='ocr_carea' id='block_1_72' title="bbox 2276 3605 3821 3678">
    <p class='ocr_par' dir='ltr' id='par_1_72' title="bbox 2279 3605 3821 3677">
     <span class='ocr_line' id='line_1_72' title="bbox 2279 3605 3821 3677; baseline -0.006 -17"><span class='ocrx_word' id='word_1_571' title='bbox 2279 3607 2475 3660; x_wconf 84' lang='grc' dir='ltr'>διδόναι</span> <span class='ocrx_word' id='word_1_572' title='bbox 2527 3605 2814 3668; x_wconf 82' lang='grc' dir='ltr'>ναυτικοῦ,</span> <span class='ocrx_word' id='word_1_573' title='bbox 2857 3606 2976 3677; x_wconf 87' lang='grc' dir='ltr'>μεθ’</span> <span class='ocrx_word' id='word_1_574' title='bbox 3005 3606 3198 3676; x_wconf 75' lang='grc' dir='ltr'>ἡδονῆς</span> <span class='ocrx_word' id='word_1_575' title='bbox 3248 3607 3470 3660; x_wconf 84' lang='grc' dir='ltr'>πάντων</span> <span class='ocrx_word' id='word_1_576' title='bbox 3514 3605 3821 3677; x_wconf 75' lang='grc' dir='ltr'>κραζόντων·</span> 
     </span>
    </p>
   </div>
   <div class='ocr_carea' id='block_1_73' title="bbox 607 3693 2176 3770">
    <p class='ocr_par' dir='ltr' id='par_1_73' title="bbox 607 3697 2174 3770">
     <span class='ocr_line' id='line_1_73' title="bbox 607 3697 2174 3770; baseline 0.002 -18"><span class='ocrx_word' id='word_1_577' title='bbox 607 3697 867 3768; x_wconf 82' lang='lat' dir='ltr'><strong>hymnum</strong></span> <span class='ocrx_word' id='word_1_578' title='bbox 913 3713 1036 3752; x_wconf 89' lang='lat' dir='ltr'><strong>cum</strong></span> <span class='ocrx_word' id='word_1_579' title='bbox 1087 3699 1368 3753; x_wconf 83' lang='lat' dir='ltr'><strong>harmonia</strong></span> <span class='ocrx_word' id='word_1_580' title='bbox 1415 3700 1654 3761; x_wconf 84' lang='lat' dir='ltr'><strong>nautica.</strong></span> <span class='ocrx_word' id='word_1_581' title='bbox 1696 3711 1897 3756; x_wconf 86' lang='lat' dir='ltr'><strong>etcum</strong></span> <span class='ocrx_word' id='word_1_582' title='bbox 1926 3700 2174 3770; x_wconf 82' lang='lat' dir='ltr'><strong>volupta—</strong></span> 
     </span>
    </p>
   </div>
   <div class='ocr_carea' id='block_1_74' title="bbox 2276 3693 3821 3770">
    <p class='ocr_par' dir='ltr' id='par_1_74' title="bbox 2285 3693 3821 3768">
     <span class='ocr_line' id='line_1_74' title="bbox 2285 3693 3821 3768; baseline -0.003 -20"><span class='ocrx_word' id='word_1_583' title='bbox 2285 3715 2304 3748; x_wconf 81' lang='grc' dir='ltr'><strong>ι</strong></span> <span class='ocrx_word' id='word_1_584' title='bbox 2345 3697 2568 3766; x_wconf 86' lang='grc' dir='ltr'>Χριστὲ,</span> <span class='ocrx_word' id='word_1_585' title='bbox 2608 3697 2798 3750; x_wconf 83' lang='grc' dir='ltr'>σῶσον.</span> <span class='ocrx_word' id='word_1_586' title='bbox 2833 3716 2851 3749; x_wconf 82' lang='lat' dir='ltr'><strong>s</strong></span> <span class='ocrx_word' id='word_1_587' title='bbox 2886 3697 3055 3749; x_wconf 84' lang='grc' dir='ltr'>’Ὅταν</span> <span class='ocrx_word' id='word_1_588' title='bbox 3095 3698 3203 3765; x_wconf 80' lang='grc' dir='ltr'>γὰρ</span> <span class='ocrx_word' id='word_1_589' title='bbox 3245 3698 3277 3766; x_wconf 82' lang='grc' dir='ltr'><strong>ή</strong></span> <span class='ocrx_word' id='word_1_590' title='bbox 3328 3697 3564 3768; x_wconf 79' lang='grc' dir='ltr'>ἀληθινὴ</span> <span class='ocrx_word' id='word_1_591' title='bbox 3597 3693 3702 3763; x_wconf 78' lang='grc' dir='ltr'>ζωὴ</span> <span class='ocrx_word' id='word_1_592' title='bbox 3724 3705 3821 3757; x_wconf 81' lang='grc' dir='ltr'>νοη-</span> 
     </span>
    </p>
   </div>
   <div class='ocr_carea' id='block_1_75' title="bbox 608 3783 2176 3858">
    <p class='ocr_par' dir='ltr' id='par_1_75' title="bbox 608 3789 2171 3858">
     <span class='ocr_line' id='line_1_75' title="bbox 608 3789 2171 3858; baseline 0.003 -16"><span class='ocrx_word' id='word_1_593' title='bbox 608 3797 660 3842; x_wconf 87' lang='lat' dir='ltr'><strong>te</strong></span> <span class='ocrx_word' id='word_1_594' title='bbox 689 3789 952 3856; x_wconf 86' lang='lat' dir='ltr'><strong>omnium,</strong></span> <span class='ocrx_word' id='word_1_595' title='bbox 989 3790 1078 3858; x_wconf 92' lang='lat' dir='ltr'><strong>qui</strong></span> <span class='ocrx_word' id='word_1_596' title='bbox 1125 3790 1593 3846; x_wconf 75' lang='lat' dir='ltr'><strong>exclamaverant:</strong></span> <span class='ocrx_word' id='word_1_597' title='bbox 1629 3809 1650 3843; x_wconf 77' lang='grc' dir='ltr'><strong>ι</strong></span> <span class='ocrx_word' id='word_1_598' title='bbox 1682 3792 1918 3856; x_wconf 81' lang='lat' dir='ltr'><strong>Christe,</strong></span> <span class='ocrx_word' id='word_1_599' title='bbox 1954 3792 2122 3848; x_wconf 86' lang='lat' dir='ltr'><strong>salva.</strong></span> <span class='ocrx_word' id='word_1_600' title='bbox 2152 3812 2171 3846; x_wconf 72' lang='grc' dir='ltr'><strong>ι</strong></span> 
     </span>
    </p>
   </div>
   <div class='ocr_carea' id='block_1_76' title="bbox 2276 3783 3826 3858">
    <p class='ocr_par' dir='ltr' id='par_1_76' title="bbox 2279 3783 3826 3858">
     <span class='ocr_line' id='line_1_76' title="bbox 2279 3783 3826 3858; baseline -0.003 -18"><span class='ocrx_word' id='word_1_601' title='bbox 2279 3787 2396 3858; x_wconf 86' lang='grc' dir='ltr'>θείη</span> <span class='ocrx_word' id='word_1_602' title='bbox 2444 3787 2784 3858; x_wconf 85' lang='grc' dir='ltr'>κοιμωμένη,</span> <span class='ocrx_word' id='word_1_603' title='bbox 2827 3787 2936 3840; x_wconf 77' lang='grc' dir='ltr'>τότ’</span> <span class='ocrx_word' id='word_1_604' title='bbox 2969 3788 3034 3840; x_wconf 83' lang='grc' dir='ltr'>ἂν</span> <span class='ocrx_word' id='word_1_605' title='bbox 3079 3789 3295 3858; x_wconf 87' lang='grc' dir='ltr'>νοηθείη</span> <span class='ocrx_word' id='word_1_606' title='bbox 3325 3787 3397 3841; x_wconf 74' lang='grc' dir='ltr'>τὰ</span> <span class='ocrx_word' id='word_1_607' title='bbox 3440 3788 3621 3840; x_wconf 83' lang='grc' dir='ltr'>πάντα</span> <span class='ocrx_word' id='word_1_608' title='bbox 3665 3783 3826 3848; x_wconf 79' lang='grc' dir='ltr'>τεθνηο</span> 
     </span>
    </p>
   </div>
   <div class='ocr_carea' id='block_1_77' title="bbox 603 3870 2176 3952">
    <p class='ocr_par' dir='ltr' id='par_1_77' title="bbox 603 3879 2172 3952">
     <span class='ocr_line' id='line_1_77' title="bbox 603 3879 2172 3952; baseline 0.001 -16"><span class='ocrx_word' id='word_1_609' title='bbox 603 3879 739 3936; x_wconf 85' lang='lat' dir='ltr'><strong>Cttm</strong></span> <span class='ocrx_word' id='word_1_610' title='bbox 763 3880 906 3934; x_wconf 90' lang='lat' dir='ltr'><strong>enim</strong></span> <span class='ocrx_word' id='word_1_611' title='bbox 933 3895 1057 3936; x_wconf 88' lang='lat' dir='ltr'><strong>vera</strong></span> <span class='ocrx_word' id='word_1_612' title='bbox 1085 3882 1194 3936; x_wconf 88' lang='lat' dir='ltr'><strong>vita</strong></span> <span class='ocrx_word' id='word_1_613' title='bbox 1227 3882 1502 3937; x_wconf 86' lang='lat' dir='ltr'><strong>dormiens</strong></span> <span class='ocrx_word' id='word_1_614' title='bbox 1530 3883 1855 3952; x_wconf 88' lang='lat' dir='ltr'><strong>concipitur,</strong></span> <span class='ocrx_word' id='word_1_615' title='bbox 1884 3893 2011 3938; x_wconf 87' lang='lat' dir='ltr'><strong>tunc</strong></span> <span class='ocrx_word' id='word_1_616' title='bbox 2049 3887 2172 3938; x_wconf 89' lang='lat' dir='ltr'><strong>uni-</strong></span> 
     </span>
    </p>
   </div>
   <div class='ocr_carea' id='block_1_78' title="bbox 2276 3870 3822 3952">
    <p class='ocr_par' dir='ltr' id='par_1_78' title="bbox 2277 3870 3822 3950">
     <span class='ocr_line' id='line_1_78' title="bbox 2277 3870 3822 3950; baseline 0.002 -19"><span class='ocrx_word' id='word_1_617' title='bbox 2277 3878 2443 3943; x_wconf 89' lang='grc' dir='ltr'>κότα,</span> <span class='ocrx_word' id='word_1_618' title='bbox 2478 3879 2554 3941; x_wconf 82' lang='grc' dir='ltr'>ὡς</span> <span class='ocrx_word' id='word_1_619' title='bbox 2597 3879 2656 3930; x_wconf 86' lang='grc' dir='ltr'><strong>οὐ</strong></span> <span class='ocrx_word' id='word_1_620' title='bbox 2709 3877 3135 3947; x_wconf 77' lang='grc' dir='ltr'>ζωοποιούμενα.</span> <span class='ocrx_word' id='word_1_621' title='bbox 3172 3878 3296 3929; x_wconf 79' lang='grc' dir='ltr'>Οἴου</span> <span class='ocrx_word' id='word_1_622' title='bbox 3348 3878 3483 3950; x_wconf 79' lang='grc' dir='ltr'>γὰρ,</span> <span class='ocrx_word' id='word_1_623' title='bbox 3515 3877 3708 3943; x_wconf 77' lang='grc' dir='ltr'>ταύτης</span> <span class='ocrx_word' id='word_1_624' title='bbox 3748 3870 3822 3921; x_wconf 74' lang='grc' dir='ltr'><strong>εὖ⁶</strong></span> 
     </span>
    </p>
   </div>
   <div class='ocr_carea' id='block_1_79' title="bbox 605 3964 2176 4044">
    <p class='ocr_par' dir='ltr' id='par_1_79' title="bbox 605 3972 2176 4044">
     <span class='ocr_line' id='line_1_79' title="bbox 605 3972 2176 4044; baseline 0.004 -21"><span class='ocrx_word' id='word_1_625' title='bbox 605 3985 760 4025; x_wconf 86' lang='lat' dir='ltr'><strong>versa</strong></span> <span class='ocrx_word' id='word_1_626' title='bbox 785 3979 992 4026; x_wconf 86' lang='lat' dir='ltr'><strong>mortua</strong></span> <span class='ocrx_word' id='word_1_627' title='bbox 1045 3985 1169 4026; x_wconf 90' lang='lat' dir='ltr'><strong>esse</strong></span> <span class='ocrx_word' id='word_1_628' title='bbox 1205 3972 1620 4043; x_wconf 79' lang='lat' dir='ltr'><strong>concipiendum</strong></span> <span class='ocrx_word' id='word_1_629' title='bbox 1683 3984 1788 4039; x_wconf 90' lang='lat' dir='ltr'><strong>est,</strong></span> <span class='ocrx_word' id='word_1_630' title='bbox 1849 3985 2032 4044; x_wconf 90' lang='lat' dir='ltr'><strong>utpote</strong></span> <span class='ocrx_word' id='word_1_631' title='bbox 2055 3990 2176 4044; x_wconf 72' lang='lat' dir='ltr'><strong>qua:</strong></span> 
     </span>
    </p>
   </div>
   <div class='ocr_carea' id='block_1_80' title="bbox 2276 3964 3824 4044">
    <p class='ocr_par' dir='ltr' id='par_1_80' title="bbox 2276 3964 3824 4040">
     <span class='ocr_line' id='line_1_80' title="bbox 2276 3964 3824 4040; baseline -0.005 -17"><span class='ocrx_word' id='word_1_632' title='bbox 2276 3969 2491 4038; x_wconf 82' lang='grc' dir='ltr'>δούσης,</span> <span class='ocrx_word' id='word_1_633' title='bbox 2531 3971 2622 4022; x_wconf 79' lang='grc' dir='ltr'><strong>τὸν</strong></span> <span class='ocrx_word' id='word_1_634' title='bbox 2656 3969 2884 4024; x_wconf 78' lang='grc' dir='ltr'>θάνατον</span> <span class='ocrx_word' id='word_1_635' title='bbox 2915 3969 3292 4040; x_wconf 76' lang='grc' dir='ltr'>ἐγρηγορέναι,</span> <span class='ocrx_word' id='word_1_636' title='bbox 3323 3973 3423 4023; x_wconf 73' lang='grc' dir='ltr'>καὶ</span> <span class='ocrx_word' id='word_1_637' title='bbox 3460 3969 3650 4040; x_wconf 71' lang='grc' dir='ltr'>μηδενὶ</span> <span class='ocrx_word' id='word_1_638' title='bbox 3674 3964 3824 4031; x_wconf 80' lang='grc' dir='ltr'>ὑπάρ-</span> 
     </span>
    </p>
   </div>
   <div class='ocr_carea' id='block_1_81' title="bbox 603 4047 2176 4129">
    <p class='ocr_par' dir='ltr' id='par_1_81' title="bbox 603 4059 2172 4129">
     <span class='ocr_line' id='line_1_81' title="bbox 603 4059 2172 4129; baseline 0.001 -16"><span class='ocrx_word' id='word_1_639' title='bbox 603 4073 708 4113; x_wconf 87' lang='lat' dir='ltr'><strong>non</strong></span> <span class='ocrx_word' id='word_1_640' title='bbox 768 4059 1160 4114; x_wconf 83' lang='lat' dir='ltr'><strong>vivificantur:</strong></span> <span class='ocrx_word' id='word_1_641' title='bbox 1210 4059 1510 4129; x_wconf 90' lang='lat' dir='ltr'><strong>putandum</strong></span> <span class='ocrx_word' id='word_1_642' title='bbox 1561 4071 1644 4116; x_wconf 89' lang='lat' dir='ltr'><strong>est</strong></span> <span class='ocrx_word' id='word_1_643' title='bbox 1694 4061 1861 4126; x_wconf 90' lang='lat' dir='ltr'><strong>enim,</strong></span> <span class='ocrx_word' id='word_1_644' title='bbox 1908 4063 2009 4116; x_wconf 84' lang='lat' dir='ltr'><strong>hac</strong></span> <span class='ocrx_word' id='word_1_645' title='bbox 2045 4062 2172 4116; x_wconf 86' lang='lat' dir='ltr'><strong>dor-</strong></span> 
     </span>
    </p>
   </div>
   <div class='ocr_carea' id='block_1_82' title="bbox 2276 4047 3824 4129">
    <p class='ocr_par' dir='ltr' id='par_1_82' title="bbox 2276 4047 3824 4129">
     <span class='ocr_line' id='line_1_82' title="bbox 2276 4047 3824 4129; baseline -0.011 -17"><span class='ocrx_word' id='word_1_646' title='bbox 2276 4076 2390 4129; x_wconf 81' lang='grc' dir='ltr'>χειν</span> <span class='ocrx_word' id='word_1_647' title='bbox 2426 4060 2527 4122; x_wconf 82' lang='grc' dir='ltr'>τὰς</span> <span class='ocrx_word' id='word_1_648' title='bbox 2562 4057 2796 4122; x_wconf 74' lang='grc' dir='ltr'>ζωτικὰς</span> <span class='ocrx_word' id='word_1_649' title='bbox 2819 4057 3112 4128; x_wconf 80' lang='grc' dir='ltr'>δρέπεσθαι</span> <span class='ocrx_word' id='word_1_650' title='bbox 3155 4055 3350 4127; x_wconf 75' lang='grc' dir='ltr'>αὔρας.</span> <span class='ocrx_word' id='word_1_651' title='bbox 3399 4057 3540 4110; x_wconf 76' lang='grc' dir='ltr'>Οὔτε</span> <span class='ocrx_word' id='word_1_652' title='bbox 3588 4047 3824 4119; x_wconf 71' lang='grc' dir='ltr'>πτωχεύει</span> 
     </span>
    </p>
   </div>
   <div class='ocr_carea' id='block_1_83' title="bbox 603 4139 2176 4220">
    <p class='ocr_par' dir='ltr' id='par_1_83' title="bbox 603 4148 2171 4220">
     <span class='ocr_line' id='line_1_83' title="bbox 603 4148 2171 4220; baseline 0.002 -18"><span class='ocrx_word' id='word_1_653' title='bbox 603 4148 824 4213; x_wconf 89' lang='lat' dir='ltr'><strong>miente,</strong></span> <span class='ocrx_word' id='word_1_654' title='bbox 859 4159 1087 4202; x_wconf 89' lang='lat' dir='ltr'><strong>mortem</strong></span> <span class='ocrx_word' id='word_1_655' title='bbox 1117 4149 1359 4220; x_wconf 79' lang='lat' dir='ltr'><strong>vigilare,</strong></span> <span class='ocrx_word' id='word_1_656' title='bbox 1392 4155 1448 4204; x_wconf 81' lang='lat' dir='ltr'><strong>et</strong></span> <span class='ocrx_word' id='word_1_657' title='bbox 1475 4150 1744 4204; x_wconf 91' lang='lat' dir='ltr'><strong>neminem</strong></span> <span class='ocrx_word' id='word_1_658' title='bbox 1787 4164 1948 4218; x_wconf 91' lang='lat' dir='ltr'><strong>posse</strong></span> <span class='ocrx_word' id='word_1_659' title='bbox 1981 4149 2171 4205; x_wconf 83' lang='lat' dir='ltr'><strong>vitales</strong></span> 
     </span>
    </p>
   </div>
   <div class='ocr_carea' id='block_1_84' title="bbox 2276 4139 3822 4220">
    <p class='ocr_par' dir='ltr' id='par_1_84' title="bbox 2276 4139 3822 4218">
     <span class='ocr_line' id='line_1_84' title="bbox 2276 4139 3822 4218; baseline -0.005 -15"><span class='ocrx_word' id='word_1_660' title='bbox 2276 4147 2386 4214; x_wconf 73' lang='grc' dir='ltr'>οὖν,</span> <span class='ocrx_word' id='word_1_661' title='bbox 2417 4150 2492 4213; x_wconf 88' lang='grc' dir='ltr'>ὼς</span> <span class='ocrx_word' id='word_1_662' title='bbox 2526 4149 2729 4204; x_wconf 77' lang='grc' dir='ltr'>ἄνωθεν</span> <span class='ocrx_word' id='word_1_663' title='bbox 2776 4149 2849 4200; x_wconf 83' lang='grc' dir='ltr'>ὣν</span> <span class='ocrx_word' id='word_1_664' title='bbox 2891 4149 3162 4218; x_wconf 81' lang='grc' dir='ltr'>ἀνενδεὴς,</span> <span class='ocrx_word' id='word_1_665' title='bbox 3210 4148 3238 4198; x_wconf 87' lang='lat'><strong>6</strong></span> <span class='ocrx_word' id='word_1_666' title='bbox 3286 4146 3550 4209; x_wconf 84' lang='grc' dir='ltr'>πλούσιος</span> <span class='ocrx_word' id='word_1_667' title='bbox 3593 4147 3650 4197; x_wconf 81' lang='grc' dir='ltr'>ὲν</span> <span class='ocrx_word' id='word_1_668' title='bbox 3688 4139 3822 4196; x_wconf 73' lang='grc' dir='ltr'>ὲλέει.</span> 
     </span>
    </p>
   </div>
   <div class='ocr_carea' id='block_1_85' title="bbox 605 4233 2176 4314">
    <p class='ocr_par' dir='ltr' id='par_1_85' title="bbox 605 4238 2169 4310">
     <span class='ocr_line' id='line_1_85' title="bbox 605 4238 2169 4310; baseline 0.004 -20"><span class='ocrx_word' id='word_1_669' title='bbox 605 4253 767 4294; x_wconf 86' lang='lat' dir='ltr'><strong>auras</strong></span> <span class='ocrx_word' id='word_1_670' title='bbox 800 4252 1046 4308; x_wconf 86' lang='lat' dir='ltr'><strong>carpere.</strong></span> <span class='ocrx_word' id='word_1_671' title='bbox 1075 4238 1153 4295; x_wconf 82' lang='lat' dir='ltr'><strong>Ne</strong></span> <span class='ocrx_word' id='word_1_672' title='bbox 1181 4253 1385 4310; x_wconf 90' lang='lat' dir='ltr'><strong>pauper</strong></span> <span class='ocrx_word' id='word_1_673' title='bbox 1413 4239 1630 4310; x_wconf 92' lang='lat' dir='ltr'><strong>quidem</strong></span> <span class='ocrx_word' id='word_1_674' title='bbox 1675 4250 1757 4295; x_wconf 90' lang='lat' dir='ltr'><strong>est</strong></span> <span class='ocrx_word' id='word_1_675' title='bbox 1796 4255 1944 4310; x_wconf 77' lang='lat' dir='ltr'><strong>ergo,</strong></span> <span class='ocrx_word' id='word_1_676' title='bbox 1971 4241 2169 4310; x_wconf 88' lang='lat' dir='ltr'><strong>quippe</strong></span> 
     </span>
    </p>
   </div>
   <div class='ocr_carea' id='block_1_86' title="bbox 2276 4233 3822 4314">
    <p class='ocr_par' dir='ltr' id='par_1_86' title="bbox 2276 4233 3822 4310">
     <span class='ocr_line' id='line_1_86' title="bbox 2276 4233 3822 4310; baseline -0.006 -15"><span class='ocrx_word' id='word_1_677' title='bbox 2276 4243 2370 4296; x_wconf 77' lang='grc' dir='ltr'>καὶ</span> <span class='ocrx_word' id='word_1_678' title='bbox 2427 4241 2629 4309; x_wconf 85' lang='grc' dir='ltr'>ἀγαθὸς</span> <span class='ocrx_word' id='word_1_679' title='bbox 2669 4243 2725 4294; x_wconf 79' lang='grc' dir='ltr'>ὲν</span> <span class='ocrx_word' id='word_1_680' title='bbox 2773 4241 3115 4310; x_wconf 82' lang='grc' dir='ltr'>οἰκτιρμοῖς,</span> <span class='ocrx_word' id='word_1_681' title='bbox 3162 4240 3190 4291; x_wconf 95' lang='lat'><strong>6</strong></span> <span class='ocrx_word' id='word_1_682' title='bbox 3234 4240 3535 4309; x_wconf 82' lang='grc' dir='ltr'>φάρμακον</span> <span class='ocrx_word' id='word_1_683' title='bbox 3575 4235 3648 4306; x_wconf 84' lang='grc' dir='ltr'><strong>τῷ</strong></span> <span class='ocrx_word' id='word_1_684' title='bbox 3695 4233 3822 4297; x_wconf 75' lang='grc' dir='ltr'>ἄλγει</span> 
     </span>
    </p>
   </div>
   <div class='ocr_carea' id='block_1_87' title="bbox 603 4327 2176 4402">
    <p class='ocr_par' dir='ltr' id='par_1_87' title="bbox 603 4327 2172 4401">
     <span class='ocr_line' id='line_1_87' title="bbox 603 4327 2172 4401; baseline 0.004 -22"><span class='ocrx_word' id='word_1_685' title='bbox 603 4327 693 4396; x_wconf 92' lang='lat' dir='ltr'><strong>qui</strong></span> <span class='ocrx_word' id='word_1_686' title='bbox 731 4327 798 4380; x_wconf 89' lang='lat' dir='ltr'><strong>de</strong></span> <span class='ocrx_word' id='word_1_687' title='bbox 824 4328 964 4383; x_wconf 87' lang='lat' dir='ltr'><strong>coelo</strong></span> <span class='ocrx_word' id='word_1_688' title='bbox 997 4336 1081 4384; x_wconf 90' lang='lat' dir='ltr'><strong>est</strong></span> <span class='ocrx_word' id='word_1_689' title='bbox 1113 4328 1312 4384; x_wconf 90' lang='lat' dir='ltr'><strong>nullius</strong></span> <span class='ocrx_word' id='word_1_690' title='bbox 1366 4330 1444 4385; x_wconf 91' lang='lat' dir='ltr'><strong>rei</strong></span> <span class='ocrx_word' id='word_1_691' title='bbox 1491 4330 1702 4400; x_wconf 72' lang='lat' dir='ltr'><strong>indigus</strong></span> <span class='ocrx_word' id='word_1_692' title='bbox 1748 4330 1826 4401; x_wconf 86' lang='lat'><strong>(5)</strong></span> <span class='ocrx_word' id='word_1_693' title='bbox 1877 4331 1944 4395; x_wconf 87' lang='lat' dir='ltr'><strong>is,</strong></span> <span class='ocrx_word' id='word_1_694' title='bbox 1973 4331 2172 4400; x_wconf 89' lang='lat' dir='ltr'><strong>quiest</strong></span> 
     </span>
    </p>
   </div>
   <div class='ocr_carea' id='block_1_88' title="bbox 2276 4327 3820 4402">
    <p class='ocr_par' dir='ltr' id='par_1_88' title="bbox 2276 4329 3820 4402">
     <span class='ocr_line' id='line_1_88' title="bbox 2276 4329 3820 4402; baseline -0.007 -15"><span class='ocrx_word' id='word_1_695' title='bbox 2276 4334 2366 4401; x_wconf 82' lang='grc' dir='ltr'>τῆς</span> <span class='ocrx_word' id='word_1_696' title='bbox 2411 4333 2686 4402; x_wconf 82' lang='grc' dir='ltr'>πτωχείας</span> <span class='ocrx_word' id='word_1_697' title='bbox 2724 4332 2821 4402; x_wconf 81' lang='grc' dir='ltr'><strong>τὴν</strong></span> <span class='ocrx_word' id='word_1_698' title='bbox 2875 4333 3006 4401; x_wconf 87' lang='grc' dir='ltr'>παρ’</span> <span class='ocrx_word' id='word_1_699' title='bbox 3063 4331 3256 4383; x_wconf 73' lang='grc' dir='ltr'>ἑαυτοῦ</span> <span class='ocrx_word' id='word_1_700' title='bbox 3306 4329 3633 4401; x_wconf 82' lang='grc' dir='ltr'>οἰκονομίαν</span> <span class='ocrx_word' id='word_1_701' title='bbox 3677 4338 3820 4395; x_wconf 74' lang='grc' dir='ltr'>χορη-</span> 
     </span>
    </p>
   </div>
   <div class='ocr_carea' id='block_1_89' title="bbox 611 4414 2176 4493">
    <p class='ocr_par' dir='ltr' id='par_1_89' title="bbox 611 4418 2170 4490">
     <span class='ocr_line' id='line_1_89' title="bbox 611 4418 2170 4490; baseline 0.002 -17"><span class='ocrx_word' id='word_1_702' title='bbox 611 4419 762 4474; x_wconf 88' lang='lat' dir='ltr'><strong>dives</strong></span> <span class='ocrx_word' id='word_1_703' title='bbox 790 4418 868 4490; x_wconf 83' lang='lat'><strong>(6)</strong></span> <span class='ocrx_word' id='word_1_704' title='bbox 899 4420 950 4473; x_wconf 93' lang='lat' dir='ltr'><strong>in</strong></span> <span class='ocrx_word' id='word_1_705' title='bbox 981 4420 1377 4486; x_wconf 88' lang='lat' dir='ltr'><strong>misericordia,</strong></span> <span class='ocrx_word' id='word_1_706' title='bbox 1427 4431 1482 4476; x_wconf 89' lang='lat' dir='ltr'><strong>et</strong></span> <span class='ocrx_word' id='word_1_707' title='bbox 1512 4421 1682 4476; x_wconf 87' lang='lat' dir='ltr'><strong>bonus</strong></span> <span class='ocrx_word' id='word_1_708' title='bbox 1712 4421 1764 4475; x_wconf 91' lang='lat' dir='ltr'><strong>in</strong></span> <span class='ocrx_word' id='word_1_709' title='bbox 1803 4421 2170 4476; x_wconf 88' lang='lat' dir='ltr'><strong>miserationi-</strong></span> 
     </span>
    </p>
   </div>
   <div class='ocr_carea' id='block_1_90' title="bbox 2276 4414 3822 4493">
    <p class='ocr_par' dir='ltr' id='par_1_90' title="bbox 2276 4414 3822 4493">
     <span class='ocr_line' id='line_1_90' title="bbox 2276 4414 3822 4493; baseline -0.004 -17"><span class='ocrx_word' id='word_1_710' title='bbox 2276 4423 2398 4492; x_wconf 77' lang='grc' dir='ltr'>γῶν.</span> <span class='ocrx_word' id='word_1_711' title='bbox 2437 4424 2570 4476; x_wconf 73' lang='grc' dir='ltr'>Ούδὲ</span> <span class='ocrx_word' id='word_1_712' title='bbox 2611 4422 2794 4492; x_wconf 82' lang='grc' dir='ltr'>ἰσχύος</span> <span class='ocrx_word' id='word_1_713' title='bbox 2823 4423 3088 4477; x_wconf 76' lang='grc' dir='ltr'>ἐπιδεῖται</span> <span class='ocrx_word' id='word_1_714' title='bbox 3117 4422 3407 4493; x_wconf 81' lang='grc' dir='ltr'>ἀλλοτρίας</span> <span class='ocrx_word' id='word_1_715' title='bbox 3441 4424 3678 4482; x_wconf 75' lang='grc' dir='ltr'>ἐκεῖνος’</span> <span class='ocrx_word' id='word_1_716' title='bbox 3712 4414 3822 4484; x_wconf 66' lang='grc' dir='ltr'><strong>γρᾶο</strong></span> 
     </span>
    </p>
   </div>
   <div class='ocr_carea' id='block_1_91' title="bbox 601 4501 2176 4584">
    <p class='ocr_par' dir='ltr' id='par_1_91' title="bbox 601 4510 2164 4583">
     <span class='ocr_line' id='line_1_91' title="bbox 601 4510 2164 4583; baseline 0.001 -18"><span class='ocrx_word' id='word_1_717' title='bbox 601 4510 737 4566; x_wconf 87' lang='lat' dir='ltr'><strong>bus:</strong></span> <span class='ocrx_word' id='word_1_718' title='bbox 772 4511 970 4580; x_wconf 90' lang='lat' dir='ltr'><strong>quique</strong></span> <span class='ocrx_word' id='word_1_719' title='bbox 995 4511 1165 4566; x_wconf 91' lang='lat' dir='ltr'><strong>dolori</strong></span> <span class='ocrx_word' id='word_1_720' title='bbox 1221 4512 1556 4583; x_wconf 87' lang='lat' dir='ltr'><strong>paupertatis</strong></span> <span class='ocrx_word' id='word_1_721' title='bbox 1603 4521 1802 4567; x_wconf 66' lang='lat' dir='ltr'><strong>nostrae</strong></span> <span class='ocrx_word' id='word_1_722' title='bbox 1843 4511 2164 4566; x_wconf 90' lang='lat' dir='ltr'><strong>medicinam</strong></span> 
     </span>
    </p>
   </div>
   <div class='ocr_carea' id='block_1_92' title="bbox 2276 4501 3822 4584">
    <p class='ocr_par' dir='ltr' id='par_1_92' title="bbox 2276 4501 3822 4584">
     <span class='ocr_line' id='line_1_92' title="bbox 2276 4501 3822 4584; baseline 0.003 -19"><span class='ocrx_word' id='word_1_723' title='bbox 2276 4529 2360 4581; x_wconf 83' lang='grc' dir='ltr'><strong>φει</strong></span> <span class='ocrx_word' id='word_1_724' title='bbox 2393 4513 2527 4584; x_wconf 77' lang='grc' dir='ltr'>γὰρ,</span> <span class='ocrx_word' id='word_1_725' title='bbox 2563 4513 2638 4576; x_wconf 82' lang='grc' dir='ltr'>ὡς</span> <span class='ocrx_word' id='word_1_726' title='bbox 2686 4515 2743 4564; x_wconf 84' lang='grc' dir='ltr'>ὲν</span> <span class='ocrx_word' id='word_1_727' title='bbox 2781 4513 2927 4583; x_wconf 76' lang='grc' dir='ltr'>αὐτῷ</span> <span class='ocrx_word' id='word_1_728' title='bbox 2968 4512 3300 4583; x_wconf 78' lang='grc' dir='ltr'>συνέστηκεν</span> <span class='ocrx_word' id='word_1_729' title='bbox 3352 4513 3425 4567; x_wconf 78' lang='grc' dir='ltr'><strong>τὰ</strong></span> <span class='ocrx_word' id='word_1_730' title='bbox 3485 4513 3698 4569; x_wconf 73' lang='grc' dir='ltr'>πάντας</span> <span class='ocrx_word' id='word_1_731' title='bbox 3746 4501 3822 4557; x_wconf 47' lang='grc' dir='ltr'>καὶ</span> 
     </span>
    </p>
   </div>
   <div class='ocr_carea' id='block_1_93' title="bbox 600 4601 2160 4673">
    <p class='ocr_par' dir='ltr' id='par_1_93' title="bbox 600 4601 2160 4673">
     <span class='ocr_line' id='line_1_93' title="bbox 600 4601 2160 4673; baseline 0.003 -19"><span class='ocrx_word' id='word_1_732' title='bbox 600 4601 840 4656; x_wconf 85' lang='lat' dir='ltr'><strong>adhibuit</strong></span> <span class='ocrx_word' id='word_1_733' title='bbox 873 4602 1100 4670; x_wconf 89' lang='lat' dir='ltr'><strong>ipsemet</strong></span> <span class='ocrx_word' id='word_1_734' title='bbox 1125 4602 1550 4658; x_wconf 87' lang='lat' dir='ltr'><strong>incarnationem</strong></span> <span class='ocrx_word' id='word_1_735' title='bbox 1597 4617 1773 4658; x_wconf 88' lang='lat' dir='ltr'><strong>suam.</strong></span> <span class='ocrx_word' id='word_1_736' title='bbox 1824 4601 2007 4673; x_wconf 86' lang='lat' dir='ltr'><strong>Neque</strong></span> <span class='ocrx_word' id='word_1_737' title='bbox 2029 4603 2160 4659; x_wconf 90' lang='lat' dir='ltr'><strong>alie-</strong></span> 
     </span>
    </p>
   </div>
   <div class='ocr_carea' id='block_1_94' title="bbox 600 4693 2164 4764">
    <p class='ocr_par' dir='ltr' id='par_1_94' title="bbox 600 4693 2164 4764">
     <span class='ocr_line' id='line_1_94' title="bbox 600 4693 2164 4764; baseline 0.001 -18"><span class='ocrx_word' id='word_1_738' title='bbox 600 4708 671 4746; x_wconf 90' lang='lat' dir='ltr'><strong>no</strong></span> <span class='ocrx_word' id='word_1_739' title='bbox 700 4693 902 4764; x_wconf 77' lang='lat' dir='ltr'><strong>indiget</strong></span> <span class='ocrx_word' id='word_1_740' title='bbox 947 4694 1034 4748; x_wconf 89' lang='lat' dir='ltr'><strong>ille</strong></span> <span class='ocrx_word' id='word_1_741' title='bbox 1087 4695 1319 4750; x_wconf 89' lang='lat' dir='ltr'><strong>robore:</strong></span> <span class='ocrx_word' id='word_1_742' title='bbox 1361 4695 1621 4764; x_wconf 86' lang='lat' dir='ltr'><strong>scriptum</strong></span> <span class='ocrx_word' id='word_1_743' title='bbox 1681 4703 1768 4748; x_wconf 90' lang='lat' dir='ltr'><strong>est</strong></span> <span class='ocrx_word' id='word_1_744' title='bbox 1816 4696 1982 4756; x_wconf 87' lang='lat' dir='ltr'><strong>enim,</strong></span> <span class='ocrx_word' id='word_1_745' title='bbox 2021 4694 2164 4763; x_wconf 88' lang='lat' dir='ltr'><strong>quod</strong></span> 
     </span>
    </p>
   </div>
   <div class='ocr_carea' id='block_1_95' title="bbox 599 4779 2161 4852">
    <p class='ocr_par' dir='ltr' id='par_1_95' title="bbox 599 4779 2161 4852">
     <span class='ocr_line' id='line_1_95' title="bbox 599 4779 2161 4852; baseline 0.004 -19"><span class='ocrx_word' id='word_1_746' title='bbox 599 4780 654 4833; x_wconf 84' lang='lat' dir='ltr'><strong>in</strong></span> <span class='ocrx_word' id='word_1_747' title='bbox 706 4779 824 4849; x_wconf 81' lang='lat' dir='ltr'><strong>ipso</strong></span> <span class='ocrx_word' id='word_1_748' title='bbox 865 4779 942 4852; x_wconf 88' lang='lat'><strong>(7)</strong></span> <span class='ocrx_word' id='word_1_749' title='bbox 995 4792 1247 4838; x_wconf 81' lang='lat' dir='ltr'><strong>constant</strong></span> <span class='ocrx_word' id='word_1_750' title='bbox 1292 4783 1470 4837; x_wconf 89' lang='lat' dir='ltr'><strong>omnia</strong></span> <span class='ocrx_word' id='word_1_751' title='bbox 1511 4800 1526 4849; x_wconf 91' lang='lat'><strong>;</strong></span> <span class='ocrx_word' id='word_1_752' title='bbox 1574 4792 1627 4837; x_wconf 92' lang='lat' dir='ltr'><strong>et</strong></span> <span class='ocrx_word' id='word_1_753' title='bbox 1669 4782 1830 4852; x_wconf 83' lang='lat' dir='ltr'><strong>quod</strong></span> <span class='ocrx_word' id='word_1_754' title='bbox 1859 4782 2092 4838; x_wconf 81' lang='lat' dir='ltr'><strong>flectitur</strong></span> <span class='ocrx_word' id='word_1_755' title='bbox 2113 4785 2161 4839; x_wconf 91' lang='lat' dir='ltr'><strong>ei</strong></span> 
     </span>
    </p>
   </div>
   <div class='ocr_carea' id='block_1_96' title="bbox 670 4961 2165 5033">
    <p class='ocr_par' dir='ltr' id='par_1_96' title="bbox 670 4961 2165 5033">
     <span class='ocr_line' id='line_1_96' title="bbox 670 4961 2165 5033; baseline 0.001 -17"><span class='ocrx_word' id='word_1_756' title='bbox 670 4961 778 5033; x_wconf 84' lang='lat'><strong>(95)</strong></span> <span class='ocrx_word' id='word_1_757' title='bbox 819 4963 977 5032; x_wconf 82' lang='lat' dir='ltr'><strong>Ipsis.</strong></span> <span class='ocrx_word' id='word_1_758' title='bbox 1001 4963 1189 5018; x_wconf 61' lang='lat' dir='ltr'><strong>Greca</strong></span> <span class='ocrx_word' id='word_1_759' title='bbox 1243 4964 1405 5018; x_wconf 70' lang='lat' dir='ltr'><strong>editio</strong></span> <span class='ocrx_word' id='word_1_760' title='bbox 1437 4982 1448 5017; x_wconf 91' lang='lat'><strong>:</strong></span> <span class='ocrx_word' id='word_1_761' title='bbox 1481 4961 1659 5016; x_wconf 80' lang='grc' dir='ltr'>αὐτῶν</span> <span class='ocrx_word' id='word_1_762' title='bbox 1726 4962 1777 5016; x_wconf 92' lang='lat' dir='ltr'><strong>id</strong></span> <span class='ocrx_word' id='word_1_763' title='bbox 1815 4972 1926 5026; x_wconf 89' lang='lat' dir='ltr'><strong>est,</strong></span> <span class='ocrx_word' id='word_1_764' title='bbox 1965 4982 1984 5015; x_wconf 77' lang='grc' dir='ltr'><strong>ι</strong></span> <span class='ocrx_word' id='word_1_765' title='bbox 2023 4964 2165 5032; x_wconf 83' lang='lat' dir='ltr'><strong>ipso-</strong></span> 
     </span>
    </p>
   </div>
   <div class='ocr_carea' id='block_1_97' title="bbox 602 5046 1752 5172">
    <p class='ocr_par' dir='ltr' id='par_1_97' title="bbox 602 5046 1752 5172">
     <span class='ocr_line' id='line_1_97' title="bbox 602 5046 1752 5172; baseline -0.002 -15"><span class='ocrx_word' id='word_1_766' title='bbox 602 5046 804 5172; x_wconf 42' lang='lat'><strong>&quot;1236),</strong></span> <span class='ocrx_word' id='word_1_767' title='bbox 821 5100 1033 5172; x_wconf 85' lang='lat' dir='ltr'><strong>Omnia.</strong></span> <span class='ocrx_word' id='word_1_768' title='bbox 1068 5101 1208 5156; x_wconf 88' lang='lat' dir='ltr'><strong>Psal.</strong></span> <span class='ocrx_word' id='word_1_769' title='bbox 1239 5117 1356 5163; x_wconf 86' lang='lat' dir='ltr'><strong>cm,</strong></span> <span class='ocrx_word' id='word_1_770' title='bbox 1383 5100 1454 5155; x_wconf 71' lang='lat'><strong>2‘3</strong></span> <span class='ocrx_word' id='word_1_771' title='bbox 1490 5101 1752 5172; x_wconf 16' lang='lat' dir='ltr'><strong>(seuﬂE’J).</strong></span> 
     </span>
    </p>
   </div>
   <div class='ocr_carea' id='block_1_98' title="bbox 668 5169 2156 5243">
    <p class='ocr_par' dir='ltr' id='par_1_98' title="bbox 668 5169 2156 5243">
     <span class='ocr_line' id='line_1_98' title="bbox 668 5169 2156 5243; baseline 0.001 -18"><span class='ocrx_word' id='word_1_772' title='bbox 668 5169 776 5243; x_wconf 88' lang='lat'><strong>(97)</strong></span> <span class='ocrx_word' id='word_1_773' title='bbox 815 5171 956 5225; x_wconf 81' lang='lat' dir='ltr'><strong>Illis.</strong></span> <span class='ocrx_word' id='word_1_774' title='bbox 999 5171 1184 5227; x_wconf 69' lang='lat' dir='ltr'><strong>Cra-ca</strong></span> <span class='ocrx_word' id='word_1_775' title='bbox 1231 5172 1396 5226; x_wconf 86' lang='lat' dir='ltr'><strong>editio</strong></span> <span class='ocrx_word' id='word_1_776' title='bbox 1431 5189 1444 5225; x_wconf 90' lang='lat'><strong>:</strong></span> <span class='ocrx_word' id='word_1_777' title='bbox 1499 5169 1785 5234; x_wconf 65' lang='grc' dir='ltr'>αὐτῶν,ἰά</span> <span class='ocrx_word' id='word_1_778' title='bbox 1835 5181 1936 5238; x_wconf 89' lang='lat' dir='ltr'><strong>est,</strong></span> <span class='ocrx_word' id='word_1_779' title='bbox 1977 5191 1996 5224; x_wconf 78' lang='grc' dir='ltr'><strong>ι</strong></span> <span class='ocrx_word' id='word_1_780' title='bbox 2036 5172 2156 5227; x_wconf 83' lang='lat' dir='ltr'><strong>illu-</strong></span> 
     </span>
    </p>
   </div>
   <div class='ocr_carea' id='block_1_99' title="bbox 599 5243 1612 5377">
    <p class='ocr_par' dir='ltr' id='par_1_99' title="bbox 599 5243 1612 5377">
     <span class='ocr_line' id='line_1_99' title="bbox 599 5243 1244 5309; baseline 0 -16"><span class='ocrx_word' id='word_1_781' title='bbox 599 5255 736 5305; x_wconf 86' lang='lat' dir='ltr'><strong>rum,</strong></span> <span class='ocrx_word' id='word_1_782' title='bbox 773 5260 792 5294; x_wconf 71' lang='grc' dir='ltr'><strong>ι</strong></span> <span class='ocrx_word' id='word_1_783' title='bbox 829 5251 882 5292; x_wconf 83' lang='grc' dir='ltr'><strong>ιιι</strong></span> <span class='ocrx_word' id='word_1_784' title='bbox 912 5243 1070 5309; x_wconf 85' lang='lat' dir='ltr'><strong>paulo</strong></span> <span class='ocrx_word' id='word_1_785' title='bbox 1100 5251 1244 5294; x_wconf 89' lang='lat' dir='ltr'><strong>ante.</strong></span> 
     </span>
     <span class='ocr_line' id='line_1_100' title="bbox 667 5307 1612 5377; baseline 0 -14"><span class='ocrx_word' id='word_1_786' title='bbox 667 5309 778 5377; x_wconf 89' lang='lat'><strong>(98)</strong></span> <span class='ocrx_word' id='word_1_787' title='bbox 818 5307 941 5363; x_wconf 85' lang='lat' dir='ltr'><strong>Non</strong></span> <span class='ocrx_word' id='word_1_788' title='bbox 964 5313 1018 5365; x_wconf 84' lang='lat' dir='ltr'><strong>in</strong></span> <span class='ocrx_word' id='word_1_789' title='bbox 1047 5325 1194 5376; x_wconf 70' lang='lat' dir='ltr'><strong>pane.</strong></span> <span class='ocrx_word' id='word_1_790' title='bbox 1227 5308 1416 5364; x_wconf 77' lang='lat' dir='ltr'><strong>Matth.</strong></span> <span class='ocrx_word' id='word_1_791' title='bbox 1453 5323 1526 5372; x_wconf 85' lang='lat' dir='ltr'><strong>Iv,</strong></span> <span class='ocrx_word' id='word_1_792' title='bbox 1557 5309 1612 5363; x_wconf 72' lang='lat'><em>6.</em></span> 
     </span>
    </p>
   </div>
   <div class='ocr_carea' id='block_1_100' title="bbox 668 5378 1508 5448">
    <p class='ocr_par' dir='ltr' id='par_1_100' title="bbox 668 5378 1508 5448">
     <span class='ocr_line' id='line_1_101' title="bbox 668 5378 1508 5448; baseline -0.005 -14"><span class='ocrx_word' id='word_1_793' title='bbox 668 5379 780 5448; x_wconf 89' lang='lat'><strong>(99)</strong></span> <span class='ocrx_word' id='word_1_794' title='bbox 820 5379 924 5443; x_wconf 79' lang='lat' dir='ltr'><strong>Qui</strong></span> <span class='ocrx_word' id='word_1_795' title='bbox 944 5383 1098 5433; x_wconf 84' lang='lat' dir='ltr'><strong>venit.</strong></span> <span class='ocrx_word' id='word_1_796' title='bbox 1131 5378 1285 5433; x_wconf 81' lang='lat' dir='ltr'><strong>Joan.</strong></span> <span class='ocrx_word' id='word_1_797' title='bbox 1320 5395 1392 5442; x_wconf 87' lang='lat' dir='ltr'><strong>vt,</strong></span> <span class='ocrx_word' id='word_1_798' title='bbox 1420 5379 1508 5432; x_wconf 81' lang='grc'>55.</span> 
     </span>
    </p>
   </div>
   <div class='ocr_carea' id='block_1_101' title="bbox 666 5449 1906 5521">
    <p class='ocr_par' dir='ltr' id='par_1_101' title="bbox 666 5449 1906 5521">
     <span class='ocr_line' id='line_1_102' title="bbox 666 5449 1906 5521; baseline 0.001 -20"><span class='ocrx_word' id='word_1_799' title='bbox 666 5449 740 5521; x_wconf 87' lang='lat' dir='ltr'><strong>(l)</strong></span> <span class='ocrx_word' id='word_1_800' title='bbox 784 5449 1013 5521; x_wconf 58' lang='lat' dir='ltr'><strong>qurict.</strong></span> <span class='ocrx_word' id='word_1_801' title='bbox 1048 5451 1248 5521; x_wconf 71' lang='lat' dir='ltr'><strong>(_Jodex,</strong></span> <span class='ocrx_word' id='word_1_802' title='bbox 1275 5450 1502 5521; x_wconf 76' lang='grc' dir='ltr'>πεινήσῃ</span> <span class='ocrx_word' id='word_1_803' title='bbox 1536 5465 1630 5518; x_wconf 91' lang='lat' dir='ltr'><strong>pro</strong></span> <span class='ocrx_word' id='word_1_804' title='bbox 1658 5450 1906 5521; x_wconf 78' lang='grc' dir='ltr'>πεινάσῃ.</span> 
     </span>
    </p>
   </div>
   <div class='ocr_carea' id='block_1_102' title="bbox 629 5517 2157 5599">
    <p class='ocr_par' dir='ltr' id='par_1_102' title="bbox 629 5517 2157 5599">
     <span class='ocr_line' id='line_1_103' title="bbox 629 5517 2157 5599; baseline 0.002 -29"><span class='ocrx_word' id='word_1_805' title='bbox 629 5517 745 5599; x_wconf 43' lang='lat'><strong>&#39;(2)</strong></span> <span class='ocrx_word' id='word_1_806' title='bbox 786 5517 1010 5572; x_wconf 68' lang='lat' dir='ltr'><strong>Educet.</strong></span> <span class='ocrx_word' id='word_1_807' title='bbox 1042 5517 1177 5573; x_wconf 86' lang='lat' dir='ltr'><strong>Gen.</strong></span> <span class='ocrx_word' id='word_1_808' title='bbox 1210 5533 1250 5582; x_wconf 87' lang='grc' dir='ltr'><strong>ι,</strong></span> <span class='ocrx_word' id='word_1_809' title='bbox 1290 5518 1375 5573; x_wconf 75' lang='grc'><strong>12.</strong></span> <span class='ocrx_word' id='word_1_810' title='bbox 1420 5517 1646 5574; x_wconf 63' lang='lat' dir='ltr'><strong>sensum</strong></span> <span class='ocrx_word' id='word_1_811' title='bbox 1681 5517 2157 5575; x_wconf 61' lang='lat' dir='ltr'><strong>tatnen&quot;dttntaxat</strong></span> 
     </span>
    </p>
   </div>
   <div class='ocr_carea' id='block_1_103' title="bbox 593 5598 2156 5727">
    <p class='ocr_par' dir='ltr' id='par_1_103' title="bbox 593 5598 2156 5727">
     <span class='ocr_line' id='line_1_104' title="bbox 593 5598 2156 5727; baseline 0.002 -16"><span class='ocrx_word' id='word_1_812' title='bbox 593 5598 744 5727; x_wconf 56' lang='grc' dir='ltr'><strong>ωε)</strong></span> <span class='ocrx_word' id='word_1_813' title='bbox 781 5655 964 5712; x_wconf 77' lang='lat' dir='ltr'><strong>Sciens</strong></span> <span class='ocrx_word' id='word_1_814' title='bbox 1001 5655 1262 5712; x_wconf 74' lang='lat' dir='ltr'><strong>Christus.</strong></span> <span class='ocrx_word' id='word_1_815' title='bbox 1284 5655 1440 5713; x_wconf 78' lang='lat' dir='ltr'><strong>Joan.</strong></span> <span class='ocrx_word' id='word_1_816' title='bbox 1471 5673 1580 5724; x_wconf 77' lang='lat' dir='ltr'><strong>six,</strong></span> <span class='ocrx_word' id='word_1_817' title='bbox 1629 5657 1719 5712; x_wconf 74' lang='lat'><strong>28.</strong></span> <span class='ocrx_word' id='word_1_818' title='bbox 1755 5657 1920 5715; x_wconf 82' lang='lat' dir='ltr'><strong>Biblia</strong></span> <span class='ocrx_word' id='word_1_819' title='bbox 1957 5660 2156 5715; x_wconf 83' lang='lat' dir='ltr'><strong>habent</strong></span> 
     </span>
    </p>
   </div>
   <div class='ocr_carea' id='block_1_104' title="bbox 2271 4598 3822 4673">
    <p class='ocr_par' dir='ltr' id='par_1_104' title="bbox 2271 4598 3822 4673">
     <span class='ocr_line' id='line_1_105' title="bbox 2271 4598 3822 4673; baseline -0.005 -19"><span class='ocrx_word' id='word_1_820' title='bbox 2271 4601 2345 4664; x_wconf 83' lang='grc' dir='ltr'><strong>ὡς</strong></span> <span class='ocrx_word' id='word_1_821' title='bbox 2401 4603 2638 4672; x_wconf 87' lang='grc' dir='ltr'>κάμπτει</span> <span class='ocrx_word' id='word_1_822' title='bbox 2683 4601 2830 4672; x_wconf 81' lang='grc' dir='ltr'>αύτῷ</span> <span class='ocrx_word' id='word_1_823' title='bbox 2874 4603 2980 4654; x_wconf 74' lang='grc' dir='ltr'><strong>πᾶν</strong></span> <span class='ocrx_word' id='word_1_824' title='bbox 3011 4602 3138 4669; x_wconf 81' lang='grc' dir='ltr'>γόνυ</span> <span class='ocrx_word' id='word_1_825' title='bbox 3179 4602 3560 4673; x_wconf 77' lang='grc' dir='ltr'>ἐπουρανίων,</span> <span class='ocrx_word' id='word_1_826' title='bbox 3609 4601 3694 4652; x_wconf 79' lang='grc' dir='ltr'><strong>καὶ</strong></span> <span class='ocrx_word' id='word_1_827' title='bbox 3726 4598 3822 4647; x_wconf 66' lang='grc' dir='ltr'>ἐπει</span> 
     </span>
    </p>
   </div>
   <div class='ocr_carea' id='block_1_105' title="bbox 2270 4687 3820 4766">
    <p class='ocr_par' dir='ltr' id='par_1_105' title="bbox 2270 4687 3820 4766">
     <span class='ocr_line' id='line_1_106' title="bbox 2270 4687 3820 4766; baseline 0.003 -23"><span class='ocrx_word' id='word_1_828' title='bbox 2270 4692 2452 4760; x_wconf 86' lang='grc' dir='ltr'>γείων,</span> <span class='ocrx_word' id='word_1_829' title='bbox 2485 4693 2577 4747; x_wconf 71' lang='grc' dir='ltr'>καὶ</span> <span class='ocrx_word' id='word_1_830' title='bbox 2627 4693 3020 4762; x_wconf 88' lang='grc' dir='ltr'>καταχθονίων,</span> <span class='ocrx_word' id='word_1_831' title='bbox 3061 4693 3158 4744; x_wconf 69' lang='grc' dir='ltr'><strong>καὶ</strong></span> <span class='ocrx_word' id='word_1_832' title='bbox 3203 4693 3283 4745; x_wconf 81' lang='grc' dir='ltr'>ὅτι</span> <span class='ocrx_word' id='word_1_833' title='bbox 3330 4695 3390 4746; x_wconf 82' lang='grc' dir='ltr'>ἐν</span> <span class='ocrx_word' id='word_1_834' title='bbox 3431 4694 3568 4766; x_wconf 79' lang='lat'><strong>[195</strong></span> <span class='ocrx_word' id='word_1_835' title='bbox 3610 4691 3662 4764; x_wconf 68' lang='grc' dir='ltr'><strong>ὁ]</strong></span> <span class='ocrx_word' id='word_1_836' title='bbox 3707 4687 3820 4755; x_wconf 71' lang='grc' dir='ltr'><strong>αὒτῇ</strong></span> 
     </span>
    </p>
   </div>
   <div class='ocr_carea' id='block_1_106' title="bbox 2268 4777 3819 4856">
    <p class='ocr_par' dir='ltr' id='par_1_106' title="bbox 2268 4777 3819 4856">
     <span class='ocr_line' id='line_1_107' title="bbox 2268 4777 3819 4856; baseline 0.001 -22"><span class='ocrx_word' id='word_1_837' title='bbox 2268 4786 2334 4853; x_wconf 79' lang='grc' dir='ltr'>τῇ</span> <span class='ocrx_word' id='word_1_838' title='bbox 2373 4783 2652 4854; x_wconf 77' lang='grc' dir='ltr'>οἰκονομία</span> <span class='ocrx_word' id='word_1_839' title='bbox 2683 4784 3071 4853; x_wconf 82' lang='grc' dir='ltr'>προσελθόντες</span> <span class='ocrx_word' id='word_1_840' title='bbox 3097 4784 3317 4853; x_wconf 79' lang='grc' dir='ltr'>ἄγγελοι</span> <span class='ocrx_word' id='word_1_841' title='bbox 3360 4787 3650 4856; x_wconf 85' lang='grc' dir='ltr'>διηκόνουν</span> <span class='ocrx_word' id='word_1_842' title='bbox 3676 4777 3819 4845; x_wconf 59' lang='grc' dir='ltr'>αὐτῷ,</span> 
     </span>
    </p>
   </div>
   <div class='ocr_carea' id='block_1_107' title="bbox 2268 4963 3094 5035">
    <p class='ocr_par' dir='ltr' id='par_1_107' title="bbox 2268 4963 3094 5035">
     <span class='ocr_line' id='line_1_108' title="bbox 2268 4963 3094 5035; baseline 0.006 -20"><span class='ocrx_word' id='word_1_843' title='bbox 2268 4981 2288 5015; x_wconf 78' lang='lat' dir='ltr'><strong>r</strong></span> <span class='ocrx_word' id='word_1_844' title='bbox 2323 4963 2480 5035; x_wconf 80' lang='lat' dir='ltr'><strong>Jestts</strong></span> <span class='ocrx_word' id='word_1_845' title='bbox 2517 4985 2535 5016; x_wconf 77' lang='grc' dir='ltr'><strong>ι</strong></span> <span class='ocrx_word' id='word_1_846' title='bbox 2577 4981 2673 5035; x_wconf 88' lang='lat' dir='ltr'><strong>pro</strong></span> <span class='ocrx_word' id='word_1_847' title='bbox 2713 4983 2730 5016; x_wconf 78' lang='grc' dir='ltr'>ι</span> <span class='ocrx_word' id='word_1_848' title='bbox 2767 4966 3037 5035; x_wconf 60' lang='lat' dir='ltr'><strong>Christus.</strong></span> <span class='ocrx_word' id='word_1_849' title='bbox 3077 4987 3094 5019; x_wconf 75' lang='grc' dir='ltr'><strong>ι</strong></span> 
     </span>
    </p>
   </div>
   <div class='ocr_carea' id='block_1_108' title="bbox 2333 5033 3815 5108">
    <p class='ocr_par' dir='ltr' id='par_1_108' title="bbox 2333 5033 3815 5108">
     <span class='ocr_line' id='line_1_109' title="bbox 2333 5033 3815 5108; baseline -0.013 2"><span class='ocrx_word' id='word_1_850' title='bbox 2333 5033 2412 5108; x_wconf 59' lang='grc' dir='ltr'>μ)</span> <span class='ocrx_word' id='word_1_851' title='bbox 2456 5033 2727 5108; x_wconf 64' lang='grc' dir='ltr'><strong>Εςιτιιιιπέιε.Δ</strong></span> <span class='ocrx_word' id='word_1_852' title='bbox 2765 5034 2903 5088; x_wconf 80' lang='lat' dir='ltr'><strong>Psal.</strong></span> <span class='ocrx_word' id='word_1_853' title='bbox 2959 5054 3109 5097; x_wconf 73' lang='lat' dir='ltr'><strong>sun.</strong></span> <span class='ocrx_word' id='word_1_854' title='bbox 3162 5037 3232 5090; x_wconf 75' lang='grc'>25</span> <span class='ocrx_word' id='word_1_855' title='bbox 3288 5040 3405 5108; x_wconf 64' lang='lat' dir='ltr'><strong>(seu</strong></span> <span class='ocrx_word' id='word_1_856' title='bbox 3473 5041 3590 5108; x_wconf 73' lang='lat'><strong>23).</strong></span> <span class='ocrx_word' id='word_1_857' title='bbox 3653 5037 3815 5091; x_wconf 63' lang='lat' dir='ltr'><strong>Grates</strong></span> 
     </span>
    </p>
   </div>
   <div class='ocr_carea' id='block_1_109' title="bbox 2257 5101 3818 5175">
    <p class='ocr_par' dir='ltr' id='par_1_109' title="bbox 2257 5101 3818 5175">
     <span class='ocr_line' id='line_1_110' title="bbox 2257 5101 3818 5175; baseline 0.004 -19"><span class='ocrx_word' id='word_1_858' title='bbox 2257 5104 2420 5175; x_wconf 72' lang='lat' dir='ltr'><strong>editio</strong></span> <span class='ocrx_word' id='word_1_859' title='bbox 2453 5125 2466 5158; x_wconf 89' lang='lat'><strong>:</strong></span> <span class='ocrx_word' id='word_1_860' title='bbox 2502 5106 2589 5158; x_wconf 84' lang='grc' dir='ltr'>ἶνα</span> <span class='ocrx_word' id='word_1_861' title='bbox 2612 5101 2664 5157; x_wconf 80' lang='grc' dir='ltr'><strong>τί</strong></span> <span class='ocrx_word' id='word_1_862' title='bbox 2707 5106 2912 5173; x_wconf 74' lang='grc' dir='ltr'>ύπνοίς,</span> <span class='ocrx_word' id='word_1_863' title='bbox 2948 5108 2997 5160; x_wconf 92' lang='lat' dir='ltr'><strong>id</strong></span> <span class='ocrx_word' id='word_1_864' title='bbox 3025 5120 3128 5167; x_wconf 78' lang='lat' dir='ltr'><strong>est.</strong></span> <span class='ocrx_word' id='word_1_865' title='bbox 3160 5127 3176 5159; x_wconf 82' lang='grc' dir='ltr'><strong>ι</strong></span> <span class='ocrx_word' id='word_1_866' title='bbox 3217 5101 3387 5175; x_wconf 69' lang='lat' dir='ltr'><strong>quare</strong></span> <span class='ocrx_word' id='word_1_867' title='bbox 3422 5101 3652 5166; x_wconf 77' lang='lat' dir='ltr'><strong>dortitis.</strong></span> <span class='ocrx_word' id='word_1_868' title='bbox 3691 5127 3708 5157; x_wconf 74' lang='grc' dir='ltr'><strong>ι</strong></span> <span class='ocrx_word' id='word_1_869' title='bbox 3741 5119 3818 5172; x_wconf 75' lang='lat' dir='ltr'><strong>pm</strong></span> 
     </span>
    </p>
   </div>
   <div class='ocr_carea' id='block_1_110' title="bbox 2256 5172 3816 5248">
    <p class='ocr_par' dir='ltr' id='par_1_110' title="bbox 2256 5172 3816 5248">
     <span class='ocr_line' id='line_1_111' title="bbox 2256 5172 3816 5248; baseline 0.005 -24"><span class='ocrx_word' id='word_1_870' title='bbox 2256 5172 2388 5248; x_wconf 72' lang='grc' dir='ltr'>ᾡςό</span> <span class='ocrx_word' id='word_1_871' title='bbox 2422 5175 2785 5248; x_wconf 41' lang='grc' dir='ltr'>ὑπνῴνηξοιι</span> <span class='ocrx_word' id='word_1_872' title='bbox 2839 5176 2978 5248; x_wconf 67' lang='lat' dir='ltr'><strong>l&#39;sal.</strong></span> <span class='ocrx_word' id='word_1_873' title='bbox 3037 5172 3253 5244; x_wconf 72' lang='lat' dir='ltr'><strong>Lxxvn,</strong></span> <span class='ocrx_word' id='word_1_874' title='bbox 3307 5180 3372 5248; x_wconf 61' lang='grc'><strong>11</strong></span> <span class='ocrx_word' id='word_1_875' title='bbox 3440 5181 3561 5248; x_wconf 75' lang='lat' dir='ltr'><strong>(seu</strong></span> <span class='ocrx_word' id='word_1_876' title='bbox 3618 5179 3704 5245; x_wconf 84' lang='grc'>65)</span> <span class='ocrx_word' id='word_1_877' title='bbox 3757 5175 3816 5225; x_wconf 77' lang='lat' dir='ltr'><strong>le-</strong></span> 
     </span>
    </p>
   </div>
   <div class='ocr_carea' id='block_1_111' title="bbox 2254 5243 3812 5319">
    <p class='ocr_par' dir='ltr' id='par_1_111' title="bbox 2254 5243 3812 5319">
     <span class='ocr_line' id='line_1_112' title="bbox 2254 5243 3812 5319; baseline 0.004 -24"><span class='ocrx_word' id='word_1_878' title='bbox 2254 5244 2398 5310; x_wconf 77' lang='lat' dir='ltr'><strong>gitur</strong></span> <span class='ocrx_word' id='word_1_879' title='bbox 2446 5263 2458 5298; x_wconf 91' lang='lat'><strong>:</strong></span> <span class='ocrx_word' id='word_1_880' title='bbox 2501 5243 2800 5319; x_wconf 69' lang='grc' dir='ltr'>ἐξηγέρθη.</span> <span class='ocrx_word' id='word_1_881' title='bbox 2852 5245 2926 5319; x_wconf 76' lang='grc' dir='ltr'>ᾡς</span> <span class='ocrx_word' id='word_1_882' title='bbox 2977 5249 3008 5319; x_wconf 84' lang='lat'><strong>6</strong></span> <span class='ocrx_word' id='word_1_883' title='bbox 3057 5243 3245 5319; x_wconf 77' lang='grc' dir='ltr'>ὑπνῶν</span> <span class='ocrx_word' id='word_1_884' title='bbox 3303 5243 3552 5319; x_wconf 79' lang='grc' dir='ltr'>Κύριος,</span> <span class='ocrx_word' id='word_1_885' title='bbox 3617 5243 3812 5302; x_wconf 70' lang='grc' dir='ltr'>ἱιίἐειι</span> 
     </span>
    </p>
   </div>
   <div class='ocr_carea' id='block_1_112' title="bbox 2258 5316 3515 5378">
    <p class='ocr_par' dir='ltr' id='par_1_112' title="bbox 2258 5316 3515 5378">
     <span class='ocr_line' id='line_1_113' title="bbox 2258 5316 3515 5378; baseline 0.003 -13"><span class='ocrx_word' id='word_1_886' title='bbox 2258 5328 2277 5360; x_wconf 73' lang='grc' dir='ltr'><strong>ι</strong></span> <span class='ocrx_word' id='word_1_887' title='bbox 2307 5320 2632 5375; x_wconf 68' lang='lat' dir='ltr'><strong>exsurrexit.</strong></span> <span class='ocrx_word' id='word_1_888' title='bbox 2668 5316 2810 5369; x_wconf 87' lang='lat' dir='ltr'><strong>velut</strong></span> <span class='ocrx_word' id='word_1_889' title='bbox 2842 5317 3136 5378; x_wconf 88' lang='lat' dir='ltr'><strong>dormiens,</strong></span> <span class='ocrx_word' id='word_1_890' title='bbox 3175 5316 3457 5372; x_wconf 78' lang='lat' dir='ltr'><strong>Dominus.</strong></span> <span class='ocrx_word' id='word_1_891' title='bbox 3495 5337 3515 5369; x_wconf 74' lang='grc' dir='ltr'><strong>ι</strong></span> 
     </span>
    </p>
   </div>
   <div class='ocr_carea' id='block_1_113' title="bbox 2252 5382 3813 5504">
    <p class='ocr_par' dir='ltr' id='par_1_113' title="bbox 2252 5382 3813 5504">
     <span class='ocr_line' id='line_1_114' title="bbox 2252 5382 3813 5504; baseline 0 -68"><span class='ocrx_word' id='word_1_892' title='bbox 2252 5382 2660 5504; x_wconf 39' lang='lat' dir='ltr'><strong>“(aeginium</strong></span> <span class='ocrx_word' id='word_1_893' title='bbox 2703 5385 2778 5436; x_wconf 85' lang='lat' dir='ltr'><strong>rei</strong></span> <span class='ocrx_word' id='word_1_894' title='bbox 2817 5385 3046 5456; x_wconf 80' lang='lat' dir='ltr'><strong>indigus.</strong></span> <span class='ocrx_word' id='word_1_895' title='bbox 3082 5387 3286 5453; x_wconf 74' lang='lat' dir='ltr'><strong>Codex,</strong></span> <span class='ocrx_word' id='word_1_896' title='bbox 3317 5387 3536 5459; x_wconf 78' lang='grc' dir='ltr'>ἐνδεής.</span> <span class='ocrx_word' id='word_1_897' title='bbox 3583 5384 3687 5442; x_wconf 77' lang='lat' dir='ltr'><strong>Sed</strong></span> <span class='ocrx_word' id='word_1_898' title='bbox 3715 5391 3813 5450; x_wconf 61' lang='lat' dir='ltr'><strong>lego</strong></span> 
     </span>
    </p>
   </div>
   <div class='ocr_carea' id='block_1_114' title="bbox 2290 5468 2522 5518">
    <p class='ocr_par' dir='ltr' id='par_1_114' title="bbox 2290 5468 2522 5518">
     <span class='ocr_line' id='line_1_115' title="bbox 2290 5468 2522 5518; baseline 0.004 -13"><span class='ocrx_word' id='word_1_899' title='bbox 2290 5468 2522 5518; x_wconf 82' lang='grc' dir='ltr'>νενοεης.</span> 
     </span>
    </p>
   </div>
   <div class='ocr_carea' id='block_1_115' title="bbox 2323 5522 3018 5594">
    <p class='ocr_par' dir='ltr' id='par_1_115' title="bbox 2323 5522 3018 5594">
     <span class='ocr_line' id='line_1_116' title="bbox 2323 5522 3018 5594; baseline 0.004 -18"><span class='ocrx_word' id='word_1_900' title='bbox 2323 5522 2402 5592; x_wconf 89' lang='grc'>(6)</span> <span class='ocrx_word' id='word_1_901' title='bbox 2442 5522 2613 5594; x_wconf 64' lang='lat' dir='ltr'><strong>Dives.</strong></span> <span class='ocrx_word' id='word_1_902' title='bbox 2650 5525 2842 5594; x_wconf 85' lang='lat' dir='ltr'><strong>Ephes.</strong></span> <span class='ocrx_word' id='word_1_903' title='bbox 2872 5540 2934 5586; x_wconf 82' lang='lat' dir='ltr'><strong>It.</strong></span> <span class='ocrx_word' id='word_1_904' title='bbox 2963 5525 3018 5579; x_wconf 77' lang='grc'>4.</span> 
     </span>
    </p>
   </div>
   <div class='ocr_carea' id='block_1_116' title="bbox 2327 5591 3116 5664">
    <p class='ocr_par' dir='ltr' id='par_1_116' title="bbox 2327 5591 3116 5664">
     <span class='ocr_line' id='line_1_117' title="bbox 2327 5591 3116 5664; baseline 0.003 -15"><span class='ocrx_word' id='word_1_905' title='bbox 2327 5591 2403 5664; x_wconf 83' lang='lat'><strong>(7)</strong></span> <span class='ocrx_word' id='word_1_906' title='bbox 2442 5591 2510 5650; x_wconf 82' lang='grc' dir='ltr'><em>Ιη</em></span> <span class='ocrx_word' id='word_1_907' title='bbox 2538 5595 2670 5664; x_wconf 78' lang='lat' dir='ltr'><strong>ipso.</strong></span> <span class='ocrx_word' id='word_1_908' title='bbox 2693 5591 2915 5652; x_wconf 42' lang='lat' dir='ltr'><strong>&#39;Coloss.</strong></span> <span class='ocrx_word' id='word_1_909' title='bbox 2958 5611 2999 5663; x_wconf 88' lang='lat' dir='ltr'><strong>I,</strong></span> <span class='ocrx_word' id='word_1_910' title='bbox 3029 5594 3116 5650; x_wconf 78' lang='lat' dir='ltr'><strong>l7.</strong></span> 
     </span>
    </p>
   </div>
  </div>
