4060 6406
284 415 386 471 917

1378 418 1467 473 DE
1506 416 1878 472 TRINITATE
1920 415 2121 472 LIBER
2162 417 2482 475 TERTIUS.

3420 419 3524 477 9t8

285 534 496 605 ἡμέρας
540 531 778 602 ἐκείνης,
821 532 982 604 ἢτῆς
1020 534 1190 605 ὥρας,
1233 532 1406 601 οὐδεὶς
1447 531 1619 602 οἶδεν,
1660 534 1780 587 οὐδὲ
1809 536 1855 586 οἱ

1963 541 2064 588 tem
2102 533 2210 599 illo,
2252 544 2344 587 aut
2385 534 2537 601 hora,
2571 548 2733 588 nemo
2759 533 2938 599 'novit,
2978 550 3151 604 neque
3179 537 3351 606 angeli
3379 543 3518 608 ,ηυξ

283 626 503 694 ἄγγελοι
530 625 579 677 οἱ
606 626 663 679 ἐν
692 623 927 696 οὐρανῷ.
957 625 1079 678 οὐδὲ
1105 628 1133 679 6
1163 626 1309 689 Υἱὸς,
1340 628 1386 679 εί
1422 627 1495 699 μὴ
1520 629 1547 680 6
1577 627 1786 698 Πατὴρ,
1822 646 1840 677 ι

286 714 583 787 θεωροῦσιν
624 715 721 784 οὐχ
761 714 947 782 ὑγιῶς.
998 713 1276 778 Ματθαῖος
1331 714 1459 785 [195
1493 714 1546 785 a]
1604 714 1703 783 μὲν
1749 713 1857 783 γὰρ

285 804 392 875 πρὸ
434 803 601 858 αὐτοῦ
649 803 792 856 κατὰ
829 804 938 857 τῶν
982 804 1157 857 ἄλλων
1191 804 1391 870 λέξεων
1436 804 1858 870 ἀπαραλείπτως

284 894 481 959 ἐλθὼν,
530 896 630 948 οὐκ
678 892 830 947 εἶπεν
879 896 969 948 τὸν
1003 896 1132 948 Υῐὸν
1179 897 1427 964 ἀγνοεῖν,
1477 894 1611 949 ἀλλὰ
1663 896 1755 948 καί
1798 895 1857 947 τὸ

286 987 475 1055 σχῆμα
517 985 648 1040 αὐτὸ
707 986 801 1039 τοῦ
843 986 1030 1050 τέλους
1076 987 1274 1041 εἰδέναι
1330 988 1543 1052 ἐξέθετο
1599 987 1854 1040 τοιῶσδε·

289 1096 307 1127 ι
350 1078 574 1147 Περὶ,δέ
616 1078 713 1148 τῆς
745 1079 956 1149 ἡμέρας
988 1080 1222 1150 ἐκείνης,
1261 1080 1293 1150 ἢ
1326 1080 1427 1149 τῆς
1473 1078 1640 1150 ὧρας,
1683 1078 1857 1142 οὐδεὶς

282 1162 590 1228 οἷδεν,οὐδέ
614 1167 899 1235 οἱᾶγγελοι
922 1168 1029 1220 τῶν
1071 1168 1338 1237 οὐρανῶν,
1387 1170 1433 1219 εί
1486 1168 1559 1238 μὴ
1605 1168 1632 1219 6
1669 1168 1857 1238 Πατὴρ

288 1258 472 1327 μόνος.
498 1258 713 1329 Ὠσπερ
740 1259 847 1329 γάρ
876 1261 929 1311 αἱ
967 1258 1170 1329 ἡμέραι
1201 1258 1292 1311 τοῦ
1319 1257 1462 1320 Νῶε,
1496 1257 1669 1319 οὕτως
1705 1257 1856 1311 ἔσται

286 1350 319 1415 ἡ
377 1348 653 1416 παρουσία
695 1347 790 1400 τοῦ
833 1348 961 1401 Υίοῦ
1009 1349 1102 1401 τοῦ
1149 1346 1457 1419 ἀνθρώπου.
1501 1347 1709 1419 Ὥσπερ
1748 1347 1856 1418 γὰρ

282 1431 427 1504 ἦσαν
473 1437 531 1487 ἐν
576 1438 697 1499 ταῖς
743 1437 979 1508 ἡμέραις
1020 1439 1141 1500 ταῖς
1186 1436 1293 1507 πρὸ
1335 1432 1425 1489 τοῦ
1468 1434 1856 1505 κατακλυσμοῦ

284 1524 615 1595 τρώγοντες,
653 1528 745 1579 καὶ
771 1527 1038 1589 πίνοντες,
1070 1526 1379 1596 γαμοῦντες
1411 1527 1505 1579 καὶ
1535 1525 1859 1596 ἐκγαμίξον-

286 1635 401 1679 τες,
436 1619 563 1687 ἄχρι
594 1614 662 1689 ἧς
687 1620 901 1689 ἡμέρας
935 1618 1186 1687 εἰσῆλθεν
1220 1618 1341 1672 Νῶε
1369 1621 1447 1682 εἰς
1474 1619 1573 1689 τὴν
1604 1619 1854 1683 κιϐωτὸν,

288 1710 388 1761 καὶ
416 1709 516 1760 οὐκ
553 1708 821 1777 ἔγνωσαν,
862 1711 967 1773 ἓως
1002 1709 1238 1779 ἐπῆλθεν
1271 1713 1298 1763 6
1330 1711 1732 1781 κατακλυσμὸς,
1765 1710 1857 1763 καὶ

286 1794 422 1866 ἦρεν
455 1798 662 1861 πάντας
682 1815 695 1828 ο
722 1798 891 1861 οὕτως
926 1799 1079 1852 ἔσται
1107 1802 1200 1853 καὶ
1234 1802 1266 1870 ἡ
1305 1801 1572 1871 παρουσία
1605 1800 1699 1853 τοῦ
1728 1799 1855 1852 Υίοῦ

284 1889 382 1941 τοῦ
435 1889 746 1959 ἀνθρώπου.
790 1909 810 1943 ι
854 1892 916 1943 Ol
966 1886 1060 1944 οὖν
1111 1891 1261 1945 ἄλλοι
1311 1893 1691 1959 εὐαγγελισταὶ
1739 1892 1857 1945 οὐδὲ
1888 1879 1930 1934 Β

284 1981 425 2043 ὅλως
450 1982 859 2051 ἐμνημόνευσαν
901 1982 1125 2035 τούτου·
1175 1982 1311 2035 ἀλλὰ
1341 1984 1478 2036 κατὰ
1517 1982 1719 2055 ταύτης
1759 1984 1855 2054 τῆς

284 2075 572 2143 αἱρετικῆς
616 2072 983 2138 ἐναντιώσεως
1032 2074 1186 2127 λύσιν
1217 2075 1492 2144 παρέσχον
1532 2076 1582 2126 οἱ
1624 2075 1845 2128 ἀπόστο-

282 2164 389 2225 λοι,
439 2165 499 2216 ἐν
539 2165 617 2234 τῷ
658 2165 799 2218 κατὰ
849 2166 1099 2235 Ἰωάννην
1144 2166 1459 2234 Εὐαγγελίῳ
1505 2165 1733 2235 φάμενοι
1768 2164 1858 2217 οὖ-

282 2269 427 2315 τωςο
461 2272 479 2302 ι
532 2254 643 2305 Νῦν
687 2255 932 2323 οἴδαμεν,
978 2257 1060 2307 ὅτι
1103 2255 1279 2307 πάντα
1322 2249 1499 2316 οἶδας·
1533 2274 1551 2306 ι
1588 2253 1703 2317 ἆτε,
1755 2271 1858 2325 φη-

286 2346 399 2405 σὶν,
426 2343 555 2406 Υἱὸς
582 2343 754 2411 Λόγος
793 2345 887 2398 τοῦ
918 2345 1075 2407 Θεοῦ,
1106 2346 1173 2397 δι’
1208 2338 1267 2397 οὗ
1302 2344 1368 2397 τά
1402 2344 1854 2411 πάντα·ἐγένετο’

284 2436 345 2499 ἐξ
378 2428 453 2488 ὧν
491 2435 708 2488 πάντων
744 2436 891 2488 ἐστὶν
926 2436 1019 2487 καὶ
1056 2437 1087 2505 ἡ
1134 2435 1337 2506 ἐσχάτη
1375 2436 1576 2507 ἡμέρα.
1610 2435 1720 2488 Καὶ
1754 2435 1858 2508 χρὴ

283 2526 343 2579 δὲ
380 2525 455 2596 μὴ
489 2526 837 2596 καθηκόντως
869 2525 1233 2596 ἐκλαμϐάνειν
1265 2526 1325 2578 τὸ
1354 2526 1730 2597 προνοητικῶς
1761 2527 1859 2598 ἀρ-

285 2617 472 2687 νηθέν.
509 2618 778 2688 Καθάπερ
808 2618 915 2688 γὰρ
951 2618 1016 2670 δι’
1044 2619 1192 2687 ἡμᾶς
1228 2618 1401 2670 εἵλετο
1433 2619 1645 2689 μορφὴν
1672 2618 1858 2672 δούλου

285 2708 471 2759 λαϐεῖν
494 2746 508 2771 ,
545 2705 689 2760 οὕτω
741 2709 833 2759 καὶ
864 2707 924 2760 τὸ
972 2708 1177 2770 εἰπεῖν,
1214 2707 1295 2761 ὅτι
1328 2710 1532 2777 ἀγνοεῖ.
1581 2712 1861 2783 Φαρμάκῳ

287 2801 400 2871 γὰρ
433 2793 546 2851 οἷον
587 2799 759 2869 τούτῳ
794 2800 1084 2871 ἐχρήσατο,
1123 2799 1210 2852 διὰ
1240 2804 1301 2853 τὸ
1331 2804 1629 2873 συμφέρειν
1666 2808 1732 2875 τῇ
1768 2806 1861 2858 άν-

292 2892 612 2962 θρωπότητι
646 2891 720 2963 μὴ
751 2893 953 2960 γνῶναι
1000 2894 1098 2960 τὴν
1130 2892 1397 2966 ἐρώτησιν
1438 2896 1612 2966 αὐτῆς
1633 2914 1644 2925 ·
1677 2897 1743 2949 ἵν’
1776 2897 1862 2950 ἀεὶ

288 2982 668 3055 προσδοκῶσα,
714 2985 808 3037 καὶ
849 2985 941 3037 ἐπὶ
995 2984 1190 3055 θύραις
1235 2982 1373 3039 εἶναι
1420 2987 1718 3056 νομίζουσα
1762 2988 1863 3056 τῆς

287 3075 529 3146 κρίσεως
560 3075 650 3128 τὸν
680 3076 890 3147 καιρὸν,
925 3075 1139 3149 ἕτοιμος
1176 3077 1404 3147 γένηται
1443 3076 1510 3129 δι’
1556 3077 1731 3148 ἔργων
1769 3081 1863 3132 καὶ⁵

1957 625 2007 678 in
2036 625 2173 680 cmio
2211 634 2357 689 sunt,
2388 641 2559 694 neque
2582 624 2772 689 Filius,
2808 626 2907 680 nisi
2947 624 3127 691 Pater,
3174 646 3191 678 ι
3237 644 3519 698 perperam

1958 718 2399 786 interpretantur.
2442 716 2573 770 Nam
2625 715 2905 771 blatthaans
2939 718 3151 786 quidem
3205 730 3327 771 ante
3378 719 3520 772 Mar-

1959 823 2079 859 cum
2131 807 2250 860 aliis
2311 805 2488 861 verbis
2538 806 2679 882 (24).
2711 807 2953 862 eamdem
3012 823 3120 861 rem
3182 809 3312 862 nihil
3358 811 3521 864 omit-

1960 900 2119 951 tendo
2151 912 2398 962 narrans,
2428 911 2532 952 non
2563 897 2720 962 dixit,
2763 897 2957 951 Filium
2988 898 3234 968 ignorare
3269 899 3404 968 (25),
3430 904 3521 957 sed

1959 987 2040 1041 vel
2070 988 2239 1056 ipsum
2274 987 2487 1041 modum
2538 987 3015 1042 consummationis
3042 988 3221 1042 mundi
3256 988 3392 1044 Filio
3428 1006 3521 1043 πο..

1958 1088 2068 1131 tum
2101 1093 2221 1133 esse
2252 1078 2541 1133 ostendens
2572 1079 2641 1131 ita
2668 1094 2787 1130 eum
2813 1079 3059 1148 exposuit
3088 1097 3100 1133 :
3141 1098 3159 1131 ι
3199 1079 3273 1133 De
3297 1081 3381 1135 die
3408 1080 3518 1151 (26)

1958 1176 2135 1221 autem
2178 1167 2286 1225 illa.
2322 1177 2411 1220 aut
2437 1168 2567 1221 hora
2617 1167 2935 1239 (‘27),ncmo
2977 1169 3101 1231 scil,
3134 1185 3308 1238 neque
3347 1171 3519 1237 angeli

1958 1257 2240 1324 cmlorum,
2269 1258 2368 1312 nisi
2397 1255 2560 1310 Pater
2586 1256 2696 1326 (28)
2717 1258 2881 1312 solus.
2913 1257 3063 1312 Sicut
3084 1258 3226 1312 enim
3251 1260 3365 1312 dies
3387 1257 3520 1321 Noe,

1960 1351 2029 1402 ita
2058 1349 2161 1403 erit
2180 1352 2440 1403 adventus
2467 1348 2586 1402 Filii
2619 1348 2872 1403 hominis.
2896 1347 3048 1402 Sicut
3072 1349 3212 1402 enim
3234 1348 3347 1419 (‘29)
3366 1358 3523 1403 erant

1957 1439 2149 1495 diebus
2189 1450 2313 1495 ante
2342 1440 2601 1494 diluvium
2632 1439 2976 1495 comedentes
3016 1450 3071 1493 et
3116 1440 3382 1502 bibentes,
3418 1455 3520 1492 nu-

1958 1532 2150 1586 bentes
2213 1542 2265 1586 et
2315 1533 2501 1601 nuptui
2541 1532 2835 1596 tradentes,
2882 1546 3048 1600 usque
3105 1531 3169 1585 ad
3215 1547 3336 1585 eum
3379 1532 3518 1586 diem

1958 1638 2068 1693 quo
2117 1624 2338 1678 intravit
2377 1624 2487 1679 Noe
2542 1624 2593 1677 in
2642 1638 2847 1686 arcam,
2890 1633 2945 1675 et
2985 1637 3090 1676 non
3134 1632 3520 1691 cognoverunt,

1960 1716 2129 1769 donec
2160 1715 2463 1782 supervenit
2493 1714 2607 1783 (50)
2651 1714 2931 1779 diluvium,
2967 1724 3021 1768 et
3044 1713 3163 1767 tulit
3196 1728 3416 1768 omnes:
3450 1715 3521 1767 ita

1960 1806 2065 1859 erit
2091 1814 2161 1857 et‘
2197 1805 2459 1858 adventus
2514 1803 2636 1857 Filii
2702 1804 2955 1857 hominis.
3019 1822 3039 1855 ι
3096 1804 3285 1857 (ὶιειετί
3342 1814 3521 1857 autem

1958 1894 2298 1965 evangelista:
2338 1896 2496 1963 hujus
2531 1896 2605 1949 rei
2631 1895 2790 1967 ms
2828 1910 2893 1950 ne
2923 1895 3281 1949 meminerunt
3304 1894 3521 1962 quidem

1957 1988 2197 2042 omnino.
2233 1986 2338 2041 Sed
2394 2001 2735 2055 responsum,
2777 2001 2883 2055 quo
2930 1986 3095 2041 hocce
3140 1985 3519 2040 haereticorum

1958 2088 2334 2145 argumentum
2411 2075 2774 2139 solveremus,
2846 2077 2999 2130 nobis
3049 2078 3525 2131 subministrarunt

1959 2164 2211 2232 apostoli,
2251 2165 2343 2234 qui
2388 2164 2439 2218 in
2480 2164 2769 2233 Evangelia
2811 2167 3104 2219 secundum
3152 2165 3408 2219 Joannem
3444 2166 3525 2218 sic

1957 2255 2291 2323 loquuntur:
2349 2273 2368 2307 ε
2411 2254 2563 2309 Nunc
2608 2256 2720 2326 (51)
2757 2256 3126 2326 cognovimus,
3157 2256 3300 2324 quod
3344 2256 3523 2309 omnia

1959 2348 2064 2402 scis
2098 2366 2111 2402 :
2149 2366 2167 2399 ι
2199 2363 2412 2418 nempe,
2464 2358 2733 2417 quatenus
2785 2347 2955 2403 Filius
2986 2347 3224 2401 Verbum
3277 2346 3395 2412 Dei,
3430 2363 3525 2414 per

1961 2454 2119 2508 quem
2148 2440 2326 2493 omnia
2368 2438 2509 2492 facta
2554 2447 2705 2505 sunt;
2747 2438 2799 2492 in
2840 2438 3077 2493 omnium
3123 2448 3298 2491 autem
3344 2453 3522 2491 rerum

1962 2544 2125 2583 censu
2157 2528 2630 2597 comprehenditur
2670 2529 2831 2583 etiam
2880 2528 3101 2582 ultimus
3142 2527 3275 2581 dies.
3320 2526 3526 2581 Cnnve-

1961 2621 2127 2675 nienti
2158 2631 2335 2674 autem
2362 2619 2473 2691 (52)
2505 2636 2665 2676 sensu
2714 2620 3056 2691 interpretari
3105 2621 3338 2689 oportet,
3386 2618 3527 2687 quod

1960 2712 2179 2783 provide
2212 2728 2241 2766 a
2271 2712 2488 2767 Christo
2539 2722 2787 2783 negatum
2837 2721 2938 2767 est.
2992 2711 3127 2766 Nam
3182 2711 3529 2781 quemadmo-

1962 2804 2089 2857 dum
2118 2812 2337 2873 propter
2368 2819 2463 2858 nos
2492 2802 2717 2858 formam
2742 2805 2881 2859 servi
2909 2804 3154 2874 accipere
3194 2803 3357 2856 voluit
3390 2800 3525 2871 (33),

1963 2895 2043 2951 sic
2067 2895 2228 2950 etiam
2254 2895 2433 2949 dicere
2478 2894 2650 2950 voluit
2707 2909 2767 2950 se
2815 2896 3059 2959 nescire;
3092 2895 3192 2948 hoc
3244 2894 3387 2947 enim
3418 2892 3530 2945 vet-

1962 2987 2038 3040 uti
2085 2987 2378 3057 pharmaco
2413 3002 2541 3041 usus
2573 2995 2676 3053 est,
2725 2986 2848 3056 quia
2880 2987 3098 3055 prodest
3124 2983 3441 3038 humanitati
3478 2984 3531 3036 id

1964 3077 2192 3142 nescire,
2226 3076 2289 3131 de
2315 3090 2419 3144 quo
2463 3076 2573 3145 ipsa
2616 3076 2950 3145 interrogat:
2995 3086 3052 3130 ut
3091 3091 3305 3145 semper
3334 3090 3528 3145 exspe-

287 3167 531 3231 πέστεως
560 3169 638 3231 είς
688 3169 748 3221 τὸ
782 3168 1041 3239 σωθῆναι.
1076 3170 1211 3222 Οὐδὲ
1246 3170 1353 3241 γάρ
1376 3168 1566 3223 ἔλαθεν
1595 3170 1860 3242 δημιουρ-

1966 3177 2139 3233 ctans,
2166 3175 2221 3223 et
2252 3167 2303 3221 in
2332 3166 2514 3236 januis
2549 3182 2673 3223 esse
2713 3177 2903 3238 putans
2936 3167 3122 3238 judicii
3167 3178 3397 3238 tempus,
3430 3181 3527 3235 per

288 3261 469 3329 γήσας
516 3260 733 3333 χρόνον,
777 3260 836 3313 ὃν
866 3261 965 3314 οὐκ
1005 3262 1304 3330 ἠπίστατο·
1336 3262 1446 3315 οὐδ’
1496 3258 1562 3315 αὖ
1594 3263 1858 3333 ἠγνόησεν

286 3353 394 3421 τὴν
425 3350 623 3403 ἐαυτοῦ
648 3350 905 3421 δευτέραν
934 3351 1061 3423 [195
1099 3352 1152 3425 b]
1174 3344 1175 3347 6
1198 3354 1519 3424 παρουσίαν,
1550 3353 1579 3404 6
1605 3352 1680 3405 ὢν
1703 3355 1760 3405 ἐν
1785 3352 1863 3424 τῷ

289 3440 494 3511 Πατρὶ,
527 3440 621 3494 καὶ
667 3440 756 3494 τὸν
790 3442 1010 3513 Πατέρα
1044 3442 1183 3513 ἔχων
1232 3445 1290 3496 ἐν
1340 3442 1549 3513 ἐαυτῷυ
1590 3443 1749 3513 δῆλον
1792 3443 1860 3508 δ’,

290 3532 377 3584 ὅτι
410 3532 508 3584 σὺν
545 3535 611 3603 τῇ
644 3532 848 3603 είδήσει
876 3550 889 3564 ·
921 3535 970 3585 εί
1002 3534 1109 3605 γάρ
1146 3536 1203 3587 ἐν
1236 3535 1382 3606 αὐτῷ
1418 3538 1565 3587 ἐστιν
1590 3536 1618 3586 6
1652 3535 1862 3605 Πατὴρ,

290 3625 320 3675 6
353 3623 533 3676 πάντα
562 3622 753 3685 εἰδὼς,
784 3619 922 3677 οἶδεν
948 3624 1042 3677 καὶ
1072 3625 1252 3689 αὐτὸς,
1285 3629 1313 3679 6
1342 3627 1519 3679 πάντα
1555 3625 1777 3697 θεωρῶν
1804 3628 1863 3679 ἐν

289 3714 374 3779 τῷ
409 3713 602 3784 Πατρί.
639 3713 765 3777 Πῶς
814 3713 925 3784 γὰρ
958 3713 1024 3767 ἂν
1071 3715 1165 3769 καὶ
1208 3716 1283 3787 μὴ
1334 3715 1537 3786 βλέποι»
1574 3718 1603 3769 ὁ
1644 3716 1703 3769 τὸ
1750 3715 1864 3784 φῶς

289 3806 434 3875 ἔχων
467 3806 525 3858 ἐν
564 3806 762 3877 ἐαυτῷ,
793 3808 821 3858 6
856 3805 1031 3886 στάντα
1070 3807 1149 3869 είς
1188 3806 1339 3871 τάξιν
1386 3808 1477 3859 καὶ
1509 3807 1864 3877 διακόσμησιν

291 3894 541 3965 ἀγαγὼν,
582 3898 611 3949 6
646 3898 823 3951 πάντα
863 3895 1015 3959 εἰδὼς
1049 3896 1153 3967 πρὸ
1200 3896 1464 3964 γενέσεως
1494 3896 1691 3960 αὐτῶν,
1722 3899 1750 3950 6
1781 3897 1867 3967 δη-

294 3988 564 4059 μιουργὸς
592 3988 699 4042 τῶν
724 3989 950 4060 χρόνων,
979 3990 1007 4040 6
1035 3990 1128 4042 καὶ
1155 3989 1301 4059 ὃριον
1328 3989 1549 4059 θέμενος
1573 3992 1638 4059 τῇ
1667 3989 1863 4054 κτίσει,

290 4078 395 4130 καὶ
423 4078 485 4130 τὸ
516 4080 679 4131 ποσὸν
716 4079 822 4131 τῶν
852 4077 1072 4148 ἡμερῶν
1113 4078 1399 4146 παγιώσας
1425 4079 1526 4148 τῆς
1559 4080 1864 4144 συστάσεως

289 4170 492 4240 αὐτῆς,
535 4172 630 4223 καὶ
655 4168 823 4222 εἰπών
844 4184 858 4199 ⁸
908 4190 926 4221 ‹
986 4170 1071 4234 Ὣς
1101 4170 1341 4241 κλέπτης
1364 4173 1419 4224 ἐν
1467 4172 1621 4224 νυκτὶ
1651 4170 1867 4244 ἔρχεται

290 4264 329 4332 ἠ
394 4261 683 4315 τελευταία
729 4260 937 4332 ἡμέρασ
977 4281 995 4314 t
1033 4263 1127 4315 καὶ
1162 4262 1349 4316 πάλιν
1388 4280 1406 4314 ι
1453 4264 1565 4316 Οὐκ
1623 4262 1773 4317 ἔσται
1809 4266 1867 4317 ἐν

291 4356 481 4417 νυκτὶ,
525 4355 611 4406 ἵνα
643 4355 676 4424 ἡ
706 4354 887 4426 ἡμέρα
924 4354 980 4407 ἐν
1024 4354 1213 4424 σκοτίᾳ
1250 4356 1392 4425 ὑμᾶς
1430 4354 1739 4428 καταλάϐῃ·
1780 4373 1799 4405 ι
1841 4356 1869 4408 6

292 4446 396 4501 καὶ
443 4445 514 4499 τὰ
567 4446 802 4516 ἐσόμενα
852 4448 1053 4516 σημεῖα
1114 4446 1243 4516 περὶ
1294 4446 1501 4500 ἐκεῖνον
1537 4447 1629 4500 τὸν
1679 4446 1868 4518 καιρὸν

1962 3275 2149 3329 opera,
2198 3269 2253 3314 et
2302 3275 2397 3331 per
2446 3261 2605 3316 ﬁdem
2643 3268 2829 3331 parata
2885 3269 3119 3324 maneat,
3166 3269 3223 3313 ut
3268 3263 3526 3313 salvetur.

1962 3351 2071 3406 Nec
2116 3352 2259 3406 enim
2303 3353 2617 3423 imprudens
2658 3351 2899 3407 condidit
2946 3352 3060 3421 ipse
3112 3350 3238 3404 illud
3298 3360 3526 3417 tempus.

1961 3444 2105 3512 quod
2145 3442 2414 3506 nesciret,
2463 3455 2637 3511 neque
2680 3451 2940 3510 praeterea
2982 3441 3207 3494 alterum
3238 3454 3390 3492 suum
3439 3438 3532 3491 ad-

1964 3544 2183 3591 ventum
2215 3535 2484 3602 ignoravit
2513 3534 2557 3587 is
2587 3534 2676 3602 qui
2705 3542 2758 3587 et
2797 3542 2881 3587 est
2922 3532 2974 3585 in
3004 3530 3184 3593 Patro,
3231 3539 3283 3583 et
3316 3527 3531 3581 Patren

1964 3628 2127 3681 habet
2157 3627 2209 3679 in
2241 3625 2531 3694 semetipso
2560 3642 2574 3677 :
2629 3623 2771 3677 haud
2814 3622 3033 3677 dubium
3064 3636 3192 3675 vero
3231 3620 3359 3688 quin
3409 3632 3534 3672 eum

1962 3718 2157 3772 habeat
2184 3731 2307 3771 cum
2355 3715 2661 3784 cognitione
2695 3727 2854 3783 quam
2889 3711 3051 3766 habet
3077 3709 3255 3763 Pater.
3301 3709 3357 3762 Si
3390 3708 3531 3761 enim

1967 3810 2017 3862 in
2049 3809 2162 3877 ipso
2195 3817 2278 3861 est
2318 3805 2478 3859 Pater
2507 3805 2597 3874 qui
2635 3804 2814 3859 omnia
2846 3803 2970 3868 scit,
3029 3804 3176 3856 novit
3218 3802 3270 3853 id
3331 3812 3384 3856 et
3419 3800 3534 3868 ipse

1966 3899 2056 3969 qui
2102 3901 2284 3952 omnia
2313 3894 2710 3963 contemplatur
2744 3896 2795 3948 in
2848 3892 3037 3947 Patre.
3071 3891 3348 3957 Quomodo
3388 3894 3531 3946 etaim

1967 4005 2069 4043 non
2104 3988 2296 4043 videat'
2328 3988 2374 4041 is
2414 3986 2503 4056 qui
2547 3986 2718 4039 lucem
2761 3984 2920 4037 habet
2970 3982 3021 4037 in
3067 3982 3393 4049 semetipso;
3443 3984 3533 4049 qui

1967 4083 2147 4135 munia
2194 4080 2247 4134 in
2291 4078 2535 4133 ordinem
2574 4075 2800 4145 redegit,
2834 4083 2887 4129 et
2916 4073 3170 4137 ornavit;
3220 4071 3308 4139 qui
3355 4072 3535 4123 omnia

1968 4171 2073 4225 scit
2098 4178 2382 4239 antequam
2406 4168 2684 4232 oriantur;
2719 4164 2811 4235 qui
2840 4174 2923 4219 est
2944 4172 3157 4218 creatur
3190 4170 3489 4228 temporum
3518 4175 3532 4224 ;

1968 4262 2058 4328 qui
2088 4272 2142 4317 et
2175 4260 2465 4314 terminum
2493 4258 2671 4328 posuit
2703 4266 2986 4321 creaturae,
3020 4263 3072 4308 et
3104 4267 3386 4306 numerum
3426 4250 3539 4302 die~

1969 4366 2086 4405 rum
2142 4348 2418 4412 stabilivit,
2470 4348 2663 4415 quibus
2716 4346 2885 4415 ipsius
2930 4355 3190 4398 creatura:
3226 4340 3537 4395 constitutio

1972 4453 2383 4515 perseveratum
2416 4456 2497 4497 εει
2526 4461 2541 4508 ;
2571 4441 2771 4511 quique
2815 4441 2952 4495 dixit
2985 4459 2999 4495 :
3036 4457 3053 4489 ι
3096 4439 3249 4493 Sicut
3296 4437 3408 4506 (54)
3452 4435 3539 4488 tur

292 4536 672 4609 προειρηκὼς,
706 4538 800 4589 καὶ
836 4537 1046 4607 μέλλων
1090 4537 1306 4607 ἐκείνην
1345 4537 1514 4608 αὐτὴν
1556 4537 1862 4591 ἀνατέλλειν

1974 4540 2025 4591 in
2073 4545 2247 4595 nocte,
2297 4536 2444 4589 venit
2488 4534 2675 4588 ultima
2725 4534 2871 4598 dies;
2909 4550 2928 4583 ι
2970 4540 3023 4586 et
3076 4545 3303 4585 rursus:
3347 4548 3364 4579 ι
3417 4527 3533 4581 Non

292 4633 401 4702 τὴν
444 4630 681 4702 φοϐερὰν
712 4630 805 4683 καὶ
842 4629 1140 4703 ἁνέσπερον
1168 4630 1402 4701 ἡμέραν,
1432 4631 1459 4682 6
1488 4630 1579 4683 καὶ
1606 4630 1707 4699 τῆς
1743 4629 1864 4702 κρί-

374 4816 489 4887 (ει)
529 4818 662 4872 Aliis
701 4819 885 4871 verbis.
933 4816 1109 4872 Codex
1156 4819 1257 4872 hoc
1283 4819 1334 4873 in
1362 4816 1741 4887 locoaliquod
1787 4817 1868 4868 vi-

298 4885 653 4958 tiumhahet.
691 4888 950 4957 Equidem
975 4889 1091 4958 lego
1123 4888 1264 4942 κατὰ
1291 4888 1400 4940 τῶν
1425 4885 1597 4941 ἄλλων
1627 4901 1726 4955 pro
1775 4888 1870 4939 κα)⁸

295 4958 370 5011 τὰ
395 4957 504 5009 τῶν
529 4957 721 5011 ἄλλων.

376 5028 489 5097 (25)
535 5026 657 5081 Non
694 5028 829 5080 dixit
857 5025 1058 5081 Filium
1087 5029 1351 5097 ignorare.
1384 5024 1742 5097 Hieronymus
1774 5025 1866 5097 lib.

300 5094 805 5161 tv,‘in’Mauhwum
842 5112 957 5167 cap.
1009 5094 1156 5160 xxrv,
1206 5098 1420 5167 deihoc
1468 5094 1602 5167 ἱρεοξ
1639 5094 1870 5167 biatthaei

302 5178 452 5223 textu
501 5168 743 5235 loquens,
780 5165 935 5235 quiem
982 5167 1065 5220 hic
1096 5167 1250 5220 atl‘ert
1279 5166 1553 5234 Didymus,
1584 5166 1695 5219 inec
1738 5165 1873 5219 scri-

301 5241 383 5291 bit
415 5255 428 5289 :
466 5254 486 5286 ‹
523 5237 577 5288 lu
606 5236 923 5297 quibusdam
956 5236 1162 5290 Latinis
1189 5235 1466 5289 codicibus
1490 5236 1727 5288 additum
1766 5241 1867 5298 est,

309 5322 516 5375 tneque
531 5305 749 5369 Filius,»
776 5322 895 5360 cum
923 5308 973 5359 in
990 5306 1208 5367 G‘rtecis,
1235 5315 1288 5358 et
1314 5304 1545 5358 maxime
1564 5306 1867 5359 Adamantii

309 5387 363 5430 et
395 5375 554 5429 i’ierii
603 5376 999 5430 exeinularibus
1043 5377 1146 5430 hoc
1211 5391 1315 5428 non
1374 5376 1639 5427 habeatur
1696 5376 1867 5427 ascri-

302 5389 363 5430 Θῐ
395 5389 554 5429 ΙἺΕΙἹΙ
603 5389 999 5430 εκοιιιυιδτιυυε
1044 5389 1146 5430 IIOC
1211 5391 1315 5428 11011
1374 5389 1639 5427 IlaDeallﬂ'
1696 5389 1867 5427 εδει-ι-

303 5392 363 5430 et
395 5392 554 5429 t'iern
603 5392 999 5443 exemplaribus
1044 5392 1146 5430 ttoc
1211 5392 1315 5428 non
1374 5392 1639 5427 naueatur
1696 5392 1863 5427 ascri-

303 5457 479 5513 ptum.
519 5465 537 5499 ι
576 5444 705 5498 Vide
741 5446 1081 5499 Ambrosium
1110 5446 1181 5499 lib
1206 5459 1238 5497 v
1273 5445 1347 5498 De
1375 5444 1479 5513 ﬁde
1512 5459 1633 5513 cap.
1659 5443 1744 5508 16,
1776 5442 1863 5497 ubi

306 5517 595 5570 haereticos
636 5515 942 5584 redarguit,
972 5516 1113 5583 quod
1161 5529 1356 5584 voces,
1414 5532 1432 5564 ε
1477 5528 1573 5567 nec
1623 5513 1808 5579 Filius,
1846 5532 1868 5565 ι

308 5585 543 5641 Matthxi
575 5586 740 5638 textui
771 5583 1121 5639 addidissent.
1151 5584 1256 5638 Sed
1282 5583 1633 5639 Alexandrini
1660 5584 1874 5640 codices

308 5672 374 5710 ea
417 5656 758 5723 corruptione
790 5652 970 5708 infecti
1010 5669 1113 5708 non
1145 5664 1322 5708 erant.

383 5726 492 5793 (26)
536 5724 609 5777 De
638 5725 746 5777 die.
779 5723 965 5778 Matth.
996 5740 1137 5782 XXIV.
1170 5723 1353 5778 56-39.

383 5796 494 5861 (‘27)
538 5795 659 5846 Aut.
694 5794 876 5848 Graeca
902 5795 1087 5855 editio,
1120 5795 1233 5857 καί,
1270 5795 1319 5846 id
1345 5801 1449 5857 est,
1480 5811 1499 5840 ι
1531 5803 1604 5845 et.
1641 5810 1659 5844 ι

1973 4630 2075 4686 erit
2100 4628 2214 4701 (55)
2245 4629 2296 4681 in
2326 4636 2502 4693 nocte,
2532 4636 2591 4681 ut
2621 4625 2736 4679 dies
2778 4625 2830 4679 in
2856 4626 3091 4680 tenebris
3114 4638 3211 4678 vos
3242 4625 3540 4693 deprehen-

1978 4834 1996 4867 ι
2032 4831 2200 4873 meus.
2247 4834 2265 4867 ι
2309 4816 2413 4871 Sed
2457 4815 2609 4883 Vulg.
2663 4815 2926 4883 interpres
2977 4812 3101 4881 legit
3154 4822 3209 4864 ut
3264 4811 3537 4882 Didymus.

2067 4886 2156 4955 £9)
2198 4884 2376 4939 Enim.
2415 4882 2830 4955 Graecaietlitio,
2860 4882 3034 4955 δέ,ἱά
3073 4892 3191 4955 e_s_t_,
3224 4902 3241 4930 ι
3276 4894 3474 4955 autem.
3518 4902 3537 4932 ι

2067 4889 2156 4955 Ξ9)
2198 4889 2376 4939 Enim.
2415 4889 2600 4940 Graeca
2645 4889 2830 4948 editio,
2860 4889 2950 4945 δέ,
2984 4889 3034 4936 id
3073 4892 3191 4942 est,
3224 4902 3241 4930 ι
3276 4894 3474 4937 autem.
3518 4902 3537 4932 ι

2045 4889 2529 5036 (δυλιςιιρενυεηὶε.
2594 4954 2780 5009 διξερε
2842 4953 3044 5018 editio,
3091 4948 3292 5023 ἦλθεν,
3345 4952 3396 5005 id
3438 4964 3542 5016 est,

1979 5044 1996 5078 ‘
2039 5034 2359 5164 (fighN’unc
2380 5094 2735 5163 cognovimus.
2761 5091 2919 5164 (Joan.
2952 5106 3061 5164 3vt,
3086 5092 3177 5164 30.

2044 5162 2155 5236 (5'2)
2194 5164 2396 5217 Autem.
2440 5162 2655 5236 Codex,
2688 5163 2783 5215 καὶ
2818 5163 2922 5236 χρὴ
2956 5162 3014 5213 δὲ
3052 5162 3125 5232 μὴ
3170 5162 3540 5236 καθηκόναιτ-ιθυςἶ

1978 5232 2229 5289 Illendum
2285 5244 2463 5288 autem
2512 5234 2599 5288 hic
2645 5232 2811 5286 latere
2855 5232 3083 5296 videtur,
3123 5237 3218 5284 nisi
3251 5236 3372 5300 quis
3417 5233 3543 5285 illud

1977 5308 2050 5376 μή
2076 5304 2164 5358 hic
2210 5302 2387 5376 valere
2432 5302 2580 5369 velit,
2617 5319 2638 5353 ο
2676 5318 2855 5376 nonne
2872 5302 2903 5376 ?_
2926 5320 2943 5353 ι
2994 5302 3315 5376 Egeriuilini
3351 5304 3546 5376 legere

2111 5389 2208 5442 pro
2238 5374 2337 5445 μή,
2369 5382 2461 5428 aut
2499 5384 2649 5428 certe
2677 5391 2691 5427 :
2733 5372 2826 5425 καὶ
2854 5372 2914 5424 οὐ
2940 5372 3045 5443 χρὴ
3077 5371 3133 5424 δὲ
3164 5372 3237 5443 μὴ
3271 5370 3545 5442 καθηκόν⁸

1971 5461 2154 5583 τωῧόὸ)
2205 5512 2404 5567 Voluit.
2437 5512 2663 5583 CodexL
2679 5513 2854 5565 είλετο
2875 5526 2973 5581 pro
3001 5512 3191 5583 εἵλετο.

2046 5579 2157 5651 (54)
2200 5583 2345 5643 Sicut
2406 5583 2512 5651 fur.
2556 5582 2572 5634 l
2627 5582 2820 5635 Thess.
2872 5579 2925 5644 ν,
2996 5582 3048 5636 2.
3089 5582 3272 5636 Gneca
3319 5579 3481 5651 editio
3527 5596 3543 5632 :

1982 5649 2259 5724 Ἦήμέρα
2282 5649 2488 5723 Κυρίου
2517 5651 2593 5715 ὡς
2623 5652 2861 5722 κλέπτης
2895 5653 2953 5705 ἐν
2980 5653 3153 5713 νυκτὶ,
3187 5651 3358 5712 οὔτως
3387 5649 3547 5719 ἔρχε-

1972 5742 2165 5865 ηξζδδ)
2208 5791 2332 5865 Non
2374 5790 2663 5865 erit._Etsi
2714 5790 2860 5865 haec,
2903 5792 3031 5865 item
3069 5803 3125 5865 ut
3165 5789 3546 5865 pra'redentia,

385 5868 498 5939 (εδ)
540 5861 721 5917 Pater.
781 5862 967 5921 Graeca
1036 5866 1198 5921 editio
1250 5866 1396 5919 addit
1456 5881 1591 5935 μου,
1653 5862 1705 5918 id
1761 5870 1885 5931 est,
1976 5861 2082 5923 nou
2119 5864 2311 5933 Paulo,
2363 5864 2458 5922 sed
2502 5863 2719 5921 Christo
2763 5862 2988 5918 Domino
3017 5863 3214 5917 tribuat
3264 5861 3543 5930 Didymus.
