4060 6406
302 372 398 427 921

1395 370 1483 426 DE
1523 369 1897 426 TRlNlTATE
1936 369 2137 425 LIBER
2180 370 2503 429 TERTIUS.

3448 384 3553 440 9&2

302 484 498 556 τηρίας
542 500 643 553 μου
693 483 742 536 οἱ
788 482 938 551 λόγοι
989 481 1096 535 τῶν
1141 484 1601 555 παραπτωμάτων
1660 486 1793 555 pou!
1852 504 1854 535 τ

1982 501 2046 554 ge
2071 485 2183 556 (ιι)
2212 502 2242 541 a
2271 488 2445 542 salute
2488 500 2605 541 mea
2648 486 2813 541 verba
2842 488 3163 545 delictorum
3208 498 3489 553 meorum!
3525 519 3567 551 »ν

300 578 616 640 τουτέστιν,
661 576 849 647 πόρρω
877 576 976 647 τῆς
1012 576 1263 648 θεότητος
1302 596 1401 647 μου
1448 580 1494 631 οἱ
1530 580 1587 630 ἐν
1621 582 1686 650 τῇ
1725 582 1877 632 ἐναν-

300 669 585 740 θρωπήσει
636 668 783 737 λόγοι
844 687 967 739 μου.
1004 667 1160 722 Οὕτω
1191 670 1248 722 δὲ
1292 673 1435 723 ποιεῖ
1483 672 1571 724 καὶ
1619 674 1710 725 ἐπὶ
1765 673 1877 725 Λα-

300 758 467 829 ζάρου
490 798 504 824 ,
557 759 837 829 προειπὼν
887 760 1007 829 μὲν,
1043 759 1119 822 ὠς
1154 760 1330 812 πάντα
1362 760 1673 829 γινώσκων·
1711 781 1729 814 ι
1768 763 1876 816 Λά-

296 850 465 919 ζαρος
516 851 879 921 κεκοίμηται·
928 870 947 903 ι
988 851 1207 924 ἐρωτῶν
1253 852 1341 915 δὲ,
1381 853 1456 916 ὠς
1488 853 1637 906 οὐδὲν
1687 853 1872 917 εἰδώς*

300 957 320 991 ι
358 940 467 995 Ποῦ
498 940 775 992 τεθείκατε
798 940 955 994 αὐτόν
986 959 999 1006 ;
1048 961 1067 993 ι
1102 936 1220 994 εἶτα
1261 942 1335 1004 ὡς
1356 942 1486 1006 Θεὸς
1526 943 1751 1016 ἐγείρων
1779 945 1875 997 αῦ-

295 1032 408 1084 τόν.
443 1030 600 1084 Οῦτω
621 1034 713 1085 κα).
745 1034 837 1086 ἐπὶ
863 1034 962 1104 τῆς
985 1035 1404 1107 αἱμορῤοούσης,
1444 1037 1621 1108 φήσας
1652 1037 1769 1107 μὲν,
1799 1038 1873 1102 ὡς

294 1122 583 1194 ἄνθρωπος
616 1124 845 1192 ἀγνοῶν·
880 1145 897 1178 ι
934 1127 1028 1190 Τίς
1053 1128 1231 1197 ἣψατό
1260 1144 1392 1198 μους
1424 1148 1440 1179 ι
1480 1128 1766 1199 ἰασάμενος
1794 1131 1870 1195 δὲ,

290 1212 367 1275 ὼς
413 1216 625 1286 Σωτήρο
678 1216 753 1279 ὠς
786 1217 878 1269 καί
932 1236 1033 1271 που
1071 1221 1098 1271 δ
1143 1220 1274 1283 Θεὸς
1313 1218 1406 1272 καὶ
1448 1220 1635 1291 Πατὴρ
1661 1220 1869 1292 ἠρώτα,

289 1306 367 1369 ὡς
408 1307 639 1375 ἀγνοῶν,
668 1311 760 1362 τὸν
830 1309 1016 1382 Ἀδάμ·
1053 1330 1071 1362 ι
1107 1312 1217 1365 Ποῦ
1255 1310 1337 1377 εἶ;
1382 1334 1400 1365 ι
1438 1316 1531 1367 καὶ
1580 1314 1669 1368 τὸν
1706 1315 1866 1369 Κάῖν·

297 1418 314 1449 ι
354 1400 467 1453 Ποῦ
502 1401 667 1455 Ἀὄελ
711 1405 739 1456 ὁ
784 1404 1007 1473 ἀδελφός
1044 1423 1173 1470 σου;
1232 1426 1250 1457 ι
1300 1406 1394 1459 καὶ
1445 1408 1704 1461 Μωῡσέα’
1747 1425 1766 1459 ι
1806 1408 1870 1460 Τί

290 1490 439 1543 ἐστιν
469 1494 528 1544 ἐν
552 1495 615 1562 τῇ
652 1492 791 1565 χειρί
831 1511 955 1557 σου;
996 1514 1014 1547 ι
1073 1498 1163 1548 καὶ
1200 1496 1443 1567 ἑτέρωθι·
1487 1517 1503 1549 ι
1551 1499 1729 1567 Ἔγνω
1758 1498 1871 1551 Κύ-

292 1597 407 1649 ριος
435 1583 562 1645 τοὺς
605 1584 763 1647 ὄντας
792 1585 976 1638 αὐτοῦ’
1022 1605 1039 1638 ι
1083 1587 1157 1650 ὡς
1204 1588 1361 1658 δῆθεν
1415 1590 1539 1652 τοὺς
1567 1590 1665 1642 οὐκ
1710 1590 1867 1653 ὄντας

288 1672 524 1739 ἀγνοῶν.
562 1676 785 1743 Ἔλεγεν
827 1677 883 1729 δὲ
934 1679 1028 1731 καὶ
1063 1679 1198 1749 πρὸς
1260 1680 1529 1751 Ἀϐραὰμ,
1569 1680 1867 1751 θελήσαντα

289 1766 597 1834 σφαγιάσαι
620 1767 767 1839 αὑτῷ
788 1769 879 1823 τὸν
908 1770 1042 1822 υἱόν·
1082 1788 1098 1820 ι
1142 1770 1255 1823 Νῦν
1288 1771 1478 1839 ἔγνων,
1510 1774 1590 1825 ὅτι
1638 1774 1775 1845 φοϐῇ
1801 1776 1863 1827 σὺ

1981 576 2032 629 id
2064 586 2171 643 est,
2207 577 2364 647 longe
2412 592 2441 629 a
2501 593 2616 630 mea
2666 578 2865 633 deitate
2919 582 3079 636 verba
3108 624 3121 645 ,
3170 598 3289 650 quae
3337 587 3455 641 dico
3497 590 3550 643 in

1980 670 2374 724 incarnatione.
2423 668 2513 725 Sic
2552 679 2727 723 autem
2782 687 2839 726 se
2890 675 3027 742 gerit
3078 678 3241 729 etiam
3305 690 3550 747 respectu

1976 756 2209 824 Lazari;
2273 774 2396 813 nam
2456 760 2606 830 prius
2658 761 2915 829 quidem,
2980 774 3166 833 utpote
3218 769 3397 822 omnia
3461 785 3553 825 co-

1976 863 2275 917 gnOscens,
2326 851 2459 904 dixit
2502 868 2516 904 :
2582 869 2599 903 ι
2662 851 2899 907 Lazarus
2948 855 3100 925 (45)
3149 857 3401 913 dormivit
3452 879 3464 914 :
3523 880 3543 914 ι

1976 937 2168 991 deinde
2219 953 2369 1003 vero,
2430 940 2583 1008 quasi
2647 942 2778 994 nihil
2845 943 3056 1007 sciret,
3115 945 3472 1016 interrogavit
3530 968 3545 1004 :

1981 1044 1999 1078 ι
2031 1026 2125 1081 Ubi
2159 1027 2270 1097 (46)
2296 1030 2549 1098 posuistis
2577 1032 2736 1084 eum?
2761 1051 2777 1083 ι
2813 1047 2875 1085 ac
2907 1033 3219 1099 demum,ut
3243 1037 3545 1093 Deusillnm

1974 1122 2272 1174 suscitavit.
2303 1121 2463 1193 407
2497 1122 2586 1176 Sic
2628 1124 2790 1177 etiam
2836 1141 2894 1179 se
2940 1126 3105 1197 gessit
3140 1143 3383 1199 respectu
3424 1149 3547 1185 mu-

1972 1209 2119 1263 lieris
2153 1210 2543 1266 hazmorrboide
2592 1213 2890 1269 laborantis
2916 1217 3057 1284 (47);
3093 1234 3215 1271 nam
3247 1221 3397 1289 prius
3430 1222 3550 1289 qui-

1972 1301 2113 1365 dem,
2139 1302 2286 1369 quasi
2320 1303 2479 1356 homo
2511 1304 2783 1373 ignorans,
2816 1307 2986 1361 dixit:
3025 1326 3043 1357 (
3075 1308 3203 1374 Quis
3230 1312 3401 1380 tetigit
3431 1312 3541 1385 (l8)

1972 1394 2134 1446 me?»
2170 1395 2362 1447 deinde
2408 1396 2552 1449 illam
2608 1399 2817 1451 sanavit
2862 1410 2919 1451 ut
2963 1400 3233 1457 Salvator.
3266 1403 3339 1456 lta
3383 1408 3542 1459 etiam

1975 1485 2112 1538 Dens
2165 1494 2219 1539 et
2272 1484 2432 1540 Pater
2476 1488 2737 1542 Adamum
2790 1490 3007 1555 alicubi,
3052 1496 3212 1562 [quasi
3269 1496 3539 1564 ignorans,

1971 1575 2355 1647 interrogavit:
2384 1597 2401 1629 ι
2437 1578 2532 1633 Ubi
2574 1595 2632 1635 es
2652 1582 2803 1651 (49)?
2828 1602 2844 1633 ι
2879 1594 2932 1637 et
2968 1585 3229 1639 Caintttn:
3267 1605 3285 1637 ι
3329 1587 3427 1643 Ubi
3463 1602 3543 1643 est

1968 1667 2079 1738 (50)
2110 1668 2242 1722 Abel
2272 1669 2435 1725 frater
2463 1673 2617 1727 tuus?
2640 1693 2657 1725 ι
2702 1686 2755 1727 et
2779 1674 3008 1746 Moysem
3048 1694 3060 1730 :
3098 1696 3115 1728 ι
3158 1678 3294 1744 Quid
3326 1692 3406 1733 est
3430 1682 3539 1750 (5|)

1970 1758 2019 1811 in
2062 1776 2222 1815 manu
2269 1763 2400 1815 tua?
2434 1783 2451 1814 ι
2488 1764 2553 1817 Ει
2604 1765 2729 1817 alibi
2786 1767 2981 1837 legitur
3012 1786 3026 1823 :
3082 1788 3100 1820 ι
3137 1771 3396 1841 Cuguovit
3428 1774 3538 1843 (5'2)

283 1858 377 1909 τὸν
410 1858 566 1913 Θεόν·
591 1881 608 1910 ι
640 1861 715 1924 ὡς
762 1861 922 1931 δῆθεν
961 1864 1017 1914 ὲν
1045 1862 1121 1933 τῷ
1159 1863 1423 1931 φθάσαντι
1463 1862 1622 1917 τοῦτο
1661 1865 1854 1935 ἀγνοή-

1970 1852 2223 1909 Dominus
2264 1871 2356 1909 eos
2388 1857 2476 1924 qni
2520 1868 2640 1911 sunt
2674 1860 2826 1927 ejus:
2863 1880 2879 1911 ι
2922 1863 3075 1930 quasi
3100 1864 3305 1918 scilicet
3334 1867 3541 1936 ignoret

284 1968 406 2014 σας.
438 1954 547 2005 Καὶ
574 1955 748 2007 πάλινο
792 1975 810 2007 ι
842 1957 951 2009 Ποῦ
987 1957 1225 2028 Eappan
1260 1959 1394 2029 γυνή
1434 1976 1560 2023 σου;
1601 1976 1619 2010 ι
1665 1960 1784 2011 ’Ότι
1806 1958 1863 2010 δὲ

281 2042 731 2115 ὁμολογουμένως
752 2046 1022 2099 καὶτοῦτο
1055 2046 1209 2110 εἰδὼς
1230 2043 1403 2114 εἶπεν,
1436 2044 1505 2101 τὰ
1548 2049 1744 2119 ἐφεξῆς
1772 2050 1863 2120 δη-

283 2134 384 2187 λοῖ.
419 2136 679 2200 Εἰπόντος
723 2138 829 2207 γὰρ
857 2136 1043 2201 αὑτοῦ,
1074 2138 1146 2201 ὡς
1172 2139 1402 2204 τέξεται,
1438 2141 1695 2211 κάκείνης
1739 2143 1862 2195 ἀπι-

284 2229 568 2298 στησάσης
604 2228 692 2281 διὰ.
720 2229 781 2280 τὸ
807 2246 1087 2299 καταγεγη
1099 2231 1340 2297 ρακέναι,
1360 2231 1453 2283 καὶ
1488 2234 1543 2283 ὲν
1568 2232 1643 2302 τῷ
1674 2250 1862 2286 κοιτω-

282 2320 454 2389 νέσκῳ
478 2320 855 2389 μειδιασάσης,
902 2321 1025 2389 ἔφη’
1083 2340 1100 2371 ι
1156 2321 1441 2388 Ἐγέλασεν
1469 2324 1654 2394 Σάρρα
1716 2324 1861 2377 ἔνδον

280 2408 415 2463 οὖσα
460 2430 481 2462 ι
520 2411 787 2483 Ἕτιμθϐ
817 2411 868 2483 b]
900 2412 955 2465 δὲ
986 2414 1078 2465 καὶ
1103 2413 1181 2483 τῷ
1211 2414 1335 2466 Λὼτ
1381 2411 1551 2467 εἶπεν·
1609 2435 1626 2466 ‹
1666 2416 1741 2470 Οὐ
1771 2417 1860 2469 δύο

279 2521 453 2573 ναμαι
489 2503 648 2557 τοῦτο
682 2505 907 2575 ποιῆσαι
937 2505 1260 2575 (τουτέστιν,
1307 2506 1404 2577 τὴν
1436 2509 1703 2577 τιμωρίαν
1770 2512 1860 2562 ὲπ-

274 2598 508 2664 αγαγεῖν
556 2596 914 2665 Σοδομίταις),
958 2597 1119 2669 μέχρι
1158 2597 1248 2651 τοῦ
1273 2598 1445 2651 ἐλθεῖν
1490 2617 1548 2651 σε
1585 2602 1717 2654 ἐκεῖ.
1762 2601 1859 2653 Διὰ

271 2684 435 2738 τοῦτο
493 2686 751 2740 ἐκάλεσεν
794 2688 855 2741 τὸ
900 2688 1068 2759 ὄνομα
1098 2690 1198 2759 τῆς
1226 2691 1433 2754 πόλεως
1464 2691 1663 2763 Σιγὼρο
1718 2712 1734 2744 ι
1768 2694 1859 2746 καὶ

270 2774 533 2845 ἀλλαχοῦ·
577 2794 596 2827 ι
648 2778 945 2849 Ἀπόστητε
995 2780 1088 2832 ἀπ’
1124 2779 1280 2849 ἐμοῦ,
1322 2781 1549 2851 ἐργάται
1598 2784 1697 2852 τῆς
1736 2783 1858 2836 ἀνο-

271 2868 429 2935 μίαςο
460 2868 715 2923 οὐδέποτε
755 2869 925 2937 ἔγνων
960 2871 1123 2940 ὑμᾶς.
1170 2890 1188 2923 ι
1224 2873 1334 2925 Καὶ
1364 2872 1496 2925 ἄλλα
1543 2873 1617 2935 δὲ,
1663 2874 1740 2943 τῷ
1773 2875 1857 2928 δο-

270 2961 395 3010 κεῖν
440 2960 615 3031 μικρά
643 2961 718 3024 ὠς
766 2962 901 3032 πρὸς
951 2962 1200 3033 θεότητα,
1252 2963 1475 3034 φέρεται
1512 2964 1696 3019 αὑτοῦ·
1745 2960 1857 3020 οἷον

268 3049 354 3113 τὸ,
392 3068 411 3100 ι
470 3051 730 3117 Καταϐἀς
750 3052 998 3123 ἔρχομαι,
1040 3054 1088 3105 εἰ
1111 3054 1254 3108 κατὰ
1277 3054 1373 3127 τὴν
1407 3058 1651 3128 κραυγὴν
1678 3058 1853 3111 αὐτῶν

1966 1958 2055 1996 eos
2090 1945 2177 2012 qui
2218 1963 2319 1999 non
2351 1956 2475 2000 sunt
2505 1949 2638 2015 ejus.
2674 1951 2979 2005 Abrahamo
3032 1954 3218 2019 etiam,
3251 1956 3338 2025 qui
3374 1956 3539 2012 lilium

1966 2035 2060 2104 ipsi
2091 2038 2369 2092 immolare
2410 2040 2642 2108 volebat,
2684 2042 2815 2095 dixit
2854 2062 2865 2097 :
2903 2063 2919 2094 ι
2948 2042 3096 2099 Nunc
3135 2050 3356 2115 cognovi
3400 2050 3535 2122 (55),

1963 2130 2102 2196 quod
2134 2141 2185 2181 tn
2220 2131 2373 2185 times
2405 2133 2602 2186 Deum:
2634 2153 2653 2185 ι
2689 2135 2842 2203 quasi
2882 2153 3071 2206 nempe
3116 2140 3167 2192 id
3204 2150 3353 2195 antea
3388 2142 3539 2208 igno-

1966 2232 2128 2273 raret.
2155 2220 2217 2273 Et
2252 2238 2437 2275 rursus
2468 2242 2479 2277 :
2541 2244 2557 2276 ι
2584 2224 2684 2279 Ubi
2736 2237 2819 2281 est
2844 2228 2955 2299 (54)
2995 2230 3124 2284 Sara
3178 2248 3316 2287 uxor
3349 2238 3476 2289 tua?
3511 2254 3532 2289 ι

1963 2311 2112 2375 Quod
2140 2321 2315 2365 autem
2347 2313 2463 2367 sine
2491 2315 2650 2369 dubio
2678 2317 2777 2371 hoc
2802 2320 2963 2372 etiam
2996 2320 3183 2387 sciret,
3213 2338 3333 2377 cum
3358 2325 3428 2378 ita
3457 2326 3543 2380 lo-

1962 2414 2117 2458 cutus
2148 2415 2250 2471 est,
2284 2407 2630 2461 manifestum
2668 2419 2753 2463 est
2795 2425 2857 2464 ex
2910 2412 2996 2478 iis,
3044 2429 3164 2482 quae
3213 2429 3531 2487 sequuntur.

1959 2491 2090 2546 Nam
2120 2510 2239 2548 cum
2273 2496 2316 2550 is
2343 2496 2569 2552 dixisset
2600 2499 2714 2553 fore
2746 2511 2802 2553 ut
2832 2517 2891 2554 ea
2924 2515 3159 2571 pareret,
3204 2506 3291 2560 illa
3327 2523 3452 2563 vero
3484 2510 3535 2563 id

1962 2601 2065 2639 non
2106 2588 2373 2655 crederet,
2409 2590 2532 2659 quia
2564 2590 2676 2657 jam
2710 2607 3089 2660 coiisenuerat,
3120 2606 3174 2651 et
3204 2598 3256 2651 in
3288 2601 3534 2655 cubiculo

1958 2679 2287 2746 Subrisisset,
2346 2684 2421 2736 ait
2486 2683 2745 2740 Dominus
2790 2705 2803 2741 :
2850 2706 2868 2738 ι
2901 2687 3168 2761 Risit(55)
3213 2691 3345 2745 Sara
3387 2693 3532 2749 intus

1958 2771 2243 2827 exsistens.
2282 2792 2300 2825 ι
2334 2774 2557 2843 Insuper
2606 2776 2743 2833 Loto
2786 2779 2923 2833 idem
2971 2781 3142 2835 dixit:
3180 2801 3199 2834 ι
3244 2782 3357 2837 Νοη
3409 2801 3532 2854 pos-

1957 2875 2075 2915 smn
2102 2862 2212 2933 (56)
2261 2865 2361 2920 hoc
2416 2866 2615 2935 facere,
2649 2889 2667 2920 ι
2703 2870 2753 2923 id
2797 2880 2905 2937 est,
2958 2873 3275 2941 supplicium
3333 2875 3531 2930 inferre

1959 2950 2273 3019 Sodommis,
2313 2973 2330 3005 ι
2359 2956 2525 3010 donec
2560 2969 2610 3009 tu
2638 2960 2819 3013 venias
2856 2959 3016 3013 illuc:
3045 2961 3166 3014 ideo
3195 2964 3399 3016 vocavit
3436 2981 3535 3017 nt:-

1957 3060 2078 3097 men
2113 3045 2350 3102 civitatis
2390 3048 2583 3118 Sigor;
2616 3070 2633 3102 ι
2673 3060 2727 3104 et
2778 3050 2900 3105 alibi
2944 3068 2959 3107 :
3011 3071 3028 3103 ι
3066 3052 3320 3109 Recedite
3343 3057 3454 3125 (57)
3499 3074 3526 3109 a

267 3142 373 3213 τὴν
402 3143 706 3215 ἐρχομένην
740 3145 875 3216 πρὸς
935 3145 999 3215 μὲ
1031 3147 1426 3202 συντελοῦνταιο
1458 3151 1505 3202 εί
1551 3150 1605 3204 δὲ
1638 3151 1735 3223 μὴ,
1766 3152 1853 3206 ἵνα

1957 3151 2062 3216 me,
2087 3137 2173 3205 qui
2195 3139 2487 3207 operamini
2515 3140 2856 3209 iniquitatem
2881 3161 2894 3197 :
2921 3159 3192 3212 nunquam
3221 3146 3341 3200 novi
3376 3163 3521 3201 vos.»

267 3231 413 3298 γνῶο
442 3251 462 3284 ι
490 3235 583 3286 καὶ
608 3234 854 3305 ἑτέρωθισ
895 3253 914 3287 ι
949 3236 1348 3309 Μεταμελημαι
1374 3242 1606 3311 ποιήσας
1641 3241 1732 3294 τὸν
1756 3242 1852 3295 άν-

267 3323 517 3395 θρωπον·
573 3345 591 3378 ι
651 3328 746 3381 καὶ
791 3328 969 3381 πάλιν*
1042 3348 1061 3381 ι
1100 3330 1499 3402 Μεταμὲλημαι
1544 3334 1737 3403 χρίσας
1765 3334 1852 3388 τὸν

264 3417 448 3471 Σαοὺλ
476 3418 555 3481 είς
592 3418 834 3488 βασιλέαο
867 3439 885 3472 ι
922 3421 1014 3474 καὶ
1041 3422 1098 3474 ὲν
1130 3428 1203 3492 ρε⁹
1243 3421 1460 3493 ψαλμῷο
1504 3443 1521 3474 ι
1558 3424 1667 3478 Καὶ
1692 3426 1855 3497 ἐμνή-

268 3506 376 3575 σθη
401 3506 503 3577 τῆς
548 3508 813 3579 διαθήκης
862 3510 1049 3576 αὐτοῦ,
1081 3513 1174 3565 καὶ
1209 3512 1553 3583 μετεμελήθη
1594 3514 1737 3567 κατὰ
1791 3514 1845 3568 τὲ

265 3597 480 3667 πλῆθος
511 3599 606 3652 τοῦ
638 3600 820 3665 ἐλέους
852 3603 1041 3669 αὐτοῦ,
1076 3604 1171 3657 καὶ
1205 3604 1405 3659 ἔδωκεν
1447 3605 1645 3669 αὐτοὺς
1668 3607 1746 3670 εἰς
1767 3606 1815 3659 οι

261 3707 556 3762 κτιρμους.
600 3712 619 3745 ι

1953 3228 2067 3281 Alia
2104 3244 2229 3284 vero
2253 3232 2438 3293 etiam,
2462 3248 2580 3301 qua:
2606 3234 2656 3286 in
2680 3236 2912 3303 speciem
2942 3236 3150 3303 abjecta
3190 3248 3338 3302 sunt,
3364 3249 3528 3308 atque

1951 3320 2197 3387 humilia,
2223 3322 2292 3376 ita
2328 3324 2394 3377 de
2425 3340 2490 3379 eo
2517 3326 2788 3389 dicuntur,
2821 3337 2878 3380 ut
2912 3329 2977 3381 ad
3014 3328 3129 3398 ejus
3154 3329 3407 3384 deitatem
3441 3348 3524 3385 re-

1948 3414 2209 3469 ferantur.
2266 3416 2573 3483 Cujusmodi
2624 3430 2705 3472 est
2747 3420 2873 3473 illud
2919 3440 2932 3475 :
2983 3440 3002 3472 ι
3040 3423 3380 3477 Descendens
3410 3424 3523 3494 (58)

1948 3511 2102 3563 venio
2121 3508 2602 3580 (59),utrumjuxta
2620 3510 2905 3566 clamorem
2922 3514 3275 3583 ipsorum,qui
3299 3516 3523 3568 venitad

1944 3615 2054 3663 me,
2085 3601 2390 3669 perﬁciant,
2430 3618 2496 3654 an
2527 3618 2655 3667 non,
2691 3611 2747 3656 ut
2778 3604 2978 3669 sciam;
3019 3623 3037 3657 ι
3067 3615 3120 3659 et
3154 3606 3275 3660 alibi
3306 3625 3319 3660 :
3355 3625 3372 3656 σ
3403 3606 3523 3659 Ρωο

1944 3693 2101 3747 nituit
2126 3692 2236 3762 (60)
2269 3708 2352 3746 me
2390 3692 2585 3747 fecisse
2624 3694 2926 3761 hominem;
2963 3714 2981 3747 ι
3009 3706 3059 3751 et
3087 3713 3270 3752 rursus
3303 3717 3316 3752 :
3347 3717 3365 3749 ι
3404 3698 3522 3753 Ρω-

262 3783 587 3854 nituit(6|)
646 3800 731 3840 me
768 3786 989 3842 unxisse
1054 3785 1180 3840 Saul
1238 3786 1289 3839 in
1352 3800 1566 3855 regem;
1611 3804 1629 3837 ι
1673 3794 1727 3840 et
1786 3786 1837 3839 in
1877 3800 1941 3839 cv
1980 3782 2223 3853 psalmo:
2266 3800 2283 3832 ι
2317 3782 2382 3836 Ει
2440 3784 2754 3837 recordatus
2793 3793 2875 3837 est
2936 3782 3045 3853 (62)
3079 3786 3387 3840 testamenti
3412 3789 3515 3856 sui,

261 3883 319 3929 et
354 3875 608 3945 paenituit
632 3876 797 3947 (eum)
827 3878 979 3948 juxta
1022 3876 1414 3931 multitudinem
1454 3875 1838 3931 misericordia:
1879 3893 2009 3941 sum,
2031 3884 2087 3929 et
2119 3875 2264 3928 dedit
2297 3890 2390 3929 eos
2421 3874 2471 3928 in
2516 3876 2909 3929 miserationes.
2950 3894 2968 3928 ι

902 3969 1059 4021 ΚΕΦ.
1094 3968 1219 4020 Kl".

341 4057 797 4121 Καταζώννυνται
828 4058 884 4112 δὲ
912 4059 992 4122 εἰς
1016 4058 1083 4112 τὰ
1124 4057 1378 4129 μάλιστα,
1413 4057 1506 4110 καὶ
1538 4056 1748 4127 ἔχουσιν
1778 4058 1835 4109 ὲν

342 4204 458 4267 (44)
500 4202 691 4271 Longe.
727 4202 872 4259 Psal.
912 4219 1028 4265 ut,
1065 4203 1087 4255 l
1130 4202 1259 4266 (seu
1287 4201 1380 4271 ‘2).

364 4275 458 4337 45)
491 4274 745 4328 Lazarus.
785 4271 943 4327 Joan.
972 4289 1049 4336 XI,
1078 4272 1137 4326 H
1171 4286 1292 4341 sqq.

364 4344 459 4409 46)
501 4342 620 4398 Ubi.
663 4342 798 4398 lhid.
829 4343 913 4395 ⁸54.

362 4415 456 4477 47)
502 4412 1219 4466 Ηωιιιοτιὴοὶάειαὸοναηιὶδ.
1239 4412 1439 4475 Codex,
1460 4409 1841 4481 αἰμοροούσης.

361 4484 457 4545 48)
494 4482 624 4546 Quis
652 4484 839 4545 letiqil.
873 4482 1045 4536 Marc.
1082 4498 1135 4548 v,
1168 4484 1256 4539 51.

361 4484 457 4545 48)
494 4484 624 4546 Quis
652 4484 839 4545 letiqil.
873 4484 1045 4536 Marc.

337 4484 455 4619 (49)
498 4551 597 4605 Ubi
627 4569 699 4605 es.
729 4552 864 4606 Gen.
903 4568 985 4615 ιιι,
1024 4554 1077 4607 9.

338 4624 457 4689 (50)
500 4620 598 4676 Ubi
626 4630 721 4674 est.
759 4620 895 4675 Gen.
926 4638 1001 4687 tv,
1030 4624 1082 4677 9.

334 4694 454 4764 (51)
499 4692 637 4764 Quid
673 4701 769 4764 est.
805 4692 977 4764 ﬁngi.
1014 4707 1087 4755 tv,
1120 4692 1176 4764 2.

337 4759 453 4827 (5‘2)
495 4761 763 4828 Cagnovit.
803 4761 839 4813 II
895 4759 1033 4815 Tim.
1065 4778 1126 4826 11,
1162 4761 1247 4815 19.

335 4834 451 4901 (55)
495 4829 650 4901 Nunc
679 4832 910 4896 cognovi.
944 4830 1078 4885 Gen.
1115 4846 1249 4897 χχιι,
1284 4830 1375 4885 12.

365 4902 456 4969 54)
494 4899 593 4953 Ubi
618 4910 714 4955 est.
746 4901 881 4955 Gen.
916 4916 1071 4965 xvm,
1110 4903 1161 4955 9.

362 4973 455 5040 55)
495 4969 658 5024 Risit.
694 4969 829 5025 Gen.
882 4971 1179 5036 “111,13.
1231 4970 1437 5025 Sensus
1485 4977 1689 5023 tantum
1738 4969 1830 5024 hic

259 5052 484 5096 cuntur.
626 5082 632 5087 ι

335 5111 452 5179 (56)
491 5108 616 5162 Non
646 5126 881 5173 possum.
934 5108 1068 5164 Gen.
1115 5125 1241 5175 xu,
1288 5109 1380 5163 22.
1426 5109 1612 5164 Grmca
1661 5108 1827 5162 editio

262 5181 482 5267 aliquas
504 5182 682 5267 liabet
708 5180 1197 5267 nulliusimmnernti
1227 5180 1540 5267 varietates.

334 5246 451 5320 (37)
494 5248 756 5320 Becedite.
780 5248 969 5320 Matth.
1000 5264 1093 5320 vit,
1115 5247 1416 5320 25.7Graeca
1442 5246 1607 5320 editio
1631 5247 1823 5320 eodem

258 5316 460 5375 sensu:
494 5317 958 5390 Οὐδέποτείέγνων
992 5318 1183 5390 ὑμᾶςζ
1199 5319 1537 5390 ἀποχωρεῖτε
1566 5316 1823 5390 ἀπ’-ἐμοῦ

255 5391 312 5445 οἶ
342 5390 701 5469 ἔργαζέμενοι
729 5386 837 5459 τὴν
857 5389 1107 5469 ἀνομίαν.
1152 5386 1627 5469 Sittiilia_'dictayit
1648 5387 1821 5469 .Didy:

262 5456 388 5514 mus
420 5456 473 5513 in
505 5456 924 5513 comment—ariis
959 5456 1013 5512 in
1051 5457 1295 5512 Psalmos
1324 5458 1389 5512 ad
1427 5456 1753 5511 versiculum
1791 5456 1822 5509 7

258 5530 455 5596 psalmi
503 5544 693 5591 uvlu,
728 5539 782 5583 et
820 5526 1176 5582 Enarratione
1223 5527 1276 5581 in
1325 5528 1550 5596 primam
1595 5525 1819 5596 Joannis

261 5595 560 5663 Ερξιιοιαηι
605 5599 671 5651 ad
721 5613 839 5667 cap.
878 5613 916 5652 ιι
953 5612 1095 5655 vers.
1131 5598 1193 5663 5,
1238 5595 1331 5667 ubi
1367 5597 1482 5650 hzee
1534 5595 1761 5664 legimus
1801 5613 1814 5649 :

266 5687 289 5719 ι
327 5670 483 5723 Sicut
512 5669 658 5723 enim
694 5664 938 5723 nesciens
971 5678 1250 5733 peceatum
1279 5664 1456 5729 Jesns,
1491 5679 1661 5731 neque
1689 5678 1817 5733 ope-

261 5739 403 5810 ratio
426 5738 748 5810 (legendum,
776 5752 937 5810 opera
954 5732 1306 5810 )iniquitatis,
1340 5734 1664 5810 plenitudini
1688 5732 1809 5805 [leg.

1916 5665 2123 5718 editio:

2454 3964 2620 4035 403
2658 3962 2803 4018 CAP.
2840 3963 3024 4020 xxut.

2020 4056 2149 4111 Sese
2180 4072 2302 4110 vero
2334 4058 2399 4110 ad
2440 4058 2638 4110 bellum
2682 4056 2970 4128 accingunt
3017 4069 3073 4113 ut
3103 4074 3222 4114 cum
3264 4062 3513 4133 maxime,

1959 4200 2158 4251 veritas
2181 4200 2269 4251 Dei
2293 4216 2306 4263 ;
2337 4200 2406 4253 ita
2436 4201 2682 4254 nesciens
2704 4199 2891 4269 jndicii
2924 4200 3063 4255 diem
3091 4216 3195 4255 non
3221 4203 3511 4261 minuitur:

1956 4271 2082 4337 quia
2120 4285 2294 4335 neque
2323 4272 2536 4337 quando
2565 4272 2765 4325 dicitur
2796 4273 2936 4324 Deus
2967 4273 3017 4325 in
3053 4272 3352 4339 Scripturis
3384 4291 3511 4329 san-

1953 4341 2056 4393 ctis
2085 4339 2351 4406 oblivisci,
2392 4352 2440 4394 et
2475 4341 2759 4407 pcnnitere,
2798 4352 2855 4396 et
2883 4341 3066 4403 irasci,
3104 4343 3383 4396 divinitate
3415 4349 3513 4398 mi-

1952 4410 2157 4463 nuitur.
2200 4409 2317 4475 Quo
2360 4411 2501 4465 enim
2537 4411 2694 4463 modo
2728 4411 2812 4463 illa
2864 4412 3194 4479 panduntur,
3229 4416 3415 4466 eodem
3453 4427 3513 4469 et

1950 4480 2091 4548 quod
2125 4479 2323 4549 dictum
2358 4490 2439 4535 est
2471 4480 2535 4533 de
2561 4482 2747 4549 jndicii
2793 4481 3148 4549 ignoratione,
3188 4497 3274 4534 res
3309 4484 3503 4536 oblivi-

1940 4550 2112 4626 scitur
2139 4548 2713 4626 [legendumjortassg
2756 4559 2824 4626 et_
2840 4550 2989 4626 quod
3007 4566 3092 4603 res
3123 4551 3504 4626 obliviscitur].

1940 4619 2095 4672 Sicut
2122 4618 2265 4673 enim
2294 4635 2414 4674 cum
2442 4618 2584 4673 Deus
2610 4620 2755 4673 solus
2782 4621 2850 4673 sit
2878 4619 3111 4683 sapiens,
3141 4632 3194 4674 et
3223 4618 3505 4678 scientiam

1939 4687 2137 4741 habeat
2171 4691 2444 4752 omnium,
2486 4689 2687 4743 oblivio
2729 4690 3036 4758 passibilis,
3077 4698 3132 4743 et.
3165 4694 3504 4758 pmnitentia,

1938 4767 2031 4810 aut
2068 4758 2269 4827 aliquid
2325 4758 2626 4825 hujusmodi
2678 4760 2729 4811 in
2778 4773 2843 4811 eo
2880 4773 3223 4827 nequaquam
3264 4764 3501 4825 exsistit,

1936 4842 2056 4905 cum
2081 4826 2360 4905 utiquede
2384 4844 2447 4881 eo
2474 4830 2726 4905 dispensa
2756 4832 2882 4905 vita:
2909 4826 3089 4905 [1e90,
3121 4830 3502 4905 dispensatur!)

1935 4898 2187 4950 dicantur
2224 4916 2237 4951 :
2274 4899 2343 4952 ita
2377 4914 2506 4967 ergo
2536 4899 2825 4967 sapientia,
2856 4909 2909 4951 et
2958 4900 3184 4952 veritate
3218 4900 3309 4954 Dei
3349 4898 3500 4965 igne:

1932 4968 2169 5019 rantiam
2209 4984 2312 5020 non
2346 4969 2664 5036 recipiente,
2704 4978 2926 5036 propter
2966 4973 3254 5034 quamdam
3294 4972 3503 5025 utilita-

1934 5045 2041 5088 tem
2076 5037 2264 5090 horum
2293 5048 2347 5091 et
2376 5038 2515 5091 diem
2545 5037 2733 5104 judicii
2769 5038 2963 5091 dicitur
2996 5039 3259 5106 ignorare.
3297 5060 3314 5092 ι

2003 5106 2115 5171 (58)
2160 5106 2503 5160 Descendens.
2545 5107 2681 5160 Gen.
2711 5122 2867 5169 xvttt,
2900 5108 2989 5159 21.

1998 5176 2133 5249 (59),
2160 5175 2340 5229 Venio.
2369 5176 2555 5249 Graeca
2588 5178 2753 5231 editio
2806 5193 2902 5245 pro
2932 5176 3160 5247 ἔρχομαι
3188 5177 3349 5234 habet
3373 5179 3498 5249 Mo-

1929 5247 2136 5316 μαι-,λά
2167 5258 2269 5316 est,
2304 5265 2321 5296 ι
2358 5246 2571 5299 videbo.
2612 5264 2631 5297 ι

1996 5314 2110 5387 (60)
2154 5314 2423 5387 Pwnituit.
2454 5316 2588 5387 Gen.
2616 5330 2687 5387 VI,
2716 5314 2770 5367 7.
2798 5315 2983 5387 Graeca
3013 5316 3178 5387 editio
3206 5334 3219 5369 :
3248 5319 3496 5387 Μετεμε-

1921 5383 2121 5456 λήθην,
2153 5385 2231 5437 ὃτι
2264 5386 2493 5455 ἐποίησα
2523 5384 2751 5456 αὐτούς,
2795 5385 2846 5437 id
2887 5395 2998 5449 est,
3037 5404 3054 5436 ι
3113 5385 3368 5441 Ρωιιίιυῑι
3402 5383 3494 5444 ’1118

1921 5455 2064 5523 quod
2100 5455 2202 5508 feci
2230 5470 2343 5508 eos.
2382 5474 2399 5507 ι
2440 5456 2591 5522 Apud
2636 5455 2912 5576 Didzmum
2953 5457 3167 5510 videtur
3196 5456 3481 5528 legendum

1923 5526 2320 5576 μεταμέλομαι.
2356 5534 2447 5576 aut
2478 5540 2734 5576 μεταμευ.
2765 5524 2955 5576 lauat.

1922 5526 2320 5595 μεταμέλομαι,
2356 5534 2447 5577 aut
2477 5524 2955 5595 μεταμεμέλημαι.

2144 5592 2401 5667 Pwnituit
2451 5592 2551 5647 me.
2592 5592 2778 5667 l‘sihil
2818 5592 2956 5666 Reg.
2998 5610 3105 5661 xv,
3159 5594 3247 5649 11.
3298 5596 3484 5653 Graeca

2170 5663 2561 5748 μεταμέλομαι,
2595 5664 2675 5717 ὅτι
2706 5663 2919 5789 ἐχὶρισα.

2170 5745 2209 5787 ιι
2252 5736 2555 5789 recordatus
2612 5743 2707 5789 est.
2789 5735 2888 5788 sal.

1987 5732 2209 5806 (62)_l'c‘t
2252 5732 2555 5790 recordatus
2612 5732 2888 5791 ειιζΡειιΙ.
2935 5750 3019 5802 cv,
3082 5736 3172 5804 45,
3233 5732 3303 5790 44
3348 5734 3480 5806 (seu

260 5803 763 5879 plenitudine1nou
809 5803 1126 5871 fraudetur,
1168 5821 1286 5863 cum
1323 5807 1393 5861 sit
1442 5803 1731 5873 sapientia,
1761 5814 1812 5858 et
1914 5804 2005 5869 45,
2065 5803 2190 5875 46).
