4042 6404
1872 411 2108 468 υΙυΥΜῐ
2149 410 2198 464 Α

2308 406 2614 464 (ANDRINI
3697 412 3780 466 ρει

612 535 742 591 etin
774 533 1051 605 procinctu
1081 534 1282 590 habent
1305 534 1445 604 quod
1472 531 1671 586 Paulus
1714 528 2008 584 Corinthiis
2044 527 2180 582 scri-

2308 524 2522 595 τροδολῇ
2563 525 2698 592 ὅπερ
2738 520 2948 585 Παῦλος
2967 520 3274 592 Κορινθίοις
3307 521 3364 573 ὲν
3395 524 3454 593 τῇ
3478 521 3639 594 πρώτῃ
3674 527 3782 596 γρά.

614 625 696 682 hit
733 625 784 679 in
824 625 995 695 prima
1041 624 1273 694 Epistola
1317 665 1332 678 .
1363 641 1383 678 ι
1413 624 1673 690 Quoniam
1705 620 1836 690 (62⁸)
1872 617 2048 672 nullus
2095 628 2180 672 est

614 717 912 788 Deus(63),
953 716 1056 772 nisi
1095 732 1232 771 unus
1269 734 1284 770 :
1319 731 1439 770 nam
1485 715 1584 769 etsi
1633 721 1758 767 sunt
1804 711 1893 781 qui
1935 711 2182 764 dicantur

616 809 710 874 dii,
743 809 856 862 sive
887 809 937 862 iu
962 809 1121 869 ccelo,
1152 809 1266 862 sive
1294 807 1346 860 in
1387 816 1527 860 terra
1558 803 1719 872 (sicut
1747 811 1875 858 sunt
1904 802 1976 856 dii
2005 801 2178 866 multi,

615 904 670 949 et
710 894 914 948 domini
974 894 1190 964 multi):
1239 895 1389 948 nobis
1421 902 1598 946 autem
1635 908 1772 946 unus
1822 893 1960 946 Deus
2000 891 2177 956 Pater,

618 1002 682 1039 ex
714 1001 818 1054 quo
852 987 1030 1039 omnia
1057 986 1191 1056 (64),
1225 996 1277 1040 et
1301 1001 1439 1040 unus
1459 985 1717 1038 Dominus
1737 983 1892 1038 Jesus
1913 973 2178 1048 Christus,

618 1065 714 1142 ptir
765 1089 920 1143 quem
983 1075 1182 1139 omnia,
1231 1081 1284 1128 et
1328 1089 1423 1126 nos
1463 1088 1556 1140 per
1602 1072 1795 1138 ipsum.
1828 1089 1845 1121 ι
1895 1068 1985 1123 Sic
2039 1069 2181 1121 enim

619 1167 771 1217 aiunt
809 1182 824 1219 :
871 1165 1020 1229 Illud,
1068 1185 1086 1216 ι
1120 1181 1183 1219 ex
1225 1163 1481 1234 qtto(65),
1511 1182 1528 1213 ι
1588 1171 1640 1216 et
1701 1161 1851 1224 illud,
1910 1179 1928 1212 ι
1963 1159 2121 1223 Deus,
2157 1178 2177 1211 ι

621 1253 716 1306 soli
762 1253 906 1306 Patri
939 1255 1208 1319 convenit,
1242 1263 1422 1320 utpote
1464 1253 1552 1320 qui
1576 1250 1725 1319 juxta
1751 1249 2182 1318 superstitiosam

620 1361 804 1400 eorum
845 1345 1146 1413 opinionem
1198 1345 1442 1412 superior
1487 1354 1589 1406 est,
1623 1358 1684 1396 ac
1741 1342 1902 1398 veluti
1947 1351 2187 1410 tempore

619 1436 876 1506 prmcetlit
903 1436 1088 1490 ambas
1122 1437 1457 1505 hypostascs.
1485 1434 1615 1488 Illud
1648 1449 1773 1486 vero
1795 1452 1813 1483 ι
1849 1448 1944 1502 per
1967 1421 2179 1500 quem,»

619 1537 672 1580 et
707 1526 855 1590 illud,
883 1545 902 1577 ι
937 1525 1211 1591 Dominus,
1243 1545 1260 1576 ι
1311 1526 1566 1580 convenit
1596 1525 1752 1588 Filio,
1800 1533 1979 1591 utpote
2025 1523 2184 1576 mini-

621 1627 754 1679 stro,
811 1627 863 1668 et
905 1617 1168 1670 secundas
1222 1616 1462 1682 habenti,
1494 1632 1590 1686 per
1629 1631 1785 1684 quem
1821 1617 1999 1669 omnia
2049 1615 2184 1667 facta

622 1713 766 1758 sunt.
809 1702 938 1756 lllud
975 1719 1118 1770 vero,
1157 1721 1174 1754 ι
1219 1705 1270 1757 in
1301 1720 1428 1773 quo,
1459 1724 1478 1756 ι
1518 1706 1676 1758 tertio
1712 1704 1829 1759 loco
1873 1722 1966 1773 per
1997 1705 2188 1758 decre-

623 1802 862 1847 meulunt
891 1793 1118 1863 Spiritui
1152 1805 1339 1850 sancto
1371 1797 1617 1850 convenit
1643 1814 1656 1849 :
1681 1796 1733 1848 in
1767 1794 1882 1864 ipso
1910 1795 2073 1860 enim,
2105 1796 2187 1847 in-

2287 633 2374 686 φει
2418 614 2718 684 Ἐπιστολῇ·
2751 632 2769 665 ι
2807 614 2929 666 Ὅτι
2949 613 3121 676 οὐδεὶς
3145 613 3296 676 Θεὸς,
3323 615 3368 666 εἰ
3399 610 3467 684 μὴ
3492 609 3784 688 εἷς.Κα).γάρ

2287 710 2443 777 εἴπερ
2476 708 2581 760 εἰσὶ
2608 706 2888 777 λεγόμενοι
2918 705 3049 770 θεοὶ,
3087 707 3194 758 εἴτε
3251 707 3310 759 ἐν
3337 706 3551 776 οὐρανῷ,
3579 707 3670 760 εἴτε
3714 710 3784 763 ἐπὶ

2287 801 2389 871 γῆς
2441 799 2648 871 (ὥσπερ
2686 799 2794 852 εἰσὶ
2853 799 2964 852 θεοὶ
3007 798 3211 861 πολλοὶ,
3264 798 3356 851 καὶ
3402 798 3564 871 κύριοι
3604 800 3786 868 πολλοὶ),

2286 893 2417 963 ἡμῖν
2447 891 2504 944 δὲ
2547 886 2626 953 εἷς
2673 890 2804 954 Θεὸς
2832 891 2860 944 ὀ
2897 891 3107 960 Πατὴρ,
3149 888 3207 954 ἐξ
3234 886 3295 942 οὗ
3318 889 3383 942 τά
3417 891 3593 954 πάντα,
3614 891 3693 944 καὶ
3727 886 3788 954 εἷς

2287 980 2490 1050 Κύριος
2528 979 2735 1051 Ἰησοῦς
2774 979 3031 1050 Χριστὸς,
3069 979 3134 1032 δι’
3166 974 3226 1032 οὗ
3249 979 3317 1032 τά
3347 979 3531 1041 πάντα,
3563 979 3645 1031 καὶ
3665 982 3791 1048 ἡμεῖς

2288 1070 2357 1122 δι’
2393 1071 2577 1124 αὑτοῦ.
2623 1090 2640 1124 ι
2673 1073 2840 1142 Φησὶν
2891 1071 3020 1142 γάρ’
3057 1070 3309 1141 Ἀρμόζει
3337 1070 3416 1135 τὸ,
3441 1089 3458 1120 ι
3493 1069 3543 1136 ἐξ
3577 1064 3650 1130 οὗ,
3680 1088 3695 1120 ι
3721 1071 3791 1123 καὶ

2289 1163 2369 1227 τὸ,
2425 1182 2443 1213 ι
2480 1163 2507 1213 ό
2555 1162 2704 1230 Θεὸς,
2741 1182 2758 1214 ι
2803 1163 2859 1215 ἐν
2896 1163 3043 1233 μόνῳ
3083 1161 3158 1232 τῷ
3212 1161 3403 1232 Πατρὶ,
3443 1161 3512 1224 ὼς
3557 1161 3792 1230 ὑπερτέρῳ

2291 1255 2426 1324 πρὸς
2459 1254 2558 1325 τὴν
2587 1253 2878 1325 θρησκείαν
2905 1253 3108 1316 αὐτῶν,
3143 1253 3236 1306 καὶ
3283 1246 3393 1305 οἷον
3427 1252 3531 1304 ὄντι
3561 1250 3629 1320 τῷ
3657 1253 3796 1320 χρόνῳ

2291 1346 2396 1417 πρὸ
2435 1346 2636 1416 ἀμφοῖν
2683 1344 2788 1398 τῶν
2824 1343 3193 1397 ὑποστάσεων·
3224 1342 3285 1396 τὸ
3317 1341 3395 1407 δὲ,
3431 1361 3448 1394 ι
3485 1341 3547 1394 δι’
3575 1336 3690 1405 05,)
3725 1340 3798 1392 καὶ

2290 1439 2372 1500 τὸ,
2425 1457 2442 1486 ι
2482 1440 2509 1489 ό
2535 1436 2758 1508 Κύριος,
2796 1456 2814 1488 ι
2854 1436 2928 1498 ὼς
2969 1433 3227 1506 ὑπουργῷ
3269 1435 3361 1487 καὶ
3387 1433 3633 1502 δευτέρως
3662 1431 3800 1501 ἔχοντι

2291 1529 2369 1599 τῷ
2404 1527 2534 1599 mp,
2563 1529 2630 1581 δι’
2674 1524 2736 1583 οὒ
2786 1530 2852 1581 τά
2881 1515 3058 1581 πάντα
3089 1527 3324 1595 ἐγένετο·
3368 1525 3428 1578 τὸ
3474 1524 3546 1587 δὲ,
3579 1543 3595 1574 ι
3636 1524 3684 1576 ἐν
3703 1516 3795 1589 th,»

2293 1621 2490 1690 τρίτως
2517 1620 2638 1672 καθ’
2693 1619 2954 1674 ὑπόϐασιν
2993 1619 3068 1689 τῷ
3120 1619 3259 1688 ἁγίῳ
3304 1616 3432 1689 [197
3463 1615 3517 1688 a]
3555 1614 3800 1683 Πνεύματι’

2293 1713 2351 1763 ἐν
2372 1712 2520 1781 αὐτῷ
2547 1713 2678 1781 γάρ,
2713 1712 2896 1781 φησιν,
2921 1711 3069 1764 πᾶσα
3098 1707 3222 1773 δόξα
3253 1708 3638 1778 ἀναπέμπεται·
3666 1706 3804 1774 ὁρμη-

2295 1801 2476 1865 θέντες
2504 1801 2751 1873 καὶπρὸς
2783 1801 2940 1855 τοῦτο
2986 1801 3092 1856 ἀπὸ
3123 1800 3231 1854 τῶν
3259 1800 3467 1853 Παύλου
3497 1797 3805 1870 γραμμάτων,

623 1883 838 1951 quiunt,
878 1885 1052 1938 omnis
1095 1885 1414 1954 glorificatio
1463 1886 1571 1939 Deo
1625 1884 1867 1940 oli‘crtur.
1910 1886 1963 1938 id
2012 1893 2190 1937 autem

2308 1895 2398 1948 τῶν
2433 1911 2490 1946 τε
2521 1893 2658 1966 πρὸς
2704 1895 2984 1962 Ἐφεσίους
3033 1893 3266 1963 ἐχόντων
3308 1890 3633 1962 παραίνεσιν,
3679 1883 3807 1940 οὖσαν

623 1967 946 2023 conﬁrmant
1001 1987 1066 2024 ex
1121 1971 1268 2025 Pauli
1305 1971 1561 2039 Litteris;
1592 1990 1710 2026 cum
1748 1989 1812 2026 ex
1853 1975 1916 2027 iis
1959 1973 2189 2038 scilicet,

622 2074 743 2125 quae
783 2061 998 2130 scripta:
1049 2072 1174 2116 sunt
1221 2062 1492 2132 Ephesiis,
1542 2078 1768 2133 quoique
1823 2067 1958 2117 hanc
1996 2064 2193 2117 habent

622 2149 1091 2205 exhortationem:
1120 2171 1138 2204 ι
1160 2152 1331 2206 Nolite
1351 2151 1460 2226 (6b)
1484 2155 1803 2207 contristare
1830 2152 1904 2225 (id
1931 2151 2193 2206 estoﬂ'en-

619 2241 778 2314 dere)
809 2244 1068 2316 Spiritum
1104 2259 1346 2303 sanctum
1387 2249 1502 2314 Dei,
1545 2251 1597 2304 in
1637 2266 1742 2319 quo
1775 2251 2036 2321 obsignati
2063 2251 2195 2306 estis

625 2335 684 2387 in
719 2335 858 2389 diem
893 2339 1309 2408 redemptionis;
1349 2360 1367 2392 ι
1402 2351 1510 2394 tmn
1547 2357 1610 2395 ex
1651 2343 1734 2407 iis,
1756 2357 1874 2410 qu:e
1908 2343 1972 2395 ad
2003 2342 2195 2396 Corin-

629 2426 772 2482 thios
805 2429 983 2483 missm
1031 2441 1176 2497 sunt,
1232 2443 1393 2502 atque
1435 2434 1735 2504 ltujusmodi
1773 2433 2070 2488 doctrinam
2102 2433 2196 2485 ha-

627 2515 756 2569 bent
785 2535 798 2572 :
845 2536 864 2569 ι
899 2519 1012 2573 Non
1045 2531 1128 2575 est
1153 2521 1264 2594 (67)
1297 2524 1440 2577 enim
1477 2540 1696 2594 regnum
1732 2524 1821 2578 Dei
1847 2539 1988 2587 esca,
2023 2533 2074 2574 et
2104 2538 2196 2590 p0-

631 2614 716 2662 tus
755 2626 769 2662 :
805 2611 899 2663 sed
945 2610 1176 2678 justitia,
1219 2625 1274 2669 et
1328 2631 1453 2684 pax,
1495 2627 1548 2669 et
1601 2617 1849 2685 gaudiqu
1902 2617 1952 2668 in
1994 2616 2194 2684 Spiritu

630 2712 836 2758 saneto.
877 2721 896 2754 ι
933 2703 1036 2757 Sed
1082 2721 1146 2759 ne
1195 2708 1294 2760 hoc
1327 2708 1540 2774 quidem
1589 2721 1770 2762 eorum
1816 2717 2192 2776 argumentum

633 2791 928 2862 quidquam
960 2793 1124 2850 valet.
1148 2795 1281 2849 Nam
1313 2812 1374 2850 ea
1401 2812 1589 2852 vocum
1639 2799 1961 2867 permutatio
1993 2812 2096 2850 non
2131 2812 2194 2850 ex

631 2898 699 2937 eo
731 2887 1014 2953 repetenda
1063 2897 1166 2951 est,
1201 2889 1342 2957 quod
1380 2888 1569 2955 Filius,
1608 2899 1664 2944 et
1692 2889 1930 2958 Spiritus
1979 2903 2198 2943 sanctus

633 2976 920 3032 inferiores
949 2979 1056 3032 sint
1091 2997 1106 3033 :
1141 2983 1310 3033 anthze
1331 2982 1474 3035 enim
1503 2995 1660 3036 voces
1690 2999 1710 3033 ι
1739 2996 1826 3048 ex,
1859 3001 1878 3033 ι
1912 2989 1966 3035 et
1996 2999 2013 3032 ι
2047 2996 2192 3050 ρει-,ι

633 3067 923 3137 unicuique
972 3070 1246 3140 hypostasi
1288 3073 1500 3140 preprie
1543 3073 1904 3138 conveniunt;
1958 3073 2002 3126 si
2055 3074 2196 3126 enim

635 3160 817 3213 omnia
858 3170 986 3214 sunt
1044 3177 1110 3216 ex
1155 3163 1286 3227 Deo,
1358 3173 1413 3215 ut
1468 3163 1712 3232 profecto
1760 3172 1907 3230 sunt,
1932 3164 2200 3232 quomodo

635 3249 793 3304 initio
830 3250 970 3305 facta
1026 3263 1154 3308 sunt
1183 3255 1362 3310 omnia
1397 3270 1490 3324 per
1516 3253 1750 3310 Filium?
1785 3257 1861 3308 Ac
1891 3256 1935 3309 si
1977 3265 2198 3310 noverat

635 3339 858 3410 Paulus,
911 3357 1032 3397 eum
1090 3346 1340 3400 ascititiis
1404 3346 1510 3400 diis
1547 3348 2009 3401 annumerandum
2059 3362 2198 3415 esse,

636 3433 824 3501 quidni
864 3449 983 3489 cum
1020 3435 1140 3490 aliis
1180 3450 1302 3490 eum
1351 3437 1704 3504 permiscuit?
1745 3453 1842 3492 cur
1892 3438 2039 3492 illum
2081 3454 2202 3494 cum

636 3521 798 3579 Patre
830 3525 1143 3590 conjunxit?
1171 3527 1235 3581 At
1272 3528 1473 3583 voculis
1505 3528 1634 3594 illis,
1671 3547 1690 3580 ‹
1728 3545 1815 3593 ex,
1848 3549 1866 3581 ι
1894 3540 1948 3585 et
1987 3549 2007 3582 ι
2044 3546 2157 3600 per,
2178 3549 2199 3583 ι

637 3630 767 3670 usus
813 3627 915 3681 est,
961 3619 1189 3688 priurum
1244 3621 1455 3689 quidem
1499 3637 1565 3676 ue
1616 3622 1850 3693 aliquam
1904 3625 2203 3679 divinarum

640 3707 1012 3779 hypostasium
1055 3712 1428 3767 confusionem
1472 3715 1790 3780 cogitemus,
1832 3717 1924 3772 sed
1971 3716 2210 3786 singulas

639 3800 1036 3869 distinguamus
1065 3823 1078 3859 :
1105 3806 1298 3862 deinde
1321 3816 1378 3860 ut
1415 3807 1730 3876 explodatur
1753 3805 2059 3860 Graecorum
2088 3805 2207 3873 qui-

639 3889 761 3944 dem
794 3892 1184 3962 polytlteisutus
1213 3913 1308 3966 per
1343 3897 1492 3958 illud,
1533 3915 1551 3948 ι
1583 3896 1729 3953 Unus
1753 3895 1918 3968 409
1951 3897 2088 3952 Deus
2114 3896 2210 3949 Pa-

639 3989 766 4036 ter:
801 4002 820 4035 ι
862 3982 1166 4039 ,ιυιίειξοτιιιη
1223 4001 1349 4041 vero
1405 3987 1727 4056 pervicacia,
1773 4003 1875 4055 qua
1935 3985 2206 4040 Christqu

641 4083 1013 4142 contemnunt,
1079 4092 1174 4146 per
1237 4077 1404 4145 illud,
1469 4096 1487 4129 ι
1531 4076 1686 4133 Unus
1741 4075 2000 4132 Dominus
2055 4075 2212 4131 Jcsus

647 4162 943 4224 Christus:
983 4189 1003 4222 ι
1060 4168 1509 4224 Montanistarum
1565 4180 1742 4223 autem
1787 4169 2076 4233 dementia,
2118 4169 2210 4238 qui

642 4263 757 4312 tres
777 4260 1026 4314 omnibus
1047 4260 1260 4330 hymnis
1289 4259 1479 4328 dignas
1501 4259 1820 4330 hypostascs
1871 4258 2025 4328 quasi
2051 4273 2210 4313 ouant

643 4363 932 4419 personam
997 4351 1195 4406 culturi
1246 4359 1420 4415 erant,
1485 4365 1581 4419 per
1643 4349 1792 4412 illud,
1847 4366 1866 4401 ι
1897 4347 2116 4416 Unus,»
2159 4359 2214 4405 et

651 4458 670 4493 ι
710 4439 882 4510 Unus,
911 4452 1007 4497 iet
1045 4462 1064 4494 ι
1102 4441 1292 4499 Unus:
1325 4460 1344 4495 ι
1392 4440 1614 4497 Sabellii
1658 4440 1872 4496 demum
1923 4439 2073 4495 furor
2123 4441 2214 4496 de-

2293 1983 2352 2035 ἐν
2377 1981 2605 2046 τούτοις·
2647 2002 2665 2033 ι
2699 1983 2792 2053 Μὴ
2832 1983 3051 2035 λυπεῖτε
3099 1983 3160 2036 τὸ
3215 1979 3440 2050 Πνεῦμα
3477 1979 3534 2032 τὸ
3564 1981 3698 2046 ἀγιον
3738 1971 3810 2028 τοῦ

2291 2071 2450 2136 Θεοῦ,
2504 2073 2562 2125 ἐν
2617 2063 2661 2140 ᾧ
2699 2070 3103 2141 ἐσφραγίσθητε
3151 2070 3231 2134 εἰς
3287 2071 3498 2141 ἡμέραν
3549 2064 3813 2135 ἀπολυτρὼο

2295 2177 2449 2224 σεως’
2478 2180 2496 2213 ι
2528 2161 2635 2213 τῶν
2665 2177 2723 2213 τε
2756 2161 2889 2231 πρὸς
2906 2159 3241 2231 Κορινθίους,
3265 2159 3495 2228 ἐχόντων
3523 2152 3814 2210 διδασκαλίαν

2293 2252 2523 2304 τοιάνδε’
2567 2252 2671 2303 «Uti
2707 2251 2816 2321 γάρ
2850 2251 3050 2318 ἐστινὴ
3099 2249 3344 2318 βασιλεία
3387 2247 3476 2301 τοῦ
3508 2245 3632 2300 Θεοῦ
3654 2242 3816 2315 βρῶσις

2295 2345 2391 2398 καὶ
2422 2345 2598 2409 πόσις,
2638 2343 2774 2397 ἀλλά
2803 2342 3142 2414 δικαιοσύνη,
3196 2343 3289 2395 καὶ
3332 2343 3540 2413 εἰρήνη,
3593 2339 3678 2392 καὶ
3705 2332 3819 2407 χαρὰ

2296 2437 2353 2489 ἐν
2388 2434 2658 2506 Πνεύματι
2681 2436 2838 2506 ἁγίῳ.
2866 2457 2883 2488 ο
2921 2436 3086 2489 Οὐδὲν
3119 2435 3176 2488 δὲ
3206 2435 3324 2487 οὐδὲ
3349 2434 3505 2487 τοῦτο
3528 2431 3688 2486 αὐτῶν
3705 2430 3820 2481 ἐστιν

2298 2527 2594 2610 παντελῶς.
2653 2529 2718 2580 Αἱ
2771 2527 2880 2598 γὰρ
2932 2527 3040 2580 τῶν
3075 2526 3273 2592 λέξεων
3325 2525 3631 2595 ἐναλλαγαὶ,
3682 2522 3733 2575 οὐ
3769 2519 3819 2572 δι’

2297 2619 2592 2672 ἐλάττωσιν
2643 2616 2737 2671 τοῦ
2779 2616 2909 2670 Υἱοῦ
2937 2617 3147 2670 καὶτοῦ
3179 2618 3334 2686 άγίου
3369 2615 3672 2688 Πνεύματός
3698 2613 3821 2664 εἰσινο

2297 2711 2600 2782 ἀμφότεραι
2634 2709 2743 2781 γὰρ
2774 2710 2830 2762 αἰ
2870 2707 3041 2773 λέξεις
3082 2709 3297 2773 οἰκείως
3345 2710 3526 2781 ἔχουσι
3569 2706 3692 2778 πρὸς
3726 2698 3825 2754 ἐκά-

2300 2821 2430 2874 στην
2464 2802 2774 2856 ὑπόστασιν⁸
2803 2803 2851 2853 εἰ
2877 2801 2984 2871 γὰρ
3009 2801 3075 2853 τά
3106 2801 3280 2854 πάντα
3302 2803 3367 2853 ἐκ
3386 2799 3478 2853 τοῦ
3498 2797 3645 2861 Θεοῦ,
3677 2794 3827 2861 ὥσπερ

2298 2888 2390 2946 οὖν
2410 2891 2631 2961 ἀληθὲς,
2661 2890 2778 2954 πῶς
2811 2889 3016 2944 ἀνωθεν
3043 2889 3109 2942 τά
3145 2889 3321 2943 πάντα
3351 2891 3442 2943 διὰ
3467 2889 3557 2942 τοῦ
3584 2883 3728 2948 Υἱοῢ,
3755 2881 3827 2933 καὶ

2301 2987 2348 3038 εί
2381 2984 2647 3054 ἠπίστατο
2668 2986 2781 3046 τοῖς
2811 2984 3139 3052 εἰσποιητοῖς
3171 2981 3312 3046 Θεοῖς
3346 2977 3735 3054 ἐναριθμεῖσθαι
3756 2972 3832 3027 αὖ·

2300 3076 2411 3139 τὸν,
2440 3075 2493 3127 τί
2529 3074 2604 3146 μὴ
2648 3077 2761 3138 τοῖς
2801 3073 2981 3137 ἄλλοις
3036 3071 3315 3144 ἀνέμιξεν,
3350 3073 3448 3126 κα)⁵
3493 3072 3566 3142 μὴ
3593 3071 3664 3140 τῷ
3693 3061 3831 3133 Πατρὶ

2306 3168 2648 3238 συνήνωσεν;
2686 3165 2825 3218 Ἀλλ’
2874 3165 3047 3228 οὕτως
3077 3164 3344 3235 εἴρηνται,
3389 3163 3550 3217 τοῦτο
3585 3159 3676 3232 μὲν
3698 3152 3836 3210 διὰτὸ

2313 3259 2387 3330 μὴ
2420 3258 2678 3328 σύγχυσιν
2710 3258 2898 3328 νοῆσαι
2929 3257 3040 3309 τῶν
3071 3255 3227 3309 θείων
3249 3256 3620 3314 ὑποστάσεων,
3641 3249 3836 3315 ἑκάστην

2308 3349 2364 3402 δέ
2387 3347 2844 3421 διευκρινηθῖψαι·
2891 3345 3049 3400 τοῦτο
3076 3346 3132 3400 δὲ
3161 3347 3248 3400 διά
3269 3347 3331 3401 τὸ
3372 3342 3717 3400 ἐκϐάλλεσθαι
3743 3336 3839 3392 Ἐλ-

2309 3438 2484 3510 λήνων
2509 3439 2606 3509 μέν
2635 3439 2732 3510 τὴν
2763 3437 3050 3492 πολυθεῖαν
3080 3437 3168 3491 διὰ
3201 3438 3317 3502 τοῦ,
3355 3456 3375 3489 ι
3417 3431 3515 3500 Εἷς
3541 3435 3666 3497 θεὸς
3689 3433 3715 3482 ὁ
3753 3429 3840 3482 Πα-

2308 3535 2433 3603 τήρ
2481 3552 2500 3584 ι
2549 3533 2815 3587 Ἰουδαίων
2840 3532 2896 3584 δέ
2937 3532 3036 3604 τὴν
3075 3531 3202 3602 περὶ
3241 3531 3336 3584 τὸν
3369 3529 3603 3603 Χριστὸν
3626 3524 3841 3592 ἀθέτησιν

2307 3623 2396 3677 διά
2444 3623 2560 3686 τοῦ,
2609 3641 2628 3674 ι
2663 3618 2759 3687 Εἷς
2815 3622 3020 3694 Κύριος
3063 3621 3272 3692 Ἰησοῦς
3328 3621 3584 3692 Χριστός
3623 3637 3642 3671 ›
3671 3617 3843 3671 Μοντα-

2309 3715 2503 3770 νιστῶν
2523 3715 2579 3767 δὲ
2609 3715 2708 3784 τὴν
2738 3715 2944 3780 ἄνοιαν,
2976 3713 3277 3786 μελλόντων
3299 3715 3401 3779 τὰς
3429 3717 3576 3784 τρεῖς
3605 3703 3846 3776 πανυμνὴ·

2309 3822 2435 3868 τους
2468 3805 2794 3866 ὑποστάσεις
2844 3803 2920 3868 ὡς
2973 3804 3030 3857 ἒν
3068 3805 3358 3876 πρόσωπον
3414 3801 3744 3876 θρησκεύειν,
3777 3792 3845 3846 διὰ

2310 3895 2426 3961 τοῦ,
2465 3914 2484 3947 ι
2524 3891 2640 3959 Εἷς,
2666 3915 2684 3947 ι
2716 3895 2812 3949 καὶ
2855 3915 2873 3946 ι
2908 3891 3022 3960 Εἷς,
3069 3914 3087 3948 ι
3125 3896 3219 3948 καὶ
3261 3915 3279 3947 ι
3317 3892 3438 3960 Εἷς·
3469 3915 3487 3949 ι
3523 3883 3847 3948 Σαδεὶλίουδξ

2310 3987 2409 4058 τὴν
2464 3987 2661 4057 μανίαν
2705 3987 3031 4041 ἀνθύπατον
3075 3983 3212 4041 εἶναι
3261 3987 3352 4041 τὸν
3403 3988 3538 4040 Θεὸν
3567 3985 3744 4051 Λόγον,
3789 3975 3848 4035 ὡς

2310 4077 2402 4130 τὸν
2435 4078 2766 4150 προφορικὸν
2791 4078 2881 4130 τὸν
2910 4077 3272 4148 ἀναλυόμενον
3310 4079 3410 4131 καὶ
3445 4077 3568 4149 ἀέρι
3606 4063 3850 4138 συνεκχεό·

2317 4185 2496 4238 μενον,
2538 4167 2954 4237 φαντασθέντος,
2984 4167 3176 4232 οὓτως*
3208 4169 3291 4222 ὅτι
3317 4169 3447 4240 [I97
3480 4167 3534 4239 b]
3561 4170 3589 4220 ό
3632 4162 3850 4217 Ἀπόστο·

2312 4256 2400 4321 λος
2424 4259 2515 4312 τὸν
2540 4257 2832 4329 σύνδεσμον
2887 4261 2987 4328 τῆς
3020 4258 3167 4321 θείας
3196 4260 3422 4331 εἰρήνης
3453 4258 3741 4328 φυλάττων,
3771 4246 3852 4300 πά-

2313 4349 2394 4402 λιν
2426 4349 2738 4421 ἀμφοτέρας
2759 4348 2858 4413 τάς
2883 4349 3057 4415 λέξεις
3081 4351 3281 4416 ταύτας
3312 4348 3661 4420 συναγαγὼν,
3693 4346 3763 4405 εἰς
3783 4339 3852 4392 τδν

2315 4441 2409 4494 ἕνα
2437 4442 2748 4512 ἀναπέμπει
2771 4441 3137 4512 ἀῤῥητότατον
3163 4442 3314 4507 Θεὸν,
3345 4443 3641 4512 Ῥωμαίοις
3655 4434 3850 4508 γράψας⁹

646 4534 1012 4588 mentissimus
1030 4535 1162 4607 (68),
1213 4537 1304 4605 qui
1361 4534 1526 4590 Deum
1559 4534 1793 4588 Verbum
1840 4547 1963 4588 esse
1993 4533 2198 4588 commit

2322 4553 2340 4584 ι
2371 4533 2491 4586 Ὀτι
2518 4531 2578 4596 ἐξ
2601 4531 2787 4597 αὐτοῦ,
2825 4533 2917 4585 καὶ
2947 4533 3012 4586 δι’
3043 4533 3229 4598 αὐτοῦ,
3251 4535 3345 4586 καὶ
3367 4535 3452 4597 εἰς
3485 4533 3647 4587 αὐτὸν
3670 4531 3728 4582 τά
3757 4525 3855 4578 πάν-

645 4623 960 4678 niscehatur
996 4635 1053 4678 ut
1083 4623 1420 4693 prolatitium
1455 4622 1699 4688 verbum,
1727 4621 1868 4692 quod
1901 4621 2211 4686 resolvitur,

648 4713 704 4769 et
731 4716 842 4769 aeri
880 4719 1256 4786 permiscetur.
1289 4713 1551 4769 Nimirum
1574 4713 1860 4783 Apostolus
1887 4712 2081 4767 divina:
2119 4728 2213 4782 pa-

648 4805 728 4859 cis
759 4807 832 4874 (id
895 4815 980 4860 est
1015 4805 1258 4874 unitatis)
1291 4804 1561 4859 vinculum
1586 4818 1831 4867 servans,
1872 4818 2058 4858 rursus
2099 4819 2215 4856 am-

649 4896 747 4952 bas
806 4900 969 4953 hasce
1028 4911 1187 4953 voces
1245 4895 1403 4951 simul
1455 4894 1650 4966 jungit,
1710 4903 1872 4964 atque
1930 4895 1996 4949 ad
2048 4909 2212 4948 unum

651 5005 858 5046 summe
886 4988 1210 5045 ineﬂ‘abilem
1247 4989 1416 5044 Deum
1454 4987 1570 5042 illas
1620 4986 1802 5052 refert,
1845 4987 1969 5040 dum
2015 4985 2220 5044 Roma.

747 5196 858 5267 62‘)
889 5195 1187 5267 Quoniam.
1225 5193 1242 5247 l
1274 5194 1400 5267 Cor.
1444 5209 1557 5258 VIII,

747 5261 850 5336 65)
878 5265 1042 5320 Deus.
1086 5265 1270 5320 Gra'ca
1308 5265 1480 5336 editio
1524 5265 1673 5336 addit
1728 5262 1964 5336 ἕτερος,Δ
1998 5261 2049 5314 id
2102 5271 2218 5325 est,

655 5360 670 5389 ι
713 5331 868 5392 alter.
915 5356 932 5389 ι
970 5336 1138 5399 Quam
1194 5350 1378 5390 vocem
1441 5332 1698 5404 Vulgatus
1741 5331 1903 5387 etiam
1953 5331 2220 5400 interpres

651 5409 858 5469 omisit,
893 5415 952 5460 ttt
982 5405 1261 5474 Didymus.

727 5477 837 5546 (64)
880 5476 963 5530 Ex
989 5470 1099 5545 quo.
1123 5477 1318 5528 omnia.
1350 5474 1407 5529 in
1451 5473 1638 5528 Bihliis
1671 5472 1874 5528 Crtecis
1919 5485 1982 5526 ac
2011 5470 2221 5526 Latinis

653 5549 876 5605 additur
907 5566 919 5600 :
951 5565 970 5598 ι
1012 5555 1065 5599 et
1092 5562 1188 5598 nos
1219 5547 1271 5598 in
1302 5547 1495 5614 ipsum.
1535 5563 1552 5594 ι

731 5618 840 5688 (ϐίὶ)
868 5621 959 5688 Et:
983 5633 1102 5682 quo.
1137 5611 1620 5688 Codex—mendose,
1665 5616 1733 5688 ἐξ
1757 5611 1872 5688 σού.
1911 5611 2219 5688 Legendum

658 5682 834 5755 ἐξόὗξ
863 5687 926 5742 Et
953 5689 1107 5755 paulo
1137 5698 1253 5751 post
1284 5702 1378 5755 pro
1407 5688 1463 5738 ἐν
1497 5684 1641 5755 μόνω
1669 5684 1744 5753 τῷ
1786 5682 2220 5755 Πατρίέιιιο-Ιίω,

670 5753 766 5832 μὲν
790 5753 1030 5832 μόνῳ-τῷ
1059 5755 1254 5832 Πλατρί.
1281 5753 1857 5832 Simileargumetttum
1887 5753 2072 5832 A_etius
2097 5753 2222 5832 hinc

665 5821 1265 5894 eruebat,"l‘b'eodoreto
1291 5835 1425 5885 teste
1452 5821 1614 5882 libfu
1643 5821 1780 5880 Hist.
1817 5823 1943 5880 ccci.
1968 5838 2086 5894 cap.
2121 5823 2208 5878 27..

2315 4641 2405 4677 τα·
2441 4623 2587 4693 αὐτῷ
2636 4625 2670 4694 ἡ
2735 4623 2860 4689 δόξα
2918 4626 2997 4688 είς
3050 4625 3178 4688 τοὺς
3237 4626 3464 4688 αἰῶνας.
3515 4626 3700 4694 Ἀμήν·
3741 4615 3856 4670 »καὶ

2330 4714 2614 4782 Ἐφεσίοιςο
2670 4733 2690 4766 ι
2725 4711 2820 4778 Εἷς
2867 4715 2997 4780 Θεὸς
3058 4717 3154 4768 καὶ
3203 4715 3398 4788 Πατὴρ
3454 4718 3687 4778 πάντων,
3728 4713 3753 4763 ὁ
3787 4706 3859 4760 ἐπὶ

2319 4808 2554 4872 πάντων,
2593 4809 2687 4862 καὶ
2713 4808 2804 4861 διά
2832 4807 3069 4870 πάντων,
3111 4809 3204 4861 καὶ
3235 4811 3290 4862 ἐν
3334 4810 3528 4862 πιὶἱσιν⁸
3562 4827 3580 4860 t
3609 4807 3703 4858 οὐκ
3737 4797 3859 4854 ma-

2321 4915 2472 4972 τριον
2517 4895 2654 4953 εἶναι
2688 4899 2858 4968 λέγων
2880 4940 2882 4942 τ
2906 4898 2998 4952 τοῦ
3031 4919 3048 4951 ι
3077 4900 3170 4952 ἐπὶ
3193 4899 3414 4952 πάντων
3450 4920 3470 4952 ι
3507 4899 3568 4952 τὸ
3600 4917 3616 4949 ι
3657 4895 3736 4950 διά
3760 4891 3862 4946 πάνυ

2321 5005 2450 5051 των,
2485 5008 2504 5042 ι
2541 4989 2659 5042 οὐδὲ
2696 4989 2791 5042 τοῦ
2823 5008 2841 5041 ι
2878 4989 2964 5042 διὰ
3000 4990 3214 5044 πάντων
3245 5009 3264 5043 ι
3290 4990 3353 5044 τὸ
3387 5009 3408 5042 ι
3437 4993 3498 5045 ἐν
3530 4992 3705 5044 πᾶσιν.
3741 5004 3758 5037 t
3802 4979 3859 5032 Οὐ

2331 5209 2348 5242 ι
2385 5191 2545 5260 Atqui
2590 5191 2946 5262 (inquiebat)
2995 5191 3137 5245 inter
3181 5190 3558 5262 sedissimilia
3621 5193 3754 5262 sunt,
3803 5178 3859 5262 Εξ

2324 5254 2511 5387 «1pm.;
2541 5254 2616 5384 let,
2659 5279 2678 5312 ι
2705 5254 2822 5330 'per
2852 5254 3034 5330 quem.
3071 5281 3091 5314 ι
3131 5262 3274 5332 Ergo
3302 5261 3479 5316 Filius
3511 5254 3774 5316 dissimilis
3798 5255 3864 5304 est

2372 5349 2434 5382 Et)
2505 5349 2531 5384 ἒὶ
2567 5349 2630 5384 ΓΙ.
2668 5351 2686 5382 Ι

2372 5349 2434 5382 ιιι)
2463 5349 2606 5384 l’all‘l
2618 5371 2630 5384 .
2668 5351 2686 5382 Ι

2397 5401 2508 5471 (66)
2554 5399 2748 5471 Nolite.
2779 5400 2975 5468 Ephes.
3006 5417 3080 5468 tv,
3112 5403 3202 5456 50.

2393 5453 2506 5543 (67)
2548 5453 3300 5543 Nonettgln’Episfolaﬂnon
3331 5471 3400 5524 ad
3433 5466 3764 5526 Corinthios,
3786 5453 3862 5513 58d

2319 5544 2384 5596 ad
2404 5541 2572 5595 nam.
2605 5557 2718 5606 XIV,
2754 5541 2838 5597 17.

2389 5613 2500 5683 (68)
2545 5613 2995 5666 Demrniiuimus.
3022 5610 3204 5683 Codex
3233 5613 3520 5673 mendose,
3547 5607 3863 5683 ἀνούστατοῖο

2317 5663 2573 5752 λοξαὶ·ἓυῖ
2594 5663 2850 5740 tuente}
2879 5663 3281 5750 ἀνυπισέάθοψ,
3296 5663 3420 5738 aut
3438 5663 3614 5738 ‘cérte
3636 5663 3868 5732 ἀνθυπά-

2315 5771 2434 5824 την.
