4042 6404
271 431 378 487 925

1371 436 1455 489 os
1493 410 1866 493 TRINITATE
1904 438 2106 495 usus
2143 440 2466 497 manus.

3407 440 3510 498 9‘26

272 542 607 615 κεχώρισται
646 543 752 615 γάρ
799 542 893 598 τοῦ
954 562 974 597 ι
1002 543 1096 598 ἐπὶ
1153 544 1370 598 πάντων
1403 546 1476 615 »ή
1506 546 1702 613 κτίσις,
1730 546 1839 618 ἢνέ

1952 551 2033 604 nis
2062 552 2294 607 scribit:
2331 571 2349 605 ‹
2380 550 2638 619 Quoniam
2661 551 2772 622 (69)
2814 566 2880 607 ex
2916 552 3052 621 ipso,
3081 560 3136 609 et
3180 567 3277 624 per
3313 554 3513 625 ipsum.

274 635 375 705 μὲν
406 654 425 685 ι
449 635 534 688 διὰ
556 634 771 690 πάντων
790 654 809 686 ι
844 634 974 699 Θεὸς
998 636 1167 704 Λόγος
1185 638 1262 698 είς
1287 634 1348 688 τὸ
1367 635 1504 689 εἶναι
1536 638 1843 708 παρήγαγε,

270 728 332 779 τὸ
354 727 414 779 δὲ
441 746 461 779 ι
484 728 541 780 ὲν
562 726 763 782 ἅπασιν
798 747 816 780 ι
835 728 1056 800 Πνεῦμα
1076 726 1170 781 τοῦ
1192 727 1325 781 Θεοῦ
1367 727 1582 799 πληροῖ,
1612 728 1844 799 συνέχει,

271 817 514 884 ἁγιάζει,
560 818 655 871 καὶ
700 818 974 881 ζωοποιεῖ.
1030 819 1128 871 Διά
1153 836 1236 871 τοι
1287 818 1444 872 τοῦτο
1475 818 1844 883 ἑξακολουθῶν

270 907 348 978 τῷ
377 910 510 979 περὶ
534 908 594 961 τὸ
625 909 905 980 βάπτισμα
923 908 1247 980 θεσπίσματι
1273 910 1365 964 τοῦ
1418 910 1709 975 Δεσπότου,
1730 914 1844 974 τοῖς

270 1000 458 1063 αὐτοῖς
486 1000 549 1053 τὸ
582 1001 833 1072 δεύτερον
869 1001 1175 1073 Κορινθίοις
1207 1000 1531 1066 ἐπιστείλας,
1553 1004 1621 1073 τῇ
1654 1002 1842 1072 Τριάδι

268 1090 368 1161 τὴν
386 1092 659 1162 ίσοτιμὶαν
689 1092 972 1161 ἐφύλαξεν,
1012 1091 1199 1145 είπών·
1242 1112 1262 1145 ι
1309 1092 1371 1145 Ἠ
1402 1093 1559 1164 χάρις
1593 1093 1685 1144 τοῦ
1725 1093 1840 1145 Κυ-

272 1181 387 1252 ρίου
414 1183 574 1253 ἡμῶν
612 1183 786 1253 Ἰησοῦ
828 1182 1086 1253 Χριστοῦ,
1121 1191 1215 1237 καὶ
1244 1184 1278 1254 ἡ
1331 1183 1517 1254 ἀγάπη
1550 1182 1645 1235 τοῦ
1679 1182 1838 1248 Θεοῦ,

270 1272 364 1325 καὶ
391 1272 424 1342 ἡ
456 1272 707 1325 κοινωνία
752 1271 845 1325 τοῦ
905 1272 1058 1343 ἁγίου
1100 1272 1414 1343 Πνεύματος
1456 1271 1593 1341 μετὰ
1624 1272 1842 1326 πάντων

267 1362 443 1433 ὑμῶν.
484 1383 504 1416 ι

1947 641 2071 695 etin
2100 640 2214 708 ipso
2244 642 2560 696 suntomnia
2585 660 2598 696 :
2626 642 2720 710 ipsi
2743 641 2909 711 gloria
2934 642 2985 695 in
3016 646 3232 699 stecula.
3270 645 3505 711 Amen;-

1945 742 2001 786 et
2028 731 2273 799 Ephesiis
2305 750 2319 786 :
2358 750 2375 783 ι
2401 730 2548 787 Unus
2568 732 2680 802 (70)
2718 732 2855 786 Deus
2875 732 3104 788 etPater
3132 734 3393 801 omnium,
3420 738 3511 804 qui

1945 831 2028 876 est
2066 837 2226 889 super
2257 823 2460 886 omnia,
2497 831 2549 876 et
2594 836 2688 890 per
2732 824 2934 886 omnia,
2965 824 3098 877 etin
3136 823 3386 879 omnibus
3429 840 3443 878 :
3485 844 3504 877 ι

1943 927 2049 966 non
2085 911 2316 965 alienum
2368 926 2487 965 esse
2533 911 2824 965 ostendens
2875 925 3022 975 eum,
3074 912 3163 979 qui
3216 923 3319 976 est,
3355 931 3372 964 ι
3415 928 3511 983 per

1942 1001 2144 1066 omnia,
2176 1019 2196 1053 ι
2244 1002 2309 1056 ab
2360 1002 2473 1067 illo,
2525 1002 2615 1071 qui
2666 1011 2748 1056 est
2790 1016 2994 1070 «super
3043 1003 3245 1067 omnia,
3279 1021 3296 1055 ι
3337 1019 3510 1080 neque

1941 1091 2111 1157 illum,
2139 1094 2228 1163 qui
2260 1105 2343 1147 est
2385 1112 2403 1144 ι
2436 1094 2487 1147 in
2520 1094 2790 1156 omnibus,
2822 1111 2841 1144 ι
2880 1094 2945 1145 ab
2980 1093 3087 1159 illo,
3130 1096 3217 1163 qui
3245 1104 3327 1149 est
3365 1115 3383 1147 ι
3416 1112 3511 1164 per

1941 1183 2142 1236 omnia.
2171 1202 2189 1235 »
2230 1183 2437 1237 Etenim
2474 1184 2539 1249 is,
2575 1184 2664 1251 qui
2711 1192 2792 1236 est
2840 1199 2858 1233 ι
2899 1197 3059 1251 super
3089 1186 3289 1250 omnia,
3327 1204 3346 1235 ι
3402 1199 3507 1237 non

1942 1272 2115 1336 abest,
2155 1287 2277 1326 cum
2324 1274 2393 1326 sit
2433 1274 2748 1339 immensus,
2782 1290 2810 1327 a
2858 1286 3133 1337 creatura,
3169 1290 3329 1343 quam
3365 1274 3509 1327 Deus

1942 1361 2156 1430 quidem
2198 1362 2454 1426 Verbum,
2495 1365 2699 1432 quiest
2739 1382 2757 1414 t
2797 1379 2890 1433 per
2934 1366 3139 1427 omnia,
3181 1382 3200 1414 ι
3250 1364 3315 1417 ad
3363 1366 3506 1417 exsi-

267 1456 521 1509 stentiam
562 1455 803 1522 adduxit,
844 1454 1077 1524 Spiritus
1125 1468 1254 1509 vero
1310 1453 1426 1519 Dei,
1469 1452 1558 1523 qui
1596 1462 1679 1507 est
1722 1469 1740 1502 t
1782 1465 1835 1504 tn
1869 1451 2122 1505 omnibus
2147 1452 2283 1522 (7t),
2308 1471 2327 1503 ι
2366 1468 2485 1506 eam
2554 1454 2759 1522 implet,
2789 1454 3048 1516 continet,
3085 1452 3407 1517 sanctiﬁcat,
3454 1462 3511 1505 et

267 1546 529 1602 viviﬁcat.
560 1545 673 1602 Hac
704 1561 834 1603 sane
862 1548 926 1601 de
951 1561 1114 1601 causa
1150 1546 1204 1601 in
1244 1547 1477 1601 secunda
1512 1545 1579 1598 ad
1614 1544 1829 1598 eosdem
1864 1539 2181 1598 Corinthios
2245 1543 2482 1613 Epistula
2556 1555 2663 1599 tres
2700 1544 2980 1598 Trinitatis
3012 1557 3267 1610 personas
3314 1526 3507 1614 aeqnali

268 1654 605 1710 prosequens
646 1641 872 1703 honore,
920 1654 984 1694 ac
1033 1637 1100 1695 iis
1156 1646 1520 1693 consentanea
1605 1636 1869 1699 scribens,

1940 1648 2060 1704 quae
2112 1635 2165 1689 in
2205 1636 2453 1706 baptismi
2502 1636 2737 1691 formula
2769 1636 2933 1706 jussit
2978 1636 3235 1691 Dominus
3278 1638 3505 1703 servari,

267 1732 386 1785 ait:
443 1749 463 1781 ι
491 1730 676 1787 Gratia
704 1730 813 1802 (72)
869 1730 1078 1787 Domini
1122 1730 1291 1786 nostri
1342 1728 1469 1786 Jesu
1512 1729 1735 1796 Christi,
1777 1737 1832 1785 et
1869 1728 2108 1786 charitas
2170 1732 2285 1798 Dei,
2355 1744 2410 1790 et
2447 1734 2862 1790 communicatio
2904 1734 3077 1789 sancti
3126 1732 3360 1801 Spiritus
3384 1747 3506 1786 cum

263 1821 520 1878 omnibus
549 1820 719 1877 vobis.
756 1839 777 1873 ι

347 1993 615 2048 Ἐνταῦθα
641 1993 703 2046 τὸ
748 1992 943 2047 ταυτὸν
971 1992 1072 2063 τῆς
1098 1990 1369 2062 θεότητος,
1399 1958 1493 2044 καὶ
1528 1991 1591 2044 τὸ
1631 1989 1835 2045 ἁπλοῦν

2006 1988 2215 2055 Quibus
2249 1988 2303 2039 in
2326 1992 2505 2041 verbis
2532 1993 2751 2055 propter
2770 1985 2880 2057 (75)
2915 1987 3127 2041 deitatis
3149 1989 3505 2057 identttatem,

261 2079 642 2150 τῆς“πίστεως
687 2079 966 2149 μονονουχὶ
1009 2078 1103 2131 τοῦ
1132 2079 1344 2150 Πατρὸς
1391 2079 1707 2151 προτάττων
1743 2080 1835 2135 τὸν

266 2172 422 2236 Υἱὸν,
450 2170 587 2224 ἀλλὰ
618 2172 713 2223 καὶ
742 2170 1113 2241 προσκύνησιν
1139 2170 1259 2241 ίσην
1283 2171 1571 2240 ἀπονέμων
1595 2169 1672 2241 τῷ
1699 2169 1837 2241 ἁγίῳ

260 2262 564 2332 Πνεύματι,
609 2260 705 2314 καὶ
737 2261 962 2330 ἑνότητα
1012 2261 1107 2314 καὶ
1148 2261 1430 2315 κοινωνίαν
1480 2258 1619 2315 εἶναι
1664 2261 1836 2329 λέγων

259 2351 430 2425 αὐτῷ.
458 2354 625 2406 Ποίαν
657 2353 713 2406 δὲ
755 2352 990 2423 ταύτην;
1016 2353 1238 2418 Οὐσίας,
1277 2352 1571 2423 βασιλείας,
1604 2353 1837 2423 θελήμα-

256 2464 373 2509 τος,
410 2444 507 2498 κα)⁸
534 2448 633 2517 τῆς
661 2444 1131 2516 ἀναπεμπομένης
1168 2444 1346 2515 δόξης.
1392 2445 1481 2509 Ἐξ
1513 2446 1757 2516 ὑπαρχῆς
1780 2444 1837 2498 δὲ

257 2538 353 2591 τοῦ
384 2537 769 2609 προϐλήματος
797 2536 1277 2608 μνημονεύσωμεν.
1302 2536 1525 2609 Γράφει·
1550 2556 1569 2589 ι
1597 2534 1692 2601 Εἷς
1706 2537 1837 2600 Θεὸς

257 2634 288 2685 6
317 2632 531 2703 Πατὴρ,
549 2649 568 2681 ι
588 2631 679 2684 καὶ
703 2626 813 2693 «εἷς
841 2630 1048 2701 Κύριος
1073 2628 1277 2700 Ἰησοῦς
1305 2630 1557 2701 Χριστός·
1575 2650 1593 2682 ι
1625 2632 1723 2702 οὐχ
1761 2630 1838 2695 ὡς

257 2722 354 2776 τοῦ
409 2722 673 2792 ὀνόματος
706 2740 725 2772 ι
760 2720 861 2790 τῆς
906 2721 1155 2792 θεότητος
1187 2740 1205 2773 ι
1234 2721 1609 2791 ὑπερέχοντος,
1629 2722 1662 2792 ἢ
1685 2740 1836 2794 πρω-

256 2811 509 2873 τεύοντος
536 2809 897 2880 τοῦόνόματος
925 2809 1054 2877 «τῆς
1081 2808 1420 2879 κυριότητος,
1450 2827 1471 2861 ι
1501 2808 1608 2861 οὐδ’
1634 2810 1709 2873 ὼς
1739 2810 1838 2882 ἀρ-

262 2900 525 2971 μὸζοντος
559 2900 704 2970 μόνῳ
735 2900 833 2969 μὲν
876 2899 956 2969 τῷ
995 2900 1173 2969 Πατρὶ
1198 2899 1259 2951 τὸ
1306 2900 1524 2953 ἀκούειν
1559 2918 1578 2951 ι
1619 2900 1772 2964 Θεὸς,
1811 2919 1831 2953 ι

262 2987 414 3057 μόνῳ
448 2986 503 3038 δὲ
520 2986 599 3055 τῷ
623 2986 734 3056 Υἱῷ
756 2987 816 3039 τὸ
840 2986 1120 3039 καλεῖσθαι
1149 2986 1277 3058 [198
1295 2986 1349 3058 a]
1379 3006 1398 3039 ι
1427 2988 1629 3059 Κύριος
1660 3008 1679 3042 ι
1710 2991 1838 3062 (άμ-

259 3077 512 3149 φοτέρων
546 3077 652 3147 γὰρ
678 3076 746 3129 τὰ
779 3076 873 3129 δύο
906 3076 1054 3147 ίδια)’
1100 3076 1214 3129 ἀλλ’
1249 3078 1399 3141 ὅπως
1440 3080 1533 3131 καὶ
1560 3079 1621 3132 τὸ
1642 3080 1837 3133 ίδιοσύ-

260 3185 455 3220 στατον
496 3166 605 3219 τῶν
651 3167 1020 3231 ὑποστάσεων,
1051 3168 1146 3220 καὶ
1184 3168 1247 3220 τὸ
1278 3170 1335 3221 ὲν
1360 3170 1459 3240 μιᾷ
1491 3164 1630 3224 εἶναι
1670 3170 1837 3236 αὑτὰς

260 3260 477 3330 θεότητι
525 3259 619 3311 καὶ
664 3261 948 3331 κυριότητι
987 3260 1319 3332 ἀπαγγείλῃ.
1361 3262 1683 3331 Ἐπείτοιγε,
1716 3265 1834 3317 κατ’

1936 2089 1991 2134 et
2021 2079 2140 2133 tidei
2167 2076 2567 2147 simplicitatem
2597 2092 2702 2131 non
2747 2078 2905 2131 modo
2933 2087 3058 2131 ante
3096 2077 3306 2135 Patrem
3338 2079 3508 2133 collo-

1936 2168 2150 2240 cat(74)
2182 2168 2399 2233 Filium,
2431 2183 2617 2223 verum
2640 2169 2803 2223 etiam
2835 2170 3091 2239 aqualem
3138 2171 3505 2226 adoratiouem

1938 2261 2129 2315 tribuit
2159 2259 2381 2330 Spiritui
2415 2270 2625 2322 sancto,
2656 2259 2879 2328 ejusque
2916 2261 3197 2323 unitatem,
3224 2270 3279 2317 et
3314 2278 3509 2337 cncom-

1937 2353 2357 2408 municatiouem
2396 2370 2417 2404 ι
2451 2352 2527 2420 (id
2566 2363 2648 2406 est
2688 2353 3143 2421 communionem)
3179 2369 3509 2408 commemo-

1938 2452 2039 2498 rat.
2072 2442 2257 2510 Qualis
2296 2457 2424 2497 vero
2468 2452 2550 2497 est
2595 2444 2694 2495 ista
2738 2443 3187 2497 communicatio?
3222 2444 3505 2511 Essentim,

1943 2520 2453 2603 regnipvoluntatis,
2481 2539 2534 2584 ct
2567 2530 2992 2600 glorificatiouis,
3043 2546 3203 2601 quam
3236 2532 3344 2587 Deo
3371 2532 3506 2587 olle-

1942 2622 2131 2676 rimus.
2160 2619 2359 2675 Verum
2389 2635 2451 2675 ea
2486 2620 2659 2673 denuo
2693 2634 3177 2674 cutnmetnoretuus
3221 2637 3339 2689 qua:
3366 2622 3505 2689 obji-

1936 2711 2085 2765 ciunt
2113 2711 2369 2765 haaretici.
2394 2710 2593 2765 Scribit
2623 2711 2818 2765 Paulus
2850 2730 2863 2765 :
2900 2712 3081 2767 «Unus
3108 2712 3247 2767 Deus
3275 2713 3458 2779 Pater,
3480 2733 3499 2767 ι

1936 2810 1987 2856 et
2016 2818 2029 2854 :
2060 2818 2079 2852 ι
2114 2800 2261 2856 Unus
2281 2800 2539 2855 Dominus
2559 2800 2716 2857 Jesus
2738 2800 3008 2866 Christus,
3037 2820 3055 2855 ι
3090 2819 3193 2857 non
3217 2807 3367 2873 quasi
3392 2804 3505 2877 (75)

1941 2907 2135 2948 nomen
2176 2909 2194 2942 ι
2226 2892 2449 2946 Deitatis
2476 2910 2495 2943 ι
2558 2892 2628 2946 sit
2678 2891 3065 2957 excellentius,
3101 2904 3193 2946 aut
3240 2896 3506 2960 anterius,

1937 2999 2098 3054 quam
2130 2998 2323 3038 nomen
2358 3001 2378 3035 ι
2404 2983 2827 3049 Dominationis;
2860 3004 2880 3037 ι
2912 2995 3005 3039 aut
3033 2986 3185 3054 quasi
3224 2988 3509 3042 conveniat

1936 3077 2035 3131 soli
2064 3076 2278 3147 quidem
2303 3074 2469 3139 Patri,
2489 3084 2547 3130 ut
2569 3075 2781 3130 dicatur
2796 3075 2984 3148 41οι
2998 3077 3296 3141 ῡειιεμεοιί
3328 3088 3507 3134 autem

1936 3169 2074 3239 Filio
2099 3176 2158 3222 ut
2187 3177 2411 3223 vocetur
2441 3168 2792 3233 «Dominusp
2816 3171 3097 3239 utriusque
3112 3169 3255 3223 enim
3294 3170 3507 3240 propria

1938 3272 2064 3318 sunt
2092 3262 2207 3315 haec
2244 3261 2369 3314 duo.
2421 3258 2528 3315 Sed
2571 3260 2692 3316 ideo
2721 3261 2799 3315 sic
2831 3261 3065 3330 loquitur
3091 3260 3401 3329 Apostolus,
3444 3270 3503 3317 ut

258 3354 479 3418 αὐτοὺς,
512 3353 561 3404 εί
583 3353 656 3423 μὴ
685 3352 829 3405 ἔστιν
854 3353 1013 3422 φύσει
1034 3352 1165 3417 Θεὸς
1197 3354 1225 3405 6
1256 3352 1403 3417 Υἱὸς,
1437 3355 1558 3408 οὐδὲ
1594 3355 1793 3427 Κύριος
1812 3357 1839 3409 6

1943 3361 1997 3407 et
2046 3351 2317 3420 propriam
2372 3351 2780 3406 subsistentiam
2835 3352 3205 3422 ltypostasiutr
3241 3354 3507 3417 enuntiet,

260 3444 456 3514 Πατὴρ
499 3443 677 3511 (ἵλεως
705 3444 762 3496 δὲ
790 3445 922 3514 ἡμῖν
952 3444 1060 3513 είη,
1104 3444 1332 3500 τοιαῦτα
1386 3445 1443 3512 ἐξ
1474 3446 1721 3516 ἀνάγκης
1752 3446 1840 3501 διὰ

258 3536 361 3606 τὴν
406 3534 666 3587 ἀπόνοιαν
704 3534 1098 3605 φθεγγομένοις
1146 3535 1235 3606 τὴν
1258 3535 1508 3606 τούτων),
1545 3537 1621 3599 ὡς
1644 3536 1840 3591 ταυτὸν

256 3628 315 3681 δὲ
341 3627 608 3697 τυγχάνον
640 3644 659 3678 ι
688 3626 819 3691 Θεὸς
854 3644 874 3679 ι
910 3627 1004 3680 καὶ
1038 3644 1057 3678 ι
1089 3626 1314 3697 Κύριος,
1351 3645 1369 3678 ι
1403 3628 1497 3680 καὶ
1520 3626 1595 3691 ὡς
1615 3627 1839 3699 θάτερον

257 3718 490 3790 θατέρου
512 3718 585 3790 μὴ
611 3718 886 3789 διαφέρον,
924 3718 1056 3789 μηδὲ
1084 3718 1485 3789 κεχωρισμένον
1510 3719 1585 3782 ὼς
1613 3719 1835 3783 ἐπίπαν,

255 3812 553 3883 προτάττει
606 3812 639 3882 ἡ
682 3810 870 3882 Γραφὴ
904 3811 965 3863 τὸ
990 3829 1009 3863 ι
1050 3812 1078 3862 6
1125 3810 1329 3881 Κύριος
1364 3829 1381 3861 ι
1419 3810 1549 3863 τοῦ(
1580 3810 1778 3875 ὁΘεὸς,
1812 3830 1832 3864 ι

255 3904 401 3960 κατὰ
434 3903 673 3957 Μωῦσέα
704 3902 950 3970 λέγοντα·
977 3920 995 3953 ι
1029 3900 1233 3972 Κύριος
1254 3903 1281 3953 6
1310 3900 1443 3964 Θεός
1484 3917 1597 3965 σου,
1635 3900 1840 3972 Κύριος

254 3992 341 4060 εἷς
362 3999 530 4049 ἐστιν·
574 4013 593 4046 ι
641 3996 735 4047 καὶ
780 3993 964 4046 πάλιν’
1012 4010 1031 4043 ι
1070 3991 1197 4057 Πῶς
1228 3990 1476 4058 διώξεται
1514 3988 1593 4055 εἷς
1615 3992 1835 4062 χιλίους,

254 4090 357 4144 καὶ
387 4088 480 4142 δύο
503 4089 951 4158 μετακινήσουσιν
994 4082 1277 4155 μυριάδας,
1313 4084 1360 4135 εί
1381 4082 1454 4154 μὴ
1471 4084 1673 4155 Κύριος
1702 4101 1841 4155 παρ-

255 4182 465 4235 έδωκεν
515 4180 731 4242 αὑτοὺς,
766 4178 913 4231 καὶὸ
946 4178 1077 4240 Θεὸς
1126 4178 1353 4231 ἀπέδοτο
1402 4176 1632 4241 αύτούς;
1686 4195 1705 4228 ι
1746 4176 1839 4228 καί¹

255 4272 403 4328 κατὰ
466 4271 557 4324 τὸν
593 4270 885 4341 ψαλμῳδὸν
924 4271 981 4323 έν
1032 4267 1076 4332 ζ’
1109 4268 1328 4340 ψαλμῴο
1373 4288 1391 4320 ι
1430 4268 1603 4339 Κύριε
1630 4269 1657 4320 6
1709 4266 1839 4330 Θεὸς

259 4382 391 4435 μου,
422 4363 472 4415 εί
516 4362 747 4431 ἐποίησα
803 4360 979 4414 τοῦτο.
1020 4378 1039 4411 ι
1091 4361 1247 4414 Κατὰ
1294 4360 1351 4413 δὲ
1393 4359 1598 4431 Ἰησοῦν
1630 4359 1721 4411 τὸν
1747 4358 1839 4412 τοῦ

254 4456 441 4527 Navi},
466 4457 499 4525 ή
519 4454 744 4525 λατρεία
767 4454 888 4524 ἥτις
916 4453 1187 4523 ὀφείλεται
1207 4453 1350 4523 μόνῳ
1390 4451 1530 4522 Θεῷ,
1560 4450 1636 4522 τῷ
1653 4449 1841 4522 Κυρίῳ

255 4548 620 4619 προσάγεται·
663 4547 880 4609 πάντως
912 4546 971 4599 δὲ
1009 4546 1085 4607 ὼς
1129 4545 1267 4615 Θεῷ.
1306 4546 1459 4614 Ἔχει
1484 4544 1610 4615 γάρ·
1633 4563 1651 4595 ι
1685 4544 1842 4615 Μάρ-

1938 3456 1991 3502 et
2019 3461 2114 3501 eas
2149 3446 2201 3500 in
2230 3460 2332 3499 una
2382 3446 2599 3510 deitate,
2629 3461 2691 3499 ac
2738 3447 3102 3501 dominatione
3144 3461 3260 3500 esse
3298 3446 3508 3515 signiﬁ-

1937 3546 2044 3592 cet.
2087 3536 2221 3591 Nam
2256 3536 2516 3606 alioquin,
2564 3537 2608 3591 si
2660 3536 2828 3590 Filius
2858 3552 3044 3591 eorum
3090 3537 3355 3591 sententia
3402 3552 3508 3590 non

1936 3640 2021 3688 est
2056 3640 2248 3685 natura
2300 3630 2463 3696 Deus,
2523 3645 2589 3685 ne
2630 3629 2792 3684 Pater
2825 3630 3040 3698 quidem
3089 3629 3344 3683 Dominus
3381 3630 3507 3695 erit,

1938 3724 2146 3796 (parcat
2193 3733 2373 3778 autem
2427 3723 2543 3793 ipse
2590 3722 2744 3776 nobis
2786 3721 2907 3775 talia
2961 3736 3025 3776 ex
3072 3722 3395 3775 necessitate
3441 3722 3510 3774 ob

1937 3816 2168 3870 istorum
2237 3812 2561 3867 dementiam
2624 3808 2988 3879 dicentibus).
3057 3810 3318 3876 Quoniam
3382 3824 3511 3865 vero

1938 3922 2100 3960 unum
2133 3915 2186 3958 et
2214 3906 2353 3960 idem
2377 3914 2462 3958 est
2494 3922 2513 3955 ι
2553 3903 2714 3967 Deus,
2742 3921 2759 3953 ι
2794 3913 2846 3956 et
2881 3920 2899 3952 ι
2931 3900 3209 3969 Dominus,
3243 3921 3260 3954 ι
3296 3913 3347 3954 et
3372 3900 3509 3955 alte-

1936 4014 2055 4054 rutn
2082 3998 2149 4052 ab
2184 3998 2355 4051 altero
2384 4012 2487 4051 non
2512 3995 2710 4063 diﬂ'ert,
2744 4011 2841 4049 nec
2864 3996 3163 4064 sejuugitur
3194 3995 3301 4049 ullo
3330 3994 3508 4055 modo,

1939 4086 2223 4157 Scriptura
2276 4087 2541 4156 praeponit
2604 4100 2800 4140 nomen
2868 4104 2885 4136 ι
2928 4085 3182 4139 Dominus
3226 4105 3245 4136 ι
3306 4085 3509 4139 nomini

1944 4197 1963 4231 ι
2003 4179 2170 4241 Deus;
2207 4197 2226 4231 ι
2266 4187 2324 4230 ιιι
2356 4192 2477 4230 cum
2509 4176 2585 4230 ait
2622 4175 2835 4249 Moyses
2861 4216 2875 4231 .
2904 4192 2922 4227 ι
2947 4175 3204 4229 Dominus
3231 4175 3340 4247 (76)
3374 4176 3513 4231 Deus

1938 4279 2059 4325 tuus
2089 4268 2201 4341 (77)
2242 4268 2502 4322 Dominus
2543 4283 2683 4321 unus
2729 4274 2839 4332 est;
2880 4284 2899 4319 ι
2933 4274 2987 4321 et
3035 4281 3257 4319 rursus:
3305 4282 3323 4316 ι
3368 4266 3512 4332 Quo-

1937 4361 2095 4416 modo
2118 4359 2229 4430 (78)
2258 4367 2611 4429 persequetur
2644 4373 2782 4413 uuus
2828 4356 2993 4421 mille,
3035 4366 3089 4410 et
3118 4356 3223 4409 duo
3252 4356 3506 4409 transmio

1937 4468 2094 4523 grare
2121 4451 2319 4507 facient
2344 4453 2525 4505 decem
2553 4450 2741 4512 millia,
2775 4449 2875 4502 nisi
2906 4448 3166 4500 Dominus
3204 4446 3516 4502 tradidisset

1939 4546 2079 4609 illos,
2112 4552 2165 4598 et
2192 4542 2338 4597 Deus
2369 4541 2699 4597 vendidisset
2724 4538 2884 4594 illos?
2911 4558 2930 4591 ι
2973 4539 3179 4593 Etcum
3212 4538 3286 4591 ait
3310 4538 3514 4592 Psaltes

252 4655 420 4709 τυρες
461 4638 618 4709 ὑμεῖς
634 4638 753 4691 καθ’
777 4637 1008 4703 ἑαυτῶν,
1042 4638 1121 4690 ὅτι
1165 4637 1481 4703 ἐξελέξασθε
1507 4638 1717 4700 ἑαυτοῖς
1749 4636 1838 4691 τὸν

1941 4638 1990 4690 in
2022 4650 2093 4690 vn
2142 4636 2350 4703 psalmo
2397 4651 2411 4687 :
2452 4651 2469 4683 t
2507 4631 2733 4685 Domine
2754 4630 2866 4701 (79)
2910 4630 3053 4683 Deus
3100 4644 3271 4693 meus,
3313 4629 3358 4683 si
3412 4628 3515 4683 feci

256 4730 486 4799 Κύριον,
516 4727 610 4780 τοῦ
644 4727 926 4799 λατρεύειν
958 4727 1128 4799 αὐτῷ.

257 4821 355 4875 καὶ
382 4820 442 4886 ἐξ
467 4818 662 4889 ἑτέρας
685 4819 924 4891 γραφῆς,
961 4820 1036 4882 ὡς
1078 4820 1140 4872 ού
1184 4822 1252 4890 τῇ
1287 4820 1382 4889 μιᾷ
1416 4819 1707 4871 ὑποστάσει
1736 4819 1836 4889 ἁρ-

259 4914 453 4985 μόττει
506 4912 568 4965 τὸ
617 4930 636 4963 ι
668 4914 696 4965 6
732 4913 955 4984 Κύριος.
1000 4931 1018 4963 ι
1052 4912 1255 4965 Ψάλλει
1300 4911 1408 4981 γάρ
1454 4910 1618 4963 Δαυῖδ
1645 4911 1704 4962 ὲν
1751 4908 1837 4980 πβ¹

256 5002 480 5075 ψαλμῷ·
515 5024 534 5056 ι
574 5004 1028 5076 Αίσχυνθήτωσαν
1058 5003 1150 5056 καὶ
1183 5002 1611 5075 ταραχθήτωσαν
1644 5004 1723 5067 εἰς
1746 5002 1837 5055 τὸν

332 5227 451 5298 (69)
492 5225 774 5298 Quoniam.
806 5225 965 5279 Rom.
999 5242 1076 5291 χι,
1110 5224 1199 5281 56.

332 5295 449 5365 (70)
493 5295 658 5350 Unus.
694 5296 892 5363 Ephes.
926 5312 997 5359 Iv,
1032 5298 1083 5349 6.

332 5362 450 5438 (7t)
487 5366 553 5419 In
598 5368 853 5438 omnibus.
888 5368 1123 5436 Ite-spicit
1152 5366 1281 5421 illud
1306 5364 1434 5433 Sap.
1467 5364 1619 5431 1th,!
1654 5384 1668 5420 :
1700 5384 1715 5415 ι
1747 5362 1831 5419 ln-

263 5437 557 5503 corruptus
588 5446 709 5489 tuus
742 5437 976 5504 Spiritus
1004 5448 1085 5491 est
1120 5439 1170 5491 in
1206 5438 1479 5490 omnibus.
1509 5455 1527 5487 ι

214 5506 239 5519 ”
331 5508 448 5576 (72)
490 5504 698 5576 Gratia.
756 5505 795 5558 ll
859 5509 979 5561 Cor.
1020 5507 1251 5573 xttt,l3.

356 5512 448 5576 72)
490 5512 698 5559 Gratia.
756 5512 795 5558 ll
859 5512 979 5561 Cor.
1020 5524 1137 5573 xm,
1166 5512 1251 5562 15.

331 5512 451 5649 (75)
496 5574 744 5649 Propter.
788 5576 1000 5649 Codex,
1038 5578 1100 5630 τὸ
1147 5576 1362 5630 ταυτὸν.
1397 5573 1549 5629 Addo
1594 5573 1718 5641 διά,
1775 5586 1832 5631 ac

262 5646 381 5718 lcg'o
433 5647 521 5699 διὰ
537 5648 614 5718 τὸ
644 5646 854 5718 ταςδτόν.

335 5712 453 5787 (74)
511 5716 644 5767 Ante
688 5716 901 5787 lfatrem
949 5716 1196 5770 collocat.
1232 5715 1447 5787 Codex,
1488 5712 1582 5768 τοῦ
1620 5712 1836 5785 Πατρὸς

269 5784 649 5859 προστάττωνἔ
700 5784 1203 5859 Sed_pers_picnum_
1233 5796 1317 5841 est
1372 5785 1655 5857 legendum
1713 5784 1835 5841 δεῦε

324 5853 384 5914 ιιι
415 5870 471 5913 et
504 5853 643 5928 lego]
673 5854 767 5909 τοῦ
797 5853 1011 5929 Πατρὸς
1036 5855 1370 5928 προτάττων.

1181 4748 1198 4775 ι
1244 4729 1429 4781 Ἔστιν
1470 4728 1525 4781 δὲ
1566 4728 1835 4798 σκοπῆσαι

1941 4726 2106 4782 istud?
2138 4744 2156 4779 ι
2193 4724 2354 4780 Juxta
2379 4723 2561 4778 Jesum
2606 4737 2732 4777 vero
2784 4722 2949 4775 ﬁlium
2997 4720 3145 4775 Nave
3178 4721 3355 4775 cultus
3402 4721 3513 4787 ille,

1941 4819 2034 4889 qui
2068 4818 2166 4872 soli
2191 4818 2300 4870 Deo
2336 4816 2581 4881 debetur,
2619 4813 2848 4868 Domino
2872 4810 3119 4877 oﬂertur,
3153 4828 3215 4865 ac
3248 4812 3512 4877 redditur;

1942 4911 2084 4965 nulla
2125 4911 2333 4965 scilicet
2386 4909 2491 4963 alia
2557 4908 2623 4963 de
2674 4921 2861 4972 causa,
2899 4907 3000 4960 nisi
3050 4906 3177 4975 quia
3230 4903 3369 4958 Dens
3400 4913 3513 4959 est:

1943 5003 2055 5057 haec
2087 5003 2228 5056 enim
2254 5004 2449 5056 habet:
2485 5020 2503 5053 ι
2537 5001 2723 5054 Testes
2749 4998 2860 5070 (80)
2897 5014 2991 5053 vos
3027 5000 3157 5054 estis
3180 5009 3367 5053 contra
3398 5012 3517 5051 vos-

2010 5224 2123 5295 (75)
2160 5223 2281 5277 Non
2314 5226 2502 5294 quasi,
2538 5234 2655 5295 etc.
2680 5221 3077 5295 Eodemﬂmodo
3111 5214 3471 5295 Pauli‘verba
3496 5258 3514 5285 ,

1944 5314 1963 5347 ι
1997 5288 2145 5350 Unus
2170 5288 2359 5361 Deus,»
2383 5306 2512 5360 etc.,
2539 5294 2772 5364 explicat
2801 5295 2855 5347 in
2880 5293 2971 5347 lib.
3005 5291 3079 5345 De
3100 5290 3243 5361 Spir.
3274 5288 3331 5346 S.
3367 5307 3517 5347 num.

2013 5435 2123 5505 (76)
2179 5434 2449 5505 (luminas.
2487 5434 2641 5488 Deut.
2674 5448 2743 5492 vr.
2776 5433 2851 5505 4.7
2932 5503 2950 5505 ᾼ
3538 5474 3541 5475 ,

2018 5503 2132 5575 (77)
2189 5503 2350 5575 Tuus.
2385 5504 2571 5575 Grzeea
2604 5505 2800 5565 editio,
2833 5503 3026 5575 ἡμῶν,
3057 5517 3149 5556 seu
3193 5520 3210 5551 ι
3253 5509 3456 5554 noster.
3491 5518 3513 5553 ι

2023 5573 2133 5647 (78)
2176 5574 2482 5647 QuomodoL
2508 5573 2663 5647 Deut.
2697 5573 2994 5647 xx_xtt,’50_.

2024 5642 2135 5716 (79)
2176 5644 2423 5716 gantian
2450 5642 2591 5697 Psal.
2619 5659 2717 5707 vn,
2744 5644 2831 5716 ὄΑ(
2847 5659 2937 5716 seu
2966 5644 3058 5716 ξ),

2017 5704 2129 5785 (80)
2173 5712 2366 5785 Testes.
2400 5704 2564 5785 Jusue
2594 5704 2741 5785 μιν,
2771 5704 2948 5785 Ξὶείιιι
2984 5704 3169 5768 Βίιιιὶἱε
3211 5710 3349 5767 idem
3374 5721 3506 5763 sen-

1945 5782 2063 5851 sus,
2093 5782 2186 5841 sed
2215 5783 2377 5839 verba
2408 5782 2799 5854 aliquantulum
2835 5783 3070 5839 diversa.
