4042 6404
661 267 760 329 051

1926 271 2164 327 DIDYMI
2201 269 2668 328 ΑιΕιιΑΝυιιιΝι
3745 279 3830 335 932

668 407 689 441 ι
712 387 792 443 Ex
820 400 940 444 meo
956 386 1032 457 (7)
1047 387 1290 460 accipiet.
1309 398 1364 445 et
1386 388 1727 445 annuntiabit
1742 389 1942 445 vobis.»
1965 391 2030 445 Et
2049 391 2175 445 alibi
2205 406 2215 444 :

2323 389 2417 444 τοῦ
2475 388 2838 462 πληρώματος
2895 384 3071 441 αὐτοῦ.
3096 385 3256 457 ἡμεῖς
3293 384 3486 449 πάντες
3532 374 3772 458 ἐλάϐομεν·
3810 412 3826 443 ι

667 476 1426 549 rCognovi(8)513virtutem
1448 488 1730 534 exeuntem
1749 493 1778 532 a
1797 495 1900 534 me.
1913 481 2016 534 rDe
2033 479 2234 550 Spiritu

660 578 851 624 saneto
879 569 955 623 ait
980 567 1217 624 Joannes
1243 585 1258 624 :
1291 591 1310 622 ι
1339 571 1441 638 Qui
1471 571 1796 643 serninat(9)
1820 572 1872 626 in
1913 571 2136 641 Spiritu,
2167 589 2234 627 ex

661 655 865 726 Spiritu
904 668 1065 714 metet
1103 661 1262 714 vitam
1297 672 1588 726 aeternam;
1620 681 1639 715 ι
1668 671 1722 717 et
1768 677 1992 718 rursus:
2029 683 2047 715 ‹
2081 664 2232 730 Quod

659 749 896 816 genitum
928 758 1005 805 est
1039 750 1150 822 (l0)
1177 767 1244 806 ex
1272 751 1494 822 Spiritu,
1526 751 1757 822 Spiritus
1777 763 1895 821 est;
1933 773 1951 806 ι
1981 763 2036 810 et
2065 769 2232 826 ange-

660 835 744 892 lus
769 856 789 895 :
822 858 840 890 ‹
869 839 1021 906 Quod
1063 843 1204 897 enim
1239 843 1350 915 (11)
1383 845 1432 898 in
1465 860 1527 899 ea
1579 855 1762 900 natum
1797 855 1900 912 est,
1925 863 1992 903 ex
2027 848 2229 918 Spiritu

658 941 850 984 sancto
882 942 983 986 est.
1014 951 1034 984 ι
1065 934 1214 1000 Quod
1252 937 1316 988 de
1347 935 1502 991 Patre
1535 945 1736 1006 scripta
1768 938 1965 994 fuerint
1996 939 2226 1008 conjun-

657 1021 785 1074 ctim
812 1024 924 1078 hmc
959 1025 1080 1090 tria,
1118 1044 1135 1076 ι
1170 1042 1235 1081 ex
1267 1043 1394 1097 quo,
1427 1045 1522 1093 per
1548 1046 1728 1100 quem,
1764 1050 1782 1082 ι
1819 1040 1874 1086 et
1907 1049 1926 1082 ι
1971 1032 2021 1084 in
2045 1046 2172 1101 quo,
2203 1051 2223 1084 ι

654 1120 812 1166 antea
870 1114 1070 1168 dictum
1130 1115 1249 1170 fuit.
1308 1117 1458 1184 Quod
1513 1122 1804 1190 separatim
1867 1122 2019 1184 illud,
2083 1137 2229 1190 «per

654 1213 836 1266 quem,
870 1219 887 1251 ι
939 1204 1002 1256 de
1047 1201 1232 1267 Patre,
1284 1216 1338 1259 et
1387 1207 1595 1275 Spiritu
1646 1218 1833 1262 saneto
1881 1209 2108 1274 dicatur,
2145 1212 2226 1266 sic

656 1294 902 1346 ostendo.
952 1293 1102 1359 Quod
1155 1307 1363 1362 spectat
1405 1301 1471 1352 ad
1511 1299 1746 1366 Patrem,
1785 1299 1955 1355 Isaias
1987 1317 2054 1356 ex
2103 1317 2227 1372 per-

655 1394 791 1436 sona
844 1383 1020 1439 Patris
1061 1386 1127 1440 ad
1173 1385 1366 1440 Filium
1418 1389 1492 1443 ait
1525 1409 1538 1444 :
1577 1409 1596 1442 ι
1631 1390 1766 1446 Ecce
1797 1392 1908 1464 (12)
1967 1394 2221 1464 proselyti

655 1473 914 1528 accedent
961 1475 1024 1529 ad
1073 1485 1124 1530 te
1167 1491 1262 1547 per
1310 1495 1415 1535 me.
1447 1500 1466 1533 ι
1519 1482 1654 1536 illud
1701 1483 1791 1538 hic
1826 1487 2221 1541 observandum

654 1570 757 1623 est,
785 1563 928 1631 quod
960 1575 1177 1635 propter
1209 1582 1560 1635 personarqu
1589 1573 1970 1641 a:qualitalem,
2007 1583 2059 1630 et
2089 1591 2221 1632 con-

653 1652 1186 1723 substantialitatem,
1218 1660 1436 1714 adducit
1473 1672 1658 1729 gentes
1702 1665 1767 1717 ad
1799 1665 1992 1720 Filium
2021 1666 2218 1733 Pater;

649 1753 704 1798 et
737 1759 924 1800 rursus
953 1764 967 1800 :
1001 1765 1019 1800 ι
1049 1746 1140 1803 Vw
1165 1749 1276 1821 (l3)
1303 1751 1390 1820 qui
1415 1755 1678 1822 prol'unde
1704 1756 1815 1827 (14)
1841 1757 2122 1813 consilium
2147 1761 2218 1814 fa-

650 1834 796 1899 citis,
828 1844 883 1889 et
914 1850 1020 1890 non
1057 1851 1152 1906 per
1181 1839 1494 1908 Dominum;
1525 1860 1544 1894 ι
1574 1852 1630 1898 et
1672 1845 1724 1898 in
1754 1844 1950 1901 Genesi
1980 1847 2218 1904 Adamus

650 1925 728 1980 ait
759 1943 774 1982 :
812 1945 831 1976 ‹
867 1923 1087 1983 Possedi
1121 1928 1232 2000 (15)
1281 1930 1551 1986 hominem
1583 1948 1681 2003 per
1713 1935 1915 2005 Deum;
1948 1957 1968 1991 ι
2009 1947 2066 1993 et
2103 1954 2221 1994 rur-

649 2030 742 2070 sus
769 2034 783 2071 :
814 2017 1189 2088 «Quaecunque
1215 2017 1327 2092 (16)
1371 2023 2074 2098 mandavitMoyseslsraeli
2119 2044 2219 2101 per

648 2119 972 2176 przcceptum
1012 2108 1256 2177 Domini;
1289 2129 1308 2163 ι
1346 2121 1400 2167 et
1439 2111 1704 2184 Josephus
1742 2119 2000 2174 eunuchis
2039 2121 2213 2177 dicit:

653 2213 674 2248 ι
705 2197 890 2251 Nonne
913 2198 1024 2269 (Π)
1050 2215 1144 2268 per
1174 2201 1338 2255 Deum
1367 2203 1732 2262 manifestatio
1761 2209 1996 2276 ipsorum
2026 2211 2167 2266 erit?
2189 2231 2210 2264 ι

647 2290 775 2359 quin
811 2299 864 2343 et
894 2289 1090 2344 Paulus
1110 2291 1345 2348 llebrzeis
1373 2313 1385 2346 :
1413 2313 1432 2346 ‹
1473 2296 1706 2351 Decebat
1732 2297 1843 2370 (18)
1875 2301 2044 2366 enim,
2083 2320 2102 2353 ι
2126 2303 2212 2356 in-

646 2378 784 2446 quit,
810 2395 830 2429 ι
867 2394 1013 2440 eum.
1039 2392 1254 2452 pr0pter
1294 2399 1451 2453 quem
1487 2389 1690 2454 omnia,
1716 2398 1766 2444 et
1793 2404 1890 2458 per
1911 2405 2069 2460 quem
2099 2409 2216 2447 om-

645 2469 760 2532 nia,
790 2471 880 2540 qui
913 2473 1112 2529 multos
1145 2475 1282 2530 filios
1312 2477 1365 2531 in
1398 2478 1624 2547 gloriam
1663 2482 1842 2540 evexit
1869 2483 2004 2554 (19),
2037 2496 2215 2540 aucto-

647 2575 760 2615 rem
803 2562 990 2619 salutis
1030 2578 1240 2630 eorum,
1287 2584 1383 2638 per
1423 2572 1701 2639 passiones
1750 2588 2150 2631 consummare.
2185 2595 2206 2631 ι

645 2650 890 2708 Notanda
919 2669 1046 2710 vero
1075 2666 1159 2710 est
1184 2657 1504 2726 similitudo,
1536 2677 1656 2732 qua:
1685 2663 1911 2720 interest
1940 2667 2082 2722 inter
2111 2669 2215 2725 hoc

644 2744 962 2812 capitulum,
986 2755 1040 2801 et
1065 2747 1195 2803 illud
1219 2750 1357 2820 quod
1378 2751 1600 2806 allatum
1624 2763 1727 2820 est,
1751 2770 1946 2826 nempe
1977 2775 1991 2811 :
2023 2777 2042 2810 ‹
2065 2758 2212 2814 Unus

644 2831 902 2890 Dominus
929 2835 1087 2892 Jesus
1136 2838 1402 2906 Christus,
1429 2856 1524 2909 per
1552 2857 1712 2912 quem
1753 2845 1971 2913 omnia;
2007 2866 2028 2901 ι
2053 2857 2108 2904 et
2143 2849 2209 2903 ad

643 2923 992 2982 Colossenses
1027 2929 1212 2983 scribit
1246 2948 1259 2984 :
1296 2949 1315 2982 ι
1347 2931 1545 2988 Paulus
1576 2935 1687 3006 (20)
1722 2937 1995 3007 apostolus
2024 2953 2210 2994 servus

643 3013 770 3070 Jesu
816 3016 1014 3073 Christi
1064 3035 1159 3090 per
1212 3022 1538 3079 voluntatem
1589 3025 1722 3088 Dei;
1751 3045 1769 3078 ι
1820 3036 1876 3083 et
1923 3029 1991 3084 ad
2028 3029 2210 3084 Corin-

2335 482 2431 536 καὶ
2487 482 2649 536 πάλιν
2697 480 2804 536 ἀπὸ
2851 479 2946 534 τοῦ
3009 476 3174 532 Υἱοῦ·
3236 495 3256 530 ι
3312 477 3406 530 Ἐκ
3450 476 3534 530 τοῦ
3593 479 3708 550 ὲμοῦ
3757 480 3834 551 λή-

2331 572 2510 642 ψεται,
2539 573 2632 626 καὶ
2665 572 2949 641 ἀναγγελεῖ
2974 570 3102 640 ὑμῖν
3120 587 3134 599 ·
3161 588 3180 622 ι
3213 568 3307 623 καὶ
3339 568 3578 640 ἑτέρωθι·
3615 589 3633 622 ι
3658 573 3832 641 Ἕγνων

2331 662 2559 734 δύναμιν
2615 662 2933 728 ἐξελθοῦσαν
2983 661 3077 716 ἀπ’
3133 659 3289 731 ἐμοῦ.
3322 678 3341 712 ι
3403 659 3530 731 Περὶ
3576 661 3659 714 τοῦ
3708 664 3836 730 ἁγίου

2331 751 2668 822 Πνεῦματος,
2715 750 2964 820 Ἰωάννης
2983 765 2997 780 ·
3039 767 3059 801 ι
3095 749 3152 802 Ὀ
3185 748 3421 819 σπείρων
3447 749 3519 811 είς
3549 748 3604 802 τδ
3628 750 3832 820 Πνεῦμα,

2330 843 2398 896 ὲκ
2433 843 2525 898 τοῦ
2581 842 2896 913 Πνεῦματος
2929 841 3134 912 θερίσει
3172 841 3318 912 ζωὴν
3351 840 3586 894 αἰώνιον·
3611 861 3628 894 ι
3653 844 3734 895 καὶ
3752 844 3836 896 πάι

2329 929 2411 983 λιν
2431 948 2444 961 ·
2485 949 2502 981 ι
2532 931 2605 984 Τὸ
2633 930 2761 1002 [200
2794 929 2848 1002 a]
2883 929 3281 1001 γεγεννημένον
3327 932 3391 983 ὲκ
3426 929 3516 983 τοῦ
3547 931 3834 1002 Πνεῦματος,

2329 1020 2551 1091 Πνεῦμά
2581 1022 2726 1073 ἐστιν
2746 1037 2760 1051 ·
2793 1039 2812 1070 ι
2868 1021 2960 1074 καὶ
2992 1023 3020 1074 ὁ
3051 1019 3278 1089 ἄγγελος
3299 1037 3314 1052 ·
3344 1039 3362 1071 ι
3418 1021 3488 1074 Τὸ
3513 1021 3614 1092 γὰρ
3643 1023 3694 1074 ὲν
3728 1024 3836 1093 αὐτῇ

2327 1112 2580 1184 γεννηθὲν
2609 1114 2673 1165 ἐκ
2719 1111 3033 1182 Πνεῦματός
3065 1115 3212 1165 ἐστιν
3239 1112 3449 1180 ἁγίου.»
3483 1113 3596 1166 Ὅτι
3623 1115 3738 1185 περὶ
3763 1114 3836 1167 τοῦ

2327 1203 2536 1274 Πατρὸς
2570 1203 2875 1275 γέγραπται
2919 1204 3215 1275 ἠνωμένως
3263 1222 3281 1255 ι
3305 1205 3362 1271 ἐξ
3409 1200 3488 1268 οῦ,
3529 1205 3592 1258 δι’
3622 1199 3698 1268 οῦ,
3719 1226 3734 1255 ι
3765 1207 3840 1260 καὶ.

2331 1310 2350 1343 ι
2369 1294 2427 1344 ὲν
2449 1285 2512 1360 ᾧ,
2537 1312 2554 1343 ι
2591 1293 2922 1364 προελέχθη·
2955 1295 3037 1346 ὅτι
3065 1294 3481 1366 κεχωρισμένως
3521 1295 3576 1347 τὸ
3627 1296 3720 1349 «δι’
3745 1291 3794 1348 οὗ
3819 1316 3834 1348 ι

2324 1385 2497 1437 κεῖται
2567 1383 2694 1456 περὶ
2734 1383 2829 1437 τοῦ
2885 1383 3092 1455 Πατρὸς
3137 1385 3230 1437 καὶ
3289 1384 3383 1438 τοῦ
3432 1385 3579 1453 ἁγίου
3630 1386 3838 1456 Πνεῦμα-

2322 1491 2432 1538 τος,
2464 1472 2665 1538 οὕτως·
2706 1475 2832 1547 περὶ
2858 1475 2950 1528 τοῦ
2983 1475 3213 1547 Πατρὺς,
3260 1475 3483 1540 Ἡσαΐας
3509 1477 3610 1530 ἀπὸ
3647 1477 3727 1530 τοῦ
3749 1479 3839 1530 [lac

2321 1562 2446 1636 τρὸς
2467 1562 2600 1635 πρὸς
2628 1563 2718 1617 τὸν
2746 1563 2871 1617 Υίόν
2890 1581 2904 1594 ·
2942 1581 2960 1614 ι
2993 1563 3121 1618 Ἰδοὺ
3148 1565 3474 1637 προσήλυτοι
3506 1567 3840 1637 προσελεύσον-

2321 1653 2412 1706 ταί
2447 1670 2528 1706 σοι
2564 1653 2630 1706 δι’
2663 1652 2818 1724 ἐμοῦ.
2846 1671 2866 1706 ι
2916 1653 3299 1726 Ἐπιτήρησον,
3331 1656 3406 1720 ὡς
3433 1656 3522 1710 διὰ
3551 1657 3608 1710 τὸ
3642 1658 3842 1728 ἰσότιμον

2249 1719 2293 1774 Β
2322 1743 2415 1798 καὶ
2450 1719 2754 1814 ὀμοούσιον,
2789 1743 3054 1816 προσάγει
3093 1719 3327 1818 ἔθνη
3357 1746 3436 1819 τῷ
3466 1748 3576 1820 Υίῷ
3606 1751 3632 1802 ὁ
3667 1719 3838 1821 Πατηρ·

2323 1835 2416 1890 καὶ
2443 1833 2604 1888 πάλιν
2623 1851 2636 1865 ·
2676 1853 2694 1886 ι
2720 1835 2856 1890 Οὐαὶ
2899 1836 2950 1889 οἱ
2982 1835 3190 1907 βαθέως
3243 1838 3440 1910 βουλὴν
3469 1839 3744 1905 ποιοῦντες.
3773 1841 3844 1893 καὶ

2320 1930 2382 1984 οὐ
2410 1929 2499 1984 διὰ
2542 1929 2769 2002 Κυρίου.
2795 1947 2814 1982 ι
2865 1931 2977 1984 Καὶ
3037 1931 3094 1984 ὲν
3138 1934 3205 2003 τῇ
3256 1932 3473 1986 Γενέσει
3514 1933 3672 2004 ’Δδὰμ
3699 1933 3841 2002 λέγει·

2325 2041 2346 2074 ι
2379 2021 2722 2092 Ἐκτησάμην
2746 2022 3028 2094 ἄνθρωπον
3055 2023 3142 2078 διὰ
3173 2023 3266 2077 τοῦ
3305 2024 3442 2078 Θεοῦ
3467 2043 3481 2054 ·
3513 2045 3530 2076 ι
3569 2027 3657 2079 καὶ
3686 2026 3844 2078 πάλιν·

2325 2127 2346 2162 ι
2369 2109 2508 2164 Ὅσα
2534 2105 2832 2166 ἐνετείλατο
2863 2112 3104 2183 Μωῦσῆς
3132 2113 3209 2184 τῷ
3236 2114 3455 2187 Ἰσραὴλ
3483 2115 3571 2169 διὰ
3599 2116 3684 2169 τοῦ
3709 2132 3845 2186 προσ-

2319 2201 2594 2272 τάγματος
2621 2203 2880 2275 Κυρίου.»
2914 2205 3024 2258 Καὶ
3053 2205 3249 2276 Ἰωσὴφ
3281 2207 3418 2277 πρὸς
3447 2209 3569 2271 τοὺς
3605 2207 3846 2276 εὐνούχους

2321 2293 2510 2365 φησίν·
2565 2294 2744 2366 «Οὐχὶ
2789 2295 2876 2348 διὰ
2923 2295 3016 2348 τοῦ
3062 2295 3196 2348 Θεοῦ
3253 2298 3285 2368 ἡ
3333 2297 3657 2369 διασάφησις
3701 2298 3847 2350 αὐτῶν

2319 2383 2505 2452 Eatur;
2535 2403 2554 2438 ι
2604 2386 2764 2442 Ἀλλὰ
2807 2387 2902 2440 καὶ
2938 2387 3148 2451 Παῦλος
3205 2388 3510 2460 Ἑϐραίοις·
3563 2408 3581 2441 ι
3610 2391 3848 2459 Ἔπρεπεν

2318 2477 2444 2549 γὰρ,
2465 2497 2484 2530 ι
2523 2479 2705 2552 φησιν,
2748 2499 2766 2530 ‹
2787 2479 2954 2550 αὐτῷ,
2984 2479 3050 2532 δι’
3093 2479 3152 2532 ὃν
3182 2479 3251 2532 τὰ
3290 2481 3492 2545 πάντα,
3523 2483 3615 2536 καὶ
3637 2481 3697 2534 δι’
3718 2475 3768 2534 οὗ
3795 2478 3847 2530 τὰ

2321 2569 2534 2634 πάντα,
2588 2560 2814 2635 πολλοὺς
2863 2571 3011 2634 υἱοὺς
3056 2572 3136 2634 είς
3185 2571 3342 2634 δόξαν
3391 2573 3742 2642 ἀναγαγόντα.
3775 2570 3846 2624 τὸν

2317 2661 2557 2733 ἀρχηγὸν
2583 2662 2681 2732 τῆς
2709 2662 2977 2732 σωτηρίας
2997 2660 3175 2714 αὐτῶν
3194 2661 3282 2714 διὰ
3305 2663 3644 2734 παθημάτων
3669 2660 3848 2714 τελειῶ-

2321 2769 2432 2805 σαι.
2477 2771 2495 2804 )
2537 2753 2895 2822 Σημειωτέον,
2932 2751 3047 2814 πῶς
3088 2752 3469 2824 παραπλήσιον
3489 2752 3849 2824 τοῦτομάλιστα

2315 2843 2393 2913 τῷ
2438 2842 2740 2914 ἐκκειμένῳ
2778 2841 3057 2913 κεφαλαίῳ
3093 2842 3196 2915 τῷ,
3250 2863 3267 2895 ι
3291 2841 3392 2908 Εἷς
3438 2844 3641 2916 Κύριος
3679 2842 3848 2913 Ἰησοῦς
3910 2871 3912 2874 '

2315 2934 2568 3007 Χριστὸς,
2624 2935 2691 2988 δι’
2753 2928 2814 2988 οὗ
2859 2933 2928 2987 τὰ
2979 2933 3184 2988 πάντα·
3232 2953 3251 2985 ι
3313 2935 3414 2988 καὶ
3444 2933 3843 2988 Κολοσσαεῦσιν·

2323 3046 2342 3080 ι
2368 3025 2576 3089 Παῦλος
2609 3024 2904 3088 ἀπόστολος
2947 3024 3128 3088 δοῦλος
3179 3023 3356 3091 Ἰησοῦ
3405 3023 3642 3095 Χριστοῦ
3672 3022 3750 3078 διὰ
3777 3022 3850 3073 Θε-

643 3108 786 3165 thios
815 3127 830 3164 :
869 3128 887 3162 ι
917 3109 1119 3166 Fidelis
1150 3113 1260 3185 (21)
1291 3113 1450 3180 Deus,
1483 3131 1578 3185 per
1604 3132 1766 3187 quem
1795 3121 1969 3174 vocati
1997 3122 2128 3176 estis
2159 3123 2210 3176 in

2315 3119 2552 3190 λήματος
2595 3117 2759 3170 Θεοῦ·
2785 3135 2802 3168 ι
2846 3116 2936 3168 καὶ
2986 3115 3326 3186 Κορινθίοις·
3371 3133 3392 3167 ι
3419 3114 3616 3178 Πιστὸς
3661 3115 3688 3166 ὁ
3723 3113 3848 3175 Θεὸς,

642 3201 1076 3255 communionem
1126 3202 1246 3257 Filii
1300 3203 1416 3273 ejus
1456 3205 1580 3262 Jesu
1625 3207 1826 3264 Christi
1855 3207 2065 3265 Domini
2113 3227 2212 3266 no-

567 3336 571 3340 .
641 3289 765 3342 stri.
791 3306 810 3338 ι
840 3287 1077 3345 Observa
1113 3293 1199 3348 hic
1222 3310 1426 3361 rursus,
1462 3306 1518 3351 ut
1547 3296 1706 3366 paulo
1729 3307 1875 3365 ante,
1905 3303 2047 3369 quod
2074 3302 2215 3356 Deus

612 3385 697 3460 ,ει
734 3377 894 3435 Pater
929 3392 1084 3436 vocat
1117 3383 1363 3441 homines
1399 3387 1465 3442 ad
1505 3404 1660 3442 suum
1701 3389 1869 3460 ipsius
1904 3391 2123 3458 Filium;
2159 3403 2213 3449 et

639 3467 706 3522 ad
753 3467 1062 3528 Romanos:
1103 3492 1120 3525 ι
1149 3473 1348 3530 Hortor
1375 3477 1484 3550 (22)
1533 3494 1661 3550 ergo
1691 3496 1810 3544 vos,
1851 3482 2068 3550 fratres,
2117 3501 2213 3552 per

637 3562 1019 3621 miserationes
1061 3566 1193 3635 Dei;
1227 3586 1245 3619 ι
1304 3579 1360 3624 et
1407 3571 1474 3624 ad
1521 3570 1744 3627 Galatas
1777 3591 1790 3628 :
1830 3574 2209 3648 «1ιειιιιιο(25)

636 3653 748 3723 jam
786 3668 892 3707 non
939 3668 997 3708 es
1028 3669 1236 3721 servus,
1280 3660 1372 3714 sed
1419 3659 1602 3716 filius:
1638 3663 1682 3718 si
1727 3672 1907 3719 autem
1952 3666 2116 3732 illius,
2156 3678 2211 3722 et

641 3743 815 3799 meres
841 3758 938 3813 per
959 3745 1123 3800 Deum
1149 3746 1281 3818 (24).
1311 3767 1331 3800 ι

709 3831 861 3898 Quod
907 3843 1085 3888 autem
1125 3837 1317 3891 attinet
1339 3838 1408 3892 ad
1447 3837 1707 3909 Spiritum
1745 3853 2011 3908 sanctum.
2041 3844 2208 3902 Isaias

635 3939 702 3980 ex
730 3939 958 3993 persona
991 3925 1166 3982 Patris
1198 3944 1213 3982 :
1260 3947 1280 3980 ι
1308 3927 1602 3984 Consilium
1627 3932 1740 4003 (25)
1769 3933 1935 4006 414
1979 3936 2204 4001 fecistis,

637 4030 745 4068 non
783 4030 878 4084 per
915 4031 1000 4071 me
1029 4035 1043 4070 :
1077 4027 1130 4071 et
1171 4028 1344 4088 pacta.
1381 4035 1484 4075 non
1516 4034 1614 4090 per
1655 4021 1916 4092 Spiritum
1949 4041 2147 4080 meum.
2182 4046 2200 4078 ι

635 4103 838 4159 Paulus
877 4106 1174 4164 Corinthiis
1219 4110 1464 4166 scribens
1497 4131 1511 4167 :
1545 4133 1564 4165 ‹
1593 4113 1758 4168 Nobis
1785 4115 1898 4187 (26)
1947 4118 2207 4173 revelavit

633 4194 774 4251 Deus
809 4213 902 4266 per
931 4195 1191 4267 Spiritum
1219 4215 1376 4255 suum
1406 4203 1522 4276 (27)
1547 4219 1564 4261 :
1595 4203 1830 4276 Spiritus
1854 4208 1998 4261 enim
2021 4212 2203 4265 omnia
2245 4231 2256 4243 ο

632 4299 926 4356 scrutatur,
974 4292 1136 4346 etiam
1169 4293 1436 4362 profunda
1474 4297 1606 4363 Dei;
1639 4315 1658 4349 ι
1697 4305 1753 4352 et
1795 4314 1983 4356 rursus
2015 4318 2030 4355 :
2061 4321 2079 4354 ι
2105 4302 2203 4355 Al-

701 4496 780 4566 (7)
823 4501 904 4552 Ex
937 4515 1068 4552 meo.
1096 4497 1253 4553 Joan.
1305 4514 1419 4564 xvi,
1453 4501 1543 4556 15.

700 4568 778 4639 (8)
820 4570 1066 4639 Cognovi.
1107 4567 1243 4639 Luc.
1275 4585 1390 4633 VIII,
1422 4571 1509 4624 46.

665 4637 776 4762 dua)
817 4637 918 4761 ραι
940 4640 1182 4762 εεηιὲηιιι.
1203 4638 1318 4694 Non
1340 4641 1477 4710 apud
1491 4639 1778 4707 Joannem,
1805 4642 1900 4698 sed
1937 4642 1988 4697 in
2021 4641 2190 4711 Epist.

783 4725 809 4758 τι
838 4722 912 4762 ιιι.
948 4724 1021 4762 VI.
1092 4747 1105 4760 .

629 4710 695 4759 ad
732 4710 912 4762 Galat.
948 4724 1021 4771 vt,
1053 4710 1105 4762 8.

699 4776 811 4848 (10)
845 4779 994 4843 Quod
1023 4778 1376 4848 geniturae“.
1409 4781 1563 4834 Joan.
1594 4795 1675 4848 ιιι,
1702 4780 1758 4835 θ.

729 4847 812 4914 11)
844 4847 995 4914 Quod
1026 4845 1192 4902 enim.
1226 4845 1415 4904 Matth.
1445 4867 1486 4913 ι,
1519 4849 1610 4906 20.

725 4916 812 4986 12)
842 4918 997 4972 Ecce.
1025 4917 1127 4990 lsa.
1160 4933 1271 4982 Liv,
1294 4919 1380 4973 15.
1423 4919 1678 4990 Vulgatus
1705 4921 1806 4975 int.
1829 4921 2006 4976 aliter.
2031 4919 2204 4974 Franc

627 4988 954 5058 colurteusis
993 4988 1156 5041 editio
1187 4997 1335 5044 caret
1361 4988 1548 5045 vocula
1597 5007 1702 5058 σοι,
1735 4991 1786 5044 id
1817 5000 1920 5058 est,
1959 5009 1977 5042 ι
2011 4992 2131 5054 tihi,
2171 5010 2190 5042 ι

627 5057 740 5109 sive
779 5073 797 5106 ι
835 5058 901 5109 ad
933 5065 1004 5110 te.
1046 5075 1066 5108 ι

687 5149 800 5222 (15)
848 5148 957 5204 Ve.
1011 5153 1110 5205 lsa.
1147 5166 1299 5216 xxix,
1329 5151 1592 5222 14.juxta
1614 5153 1856 5210 Graecam
1883 5156 2187 5210 editionem.

627 5215 1046 5292 Vulgatusvero
1091 5215 1354 5286 interpres
1387 5215 1484 5280 nec
1525 5227 1710 5279 eadem
1744 5227 1932 5292 habet,
1965 5240 2064 5280 nec
2096 5241 2185 5280 eo-

622 5289 743 5342 dem
769 5290 1058 5352 versiculo,
1095 5294 1186 5345 sed
1218 5293 1303 5346 15.

693 5378 802 5450 (11)
839 5378 1132 5456 Profunda.
1175 5381 1359 5456 fit-arca
1396 5383 1559 5438 editio
1581 5424 1595 5451 ,
1625 5382 1844 5454 βαθεῖαν
1876 5381 2101 5456 βουλήν,
2135 5382 2186 5436 id

619 5449 726 5510 est,
767 5468 786 5499 ι
823 5449 1142 5518 profundum
1173 5454 1472 5506 consilium.
1508 5456 1531 5506 ἱ

690 5519 802 5590 (15)
826 5517 1081 5572 ίΡοδεείίί.
1116 5519 1249 5574 Gen.
1283 5538 1358 5586 tv,
1391 5524 1441 5576 1.

717 5610 799 5678 16)
842 5609 1196 5678 Οιιτετιιηᾳιιε.
1232 5613 1388 5667 Num.
1423 5631 1610 5680 xxxvi,
1644 5616 1696 5671 5.
1729 5615 1916 5670 Graeca
1965 5614 2132 5669 editio
2161 5631 2176 5668 :

614 5679 726 5735 Καὶ
747 5680 1045 5735 ἐνετείλατο
1068 5682 1306 5752 Μωῦσῆς
1332 5688 1444 5748 τοῖς
1467 5679 1603 5749 υίοΐς
1637 5685 1869 5757 Ἰσραὴλ,
1895 5685 1980 5738 διὰ
2019 5701 2180 5756 προσ-

2314 3210 2381 3263 δι’
2415 3203 2476 3264 οὗ
2505 3208 2769 3280 ἐκλήθητε
2796 3210 2873 3271 εἰς
2897 3207 3176 3261 κοινωνίαν
3208 3206 3302 3260 τοῦ
3341 3206 3478 3260 Υίοῦ
3503 3204 3663 3260 αὑτοῦ
3706 3203 3850 3274 Ἰησοῦ

2312 3299 2548 3372 Χριστοῦ
2577 3298 2670 3352 τοῦ
2709 3297 2912 3370 Κυρίου
2958 3297 3134 3369 ἡμῶν.
3163 3315 3181 3349 ι
3231 3297 3502 3368 Μέμνησο
3537 3297 3708 3357 πάλιν.
3739 3295 3852 3348 ὅτιό

2311 3393 2443 3456 Θεὸς
2488 3393 2582 3446 καὶ
2629 3390 2816 3462 Πατὴρ
2850 3389 3005 3444 καλεῖ
3047 3389 3179 3460 πρὸς
3214 3390 3307 3443 τὸν
3361 3388 3564 3443 ἑαυτοῦ
3610 3388 3855 3442 Υἱόν.Καὶ

2323 3483 2641 3556 Ῥωμαίοις·
2682 3503 2700 3534 ι
2724 3481 3032 3555 Παρακαλῷ
3070 3477 3162 3536 οὖν
3189 3483 3358 3553 ὑμᾶς,
3389 3483 3633 3556 ἀδελφοὶ,
3659 3484 3738 3537 διὰ
3765 3479 3853 3532 τῶι

2309 3575 2609 3646 οἰκτιρμῶν
2655 3574 2749 3626 τοῦ
2798 3571 2996 3626 Θεοῦ·»
3051 3573 3145 3626 καὶ
3193 3573 3500 3639 Γαλάταις·
3553 3596 3571 3628 ι
3597 3577 3746 3628 Ὥστε
3774 3570 3855 3624 οὐκ

2311 3662 2389 3715 ἔτι
2419 3657 2471 3714 εί
2501 3660 2704 3724 δοῦλος,
2735 3659 2872 3713 ἀλλὰ
2903 3659 3047 3724 υἱός·
3083 3661 3132 3712 εί
3156 3659 3214 3713 δὲ
3245 3661 3388 3726 υίὸς,
3417 3665 3514 3718 καὶ
3554 3662 3852 3734 κληρονόμος

2308 3752 2396 3806 διὰ
2431 3751 2588 3805 Θεοῦ.
2633 3769 2652 3802 ι

2379 3843 2514 3914 Περὶ
2555 3842 2650 3896 τοῦ
2693 3842 2846 3911 ἁγίου
2882 3841 3192 3913 Πνεῦμα-τος
3236 3841 3474 3909 Ἡσαΐας
3507 3847 3616 3899 ἀπὸ
3672 3841 3785 3915 [200
3808 3837 3852 3909 ὕ]

2305 3935 2401 3990 τοῦ
2459 3934 2699 4006 Πατρός·
2757 3954 2775 3987 ι
2833 3934 3036 4005 Βουλὴν
3100 3935 3408 4006 ἐποιήσατε
3471 3939 3535 3991 οὐ
3597 3937 3660 3990 δι’
3704 3931 3853 4006 ἐμοῦ.

2308 4027 2404 4082 κα)⁵
2435 4026 2704 4098 συνθήκας
2749 4027 2808 4079 οὐ
2862 4025 2952 4079 διὰ
2977 4025 3073 4079 τοῦ
3103 4026 3433 4098 Πνεῦματός
3465 4046 3569 4098 μου
3595 4046 3608 4059 ·
3629 4050 3648 4080 ι
3679 4024 3855 4083 Παῦλος

2306 4119 2646 4191 Κορινθίοις·
2683 4137 2702 4170 ι
2758 4119 2918 4189 Ἡμῖν
2979 4117 3331 4188 ἀπεκάλυψεν
3375 4122 3406 4174 ὁ
3477 4120 3611 4183 Θεὸς
3646 4118 3728 4172 διὰ
3778 4111 3852 4167 τοῦ

2304 4214 2618 4284 Πνεῦματος
2655 4212 2847 4266 αὐτοῦ·
2883 4211 2944 4266 τὸ
2999 4211 3106 4282 γὰρ
3162 4210 3397 4282 Πνεῦμα
3455 4213 3637 4266 πάντα
3670 4207 3852 4281 ὲρευνᾷν

2305 4302 2400 4356 καὶ
2432 4302 2500 4355 τὰ
2545 4299 2684 4371 βάθη
2731 4299 2823 4354 τοῦ
2867 4299 3030 4353 Θεοῦ·
3057 4318 3076 4352 ι
3131 4299 3226 4352 καὶ
3255 4300 3429 4352 πάλιν
3453 4317 3466 4329 ·
3509 4319 3530 4352 ι
3556 4295 3622 4371 ᾯ
3650 4299 3738 4370 μὲν
3765 4294 3854 4363 γὰρ

2226 4518 2270 4572 ι)
2297 4502 2575 4576 τάγματος
2603 4505 2828 4576 Κυρίου,
2849 4505 2900 4558 id
2929 4512 3030 4576 est,
3062 4521 3080 4553 ι
3114 4501 3176 4576 Et
3201 4504 3490 4576 mandavit
3518 4502 3717 4574 Moyses
3752 4495 3850 4550 ﬁliis

2222 4604 2228 4608 -
2305 4573 2489 4633 Israel.
2532 4590 2626 4643 per
2649 4573 2972 4643 pia-ceptum
3016 4573 3244 4643 lluuliui.
3278 4591 3298 4624 ι

2377 4637 2736 4714 (l7)__Non'ne.
2778 4637 2912 4697 Gen.
2957 4657 3054 4714 aL,
3092 4642 3143 4700 8,
3179 4641 3334 4706 juxta
3374 4642 3638 4714 Grecam
3676 4637 3842 4690 editio-

2305 4711 2448 4765 neiu.
2499 4711 2753 4780 Vulgatus
2783 4714 2924 4766 cnim
2960 4713 3222 4780 interpres
3255 4712 3430 4777 paulo
3463 4713 3642 4767 aliter.

2375 4781 2485 4852 (18)
2538 4779 2788 4852 Ῠυέιιεὺαι.
2829 4781 2988 4835 Hebr.
3021 4796 3080 4852 ιι.
3106 4779 3192 4852 10.
3337 4849 3348 4852 _
3515 4849 3526 4852 Α
3555 4850 3564 4852 _
3835 4839 3844 4850 ,

2372 4848 2481 4918 (19)
2522 4851 2723 4904 Evexit.
2755 4852 2937 4904 Graeca
2960 4851 3143 4908 editio.
3169 4848 3482 4916 ἀγαγόντα,
3513 4849 3568 4903 id
3597 4855 3697 4912 est,
3725 4863 3743 4895 ι
3773 4848 3844 4911 qui

2293 4919 2546 4990 adduxit.
2577 4940 2596 4971 ι
2639 4921 2914 4990 Didymus,
2951 4919 3317 4990 ἀναγαγόντα.

2367 4989 2476 5050 (20)
2523 4988 2751 5042 Paulus.
2785 4989 2992 5044 Coloss.
3033 5007 3067 5050 I,
3102 4989 3153 5041 1.

2365 5057 2477 5125 (21)
2518 5057 2733 5112 Fidelis.
2768 5058 2785 5111 1
2822 5058 2948 5113 Cor.
2989 5074 3027 5121 ι,
3069 5058 3121 5111 9.

2365 5129 2476 5194 (22)
2517 5127 2738 5180 Hortar.
2778 5129 2932 5180 Rom.
2968 5144 3065 5190 xu,
3095 5128 3146 5180 1.

2366 5198 2476 5267 (25)
2517 5197 2720 5267 Ιᾷι-(ιτιιιε.
2769 5197 2946 5267 Galat.
2988 5197 3152 5267 H'L'l.

2373 5265 2493 5347 (24).
2519 5265 2708 5347 firmes
2729 5284 2819 5347 per
2841 5266 3024 5345 Deum.
3059 5265 3315 5347 Vulgatus
3360 5269 3638 5347 interpres
3661 5308 3672 5329 ,
3700 5271 3748 5318 et
3758 5274 3824 5347 f0

2291 5326 2426 5389 dicis
2467 5326 2813 5390 'Aleytandriui
2868 5340 3100 5403 scriptor
3151 5326 3276 5401 Ιῖλμὶι
3327 5350 3390 5390 ιιι
3448 5326 3842 5404 θίξιγηιιιςηεειι

2291 5407 2485 5476 ϐιωοιι
2506 5406 2668 5476 editio
2697 5422 2837 5459 mine
2866 5406 3021 5476 habet
3054 5422 3065 5456 :
3095 5404 3445 5476 κληρονόμος
3469 5403 3607 5460 Θεοῦ
3632 5406 3715 5459 διὰ
3739 5403 3845 5467 Χριο.

2291 5476 2439 5538 στοῦ,
2478 5475 2526 5527 id
2559 5484 2659 5538 est,
2702 5495 2718 5524 ‹
2765 5478 2932 5528 luet-es
2965 5473 3055 5527 Dei
3091 5473 3527 5539 per'Chri'slum.
3573 5496 3590 5529 ι

2361 5546 2472 5612 (25)
2513 5543 2819 5598 Consilium.
2853 5545 2950 5597 lsa.
2986 5559 3115 5607 xxx,
3153 5546 3198 5596 1.

2515 5613 2696 5692 Quin}.
2722 5614 2747 5692 _l
2771 5616 2902 5692 ‘Cor.
2932 5628 2990 5675 ιι,
3027 5612 3111 5665 10.
3137 5682 3169 5692 Α
3279 5683 3291 5692 ἢ
3399 5687 3411 5692 _
3594 5685 3605 5692 _
3702 5681 3733 5692 ,Δ
3767 5674 3815 5692 Ν

2356 5674 2470 5756 (27)
2509 5674 2613 5738 Per
2637 5683 2892 5752 Spiritum
2928 5674 3100 5737 suum.
3131 5682 3365 5749 Quoties
3399 5687 3519 5742 hac
3560 5681 3737 5742 citavit
3767 5674 3841 5731 Di-
