4042 6404
661 280 764 336 955

1923 274 2157 331 DlDYMl
2199 273 2668 330 ALEXANDRINI
3741 278 3818 336 936

661 397 716 440 et
749 380 1022 436 transtulit
1048 383 1100 436 in
1143 397 1364 451 regnum
1387 383 1507 438 Filii
1531 382 1836 439 dilectionis
1859 401 1969 439 sum
1994 403 2008 439 :
2037 387 2087 440 in
2111 402 2219 456 quo

2323 385 2414 439 τοῦ
2445 385 2578 438 Υῐοῦ
2619 385 2718 456 τῆς
2748 384 2968 454 ἀγάπης
3013 383 3178 437 αὐτοῦ
3202 397 3215 412 ⁶
3250 386 3309 438 ἐν
3335 376 3378 452 ᾧ
3413 382 3587 455 ἔχομεν
3617 387 3700 458 τὴν
3721 389 3810 445 ἀπο

660 476 920 530 habemus
953 475 1376 544 redemptionem
1401 473 1535 545 (47),
1569 475 1944 529 remissionem
1971 487 2223 546 peccato-

659 579 809 630 rum;
843 583 861 616 ι
896 576 949 619 et
973 581 1157 619 rursus
1184 582 1197 618 :
1230 584 1248 615 ι
1279 564 1473 619 Paulus
1495 565 1630 637 (48),
1664 576 1717 619 et
1748 565 2022 631 Silvanus,
2057 577 2111 622 et
2134 567 2226 621 Ti-

659 659 908 708 tnotheus
954 655 1205 709 Ecclesiae
1239 655 1801 711 Thessalonicensium
1843 655 1897 710 in
1933 655 2039 710 Deo
2067 655 2226 712 Patre

660 757 844 798 nostro
875 743 1008 815 (49),
1040 753 1095 798 et
1138 745 1365 799 Domino
1398 743 1524 800 Jesu
1576 747 1816 812 Christo;
1851 765 1869 796 ι
1905 756 1961 800 et
1995 762 2221 802 rursus:

663 855 684 887 ι
719 835 772 889 Si
807 847 981 889 autem
1009 835 1118 907 (50)
1155 845 1208 889 ιιι
1241 833 1457 890 Iudaeus
1483 837 1903 906 cognominaris,
1930 848 1984 892 et
2014 838 2226 906 requie-

658 931 766 981 scis
823 929 874 980 in
949 927 1096 998 lege,
1149 938 1201 982 et
1249 927 1494 998 gloriaris
1554 928 1605 982 in
1674 928 1814 994 Deo;
1851 947 1870 980 ι
1940 940 1994 983 et
2043 929 2221 984 alibi:

662 1040 680 1070 ι
716 1019 866 1074 Unus
917 1019 1026 1091 (5|)
1080 1021 1250 1083 Deus,
1306 1033 1400 1088 per
1446 1034 1604 1089 quem
1656 1021 1873 1087 omnia,
1928 1030 1982 1075 et
2028 1037 2124 1075 nos
2172 1023 2223 1076 in

659 1113 813 1177 ipso;
845 1131 862 1162 ι
898 1123 952 1165 et
994 1126 1180 1165 rursus
1218 1130 1230 1165 :
1271 1129 1288 1162 ι
1318 1109 1375 1164 ln
1415 1111 1524 1165 Deo
1551 1110 1682 1181 (52),
1720 1113 1810 1181 qui
1850 1113 2027 1166 omnia
2075 1129 2227 1168 crea-

657 1203 764 1266 vit;
802 1221 819 1253 ι
853 1213 906 1255 et
950 1219 1177 1257 rursus:
1217 1222 1234 1253 ‹
1273 1201 1510 1256 Tandem
1539 1202 1652 1272 (55)
1678 1202 1966 1272 aliquando
2006 1219 2226 1274 prospe-

656 1307 774 1345 rum
809 1292 910 1345 iter
934 1291 1139 1345 habebo
1164 1292 1215 1344 in
1249 1291 1523 1346 voluntate
1553 1291 1644 1345 Dei
1671 1292 1918 1346 veniendi
1946 1294 2011 1346 ad
2038 1309 2166 1360 vos;
2200 1313 2218 1346 ι

654 1392 705 1436 et
745 1399 972 1437 rursus:
1006 1401 1024 1433 (
1059 1381 1223 1436 Orate
1251 1381 1360 1453 (54)
1398 1382 1450 1435 in
1477 1381 1620 1447 Deo;
1657 1401 1676 1433 ›
1715 1391 1770 1437 et
1810 1398 1996 1437 rursus
2029 1401 2042 1435 :
2074 1403 2092 1434 ‹
2121 1384 2222 1449 Qui

654 1471 784 1525 facit
814 1473 926 1543 (55)
959 1474 1266 1536 veritatem,
1298 1474 1445 1526 venit
1474 1473 1539 1526 ad
1567 1472 1762 1538 lucem,
1790 1482 1846 1528 ut
1873 1473 2225 1529 maniiesten-

655 1572 744 1618 tur
771 1563 887 1631 ejus
915 1580 1074 1634 opera
1107 1564 1217 1635 (56)
1245 1565 1386 1633 quod
1421 1564 1472 1617 in
1498 1564 1606 1618 Deo
1640 1573 1765 1619 sunt
1794 1563 1955 1620 facta.
1989 1583 2007 1616 ι

730 1657 804 1708 De
853 1655 992 1710 Filio
1051 1666 1233 1709 autem
1278 1654 1479 1708 Paulus
1531 1653 1937 1710 Colosscnsibus
1985 1655 2219 1710 scribit:

2327 477 2615 548 λύτρωσιν,
2656 477 2755 549 τὴν
2797 477 2988 546 ἄφεσιν
3046 475 3153 529 τῶν
3189 475 3528 547 ἁμαρτιῶν-ι
3559 477 3642 530 καὶ
3670 479 3800 534 πάλιν

2334 587 2352 618 ι
2381 567 2610 631 Παῦλος,
2655 566 2750 620 καὶ
2778 565 3079 630 Σιλουανδς,
3114 565 3206 618 καὶ
3239 565 3494 636 Τιμόθεος
3535 569 3596 636 τῇ
3644 567 3827 642 Ἐκκλη-

2329 661 2419 732 σίᾳ
2449 658 2882 714 Θεσσαλονικέων
2915 659 2972 710 ἐν
2997 656 3116 728 Θεῷ
3155 657 3331 729 Πατρὶ
3369 658 3538 728 ἡμῶν,
3567 659 3651 712 καὶ
3679 662 3832 732 Κυρίῳ

2340 751 2513 821 Ἰησοῦ
2550 750 2834 821 Χριστῷοι
2885 749 2978 802 καὶ
3022 749 3215 802 πάλιν·
3263 767 3282 800 ι
3317 749 3380 802 El
3427 749 3481 802 δὲ
3529 751 3586 803 σὺ
3629 750 3831 816 Ἰουδαῖος

2328 842 2659 913 ἐπονομάζῃ,
2701 841 2794 894 καὶ
2832 840 3159 912 ἐπαναπαύῃ
3189 841 3358 912 νόμῳ,
3399 842 3491 894 καὶ
3526 844 3764 912 καυχᾶσαι
3790 847 3834 896 ἐν

2326 932 2405 1003 τῷ
2437 931 2580 1002 Θεῷ⁶
2609 951 2626 982 ι
2660 932 2752 985 καὶ
2781 930 3005 1002 ἑτέρωθι
3028 948 3042 962 ·
3085 951 3102 982 ι
3125 927 3219 994 Εἷς
3247 931 3399 994 Θεὸς,
3426 932 3488 984 δι’
3515 928 3570 986 οῦ
3591 933 3651 985 τὰ
3673 934 3830 998 πάντα,

2328 1025 2422 1078 καὶ
2455 1025 2612 1094 ἡμεῖς
2641 1024 2720 1087 εἰς
2752 1022 2912 1076 αὐτόν
2933 1040 2946 1054 ·
2989 1041 3007 1074 ι
3037 1023 3131 1075 καὶ
3160 1022 3319 1075 πάλιν
3340 1038 3355 1052 ⁸
3390 1041 3407 1072 ι
3441 1023 3526 1076 Ἐν
3552 1021 3623 1093 τῷ
3660 1022 3758 1094 Θεῷ
3778 1024 3834 1095 τῷ

2327 1113 2395 1166 τὰ
2424 1114 2600 1166 πάντα
2627 1112 2893 1166 κτίσαντιο
2925 1131 2943 1165 ι
2988 1107 3142 1174 αὖθις
3188 1129 3248 1164 τε
3268 1130 3282 1143 ⁸
3321 1131 3340 1162 ι
3369 1113 3504 1182 Ἤδη
3535 1116 3653 1168 ποτὲ
3681 1114 3834 1167 εὐοδω-

2329 1205 2562 1277 θήσομαι
2590 1207 2646 1257 ἐν
2666 1204 2743 1276 τῷ
2771 1203 3032 1274 θελήματι
3046 1202 3140 1256 τοῦ
3163 1202 3297 1256 Θεοῦ
3327 1203 3497 1257 ἐλθεῖν
3527 1206 3650 1276 πρὸς
3677 1207 3832 1274 ὑμᾶς’»

2329 1297 2420 1349 καὶ
2469 1295 2660 1350 πάλιν·
2716 1295 2996 1365 «Εὖχεσθε
3043 1298 3099 1350 ἐν
3148 1297 3334 1368 Θεῷ·›
3393 1297 3486 1350 καὶ
3533 1297 3706 1352 πάλιν
3755 1299 3834 1350 ιὈ

2330 1385 2497 1439 ποιῶν
2528 1386 2626 1458 τὴν
2658 1385 2936 1456 ἀλήθειαν,
2978 1386 3196 1457 ἔρχεται
3224 1387 3362 1458 πρὸς
3394 1387 3453 1440 τὸ
3489 1387 3616 1456 φῶς,
3648 1387 3724 1440 ἴνα
3755 1404 3835 1455 φα-

2329 1476 2538 1548 νερωθῇ
2566 1475 2750 1541 αὑτοῦ,
2791 1477 2874 1529 ἇτι
2901 1478 2960 1532 ἐν
2986 1476 3105 1547 Θεῷ
3137 1478 3273 1531 εἰσιν
3301 1478 3646 1548 εἰργασμένα.
3680 1497 3696 1530 ι

2399 1655 2532 1726 Περὶ
2570 1653 2664 1707 τοῦ
2705 1654 2856 1716 Υἱοῦ,
2896 1654 3106 1718 Παῦλος
3158 1653 3526 1708 Κολοσσαεῦσι
3562 1654 3680 1724 μέν·
3711 1653 3837 1705 (Ὅτι

660 1767 679 1800 ι
720 1748 984 1814 Quoniam
1017 1747 1128 1817 (57)
1163 1746 1215 1799 in
1241 1745 1356 1815 ipso
1389 1755 1567 1800 creata
1599 1757 1726 1801 sunt
1755 1748 1934 1800 omnia
1967 1747 2017 1800 in
2049 1748 2221 1814 caelis,

2327 1743 2386 1797 ἐν
2412 1744 2558 1815 αύτῴ
2590 1744 2811 1815 ἐκτίσθη
2842 1744 2911 1798 τὰ
2943 1745 3122 1798 πάντα
3168 1747 3232 1798 ἐν’
3261 1748 3372 1810 τοῖς
3409 1746 3644 1816 οὐρανοῖς
3670 1745 3748 1797 καὶ
3769 1744 3837 1797 ἐπὶ

652 1852 706 1896 et
734 1843 786 1896 in
818 1853 984 1906 terra,
1018 1839 1268 1906 visibilia,
1305 1848 1359 1893 et
1395 1839 1706 1905 invisibilia,
1737 1841 1852 1895 sive
1884 1840 2083 1905 throni,
2115 1839 2227 1894 sive

655 1933 1070 1996 dominationes,
1109 1932 1222 1987 sive
1248 1929 1608 1999 principatus,
1636 1931 1749 1986 sive
1781 1942 2096 2002 potestates,
2119 1947 2230 1986 om-

653 2027 739 2080 nia
779 2040 874 2093 per
902 2025 1107 2094 ipsum,
1142 2031 1196 2077 et
1227 2023 1278 2076 in
1323 2023 1438 2091 ipso
1479 2032 1661 2076 creata
1711 2032 1874 2077 sunt:
1908 2034 1960 2076 et
2002 2023 2114 2090 ipse
2147 2031 2230 2077 est

656 2127 784 2170 ante
805 2117 1008 2182 omnia,
1039 2125 1090 2168 et
1119 2114 1299 2168 omnia
1342 2115 1396 2168 in
1433 2115 1550 2184 ipso
1586 2121 1870 2179 constant;
1903 2131 1921 2163 ι
1951 2122 2002 2166 et
2035 2113 2226 2167 Coriu-

656 2209 786 2262 thiis
815 2206 867 2260 in
904 2205 1074 2274 prima
1104 2204 1343 2274 EpiStola
1377 2223 1390 2259 :
1423 2224 1440 2256 ι
1475 2204 1579 2259 Sed
1612 2204 1779 2259 abluti
1806 2204 1916 2276 (58)
1947 2204 2102 2269 estis,
2134 2204 2227 2258 sed

649 2296 933 2367 justiﬁcati
962 2297 1116 2361 estis,
1149 2297 1241 2350 sed
1273 2293 1594 2350 sanctiﬁcati
1624 2295 1758 2349 estis
1786 2297 1836 2348 in
1871 2295 2089 2349 nomine
2119 2294 2230 2347 Do-

657 2389 786 2440 mini
813 2385 940 2441 Jesu
968 2384 1192 2450 Christi,
1227 2395 1278 2440 et
1314 2387 1365 2440 in
1397 2385 1602 2456 Spiritu
1641 2385 1736 2439 Dei
1765 2389 1969 2452 nostri;
2001 2403 2020 2436 ›
2058 2387 2109 2438 iu
2145 2400 2230 2440 se-

655 2477 830 2530 cunda
865 2491 1027 2531 vero:
1064 2495 1082 2528 ι
1119 2475 1226 2529 Deo
1251 2475 1363 2546 (59)
1410 2486 1590 2530 autem
1642 2477 1838 2546 gratia,
1876 2476 1965 2545 qui
2017 2491 2230 2546 semper

657 2567 959 2635 triumphat
1007 2581 1102 2620 nos
1139 2566 1189 2619 in
1228 2565 1469 2633 Christo,
1517 2577 1571 2622 et
1610 2566 1829 2620 odorem
1872 2566 2077 2619 notitia:
2117 2581 2228 2618 sua:

655 2657 967 2711 manifestat
1009 2672 1105 2726 per
1146 2671 1283 2720 nos;
1324 2675 1342 2708 ι
1389 2665 1442 2710 et
1485 2669 1713 2709 rursus:
1747 2671 1765 2704 ι
1801 2653 1989 2722 Itaque
2031 2654 2142 2723 (60)
2182 2653 2226 2708 si

654 2749 777 2817 quis
809 2749 860 2802 in
907 2748 1149 2812 Christo,
1201 2761 1337 2800 nova
1377 2755 1669 2811 creatura;
1704 2763 1722 2797 ι
1758 2745 2014 2799 Romanis
2053 2759 2178 2798 vero
2211 2762 2223 2798 :

658 2858 677 2891 ι
714 2839 846 2892 Nam
876 2839 960 2893 lex
995 2839 1103 2910 (Gl)
1153 2837 1386 2908 Spiritus
1424 2839 1546 2893 vita:
1579 2839 1630 2892 in
1679 2837 1895 2893 Christo
1929 2837 2053 2892 Jesu
2091 2839 2226 2892 libe-

653 2931 795 2984 ravit
852 2943 938 2983 me
996 2945 1025 2982 a
1077 2930 1194 3000 lege
1249 2931 1476 3000 peccati,
1531 2938 1586 2985 et
1640 2929 1852 2984 mortis.
1895 2948 1914 2980 ι
1966 2929 2222 2984 Eisdem:

663 3042 681 3074 ι
719 3020 1041 3091 Omnes(62)
1066 3021 1208 3075 enim
1235 3027 1621 3090 peccaverunt,
1641 3031 1696 3074 et
1719 3030 1878 3089 egent
1901 3019 2065 3089 gloria
2090 3020 2181 3074 Dei
2209 3039 2221 3074 :

2329 1835 2452 1905 γῆς,
2478 1834 2547 1887 τὰ
2573 1836 2743 1904 ὁρατὰ
2772 1836 2865 1889 καὶ
2891 1836 3009 1908 μοι
3047 1835 3100 1909 b]
3141 1838 3212 1891 τὰ
3255 1838 3496 1910 ἀόρατα⁶
3539 1838 3640 1890 εἴτε
3679 1835 3836 1906 θρόνοι,

2329 1925 2438 1979 εἴτε
2461 1926 2798 1997 κυριότητες,
2835 1927 2943 1980 εἴτε
2973 1929 3160 1999 ἀρχαὶ,
3196 1929 3304 1982 εἴτε
3336 1928 3588 1992 ἐξουσίαι,
3616 1927 3675 1980 τὰ
3701 1926 3837 1979 πάντα

2328 2016 2396 2070 δι’
2446 2015 2610 2068 αὑτοῦ
2649 2019 2743 2070 καὶ
2784 2019 2863 2081 εἰς
2905 2018 3066 2071 αύτὺν
3115 2018 3337 2091 ἐκτίσθη
3364 2035 3377 2048 ·
3428 2019 3520 2071 καὶ
3567 2017 3712 2080 αὑτός
3753 2017 3839 2067 ἐστι

2330 2106 2436 2176 πρὸ
2467 2107 2704 2168 πάντων,
2727 2107 2820 2160 καὶ
2876 2107 2944 2160 τὰ
2977 2108 3151 2162 πάντα
3193 2109 3249 2161 ἐν
3296 2106 3445 2178 αὐτῷ
3483 2107 3790 2178 συνέστηκεν.
3820 2124 3835 2154 ο

2329 2197 2637 2269 Κορινθίοις
2677 2198 2776 2268 μὲν
2822 2199 2879 2251 ἐν
2925 2201 2990 2270 τῇ
3040 2199 3233 2272 πρώτῃ
3284 2200 3598 2270 Ἐπιστολῇ⁶
3661 2217 3676 2250 ι
3717 2194 3840 2250 Ἀλλὰ

2329 2289 2716 2356 ἀπελούσασθε,
2762 2290 2875 2344 ἀλλ’
2923 2291 3295 2362 ἐδικαιώθητε,
3343 2292 3480 2346 ἀλλὰ
3515 2290 3775 2363 ἡγιάσθητε
3797 2289 3838 2338 ὲν

2328 2379 2406 2450 τῷ
2433 2382 2656 2452 ὀνόματι
2687 2381 2780 2434 τοῦ
2806 2381 3010 2453 Κυρίου
3054 2381 3227 2453 Ἰησοῦ
3268 2383 3528 2454 Χριστοῦ,
3577 2383 3663 2435 καὶ
3711 2382 3757 2432 ἐν
3783 2377 3840 2447 τῷ

2329 2471 2605 2542 Πνεύματι
2632 2471 2727 2525 τοῦ
2757 2471 2890 2525 Θεοῦ
2921 2472 3138 2543 ἡμῶν»
3178 2475 3235 2525 ἐν
3261 2474 3316 2526 δὲ
3358 2478 3427 2546 τῇ
3473 2473 3709 2543 δευτέρᾳο
3737 2468 3840 2537 «Τῴ

2328 2561 2383 2614 δὲ
2408 2561 2525 2632 Θεῷ
2561 2562 2739 2633 χάρις,
2771 2561 2849 2633 τῷ
2880 2563 3110 2615 πάντοτε
3141 2561 3527 2634 θριαμϐεύοντι
3551 2565 3684 2634 ἡμᾶς
3715 2561 3762 2612 ἐν
3781 2558 3840 2628 τῷ

2327 2650 2568 2723 Χριστῷ,
2617 2651 2711 2704 καὶ
2754 2651 2852 2722 τὴν
2890 2651 3065 2722 ὀσμὴν
3097 2652 3196 2721 τῆς
3244 2653 3499 2720 γνώσεως
3531 2651 3682 2704 αὐτοῦ
3710 2665 3838 2720 eave.

2331 2743 2510 2814 ροῦντι
2554 2743 2624 2796 δι’
2673 2742 2865 2813 ήμῶν·
2917 2762 2935 2795 s
2980 2743 3075 2796 xui.
3129 2743 3328 2796 πάλιν·
3383 2763 3404 2794 ι
3430 2745 3587 2796 Ὥστε
3628 2745 3674 2796 ετ
3707 2758 3772 2804 τις
3797 2741 3840 2791 ὲν

2328 2829 2740 2902 Χριστῷ,καινὴ
2769 2831 2972 2894 κτίσις·
3009 2850 3028 2883 s
3048 2831 3336 2901 Ῥωμαίοις
3355 2833 3448 2886 δέ·
3481 2854 3498 2883 ι
3521 2834 3576 2886 Ὀ
3604 2833 3698 2901 γὰρ
3717 2830 3840 2899 νόμσς

2325 2922 2419 2974 τοῦ
2446 2921 2760 2992 Πνεῦματος
2792 2923 2890 2993 τῆς
2919 2922 3062 2993 ζωῆς
3109 2923 3167 2976 ὲν
3204 2923 3428 2995 Χριστῷ
3474 2923 3637 2992 Ἰησοῦ
3663 2919 3840 2993 ἡλευθὲη

2329 3011 2501 3084 ρωσέν
2537 3028 2603 3082 με
2633 3012 2738 3065 ἀπὸ
2766 3011 2858 3065 τοῦ
2886 3012 3048 3082 νόμου
3081 3013 3181 3083 τῆς
3204 3014 3482 3086 ἁμαρτίας
3503 3016 3592 3067 καὶ
3612 3012 3695 3066 τοῦ
3717 3010 3840 3066 θανά-

655 3111 820 3185 416
843 3111 1122 3181 justilicati
1153 3112 1322 3178 gratis
1356 3127 1450 3180 per
1499 3112 1727 3180 gratiam
1771 3111 1956 3178 ipsius,
2001 3126 2095 3178 per
2128 3126 2225 3165 re—

2326 3119 2442 3155 του-
2474 3121 2492 3154 ι
2521 3105 2631 3167 τοῖς
2657 3104 2837 3167 αὐτοῖς
2861 3121 2876 3135 ο
2915 3121 2934 3154 ι
2965 3105 3170 3168 Πάντες
3199 3105 3307 3176 γὰρ
3330 3107 3593 3178 ἥμαρτον,
3622 3104 3704 3158 καὶ
3728 3103 3842 3154 tim-

655 3204 1036 3272 demptionem,
1080 3217 1198 3271 quae
1245 3211 1328 3255 est
1382 3201 1436 3255 in
1477 3200 1695 3256 Christo
1727 3199 1879 3254 Jesn.
1928 3217 1946 3250 ι
1980 3199 2225 3255 Hebraeis

653 3312 821 3350 vero:
857 3315 874 3346 ‹
907 3295 1084 3348 Multis
1130 3294 1302 3348 modis
1353 3293 1480 3346 olim
1532 3294 1678 3347 Dens
1727 3292 1952 3362 loquens
1985 3293 2223 3360 patribus

657 3389 711 3442 in
745 3387 1037 3457 prophetis,
1081 3385 1132 3439 in
1177 3383 1485 3439 novissimis
1512 3383 1624 3454 (65)
1669 3383 1857 3437 diebus
1893 3383 1976 3438 his
2012 3383 2225 3440 locutus

657 3488 740 3532 est
766 3478 915 3530 nobis
943 3476 994 3530 in
1021 3475 1177 3530 Filio.
1212 3494 1230 3527 ι
1265 3473 1460 3528 Petrus
1485 3474 1537 3526 in
1578 3473 1813 3541 Epistula
1847 3473 1960 3544 (64)
1991 3491 2004 3528 :
2035 3493 2052 3524 ι
2087 3475 2226 3530 Deus

657 3579 834 3623 autem
873 3567 1047 3623 omnis
1094 3567 1298 3637 gratiae,
1332 3567 1419 3637 qui
1464 3566 1680 3620 vocavit
1725 3581 1823 3620 nos
1870 3567 1924 3620 in
1968 3577 2223 3622 aeternam

658 3675 809 3714 suam
849 3659 1074 3730 gloriam
1100 3660 1152 3714 in
1180 3657 1400 3713 Christo
1422 3657 1572 3712 Jesu.
1603 3676 1623 3709 ι

1253 3838 1404 3893 CAP.
1445 3835 1633 3890 XXIV.

728 3933 949 4002 insuper
977 3931 1150 3986 Graeci
1185 3931 1320 4002 (65),
1347 3930 1437 3998 qui
1465 3928 1782 3998 sapientiam
1822 3927 1925 3982 sibi
1967 3943 2229 3998 arrogan-

659 4033 743 4079 ter
792 4023 1053 4084 tribuunt,
1093 4032 1150 4076 et
1195 4020 1535 4089 stupidorutn
1582 4019 1825 4071 omnium
1871 4018 2227 4088 stupidissimi

660 4125 808 4178 sunt,
848 4130 911 4169 ac
943 4112 1317 4182 superstitioso
1355 4108 1591 4180 plurium
1631 4109 1853 4163 deorum
1884 4108 2032 4163 cultu
2067 4110 2224 4178 ebrii,

732 4296 842 4366 (47)
878 4294 1318 4366 Redemptionem.
1351 4295 1478 4350 Post
1506 4298 1645 4352 hanc
1669 4315 1858 4356 vocem
1885 4302 2073 4356 Graeca
2106 4303 2222 4355 edt-

662 4365 748 4442 tio;
762 4365 908 4420 addit
935 4384 948 4442 ξ
983 4365 1073 4418 διὰ
1098 4365 1193 4419 τοῦ
1224 4365 1453 4436 αἵματος
1479 4367 1666 4434 αὐτοῦ,
1701 4371 1754 4425 id
1781 4381 1883 4437 est,
1917 4388 1935 4423 ι
1978 4386 2074 4442 per
2097 4386 2223 4426 san-

661 4437 871 4505 guinem
893 4437 1036 4505 eius.
1071 4455 1092 4489 ι

732 4505 841 4576 (48)
880 4504 1101 4576 Paulus.
1133 4503 1378 4576 i‘TlleSS.
1404 4521 1443 4570 ι,
1480 4507 1532 4562 1.

665 4643 702 4700 L
735 4573 868 4698 (49)s
893 4574 1110 4630 Nostro.
1138 4573 1265 4630 Haec
1292 4591 1394 4630 vox
1423 4578 1578 4633 deest
1617 4577 1672 4632 in
1714 4575 1901 4634 Bibiiis
1933 4577 2142 4634 Graecis
2167 4595 2232 4636 ac

709 4663 734 4697 a
787 4663 836 4698 ΙΙΙ
875 4687 885 4698 .

709 4658 885 4698 ἎΙΙΙΙΙῧ.

732 4714 845 4784 (50)
882 4713 940 4769 Si
967 4724 1162 4768 autem.
1200 4715 1357 4769 Rom.
1386 4731 1448 4779 ιι,
1475 4715 1563 4769 17.
1599 4715 1785 4771 Graeca
1823 4717 1990 4774 editio
2020 4718 2228 4774 habet:

665 4785 762 4847 ἴδε,
796 4787 845 4838 id
877 4795 979 4848 est,
1020 4803 1038 4836 ι
1073 4785 1211 4840 vide.
1250 4804 1268 4837 ι
1313 4784 1574 4853 Vulgatus
1609 4786 1876 4855 interpres
1903 4787 2030 4854 legit
2061 4798 2119 4841 ut
2150 4789 2234 4842 Di-

669 4856 1047 4935 dy_tnus..Qui_n
1083 4855 1350 4924 Complut.
1380 4859 1544 4910 etiam
1578 4857 1666 4912 ed.
1719 4857 1881 4911 habet
1932 4858 1982 4910 ei
2022 4858 2078 4911 δέ
2104 4899 2118 4924 ,
2180 4859 2230 4912 id

667 4933 764 4984 est,
804 4941 821 4972 ι
857 4933 900 4976 si
931 4933 1130 4978 autem.
1164 4944 1183 4977 ι

735 4992 844 5065 (51)
885 4991 1108 5046 Unus.l
1181 4993 1308 5048 Cor.
1365 5009 1484 5060 νιιι,
1541 4995 1593 5050 6.
1625 4995 1810 5065 Graeca
1865 4995 2030 5065 editio
2069 4995 2232 5065 habet

667 5071 724 5134 at
747 5061 1001 5132 Didynms
1026 5064 1136 5131 ipse
1164 5065 1351 5118 citavit
1372 5067 1526 5130 alias,
1550 5082 1739 5134 nempe
1758 5064 1818 5129 ἐξ
1845 5061 1907 5120 οὗ
1929 5065 2001 5130 τὰ
2025 5064 2224 5134 πάντα,

667 5130 859 5254 ἒὲιοει,
905 5150 924 5183 ι
969 5130 1066 5202 per
1097 5149 1254 5203 quem
1293 5137 1498 5202 omnia,
1547 5153 1567 5188 ι
1607 5130 1712 5190 non
1749 5151 1906 5200 vero,
1945 5135 2012 5188 δι’
2051 5130 2114 5190 οὗ
2159 5136 2230 5188 τὰ

742 5217 860 5254 ντα.

742 5217 860 5255 ντα.

735 5270 847 5338 (52)
897 5267 958 5338 In
978 5270 1106 5326 Deo.
1145 5273 1339 5336 Ephes.
1374 5289 1457 5334 ιιι,
1491 5274 1546 5328 9.

736 5337 850 5406 (55)
892 5337 1139 5409 Tandem.
1171 5342 1327 5397 Rom.
1358 5360 1395 5409 ι,
1429 5346 1516 5400 10.

738 5409 852 5480 (54)
895 5407 1075 5463 Orate.
1123 5411 1236 5473 Vel.
1273 5431 1291 5464 ι
1334 5407 1523 5468 oratis.
1561 5433 1580 5466 ι
1624 5413 1773 5467 Unde
1801 5413 1914 5468 haac
1944 5415 2103 5468 verba
2131 5414 2230 5467 du-

668 5489 753 5536 cta
779 5485 932 5552 (sint,
966 5481 1165 5534 nescio.
1195 5481 1380 5552 Itaque
1419 5485 1609 5550 ignoro
1651 5486 1852 5550 etiam,
1898 5493 2076 5537 utrum
2107 5499 2226 5538 vcr-

670 5550 824 5607 teinla
875 5550 986 5601 sint
1033 5568 1052 5600 ι
1087 5552 1272 5605 orandi
1295 5550 1330 5603 3
1367 5554 1551 5615 verbo,
1599 5569 1664 5607 an
1699 5573 1717 5604 ι
1757 5554 2002 5608 vovendi.
2045 5572 2064 5605 ι

891 5617 1359 5706 ριιξλαοὶξκξοδιι.
1390 5639 1484 5704 In,
1517 5623 1608 5706 ει.

733 5686 848 5764 (56)
889 5686 1078 5757 Opera.
1118 5689 1430 5746 Addendum
1459 5686 1525 5746 in
1560 5692 1769 5758 Grzeco,
1802 5692 1870 5746 τά
1903 5691 2059 5763 ἔργα.

2331 3197 2546 3269 ροῦνται
2570 3199 2667 3268 τῆς
2691 3197 2847 3267 δόξης
2885 3197 2978 3250 τοῦ
3009 3198 3166 3265 Θεοῦ,
3202 3199 3571 3272 δικαιούμενοι
3599 3197 3775 3269 δωρεὰν
3793 3197 3842 3262 τῇ

2329 3291 2492 3343 αὐτοῦ
2523 3291 2704 3362 χάριτι
2741 3291 2829 3344 διὰ
2865 3293 2964 3362 τῆς
2995 3291 3427 3363 ἀπολυτρώσεως
3452 3294 3550 3364 τῆς
3585 3294 3639 3344 ὲν
3667 3286 3843 3362 Χριστῷ

2342 3379 2581 3451 Ἰησοῦ·›
2624 3381 2893 3450 Ἑϐραίοις
2923 3381 2980 3434 δέ
3000 3398 3012 3412 ’
3051 3401 3070 3433 ι
3100 3383 3465 3455 Πολυτρόπως
3497 3383 3650 3436 πάλαι
3685 3385 3710 3434 ὁ
3743 3378 3845 3438 Θεὸς

2325 3473 2560 3545 λαλήσας
2585 3477 2694 3537 τοῖς
2718 3475 2986 3546 πατράσιν
3011 3478 3067 3529 ἐν
3093 3481 3208 3542 τοῖς
3251 3479 3581 3550 προφήταις,
3614 3476 3692 3527 ἐπ’
3719 3469 3844 3540 ἐσχάι

2323 3583 2434 3630 των
2458 3565 2681 3636 ἡμερῶν
2704 3565 2907 3620 τούτων
2936 3566 3196 3638 ἐλάλησεν
3221 3571 3355 3641 ἡμῖν
3383 3573 3443 3624 ἐν
3485 3568 3614 3639 Υἰῷ.
3635 3588 3652 3619 ι
3683 3564 3845 3632 Πέτρος

2325 3657 2382 3709 ἐν
2417 3657 2729 3729 Ἐπιστολῇ·
2760 3675 2778 3708 ι
2803 3658 2859 3710 '0
2883 3657 2939 3711 δὲ
2967 3657 3096 3724 Θεὸς
3123 3660 3302 3731 πάσης
3332 3662 3576 3733 χάριτος,
3603 3661 3629 3712 ὁ
3655 3655 3843 3712 καλέσας

2326 3750 2469 3819 ἡμᾶς
2501 3752 2580 3812 εἰς
2608 3749 2704 3821 τὴν
2729 3748 2944 3804 αἰώνιον
2966 3752 3129 3804 αὑτοῦ
3155 3753 3308 3817 δόξαν
3326 3755 3388 3807 ἐν
3411 3746 3799 3825 ΧριστῷἽησοῦ.
3825 3762 3839 3794 ι

2959 3844 3116 3897 ΚΕΦ.
3145 3846 3272 3898 KA'.

2397 3933 2516 3985 Ἔτι
2555 3933 2648 3986 καὶ
2692 3935 2741 3986 οἱ
2785 3935 2959 4005 οἰήσει
3000 3937 3155 4005 σοφοὶ
3198 3939 3293 3990 καὶ
3336 3940 3526 4009 πάσης
3568 3929 3842 4004 ἀΰελτηρίας

2321 4023 2576 4077 ἐπέκεινα
2597 4025 2873 4094 Ἕλληνες,
2899 4028 2948 4080 οἱ
2975 4027 3264 4092 πολυθεῖας
3284 4030 3416 4104 δόξῃ
3440 4027 3840 4101 καταμεθύσντεςν

2323 4114 2418 4167 καὶ
2461 4116 2688 4180 ἑαυτοὺς
2727 4116 3024 4182 πείθοντες,
3059 4121 3248 4192 ὅτιπερ
3298 4122 3456 4193 μόνοι
3489 4123 3621 4176 εἰσὶν
3649 4117 3841 4186 πολυμα-

2401 4303 2516 4374 (57)
2556 4305 2837 4371 Quoniam.
2865 4305 3071 4361 Coloss.
3118 4321 3158 4371 ι,
3193 4305 3278 4371 16,
3341 4307 3436 4362 17.

2402 4373 2510 4444 (58)
2552 4377 2654 4430 Sed
2675 4377 2862 4430 abluti.
2907 4375 3084 4430 lCor.
3121 4391 3196 4440 vt,
3239 4373 3324 4429 11.

2399 4442 2510 4514 (59)
2553 4446 2682 4514 Deo.
2717 4446 2757 4499 ll
2799 4445 2924 4501 Cor.
2971 4462 3028 4510 ιι,
3065 4445 3152 4498 14.

2402 4513 2516 4650 (60)
2556 4513 2760 4585 Itaque.
2791 4514 2981 4570 llCor.
3021 4531 3076 4580 v,
3116 4515 3204 4568 17.

2403 4583 2487 4649 (61
2559 4583 2700 4637 Nam
2720 4584 2823 4638 Iea‘.
2861 4585 3016 4640 Rom.
3060 4600 3176 4647 vlli,

2403 4583 2516 4649 (61)
2559 4583 2700 4637 Nam
2720 4584 2823 4638 Iea‘.
2861 4585 3016 4640 Rom.
3060 4600 3176 4647 vlli,
3208 4586 3264 4637 2.

2425 4651 2492 4704 62
2551 4652 2762 4709 Omnes.
2812 4655 2967 4708 Rom.
3011 4671 3096 4718 ιιι,
3125 4655 3217 4719 25,
3253 4654 3346 4710 24.

2425 4654 2514 4792 65)
2556 4721 2622 4776 In
2646 4725 2960 4778 novissimis.
2985 4725 3242 4792 Didymus
3267 4741 3346 4779 tuo

2425 4713 2514 4792 65)
2556 4721 2632 4794 In,
2646 4725 2960 4794 novissimis.
2985 4713 3242 4794 Didymus
3267 4725 3428 4780 modo
3453 4723 3580 4794 legit
3623 4721 3699 4775 ἐπ’
3719 4713 3842 4794 ἐσχάο

2329 4789 2470 4855 των,
2496 4789 2580 4847 ἰιι
2623 4793 2710 4846 hic
2769 4804 2823 4848 et
2875 4810 3044 4862 segni.
3085 4789 3153 4846 27
3187 4798 3249 4858 b;
3293 4797 3456 4848 modo
3499 4789 3584 4849 ἐπ’
3630 4789 3838 4862 ὲσχάέτσυν

2332 4873 2597 4932 utsegm.
2645 4862 2713 4916 15
2753 4881 2806 4931 a,
2841 4875 2895 4918 et
2939 4858 3004 4918 68
3043 4866 3092 4927 b,
3141 4874 3195 4918 et
3226 4866 3278 4918 in
3320 4876 3515 4918 catena
3556 4867 3606 4916 in
3645 4858 3839 4932 P30111308

2332 4926 2536 5007 Palatio
2566 4926 2820 5007 empta".
2864 4926 3191 5007 quaesistat
3220 4935 3409 4988 codice
3438 4935 3620 5007 Grzeco
3650 4926 3836 5007 xrnuﬁi-

2332 4999 2611 5076 hliotheczr
2648 5000 2710 5076 _S.
2751 4999 2912 5076 Marci
2961 5002 3330 5072 Venetiarum,
3363 5020 3492 5076 pag.
3519 5003 3618 5057 206
3655 5002 3713 5054 ad
3740 4999 3837 5051 titu-

2329 5067 2438 5122 lum
2473 5071 2660 5138 psalmi
2697 5072 2842 5124 noui.

2399 5141 2510 5280 (64)
2553 5141 2760 5195 Deus.l
2794 5140 2941 5195 Petr.
2981 5157 3036 5206 v,
3065 5142 3153 5196 10.

2425 5211 2513 5280 65)
2554 5209 2745 5264 Crwci.
2771 5210 2958 5267 Plures
2987 5213 3153 5266 adhuc

2425 5203 2513 5280 65)
2554 5209 2745 5264 Crwci.
2771 5210 2958 5267 Plures
2987 5203 3162 5266 adhuc
3183 5212 3351 5267 fuisse
3374 5209 3699 5268 Alexandriae
3724 5203 3837 5280 Gre;

2329 5267 2443 5340 eos,
2481 5267 2534 5334 i'd
2563 5291 2646 5352 e_st
2680 5281 2966 5352 ethnicos,_
2990 5282 3196 5352 Didymi
3234 5292 3418 5350 aetate,
3459 5295 3656 5338 certum
3679 5285 3765 5352 es}.

2329 5337 2556 5422 testatur
2582 5349 2810 5422 Ruﬁnus
2833 5351 2884 5402 in
2917 5337 3058 5422 Hist.
3088 5337 3274 5407 Eccles.
3309 5337 3418 5406 lib:
3443 5337 3502 5417 ιι,
3536 5367 3650 5418 cap.
3677 5337 3838 5422 εἳςλιι

2330 5419 2528 5489 indicat
2564 5431 2618 5474 et
2642 5419 3000 5489 Hieronymus
3043 5421 3136 5475 lib.
3179 5437 3307 5475 xvm
3338 5424 3391 5476 in
3427 5407 3614 5477 Isaiam
3635 5431 3740 5484 cap.
3766 5407 3834 5489 δξίι

2327 5497 2381 5540 et
2433 5485 2676 5543 Julianus
2717 5482 2974 5561 Apostata
3027 5491 3221 5558 saepius
3267 5511 3279 5547 :
3327 5493 3423 5561 qui
3478 5493 3576 5546 hac
3619 5482 3759 5561 etiam
3788 5482 3836 5561 (te

2327 5571 2510 5628 causa,
2529 5570 2585 5612 ut
2605 5569 2754 5628 puto,
2768 5546 2832 5612 ἰιι
2857 5560 3076 5628 epistola
3099 5546 3129 5613 5t
3151 5546 3543 5617 Alesatidriam
3557 5566 3699 5616 vocat
3719 5546 3836 5619 ἱεράν

2327 5625 2501 5696 πόλιν,
2528 5629 2581 5684 id
2606 5625 2722 5696 est,
2753 5646 2771 5679 ι
2811 5625 3019 5685 sacram
3050 5632 3351 5687 civitatem.
3384 5650 3407 5684 ι
