4042 6404
264 363 365 420 εδει

1386 364 1469 418 DE
1511 365 1877 422 TRINITATE
1917 368 2117 424 LIBER
2155 368 2477 425 TERTIUS.

3395 372 3500 429 938

264 487 406 549 θεῖς,
440 484 827 557 ἀμαθαίνοντες
852 482 906 535 δὲ
933 484 1058 553 περὶ
1084 483 1141 535 τὸ
1172 486 1381 554 καίριον
1416 488 1563 557 παρὰ
1596 489 1824 555 πάντας,

1932 493 2254 562 semetipsos
2298 496 2491 561 putant
2532 489 2674 545 solos
2722 487 2892 544 multa
2939 488 3181 545 doctrina
3226 490 3501 557 praeditos,

265 576 360 628 καὶ
391 575 647 644 οὐδεμίαν
691 570 892 643 ἀκριϐῆ
942 572 1195 643 περὶτῆς
1238 575 1296 625 ἐν
1338 577 1524 644 μονάδι
1558 580 1834 651 μακαρίας

263 664 495 735 Τριάδος
542 662 745 733 εἴδησιν
789 662 1021 731 ἔχοντες,
1068 663 1247 716 αὐτῶν
1300 664 1715 737 (παραπλησίως
1766 674 1831 741 τῇ

265 751 400 823 [2οὶ
451 751 507 823 α]
550 751 779 823 λεγούσῃ
830 752 1057 822 Γραφῇ,
1108 771 1126 804 t
1182 755 1402 827 Ἀσεδὴς
1450 757 1703 827 ἐμπεσὼν
1753 762 1833 825 είς

266 842 429 912 βάθος
451 843 659 904 κακῶν,
688 847 1013 914 καταφρονεῖ
1037 846 1083 903 ι)
1116 844 1182 896 δι’
1208 845 1633 921 ὲθελοακρότητα
1671 851 1834 905 δεισι-

260 934 551 1003 δαιμονίας
583 933 742 1003 δῆθεν
782 934 874 988 καὶ
919 935 1258 1005 περιεργίας,
1294 937 1373 1000 είς
1417 938 1705 1008 βεϐαίωσιν
1735 944 1833 1014 τῆς

263 1027 577 1093 πολυθεως,
631 1028 827 1098 μᾶλλον
873 1027 929 1080 δὲ
993 1027 1181 1091 ἀθεΐας
1237 1029 1413 1084 αὐτῶν
1464 1033 1828 1104 ὲπερείδονται

261 1119 451 1183 κακῶς
490 1123 555 1190 τῇ
601 1118 955 1191 προλεχθείσῃ
986 1119 1080 1172 τοῦ
1123 1120 1440 1175 Ἀποστόλου
1484 1129 1674 1197 φωνῇ’
1722 1147 1740 1179 ι
1770 1130 1836 1182 Εἴ

262 1211 412 1274 τινές
459 1213 565 1264 εἱσι
595 1211 874 1281 λεγόμενοι
907 1208 1038 1274 θεοὶ,
1072 1212 1180 1263 εἴτε
1222 1214 1280 1265 ὲν
1317 1212 1550 1285 οὐρανῷ,
1586 1216 1696 1270 εἴτε
1741 1220 1831 1272 ἐπὶ

264 1301 400 1371 γῆς·
448 1301 635 1371 ὥσπερ
674 1300 782 1353 εἰσὶ
825 1302 934 1354 θεοὶ
966 1300 1167 1363 πολλοὶ,
1208 1303 1299 1356 καὶ
1354 1304 1530 1376 κύριοι
1564 1307 1776 1361 πολλοίο
1804 1330 1823 1362 ι

261 1392 361 1445 καὶ
384 1395 451 1463 τῇ
478 1394 809 1463 προφητικῇ,
832 1394 897 1464 τῇ
925 1392 1205 1465 φασκούσῃ
1229 1410 1241 1424 ·
1277 1414 1294 1445 ι
1319 1393 1484 1460 Θεοὺς
1522 1399 1583 1451 οὐ
1608 1402 1835 1454 κακολο-“

260 1484 519 1553 γήσειςοι
552 1484 667 1545 καὶ,
715 1501 731 1532 ι
758 1482 889 1545 Θεὸς
934 1481 1069 1535 θεῶν
1104 1482 1306 1554 Κύριος
1353 1486 1643 1558 ἐλάλησεν·
1675 1509 1693 1541 ι
1730 1492 1829 1546 οὐκ

214 1598 237 1629 ι
260 1574 346 1626 ἔτι
375 1572 663 1643 βλέποντες
707 1572 799 1626 δύο
837 1572 1041 1625 ταῦτα’
1082 1574 1140 1627 ἓν
1178 1577 1296 1645 μὲν,
1341 1577 1420 1631 ὅτι
1460 1581 1489 1632 6
1512 1580 1831 1645 ’Δπόστολος

259 1666 475 1739 ἔγραψε
527 1667 635 1738 πρὸ
672 1665 765 1719 τοῦ
816 1665 1138 1737 μνησθέντος
1188 1670 1350 1740 ῥητοῦ
1373 1685 1388 1701 ο
1425 1689 1442 1722 t
1463 1672 1649 1736 Οὐδεὶς
1676 1674 1825 1741 Θεὸς,

260 1758 309 1810 εἰ
344 1759 420 1828 μὴ
452 1752 590 1821 εἷς’»
629 1758 816 1829 ἕτερον
842 1757 920 1821 δὲ,
953 1757 1034 1809 ὅτι
1068 1776 1086 1808 ‹
1113 1760 1407 1831 Λεγόμενοι
1456 1760 1566 1816 θεοί
1605 1766 1769 1817 εἰσινσ
1804 1784 1822 1816 ι

256 1848 407 1902 τοῦτ’
445 1849 589 1902 ἔστιν
612 1890 627 1915 ,
664 1849 725 1901 οὐ
756 1849 913 1919 φύσει
959 1851 1311 1921 ὑπάρχοντες,
1342 1854 1454 1907 ἀλλ’
1482 1855 1725 1926 ὀνόματι.
1756 1857 1829 1911 Τὸ
1861 1832 1902 1885 Β

262 1941 367 2012 μὲν
394 1940 505 2011 γὰρ
532 1940 874 2012 ἀποτέλεσμα
908 1941 1263 2013 σεσιώπηται,
1286 1944 1367 1997 δεῖ
1395 1945 1451 1998 δὲ
1488 1944 1827 2015 ἐκδέξασθαι,

258 2031 338 2094 ὡς
370 2030 651 2100 δεδομένον
671 2031 779 2085 ἀπὸ
804 2032 1001 2103 μέρους
1022 2032 1084 2084 τὸ
1103 2032 1222 2086 ὅλον
1241 2034 1515 2100 νοοῦντας
1529 2038 1701 2110 Χάριν
1722 2039 1830 2112 γὰρ

259 2122 359 2175 καὶ
385 2120 495 2175 τῶν
518 2122 637 2175 κατ’
666 2121 896 2192 ἔλλειψιν
936 2123 1285 2194 φρασθέντων
1311 2127 1531 2198 γράψει·
1560 2147 1578 2181 ι
1615 2130 1674 2183 'U
1698 2132 1825 2184 ἀναο

257 2212 550 2283 γινώσκων
572 2213 774 2268 νοείτω.
810 2233 828 2265 ι
872 2215 1037 2281 Θεοὺς
1060 2217 1234 2272 τοίνυν
1278 2221 1402 2283 τοὺς
1443 2220 1626 2289 ἁγίους
1658 2220 1827 2290 λέγει,

258 2304 389 2368 τοὺς
424 2304 563 2359 κατὰ
602 2306 760 2378 χάριν
791 2308 1120 2375 ἀξιωθέντας
1146 2312 1245 2383 τῆς
1278 2314 1548 2378 υἱοθεσίας
1578 2318 1671 2369 καὶ
1701 2316 1828 2369 ταύ-

258 2413 362 2468 της
391 2397 496 2467 τῆς
527 2401 924 2471 προσηγορίας·
962 2396 1037 2455 ὧν
1069 2404 1128 2468 ἐξ
1161 2406 1360 2477 ἀρετῆς
1401 2406 1464 2459 τὺ
1507 2407 1824 2479 πολίτευμα,

261 2486 407 2540 κατὰ
434 2488 526 2541 τὸν
565 2491 727 2543 αὐτὸν
766 2493 1113 2559 Ἀπόστολον,
1149 2495 1293 2549 ἐστιν
1330 2497 1387 2550 ἐν
1419 2498 1657 2569 οὐρανῷ·
1703 2501 1828 2570 περὶ

260 2572 338 2632 ὧν
371 2581 533 2644 αὐτὸς
557 2583 585 2632 6
609 2583 849 2655 ἀπλανὴς
878 2584 1009 2649 Θεὸς
1043 2586 1276 2657 εἰρηκὼς
1306 2588 1549 2657 φαίνεται
1570 2605 1582 2617 '
1623 2607 1643 2639 ‹
1690 2590 1828 2658 Ἐγὼ

261 2668 425 2727 εἶπα·
468 2673 589 2726 Θεοί
629 2677 750 2728 ἐστε
795 2677 888 2729 καὶ
932 2678 1038 2731 υἱοὶ
1072 2678 1324 2748 Ὑψίστου
1355 2679 1584 2745 πάντεςο
1627 2699 1643 2731 ι
1676 2681 1769 2735 καὶ
1801 2685 1828 2735 6

261 2764 693 2836 εῦαγγελιστής·
746 2786 763 2818 ι
804 2767 865 2821 El
910 2770 1151 2833 ἐκείνους
1196 2766 1315 2824 εἷπε
1364 2770 1536 2836 θεοὺς,
1574 2772 1708 2844 πρὸς
1736 2772 1830 2836 οὓς

260 2858 290 2909 6
320 2857 481 2924 λόγος
508 2858 600 2910 τοῦ
630 2858 763 2912 Θεοῦ
795 2860 1029 2929 ἐγένετο.
1066 2881 1086 2914 ι
1116 2862 1226 2916 Καὶ
1255 2863 1434 2933 μέντοι
1465 2865 1702 2918 Μωῦσέα
1737 2866 1828 2919 καὶ

275 2946 487 3018 Ἀαρὼν
514 2950 804 3004 αἰνίττεται
832 2954 864 3021 ἡ
899 2952 1107 3023 Γραφὴ,
1138 2952 1262 3015 τοὺς
1289 2953 1535 3022 ἀγγέλων
1560 2955 1824 3023 γείτονας,

260 3038 388 3099 τοὺς
413 3038 476 3090 οὐ
506 3039 664 3108 μόνον
691 3040 1064 3112 γενικώτερον,
1092 3042 1225 3096 ἀλλὰ
1256 3045 1346 3097 καὶ
1372 3044 1677 3117 ἰδικώτερον
1700 3065 1827 3100 κατ-

262 3126 656 3197 ηγλαῖσμένους
706 3130 782 3199 τῷ
829 3130 923 3184 τοῦ
971 3131 1104 3185 Θεοῦ
1160 3133 1403 3205 ὀνόματι.
1455 3132 1618 3191 Εἶπεν
1656 3136 1763 3208 γὰρ
1797 3140 1824 3191 6
1851 3162 1893 3218 C

260 3219 396 3280 Θεὸς
438 3217 516 3288 τῷ
565 3220 816 3273 Μωῦσεί·
859 3241 877 3273 ε
929 3222 1057 3277 Ἰδοὺ
1088 3224 1306 3296 τίθεμαι
1346 3244 1406 3280 σε
1449 3226 1569 3281 θεὸν
1612 3227 1689 3300 τῷ
1721 3231 1826 3282 Φα-

261 3308 413 3379 ραώ·
462 3328 481 3360 ι
536 3311 629 3363 καὶ
663 3311 822 3365 πάλιν
868 3314 946 3384 τῷ
1008 3314 1247 3385 Ἀαρών⁸
1306 3336 1324 3369 t
1366 3319 1504 3392 Ἔσῃ
1552 3320 1701 3389 αὑτῷ
1747 3322 1824 3384 εἰς

261 3397 413 3450 θεόν·
445 3418 465 3450 ι
513 3401 779 3463 τουτέστι,
820 3406 885 3473 τῇ
928 3404 1056 3475 περὶ
1096 3405 1255 3459 αὑτὸν
1303 3410 1544 3480 προνοίᾳ.
1604 3409 1730 3481 [202
1771 3411 1823 3482 b]

264 3492 333 3542 Ἦ
362 3491 507 3560 τάχα
533 3492 633 3545 οὐκ
667 3493 891 3557 ἀπεικὸς
925 3496 1045 3550 κατ’
1090 3497 1190 3569 ἐμὲ
1223 3500 1317 3552 καὶ
1347 3499 1445 3563 τὰς
1492 3502 1688 3567 πιστὰς
1733 3502 1826 3556 καὶ

260 3580 586 3651 εὐδοκίμους
627 3584 1005 3658 ὶειτουργικὰς
1052 3590 1143 3643 τοῦ
1174 3592 1308 3645 Θεοῦ
1348 3592 1606 3664 δυνάμεις
1639 3595 1709 3648 τὰ
1735 3597 1825 3649 εὐ-

260 3670 501 3740 χάριστα
538 3675 837 3744 ποιήματα,
884 3681 1128 3751 σεραιρὶμ
1157 3679 1298 3747 λέγω
1334 3682 1429 3734 καὶ
1479 3683 1823 3754 κυριότητας,

258 3760 522 3829 δυνάμεις
538 3779 596 3814 τε
621 3764 712 3815 καὶ
740 3764 1007 3833 ἐξουσίας,
1031 3768 1228 3839 τούτῳ,
1252 3769 1396 3824 καθὰ
1422 3772 1515 3823 καὶ
1542 3773 1720 3842 ἡμεῖς,
1750 3773 1825 3843 τῷ

258 3851 570 3923 ὑπερφερεῖ
616 3857 937 3928 τετιμῆσθαι
990 3858 1233 3930 ὀνόματι.
1301 3863 1571 3932 ’Δφθόνως
1626 3864 1733 3935 γὰρ
1796 3867 1825 3918 6

256 3945 484 3997 πάντων
524 3947 900 4020 γενεσιουργὺς
944 3951 1057 4014 τοῖς
1094 3952 1331 4006 αἰτοῦσιν
1368 3954 1551 4018 αὑτὸν,
1596 3957 1687 4008 καὶ
1726 3955 1826 4008 οὐκ

253 4035 497 4101 αἰτοῦσι,
530 4042 735 4102 πιστοῖς
768 4041 824 4093 δὲ
854 4043 945 4096 καὶ
971 4044 1305 4115 εὑγνώμοσιν
1352 4043 1521 4113 οῦσιν,
1552 4049 1644 4100 καὶ
1672 4048 1824 4119 χάριο

254 4147 351 4192 τος
386 4130 552 4182 εἰδόσι
584 4133 910 4203 μεμνῆσθαι,
948 4139 1163 4189 πάντων
1216 4139 1563 4207 μεταδίδωσι,
1613 4140 1713 4193 κᾶν
1745 4159 1824 4193 σι-

255 4223 457 4289 γῶσιν,
483 4223 591 4275 τῶν
625 4224 815 4278 ἑαυτοῦ
839 4228 1076 4295 ἀγαθῶν.
1110 4230 1323 4285 Μᾶλλον
1349 4230 1440 4286 οῦν
1467 4232 1825 4302 ὲπιλεγέσθω-

256 4329 382 4372 σαν,
442 4312 708 4383 Ἰερεμίαν
760 4317 857 4386 μὲν
902 4320 1311 4391 προφητεύοντα
1362 4323 1490 4394 περὶ
1535 4323 1642 4376 τῶν
1694 4325 1823 4393 παρ’

1935 598 2056 638 cum
2095 583 2269 652 reipsa
2304 582 2355 636 in
2388 597 2452 638 eo
2475 581 2618 651 quod
2651 582 2978 649 pmcipuum
3012 588 3113 645 est,
3146 578 3385 633 omnium
3420 578 3498 631 iu-

1941 674 2239 729 doctissimi
2266 674 2399 739 sint,
2432 674 2739 742 nullamque
2763 682 3072 727 accuratam
3111 671 3177 727 de
3200 671 3353 727 beata
3380 668 3497 724 Tri-

1934 766 2128 832 nitate,
2178 780 2296 836 quae
2331 766 2382 819 in
2436 765 2643 819 unitate
2685 771 2790 828 est,
2837 762 3198 832 cognitionem
3243 759 3497 826 habeant,

1928 858 2081 927 juxta
2112 858 2164 912 id
2203 857 2344 926 quod
2396 857 2472 911 ait
2506 854 2810 925 Scriptura,
2836 873 2855 905 ι
2888 853 3087 922 Impius
3112 851 3223 923 (66)
3256 852 3497 905 incidens

1935 948 1985 1000 in
2020 946 2339 1017 profundum
2373 947 2654 1013 malorum,
2704 943 2948 1013 despicit,
2986 961 3004 994 ι
3045 943 3113 996 ob
3143 957 3405 997 summam
3434 956 3496 996 ac

1932 1041 2292 1096 voluntariam
2324 1040 2437 1112 (67)
2462 1042 2701 1109 ipsorum
2728 1035 3188 1106 superstitionem,
3215 1049 3277 1089 ac
3307 1046 3496 1103 super-

1933 1143 2158 1183 vacuum
2203 1129 2467 1194 studium,
2518 1129 2585 1183 ad
2632 1126 3008 1183 stabiliendum
3056 1122 3492 1195 polytheismum,

1931 1219 2013 1274 vel
2062 1218 2237 1287 potius
2295 1218 2621 1273 atheismum
2672 1217 2966 1272 abutuntur
3024 1214 3201 1270 allatis
3256 1214 3495 1285 Apostoli

1932 1310 2131 1373 verbis,
2152 1310 2338 1378 eisque
2368 1310 2602 1365 maxime
2629 1308 2968 1363 innituntur:
2996 1324 3015 1359 ι
3040 1305 3097 1362 Si
3119 1305 3209 1376 qui
3239 1304 3493 1376 suut(68)

1931 1401 2021 1470 qui
2056 1401 2306 1455 dicuntur
2351 1401 2423 1454 dii
2469 1401 2584 1457 sive
2621 1401 2672 1455 in
2703 1398 2863 1464 cmlo,
2912 1399 3025 1454 sive
3054 1398 3107 1453 in
3142 1408 3327 1453 terra:
3356 1398 3496 1452 sicut

1931 1502 2057 1546 sunt
2115 1492 2189 1546 dii
2250 1493 2439 1555 multi,
2495 1501 2553 1547 et
2602 1490 2804 1547 domini
2859 1490 3050 1554 multi;
3083 1509 3102 1542 ι
3163 1499 3218 1544 ει
3266 1488 3493 1559 prophe-

1931 1578 2034 1632 tica
2080 1579 2345 1633 sententia
2381 1597 2394 1633 :
2425 1597 2443 1630 ι
2489 1579 2598 1634 Diis
2643 1578 2755 1649 (69)
2802 1594 2910 1633 non
2964 1577 3283 1641 maledices;
3316 1596 3334 1629 ι
3391 1588 3488 1630 et:

1935 1686 1954 1719 ι
1993 1670 2130 1725 Deus
2168 1670 2279 1740 (70)
2329 1670 2550 1727 deorum
2602 1669 2860 1725 Dominus
2897 1670 3109 1725 locutus
3151 1680 3255 1725 est.
3302 1689 3321 1721 ι
3366 1668 3492 1736 Qua:

1929 1762 2054 1817 dum
2093 1763 2391 1832 proferunt,
2432 1763 2537 1816 duo
2583 1762 2699 1818 haec
2742 1777 2845 1817 non
2888 1761 3491 1830 auirnadvertuntzpri-

1930 1868 2074 1906 nium
2117 1852 2325 1908 scilicet
2372 1862 2496 1906 ante
2541 1860 2958 1906 commemorata
3014 1852 3173 1906 verba
3227 1852 3341 1906 hac
3389 1852 3491 1905 alia

1929 1943 2129 2013 scripta
2151 1958 2271 1999 esse
2301 1944 2369 1997 ab
2399 1941 2656 2011 Apostolo
2679 1960 2693 1997 :
2717 1961 2733 1993 ι
2758 1939 2944 1996 Nullus
2970 1941 3107 1996 Deus
3139 1943 3238 1997 nisi
3265 1958 3433 2004 unus;
3466 1960 3485 1994 ι

1930 2034 2120 2089 deinde
2149 2048 2276 2089 vero
2306 2048 2428 2089 eum
2470 2033 2616 2103 loqui
2652 2035 2715 2089 de
2751 2034 2838 2101 iis,
2880 2053 2898 2087 ι
2939 2033 3037 2101 Qui
3069 2036 3316 2089 dicuntur
3335 2034 3434 2099 dii,
3468 2054 3487 2088 ι

1931 2125 1983 2180 id
2017 2134 2120 2189 est,
2158 2125 2249 2194 qui
2289 2139 2394 2179 non
2431 2133 2623 2179 natura
2657 2125 2732 2180 dii
2774 2132 2919 2191 sunt,
2952 2124 3046 2181 sed
3084 2125 3317 2179 nomine.
3356 2122 3491 2179 Nam

1929 2216 1981 2270 id
2027 2218 2167 2285 quod
2207 2214 2529 2271 sententiam
2572 2215 2801 2284 perlicit.
2848 2218 3104 2272 omissum
3148 2224 3253 2271 est.
3294 2214 3400 2271 Sed
3427 2230 3491 2271 ea

1929 2307 2091 2362 verba
2138 2307 2208 2362 ita
2243 2306 2554 2376 accipienda
2599 2317 2741 2370 sunt,
2794 2316 2852 2361 ut
2886 2307 3197 2378 Apostolum
3235 2321 3300 2362 ex
3342 2314 3492 2378 parte

1931 2408 2138 2453 tantum
2164 2398 2215 2453 id
2243 2399 2444 2455 dixisse
2466 2398 2607 2468 quod
2631 2398 2861 2464 volebat,
2893 2400 3273 2471 intelligamus,
3296 2407 3490 2455 caetera

1931 2506 2056 2547 vero
2087 2492 2379 2562 supplenda
2421 2507 2560 2548 esse.
2603 2490 2737 2546 Nam
2786 2493 2851 2547 ad
2892 2506 2957 2546 ea
2995 2492 3193 2556 etiam,
3230 2506 3349 2561 quae
3396 2506 3491 2560 per

1928 2582 2159 2651 ellipsim
2203 2581 2346 2637 dicta
2395 2591 2540 2647 sunt,
2594 2583 2829 2651 pertinet
2873 2582 3002 2637 illud
3039 2582 3243 2637 Christi
3281 2581 3489 2654 :517

1933 2693 1951 2725 ι
1981 2671 2080 2739 Qui
2108 2672 2218 2745 (7i)
2245 2672 2391 2744 legit,
2418 2673 2695 2744 intelligat.
2724 2691 2743 2726 ι
2788 2674 3019 2728 Deorum
3044 2672 3204 2743 igitur
3230 2673 3490 2727 vocabulo

1928 2774 2143 2821 sanctos
2179 2764 2291 2835 (72)
2325 2766 2578 2831 denotat,
2642 2766 2734 2835 qui
2795 2781 2892 2836 per
2945 2766 3170 2836 gratiam
3213 2766 3486 2821 consecuti

1928 2864 2071 2919 sunt,
2105 2865 2163 2910 ut
2195 2854 2286 2909 lilii
2324 2855 2415 2910 Dei
2442 2865 2495 2910 et
2516 2865 2717 2919 essent,
2740 2864 2795 2912 et
2814 2857 3290 2912 denominarentur
3313 2874 3328 2911 :
3348 2869 3485 2925 quo-

1928 2963 2045 3002 rum
2101 2948 2437 3003 conversatio
2489 2947 2600 3020 (75)
2657 2948 2842 3002 virtuti
2912 2955 3293 3015 consentanea,
3334 2946 3485 3017 juxta

1926 3038 2170 3094 eumdem
2222 3038 2557 3109 Apostolum,
2593 3038 2645 3093 in
2696 3040 2836 3094 caelo
2873 3048 2985 3104 est;
3026 3039 3092 3093 de
3125 3038 3321 3108 quibus
3347 3036 3488 3094 DeuI

1930 3128 2066 3195 ipse,
2100 3129 2189 3198 qui
2224 3127 2333 3183 falli
2387 3144 2493 3183 non
2530 3138 2729 3198 potest,
2764 3130 2965 3200 inquit:
3000 3146 3018 3178 ε
3055 3126 3165 3198 Ego
3191 3130 3301 3183 dixi
3332 3127 3482 3205 (74):

1931 3219 2179 3285 Diiestis,
2210 3229 2263 3274 et
2291 3219 2383 3273 ﬁlii
2418 3218 2679 3275 Altissimi
2718 3234 2934 3286 omnes;
2974 3238 2993 3271 ι
3022 3229 3077 3275 et
3115 3218 3480 3288 evangelista:

1933 3330 1951 3363 ι
1986 3311 2041 3366 Si
2071 3312 2189 3365 illos
2216 3311 2330 3381 (75)
2365 3312 2496 3365 dixit
2534 3313 2685 3376 deos,
2715 3312 2779 3365 ad
2826 3326 2962 3381 quos
2990 3325 3169 3367 sermo
3195 3311 3287 3365 Dei
3310 3311 3486 3365 factus

1927 3411 2029 3455 est.
2066 3419 2086 3453 ι
2120 3400 2325 3466 Quibus
2358 3410 2535 3454 tamen
2584 3402 2764 3455 verbis
2795 3401 2998 3472 angelis
3038 3401 3313 3471 proximos
3341 3399 3490 3470 Moy-

1926 3509 2038 3553 sem
2094 3505 2150 3549 et
2177 3494 2443 3550 Aaroncm
2479 3493 2785 3551 subindicat
2823 3494 3117 3564 Scriptura.
3170 3492 3413 3562 Namque
3435 3492 3489 3546 bi

1928 3603 2033 3641 non
2065 3587 2222 3641 modo
2253 3588 2569 3655 generatim,
2601 3586 2693 3641 sed
2742 3585 2903 3639 etiam
2956 3585 3233 3652 speciatim
3278 3584 3371 3637 Dei
3393 3597 3487 3638 no-

1927 3677 2070 3729 mine
2132 3675 2395 3728 honestati
2454 3684 2599 3729 sunt.
2664 3673 2811 3726 Dixit
2860 3672 3000 3727 enim
3069 3673 3209 3727 Deus
3268 3671 3486 3742 Moysi:

1931 3783 1949 3815 ι
1978 3764 2114 3819 Ecce
2145 3765 2255 3834 (76)
2284 3765 2548 3819 constituo
2571 3773 2622 3819 te
2646 3765 2802 3820 deum
2842 3762 3146 3828 Pharaoni;
3173 3781 3192 3815 ι
3230 3772 3284 3817 et
3301 3776 3491 3818 rursus

1925 3855 2123 3910 Aaroui
2156 3872 2169 3909 :
2203 3873 2222 3906 ‹
2252 3854 2372 3908 Eris
2402 3854 2513 3925 (77)
2546 3855 2643 3923 ipsi
2671 3854 2725 3909 iu
2761 3853 2950 3919 deum;
2981 3871 2999 3905 ι
3025 3867 3215 3923 nempe
3242 3853 3311 3907 ob
3335 3861 3481 3905 tuam

1904 3966 2053 4019 _erga
2085 3951 2260 4019 ipsum
2295 3940 2712 4019 providentiam.
2740 3948 2884 4017 ,ιιιυά
2927 3948 3089 4003 etiam
3121 3947 3349 4001 fortasse
3380 3960 3486 4000 non

1925 4045 2042 4099 sine
2067 4042 2243 4113 aliqua
2272 4042 2737 4096 verisimilitudine
2759 4055 2881 4095 meo
2912 4042 3126 4110 quidem
3156 4038 3359 4109 judicio
3380 4036 3487 4092 dici

1926 4143 2120 4205 potest,
2149 4133 2329 4188 ﬁdeles
2381 4140 2433 4185 et
2480 4137 2677 4201 probas
2722 4134 2829 4188 Deo
2871 4132 3193 4185 famulantes
3235 4128 3485 4191 virtutes,

1929 4232 2140 4300 Deoque
2164 4241 2341 4299 gratas
2379 4239 2693 4295 creaturas,
2758 4224 3090 4295 seraphimos
3145 4237 3377 4293 nempe,
3431 4231 3485 4275 et

1925 4323 2317 4378 dominationes
2340 4365 2354 4388 ,
2406 4332 2459 4376 et
2490 4322 2718 4375 virtutes
2749 4359 2763 4383 ,
2795 4331 2849 4373 et
2883 4328 3193 4387 potestates,
3221 4323 3485 4385 praestan-

255 4403 490 4473 Ἕλλησι
553 4409 1022 4477 συμπτωχοτάτων
1068 4410 1245 4476 αὐτοῖς
1301 4414 1474 4468 θεῶν·
1529 4434 1547 4466 ι
1586 4415 1737 4478 Θεοὶ,
1773 4414 1821 4467 οἳ

1928 4414 2134 4469 tissimo
2164 4415 2267 4468 isto
2296 4412 2529 4478 nomine,
2556 4413 2683 4466 item
2708 4422 2765 4467 ul
2793 4427 2913 4478 nos,
2948 4412 3257 4466 honestatas
3280 4406 3481 4470 fuisse;

1907 4593 1917 4621 l

1908 4599 1917 4621 ι

1848 4599 1899 4659 D
1928 4656 1998 4709 ita
2041 4653 2358 4709 dormierint
2401 4667 2515 4723 .egc
2550 4662 2775 4723 naturae,
2812 4650 2908 4704 soli
2941 4649 3116 4723 sancti
3141 4658 3196 4703 et
3225 4663 3474 4723 corpore,

1920 4732 1976 4778 et
2026 4726 2204 4778 anima
2254 4724 2306 4777 in
2357 4719 2549 4777 melius
2590 4721 2953 4774 mutabuntur.
3010 4738 3028 4770 ι
3084 4719 3212 4789 Quae
3266 4720 3476 4789 Didymi

1913 4797 2076 4847 verba
2098 4793 2254 4847 aﬂ'ert
2279 4792 2640 4863 Hieronymus
2664 4792 2716 4846 in
2746 4791 2905 4860 epist.
2934 4789 3033 4843 119
3057 4792 3125 4842 ad
3156 4788 3473 4843 Minervium

331 4646 447 4714 (66)
492 4646 713 4714 Impius.
744 4648 898 4704 Prov.
933 4668 1084 4715 xvm,
1120 4653 1172 4706 5.
1199 4653 1385 4709 Graeca
1420 4655 1582 4710 editio
1627 4655 1813 4709 eodem

258 4733 424 4792 sensu
451 4736 464 4770 :
495 4718 662 4792 :Dtav
696 4718 821 4792 ἔλθῃ
848 4722 1046 4792 ἀσεϐὴς
1075 4724 1154 4785 είς
1191 4723 1370 4792 βάθος,
1400 4738 1507 4777 etc.

330 4788 447 4854 (67)
490 4787 762 4841 Summam
794 4787 858 4842 ac
884 4787 1249 4844 voluntariam.
1293 4792 1345 4844 lu
1387 4793 1593 4855 Gi'trco,
1640 4794 1815 4847 ἐθελο-

256 4858 561 4931 ακρότῃτα.
594 4858 671 4931 ita
709 4869 764 4911 et
802 4859 1128 4931 Epiphanius
1157 4862 1208 4913 in
1241 4863 1535 4915 Anchomto
1567 4880 1684 4930 cap.
1712 4866 1804 4931 Μ,
1913 4874 1959 4917 et
1995 4865 2350 4917 Alexandrum
2386 4858 2604 4929 scripta.

259 4928 631 5003 pagJAAait
661 4946 685 5003 εΔ
712 4931 828 4982 κατ’
857 4930 1279 5003 ἐθελοακρὸτητα
1307 4928 1666 5003 δικαιοσύνης.
1792 4928 1798 4931 ν

1982 4934 2092 5003 (75)
2136 4928 2755 5003 ροηυενδαιὶοζιξιιὶιίρρ.
2792 4928 2993 5003 “1,20.

325 4996 438 5066 (68)
480 4997 570 5072 Si"
599 5000 686 5065 qui
737 5011 876 5052 sunt.
927 4998 943 5050 I
985 4996 1108 5058 Cor.
1134 4996 1257 5065 vnit,
1304 5003 1357 5056 5.
1389 5001 1572 5057 Graeca
1603 4996 1807 5059 editio:
1983 4996 2093 5072 (74')
2137 5001 2248 5068 Ego
2268 5002 2412 5072 dixi.
2442 5001 2586 5055 Psal.
2621 4996 2806 5072 Lxxxr,
2858 5001 2889 5053 6

260 5064 431 5141 Εἴπερ
462 5064 617 5141 sisi.
676 5137 712 5141 _
808 5140 817 5141 ί

1982 5064 2096 5141 (75)
2134 5064 2357 5141 Siillos.
2384 5070 2536 5125 Joan.
2567 5087 2619 5135 κ,
2655 5070 2743 5124 55.

328 5135 443 5258 (622
497 5136 633 5217 Diis.
674 5137 1021 5222 Exodxxxu,
1042 5142 1133 5223 $8.
1163 5140 1474 5208 "lljUSl'DOtli
1515 5141 1807 5209 Scriptura:
1981 5135 2093 5223 (76)
2134 5140 2289 5221 Ecce.
2336 5141 2507 5196 Exod.
2552 5154 2663 5203 vu,
2710 5143 2779 5226 l.‘
2818 5139 2963 5224 Citat
3018 5142 3257 5221 sensum.
3306 5135 3482 5190 Verba

328 5220 373 5256 :a
452 5207 728 5258 Itt‘tsttams
753 5212 936 5258 olmmt
971 5210 1210 5258 Julianus
1243 5215 1494 5258 Annstnta
1522 5213 1659 5258 amnl
1702 5213 1804 5258 Cv-
1910 5225 2051 5258 etum
2093 5213 2385 5258 Scrinium:
2426 5219 2553 5258 sunt
2595 5228 2609 5258 :
2664 5210 2795 5258 Ἰδου
2842 5212 2952 5258 ὲγω
2994 5208 3203 5258 δέδωκα
3253 5222 3312 5256 σε
3361 5204 3482 5257 θεὸν

259 5205 373 5283 loca
402 5204 728 5283 Christianis
753 5212 936 5279 objicit
971 5210 1210 5283 Julianus
1242 5204 1494 5283 Apostata
1522 5204 1659 5277 apud
1702 5213 1804 5282 Cy-

1927 5204 2051 5283 gnim
2076 5204 2385 5283 (Scriptura:
2426 5219 2553 5283 sunt
2595 5228 2609 5263 :
2664 5210 2795 5283 ’ἰδοῦ
2832 5208 2952 5283 ἐγὼ
2994 5207 3222 5283 δέδωκα.
3253 5222 3312 5256 σε
3361 5204 3484 5257 θεὸν

260 5274 436 5353 rillum
477 5276 614 5328 libro
659 5293 732 5353 ιιίΔ
760 5274 950 5335 contra
997 5282 1217 5350 impium
1246 5274 1392 5335 illum
1437 5298 1502 5336 ac
1540 5274 1802 5351 perﬁdu'm
1910 5281 2128 5353 Φαραώ,
2160 5274 2360 5353 i_il'_est_,_
2385 5298 2404 5330 ι
2444 5280 2580 5353 Ecce
2607 5294 2708 5353 ego
2742 5274 2944 5353 dedite
2980 5275 3407 5353 (ἱεραὶ-ΡΙιερτειρζ
3434 5293 3453 5324 ι

1990 5341 2125 5422 (77)
2150 5350 2289 5422 Eris.
2324 5341 2491 5422 Exod.
2520 5365 2604 5422 _I_v,
2632 5341 2719 5413 f6,
2754 5348 2949 5418 legitur
2978 5364 2991 5399 :
3024 5346 3097 5398 Σὺ
3126 5344 3184 5396 δὲ
3210 5341 3358 5422 αῦτῷ
3383 5343 3481 5422 ἔσῃ

480 5414 638 5493 ρεαδ,
681 5412 837 5493 Psal_._
866 5434 1017 5493 xntx,
1071 5420 1122 5475 l.

1927 5412 2008 5476 τί
2030 5412 2166 5493 πρὸς
2208 5419 2298 5471 τὸν
2323 5419 2474 5493 Θεὸν.
2508 5412 2719 5493 Δδίθιύηι
2750 5412 3107 5493 praeterquam
3130 5414 3281 5493 quod,
3318 5413 3482 5493 verba

353 5481 440 5557 ἶί)
480 5484 584 5557 Qui
614 5486 755 5554 legit.
794 5487 980 5542 Matth.
1005 5481 1161 5555 'xxrv,
1192 5490 1277 5543 15.
1915 5503 2043 5546 sunt
2069 5481 2459 5557 aliquantulum
2488 5488 2702 5541 diversa
2731 5481 2798 5543 ab
2830 5490 2934 5551 his,
2967 5481 3094 5554 quae
3129 5482 3298 5557 all‘ert
3321 5481 3484 5550 Didy-

326 5550 440 5623 (72)
472 5550 723 5627 ﬁducia—78.
755 5560 1071 5612 Sanctorum
1098 5550 1311 5614 ndinine
1341 5574 1445 5615 non
1471 5573 1654 5616 sacros
1671 5561 1805 5616 scri-
1917 5578 2056 5625 mus,
2089 5550 2194 5615 non
2221 5559 2488 5612 Aarouem
2516 5558 2587 5612 ibi
2622 5550 2926 5627 alloquitur
2942 5550 3114 5627 Deus,"
3128 5553 3223 5627 sed
3250 5550 3477 5627 MDSCIII.

260 5633 444 5698 plores
470 5623 739 5699 intelligit,
762 5636 828 5683 ἰιι
851 5642 1015 5697 segm.
1038 5627 1107 5682 27
1130 5629 1182 5695 ὁ,
1211 5637 1266 5699 ει
1294 5629 1420 5683 alibi
1452 5631 1676 5699 passim,
1707 5634 1799 5685 sed
1909 5629 1970 5684 In
2026 5622 2214 5684 eodem
2267 5638 2444 5699 autem
2493 5628 2630 5684 libro
2690 5622 2809 5697 ca'p.
2865 5642 3020 5699 xviri,
3056 5624 3147 5699 l9,
3170 5622 3480 5699 __l_egimus:

258 5692 801 5772 justoalquoslibet‘:
845 5692 967 5772 quo
1008 5692 1263 5772 sensu'_in
1306 5692 1709 5772 commentariis
1748 5702 1802 5753 in

1927 5701 2067 5772 Γένθυ
2094 5702 2158 5753 σὺ
2190 5699 2268 5768 τῷ
2306 5698 2421 5769 λαῷ
2456 5699 2525 5753 τὰ
2557 5699 2694 5772 πρὸς
2732 5692 2823 5752 τὶν
2863 5696 3125 5772 ΘεδνηΑῑ
3169 5692 3238 5745 ibi
3271 5705 3485 5772 quoque

260 5759 550 5829 Epistola‘m
574 5761 602 5815 Ι
635 5764 704 5818 ad
732 5759 1025 5821 Corinthios
1055 5769 1224 5837 inquit
1258 5787 1271 5821 :
1308 5788 1325 5820 ι
1358 5768 1597 5841 Cumque
1622 5786 1809 5826 omnes
1920 5770 2140 5836 Mosem,
2173 5759 2276 5825 non
2314 5759 2582 5826 Aaronein
2602 5759 2904 5841 alloquitur
2937 5768 3151 5824 .lcthro.
3180 5776 3285 5816 non
3314 5760 3479 5814 Deus-

538 5855 808 5920 PATROL.
847 5861 966 5921 Gn.
1004 5858 1305 5923 XXXIX.

3072 5853 3152 5914 30

2137 5001 2248 5068 Ego
2277 5002 2408 5053 dixi.
2442 5001 2586 5055 Psal.
2621 5017 2806 5065 Lxm,
2858 5001 2912 5053 6.

258 5345 591 5416 desertorem
630 5349 850 5416 scripto.
