4042 6404
581 344 684 406 .939

1848 341 2082 399 DIDYMI
2121 341 2586 398 ALEXANDRINI
3675 353 3760 407 tuo

583 471 708 511 nam
736 468 919 510 rerum
976 453 1215 509 omnium
1281 451 1526 508 conditor
1551 457 1663 508 tum
1679 455 1761 510 iis
1783 496 1797 522 ,
1829 459 1919 526 qui
1943 459 2011 514 ab
2061 459 2141 513 illo

2255 460 2344 511 τὸν
2381 460 2608 531 οὐρανὸν
2653 460 2746 513 καὶ
2787 462 2883 531 τὴν
2918 461 3020 532 γῆν
3065 461 3164 514 οὐκ
3199 462 3476 534 ἐποίησαν,
3504 464 3770 521 ἀπολέσθω-

582 555 791 618 petunt,
823 555 932 600 tum
960 544 1029 600 iis
1061 545 1151 614 qui
1176 559 1280 599 non
1330 555 1542 615 petunt,
1575 546 1670 601 sed
1708 547 1910 612 ﬁdeles,
1937 559 1990 605 et
2012 551 2151 621 grati

581 649 726 703 sunt,
757 652 820 691 ac
849 636 1036 707 gratia:
1057 636 1368 690 meminisse
1410 645 1626 701 norunt,
1658 639 1836 692 omnia
1859 655 1952 694 sua
1986 642 2149 704 bona,

581 731 681 784 etsi
709 729 808 799 ipsi
837 736 1070 791 taceant,
1119 728 1334 782 abunde
1381 718 1764 784 communicat.
1810 731 1996 788 Potius
2020 749 2149 804 ergo

581 815 866 870 leremiam
895 818 1212 885 prophetam
1243 817 1418 886 legant
1447 819 1514 873 de
1551 818 1869 875 Graecorum
1898 823 2024 888 diis,
2055 823 2146 892 qui

585 923 736 975 atque
766 922 829 961 ac
865 908 966 975 ipsi
1029 909 1357 978 pauperrimi
1408 918 1582 974 sunt,.
1615 911 1728 965 harc
1775 911 2143 982 inquientem:

588 1019 606 1051 c
642 1000 720 1054 Dii
749 1000 880 1070 (78),
912 1001 1000 1069 qui
1033 1001 1228 1054 ctelnm
1260 1009 1316 1055 et
1365 1011 1566 1054 terram
1595 1017 1697 1055 non
1727 1003 1990 1069 fecerunt,
2025 1019 2150 1073 per-

579 1101 705 1148 eant
753 1095 802 1146 in
841 1102 1003 1148 terra.
1035 1093 1290 1147 Dominus
1330 1091 1460 1148 fecit
1489 1092 1654 1148 cmlos
1693 1093 1744 1148 in
1780 1094 2149 1165 intelligentia:

581 1185 699 1255 ipse
729 1185 871 1240 Deus
927 1185 1114 1239 vivens
1171 1197 1226 1239 et
1281 1200 1477 1248 verus;
1508 1204 1526 1237 ι
1565 1194 1616 1240 et
1655 1185 1907 1239 Davidem
1940 1185 1992 1238 in
2019 1201 2150 1240 cxm

581 1276 790 1345 psalmo
833 1285 1157 1354 canentem:
1200 1294 1218 1326 ι
1244 1277 1384 1330 ldola
1418 1275 1528 1344 (79)
1587 1279 1824 1346 gentium
1871 1287 2151 1342 argentum

580 1378 636 1421 et
672 1382 886 1433 aurum,
907 1383 1070 1439 opera
1096 1383 1350 1420 manuum
1388 1368 1686 1421 hominum.
1731 1369 1804 1424 Os
1834 1367 2052 1436 habent,
2093 1378 2146 1423 et

581 1475 689 1512 non
723 1460 1042 1527 loquentur;
1088 1459 1271 1514 oculos
1329 1459 1548 1522 habent,
1599 1468 1653 1512 et
1692 1475 1797 1512 non
1857 1458 2148 1525 videbunt;

2256 566 2353 603 σαν
2390 551 2481 604 ἐπὶ
2507 551 2608 621 τῆς
2642 551 2764 622 γῆς.
2799 552 3002 622 Κύριος
3054 555 3275 623 ἐποίησε
3307 557 3431 620 τοὺς
3474 559 3700 627 οὐρανοὺς
3726 564 3771 615 ἐν

2258 642 2493 705 συνέσει,
2525 643 2685 704 αὐτὸς
2726 643 2856 706 Θεὸς
2885 643 2990 708 ζῶν
3022 644 3114 696 καὶ
3138 643 3390 716 ἀληθινός
3409 662 3423 678 ο
3461 666 3479 698 ι
3507 648 3588 700 τὸν
3613 649 3662 702 δὲ
3691 653 3777 704 Δα-

2258 732 2342 784 υῒδ
2369 735 2424 784 ὲν
2457 740 2561 804 ριγ¹
2590 731 2857 798 ψάλλοντα
2879 749 2893 764 ο
2933 754 2951 784 ι
2993 734 3074 786 Τά
3103 734 3298 788 εἴδωλα
3321 735 3428 788 τῶν
3460 737 3610 790 ἐθνῶν
3633 740 3775 810 ἀργύ-

2253 841 2365 894 ριον
2411 825 2505 877 καὶ
2543 825 2785 895 χρυσίον,
2835 825 2971 897 ἔργα
3023 826 3221 896 χειρῶν
3271 826 3580 898 ἀνθρώπων.
3627 831 3779 901 Στόμα

2249 912 2481 982 ἔχουσιν,
2513 915 2604 968 καὶ
2633 915 2692 967 οὐ
2726 915 3050 985 λαλήσουσιν
3070 933 3082 944 ·
3119 916 3429 988 ὀφθαλμοὺς
3453 918 3665 988 ἔχουσιν,
3701 923 3778 975 καὶ

2248 1005 2346 1056 οὐκ
2379 1003 2600 1073 ὄψονται
2624 1023 2637 1035 ·
2666 999 2781 1058 ὦτα
2819 1006 3053 1076 ἔχουσιν,
3092 1007 3185 1059 καὶ
3213 1007 3312 1060 οὐκ
3339 1007 3674 1062 ἀκούσονται·
3714 1014 3782 1081 ῥῖ-

2250 1111 2343 1157 νας
2372 1094 2582 1164 ἔχουσιν
2603 1134 2617 1158 ,
2652 1097 2745 1149 καὶ
2773 1097 2872 1150 οὐκ
2910 1096 3377 1168 ὀσφρανθὴσονται
3399 1115 3412 1128 ο
3449 1102 3622 1171 χεῖρας
3654 1101 3781 1171 έχου-

2253 1203 2358 1252 σιν,
2406 1188 2499 1240 καὶ
2542 1189 2602 1240 οὐ
2647 1189 3059 1260 ψηλαφήσουσιν
3082 1207 3096 1224 ο
3133 1192 3300 1256 πόδας
3332 1192 3575 1264 ἔχουσιν,
3619 1197 3702 1250 καὶ
3730 1199 3780 1251 ob

2253 1281 2745 1350 περιπατήσουσιν·
2789 1283 2848 1334 οὺ
2884 1284 3224 1353 φωνήσουσιν
3263 1286 3320 1338 ὲν
3352 1285 3428 1356 τῷ
3461 1284 3676 1358 λάρυγγι
3702 1289 3782 1340 αὐ-

2255 1368 2348 1439 τῷ.
2389 1371 2603 1441 Ὅμοιοι
2648 1374 2830 1436 αὐτοῖς
2863 1373 3105 1442 γένοιντο
3135 1377 3183 1428 οἱ
3220 1376 3496 1442 ποιοῦντες
3524 1379 3672 1441 αύτά,
3705 1379 3784 1432 καὶ

2259 1463 2456 1528 πάντες
2489 1467 2536 1518 οἱ
2565 1467 2886 1532 πεποιθότες
2915 1471 3000 1522 ἐπ’
3028 1470 3228 1533 αὐτοῖς.
3270 1490 3288 1522 ι

580 1564 745 1607 aures
775 1550 995 1616 habent,
1032 1556 1090 1605 et
1117 1563 1219 1601 non
1287 1549 1547 1613 audient;
1584 1565 1742 1605 nares
1773 1550 1989 1614 habent,
2010 1559 2182 1605 etnon
2223 1555 2552 1622 odorabunt;
2583 1573 2774 1614 manus
2799 1560 3016 1625 habent,
3041 1570 3094 1614 et
3121 1577 3225 1616 non
3269 1563 3588 1633 palpabunt;
3649 1567 3785 1636 pedes
3831 1601 3836 1606 -

581 1640 805 1705 habent,
832 1648 887 1692 et
921 1654 1024 1693 non
1058 1638 1447 1702 ambulabunt;
1477 1655 1579 1692 non
1604 1639 1912 1694 clamabunt
1943 1639 2001 1693 in
2025 1649 2242 1710 gutture
2273 1659 2368 1700 suo
2417 1645 2547 1716 (80).
2605 1648 2820 1703 Similes
2856 1648 2958 1704 illis
2994 1651 3124 1704 liant
3180 1651 3270 1720 qui
3348 1651 3549 1709 faciunt
3607 1669 3686 1721 ea,
3743 1669 3784 1713 ει

576 1744 769 1784 omnes
797 1730 885 1798 qui
917 1727 1191 1782 conﬁdunt
1213 1728 1262 1780 in
1297 1728 1394 1780 eis.
1424 1747 1440 1778 ι

1095 1819 1261 1890 418
1287 1818 1437 1873 CAP.
1473 1817 1636 1872 xxv.
1688 1814 1693 1819 ’

649 1913 783 1968 Cum
808 1913 940 1968 satis
1003 1912 1185 1980 itaque
1241 1912 1306 1964 de
1340 1912 1440 1964 hoc
1473 1911 1635 1964 etiam
1675 1911 1911 1980 capitulo
1945 1912 2144 1969 dictum

577 2005 671 2069 sit,
707 2004 771 2058 ad
809 2002 954 2057 aliud
996 2011 1357 2056 transeamus.
1388 2000 1768 2056 Hmreticorum
1797 2004 2039 2075 magistri
2073 2015 2150 2060 at-

578 2112 684 2166 que
713 2096 1039 2159 interpretes
1070 2092 1136 2146 ad
1187 2091 1424 2169 turpiora
1480 2106 1693 2161 semper
1752 2093 2041 2162 proclives,
2091 2105 2149 2150 ut

577 2193 866 2248 veritatem
904 2190 1221 2255 dilacerent,
1272 2191 1323 2244 in
1353 2199 1627 2245 certamen
1663 2190 1912 2257 veniunt,
1937 2202 1990 2247 et
2018 2208 2150 2249 con-

580 2285 874 2339 troversias
905 2282 1160 2338 continue
1194 2292 1411 2337 movent
1473 2293 1635 2352 atque
1666 2285 1995 2354 excogitant,
2031 2301 2149 2354 qua:

577 2390 700 2429 cum
731 2385 877 2430 recto
905 2389 1071 2444 scepo
1105 2374 1238 2428 nihil
1282 2373 1436 2443 plane
1479 2376 1853 2445 conveniunt;
1896 2378 2150 2433 labuntur

579 2466 722 2520 enim
755 2480 817 2520 ac
845 2475 1091 2534 peccant,
1114 2467 1239 2520 dum
1275 2467 1524 2520 inuoxias
1553 2469 1740 2532 etiam,
1786 2480 1841 2522 el.
1868 2469 2121 2524 sublimio

579 2572 667 2612 res
689 2557 987 2612 sententias
1009 2557 1286 2624 explicant
1318 2559 1492 2626 magni
1527 2557 1688 2621 illius,
1727 2567 1889 2628 atque
1907 2559 1976 2614 ab
1997 2561 2146 2615 omni

579 2661 798 2717 peccato
815 2649 1071 2703 immunis
1087 2649 1297 2717 Dei,qui
1313 2650 1380 2703 ob
1399 2665 1550 2703 suam
1568 2650 1990 2704 misericordiam
2009 2668 2150 2706 mor-

580 2746 698 2808 bos,
716 2744 767 2797 in
781 2758 919 2813 quos
933 2745 1000 2797 ob
1018 2751 1253 2798 nostram
1270 2742 1631 2812 insipientiam
1647 2744 1952 2811 incidimus,
1972 2755 2145 2811 sanat,

586 2845 748 2905 atque
763 2835 1013 2889 oninibus
1047 2849 1260 2904 semper
1296 2849 1450 2904 opem
1478 2833 1600 2897 fert,
1633 2849 1695 2886 ac
1720 2849 1895 2902 neque
1925 2850 2038 2897 eos,
2058 2836 2149 2904 qui

589 2938 739 2981 recte
752 2927 938 2979 vivunt
953 2939 1017 2979 ac
1038 2925 1199 2980 veluti
1221 2933 1384 2989 stant,
1407 2940 1579 2993 neque
1597 2941 1688 2981 eos
1708 2927 1797 2994 qui
1823 2927 1874 2980 in
1894 2927 1997 2980 vita
2016 2927 2149 2997 lapsi

583 3020 806 3084 fuerint,
826 3017 1047 3082 deserit,
1080 3027 1173 3070 aut
1206 3027 1507 3071 aversatur.
1531 3018 1620 3072 Sic
1653 3028 1830 3073 autem
1857 3033 1917 3073 se
1951 3018 2150 3073 habent

2864 1825 3016 1876 ΚΕΦ.
3061 1826 3185 1877 ΚΕ’.

2320 1914 2724 1978 Καταλιπόντες
2769 1909 2861 1968 οὖν
2912 1916 3011 1985 ἤδη
3070 1917 3163 1970 κα)⁵
3201 1917 3262 1969 τὸ
3313 1917 3598 1986 κεφάλαιον
3633 1916 3786 1979 τοῦτο.

2250 2005 2340 2057 ἐπὶ
2365 2005 2550 2076 ἕτερον
2593 2006 2948 2078 μεταϐῶμεν.
2977 2008 3282 2079 Αίρετικῶν
3326 2010 3374 2060 οἱ
3409 2006 3680 2079 ἐξηγηταὶ,
3717 2025 3788 2060 νε·

2249 2098 2502 2162 νευκότες
2546 2100 2681 2168 πρὸς
2714 2100 2782 2153 τὰ
2823 2100 3019 2169 αἰσχίω
3042 2140 3057 2165 ,
3087 2101 3179 2154 τὸν
3223 2100 3410 2168 ἀγῶνα
3445 2102 3578 2171 πρὸς
3617 2100 3673 2153 τὸ
3708 2117 3784 2153 πα-

2254 2189 2617 2260 ραρρηγνύναι
2635 2191 2730 2260 τὴν
2754 2191 3009 2261 ἀλήθειαν
3027 2191 3260 2261 ἔχουσιν,
3284 2194 3378 2244 καὶ
3421 2192 3585 2262 μηδὲν
3604 2190 3720 2263 [205
3747 2195 3790 2241 al

2248 2280 2393 2352 ὀρθῷ
2442 2281 2634 2352 σκοπῷ
2669 2283 3048 2353 προσηκούσας
3092 2283 3537 2355 ἀμφισϐητήσεις
3573 2281 3786 2337 ἐπινοοῦσ

2253 2391 2334 2426 σιν
2369 2374 2474 2428 ἀεί.
2525 2376 2926 2446 Προσπταίουσι
2974 2376 3080 2446 γὰρ
3121 2376 3213 2429 κα)⁸
3256 2377 3384 2448 περ).
3425 2375 3524 2440 τὰς
3553 2375 3791 2436 ἀναιτίους

2251 2465 2344 2518 καὶ
2382 2465 2636 2536 μείζονας
2669 2467 2937 2531 συλλαϐὰς
2965 2468 3059 2520 τοῦ
3093 2468 3162 2520 τά
3191 2469 3530 2522 κακυνθέντα
3560 2468 3707 2539 ἡμῶν
3739 2467 3789 2519 δι

2250 2557 2523 2628 ἡμετέραν
2571 2557 2883 2629 ἀφροσύνην
2928 2557 3155 2628 ίωμένου
3193 2559 3262 2612 δι’
3305 2559 3514 2613 οἰκείαν
3547 2559 3770 2626 εύσπλαγ

2250 2647 2441 2717 Χνίανο
2498 2650 2591 2708 καὶ
2641 2650 2939 2720 ἀρήγοντος
2991 2650 3218 2702 πάντοτε
3271 2651 3474 2716 πᾶσιν,
3525 2651 3618 2703 καὶ
3676 2650 3790 2720 μήτε

2251 2738 2447 2810 ὀρθῶν,
2489 2740 2624 2811 μήτε
2662 2740 2770 2792 τῶν
2809 2742 3188 2812 ὲπταισμένων
3235 2742 3331 2813 τὴν
3376 2741 3649 2796 πολιτείαν
3681 2742 3789 2794 ἀπο-

2253 2828 2620 2899 στρεφομένου
2673 2830 2910 2899 μεγάλου
2961 2831 3056 2882 καὶ
3095 2832 3486 2902 ἀναμαρτήτου
3523 2830 3684 2894 Θεοῦ,
3713 2829 3792 2890 τὰς

2253 2919 2482 2990 ἐχούσας
2509 2915 2611 2974 ὦδε
2635 2939 2648 2953 ο
2700 2939 2719 2972 ι
2756 2921 2987 2986 Δόξασόν
3014 2939 3081 2992 με
3112 2923 3198 2987 σὺ,
3225 2924 3432 2996 Πάτερ,
3475 2924 3624 2994 παρὰ
3660 2938 3777 2974 σεαυ

2250 3011 2326 3082 τῷ
2345 3027 2361 3043 ⁶
2397 3031 2415 3063 ι
2450 3012 2921 3084 ὑπολαμϐάνοντες
2957 3015 3090 3068 ἰδίαν
3118 3015 3278 3069 αὐτὸν
3308 3015 3615 3086 κεκτῆσθαι
3640 3012 3794 3077 δόξαν,

575 3112 817 3182 ejusdem
854 3109 1015 3165 verba
1042 3125 1056 3160 :
1083 3127 1112 3166 ι,
1136 3106 1387 3163 Gloriﬁca
1416 3109 1527 3179 (81)
1559 3125 1664 3171 me,
1707 3120 1759 3163 tu
1791 3108 1972 3173 Pater,
2003 3112 2141 3178 apud

2252 3101 2429 3154 καίτοι
2455 3103 2822 3170 ἐπαγαγόντος
2844 3119 2857 3133 ·
2896 3121 2915 3154 ι
2950 3104 3026 3174 Τῇ
3235 3099 3268 3178 ᾖ
3296 3099 3447 3176 εἶχον
3480 3104 3584 3175 πρὸ
3609 3101 3695 3155 τοῦ
3721 3100 3793 3152 τδι

576 3201 938 3265 temetipsum.
952 3199 1172 3254 iPutant
1191 3214 1319 3254 vero
1333 3213 1454 3253 eum
1472 3200 1740 3268 propriam
1760 3214 1823 3252 ac
1839 3209 2140 3268 separatam

2245 3195 2448 3264 κόσμον
2487 3191 2626 3249 εἷναι
2674 3193 2824 3267 παρὰ
2859 3195 2975 3247 σοί⁶
3029 3213 3048 3247 ι
3089 3173 3184 3248 καί
3224 3173 3557 3268 ποιήσαντος
3592 3194 3676 3247 διά
3715 3190 3795 3258 τῆς

569 3291 774 3350 habere
801 3287 1055 3359 gloriam;
1091 3287 1191 3342 etsi
1221 3286 1578 3356 subjunxerit,
1603 3304 1621 3337 ι
1643 3286 1834 3354 gloria,
1860 3300 2022 3354 quam
2048 3283 2146 3338 ln-

574 3382 687 3445 bui,
724 3391 1012 3450 antequam
1043 3378 1276 3433 mundus
1311 3387 1472 3440 esset,
1503 3380 1640 3446 apud
1682 3389 1752 3440 te,
1779 3395 1798 3429 ι
1830 3388 1992 3446 atque
2030 3375 2146 3430 haec

574 3472 901 3544 subjungens
915 3468 1260 3524 manifestum
1281 3469 1408 3524 illud
1429 3469 1634 3534 fecerit,
1649 3479 1903 3523 aeternam
1922 3482 2004 3530 se,
2018 3482 2146 3538 qua-

573 3570 729 3616 tenus
746 3562 886 3616 Deus
897 3566 1000 3626 est,
1031 3570 1087 3614 et
1112 3560 1515 3614 connaturalem
1541 3560 1738 3614 habere
1759 3559 2004 3630 gloriam,
2024 3572 2145 3625 quae

571 3667 848 3721 nunquam
870 3651 936 3706 ab
971 3651 1089 3720 ipso
1121 3650 1327 3720 abjecta
1367 3649 1506 3716 fuit;
1541 3650 1715 3704 deitas
1762 3650 1903 3703 enim
1929 3657 2013 3702 est
2044 3646 2145 3700 im-

574 3743 866 3797 mutabilis.
883 3742 1190 3811 ltaquebaec
1205 3742 1271 3794 ad
1288 3743 1507 3795 verbum
1526 3741 1860 3810 scripserunt
1876 3738 2099 3808 apostoli
2124 3753 2140 3791 :

572 3834 805 3902 inclytus
827 3833 940 3905 (82)
969 3833 1186 3902 quidem
1219 3846 1284 3887 ac
1312 3831 1696 3887 celeberrimus
1729 3829 1965 3886 Joannes
1990 3848 2002 3882 :
2033 3849 2051 3881 ι
2079 3829 2142 3883 Ει

569 3925 806 3980 vidimus
835 3924 944 3996 (85)
974 3921 1196 3996 [inquit]
1215 3923 1436 3994 gloriam
1465 3923 1603 3994 ejus,
1621 3923 1845 3994 gloriam
1875 3921 2144 3989 utUnige-

575 4018 697 4072 liti.
729 4037 748 4071 ι
775 4015 1018 4077 Πιενετο
1039 4027 1242 4071 αξιετιιιι
1271 4017 1528 4070 memoria
1561 4017 1773 4086 dignus,
1801 4025 1959 4086 atque
1989 4016 2039 4068 in
2060 4016 2141 4068 his

571 4109 730 4162 valde
789 4118 1036 4182 versatus
1076 4107 1348 4177 apostolus
1397 4107 1596 4161 Paulus
1627 4124 1641 4161 :
1707 4124 1725 4158 ι
1756 4106 1814 4161 Si
1852 4107 1993 4161 enim
2027 4105 2138 4177 (81)

569 4200 951 4271 cognovissent
979 4197 1114 4268 (85),
1154 4197 1444 4253 Dominum
1479 4196 1665 4268 gloria:
1701 4212 1808 4252 non
1838 4196 2139 4250 crucilixis-

568 4309 753 4352 sent.»
807 4297 1075 4352 Caeterum
1127 4295 1268 4364 quod
1303 4295 1522 4364 proprio
1591 4308 1751 4364 opere
1809 4294 2140 4364 gloriﬁcetur

570 4390 732 4455 Dens,
764 4389 1006 4459 cogitare
1061 4385 1215 4440 nefas
1253 4394 1334 4440 est
1379 4385 1630 4441 :’omnia
1668 4385 1810 4440 enim
1838 4399 1935 4454 per
1962 4385 2136 4454 ipsum

568 4479 712 4536 facta
747 4489 907 4546 sunt;
949 4494 1070 4533 cum
1099 4477 1221 4532 aliis
1251 4485 1430 4531 autem
1458 4477 1708 4530 omnibus
1740 4475 1878 4531 facta
1906 4487 1986 4530 est
2013 4491 2132 4529 om-

563 4571 696 4624 nino
731 4568 818 4623 illa
848 4569 1010 4623 etiam
1035 4565 1228 4638 gloria,
1256 4579 1416 4636 quam
1461 4565 1553 4621 hic
1589 4563 1988 4634 intelligendam
2013 4579 2133 4618 esse

567 4670 775 4731 putant.
813 4659 1082 4715 Praeterea
1137 4672 1266 4712 vero
1292 4657 1453 4717 illius,
1490 4657 1580 4725 qui
1626 4657 1800 4710 virtus
1825 4664 1925 4722 est,
1963 4667 2018 4711 et
2047 4671 2136 4709 saa

564 4753 765 4822 pientia
808 4751 922 4818 Dei,
955 4765 1117 4819 opera
1149 4764 1211 4802 ac
1234 4764 1387 4802 serva
1418 4763 1537 4803 esse
1580 4748 1758 4801 omnia
1809 4747 2058 4801 dicuntur
2082 4749 2133 4802 in

565 4838 865 4905 Scriptura.
897 4840 966 4890 At
998 4837 1088 4892 Dei
1117 4837 1379 4904 sapientia
1402 4845 1456 4888 et
1483 4835 1652 4889 virtus
1684 4846 1766 4888 est
1790 4833 2130 4904 Unigenitus,

557 4941 749 4998 utpote
773 4930 1020 4983 conditor
1044 4927 1300 4982 Verbum.
1331 4929 1516 4996 Itaque
1541 4925 1680 4994 apud
1697 4925 1941 4980 eumdem
1965 4941 2131 4979 evan-

2247 3285 2614 3355 συμφράσεως
2642 3285 2842 3356 ταύτης
2871 3285 3048 3354 δῆλον,
3083 3285 3166 3339 ὅτι
3203 3286 3373 3340 ἀΐδιον
3407 3286 3504 3339 καὶ
3548 3284 3795 3355 σύμφυτον

2245 3376 2357 3446 ἔχει
2381 3374 2536 3440 δόξαν
2565 3377 2706 3431 κατά
2727 3375 2788 3429 τὸ
2813 3376 3011 3442 θεῖκὺν,
3041 3379 3162 3447 ἥτις
3190 3379 3289 3430 οὐκ
3312 3377 3602 3448 ἀπεϐλήθη
3632 3372 3799 3428 αὐτοῦ’

2244 3469 2617 3540 ἀμετάὃλητον
2640 3469 2747 3540 γὰρ
2769 3469 2829 3521 τὸ
2853 3470 3013 3523 θεῖον.
3048 3472 3293 3540 Ἔφασαν
3321 3472 3605 3541 τοιγάρτοι
3631 3468 3797 3528 αὑταῖς

2243 3561 2482 3627 λέξεσιν,
2514 3563 2542 3613 ό
2588 3562 2685 3631 μὲν
2731 3561 2973 3632 ἀοίδιμος
3025 3563 3308 3634 Ἰωάννης·
3371 3582 3391 3616 ι
3453 3565 3567 3618 Καὶ
3600 3558 3801 3615 sema.

2246 3651 2385 3721 μεθα
2412 3651 2510 3722 τὴν
2539 3651 2694 3716 δόξαν
2726 3652 2913 3715 αὐτοῦ,
2944 3652 3101 3716 δόξαν
3132 3653 3207 3716 ὡς
3241 3656 3588 3724 Μονογενοῦς
3607 3670 3620 3685 ·
3649 3673 3668 3706 ι
3700 3653 3726 3703 ὁ
3753 3648 3799 3702 δὲ

2243 3742 2564 3812 ἀείμνηστος
2613 3743 2706 3796 καὶ
2752 3744 3079 3815 πολύπειρος
3126 3745 3330 3798 τούτων
3382 3747 3637 3810 Παῦλος
3687 3761 3705 3795 ι
3751 3739 3804 3792 El

2241 3835 2349 3906 γὰρ
2385 3835 2599 3906 ᾔδεσαν,
2625 3836 2724 3889 οὐκ
2755 3837 2820 3890 ἂν
2846 3837 2936 3889 τὸν
2976 3837 3179 3908 Κύριον
3220 3839 3320 3908 τῆς
3352 3841 3520 3910 δόξης
3546 3835 3802 3905 ἐσταύρω-

2243 3942 2360 3978 σαν.
2397 3945 2415 3977 ι
2455 3926 2562 3978 Καὶ
2597 3924 2770 3990 ἄλλως
2797 3927 2852 3980 δὲ
2875 3927 2934 3980 ού
2971 3925 3128 3997 θέμις
3157 3930 3318 3988 νοεῖν,
3349 3929 3428 3992 ὡς
3476 3928 3558 3998 τῷ
3591 3926 3702 3993 ἰδίῳ
3724 3922 3805 3994 έρ-

2209 4005 2216 4012 ’
2241 4034 2322 4088 γῳ
2350 4017 2632 4082 δοξάζεται
2654 4020 2681 4070 ὁ
2727 4018 2857 4080 Θεὸς
2903 4019 3100 4087 (πάντα
3129 4018 3235 4091 γὰρ
3261 4020 3326 4072 δι’
3355 4020 3530 4074 αὑτοῦ
3561 4013 3805 4084 ἐγένετο).

2243 4111 2338 4162 σὺν
2372 4111 2536 4163 πᾶσιν
2571 4109 2627 4162 δὲ
2673 4110 2910 4173 πάντως,
2939 4109 3033 4163 καὶ
3061 4110 3128 4180 ἢν
3178 4109 3466 4181 νομίζουσι
3499 4109 3680 4174 δόξαν.
3710 4103 3807 4158 Καὶ

2239 4199 2374 4253 Θεοῦ
2417 4201 2473 4254 δὲ
2511 4200 2792 4270 δυνάμεως
2839 4201 2931 4254 καὶ
2971 4201 3163 4270 σοφίας
3211 4202 3344 4274 ἔργα
3400 4205 3503 4256 καὶ
3547 4201 3708 4256 δοῦλα
3750 4196 3807 4249 τὰ

2241 4292 2530 4364 σύμπαντα
2561 4291 3038 4364 κεχρησμῴδηται.
3077 4293 3185 4346 Τοῦ
3221 4294 3358 4346 Θεοῦ
3394 4294 3567 4364 σοφία
3606 4287 3807 4347 καὶδύο

2237 4402 2399 4455 ναμις
2440 4386 2467 4437 ὁ
2503 4384 2813 4454 Μονογενής
2872 4383 3038 4448 ἐστιν,
3095 4383 3191 4438 ἆτε
3243 4384 3590 4455 δημιουργὸς
3631 4382 3808 4449 Λόγος.

2250 4474 2588 4544 Ἦρμήνευσε
2635 4470 2920 4542 τοιγαροῦν
2969 4472 3118 4542 παρά
3153 4471 3229 4543 τῷ
3262 4473 3416 4544 αὐτῷ
3453 4468 3806 4542 εὐαγγελιστῇ

2234 4557 2388 4625 οὗτος
2410 4564 2438 4614 ό
2469 4560 2722 4632 εῦμικτος
2757 4563 2906 4625 Θεὸς,
2939 4562 2990 4614 τί
3027 4564 3172 4615 ἐστὶν
3211 4563 3291 4626 τὸ,
3322 4583 3341 4616 ι
3387 4565 3634 4632 Δόξασόν
3674 4579 3757 4632 με,
3789 4577 3805 4609 ι

2233 4655 2372 4726 πρὸς
2399 4653 2489 4707 τὸν
2513 4653 2732 4725 Πατέρα
2759 4651 2927 4704 εἰπών
2953 4669 2966 4681 ·
3005 4671 3025 4704 ι
3078 4653 3216 4720 Ἐγώ
3246 4671 3303 4706 σε
3330 4655 3575 4720 ἐδόξασα
3604 4654 3695 4706 ἐπὶ
3718 4649 3807 4717 τῆς

2231 4745 2364 4814 γῆς’
2398 4744 2461 4797 τὺ
2510 4743 2670 4813 ἔργον
2715 4742 3028 4806 ὲτελείωσα,
3072 4743 3100 4795 ὃ
3145 4745 3385 4808 δέδωκάς
3435 4745 3574 4818 [205
3640 4744 3691 4814 b]
3727 4757 3809 4812 μοι

2232 4835 2316 4888 ἵνα
2358 4834 2593 4904 ποιήσω·
2637 4851 2654 4883 ι
2704 4830 2824 4884 ἀντὶ
2865 4830 2960 4883 τοῦ
2980 4871 2996 4895 ,
3029 4831 3194 4884 Οὐδὲν
3225 4833 3429 4899 ἔξωθεν
3455 4834 3554 4887 τοῦ
3583 4832 3808 4900 θελήμα-

2228 4924 2319 4987 τός
2348 4941 2440 4976 σου
2478 4925 2510 4994 ἡ
2545 4921 2954 4992 ὲνανθρὼπησίς
3001 4939 3102 4993 μου
3134 4923 3391 4995 ἐποίησεν
3411 4965 3428 4990 ,
3473 4925 3616 4979 ἀλλά
3648 4923 3810 4976 πάντα

631 5131 766 5205 (78)
788 5131 897 5187 Dii.
929 5132 1130 5205 Jerem.
1163 5149 1218 5201 ιι,
1250 5132 1336 5188 10.
1372 5134 1507 5190 Vide
1527 5124 1640 5188 not.
1667 5132 1761 5197 '58,
1787 5147 1909 5203 pag.
1943 5131 2033 5195 80,
2067 5139 2122 5185 et

2245 5130 2423 5205 irteceg
2455 5132 2649 5187 dicitur
2681 5132 2926 5198 δοξάζειν
2957 5151 2971 5164 ο
3015 5134 3369 5205 interpretum
3407 5142 3610 5205 _autem
3645 5131 3805 5184 varie-

557 5214 670 5258 not.
702 5204 792 5266 25,

787 5271 961 5327 Mole.
996 5274 1133 5327 Psal.
1159 5287 1313 5332 cun.
1349 5287 1379 5326 a
1409 5288 1552 5329 vers.
1586 5273 1654 5328 12
1685 5274 1750 5328 ad
1781 5271 1871 5326 16.

628 5276 719 5343 (79
787 5274 961 5327 ldola.
996 5274 1133 5327 Psal.
1159 5287 1313 5332 cun.
1349 5287 1379 5326 a
1409 5288 1552 5329 vers.
1586 5274 1654 5328 12
1685 5274 1750 5328 ad
1781 5274 1871 5326 16.

625 5274 740 5416 (8t);
779 5341 908 5416 Suo.
941 5342 1153 5416 (ξοδεχ,
1181 5342 1367 5416 αὐτῷ,
1392 5344 1443 5397 id
1468 5357 1571 5408 est,
1605 5362 1624 5395 ι
1660 5345 1795 5413 ipso.
1832 5362 1850 5393 ι
1905 5341 2008 5396 Sed
2043 5340 2117 5394 le-

556 5412 1042 5484 εεὴιιιιηιμαὺτῷν,
1078 5413 1128 5484 id
1160 5423 1262 5479 est,
1301 5412 1323 5464 i
1360 5415 1616 5484 ipsorum.
1654 5432 1673 5484 ι

823 5217 946 5273 pag.
970 5203 1110 5256 δειω

2222 5209 2338 5272 ιιιιε
2362 5203 2517 5272 aliter
2545 5215 2708 5272 atque
2739 5204 2895 5257 aliter
2925 5203 3173 5272 positum
3196 5215 3281 5259 est
3309 5207 3361 5257 in
3404 5203 3638 5257 Latino.
3675 5219 3694 5252 ι

2296 5271 2407 5342 (82)
2443 5264 2702 5343 Ιηειῃιὶιε.
2730 5264 3103 5343 Siinili'modo
3150 5274 3389 5343 loquitur
3441 5273 3708 5343 Didymus
3742 5264 3802 5343 ad

2219 5338 2364 5412 vers.
2389 5338 2496 5402 ⁷17.
2522 5338 2638 5412 cap.
2675 5357 2688 5394 I
2721 5339 2862 5398 Jobi.
2906 5342 3046 5395 Ἀλλ’
3091 5345 3152 5397 οὐ
3185 5338 3433 5404 τοιοῦτος
3459 5338 3584 5412 ἦν’(
3608 5338 3800 5412 inquit}

2235 5410 2352 5482 ζιῲὸ
2382 5413 2410 5464 ό
2442 5411 2705 5482 ἀοίδιμος,
2746 5413 2796 5466 id
2825 5423 2929 5476 est,
2969 5430 2990 5464 ι
3021 5414 3091 5467 At
3125 5413 3248 5469 talis
3274 5428 3383 5468 nou
3418 5410 3550 5466 erat
3578 5410 3801 5478 inclytus

627 5485 739 5556 (81)
779 5481 1053 5556 Cleri/ica.
1098 5481 1255 5556 Joan.
1292 5480 1426 5556 μὴ,
1469 5482 1521 5536 5.
1566 5483 1822 5552 Vulgatus
1849 5481 2116 5556 interpres
2220 5480 2457 5556 Job_n_s.i

552 5551 725 5611 vertit
751 5571 766 5607 :
804 5571 822 5604 ι
851 5552 1122 5606 Clarilica.
1155 5571 1174 5602 ι
1206 5552 1308 5606 Sed
1351 5553 1490 5617 idem
1519 5563 1601 5608 est
1629 5551 1842 5608 sensus.
1872 5551 1939 5606 Ut
1968 5553 2111 5605 enim

551 5628 627 5680 ait
655 5623 988 5680 Atmustinus
1013 5625 1064 5676 in
1097 5621 1233 5676 libro
1266 5631 1449 5676 contra
1472 5639 1758 5676 sermonem
1783 5623 2106 5674 Arianorum

551 5683 672 5765 cap.
700 5683 790 5765 εἴ,
819 5708 940 5763 pag.
962 5691 1100 5765 76M,
1135 5711 1157 5765 «γ
1187 5691 1526 5765 Glorilicare,
1561 5701 1612 5746 et
1641 5692 2019 5757 honoriﬁcam,
2051 5701 2108 5765 et

2289 5551 2400 5621 (85)
2444 5549 2512 5621 Et
2535 5553 2778 5607 vidimus.
2810 5550 2967 5606 Joan.
2997 5569 3035 5615 ι.
3067 5553 3154 5610 14.

2288 5619 2400 5690 (84)
2443 5619 2501 5674 Si
2533 5624 2690 5675 enim.
2727 5621 2744 5674 l
2772 5621 2900 5678 Cor.
2938 5639 2998 5686 ιι,
3025 5623 3079 5681 8.

2287 5691 2399 5761 (85)
2441 5690 2830 5762 Cognovissent.
2909 5692 3096 5749 Graeca
3151 5691 3348 5756 editio,
3413 5690 3673 5759 ἔγνωσαν
3717 5695 3804 5754 Ρῖο

551 5760 874 5832 ειιὶῑὶίὶεετε,
893 5760 1006 5818 tria
1033 5764 1249 5834 quidem
1273 5764 1456 5828 verba,
1481 5765 1572 5818 sed
1599 5778 1684 5818 res
1715 5777 1817 5816 una
1840 5771 1941 5829 est,
1960 5761 2102 5830 quod
2209 5760 2428 5832 ᾔδεσαν.
