4042 6404
564 372 668 431 913

1794 373 2027 429 DlDYMl
2067 375 2534 434 ALEXANDRINI
3653 381 3742 435 9H

561 493 741 546 citur:
777 508 796 542 ι
834 489 1096 544 Medialor
1142 488 1252 560 (97)
1292 489 1385 544 Dei
1436 498 1490 544 et
1536 489 1811 545 hominum
1871 491 2106 546 Dominus

2227 491 2362 546 Θεοῦ
2397 493 2489 545 καὶ
2519 491 2819 564 ἀνθρώπων
2849 493 2876 544 6
2911 492 3112 564 Κύριος
3152 491 3309 565 ἡμῶν
3359 491 3554 564 Ἰησοῦς
3585 493 3611 545 6
3635 494 3748 564 Χριο

561 591 746 638 noster
767 579 925 638 Jesus
955 581 1223 640 Christus.
1254 599 1274 632 ι
1305 579 1435 636 Nam
1463 583 1505 636 si
1543 597 1628 636 res
1657 584 1728 636 ita
1767 597 1826 636 se
1854 582 2036 647 habet,
2064 597 2130 636 ne

559 672 704 733 Deus
726 672 941 741 quidem
974 673 1101 738 erit,
1133 687 1231 728 nec
1257 673 1426 728 Filius
1452 688 1611 728 verus
1652 691 1667 728 :
1706 689 1823 742 quac
1851 676 1956 728 duo
1981 687 2127 729 recto

560 773 724 816 sensu
753 760 802 814 ei
826 759 1118 814 convenire
1141 771 1416 814 ostensum
1443 769 1527 814 est
1553 777 1566 813 :
1619 761 1747 828 quin
1769 760 1922 827 juxta
1952 761 2124 814 haere-

563 852 796 907 ticorum
831 852 1158 907 sententiam
1191 865 1258 905 ne
1282 861 1529 906 creatura
1563 852 1779 922 quidem
1806 853 1913 905 erit
1939 870 1951 905 :
1981 853 2124 920 quod

561 955 739 999 tamen
777 957 970 998 nomen
997 957 1183 999 revera
1204 943 1253 998 ei
1289 958 1395 999 non
1417 945 1666 998 convenit
1691 960 1705 1008 ;
1748 943 1790 998 is
1812 944 1954 998 enim
1973 960 2126 999 crea-

559 1045 684 1091 tura
720 1050 824 1090 nec
850 1037 1023 1106 reipsa
1057 1045 1162 1100 est,
1216 1049 1317 1091 nec
1351 1050 1578 1106 usquam
1634 1037 1684 1089 in
1736 1034 2015 1106 Scriptura
2044 1037 2123 1090 di-

563 1137 686 1183 ctus
715 1127 835 1181 fuit.
878 1128 987 1182 lmo
1022 1142 1052 1182 e
1107 1127 1380 1183 contrario
1441 1128 1496 1181 in
1537 1127 1671 1181 lsaia
1707 1128 1966 1198 scriptum
1997 1138 2114 1183 est:

567 1239 584 1272 ι
614 1219 729 1272 Non
761 1219 969 1285 legatus
997 1219 1135 1289 (98),
1163 1235 1269 1272 non
1310 1219 1550 1288 angelus,
1588 1220 1681 1273 sed
1719 1219 1832 1288 ipse
1862 1219 2120 1274 Dominus

559 1312 786 1368 salvavit
820 1327 940 1366 eos:
977 1330 994 1362 ι
1053 1312 1106 1366 id
1137 1320 1238 1376 est,
1267 1327 1370 1366 non
1429 1322 1676 1366 creatura
1730 1313 1865 1383 (99),
1889 1314 1980 1367 sed
2008 1313 2121 1383 ipse

559 1403 719 1465 Deus,
753 1403 843 1472 qui
877 1412 1160 1472 antequam
1191 1419 1310 1456 eum
1340 1418 1644 1472 precemur,
1677 1405 1813 1458 dona
1846 1405 2118 1458 nobislar-

555 1494 698 1563 gitur
727 1494 830 1548 sibi
862 1493 1263 1557 convenientia,
1328 1509 1519 1563 nempe
1582 1494 1688 1547 Deo
1727 1495 1906 1564 digna.
1936 1495 1989 1550 In
2031 1495 2117 1548 ln-

555 1585 865 1643 carnatione
889 1600 1017 1654 ergo
1049 1595 1130 1640 est
1167 1585 1454 1651 mediatio;
1496 1587 1549 1640 in
1577 1585 1946 1641 lncarnatione
1974 1587 2116 1641 enim

505 1669 650 1744 'pro
677 1686 790 1732 toto
820 1677 1057 1731 humano
1115 1691 1314 1745 genere
1362 1677 1713 1744 semetipsum
1779 1677 2118 1733 ineﬂ‘abiliter

2230 584 2371 645 στός.
2419 603 2437 636 ι
2485 583 2821 655 Διολισθήσει
2857 585 2966 656 γὰρ
2998 585 3180 638 λοιπὸν
3209 585 3304 638 τοῦ
3349 584 3478 647 Θεὸς
3515 580 3641 636 εἰναι
3672 585 3752 636 καὶ

2229 674 2355 738 Υἱὸς
2382 676 2651 746 ἀληθινὸς,
2681 676 2814 746 ὅπερ
2840 676 3104 747 ὑπάρχειν
3128 675 3270 730 κατὰ
3294 675 3384 728 τὸν
3412 675 3558 746 ὀρθὸν
3583 675 3753 745 τρόπον

2225 765 2615 819 ἁποδέδεικται’
2644 766 2962 837 ἐκφεύξεται
2987 769 3043 821 δὲ
3064 769 3156 821 καὶ
3177 769 3236 821 τὸ
3257 767 3505 834 νοεῖσθαι,
3527 767 3656 819 κατὰ
3677 765 3753 816 τὸν

2225 858 2497 926 αἱρετικὸν
2523 858 2698 928 λόγον,
2728 860 2968 930 ποίημα,
3003 861 3139 932 ὅπερ
3171 857 3283 914 οὔτ’
3321 860 3482 920 ἐστιν.
3526 857 3638 912 οὔτε
3680 857 3756 924 γέ-

2225 965 2464 1020 γραπται.
2489 965 2502 979 ο
2548 952 2641 1004 καὶ
2665 951 2794 1020 γοῦν
2825 953 2916 1006 καὶ
2952 953 3108 1006 τοῦτο
3137 955 3193 1005 ἐν
3237 953 3432 1022 Ἡσαΐᾳ
3463 945 3755 1021 κεχρησμῲ-

2221 1041 2410 1111 δηταιδ
2461 1061 2478 1094 ι
2527 1045 2601 1096 Ού
2654 1045 2918 1114 πρέσὸις,
2970 1046 3068 1098 οὐκ
3107 1044 3353 1113 ἄγγελος,
3404 1043 3513 1096 ἀλλ’
3551 1041 3694 1104 αὐτὸς
3734 1041 3760 1090 δ

2222 1132 2424 1204 Κύριος
2454 1133 2654 1185 ἔσωσεν
2692 1133 2884 1196 αὐτούς
2911 1152 2925 1166 ο
2961 1156 2976 1184 ι
3008 1135 3301 1197 τουτέστιν,
3327 1134 3387 1185 ού
3418 1133 3629 1202 κτίσμα,
3657 1119 3756 1182 ἀλλ’

2221 1223 2380 1286 αὐτὸς
2417 1225 2444 1276 6
2483 1223 2636 1286 Θεὸς,
2670 1223 2698 1274 6
2740 1223 3113 1295 πρεσϐυτέρας
3165 1224 3272 1274 τῶν
3303 1222 3581 1293 ἡμετέρων
3620 1221 3756 1290 αἰτή-

2222 1330 2355 1366 σεων
2379 1313 2477 1376 τὰς
2506 1313 2655 1383 αὐτῷ
2683 1313 2995 1385 πρεπούσας
3024 1316 3103 1376 εἰς
3130 1315 3277 1384 ἡμᾶς
3303 1314 3476 1375 δόσεις
3509 1310 3756 1382 χορηγῶν.

2233 1404 2319 1458 Ἐν
2348 1406 2414 1474 τῇ
2444 1403 2723 1474 οἰκονομίᾳ
2747 1403 2925 1455 τοίνυν
2952 1405 2986 1474 η
3015 1402 3278 1472 μεσιτείαο
3316 1403 3372 1454 ἐν
3488 1401 3620 1470 ὑπὲρ
3645 1416 3762 1452 παν·

2218 1494 2308 1558 τὸς
2327 1494 2421 1548 τοῦ
2451 1494 2786 1566 ἀνθρωπείου
2817 1495 3006 1562 γένους
3031 1493 3220 1548 ἐαυτὸν
3250 1493 3541 1562 ἀφράστως
3572 1493 3762 1561 ἰερουρ-

2217 1587 2392 1656 γήσας
2414 1628 2429 1650 ,
2461 1585 2551 1639 καί
2585 1587 2642 1640 ἐν
2669 1584 2818 1650 τάξει
2842 1585 3183 1655 θυμιάματος
3209 1583 3398 1655 νοητοῦ
3421 1582 3498 1654 τῷ
3531 1581 3641 1652 ἰδίῳ
3664 1582 3762 1634 lia.-

2216 1677 2306 1748 τρὶ
2338 1675 2732 1749 προσαγαγὼν,
2782 1676 2942 1730 αὐτόν
2975 1694 3034 1729 τε
3084 1673 3515 1744 ἐξεδυσώπησεν,
3564 1671 3764 1724 καὶτὸν

553 1767 859 1836 immolatus,
904 1778 958 1824 et
1038 1769 1299 1838 spiritalis
1357 1785 1420 1824 ac
1479 1769 1692 1841 mystici
1743 1771 2106 1842 thymiamatis

2219 1769 2596 1840 ἐπηρτημένον
2621 1767 2699 1838 τῷ
2723 1767 2884 1838 κοινῷ
2909 1767 3055 1836 γένει
3087 1767 3313 1821 θάνατον
3339 1764 3660 1826 ὰπέσὸεσεν,
3681 1760 3765 1814 καὶ

553 1858 671 1913 loco
695 1873 815 1912 sese
837 1861 1059 1928 proprio
1103 1859 1250 1912 Patri
1274 1857 1504 1914 oll‘erens
1554 1869 1609 1914 et
1629 1876 1749 1915 eum
1783 1861 2038 1932 placavit,
2062 1872 2106 1918 et

2218 1835 2364 1930 ἡμας
2547 1835 2780 1914 εἰδώλων
2829 1835 3136 1930 ἀπέστησεν
3159 1899 3173 1920 ,
3230 1860 3325 1911 καὶ
3371 1860 3438 1928 τῇ
3489 1852 3766 1923 θεογνωσίᾳ

550 1948 945 2018 impendentem
981 1949 1230 2004 universo
1264 1950 1498 2005 humano
1538 1953 1716 2022 generi
1759 1963 1988 2008 mortem
2017 1969 2110 2008 ex-

548 2040 759 2105 stinxit,
800 2049 856 2094 et
891 2054 989 2093 nos
1019 2040 1086 2093 ab
1117 2040 1271 2094 idolis
1296 2041 1585 2108 abstraxit,
1619 2052 1673 2096 et
1709 2058 1803 2113 per
1829 2044 1990 2098 unius
2017 2045 2110 2100 Dei

547 2131 907 2200 cognitionem
937 2146 1032 2186 nos
1061 2130 1351 2200 capulavit,
1381 2141 1431 2185 et
1457 2133 1760 2202 paradisum
1788 2135 2041 2202 reddidit,
2060 2148 2114 2192 et

548 2224 601 2277 in
630 2222 798 2278 caelos
822 2221 1058 2288 reduxit,
1086 2230 1297 2277 terrena
1345 2232 1403 2278 ut
1434 2225 1571 2279 Deus
1603 2226 1906 2280 dominator
1947 2227 2110 2281 coele-

546 2317 719 2370 stibns
775 2315 1128 2386 conjungeus,
1160 2329 1333 2384 eaque
1384 2330 1504 2370 cum
1543 2316 1684 2372 inter
1735 2332 1793 2373 se
1824 2319 2109 2384 distarent,

546 2417 952 2476 coagmentatis,
993 2416 1047 2461 et
1080 2407 1348 2461 hominem
1383 2407 1434 2460 in
1464 2408 1606 2462 illam
1652 2410 1904 2478 gratiam,
1934 2426 1962 2464 a
2001 2426 2106 2480 qua

544 2501 846 2563 exciderat,
886 2500 1371 2565 restituens;adeo
1401 2512 1459 2555 ut
1487 2502 1774 2570 Apostolus
1817 2517 1926 2572 pra:
1954 2503 2112 2573 hujus

544 2590 998 2646 reconciliationis
1038 2591 1348 2661 prmsmntia
1395 2605 1459 2646 ac
1516 2592 1880 2661 magnitudine
1908 2595 2108 2648 attoni-

545 2690 652 2744 tus,
684 2681 866 2734 divina
921 2696 1018 2736 sua
1074 2681 1255 2750 lingua
1316 2681 1432 2734 hate
1480 2681 1900 2749 pradicaverit:
1939 2701 1960 2735 ι
1991 2681 2108 2752 Ipse

542 2783 627 2830 est
651 2774 727 2845 (l)
757 2790 858 2844 pax
886 2785 1091 2840 nostra,
1117 2775 1207 2843 qui
1243 2773 1368 2828 fecit
1423 2784 1650 2843 utraque
1697 2790 1886 2841 unum,
1916 2783 1970 2831 et
1991 2791 2106 2832 nte-

542 2865 686 2919 dium
711 2865 970 2934 parietem
1003 2863 1248 2918 macerim
1273 2864 1387 2935 (aut
1429 2865 1588 2934 septi)
1631 2864 1830 2931 solvit;
1855 2884 1874 2918 ι
1908 2874 1964 2920 et
1987 2881 2108 2920 rur-

541 2967 672 3010 sus:
707 2973 724 3003 ι
752 2951 1039 3007 Justilicati
1075 2952 1150 3024 (2)
1191 2968 1320 3024 ergo
1369 2968 1432 3008 cx
1477 2953 1595 3017 (ide,
1629 2969 1814 3024 pacem
1845 2955 2106 3011 habemus

541 3044 607 3099 ad
637 3045 802 3098 Deum
831 3061 926 3114 per
954 3043 1237 3098 Dominum
1271 3054 1514 3099 nostrum
1543 3042 1722 3099 Jesum
1754 3045 2051 3102 Christum.
2078 3065 2097 3098 ι

995 3134 1155 3208 42]
1197 3135 1352 3191 CAP.
1407 3135 1641 3193 xxvut.

2223 1950 2348 2022 [204
2380 1949 2433 2021 b]
2482 1951 2817 2023 προσήνωσε,
2863 1950 2954 2002 τόν
2998 1966 3056 2008 τε
3126 1949 3452 2020 παράδεισον
3483 1946 3764 2005 ἀπέδωκεν,

2219 2041 2311 2095 καί
2337 2043 2416 2105 εἰς
2455 2042 2714 2113 οὐρανοὺς
2740 2042 3033 2113 ἀνήγαγεν,
3071 2040 3330 2111 συνάψας,
3366 2041 3444 2103 ὼς
3481 2038 3610 2099 Θεὸς
3635 2035 3766 2099 ἐξου-

2220 2133 2462 2204 σιαστὴς,
2487 2133 2554 2186 τὰ
2581 2132 2798 2201 ἐπίγεια
2835 2135 2946 2196 τοῖς
2979 2131 3340 2202 ἐπουρανίοις,
3374 2131 3471 2185 καὶ
3497 2129 3590 2200 τὴν
3627 2143 3765 2196 γενο-

2219 2226 2385 2296 μένην
2421 2225 2700 2278 διάστασιν
2745 2224 3122 2294 συναρμόσας,
3167 2225 3262 2278 καὶ
3290 2220 3651 2292 ἐπαναγαγὼν
3689 2219 3767 2271 τὸν

2215 2318 2498 2390 ἄνθρωπον
2541 2320 2619 2381 εἰς
2668 2316 2880 2386 ἐκείνην
2915 2315 3010 2386 τὴν
3045 2316 3224 2388 χάριν,
3262 2316 3354 2386 ἀφ’
3380 2312 3451 2387 ἦς
3481 2310 3763 2368 διώλισθεν’

2213 2406 2288 2470 ὡς
2313 2407 2404 2460 τὸν
2447 2407 2785 2471 Ἀπόστειλον,
2808 2405 3106 2476 νικώμενον
3131 2409 3194 2477 τῇ
3231 2408 3330 2460 ύπε
3341 2407 3508 2478 ρϐολῇ
3533 2405 3631 2474 τῆς
3654 2418 3746 2455 κατ

2214 2498 2450 2567 αλλαγῆς
2471 2539 2486 2559 ,
2518 2498 2833 2570 θεοφράστῳ
2869 2497 3082 2569 γλώττῃ
3133 2498 3569 2570 ἀνακηρύττεινο
3615 2514 3633 2546 ι
3682 2494 3767 2546 A6-

2213 2588 2303 2651 τός
2345 2590 2552 2659 ἐστινὴ
2594 2588 2782 2658 εἰρήνη
2828 2586 3020 2658 ἡμῶν,
3062 2589 3092 2640 6
3132 2589 3360 2658 ποιήσας
3395 2587 3467 2641 τὰ
3503 2586 3769 2656 ἀμφότερα

2213 2681 2290 2746 ἓν,
2324 2665 2419 2734 καὶ
2441 2680 2502 2733 τὸ
2530 2680 2839 2752 μεσότοιχον
2864 2680 2958 2733 τοῦ
2989 2681 3243 2751 φραγμοῦ
3270 2680 3442 2743 λύσας
3461 2698 3475 2712 ’
3509 2699 3530 2734 ι
3561 2679 3652 2732 καὶ
3679 2677 3750 2728 τά

2211 2772 2327 2826 λινο
2377 2790 2395 2823 ι
2433 2771 2820 2835 Δικαιωθέντες
2861 2767 2952 2824 οὖν
2996 2774 3058 2826 ἐκ
3099 2771 3363 2838 πίστεως,
3403 2773 3629 2844 εἰρήνην
3664 2768 3768 2838 ἔχο-

2214 2881 2313 2934 μεν
2340 2862 2476 2935 πρὸς
2500 2863 2590 2916 τὸν
2618 2862 2748 2914 Θεὸν
2769 2860 2858 2914 διὰ
2880 2861 2972 2915 τοῦ
2998 2863 3201 2936 Κυρίου
3241 2863 3398 2935 ἡμῶν
3449 2861 3624 2934 Ἰησοῦ
3653 2861 3757 2930 Χριι

2213 2972 2358 3010 στου.
2387 2974 2406 3008 ι

2810 3135 2965 3189 ΚΕΦ.
3032 3135 3166 3189 KH'.

609 3227 835 3296 Quidam
877 3240 1005 3283 vero
1035 3244 1099 3282 ex
1127 3227 1395 3283 hmreticis
1435 3229 1579 3282 omni
1611 3244 1832 3299 prorsus
1873 3229 1979 3285 ﬁde
2014 3231 2106 3286 de-

2277 3217 2518 3294 Πίστεως
2539 3229 2596 3282 δὲ
2624 3229 2685 3284 τὸ
2714 3228 2832 3282 καθ’
2863 3229 2983 3282 ὅλου
3016 3225 3337 3299 χηρεύοντές
3372 3244 3527 3290 τινες
3569 3224 3674 3278 τῶν
3701 3224 3771 3276 αἱς

539 3320 714 3376 stituti
758 3321 904 3376 aliud
942 3321 1104 3376 etiam
1145 3321 1429 3390 objiciunt,
1466 3323 1608 3391 quod
1640 3337 1762 3376 cum
1805 3323 2103 3393 suspicari,

539 3423 650 3467 tum
687 3411 853 3467 multo
885 3413 1057 3482 magis
1085 3413 1267 3467 dicere
1296 3413 1579 3468 ridiculum
1607 3423 1708 3468 est.
1734 3416 1900 3469 Aiunt
1922 3416 2063 3470 enim
2087 3457 2101 3482 ,

536 3503 677 3557 dona
710 3502 976 3558 creaturis
1004 3510 1129 3556 ante
1174 3502 1450 3564 stabilem,
1497 3511 1551 3556 et
1595 3501 1799 3565 ﬁxum,
1843 3516 1907 3557 ac
1949 3503 2104 3556 beni-

535 3610 700 3665 gnum
735 3593 1034 3650 Salvatoris
1067 3591 1268 3648 Christi
1291 3593 1343 3646 in
1370 3592 1556 3647 orbem
1594 3600 1862 3646 terrarum
1897 3592 2103 3647 adven-

539 3696 651 3743 tum
682 3686 805 3740 data
826 3726 842 3750 ,
877 3703 905 3738 ιι
939 3685 1052 3742 solo
1081 3684 1191 3740 Deo
1224 3684 1386 3739 Patre
1417 3685 1612 3739 donata
1644 3699 1800 3751 esse,
1833 3700 1938 3739 non
1973 3698 2103 3739 vero

535 3795 566 3836 a
599 3780 865 3843 beneﬁco,
891 3794 954 3833 ac
983 3778 1199 3848 proprio
1229 3778 1397 3846 ipsius
1429 3777 1564 3832 Filio
1591 3773 1792 3842 Verbo,
1818 3786 2101 3848 propterea

535 3873 744 3927 scilicet
784 3872 927 3941 quod
974 3873 1077 3926 iste
1123 3869 1399 3936 subjectus
1430 3870 1520 3924 sit.
1562 3870 1630 3922 At
1659 3869 1704 3924 si
1735 3878 1943 3939 partem
1973 3870 2052 3938 (3)
2081 3908 2099 3935 ,

534 3979 599 4020 ac
627 3974 824 4019 sortem
857 3979 978 4018 cum
1009 3964 1074 4017 iis
1105 3964 1365 4017 haberent
1388 4003 1403 4027 ,
1434 3963 1523 4030 qui
1563 3962 1916 4030 theologicam
1954 3963 2100 4017 illam

535 4055 857 4110 sententiam
903 4055 1357 4124 pronuntiarunt:
1390 4072 1409 4104 ι
1440 4052 1632 4107 Omnia
1675 4052 1753 4124 (ιι)
1799 4067 1895 4121 per
1926 4053 2098 4122 ipsum

537 4147 674 4202 facta
707 4157 863 4212 sunt,
895 4157 949 4200 et
979 4149 1096 4201 sine
1129 4148 1248 4217 ipso
1279 4145 1482 4201 factum
1510 4155 1593 4200 est
1628 4145 1759 4199 nihil
1788 4162 1802 4198 :
1833 4165 1852 4197 ι
1884 4147 1900 4214 (
1926 4146 1978 4198 in
2012 4161 2098 4198 re-

538 4257 657 4295 rum
688 4249 866 4293 autem
898 4240 1136 4293 omnium
1161 4253 1327 4293 censu
1358 4237 1502 4292 venit
1532 4237 1709 4290 onmis
1739 4237 1964 4291 donatio
2004 4252 2100 4305 per

535 4333 748 4400 ipsum,
797 4338 853 4384 et
893 4330 962 4384 ab
994 4329 1110 4398 ipso
1153 4329 1336 4391 facta;
1381 4341 1570 4383 eorum
1603 4327 1762 4382 enim.
1789 4341 1909 4396 quae
1958 4327 2098 4381 facta

539 4421 726 4485 fuere,
757 4418 1061 4490 hujusmodi
1093 4417 1254 4470 etiam
1284 4417 1605 4470 donationes
1637 4431 1764 4486 pars
1791 4427 1959 4482 sunt;
1990 4433 2096 4486 qua

2211 3323 2460 3395 ρετικῶν,
2494 3324 2586 3376 καί
2617 3323 2742 3377 ἄλλο
2783 3323 2990 3392 γελοῖον
3021 3321 3309 3375 ὑπολαϐεῖν
3352 3339 3413 3374 τε
3473 3320 3574 3374 καὶ
3610 3316 3774 3386 πολλῷ

2205 3415 2364 3468 πλέον
2391 3417 2562 3468 εἰπεῖν
2590 3415 2887 3483 φάσκουσιν
2908 3428 2919 3439 ·
2954 3413 3036 3465 ὅτι
3068 3412 3136 3465 τὰ
3165 3412 3269 3484 πρὸ
3291 3413 3394 3483 τῆς
3420 3413 3480 3466 ἐν
3507 3415 3574 3483 τῇ
3613 3412 3752 3464 οἰκον

2208 3509 2345 3582 μένῃ
2383 3507 2714 3578 ἀστεμφοῦς,
2763 3507 2858 3560 καὶ
2899 3505 3217 3568 ἀσαλεύτου,
3264 3505 3359 3557 καὶ
3397 3502 3773 3574 φιλανθρώπου

2204 3598 2501 3669 παρουσίας
2539 3598 2628 3650 τοῦ
2666 3597 2915 3667 Σωτῆρος
2942 3593 3179 3666 Χριστοῦ
3223 3597 3290 3666 τῇ
3333 3594 3520 3647 κτίσει
3566 3591 3775 3645 δοθέντα

2203 3691 2535 3762 χαρίσματα,
2574 3689 2677 3742 ὑπὸ
2707 3688 2800 3741 τοῦ
2836 3685 2969 3740 Θεοῦ
3004 3686 3216 3756 Πατρὸς
3248 3685 3418 3756 μόνου
3461 3684 3774 3755 δεδώρηται,

2202 3783 2329 3837 ἄνευ
2358 3780 2449 3835 τοῦ
2484 3781 2611 3834 ἰδίου
2640 3779 2801 3833 αὐτοῦ
2827 3777 3167 3849 ἀγαθουργοῦ
3198 3776 3329 3830 Υἰοῦ
3359 3777 3569 3845 Λόγου,
3596 3776 3670 3838 ὡς
3696 3773 3753 3842 δῆ

2204 3875 2293 3926 θεν
2321 3873 2484 3926 αὑτοῦ
2516 3871 2830 3936 ύπεξουσίου
2855 3869 3235 3940 τυγχάνοντος.
3275 3869 3336 3920 Εἰ
3367 3868 3430 3921 δὲ
3465 3865 3666 3938 μερίδα
3692 3861 3778 3914 καὶ

2202 3965 2400 4036 κλῆρον
2430 3961 2573 4034 εἶχον
2601 3963 2738 4035 μετὰ
2773 3962 2882 4016 τῶν
2915 3960 3374 4031 θεολογησάντιυν,
3424 3978 3443 4010 ι
3493 3958 3681 4014 Πάντα
3719 3952 3781 4006 δι’

2201 4055 2365 4109 αὑτοῦ
2400 4055 2636 4123 ἐγένετο,
2669 4055 2764 4106 καὶ
2789 4053 2954 4123 χωρὶς
2975 4050 3139 4104 αὑτοῦ
3173 4050 3395 4119 ἐγένετο
3428 4050 3557 4103 οὐδὲ
3585 4049 3641 4101 ἓν
3665 4066 3682 4098 ι
3707 4046 3781 4112 (ἐν

2200 4143 2280 4210 οἷς
2312 4147 2460 4200 πᾶσα
2487 4146 2631 4208 δόσις
2659 4144 2722 4197 δι’
2760 4142 2924 4196 αὐτοῦ
2970 4143 3066 4195 καὶ
3115 4143 3246 4213 παρ’
3295 4143 3474 4196 αὐτοῦ
3510 4139 3779 4212 ὑπῆρξεν·

2203 4236 2368 4308 μέρος
2400 4236 2509 4308 γὰρ
2542 4235 2649 4289 τῶν
2691 4235 3070 4306 γεγενημένων
3110 4235 3204 4287 καὶ
3245 4234 3416 4287 αὐταί
3468 4237 3645 4287 εἰσιν
3670 4230 3782 4284 ὅθεν

2201 4329 2295 4380 καὶ
2328 4327 2646 4398 ἁνείρηται·
2671 4345 2690 4378 ι
2714 4321 2880 4390 Οὗτός
2923 4327 3038 4380 ἐστι
3076 4325 3294 4379 πάντων
3341 4327 3586 4397 Κύριος,
3624 4344 3644 4377 ι
3675 4320 3783 4378 καί’

2205 4437 2222 4469 ι
2242 4417 2391 4481 Θεὸς.
2410 4418 2663 4488 ’1σχυρὸς,
2682 4418 3075 4488 Ἑξουσιαστὴς·
3089 4437 3107 4467 ι
3136 4417 3248 4470 καί’
3272 4434 3290 4468 ι
3304 4416 3385 4472 Οὐ
3402 4417 3782 4487 λογισθήσεται

534 4512 599 4566 de
643 4525 808 4568 causa
854 4509 1199 4579 praedicatum
1242 4507 1426 4561 fuitzt
1459 4507 1555 4562 llic
1603 4518 1687 4563 est
1731 4508 1806 4581 (5)
1856 4511 2093 4564 omnium

2212 4510 2383 4581 ἕτερος
2411 4509 2537 4580 [205
2567 4508 2622 4580 a]
2653 4509 2786 4579 πρὸς
2813 4509 2973 4561 αὐτὸν
3009 4511 3079 4574 ι),
3105 4509 3198 4562 καί
3229 4510 3277 4561 εἰ
3319 4511 3568 4580 ἐνόησαν
3615 4508 3671 4560 δὲ
3696 4504 3784 4559 καὶ

535 4603 830 4668 Dominus;
861 4621 880 4654 ι
906 4612 998 4656 et:
1031 4619 1049 4651 ι
1084 4601 1222 4654 Deus
1254 4600 1330 4669 (6)
1366 4637 1381 4663 ,
1429 4599 1640 4667 Fortis,
1675 4601 2028 4670 Doniiuator;
2072 4621 2089 4652 ι

533 4705 588 4750 et
616 4715 627 4750 :
659 4712 679 4746 ι
709 4693 823 4750 Νοιι
874 4691 1214 4764 reputabitur
1246 4692 1323 4760 (7)
1348 4691 1485 4744 alter
1524 4705 1632 4759 pra:
1682 4692 1773 4746 illo
1804 4710 1818 4746 :
1859 4712 1876 4743 ι
1905 4692 1923 4764 )
1953 4709 2016 4748 ac
2048 4694 2091 4746 si

531 4797 652 4839 eum
683 4791 940 4850 praeterea
968 4779 1398 4844 intellexissent,
1424 4779 1512 4846 qui
1542 4779 1617 4832 ait
1642 4797 1654 4833 :
1685 4797 1702 4828 ι
1734 4777 1880 4834 Unus
1906 4792 1987 4833 est
2014 4779 2090 4846 (8)

532 4871 828 4942 legislator,
857 4883 914 4928 et
937 4870 1099 4940 judcx
1125 4908 1139 4933 ,
1174 4871 1263 4938 qui
1299 4869 1448 4924 solus
1477 4868 1687 4923 salvare
1715 4879 1890 4939 potest
1918 4887 1932 4936 ;
1968 4888 1988 4921 ι
2021 4885 2089 4924 ne

601 5091 711 5162 (97)
782 5089 1069 5162 'Mediator.
1112 5092 1131 5145 1
1172 5091 1307 5162 Tim.
1385 5107 1456 5155 ll,

541 5230 764 5294 Ἰησοῦς.

581 5249 877 5372 Υξὲἓὶςςλνρη
900 5300 1121 5369 legatur.
1153 5301 1254 5354 lsa.
1283 5318 1436 5367 Lxul,
1488 5303 1539 5359 9.
1583 5303 1769 5359 Graeca
1796 5301 1962 5356 editio
1996 5303 2092 5357 ha-

528 5370 619 5426 bet
648 5370 889 5440 πρέσβυς
929 5386 1026 5438 pro
1054 5372 1298 5440 πρέσὸις.

601 5442 712 5508 (99)
757 5439 877 5493 Non
923 5439 1195 5513 creatura.
1239 5442 1428 5496 Allinia
1473 5443 1702 5513 legimus
1746 5442 1797 5494 in
1840 5441 1978 5497 libro
2014 5441 2087 5497 De

531 5509 628 5583 Sp.
663 5514 723 5565 δ.
760 5527 904 5583 num.
933 5511 1020 5563 46.
1048 5530 1064 5562 ι
1098 5511 1232 5576 Quia
1270 5514 1430 5583 igitur
1453 5509 1590 5568 Deus
1619 5524 1734 5567 erat
1758 5513 1969 5582 (inquit)
1996 5515 2086 5583 qui

531 5529 628 5578 ap.
663 5529 723 5565 ο.
760 5529 904 5563 ntnn.
933 5529 1020 5563 eo.
1048 5530 1064 5562 ι
1098 5529 1232 5576 uuta
1270 5529 1430 5583 lglull‘
1453 5529 1590 5568 ucus
1619 5529 1734 5567 erat
1758 5529 1969 5582 (Inqml)
1996 5529 2086 5637 qui

529 5581 754 5635 salutem
783 5582 1053 5648 praebebat
1081 5590 1360 5646 aeternam,
1397 5583 1599 5638 dictum
1633 5593 1717 5638 est
1745 5599 1759 5634 :
1790 5601 1809 5633 ι
1853 5583 1968 5638 Non
2032 5599 2090 5638 e-

528 5661 704 5724 gatns,
728 5665 915 5724 _ueque
947 5651 1186 5724 angelus.
1223 5669 1241 5702 ι
1277 5651 1420 5724 Lege
1444 5665 1658 5720 czetcra,
1685 5655 1728 5709 si
1759 5652 1953 5724 placet.

601 5720 679 5790 (1)
719 5718 839 5786 Ipse
871 5730 969 5776 est.
1005 5718 1201 5790 Ephes.
1230 5737 1289 5788 ιι,
1321 5718 1412 5778 ιλ.

600 5789 676 5856 (‘2)
717 5789 1022 5860 ludiﬁcati.
1052 5789 1215 5847 Rom.
1251 5808 1300 5856 ι’,
1334 5792 1385 5846 1.

1530 5092 1583 5144 5.
1633 5092 1819 5148 Graeca
1873 5091 2037 5146 editio
2080 5111 2096 5146 :

528 5160 765 5234 Μεσίτη,
813 5161 948 5214 Θεοῦ
993 5163 1090 5217 καὶ
1137 5160 1472 5234 ἀνθρώπων,
1526 5161 1811 5232 ἄνθρωπος
1861 5162 2096 5232 Χριστὸς

2200 4600 2290 4652 τὸν
2313 4599 2759 4669 διαγορεύσαντα,
2794 4619 2811 4651 ι
2837 4595 2930 4665 Εἷς
2960 4601 3105 4654 ἐστιν
3129 4602 3157 4653 6
3182 4599 3495 4671 νομοθέτης
3536 4601 3632 4653 καὶ
3667 4611 3782 4667 κρι-

2200 4691 2297 4760 τὴς
2326 4692 2353 4744 6
2379 4689 2534 4760 μόνος
2571 4689 2760 4754 σώζειν
2783 4691 3076 4762 δυνάμενος
3095 4707 3140 4745 ⁸)
3171 4691 3367 4763 ᾔδεσαν
3419 4693 3518 4754 ἂν,
3561 4691 3639 4754 ὡς
3670 4688 3785 4759 δίχα

2197 4782 2292 4836 τοῦ
2319 4782 2698 4852 γενεσιουργοῦ
2727 4783 2817 4836 καὶ
2844 4783 3068 4854 δοτῆρος
3088 4783 3196 4836 τῶν
3229 4783 3488 4852 ἀγαθῶν,
3516 4781 3706 4855 κριτοῦ
3728 4795 3782 4830 τε

2198 4873 2314 4944 ἅμα
2355 4873 2450 4927 καὶ
2482 4872 2756 4944 λυτρωτοῦ
2793 4874 3113 4945 μονογενοῦς
3144 4874 3273 4930 Υἰοῦ
3314 4875 3533 4944 Λόγου,
3571 4869 3785 4943 οὐδεμία

2277 5092 2354 5161 (5)
2377 5093 2612 5146 Partem.
2651 5092 2870 5145 Locutio
2893 5093 3086 5147 biblica
3123 5109 3186 5147 ex
3219 5094 3337 5147 Act.
3373 5107 3514 5158 vm,
3547 5092 3642 5149 ⁸21.

2273 5163 2350 5224 (4)
2385 5161 2765 5216 Oumithmu.
2800 5179 2838 5216 ι.
2867 5164 2922 5216 5.

2273 5231 2348 5301 (5)
2390 5230 2489 5283 Hic
2523 5243 2619 5285 est.
2662 5232 2881 5285 Videtur
2917 5229 3366 5301 respicerePnuli
3411 5232 3596 5286 verba
3637 5249 3652 5286 :
3687 5227 3786 5283 Κύ-

2204 5300 2318 5372 ριος
2350 5302 2566 5354 πάντων
2587 5302 2682 5365 ῶν,
2715 5301 2883 5372 idest,
2913 5321 2932 5352 ι
2956 5316 3076 5372 cum
3106 5303 3173 5357 sit
3197 5300 3470 5372 Dominus
3487 5305 3779 5364 0nmiuu~,o

2188 5371 2306 5440 Quae
2331 5382 2544 5424 exstant
2572 5373 2624 5424 in
2659 5371 2827 5436 Epist.
2861 5373 2924 5426 ad
2955 5371 3128 5426 Galat.
3157 5387 3231 5437 ιιι,
3267 5371 3318 5424 1.

2261 5440 2336 5510 (6)
2374 5441 2530 5510 ρεαδ.
2565 5439 2668 5495 lsa.
2695 5457 2772 5502 Ix,
2805 5442 2860 5496 6.

2257 5508 2334 5580 (Ἰ)
2364 5508 2486 5581 Non
2519 5513 2864 5581 reputabitur.
2885 5509 3090 5581 Baruch
3121 5527 3202 5572 lli,
3232 5509 3302 5562 ‘22
3329 5510 3462 5581 (seu
3492 5511 3612 5580 56).

2257 5570 2332 5651 (8)
2358 5578 2502 5633 Unus
2525 5570 2620 5634 est.
2663 5577 2848 5651 Jacoh.
2899 5597 2974 5642 IV,
3015 5579 3099 5633 12.
3154 5570 3351 5651 Graeca
3399 5570 3582 5636 editio
3637 5570 3783 5651 LUC

2187 5646 2334 5704 ἐστιν
2357 5653 2384 5704 6
2410 5651 2705 5720 νομοθέτης
2733 5652 2761 5703 6
2782 5649 3075 5721 δυνάμενος
3111 5650 3300 5707 σῶσαι.
3336 5650 3396 5721 id
3435 5665 3551 5711 est.
3588 5668 3608 5704 ι
3639 5646 3780 5705 Unus

2185 5733 2269 5776 est
2303 5721 2599 5790 legislator,
2639 5721 2726 5786 qui
2768 5720 2946 5784 patest
2999 5723 3232 5777 Salvarc.
3261 5739 3280 5773 ι
3340 5720 3466 5776 Sed
3521 5722 3780 5790 Vulgatus

2184 5793 2450 5860 interpres
2481 5791 2608 5858 legit
2646 5801 2701 5845 ut
2734 5790 3015 5861 Didymus.
