4042 6404
308 350 412 403 915

1350 350 1436 405 DE
1475 348 1852 405 TRINITATE
1892 350 2091 405 LIBER
2130 347 2449 404 TERTIUS.

3427 351 3528 415 9-15

314 462 523 530 γέγονεν
549 461 753 516 ἄνωθεν
774 461 977 533 δωρεά·
1016 461 1134 516 οὐδὲ
1164 463 1371 535 χρόνος,
1400 464 1433 536 ἢ
1458 464 1612 532 γένος
1637 464 1864 533 κτισμά-

1973 466 2071 519 hoc
2103 464 2316 530 quidem
2346 464 2691 531 ignorarent,
2712 460 2855 528 quod
2885 460 3000 514 sine
3022 462 3326 528 conditore,
3350 470 3403 517 et
3435 467 3527 519 bo-

308 570 431 617 των,
463 551 648 605 κακῶν
688 569 746 605 τε
783 551 977 622 ἠφείθη
1019 552 1112 606 καὶ
1154 553 1407 624 προνοίας
1438 552 1641 623 ἠξιώθη
1665 571 1676 582 ·
1711 553 1784 615 ὡς
1823 553 1866 604 δ’

306 638 370 696 αὖ
402 643 565 696 πάλιν
602 642 704 708 ἔξω
728 643 825 713 τῆς
854 642 1019 695 αὑτοῦ
1046 641 1277 713 κρίσεώς
1302 645 1447 696 ἐστιν
1469 644 1589 696 οὐδὲ
1618 644 1675 695 ἓν
1694 659 1707 672 ⁸
1754 642 1866 695 ἀλλ’

306 735 649 806 ἁρμόζουσαν
675 734 892 788 ἕκαστοι
916 736 1014 805 τὴν
1042 735 1220 806 κρίσιν
1250 734 1661 805 φιλανθρώπως,
1701 735 1793 786 καὶ
1822 733 1872 786 εἴ

304 843 353 878 τι
380 826 540 878 πλέον
569 826 683 878 ἐστὶ
715 825 904 878 τούτου
942 828 1133 891 εἰπεῖν,
1181 826 1213 897 ἢ
1247 827 1454 896 νοῆσαι,
1486 826 1518 896 ἢ
1557 826 1629 896 μὴ
1658 826 1864 895 νοῆσαι,

302 916 717 987 ὑποπησόμεθα
756 919 882 987 παρ’
929 917 1112 977 αὐτοῦ,
1148 919 1275 989 παρ’
1309 913 1368 971 οῦ
1420 918 1512 970 καὶ
1558 918 1625 970 τὰ
1667 917 1865 985 ἀγαθὰ,

301 1006 515 1076 εὐδοκία
536 1006 628 1059 τοῦ
657 1008 765 1062 Πατ
777 1008 865 1078 ρὸς
892 1008 984 1059 καὶ
1012 1008 1297 1079 συμφωνίᾳ
1320 1007 1413 1060 τοῦ
1440 1008 1594 1076 ἁγίου
1618 1007 1757 1060 Πνεύ
1768 1025 1868 1073 μα-

300 1114 411 1161 τος,
441 1099 499 1162 ἐξ
537 1100 712 1168 ἀρχῆς
746 1097 1137 1168 ἐκομισάμεθα,
1180 1097 1303 1161 Πῶς
1334 1099 1442 1168 γὰρ
1472 1098 1573 1150 οὐκ
1606 1096 1869 1151 ἀδικώτα-

300 1206 389 1241 τον
422 1190 517 1242 καὶ
564 1189 983 1242 δυσσεϐέστατον
1024 1189 1085 1241 τὸ
1127 1188 1326 1257 λέγειν,
1358 1188 1391 1259 ἢ
1426 1188 1561 1252 ὅλως
1597 1190 1869 1242 ὑποτοπά-

300 1278 433 1342 ζειν,
479 1282 561 1333 ὅτι
608 1280 789 1333 ἔκτισε
835 1282 932 1350 μὲν
1004 1282 1097 1334 καὶ
1146 1280 1536 1352 ἐνομοθέτησεν
1589 1280 1768 1345 αὐτὸς,
1805 1280 1866 1333 οὐ

298 1371 594 1441 προενόησε
661 1371 737 1432 δὲ,
783 1372 921 1442 ὅπερ
964 1373 1058 1425 τοῦ
1104 1374 1286 1426 κτίσαι
1318 1372 1699 1444 προκρίνεται·
1733 1371 1869 1425 ἀλλὰ

300 1461 437 1531 μετὰ
466 1461 562 1513 ὅλα
593 1460 660 1514 τὰ
689 1462 835 1531 τῇδε,
868 1462 963 1515 καὶ
992 1463 1164 1531 κρίνει
1194 1463 1323 1525 τοὺς
1351 1465 1480 1533 παρ’
1508 1463 1691 1532 ἐτέρου
1718 1460 1868 1528 δεξα-

298 1552 494 1622 μένους
538 1553 607 1607 τὰ
643 1553 839 1621 ἀγαθὰ,
890 1554 984 1606 καὶ
1034 1554 1402 1617 ἀπολέσαντας
1454 1553 1592 1606 αὐτὰ
1643 1553 1867 1625 ἀϐουλίᾳ

294 1640 473 1713 οἰκείᾳ
513 1642 606 1694 καί⁵
648 1643 956 1716 ἀφροσύνης
1012 1645 1043 1713 ἦ
1096 1642 1213 1705 πῶς
1257 1644 1317 1695 οὐ
1368 1643 1671 1713 παράλογον
1710 1643 1867 1697 τοῦτο

296 1732 720 1803 ὑπολαμϐάνειν,
752 1734 832 1786 ὅτι
860 1736 1009 1803 ἡμᾶς
1040 1733 1137 1805 μὲν
1172 1734 1568 1798 αὑτεξουσίους,
1616 1735 1752 1805 ὅπερ
1786 1735 1863 1787 εῖ-

1974 570 2164 608 norum
2196 554 2438 606 omnium
2472 552 2760 619 largitore,
2794 560 2846 605 et
2870 551 3049 618 judice
3092 554 3251 607 simul
3287 594 3301 617 ,
3337 569 3401 608 ac
3443 570 3533 610 re-

1968 647 2245 716 demptore
2277 644 2553 714 unigenito
2586 643 2722 698 Filio
2752 642 2929 698 Verbo
2965 643 3164 697 nullum
3203 660 3233 699 e
3259 645 3397 700 coelo
3439 647 3535 701 do-

1968 755 2094 792 num
2112 737 2342 801 exatitit,
2378 751 2476 791 uec
2511 736 2618 789 ullo
2648 752 2883 806 unquam
2916 746 3155 804 tempore
3184 737 3347 791 ullum
3380 752 3536 794 crea-

1969 838 2208 883 turarum
2238 843 2409 899 genus
2438 843 2465 879 a
2506 827 2661 880 malis
2692 828 2808 881 sine
2840 829 2953 893 ipso
2984 838 3222 894 ereptum
3274 826 3373 881 fuit
3420 827 3529 898 (9),

1967 930 2059 976 aut
2087 922 2278 976 divinae
2306 920 2650 991 providentiae
2675 919 2931 975 beneﬁcia
2961 929 3312 975 consecutum
3337 920 3533 975 est.Ne

1968 1015 2095 1068 illud
2123 1013 2338 1082 quidem
2368 1028 2461 1066 eos
2491 1012 2714 1072 lateret,
2759 1010 2898 1078 quod
2934 1011 3099 1079 ipsius
3139 1009 3339 1077 judicio
3371 1024 3535 1064 nemo

1966 1105 2233 1159 obnoxius
2265 1119 2368 1157 non
2402 1113 2486 1157 est
2516 1144 2529 1165 ,
2566 1104 2656 1157 sed
2688 1103 3013 1155 conveniens
3042 1102 3233 1170 singuli
3269 1100 3530 1170 judicium

1968 1195 2299 1255 subibimus.
2336 1194 2596 1264 benigne,
2646 1202 2700 1247 et
2738 1192 2781 1247 si
2824 1191 2948 1260 quid
2984 1190 3154 1258 majus
3188 1191 3288 1245 dici
3322 1200 3528 1258 potest,

1968 1297 2059 1341 aut
2086 1288 2328 1356 cogitari,
2354 1296 2445 1339 attt
2473 1301 2575 1339 non
2601 1284 2841 1352 cogitari.
2864 1287 3008 1339 abeo
3030 1283 3351 1344 faciendum,
3369 1299 3396 1335 a
3424 1298 3532 1352 quo

1967 1376 2129 1428 etiam
2163 1375 2298 1427 bona
2333 1374 2485 1427 initio
2551 1373 2829 1427 retulituus
2874 1373 3206 1441 heneplacito
3254 1373 3435 1426 Patris
3478 1379 3534 1426 et

1968 1463 2320 1520 consensione
2343 1462 2575 1532 Spiritus
2606 1464 2799 1519 sancti.
2825 1464 3106 1530 Quomodo
3134 1464 3275 1516 enim
3300 1478 3404 1517 non
3438 1463 3535 1515 ini-

1968 1556 2260 1623 quissimus
2343 1556 2683 1624 maximeque
2749 1556 2945 1624 impius
2992 1554 3175 1609 haberi
3222 1564 3406 1624 posset
3438 1555 3529 1622 qui

1968 1646 2205 1709 diceret,
2257 1654 2345 1698 aut
2394 1645 2615 1698 omnino
2658 1647 3046 1715 suspicaretur,
3095 1660 3215 1699 eum
3258 1646 3532 1700 creavisse

1968 1735 2218 1805 quidem,
2252 1744 2309 1790 et
2345 1736 2492 1807 leges
2525 1738 2739 1799 tulisse,
2772 1738 2865 1791 sed
2900 1753 3003 1791 non
3041 1737 3381 1806 providisse?
3410 1754 3530 1791 cum

294 1842 456 1897 ρηται
480 1824 757 1891 πολλάκις,
788 1826 1085 1895 πεποίηκεν
1105 1841 1119 1856 ·
1145 1825 1305 1883 αὐτὸς
1335 1827 1392 1878 δὲ
1417 1827 1516 1879 οὐκ
1539 1826 1663 1896 ἔσχε
1687 1826 1862 1889 τοῦτο,

1970 1838 2148 1882 tamen
2221 1830 2360 1883 istud
2420 1829 2590 1895 majus
2636 1832 2706 1883 sit
2775 1831 3036 1899 nobisque
3089 1830 3305 1894 utilius,
3367 1846 3532 1899 quam

294 1916 431 1985 ὅπερ
457 1914 658 1979 ἄλλοις,
693 1916 834 1969 κατὰ
864 1916 923 1969 τὸ
954 1916 1152 1988 μέτρον
1185 1918 1281 1987 τῆς
1306 1917 1519 1986 φύσεως
1546 1918 1744 1980 αὐτῶν,
1772 1918 1866 1969 καὶ

295 2002 438 2056 κατὰ
491 2004 551 2057 τὸ
588 2004 867 2074 προσῆκον
905 2006 1199 2076 ἀπένειμε;
1243 2007 1512 2078 Συνορῶσι
1553 2006 1616 2077 δὴ
1641 2003 1753 2069 οὖν,
1788 2001 1866 2059 oi-

295 2112 419 2166 μαι,
447 2098 541 2150 καὶ
567 2100 737 2160 αὐτοὶ,
764 2093 836 2152 ὧν
859 2101 906 2151 οἱ
936 2098 1080 2166 λόγοι
1103 2098 1210 2152 τῶν
1234 2098 1446 2169 ἀληθῶν
1464 2100 1864 2169 ἁμαρτάνουσιν

295 2188 579 2258 αἰρετικοὶ,
608 2190 689 2242 ὅτι
729 2191 1102 2261 ἀντικείμενόν
1130 2208 1181 2243 τι
1210 2192 1322 2254 τοῖς
1356 2190 1509 2261 ἡμῶν
1541 2190 1865 2261 θελήσαντες

291 2276 490 2339 εἰπεῖν,
530 2277 628 2347 οὐχ
665 2277 897 2340 ἕξουσιν.
941 2280 1019 2350 Τῇ
1064 2280 1173 2351 γὰρ
1202 2279 1580 2349 δυσανασχὲτῳ
1613 2278 1707 2332 καὶ
1732 2279 1866 2331 ἀκα-

292 2367 471 2438 θέκτῳ
502 2367 628 2439 [205
670 2369 720 2442 b]
752 2372 919 2442 κακίᾳ
941 2372 1119 2427 αὐτῶν
1145 2372 1461 2443 μαχόμενοι,
1492 2371 1569 2440 τῷ
1592 2370 1729 2423 δὲτὸ
1749 2371 1867 2440 χαί-

290 2481 409 2535 ρειν
436 2465 613 2518 κοινὸν
640 2468 804 2519 πᾶσιν
832 2466 1083 2519 δεδωκότι
1124 2468 1361 2538 Σωτῆρι,
1410 2466 1502 2519 καὶ
1540 2464 1687 2517 ἄλλοι
1731 2463 1867 2534 πρὸς

297 2558 406 2618 τοῖς
437 2558 882 2627 μνημονευθεῖσιν
913 2557 1179 2629 ἁξιὸχρεοι
1224 2559 1317 2612 καὶ
1361 2557 1566 2628 βέϐαιοι
1611 2556 1702 2609 τὸν
1741 2555 1866 2625 τρό·

295 2664 393 2700 πον
440 2648 653 2721 ἄνδρες,
708 2651 805 2720 οὐχ
855 2650 1038 2714 ἁπλῶς
1091 2651 1366 2719 ἄνθρωποι
1391 2689 1405 2711 ,
1466 2646 1865 2719 μαρτυροῦντες

293 2740 593 2805 φαίνονται.
639 2744 911 2814 Ζαχαρίας
963 2744 1061 2813 μὲν
1092 2742 1200 2814 γὰρ
1242 2743 1372 2813 περὶ
1413 2739 1864 2811 παρεληλυθότων

292 2834 388 2886 καὶ
421 2833 720 2903 μελλόντων
764 2835 1196 2907 διακεκριμένους
1239 2834 1362 2905 βοᾷο
1414 2853 1432 2884 ι
1460 2833 1526 2886 Εἴ
1563 2851 1614 2885 τι
1662 2831 1864 2901 ἀγαθὸν

294 2925 481 2988 αὑτοῦ,
518 2928 611 2979 καὶ
641 2929 695 2982 εἴ
719 2945 771 2980 τι
802 2927 983 2992 καλὸν,
1018 2928 1146 2997 παρ’
1173 2926 1337 2979 αὑτοῦ
1382 2925 1552 2978 ἔσται.
1578 2944 1597 2975 ›
1641 2923 1864 2985 Ἡσαΐας

293 3012 349 3067 δὲ
376 3014 497 3067 καθ’
524 3016 724 3084 ὁμαλοῦ
771 3016 1026 3087 κηρύττει
1057 3018 1186 3088 περὶ
1208 3016 1369 3070 αὑτοῦ
1388 3032 1400 3045 ·
1435 3036 1451 3066 ι
1483 3015 1635 3079 Θεὸς,
1684 3016 1856 3083 Ίσχυ-

292 3104 409 3175 ρδς,
447 3106 845 3178 Ἐξουσιαστής.
874 3128 891 3158 ι
928 3109 1051 3171 Τοῖς
1072 3108 1247 3177 ἁγίοις
1279 3108 1335 3160 δὲ
1375 3107 1602 3170 τούτοις,
1646 3100 1727 3168 οἷς
1767 3105 1862 3157 σὺν

1963 1919 2208 1973 creatio:
2254 1920 2344 1973 sed
2376 1931 2572 1987 praeter
2602 1921 2687 1974 illa
2724 1922 2903 1975 omnia
2926 1960 2943 1986 ,
2994 1936 3113 1989 qum
3146 1936 3243 1990 pro
3276 1922 3431 1975 nobis
3475 1921 3529 1973 in

1965 2008 2069 2062 hoc
2093 2008 2289 2063 sacculo
2325 2009 2451 2063 fecit
2476 2049 2489 2072 ,
2527 2009 2891 2076 judicaturum
2937 2009 3099 2063 etiam
3145 2024 3266 2064 esse
3308 2024 3401 2064 eos
3437 2008 3529 2075 qui

1966 2097 2033 2148 ab
2059 2096 2228 2151 altero
2254 2097 2391 2151 bona
2424 2098 2765 2165 acceperint,
2797 2114 2967 2168 eaque
3012 2100 3081 2153 oh
3128 2098 3401 2167 propriam
3447 2097 3532 2151 in-

1964 2186 2265 2255 sipientiam
2307 2198 2358 2240 et
2404 2188 2666 2254 ignaviam
2712 2188 3037 2242 amiserint?
3106 2191 3213 2245 Aut
3259 2188 3528 2257 quomodo

1966 2288 2148 2343 posset
2195 2278 2488 2332 absurdum
2522 2293 2625 2333 non
2656 2278 2860 2343 videri,
2912 2280 2954 2334 si
3008 2280 3130 2349 quis
3177 2279 3231 2333 in
3276 2294 3337 2334 ea
3390 2289 3534 2335 esset

1964 2367 2248 2435 opinione,
2282 2366 2447 2438 422
2478 2377 2533 2423 ιιι
2569 2368 2683 2436 ipse
2711 2371 2929 2437 quidem
2962 2370 3134 2426 Filius
3163 2385 3261 2426 nos
3308 2371 3533 2441 propria

1966 2460 2218 2525 praeditos
2243 2469 2510 2527 potestate
2544 2459 2731 2515 iecerit
2751 2502 2764 2527 ,
2796 2463 2938 2517 sicut
2966 2463 3161 2531 smpius
3186 2464 3385 2517 dictum
3411 2476 3527 2526 est,

1966 2549 2080 2618 ipse
2110 2565 2240 2605 vero
2271 2550 2397 2604 illud
2430 2566 2533 2606 non
2563 2552 2807 2606 habuerit
2833 2592 2849 2617 ,
2880 2554 3021 2622 quod
3051 2553 3171 2608 aliis
3197 2552 3353 2621 juxta
3381 2568 3531 2608 men-

1965 2657 2146 2696 suram
2176 2652 2382 2698 natnras
2412 2643 2621 2697 illorum
2641 2687 2656 2709 ,
2689 2653 2743 2698 et
2769 2652 3033 2713 quatenus
3058 2646 3389 2700 conveniens
3413 2654 3529 2708 est,

1964 2732 2200 2786 tribuit?
2231 2731 2333 2802 Ipsi
2361 2747 2494 2805 ergo
2527 2734 2689 2788 etiam
2724 2734 2997 2799 haeretici,
3028 2749 3254 2804 quorum
3283 2735 3531 2789 doctrina

1965 2836 1996 2875 a
2042 2822 2272 2878 veritate
2315 2824 2494 2878 aliena
2528 2833 2647 2887 est,
2687 2824 2871 2877 vident
2915 2839 3068 2893 atque
3112 2839 3179 2878 ac
3219 2838 3352 2889 nos,
3403 2824 3531 2878 dum

1964 2912 2166 2981 aliquid
2197 2915 2377 2969 dicere
2410 2916 2631 2980 volunt,
2663 2914 2804 2984 quod
2840 2915 3041 2970 nostris
3067 2914 3409 2984 dogmatibus
3435 2914 3531 2967 ad-

1965 3016 2237 3068 versetur,
2266 3020 2328 3061 se
2358 3006 2408 3059 id
2438 3005 2618 3062 facere
2644 3007 2866 3062 omnino
2896 3022 2999 3061 non
3031 3020 3211 3076 posse.
3261 3004 3395 3058 Nam
3444 3005 3530 3058 in-

1967 3095 2262 3151 tolerandae
2306 3107 2467 3166 atque
2500 3096 2689 3152 eﬂreni
2731 3112 2918 3152 eorum
2952 3096 3204 3166 nequitiae
3234 3096 3532 3160 resistunt,

292 3173 415 3265 ῶρᾳ.
453 3195 548 3248 καὶ
588 3173 1075 3267 χάριτι-πανταχοῦ
1102 3173 1211 3249 τῶν
1248 3197 1419 3265 λόγων
1456 3192 1776 3247 ἐπανθοῦσιν
1804 3196 1859 3247 αἱ

1968 3204 2029 3242 ac
2084 3189 2319 3243 vicissim
2368 3188 2665 3243 Salvatoris
2706 3189 2797 3256 qui
2839 3188 3090 3243 omnibus
3131 3188 3185 3241 in
3230 3202 3522 3242 commune

293 3284 584 3353 θεολογίαι,
614 3288 937 3359 ὲφεπόμενοί
978 3305 1093 3351 πως
1141 3291 1200 3341 ὲν
1238 3286 1317 3357 τῷ
1363 3287 1518 3357 μέρει
1562 3284 1735 3355 τούτῳ
1768 3286 1861 3339 καὶ

296 3377 343 3427 si
372 3376 499 3442 ἔξω,
528 3379 811 3449 πρόσφορα
851 3381 980 3451 περὶ
1029 3378 1122 3432 τοῦ
1149 3377 1489 3450 Δημιουργοῦ
1522 3377 1615 3429 καὶ
1641 3376 1863 3448 παμϐα-

292 3468 487 3532 σιλέως
513 3470 837 3541 ὑμνήκασιν.
871 3472 1117 3552 Ἐφασαν
1151 3472 1256 3541 γάρ
1275 3488 1289 3503 ·

1967 3279 2277 3333 [nominibus
2301 3277 2557 3347 gaudium
2587 3278 2957 3346 comparavit,
2999 3277 3364 3332 testimonium
3404 3289 3527 3343 per-

1968 3368 2155 3423 hibent
2195 3378 2395 3437 praeter
2422 3382 2548 3431 eos.
2598 3368 2688 3436 qui
2733 3368 3144 3422 commemorati
3187 3368 3297 3435 jam
3357 3376 3528 3429 sunt,

1967 3466 2056 3520 alii
2079 3467 2241 3521 etiam
2275 3465 2378 3522 ﬁde
2410 3466 2597 3536 digni,
2624 3476 2680 3521 et
2710 3467 3013 3521 constantia
3045 3464 3393 3531 moribusque
3416 3475 3533 3529 spe-

293 3560 422 3612 ctati
457 3562 589 3623 viri,
619 3563 761 3631 iique
792 3578 896 3617 non
936 3564 1180 3618 homines
1219 3562 1554 3632 simpliciter,
1592 3561 1686 3617 sed
1730 3561 2021 3631 prephetae.
2060 3560 2352 3616 Zacharias
2417 3562 2561 3616 enim
2630 3576 2751 3616 cum
2794 3562 2861 3617 de
2899 3560 3217 3630 praeteritis,
3282 3564 3396 3611 tum
3464 3554 3534 3609 de

295 3651 496 3707 futuris
525 3670 770 3711 seorsum
805 3658 1029 3726 loquens
1054 3657 1289 3712 clamat:
1320 3676 1340 3709 ι
1378 3656 1433 3711 Si
1500 3657 1628 3727 quid
1659 3657 1771 3728 (10)
1813 3666 1897 3711 est
1936 3658 2130 3711 bonum
2154 3695 2170 3719 ,
2225 3657 2394 3725 ipsius
2458 3665 2576 3714 est:
2621 3665 2676 3711 et
2720 3657 2769 3711 si
2811 3657 2938 3727 quid
2969 3654 3285 3725 praeclarum
3313 3692 3329 3716 ,
3369 3650 3438 3705 ab
3470 3664 3536 3705 eo

294 3753 422 3806 erit.
454 3770 475 3803 ι
504 3749 671 3805 Isaias
698 3766 826 3807 vero
853 3768 1003 3821 aeque
1062 3754 1340 3823 perspicue
1397 3755 1460 3808 de
1521 3754 1637 3823 ipso
1702 3754 1817 3807 haec
1881 3752 2172 3821 praedicat:
2207 3770 2226 3803 ι
2255 3750 2397 3807 Deus
2425 3753 2538 3822 (11)
2559 3792 2574 3817 ,
2606 3752 2785 3809 Fortis
2808 3794 2821 3817 ,
2858 3750 3072 3821 propria
3103 3756 3365 3819 potestate
3399 3760 3535 3817 pra:-

292 3851 476 3910 ditus.
526 3848 858 3905 Dominator.
892 3869 909 3900 ι
943 3849 1113 3906 Hosce
1142 3866 1306 3920 porro
1333 3862 1550 3906 sanctos
1571 3888 1587 3914 ,
1652 3865 1879 3920 quorum
1913 3849 2035 3904 libri
2074 3848 2345 3919 praeclaris
2379 3850 2447 3903 de
2481 3848 2602 3904 Filii
2638 3850 2921 3905 divinitate
2990 3846 3313 3904 testimoniis
3376 3845 3527 3914 quasi

294 3942 521 3998 ﬂoribus
582 3942 780 4014 ubique
832 3944 944 4016 (12)
1009 3961 1129 4000 cum
1191 3956 1474 4001 venustate
1553 3958 1606 4002 et
1652 3945 1823 4017 gratia
1861 3954 2216 4009 exornantur,
2282 3944 2451 3999 secuti
2498 3945 2897 4014 quodammodo
2939 3945 3039 3997 hac
3100 3941 3152 3995 in
3201 3950 3354 4010 parte
3403 3945 3533 3993 sunt

299 4037 470 4090 etiam
524 4036 730 4105 profani
816 4050 999 4105 vates,
1044 4048 1102 4093 et
1142 4039 1381 4108 quaedam
1427 4057 1532 4095 non
1581 4039 1788 4095 inutilia
1866 4038 1933 4093 de
1992 4037 2248 4093 Creatore
2317 4046 2372 4093 et
2420 4038 2791 4093 universorum
2849 4050 2975 4106 rege
3017 4034 3362 4095 cecinerunt,
3413 4042 3533 4099 Quae

293 4137 429 4182 Sunt
479 4128 784 4194 huiusmodi
817 4148 832 4185 :

294 4222 502 4298 [Itinera
532 4223 639 4298 γὰρ
677 4224 1037 4298 ἀνθρῴποισι
1075 4227 1222 4298 Θεοῦ
1252 4230 1419 4281 πέλει
1450 4228 1644 4298 ἀγλαὰ
1673 4227 1858 4297 δῶρα·

294 4294 421 4346 Εἶτ’
449 4293 674 4361 ἀγαθόν
701 4311 753 4347 τι
786 4295 1014 4364 πέφυκε
1047 4298 1145 4350 καὶ
1171 4297 1392 4363 ὄλϐιον,
1416 4293 1536 4353 εἴτε
1560 4293 1861 4368 φέριστον,

293 4427 439 4481 Εἴτε
466 4428 745 4496 ἐραστὸν,
797 4427 946 4484 πᾶσι
994 4431 1142 4485 Θεοῦ
1185 4433 1338 4486 καλὰ
1374 4432 1530 4501 δῶρα
1566 4433 1859 4488 τέτυκται.

292 4586 411 4638 Καὶ
445 4584 607 4637 πάλιν
626 4603 640 4616 ο

296 4676 531 4749 Κᾴρτος
563 4677 908 4749 ἀμετρήτοιο
950 4681 1096 4734 Θεοῦ
1125 4682 1221 4735 καὶ
1254 4683 1550 4749 ἀπείριτος
1576 4682 1738 4749 ἀλκὴ

293 4746 549 4801 Πάντων
580 4746 692 4811 μὲν
716 4749 962 4817 κρατέει,
995 4750 1289 4805 πάντεσσι
1322 4746 1401 4805 δὲ’
1414 4746 1638 4821 μοῦνος
1676 4746 1863 4894 dii-da-

1336 4838 1348 4850 ·
1749 4837 1863 4876 σει.

922 4910 1079 4963 ΚΕΦ.
1123 4910 1251 4963 ΚΘἍ

373 4997 487 5051 Καὶ
538 4996 595 5049 ὲν
642 4996 721 5067 τῷ
755 4997 1017 5069 Ματθαίῳ
1076 5000 1320 5072 αίτούσῃ,
1371 5002 1523 5071 φησὶ,
1569 5004 1635 5072 τῇ
1689 5002 1871 5055 καλλί-

300 5086 456 5139 παιδι
504 5087 674 5156 μητρὶ
705 5085 812 5139 τῶν
847 5086 979 5139 υἱῶν
1020 5088 1322 5149 Ζεϐεδαίου,
1359 5089 1498 5142 ὥστε
1534 5090 1872 5159 ἑκατέρωθεν

298 5176 494 5238 αὑτοῦ,
530 5178 594 5230 ὲκ
639 5178 827 5243 δεξιῶν
859 5180 951 5230 καὶ
986 5178 1043 5242 ἐξ
1092 5179 1407 5249 εὐωνύμων,
1441 5178 1747 5243 συνθώκους
1774 5182 1871 5233 αὑ-

298 5269 396 5321 τοῦ
427 5269 679 5337 γενέσθαι
708 5273 764 5322 ἐν
797 5273 862 5341 τῇ
893 5270 1135 5344 βασιλείᾳ
1160 5272 1321 5326 αὐτοῦ
1347 5271 1453 5324 τῶν
1481 5272 1725 5344 οὐρανῶν
1749 5276 1873 5339 τοὺς

380 5454 455 5523 (9)
488 5450 737 5519 Ereptum
784 5454 904 5522 fuit.
957 5455 1154 5517 Codex,
1198 5454 1387 5525 ὴφίθη.
1425 5453 1647 5508 Videtur
1693 5453 1872 5524 legen-

300 5520 435 5573 dum
464 5524 686 5573 ἠφείθη.

346 5540 435 5573 um
464 5524 686 5593 ἠφείθη.
1356 5524 1361 5525 ⁷

383 5593 493 5662 (ιιι)
538 5593 762 5664 Siquid.
790 5592 1051 5658 Zaclmx,
1088 5593 1171 5646 i7.
1199 5593 1329 5648 Vide
1362 5604 1473 5647 not.
1500 5593 1590 5655 ‘27,
1624 5609 1743 5664 pag.
1775 5592 1867 5648 37.

381 5665 492 5729 (ii)
525 5662 682 5716 Deus.
717 5665 813 5715 lsa.
851 5679 923 5725 ιιι,
957 5666 1009 5719 6.

386 5734 497 5801 (12)
539 5731 754 5798 Ubique.
810 5732 865 5785 lu
897 5734 1106 5797 Grn-co,
1140 5734 1411 5804 πανταχοῦ
1449 5733 1555 5786 τῶν
1590 5733 1781 5800 λόγων,
1811 5732 1862 5785 id

303 5812 415 5867 est,
457 5822 477 5856 ι
507 5804 707 5873 ubique
753 5804 1047 5869 libratum,
1077 5824 1094 5855 ι
1143 5814 1233 5857 aut
1281 5820 1648 5860 «set-tuonum.
1677 5822 1694 5853 ι
1744 5806 1859 5868 Quo

2045 4224 2236 4278 Omnia
2261 4223 2394 4277 enim
2422 4222 2655 4274 homines
2680 4236 2711 4273 a
2737 4219 2839 4273 Deo
2867 4219 3049 4271 habent
3078 4216 3333 4284 praetora
3357 4211 3495 4288 dona
3516 4251 3531 4273 ,

2041 4294 2160 4349 Sive
2190 4295 2385 4347 bonum
2424 4292 2628 4361 aliquid
2672 4290 3043 4364 fueritgipsis,
3060 4295 3131 4364 ρ-ιξ
3154 4288 3356 4364 beatum
3377 4323 3392 4343 ,
3429 4296 3533 4335 sive

2838 4355 3139 4431 [animum
3172 4355 3461 4431 apti‘muntn,

2046 4435 2169 4490 Sive
2211 4434 2336 4505 quid
2384 4431 2639 4497 amabile,
2685 4421 2859 4484 omne;
2890 4421 2937 4481 ἀ
2980 4426 3089 4505 Deo
3115 4421 3383 4505 Lprazcnlara
3424 4421 3532 4505 (ιιιέ

3056 4496 3229 4566 [dona
3255 4492 3461 4545 habent.

1968 4596 2034 4653 Et
2069 4611 2250 4651 rursus
2286 4612 2301 4648 :

2040 4686 2285 4740 Potentia
2311 4685 2547 4740 immensi
2580 4684 2673 4738 Dei
2718 4692 2764 4737 et
2795 4682 3031 4748 inﬁnitus
3062 4679 3208 4745 vigor

2040 4758 2111 4810 Et
2144 4759 2318 4810 omnia
2352 4766 2522 4820 tenet,
2554 4765 2600 4807 et
2632 4747 2869 4808 omnibus
2898 4749 3038 4804 solus
3071 4748 3179 4815 ipse
3210 4747 3431 4815 imperat

2546 4906 2695 4962 CAP.
2740 4902 2925 4959 XXIX.

2042 5002 2192 5072 Apud
2223 5001 2531 5055 Mattlneum
2562 5013 2775 5067 quoque
2804 5036 2819 5058 ,
2846 4994 3095 5063 inquiunt
3115 5032 3130 5053 ,
3174 4990 3376 5059 petenti
3408 4986 3535 5058 pul—

1970 5096 2219 5148 chrorum
2272 5092 2515 5147 Zebedwi
2568 5090 2801 5143 filiorum
2854 5084 3050 5147 matri,
3094 5094 3153 5137 ut
3198 5097 3262 5136 ex
3309 5089 3536 5148 utroque

1969 5187 2169 5241 Christi
2204 5186 2367 5238 latere
2391 5200 2417 5233 λ
2448 5184 2650 5236 dextris
2679 5190 2731 5232 et
2784 5194 2813 5232 a
2838 5176 3073 5232 sinistris
3103 5175 3154 5227 in
3186 5172 3392 5228 cmlesti
3423 5173 3537 5240 ejus

1974 5292 2137 5345 regno
2180 5278 2285 5328 duo
2338 5276 2576 5341 ejusdem
2625 5271 2870 5327 mulieris
2920 5269 3053 5333 ﬁlii,
3084 5260 3174 5337 qui
3205 5276 3363 5322 erant
3406 5280 3537 5336 apo-

1980 5454 2137 5505 modu
2170 5451 2358 5505 Latine
2396 5451 2623 5503 dicimus
2657 5469 2670 5503 :
2704 5468 2720 5499 ι
2744 5450 2943 5515 ubique
2994 5457 3280 5502 terrarum.
3311 5464 3328 5495 ι
3370 5445 3538 5509 Quem

1982 5523 2350 5576 itt'lleltiSllllﬂll
2403 5523 2643 5575 imitatus
2694 5522 3022 5576 Augustinus
3077 5520 3167 5571 lib.
3219 5533 3291 5569 xu
3357 5524 3538 5565 roum:

1980 5591 2257 5652 Faustum,
2284 5608 2401 5658 cap.
2422 5589 2514 5652 27,
2544 5593 2621 5645 ait
2647 5609 2659 5642 :
2691 5608 2709 5640 ι
2735 5586 2941 5658 Ubique
2972 5588 3179 5643 illorum
3214 5588 3537 5640 librorum...

1976 5664 2174 5730 ubique
2203 5663 2416 5713 illarum
2443 5662 2864 5728 Scripturarum.
2891 5678 2914 5730 ν»

2043 5715 2473 5836 (1’5)8ἱξε.ι1ιιίι1.
2519 5715 2824 5801 Legenduut
2879 5729 3107 5785 fortasse
3167 5725 3246 5798 [ut
3281 5730 3333 5777 ct
3378 5715 3537 5791 legt‘]:

1968 5805 2072 5857 εἴτε
2099 5819 2193 5872 pro
2220 5805 2272 5853 ei
2296 5816 2367 5852 τι.
