4042 6404
569 325 674 382 947
1813 323 2047 377 DIDYMI
2085 323 2165 376 Αι

2151 321 2552 378 ζιΕίΧΔΝΒΒΙΝΙ
3665 329 3747 387 948

568 435 692 493 stoli
717 475 732 499 ,
785 432 1131 489 considerent
1179 431 1324 503 (14),
1361 431 1433 486 ila
1474 428 1749 500 resp‘ondit
1793 432 1944 502 (15):
1976 452 1993 484 ι
2027 433 2138 488 Non

2170 445 2212 500 Α
2241 433 2331 486 δύο
2363 435 2534 504 αὐτῆς
2557 435 2724 498 υίοὺς,
2750 432 3078 497 ἀποστόλους
3111 432 3291 497 ὄντας,
3315 435 3566 509 ἀπεκρίθη
3585 452 3596 467 '
3625 444 3750 495 «Οὐκ

569 537 654 584 εει
701 541 880 584 meum
927 526 1091 592 dare,
1138 525 1232 580 sed
1276 525 1474 594 quibus
1519 533 1766 592 paratum
1811 534 1949 580 esta
1979 525 2138 580 Patre

2240 525 2384 578 ἐστιν
2418 526 2549 596 ἐμὸν
2590 526 2791 590 δοῦναι,
2821 525 2934 579 ἀλλ’
2963 519 3043 588 οἷς
3085 526 3407 596 ἡτοίμασται
3433 527 3528 581 ὑπὸ
3550 530 3632 583 τοῦ
3667 533 3751 588 Πα-

570 619 733 691 5,23
767 633 908 672 meo.
944 617 1096 672 sSed
1138 633 1207 672 ne
1253 617 1356 672 hoc
1405 617 1620 685 quidem
1671 616 1778 669 ullo
1834 617 1994 671 modo
2023 616 2138 684 ejus

2238 616 2363 684 τρός
2410 633 2530 685 μου.
2558 634 2576 667 ι
2622 617 2731 669 Καὶ
2777 615 2933 669 τοῦτο
2965 616 3022 669 δὲ
3057 615 3210 670 οὐδὲν
3257 614 3418 670 αὐτοῦ
3472 621 3754 683 καταϐάλλει

573 692 744 766 decus
776 709 887 780 (16)
921 709 1191 764 imminuit
1219 726 1234 774 ;
1284 722 1382 762 nec
1408 707 1550 761 enim
1587 722 1802 776 semper
1848 707 2136 775 contingit,

2236 706 2298 758 τὸ
2334 708 2523 778 γέρας.
2573 709 2648 761 Οὐ
2690 707 2800 780 γὰρ
2845 709 2964 771 ἀεὶ,
3014 707 3089 772 ὡς
3123 707 3258 778 μόνη
3308 711 3341 778 ἡ
3387 709 3488 763 τῶν
3535 715 3753 782 ῥημάτων

569 813 630 857 ut
658 801 832 872 qualis
859 810 942 856 est
974 801 1115 854 nuda
1143 801 1522 854 vocabulorum
1551 800 1748 868 positio
1770 838 1786 862 ,
1815 800 1946 854 tales
1973 800 2136 854 etiam

2239 793 2350 863 ἔχει
2382 793 2651 860 σύνταξις,
2689 795 2831 849 οὕτω
2869 797 2960 850 καὶ
3009 796 3078 849 τὰ
3126 797 3453 868 πράγματα’
3495 801 3597 854 ἀλλ’
3635 804 3755 858 ἔστιν

573 895 688 952 sint
723 909 809 950 res
850 894 1019 964 ipsae:
1070 893 1165 947 sed
1211 892 1500 960 aliquando
1548 894 1872 946 sententiam
1925 891 2140 960 perﬁcit

2238 887 2326 938 ὅτε
2357 887 2638 958 ἀπαρτίζει
2670 887 2768 959 τὴν
2803 888 2932 958 [206
2961 888 3015 960 α]
3065 889 3302 943 διάνοιαν
3332 892 3422 946 καὶ
3452 893 3577 964 πρὸς
3609 895 3668 947 τὰ
3695 898 3754 968 μὴ

575 986 694 1054 ipsa
720 985 926 1040 veritas
948 1023 965 1049 ,
997 997 1060 1036 ea
1093 983 1388 1052 supplendo
1408 1023 1423 1045 ,
1456 997 1576 1051 qua:
1609 997 1712 1036 non
1748 982 2020 1036 dicuntur.
2061 983 2135 1037 Ita

2236 977 2504 1047 λεγόμενα
2549 981 2581 1049 ἠ
2638 980 2886 1051 ἀλήθεια.
2951 980 3188 1052 Ἐῥρήθη
3235 977 3328 1036 οὖν
3370 982 3504 1036 οὕτω
3553 986 3632 1040 διὰ
3677 988 3755 1058 τὴν

572 1091 705 1146 ergo
729 1067 950 1130 locutus
963 1084 1046 1129 est
1070 1074 1338 1142 Christus,
1361 1074 1485 1142 quia
1509 1073 1754 1128 servilem
1785 1075 2003 1145 gerebat
2025 1074 2138 1128 for-

2236 1067 2484 1139 δουλικὴν
2515 1071 2745 1140 μορφὴν,
2775 1072 2808 1141 ἢ
2840 1071 3039 1141 μᾶλλον
3057 1072 3144 1125 διὰ
3173 1072 3234 1126 τὸ
3258 1075 3507 1145 συστῆναι
3528 1076 3757 1149 θεομισεῖς

572 1182 716 1220 mam
745 1183 760 1231 ;
795 1174 888 1219 aut
917 1166 1102 1233 potius
1141 1166 1264 1235 quia
1307 1165 1512 1222 invisos
1548 1167 1658 1221 Deo
1693 1167 1982 1224 ostendere
2019 1169 2138 1223 illos

2236 1157 2336 1220 τὰς
2373 1158 2446 1229 μὴ
2476 1160 2615 1213 κατὰ
2649 1160 2854 1233 βαθμὸν
2898 1163 2991 1216 καὶ
3026 1165 3166 1218 κατὰ
3215 1166 3372 1234 λόγον
3405 1170 3757 1241 εἰσπροεδρίας,

573 1257 775 1320 voluit,
811 1255 902 1324 qui
936 1256 1125 1326 prima:
1151 1257 1294 1312 sedis
1347 1257 1608 1312 honorem
1663 1266 1840 1327 spreta
1876 1259 2136 1329 graduum

2237 1248 2270 1317 ἢ
2302 1249 2396 1301 καὶ
2419 1248 2509 1302 διὰ
2533 1252 2594 1304 τὸ
2620 1252 2834 1324 ἐκείνην
2865 1255 3038 1326 οίησιν
3069 1256 3358 1326 ἐσχηκέναι
3390 1259 3666 1325 εὐπαιδίας,
3684 1265 3759 1317 καὶ

573 1360 629 1406 et
657 1351 926 1420 aequitatis
963 1350 1174 1404 ratione
1204 1359 1504 1421 appetunt;
1539 1359 1635 1405 aut
1661 1351 1824 1406 etiam
1858 1354 1985 1421 quia
2014 1368 2136 1406 mu-

2237 1338 2331 1392 τού
2373 1340 2556 1406 ἀξίους
2586 1339 2727 1396 εἶναι
2763 1346 2890 1408 τοὺς
2927 1347 3123 1410 παῖδας
3161 1347 3331 1418 αὐτῆς
3362 1349 3456 1420 τῆς
3485 1368 3539 1402 τε
3568 1352 3761 1406 ἀποστο-

573 1442 674 1496 lier
702 1442 890 1497 isthmc
916 1443 1100 1496 animo
1125 1442 1262 1496 clam
1295 1441 1620 1498 efferebatur
1645 1444 1713 1498 ob
1741 1443 1972 1498 ﬁliorum
1998 1459 2136 1512 prae-

2237 1429 2393 1501 λικῆς
2426 1433 2698 1504 πρωτείας
2742 1436 2837 1488 καὶ
2873 1437 2973 1508 τῆς
3005 1437 3196 1508 θεῖκῆς
3246 1441 3650 1512 συγκαθεδρίας·
3680 1444 3761 1496 οὐκ

572 1534 830 1589 stantiam
897 1549 962 1590 ac
993 1533 1451 1603 pulchritudinem
1475 1577 1490 1602 ,
1533 1550 1672 1604 quos
1702 1549 1823 1590 cum
1856 1534 2132 1605 apostolici

2237 1522 2525 1578 ἐλάνθανεν
2559 1527 2668 1595 γὰρ
2697 1527 2860 1580 αὑτὸν
2889 1529 2956 1583 τὰ
2997 1531 3280 1604 ὲγκάρδια,
3315 1533 3391 1596 ὡς
3427 1535 3660 1606 Ἰωάννης
3695 1535 3761 1588 λέ-

574 1625 880 1696 primatus,
933 1634 1047 1681 tum
1107 1625 1306 1680 divinae
1353 1625 1718 1682 consessionis
1771 1625 1960 1696 dignos
2015 1639 2138 1680 esse

2238 1630 2322 1680 γει
2341 1629 2356 1644 ο
2397 1633 2415 1665 ι
2437 1613 2609 1678 Αὐτὸς
2641 1615 2697 1668 δὲ
2729 1617 2759 1668 ὁ
2802 1617 3007 1688 Ἰησοῦς
3036 1617 3134 1671 οὐκ
3173 1619 3449 1672 ἐπίστευεν
3477 1622 3664 1684 αὐτοῖς,
3691 1622 3762 1675 διὰ

573 1716 958 1772 existimabat:
997 1731 1096 1773 nec
1125 1717 1270 1771 enim
1301 1733 1424 1772 eum
1459 1717 1706 1773 latebant
1753 1727 1964 1773 secreta
2012 1733 2136 1772 cor—

2171 1778 2200 1782 _
2238 1703 2300 1756 τὸ
2325 1703 2486 1757 αὐτὸν
2512 1704 2801 1774 γινώσκειν
2828 1708 3057 1773 πάντας,
3088 1711 3183 1763 κα)⁸
3218 1709 3292 1781 μὴ
3323 1711 3508 1782 χρείαν
3535 1711 3665 1781 ἔχειν
3693 1713 3762 1765 ἵνα.

573 1807 721 1862 dium
744 1847 760 1874 ,
791 1807 948 1876 juxta
984 1809 1036 1863 id
1067 1809 1211 1877 quod
1241 1807 1483 1864 Joannes
1513 1809 1588 1862 ait
1617 1827 1631 1862 :
1663 1828 1680 1861 ι
1718 1808 1833 1878 Ipse
1861 1824 1989 1864 vero
2023 1808 2133 1880 (l7)
2168 1826 2169 1830 η

2168 1778 2209 1832 Β
2237 1813 2322 1859 τις
2351 1799 2674 1872 μαρτυρήσῃ
2714 1801 2844 1871 περὶ
2879 1801 2973 1854 τοῦ
3009 1778 3296 1874 ἀνθρώπου
3311 1778 3334 1835 ί
3347 1778 3519 1868 αὐτὸς
3671 1805 3763 1872 ὲγί-

574 1897 730 1954 Jesus
759 1915 863 1954 non
894 1899 1150 1954 credebat
1184 1900 1264 1953 eis
1291 1899 1405 1970 (18)
1433 1939 1446 1963 ,
1476 1900 1602 1969 quia
1634 1899 1750 1968 ipse
1767 1900 2137 1968 cognoscebat

2237 1901 2430 1946 νωσκε,
2461 1887 2513 1939 τί
2551 1883 2620 1958 ἦν
2658 1889 2718 1942 ὲν
2762 1888 2839 1960 τῷ
2881 1890 3169 1962 ἀνθρώπῳ.
3207 1912 3226 1944 ι
3269 1894 3466 1947 ¹Ἄκουε
3488 1894 3548 1964 δὴ
3569 1890 3652 1947 οὖν
3675 1893 3764 1945 τῶν

572 2003 762 2044 omnes
784 2027 800 2055 ,
837 1997 892 2043 et
925 2004 1059 2058 opus
1091 1988 1140 2042 ei
1179 2003 1284 2043 non
1319 1997 1437 2042 erat
1468 1987 1581 2059 (19)
1601 2031 1615 2052 ,
1649 1998 1709 2042 ut
1741 1989 1862 2057 quis
1899 1989 2138 2045 testimo-

2235 1976 2384 2047 ἑξῆς,
2408 1978 2503 2032 καὶ
2518 1979 2816 2045 πείθου,ώς
2835 1982 2933 2036 οὐκ
2966 1984 3169 2056 ἐσφάλη
3199 2002 3288 2055 μοι
3319 1985 3381 2039 τὸ
3407 1986 3592 2056 νόημα.
3620 1987 3764 2049 Εὐθὺς

576 2082 722 2134 nium
753 2080 1060 2150 perhiberet
1089 2079 1156 2132 de
1197 2079 1460 2134 homine:
1500 2081 1612 2149 ipse
1655 2080 1797 2134 enim
1840 2095 2135 2151 cognosce-

2236 2067 2345 2138 γὰρ
2363 2067 2496 2138 ἔχει,
2513 2071 2615 2135 ὅτι,
2640 2090 2660 2122 ι
2695 2073 3207 2145 Ἀγανακτησάντων
3231 2094 3250 2127 ι
3280 2077 3391 2130 τῶν
3416 2076 3609 2130 δώδεκα
3625 2095 3642 2128 ι
3663 2077 3766 2146 περὶ

574 2175 667 2228 bat
690 2212 707 2238 ,
735 2171 865 2240 quid
901 2181 1046 2226 esset
1073 2170 1128 2225 in
1160 2171 1396 2227 homine.
1425 2189 1443 2222 ›
1469 2171 1584 2225 Jam
1617 2187 1746 2228 vero
1774 2172 1896 2227 audi
1925 2188 1987 2228 ea
2017 2188 2138 2242 qua:

2235 2157 2345 2213 τῶν
2373 2158 2465 2212 δύο
2496 2160 2697 2215 τούτων
2717 2163 2982 2232 ἀδελφῶν,
3020 2183 3040 2216 ι
3077 2161 3230 2220 εἶπεν
3261 2169 3290 2221 ὁ
3317 2169 3585 2239 Δεσπότης
3605 2185 3620 2200 ο
3650 2187 3666 2218 ι
3695 2170 3767 2221 Ἐν

573 2270 896 2331 sequuntur,
929 2277 1123 2330 meque
1164 2262 1216 2315 in
1267 2261 1385 2332 ejus
1427 2262 1531 2317 loci
1566 2262 2011 2332 interpretatione
2042 2266 2136 2319 de-

2238 2249 2364 2320 ὐμῖν
2394 2250 2453 2314 δς
2481 2251 2576 2304 ὲάν
2611 2251 2739 2327 θέλῃ
2775 2255 2948 2324 μέγας
2976 2257 3247 2325 γενέσθαι,
3271 2258 3424 2313 ἔσται
3450 2261 3595 2332 ὑμῶν
3616 2261 3766 2313 διάκο-

574 2363 791 2424 ceptum
824 2369 928 2408 non
955 2368 1075 2408 esse
1101 2353 1202 2408 tibi
1230 2355 1576 2422 persuadeas.
1608 2352 1800 2409 Statim
1835 2356 1976 2410 enim
2004 2355 2135 2410 sub-

2238 2357 2354 2405 νος·
2387 2343 2482 2395 καὶ
2507 2343 2566 2407 ὃς
2603 2344 2698 2397 ἐὰν
2736 2346 2862 2418 θέλῃ
2894 2343 3032 2401 εἶναι
3062 2348 3294 2420 πρῶτος,
3327 2351 3478 2406 ἔσται
3513 2352 3652 2423 ὑμῶν
3673 2351 3767 2404 δοῦ-

575 2443 749 2515 iungit
793 2443 1097 2510 Mattbteus,
1128 2462 1147 2494 ι
1175 2443 1306 2498 Cum
1347 2443 1472 2499 irati
1509 2453 1691 2499 essent
1716 2444 1828 2516 (20)
1860 2463 1880 2497 ι
1932 2447 2135 2500 duode-

2239 2432 2348 2496 λος.
2370 2451 2389 2484 ι
2430 2433 2617 2498 Ὅπως
2644 2435 2700 2488 δὲ
2733 2439 2826 2490 καὶ
2855 2440 2914 2493 ὲν
2941 2439 3020 2510 τῷ
3052 2440 3235 2513 Δουκᾷ
3262 2443 3462 2496 κωλύει
3482 2445 3576 2506 τὰς
3595 2442 3649 2508 ἐξ
3673 2445 3769 2494 ἐπι-

573 2536 681 2591 cim
717 2535 830 2606 (21)
869 2554 889 2588 ι
923 2536 992 2590 ob
1023 2536 1158 2590 duos
1197 2534 1360 2590 hosce
1405 2533 1605 2589 fratres
1628 2574 1644 2601 ,
1669 2553 1690 2588 ι
1716 2535 1916 2591 dixisse
1956 2536 2139 2591 Domi-

2237 2521 2401 2594 λογῆς
2439 2527 2912 2599 πρωτοκαθεδρίας
2957 2531 3050 2585 καὶ⁹
3095 2533 3518 2604 πρωτοκλισίας,
3564 2534 3767 2604 ἠκούσα-

575 2640 754 2680 num:
788 2623 889 2679 «In
920 2625 1071 2679 vobis
1117 2622 1230 2695 (22)
1283 2625 1592 2695 quicunque
1638 2625 1871 2680 voluerit
1915 2641 2142 2696 magnus

2242 2631 2360 2684 μεν.
2391 2616 2500 2670 Καὶ
2536 2617 2644 2688 γὰρ
2677 2620 2776 2672 οὐκ
2813 2616 2883 2691 ἦν
2909 2620 3004 2674 τοῦ
3036 2622 3240 2676 δικαίου
3273 2624 3433 2694 Θεοῦ,
3463 2626 3553 2679 τοῦ
3585 2627 3769 2696 ἑτοιμά-

575 2730 698 2772 esse
719 2755 737 2782 ,
760 2715 866 2771 erit
894 2715 1008 2786 (25)
1035 2725 1215 2770 vester
1241 2715 1510 2779 minister,
1537 2725 1591 2770 et
1616 2716 1924 2786 quicunque
1951 2717 2142 2773 volue-

2239 2704 2421 2770 ζοντος
2469 2709 2609 2762 κατὰ
2655 2710 2754 2782 τὴν
2805 2712 3036 2766 ἑκάστου
3081 2714 3364 2769 πολιτείαν
3410 2715 3478 2769 τά
3525 2715 3768 2788 μέλλοντα,

575 2806 649 2863 rit
674 2822 796 2862 esse
822 2807 1046 2877 primus,
1084 2806 1191 2862 erit
1218 2804 1330 2878 (24)
1365 2814 1543 2860 vester
1581 2820 1789 2862 servus.
1821 2824 1840 2858 ι
1864 2806 2142 2874 Quomodo

2240 2801 2542 2868 παρασχεῖν
2569 2816 2674 2854 τινι
2718 2802 2792 2871 μὴ
2821 2802 3058 2868 δικαίαν,
3089 2805 3122 2875 ἢ
3158 2806 3540 2878 αὐχηματικὴν
3568 2807 3769 2875 αἴτησιν.

577 2906 756 2953 autem
779 2899 918 2968 apud
931 2895 1127 2952 Lucam
1144 2897 1255 2969 (25)
1273 2912 1488 2968 quoque
1501 2897 1580 2966 pri
1591 2912 1688 2952 mae
1712 2898 1854 2953 sedis
1900 2913 1964 2953 ac
1984 2898 2142 2968 primi

2241 2890 2332 2941 καὶ
2359 2889 2516 2956 τάξαι
2547 2893 2672 2955 τοὺς
2703 2893 2950 2964 πρώτους
2977 2897 3036 2948 ὲν
3062 2897 3333 2969 ὑπέροις,
3362 2899 3458 2952 καὶ⁹
3485 2896 3772 2969 παραλυπῆ-

576 2987 860 3043 accubitus
886 2989 1144 3043 bonorem
1170 2987 1238 3042 de
1262 2987 1523 3042 industria
1551 2987 1837 3058 quaesitum
1866 2987 2141 3057 impediat,

2241 2995 2332 3032 σαι
2363 2982 2489 3044 τοὺς
2513 2981 2610 3054 τὴν
2634 2983 2786 3049 τάξιν
2825 2989 2900 3058 μὴ
2927 2987 3200 3053 λιπόντας,
3238 2991 3362 3061 μηδ’
3393 2992 3561 3061 ἀρχῆς
3592 2988 3772 3058 ἐφιεμέ-

577 3078 904 3134 audlvimus.
947 3077 1058 3134 Nec
1101 3077 1248 3134 enim
1293 3087 1412 3134 erat
1452 3077 1586 3146 justi
1631 3077 1762 3142 Dei,
1795 3077 1887 3149 qui
1920 3079 2173 3166 praemia‘

2175 3120 2210 3176 Β
2241 3087 2365 3134 νους
2390 3073 2738 3142 ἀποστόλους,
2774 3079 2869 3131 καὶ
2897 3080 2994 3133 σὺν
3026 3080 3209 3145 αὐτοῖς
3239 3085 3368 3147 τοὺς
3398 3082 3771 3154 προαρὲσαντας

577 3166 634 3222 in
669 3165 852 3222 futura
880 3168 993 3222 vita
1021 3167 1242 3223 cuilibet
1267 3166 1420 3236 juxta
1450 3168 1876 3238 uniuscujusque
1901 3169 2140 3224 actiones
2171 3163 2173 3166 ’

2178 3163 2210 3176 ⁵⁸
2244 3163 2411 3234 αὐτῷ,
2473 3166 2566 3219 καὶ
2619 3169 2706 3220 ἐπ’
2763 3168 2932 3242 ἀρετῇ
2991 3171 3407 3242 θαυμασθέντας
3460 3173 3774 3245 προπάτορας

575 3266 877 3327 praeparat,
905 3256 1088 3328 largiri
1115 3258 1366 3328 cuiquam
1391 3259 1531 3329 quod
1559 3257 1754 3327 injuste
1796 3268 1852 3315 et
1878 3273 2138 3328 arrogan-

2243 3253 2421 3324 ἡμῶν,
2458 3251 2539 3320 οἷς
2589 3258 2858 3328 συνέθετο,
2914 3262 3009 3315 καί¹
3053 3259 3135 3327 οἷς
3169 3265 3278 3317 πᾶν
3330 3267 3478 3318 ἐστιν
3523 3263 3658 3326 εἰκὸς
3694 3261 3773 3329 τὴν

579 3357 662 3403 ter
703 3350 1009 3418 petebatur,
1041 3358 1096 3404 et
1147 3351 1349 3418 primos
1387 3352 1440 3405 in
1493 3351 1745 3407 secundis
1771 3351 1997 3407 sedibus
2025 3352 2140 3406 col-

2244 3345 2582 3418 ὲκατὲρωθεν
2610 3350 2774 3404 αὑτοῦ
2801 3353 3093 3426 προεδρίαν
3113 3352 3240 3426 [206
3281 3355 3336 3428 ὁ]
3352 3353 3771 3429 προῦποσχέσθαι.

576 3438 762 3494 locare
792 3437 908 3510 (26)
937 3479 956 3506 ,
983 3449 1040 3495 et
1069 3442 1344 3512 apostolos
1372 3443 1697 3498 contristare
1715 3482 1732 3510 ,
1761 3443 1852 3513 qui
1883 3453 2140 3498 constan-

2243 3429 2318 3490 ὧν
2345 3440 2438 3491 καὶ
2466 3441 2546 3503 είς
2569 3441 2694 3505 τοὺς
2717 3443 2946 3509 κόλπους
2970 3439 3136 3509 οὗτοι,
3163 3449 3292 3518 περὶ
3323 3443 3400 3503 ὧν
3428 3451 3457 3502 ὁ
3484 3448 3646 3517 λόγος,
3663 3461 3773 3498 κατ-

575 3540 664 3586 ter
693 3531 743 3587 ei
769 3530 956 3588 ﬁdeles
1002 3531 1250 3599 fuerant,
1291 3549 1465 3604 neque
1517 3534 1877 3604 principatum
1918 3543 2142 3604 optave-

2213 3533 2215 3536 ‘
2245 3529 2616 3584 αναπαύεσθαι
2648 3531 2902 3603 ἔμελλον
2931 3535 3066 3607 πρὸς
3095 3537 3305 3603 τούτοις
3342 3540 3403 3592 δὲ
3428 3540 3522 3592 καλι
3549 3536 3773 3593 Μωῡσέα·

577 3629 734 3686 rant,
781 3629 838 3677 et
875 3637 984 3679 una
1035 3637 1158 3678 cum
1196 3623 1330 3692 ipsis
1377 3632 1560 3694 patres
1588 3623 1750 3677 etiam
1778 3633 1995 3679 nostros
2025 3624 2140 3696 (27)

2244 3621 2448 3676 ὲπείτοι
2481 3624 2575 3678 καὶ
2607 3626 2766 3690 αὑτός
2795 3628 2940 3682 ἐστιν
2969 3631 2997 3682 ὁ
3033 3630 3128 3682 καὶ
3171 3631 3266 3684 τοῦ
3301 3633 3611 3704 αἰτηθέντος
3658 3629 3774 3699 πρά-

576 3713 931 3780 contristare,
960 3715 1051 3785 qui
1086 3715 1138 3771 ei
1167 3723 1328 3775 antea
1373 3715 1726 3785 placuerant,
1766 3724 1822 3770 et
1851 3715 1922 3770 ob
1972 3715 2143 3771 virtu-

2245 3729 2453 3782 Ὑματος
2467 3716 2559 3768 καὶ
2579 3717 2678 3783 τῆς
2700 3718 2931 3786 κρίσεως
2956 3720 3134 3791 πάσης
3163 3722 3390 3794 Κύριος,
3422 3725 3515 3777 καὶ
3540 3725 3566 3777 ὁ
3589 3719 3774 3792 προορί-

579 3815 688 3862 tem
722 3806 1024 3863 admirandi
1054 3807 1306 3875 fuerant,
1344 3809 1660 3878 quibuscum
1692 3806 1868 3864 fcedus
1896 3807 2097 3864 inierat
2124 3850 2138 3872 ,

2247 3819 2344 3868 σας
2387 3807 2498 3868 τοῖς
2545 3807 2863 3872 ἀποστόλοις
2917 3812 3041 3875 τοὺς
3090 3812 3347 3884 θρόνους,
3412 3810 3773 3884 βασιλικώτατα

575 3904 634 3951 et
659 3896 855 3966 quibus
879 3897 1083 3968 primas
1106 3913 1173 3954 ex
1201 3907 1430 3968 utroque
1457 3898 1574 3970 ejus
1599 3898 1770 3955 latere
1794 3899 1951 3954 sedes
1979 3909 2139 3954 antea

2245 3900 2686 3971 προαγαγόμενος
2710 3903 2903 3966 αὐτοὺς
2928 3904 3022 3956 καὶ
3051 3905 3517 3976 ἐπαγγειλάμενος
3535 3921 3548 3933 ⁸
3573 3921 3592 3954 ι
3620 3899 3775 3970 Ὑμεῖς

579 3988 879 4057 promissas
908 3989 1074 4046 fuisse
1102 3991 1324 4046 omnino
1351 3990 1646 4047 verisimile
1671 3999 1789 4056 est,
1821 3991 1875 4046 in
1908 4005 2140 4061 quorum

2245 3990 2643 4063 καθεσθήσεσθε
2661 3995 2755 4048 ἐπὶ
2786 3994 2992 4049 δώδεκα
3021 3995 3246 4068 θρόνων,
3283 3997 3560 4068 κρίνοντες
3584 3993 3673 4054 τὰς
3695 3989 3777 4042 δώ*

578 4082 745 4137 etiam
775 4082 1002 4140 sinubus
1037 4082 1091 4138 bi
1113 4119 1131 4148 ,
1162 4083 1230 4138 de
1257 4082 1451 4152 quibus
1474 4091 1557 4137 est
1581 4095 1762 4138 sermo
1785 4121 1802 4148 ,
1835 4083 2134 4152 requieturi

2242 4080 2374 4134 δεκα
2414 4083 2584 4150 φυλὰς
2608 4083 2702 4137 τοῦ
2741 4085 2975 4157 Ἰσραήλ.
3002 4105 3020 4138 ι
3061 4087 3221 4160 Ὅρον
3250 4088 3384 4156 γοῦν
3417 4089 3512 4140 ἕνα
3541 4085 3634 4139 οὐκ
3657 4079 3776 4136 ἀντί-

575 4183 734 4230 erant
768 4173 929 4247 (28);
986 4174 1205 4246 insuper
1257 4189 1386 4230 vero
1432 4175 1598 4230 etiam
1643 4172 1880 4243 Moysem
1936 4174 2141 4230 contri-

2243 4170 2430 4225 λεκτον
2457 4173 2549 4226 τοῦ
2581 4175 2654 4246 μὴ
2685 4176 2895 4245 μεγάλα
2923 4177 3110 4248 αὐχεῖν
3137 4195 3263 4231 τινα
3298 4179 3397 4233 καὶ
3426 4177 3600 4246 ἑαυτῷ
3623 4172 3776 4227 ἀποδι-

575 4274 746 4322 stare.
776 4266 943 4339 424
967 4266 1415 4338 Qbandoquidem
1451 4267 1564 4337 ipse
1597 4275 1681 4321 est
1706 4280 1828 4322 cum
1859 4266 1935 4321 rei
1965 4281 1995 4320 a
2027 4281 2144 4322 mu-

2241 4265 2389 4319 δόναι
2412 4265 2580 4330 τιθεὶς
2607 4268 2804 4336 φάσκει
2823 4285 2836 4299 ο
2870 4287 2888 4320 ι
2921 4267 3046 4321 Ἐὰν
3070 4269 3182 4337 ἐγὼ
3208 4271 3473 4342 μαρτυρῶ
3497 4268 3619 4339 περὶ
3641 4268 3759 4335 ἐμαυ

576 4357 712 4414 liere
739 4360 952 4429 petitae,
985 4369 1097 4415 tum
1142 4362 1309 4417 totius
1343 4359 1535 4429 judicii
1580 4358 1873 4424 Dominus,
1916 4369 1974 4415 et
2027 4359 2141 4429 ipse

2243 4357 2358 4424 τοῦ,
2389 4361 2423 4430 ἡ
2459 4360 2731 4430 μαρτυρία
2763 4376 2862 4430 μου
2895 4361 3044 4414 οὐδέν
3073 4363 3219 4415 ἐστιν
3239 4379 3254 4394 ο
3288 4361 3408 4415 ἀλλ’
3437 4361 3582 4414 ἔστιν
3607 4361 3638 4410 6'
3662 4369 3776 4424 μαρο

577 4451 838 4523 apostolis
861 4454 1018 4510 sedes
1043 4455 1372 4525 praestituit,
1404 4465 1606 4522 eosque
1635 4459 1696 4506 ut
1722 4465 1934 4507 summo
1961 4450 2137 4518 impe-
2170 4452 2173 4505 1

2179 4451 2214 4506 D
2243 4452 2418 4522 τυρῶν
2448 4453 2574 4523 περὶ
2611 4451 2766 4522 ἐμοῦ,
2793 4472 2812 4505 ι
2869 4455 2898 4506 ὁ
2946 4454 3136 4523 λέγων,
3163 4456 3317 4525 φησι,
3345 4456 3534 4525 Πατήρ
3553 4469 3566 4481 ·
3600 4470 3616 4500 ο
3638 4443 3775 4506 Οὗτός

644 4562 758 4688 (ﬂ)
777 4563 1658 4631 Considerent.Codex,euv06xou;
1699 4579 1796 4634 pro
1813 4563 2135 4629 συνθώκους.
2246 4563 2610 4688 potissimum,
2635 4564 2875 4634 aliosque
2899 4563 3203 4632 hujusmodi
3230 4566 3570 4635 patriarchas
3600 4555 3776 4615 Veteris

647 4631 737 4688 (15
790 4633 913 4688 Non
941 4645 1038 4688 est.
1074 4635 1259 4688 Matth.
1290 4651 1381 4688 xx.
1401 4635 1493 4688 25.
2292 4643 2600 4687 estamentt.

736 5121 759 5472 ξ

641 5195 665 5473 Ξ

647 4631 758 4702 (15)
790 4633 913 4690 Non
941 4645 1038 4690 est.
1074 4635 1259 4691 Matth.
1290 4651 1381 4700 xx,
1401 4635 1493 4689 25.
1700 4631 1717 4634 ’
2246 4631 2600 4702 Testamenti.

646 4700 759 4778 (ιι)
785 4703 975 4778 ρεεωο
1013 4705 1214 4778 Codex.
1243 4709 1451 4778 γῆραςε
1472 4703 1631 4778 ἕλες-ρ,
1657 4703 1844 4776 γέρας-

2309 4701 2420 4772 (28)
2462 4700 2761 4778 Βεᾲιιίᾳιανξ
2789 4713 2958 4761 erant.
2982 4701 3040 4758 In
3089 4705 3211 4778 sinu
3241 4703 3534 4778 Abrahami
3583 4708 3775 4778 caetera-

674 4765 761 4842 17)
799 4774 922 4840 Ipse
945 4792 1085 4829 vero.
1119 4765 1275 4831 δοεηῖ
1300 4765 1376 4840 ἰΙ,
1399 4765 1515 4839 -24,
1546 4765 1680 4830 ’25.’
1807 4765 1817 4768 ⁷
2247 4765 2472 4842 rumque
2508 4765 2932 4842 patriarcharum
2984 4775 3324 4842 requieturos
3357 4774 3528 4828 fuisse
3557 4781 3664 4842 post
3687 4765 3779 4842 obi-

674 4789 761 4843 ιι)
799 4789 922 4840 Ipse
945 4792 1085 4829 vero.
1119 4789 1275 4831 Joan.
1316 4793 1376 4840 ιι,
1424 4789 1515 4839 24,
1563 4789 1656 4830 τε).
2247 4789 2361 4826 rum
2407 4789 2472 4826 ne
2508 4789 2932 4840 patriarcharum
2984 4789 3324 4842 requieturos
3357 4789 3528 4828 tuisse
3557 4789 3664 4839 pos;
3687 4789 3776 4820 υυι·

673 4843 760 4920 18)
789 4841 915 4899 Non
955 4845 1330 4920 credebqt_eis.
1382 4844 1568 4920 Graeca
1623 4858 1687 4898 ac
1720 4841 1909 4920 Latina
1968 4843 2135 4898 Biblia
2243 4789 2636 4920 tuinfiacobum
2685 4857 2748 4920 ac
2770 4833 3776 4920 JoannemagtDidymus.Sitnilitum]?

575 4905 776 4968 habent
807 4930 820 4967 :
857 4932 876 4965 ι
902 4929 1007 4968 non
1042 4915 1294 4970 credebat
1322 4915 1673 4980 semetipsum
1702 4914 1801 4968 eis.
1830 4931 1850 4964 ι
2245 4912 2298 4965 in
2329 4916 2670 4968 enarratione
2709 4913 2765 4982 iu
2805 4913 2972 4979 Epist.
3000 4912 3026 4966 1
3057 4913 3224 4980 Petr.,
3245 4905 3382 4982 'cap.
3413 4929 3427 4967 ι
3459 4914 3524 4966 ad
3560 4925 3693 4982 vers.
3724 4905 3772 4982 ll

650 4983 762 5054 (19)
797 4982 865 5036 ιιἹ
915 5000 1044 5052 opus
1091 4986 1141 5038 ei
1187 5001 1290 5038 non
1336 4994 1470 5054 erat.
1507 4977 1696 5054 Graeca
1748 4984 1914 5040 editio
1955 4987 2141 5041 eodem
2242 4997 2305 5036 ac
2331 4982 2398 5035 12
2436 4983 2652 5054 inquit:
2689 5000 2708 5033 σ
2734 4977 2933 5054 Omnes
2962 4985 3145 5051 utique
3177 4977 3267 5050 qui
3305 4977 3598 5054 secundum
3643 4977 3777 5054 Chri-

574 5048 930 5125 plaLpésqnsur
947 5048 968 5105 ἐ
993 5054 1086 5108 καὶ
1116 5054 1214 5125 ὅτι-
1231 5055 1294 5125 ού
1325 5053 1512 5125 χρείαν
1538 5048 1702 5125 εἶχεν.

2241 5063 2382 5125 stum
2418 5048 2705 5125 (liniuntur,
2743 5054 2795 5125 in
2835 5053 2949 5125 ejus
2997 5048 3582 5125 (itempe_Abraltattti)
3626 5049 3773 5125 sinum

646 5119 759 5192 (20)
795 5121 932 5192 (rati
971 5135 1156 5178 essent.
1196 5119 1384 5178 Matt'l't'.
1418 5139 1510 5187 xx,
1543 5119 1634 5176 ἓξ.
1690 5191 1695 5192 ί
2246 5122 2680 5192 proﬁciscuntur.
2705 5141 2724 5174 ι
2768 5123 2895 5177 Inde
2936 5119 3113 5176 tamen
3159 5119 3350 5176 inferri
3393 5119 3772 5192 nequitLipsum

664 5190 754 5259 21)
789 5191 1097 5246 Duodecim.
1119 5193 1423 5259 Legendum
1452 5193 1604 5254 δέκα,
1649 5191 1699 5244 id
1731 5200 1833 5258 est,
1867 5195 2132 5248 «decem»
2247 5192 2298 5244 in
2333 5207 2394 5244 ea
2421 5190 2585 5245 fuisse
2601 5193 2852 5259 Opinione
2883 5202 2940 5247 ut
2968 5202 3234 5256 censeret,
3259 5190 3491 5248 sanctos
3517 5191 3648 5244 nulla
3670 5199 3774 5259 pur:

664 5253 756 5330 22)
787 5261 856 5316 In
887 5263 1046 5316 vobis.
1077 5253 1264 5318 Matth.
1296 5280 1386 5328 xx,
1415 5262 1506 5330 26,
1561 5253 1650 5316 2’7.
1818 5253 1829 5258 ’
2247 5261 2459 5328 gatiOne
2489 5253 2786 5330 indigentes
2821 5263 3066 5316 intuitiva
3120 5277 3186 5316 ac
3217 5253 3458 5317 beneﬁca
3486 5260 3678 5314 visione
3693 5253 3774 5330 Dei

667 5325 758 5401 25)
794 5331 929 5386 Erit.
958 5331 1144 5401 Grazca
1173 5325 1549 5399 editio,'£e-cio,
1577 5334 1630 5387 id
1652 5338 1756 5401 est,
1798 5351 1816 5382 ‹
1843 5332 1973 5386 sit.»
2247 5325 2351 5401 non
2408 5330 2511 5384 frui
2561 5325 2685 5385 ante
2729 5343 3030 5386 extremum
3073 5332 3262 5401 judicii
3312 5334 3491 5396 diem;
3547 5331 3652 5382 sive
3692 5325 3774 5401 hat}

572 5467 586 5480 .
644 5396 758 5473 (9.4)
791 5396 1364 5480 [εφηϐτωοὲιςάὶιίος
1400 5415 1458 5458 ιιι
1485 5396 1666 5464 amca,
1697 5399 1854 5459 ἔστω,
1887 5404 2140 5475 Vulgatus
2246 5399 2586 5480 fruerentur_
2611 5402 2933 5480 patriarcha}
2990 5396 3114 5460 ante
3155 5403 3706 5480 Christiadventunt,
3730 5396 3777 5480 ξιξ

571 5468 839 5542 interpres
859 5470 1002 5542 legit_
1021 5482 1081 5526 ut
1107 5468 1380 5542 Didymus.
1985 5468 2012 5475 ⁷
2246 5472 2526 5526 contendit
2557 5468 2750 5526 doctus
2775 5474 2856 5527 vir
2904 5473 3144 5530 Joannes
3185 5473 3519 5535 Cadonicus,
3579 5468 3696 5542 sive.
3719 5473 3778 5542 93

641 5487 715 5526 ier
755 5487 839 5526 res
859 5487 985 5539 legit
1021 5487 1081 5526 ut
1107 5487 1380 5542 vtuymus.
2246 5487 2526 5526 contendit
2557 5487 2750 5526 uoctus
2775 5489 2856 5527 νιν
2904 5487 3144 5530 Joannes
3185 5487 3519 5535 uauontcus,
3579 5487 3680 5523 sive
3725 5487 3777 5514 ua

665 5487 754 5610 ὦ
785 5542 938 5609 Apud
970 5539 1188 5596 Lucam.
1214 5542 1343 5611 Cap.
1376 5560 1487 5608 xlv,
1514 5559 1656 5600 vers.
1683 5546 1736 5600 7.
2240 5556 2350 5594 non
2386 5542 2708 5597 fruerentur.
2727 5542 2888 5616 Lege,
2911 5546 3165 5614 .siplacet,
3190 5558 3308 5613 quae
3327 5546 3396 5597 de
3415 5534 3697 5611 hujusmodi
3717 5532 3777 5582 lo-

641 5541 754 5680 (26)
785 5611 1078 5668 Collocare.
1124 5611 1326 5678 Codex,
1373 5614 1598 5680 μεταξύ.
1645 5616 1789 5680 Lego
1835 5614 2016 5680 τάξαι,
2047 5623 2139 5670 aut
2239 5614 2454 5667 cutione
2494 5615 2680 5668 scribit
2721 5614 3046 5670 Muratorius
3073 5615 3124 5668 in
3157 5615 3293 5669 libro
3325 5614 3407 5668 De
3446 5607 3696 5680 paradiso,
3723 5612 3775 5680 ξε

665 5607 770 5686 26)
785 5607 1087 5686 collocare.
1115 5607 1326 5686 Codex,
1373 5614 1598 5684 μεταξύ.
1645 5616 1789 5686 Lego
1835 5614 2016 5681 τάξαι,
2047 5623 2139 5670 aut
2239 5614 2454 5686 cutione
2494 5615 2680 5668 scribit
2721 5607 3046 5670 Mu'ra'tori'us
3073 5615 3124 5668 in
3152 5607 3293 5669 libro
3325 5614 3407 5686 De
3446 5607 3696 5686 paradiso.
3723 5612 3775 5686 ξς)

573 5678 852 5759 συντάξαι,
879 5692 974 5737 aut
999 5683 1128 5759 quid
1161 5678 1386 5738 εἰηιὶιο.’
1652 5756 1665 5759 _
1723 5678 1750 5686 ν
1917 5678 1930 5681 ⁷

2239 5681 2538 5759 ρδιιοτίιιὶί,
2585 5699 2704 5757 cap.
2751 5687 2834 5759 10,
2861 5686 3266 5743 Dissertationis
3295 5701 3337 5740 ιι
3385 5678 3527 5742 ἰιιὸ.
3569 5678 3772 5737 Zetmtlis

643 5751 754 5822 (27)
789 5751 976 5812 Patres
1016 5751 1186 5811 etiam
1231 5763 1453 5816 nostros.
1513 5755 1894 5830 Abrahamum_
1922 5753 2128 5813 scilicet
2238 5752 2432 5822 Opera.
