4042 6404
304 322 405 379 949

1354 326 1443 381 DE
1482 326 1856 383 TRINITATE
1890 320 2093 385 LIBER
2128 330 2452 390 TERTIUS».

3395 327 3527 392 '950

298 442 445 492 ἔστιν
475 438 504 489 ὁ
533 434 660 499 Υἱός
692 450 811 505 μου.
840 452 858 487 ι
888 434 1010 487 Ὅτι
1038 434 1082 488 δ’
1106 434 1278 499 οὕτως
1300 436 1389 490 διὰ
1412 438 1477 508 μί
1486 457 1578 509 νην
1606 439 1705 509 τὴν
1732 456 1860 510 προ-

1971 444 2050 495 rio
2097 444 2354 512 praeditus
2390 436 2663 511 provexit,
2710 452 2872 511 atque
2915 440 3032 498 haec
3083 442 3212 513 ipsis
3258 443 3527 513 pollicitus

297 527 579 598 λεχθεῖσαν
613 525 790 580 αἰτίαν
830 526 1103 597 εἰρῆσθαι,
1147 527 1307 590 αὐτὸς
1349 529 1510 581 πάλιν
1554 529 1862 594 πιστοῦται,

296 621 517 687 φάσκων
536 636 549 650 ·
592 638 609 671 t
632 619 751 672 Κᾶν
784 619 892 687 ἐγὼ
936 619 1196 692 μαρτυρῶ
1225 620 1351 691 περὶ
1379 621 1636 691 ἐμαυτοῦ,
1667 623 1699 692 ή
1733 639 1866 693 μαρ-

294 709 457 780 τυρία
512 727 613 779 μου
659 705 864 780 ἀληθής
914 710 1123 761 ἐστιν’»
1168 711 1258 762 καὶ
1301 710 1494 762 πάλιν·
1559 712 1745 764 «ao-zu
1795 710 1865 763 τὰ

294 802 432 873 ἔργα
479 806 746 874 μαρτυρεῖ
791 804 919 874 περὶ
967 802 1127 874 ἐμοῦ,
1175 803 1268 856 καὶ
1311 803 1552 874 Μωῦσῆς
1599 806 1866 876 μαρτυρεῖ

291 896 420 965 περὶ
448 894 603 966 ἐμοῦ.
618 913 636 946 ι

1958 541 2083 586 est:
2116 551 2133 584 ι
2166 530 2271 587 Vos
2304 531 2557 587 sedebitis
2588 531 2699 601 (29)
2732 532 2784 585 in
2818 532 3100 587 duodecim
3124 533 3363 601 sedibus,
3385 534 3527 601 judi-

1960 632 2145 678 cantes
2179 622 2459 677 duodecim
2493 622 2664 676 tribus
2706 621 2889 676 Israel.
2925 642 2943 676 ι
2976 621 3149 678 Unam
3194 639 3325 694 ergo
3366 639 3528 691 regu-

1960 713 2063 767 lam
2091 722 2355 779 statuens,
2383 728 2609 784 eamque
2633 713 2987 768 indubitatam
3006 757 3021 781 ,
3049 726 3107 769 ut
3130 730 3290 769 nemo
3314 716 3528 770 scilicet

1962 821 2081 859 sese
2150 805 2343 859 eﬂ‘erat
2407 805 2714 873 jactetque,
2764 821 2866 861 nec
2918 808 3236 877 sibimetipsi
3266 848 3281 873 ,
3338 807 3430 861 sed
3474 804 3525 861 ei

1962 893 2099 948 bona
2122 895 2301 948 omnia
2333 896 2630 959 attribuat,
2683 895 2853 965 inquit
2883 914 2896 951 :
2931 915 2949 949 ι
2981 897 3037 953 Si
3071 913 3171 968 ego
3212 898 3323 969 (50)
3374 898 3527 952 testi-

296 988 536 1042 monium
579 988 838 1058 perhibeo
870 987 935 1042 de
963 1002 1048 1042 me
1075 987 1227 1057 ipso,
1262 987 1627 1042 testimonium
1670 1001 1845 1041 meum
1888 987 2020 1042 nihil
2050 999 2132 1043 est
2160 990 2276 1059 (51)
2311 1008 2325 1044 :
2359 991 2453 1044 sed
2483 1000 2567 1043 est
2630 992 2723 1061 qui
2787 993 3147 1047 teStimonium
3175 994 3423 1062 perhibet
3459 991 3527 1046 de

296 1095 424 1135 me:
461 1100 481 1134 ι
514 1096 704 1151 nempe
752 1080 913 1136 Pater
954 1081 1045 1149 qui
1092 1085 1207 1135 ait:
1244 1101 1261 1133 ι
1295 1078 1393 1135 Ηίε
1458 1092 1539 1135 est
1580 1080 1693 1149 (52)
1726 1080 1894 1136 Filius
1932 1097 2102 1137 meus.
2129 1101 2148 1133 ι
2208 1083 2362 1149 Quod
2411 1094 2588 1137 autem
2645 1086 2905 1139 duntaxat
2951 1095 3171 1155 propter
3213 1088 3524 1155 praedictam

296 1189 512 1229 causam
541 1174 655 1230 hac
683 1175 880 1229 dixerit
903 1174 1015 1245 (55)
1038 1215 1053 1240 ,
1089 1176 1316 1245 ipsemet
1348 1192 1535 1230 rursus
1566 1178 1851 1230 contirtnat
1886 1177 2131 1245 inquiens
2158 1193 2171 1230 :
2206 1195 2224 1228 ι
2254 1177 2319 1231 Ει
2349 1179 2392 1232 si
2422 1196 2522 1250 ego
2552 1179 2663 1251 (54)
2732 1180 3097 1234 testimonium
3166 1178 3425 1247 perhibeo
3457 1180 3527 1235 de

292 1286 383 1326 me
450 1271 607 1340 ipso,
677 1271 1065 1331 testimonium.
1106 1287 1281 1326 meum
1356 1288 1540 1326 verum
1581 1284 1683 1327 est.
1715 1291 1733 1322 ι
1761 1272 1828 1327 Ει
1873 1288 2099 1329 rursus:
2131 1291 2150 1325 ι
2181 1272 2296 1344 Ipsa
2345 1276 2457 1347 (55)
2511 1292 2673 1348 Opera
2724 1275 3087 1331 testimonium
3134 1275 3417 1346 perhibent
3459 1279 3525 1333 de

292 1381 413 1433 me,
439 1375 493 1419 et
519 1365 691 1421 Moses
720 1366 832 1438 (56)
866 1366 1230 1421 testimonium
1263 1367 1509 1436 perhibet
1538 1368 1602 1421 de
1633 1383 1736 1421 me.
1766 1386 1784 1419 ι

927 1457 1079 1509 ΚΕΦ.
1126 1459 1202 1509 A'.

360 1546 614 1601 Τοιοῦτον
658 1546 767 1621 ἔχει
818 1548 991 1617 νόημα
1024 1548 1117 1600 καὶ
1159 1547 1218 1600 τὸ
1260 1548 1318 1600 ἐν
1358 1546 1437 1617 τῷ
1478 1548 1659 1618 Λουκᾷ
1705 1548 1856 1617 παρὰ

287 1638 385 1691 τοῦ
434 1640 684 1710 Σωτῆρος
725 1640 1041 1710 εἰρημένον·
1098 1642 1343 1711 «Πάτερ,
1394 1640 1473 1703 είς
1524 1640 1712 1709 χεῖράς
1761 1656 1854 1692 σου

288 1728 677 1800 παραθήσομαι
704 1730 763 1783 τὸ
798 1730 1013 1800 πνεῦμά
1041 1749 1193 1801 μου.»
1213 1730 1313 1783 Διὰ
1336 1730 1429 1784 τοῦ
1460 1730 1663 1783 οίκείου
1694 1747 1859 1801 προσ-

289 1820 439 1874 ώπου
481 1821 579 1892 τὴν
626 1823 704 1884 είς
754 1821 913 1875 αὐτὸν
956 1824 1022 1892 τῇ
1058 1822 1240 1876 πίστει
1283 1818 1720 1892 ζωοποιουμένην
1756 1822 1852 1874 άν-

288 1911 611 1983 θρωπότητα
635 1914 1009 1983 παρατίθεται,
1041 1914 1227 1984 ἥντινα
1254 1913 1391 1984 μέλη
1430 1913 1593 1967 αὐτοῦ
1625 1912 1851 1966 καλέσαι

287 2005 655 2076 κατηξίωσεν·
696 2005 728 2076 ἢ
783 2006 922 2075 τάχα
972 2006 1211 2060 διδάσκει
1254 2007 1483 2069 πάντας,
1538 2003 1698 2058 τοῦτο
1754 2005 1854 2075 μὲν

287 2095 511 2160 ειδέναι,
538 2096 613 2160 ὡς
647 2098 921 2169 ἐπλανήθη
953 2099 1047 2151 καὶ
1075 2099 1131 2150 ὲν
1162 2098 1336 2170 τούτῳ
1380 2099 1615 2169 Ἀρειος,
1650 2098 1855 2166 ἄψυχον

286 2188 451 2241 αὑτὸν
495 2190 553 2241 ὲν
597 2193 662 2261 τῇ
708 2191 985 2261 οἰκονομίᾳ
1025 2190 1260 2261 οἰηθείς·
1300 2188 1457 2243 τοῦτο
1506 2190 1587 2255 δὲ,
1634 2191 1693 2242 ὲν
1733 2191 1854 2252 ταῖς

286 2274 548 2347 ὑστέραις
630 2279 927 2342 ἀναπνοαῖς
996 2280 1457 2350 προσευχομένους
1508 2282 1575 2349 τῇ
1625 2278 1750 2350 [207
1797 2277 1851 2349 a]

286 2364 426 2437 αὐτῇ
470 2367 765 2437 κεχρῆσθαι
802 2370 973 2439 φωνῇ,
1026 2368 1381 2439 εὐγνωμόνως
1426 2369 1849 2439 ὁμολογοῦντας,

286 2455 361 2519 ὡς
390 2457 543 2527 παρὰ
585 2457 677 2510 τοῦ
721 2459 854 2512 Θεοῦ
897 2459 1052 2531 ἡμῶν
1083 2459 1190 2512 τῶν
1228 2458 1529 2531 ἀνθρώπων
1558 2462 1590 2531 ἡ
1623 2459 1854 2530 ὓπαρξίς

287 2550 458 2612 ἐστιν,
486 2549 578 2601 κα)⁴
601 2550 681 2612 εἰς
703 2550 862 2604 αὐτὸν
892 2550 1050 2605 πάλιν
1076 2552 1108 2621 ἡ
1135 2550 1409 2616 ἀνάλυσις.
1434 2552 1614 2622 Νόμος
1657 2546 1748 2605 οὖν
1784 2546 1852 2622 ἦν

286 2638 349 2690 τὸ
374 2637 679 2710 γινόμενον.

913 2820 1069 2874 ΚΕΦ.
1102 2818 1227 2874 AA'.

360 2912 439 2967 υῦ
495 2911 659 2985 μέχρι
696 2910 753 2965 δὲ
794 2910 887 2964 τοῦ
925 2911 1280 2980 Μονογενοῦς,
1316 2910 1452 2965 ἀλλὰ
1482 2911 1574 2965 καὶ
1615 2911 1719 2975 ἕως
1765 2911 1858 2965 τοῦ

286 3006 450 3072 ἁγίου
481 3004 793 3075 Πνεύματος
819 3003 1182 3057 ὲπεκτείνουσι
1207 3003 1268 3055 τὸ
1295 3002 1568 3076 αἱρετικὸν
1604 3001 1864 3072 δυσσέϐη-

290 3116 390 3168 μα.
432 3097 543 3151 Καὶ
579 3097 686 3169 γὰρ
723 3097 783 3151 οὑ
826 3096 959 3167 μόνῃ
1004 3098 1069 3167 τῇ
1102 3095 1435 3167 προκειμένῃ
1471 3094 1567 3147 τοῦ
1613 3095 1864 3165 Σωτῆρος

2556 1452 2707 1507 CAP.
2762 1451 2928 1507 XXX.

2031 1545 2231 1600 Eodem
2262 1544 2423 1599 modo
2468 1543 2867 1613 intelligendum
2913 1551 2995 1597 est
3034 1542 3171 1610 quod
3221 1542 3272 1595 in
3315 1541 3458 1596 Luca
3496 1557 3525 1594 a

1964 1631 2242 1688 Salvatore
2270 1633 2471 1687 dictum
2504 1630 2604 1683 fuit
2631 1648 2644 1684 :
2680 1649 2698 1681 ι
2730 1630 2891 1686 Pater
2921 1631 3070 1703 (57),
3104 1633 3155 1685 in
3188 1645 3378 1686 manus
3407 1641 3526 1684 tuas

1963 1727 2167 1779 tradam
2219 1724 2468 1793 spiritum
2512 1738 2712 1777 meum.
2745 1742 2763 1773 ι
2791 1721 3057 1776 Nimirum
3104 1738 3200 1792 per
3249 1724 3523 1792 prOpriam

1962 1831 2247 1886 personam
2290 1816 2455 1869 tradit
2495 1814 2917 1876 humanitatem,
2959 1830 3078 1885 quae
3121 1830 3220 1885 per
3260 1815 3416 1870 [idem
3470 1817 3522 1869 iu

1962 1907 2134 1975 ipsum
2201 1906 2459 1960 riviﬂcata
2510 1915 2622 1967 est,
2671 1920 2942 1974 quamque
2984 1906 3223 1959 membra
3274 1906 3388 1974 (38)
3426 1920 3521 1959 sua

1960 2012 2155 2054 vocare
2202 1998 2450 2066 dignatus
2490 2008 2595 2053 est.
2646 1998 2751 2049 Aut
2786 1996 3016 2050 fortasse
3048 2010 3237 2050 omnes
3278 1996 3527 2051 homines

1963 2089 2153 2151 docet,
2179 2087 2304 2140 dum
2339 2088 2410 2139 ita
2447 2087 2706 2155 loquitur,
2735 2097 2794 2139 ιιι
2828 2085 3055 2154 prinntm
3084 2076 3306 2154 quidem.
3342 2085 3527 2139 norint

1960 2191 2173 2231 errasse
2203 2177 2303 2230 hac
2332 2178 2493 2231 etiam
2532 2177 2584 2229 iu
2623 2191 2678 2229 re
2718 2176 2904 2229 Arium
2929 2216 2945 2241 ,
2981 2175 3071 2244 qui
3102 2189 3224 2228 eum
3262 2175 3314 2227 in
3347 2174 3527 2227 lucar-

1962 2268 2179 2321 natione
2222 2267 2573 2321 inanimatum
2620 2267 2788 2321 fuisse
2829 2267 3075 2336 putavit;
3123 2266 3317 2322 deinde
3364 2280 3526 2331 vero,

1962 2368 2020 2412 ut
2059 2359 2110 2413 in
2142 2358 2344 2412 ultimis
2377 2358 2824 2429 respirationibus
2854 2358 3042 2410 eadem
3090 2365 3373 2410 uterentur
3414 2356 3527 2411 for—

1961 2448 2101 2502 mula
2135 2447 2248 2517 (59)
2277 2458 2517 2513 orantes,
2550 2458 2601 2501 et
2636 2457 2788 2517 grato
2813 2448 2994 2502 animo
3025 2447 3152 2500 illud
3185 2448 3525 2513 confitentes,

1960 2541 2100 2611 quod
2134 2549 2316 2595 nostra
2365 2539 2638 2593 hominum
2686 2539 3003 2599 exsistentia
3037 2555 3067 2593 a
3106 2539 3214 2593 Deo
3238 2549 3353 2605 est,
3384 2539 3522 2593 etin

1959 2632 2077 2702 ipso
2102 2646 2290 2687 rursus
2322 2642 2506 2687 nostra
2532 2632 2637 2686 erit
2661 2629 2917 2686 resolutio
2948 2630 3081 2699 (40).
3111 2629 3224 2685 Lex
3250 2644 3378 2700 ergo
3408 2639 3528 2686 erat

1958 2727 2098 2796 quod
2128 2735 2254 2781 tunc
2285 2725 2467 2781 (iebat.

2440 2815 2605 2888 425
2640 2816 2791 2873 CAP.
2834 2814 3026 2872 XXXI.

2027 2912 2215 2982 Neque
2250 2927 2380 2967 vero
2402 2912 2516 2967 suis
2550 2913 2601 2965 in
2641 2912 2989 2980 Uuigenitum
3016 2910 3365 2981 blasphemiis
3392 2924 3524 2964 cono

1960 3007 2091 3061 tenti
2126 3014 2275 3068 sunt,
2307 3004 2400 3059 sed
2430 3005 2485 3058 in
2524 3002 2787 3073 Spiritum
2841 3015 3090 3059 sanctum
3115 3016 3330 3072 quoque
3354 3001 3527 3055 fertur

1961 3095 2212 3152 haeretica
2245 3095 2493 3165 impietas
2523 3114 2535 3147 :
2565 3110 2686 3149 nam
2730 3111 2835 3150 non
2863 3096 3037 3151 solum
3069 3077 3368 3149 salvatoris
3406 3107 3530 3145 ver-

288 3192 467 3260 φωνῇ.
516 3192 604 3260 τῇ·
640 3209 657 3241 ι
695 3188 832 3257 Ἐγὼ
875 3191 966 3257 ἀφ’
997 3188 1188 3242 ἑαυτοῦ
1233 3189 1332 3241 οὐκ
1377 3188 1647 3258 ἐλάλησα·
1687 3206 1705 3238 ι
1743 3188 1859 3251 καὶ,

1965 3188 2049 3242 bis
2074 3188 2183 3257 jam
2215 3186 2391 3241 allatis
2427 3202 2442 3240 :
2499 3204 2517 3237 ι
2550 3186 2660 3256 Ego
2689 3201 2720 3239 a
2749 3202 2833 3242 me
2868 3188 2986 3256 ipso
3031 3186 3144 3257 (41)
3188 3186 3396 3241 locutus
3424 3200 3528 3238 non

294 3301 314 3332 σ
347 3282 423 3334 τὸ
454 3281 605 3349 ἅγιον
642 3280 861 3351 Πνεῦμα
901 3282 991 3349 ἀφ’
1026 3279 1215 3333 ἑαυτοῦ
1241 3280 1298 3332 οὐ
1328 3278 1578 3349 λαλήσει·
1612 3298 1631 3330 ι
1666 3278 1761 3331 καὶ
1789 3281 1853 3349 τῇ

292 3372 533 3434 Παύλου,
560 3374 626 3443 τῇ
648 3371 875 3443 ἐχούσῃ·
911 3391 928 3422 ι
965 3372 1125 3440 Μὸνῳ
1158 3369 1304 3439 σοφῷ
1335 3369 1485 3441 Θεῷ·
1533 3388 1552 3421 ι
1586 3369 1665 3422 ἔτι
1684 3368 1740 3422 δὲ
1763 3370 1859 3422 καὶ

294 3470 412 3529 ταῖς
444 3465 629 3527 ἄλλαις
659 3467 778 3527 ταῖς
809 3464 1134 3535 φερομέναις
1165 3463 1223 3514 ὲν
1262 3460 1339 3531 τῷ
1380 3460 1516 3529 Περὶ
1559 3460 1665 3515 τοῦ
1688 3461 1861 3529 ἁγίου

298 3554 640 3621 Πνεύματος
668 3551 826 3623 λόγῳ,
871 3551 1156 3613 ἀθετικῶς,
1197 3552 1275 3613 είς
1323 3548 1384 3601 τὸ
1416 3550 1729 3620 σμικρύνειν
1763 3549 1861 3620 τὴν

296 3643 702 3716 άπειρομεγέθη
734 3644 827 3697 καὶ
870 3643 1071 3714 σεπτὴν
1113 3640 1277 3695 αὐτοῦ
1313 3640 1493 3707 φύσιν,
1528 3640 1859 3711 κέχρηνται·

294 3738 429 3791 ἀλλὰ
454 3737 549 3789 καὶ
574 3738 641 3806 τῇ
669 3734 969 3807 προφητείᾳ
1015 3734 1215 3805 Ἀμὼς,
1254 3732 1451 3785 ὡσανεὶ
1479 3731 1860 3806 παραδηλούσῃ

365 3912 481 3981 (29)
518 3909 622 3965 Vos
664 3912 926 3966 sedebitis.
961 3912 1146 3965 Matth.
1190 3927 1302 3973 ux,
1346 3909 1437 3965 28.
1475 3909 1660 3981 Graeca
1692 3910 1856 3981 editio

294 3998 362 4037 eo
385 3986 487 4034 lem
524 3996 679 4035 sensu
708 4000 719 4034 :
744 3982 1045 4035 Καθίσεσοε
1077 3982 1170 4034 καὶ
1203 3982 1360 4050 ὑμεῖς
1391 3981 1482 4033 ἐπὶ
1507 3980 1712 4034 δώδεκα
1735 3980 1857 4051 Θρό-

296 4071 441 4115 νους.
480 4062 527 4105 ει
562 4052 759 4119 reliqna
790 4063 846 4105 ut
875 4054 981 4105 hic.

391 4122 485 4185 50)
519 4119 577 4182 Si
606 4120 898 4188 ego.'Joan.
934 4138 982 4183 ν,
1013 4121 1103 4183 51,
1142 4121 1227 4174 52.

394 4192 484 4257 Si)
521 4188 668 4261 Nihil
718 4202 815 4245 est.
857 4192 1041 4247 (ΣΙ-και
1077 4192 1279 4245 editio:
1313 4191 1412 4243 οὐκ
1447 4188 1592 4243 ἔστιν
1624 4190 1865 4261 ἀληθής·

296 4260 459 4324 ἄλλος
486 4260 650 4323 ἐστίν,
685 4271 789 4315 etc.

372 4330 489 4399 (52)
522 4328 618 4399 Hic
639 4342 733 4383 est.
762 4330 945 4385 Matth.
973 4347 1055 4396 ιιι,
1094 4330 1177 4384 17.

371 4398 742 4474 (53)_Dixerit.
796 4404 975 4456 Codex
1006 4440 1021 4463 ,
1090 4399 1359 4471 εἰρῆσθαι.
1415 4399 1636 4457 Videtur
1682 4406 1861 4474 legen-

295 4474 366 4525 tlu
378 4489 427 4521 ut
458 4470 690 4539 εἴρηται.

375 4540 491 4610 (54)
513 4537 589 4610 ᾘι
626 4541 671 4591 si
706 4556 817 4610 ego.
851 4537 1004 4593 Joan.
1044 4555 1158 4608 vui,
1185 4540 1271 4595 14.

526 4607 669 4672 Ipsa.
708 4607 859 4662 J03".
897 4624 947 4671 v,
973 4610 1060 4663 56.

373 4680 505 4751 (56)
526 4679 585 4731 Et
608 4678 775 4732 Moses
809 4689 1003 4751 test._p.
1032 4683 1093 4733 de
1122 4696 1218 4733 me.
1249 4678 1361 4733 Non
1401 4681 1650 4749 leguntur
1674 4683 1783 4736 haec
1816 4683 1866 4735 in

301 4748 474 4805 citato
496 4750 633 4804 loco.
668 4750 902 4819 ltespicit
930 4748 1158 4804 fortaSse
1182 4766 1324 4805 vers.
1357 4752 1425 4805 59
1452 4748 1690 4818 ejusdem
1721 4754 1865 4821 capi-

300 4833 391 4877 tis.

374 4889 490 4962 (57)
527 4888 704 4962 Pater.
731 4888 856 4962 Luc.
878 4903 1044 4962 AXXIII.
1080 4888 1168 4962 46,

374 4957 491 5026 (38)
535 4958 785 5012 Membra.
820 4957 837 5012 l
867 4959 991 5011 Cor.
1024 4975 1099 5023 vt,
1140 4959 1225 5013 15.

378 5030 497 5101 (59)
543 5028 830 5101 Ισότηιιιιςι(
863 5028 1183 5101 Christianis
1237 5044 1295 5081 ea
1349 5044 1562 5101 quoque
1604 5040 1760 5085 mtate
1817 5032 1867 5083 iu

303 5097 463 5155 more
499 5098 728 5168 positum
761 5097 927 5168 fuisse
962 5099 1184 5164 indicat,
1207 5107 1267 5153 ut
1297 5097 1541 5153 morituri
1585 5103 1747 5155 verba
1780 5103 1867 5155 illa

303 5166 725 5241 pronuntiarent
754 5186 766 5220 :
802 5166 901 5241 t_ln
937 5178 1303 5241 manus__tuas,
1350 5170 1588 5233 Domine,
1618 5191 1635 5222 ι
1669 5181 1722 5226 ει
1747 5172 1873 5226 relic

306 5237 443 5310 'qua.
483 5240 561 5310 Ac
598 5252 785 5310 revera
814 5237 1106 5310 Gregorius
1127 5237 1501 5310 Nazianzenus
1524 5242 1769 5295 oratione
1802 5258 1871 5296 xx

305 5307 376 5364 de
401 5309 597 5363 Basilio
647 5308 759 5378 hac
797 5307 1031 5362 scribit:
1067 5327 1085 5360 (
1109 5308 1281 5377 Atque
1327 5309 1439 5377 ipse
1471 5320 1587 5378 post
1629 5320 1871 5365 extrema

308 5383 430 5434 haec
464 5380 647 5441 verba,
706 5376 773 5430 In
820 5394 1003 5431 manus
1074 5387 1192 5431 tuas
1270 5376 1569 5432 continendo
1625 5382 1868 5447 spiritum

308 5466 509 5512 meum,
560 5449 700 5503 inter
746 5447 961 5517 angelos
991 5464 1022 5502 a
1062 5448 1255 5517 quibus
1310 5449 1699 5517 abducebatur,
1750 5455 1869 5505 ani-

310 5534 457 5573 ntam
487 5519 774 5573 exhalavit.
803 5536 821 5568 ι

380 5588 492 5658 (40)
520 5586 811 5660 Resolulio.
829 5586 1013 5643 Grazce
1039 5606 1051 5641 :
1076 5586 1169 5660 καὶ
1206 5588 1284 5650 εἰς
1309 5586 1468 5640 αὑτὸν
1497 5587 1655 5641 πάλιν
1690 5590 1872 5660 ήὰνά-

309 5654 489 5721 λυσιςζ
542 5660 670 5724 Quae
717 5658 816 5712 nisi
854 5662 918 5712 ab
965 5673 1029 5713 eo
1065 5659 1395 5719 dicerentur,
1429 5660 1580 5725 cuius
1614 5654 1743 5712 lide's
1774 5660 1870 5715 hac

318 5730 370 5781 in
407 5744 463 5782 re
484 5740 730 5797 suspecta
759 5738 995 5793 nonest,
1030 5727 1410 5783 exsecrabilem
1447 5728 1594 5781 illmu
1642 5730 1870 5796 pantlie-

318 5798 516 5855 ismum
552 5798 791 5857 redolere
819 5799 1143 5865 viderentur,
1168 5813 1324 5866 quem
1373 5798 1588 5855 infamis
1632 5799 1866 5867 philoso-

1961 3292 2076 3332 sum
2109 3294 2124 3342 ;
2156 3296 2175 3329 ι
2203 3286 2287 3332 et:
2323 3296 2340 3327 ι
2383 3276 2618 3346 Spiritus
2667 3277 2780 3347 (42)
2836 3288 3057 3331 sanctus
3107 3291 3135 3328 a
3198 3275 3377 3344 seipso
3424 3289 3529 3329 non

1965 3369 2252 3438 loquetur;
2288 3387 2307 3420 ι
2350 3376 2405 3421 ει
2435 3367 2583 3422 Pauli
2634 3367 2904 3437 capitulo:
2949 3388 2967 3417 ‹
3005 3367 3115 3422 Soli
3147 3367 3262 3437 (45)
3292 3366 3527 3435 sapienti

1966 3459 2105 3523 Deo;
2140 3477 2157 3508 ι
2199 3472 2263 3511 ac
2316 3458 2535 3525 insuper
2569 3456 2690 3511 aliis
2748 3457 2912 3511 etiam
2969 3456 3228 3521 oraculis,
3253 3470 3372 3525 quae
3402 3455 3531 3510 olfe-

1963 3560 2155 3603 runtur
2207 3549 2258 3602 in
2308 3549 2450 3619 λόγῳ
2478 3549 2553 3602 De
2592 3546 2792 3616 Spiritu
2825 3558 3006 3602 sancto
3057 3547 3206 3617 (44),
3244 3560 3527 3615 perperam

1962 3642 2029 3695 ad
2060 3640 2467 3709 deprimendam
2531 3639 2674 3695 illius
2721 3638 2985 3694 inﬁnitam
3054 3649 3109 3693 et
3169 3639 3527 3693 venerandam

1964 3744 2213 3787 naturam
2236 3732 2316 3786 usi
2338 3739 2499 3786 sunt:
2532 3744 2719 3787 verum
2740 3731 2902 3786 etiam
2935 3731 3206 3802 prophetre
3237 3732 3402 3786 Amos
3415 3729 3529 3801 (45)

1963 3912 2100 3980 phus
2128 3910 2357 3981 Spinosa
2386 3911 2452 3965 ab
2486 3909 2675 3965 inferis
2708 3910 2987 3966 excitavit.
3020 3910 3087 3964 At
3124 3911 3400 3981 theologus
3434 3928 3533 3969 no-

1961 3990 2072 4035 ster
2103 3996 2206 4034 non
2251 3980 2411 4035 hasce
2459 3982 2853 4047 ineptientium,
2892 3990 2985 4035 aut
3030 3982 3207 4049 potius
3257 3980 3532 4039 insanien-

1976 4051 2106 4105 tium
2162 4066 2327 4118 nugas
2380 4050 2687 4117 spectabat;
2717 4052 2807 4107 sed
2849 4051 3275 4106 «resolutionis»
3314 4055 3531 4109 nomine

1974 4120 2108 4190 nihil
2126 4120 2271 4190 aliud
2294 4120 2559 4189 intelligit,
2576 4136 2735 4190 quam
2759 4122 2897 4187 quod
2922 4120 3195 4177 Paulus-in
3214 4121 3379 4190 Epist.
3402 4122 3445 4175 Il
3460 4125 3529 4178 ad

1974 4188 2112 4243 Tim.
2148 4206 2218 4255 ιν,
2238 4188 2289 4254 6,
2320 4191 2559 4259 nihilque
2592 4188 2735 4244 aliud
2770 4191 3003 4260 volebat,
3033 4207 3195 4259 quam
3227 4188 3371 4260 quod
3397 4193 3531 4248 divi-

1973 4275 2073 4332 nus
2109 4260 2211 4332 ille
2252 4261 2496 4332 scriptori
2525 4261 2618 4330 qui
2673 4262 2749 4317 ait
2781 4277 2793 4312 :
2833 4259 2934 4315 «Et
2960 4262 3192 4332 Spiritus
3227 4263 3414 4318 redeat
3460 4266 3528 4319 ad

1973 4329 2254 4400 Dominum
2283 4333 2374 4400 qui
2405 4329 2730 4400 fecit’illutu.
2752 4352 2769 4383 ι

2041 4398 2178 4479 (41)-
2198 4398 2364 4479 βθοα
2402 4400 2640 4479 nte-ipso.
2676 4399 2831 4479 loan.
2883 4401 3113 4479 xttL69._
3140 4401 3326 4479 Graeca
3364 4402 3531 4479 editio

1895 4494 1937 4548 ι)
1971 4467 2222 4552 habet'éi
2269 4467 2538 4552 factum").
2584 4470 2763 4552 C_odex
2798 4488 2927 4529 vero
2966 4470 3380 4552 Passioneianus
3406 4471 3527 4552 ita-nc

1966 4541 2056 4606 ἀφ’
2105 4539 2332 4592 ἑαυτοῦ·
2370 4541 2511 4603 quod
2553 4541 2811 4595 soloecum
2851 4553 2953 4597 est.
2999 4539 3104 4597 Sed
3148 4542 3350 4595 librarii
3388 4543 3533 4595 osci-

1970 4610 2148 4663 tantis:
2180 4610 2537 4679 tribuendum
2595 4620 2678 4663 est
2742 4622 2978 4665 erratmn
3018 4628 3031 4663 :
3070 4610 3326 4679 Didymus
3384 4613 3528 4666 enim

1967 4693 2134 4751 segm.
2166 4678 2234 4751 4f}
2265 4680 2316 4751 ti,
2342 4688 2395 4733 et
2430 4679 2530 4751 l8}
2555 4697 2585 4733 a
2612 4680 2829 4734 dictavit
2860 4683 2953 4735 ἀπ’
2982 4678 3239 4751 ἐμαυτοῦ.

2037 4747 2147 4818 (42)
2188 4747 2431 4814 Spiritus.
2475 4747 2631 4803 Joan.
2664 4766 2772 4813 xw,
2815 4752 2899 4804 15.

2038 4819 2150 4889 (45)
2188 4818 2319 4873 Soli.
2362 4818 2519 4873 Rom.
2564 4834 2675 4883 xvt,
2730 4820 2797 4873 27
2863 4833 2917 4873 et
2972 4818 3153 4874 lTitn.
3180 4836 3220 4883 ι,
3256 4821 3341 4873 l7.
3370 4818 3530 4874 Juxta

1967 4885 2205 4943 Griecam
2251 4890 2539 4943 editionem
2573 4909 2587 4943 :
2619 4889 2809 4944 Latina
2852 4892 2995 4945 enim
3042 4901 3189 4944 caret
3240 4891 3329 4945 hic
3375 4906 3531 4955 voce,

1974 4978 1990 5008 ι
2011 4960 2256 5024 sapienti.
2282 4977 2298 5008 ι

2042 5030 2152 5098 (44)
2201 5028 2330 5080 Aliis
2356 5069 2368 5081 .
2397 5068 2412 5082 .
2436 5068 2449 5079 .
2480 5044 2595 5097 qua:
2627 5029 2923 5095 afferuntur
2952 5030 3007 5083 in
3036 5029 3179 5099 λόγῳ
3222 5029 3296 5084 De
3326 5028 3530 5096 Spiritu

1971 5112 2174 5152 sancto.
2235 5099 2300 5151 Ut
2349 5111 2605 5169 appareat
2658 5099 2897 5169 Didymi
2938 5100 3130 5153 librum
3189 5099 3265 5154 De
3327 5099 3531 5169 Spiritu

1969 5178 2168 5232 sancto,
2203 5182 2359 5235 quem
2394 5167 2769 5238 Hieronymus
2785 5168 2974 5223 Latine
3021 5169 3213 5233 vertit,
3249 5169 3338 5225 hic
3369 5167 3535 5238 posse

1971 5238 2223 5308 intelligi,
2286 5238 2421 5292 alios
2472 5236 2635 5291 hosce
2685 5236 2982 5308 Scriptura:
3049 5249 3231 5295 textus
3299 5236 3536 5294 indicare

1972 5307 2158 5376 cogor,
2196 5322 2350 5374 quos,
2380 5323 2524 5377 ﬁcum
2576 5308 2642 5361 ab
2680 5307 2946 5363 haereticis
2997 5309 3384 5377 objicerentur,
3422 5312 3537 5376 ipse

1971 5377 2041 5430 ibi
2073 5377 2319 5444 explicat.
2370 5376 2504 5432 Sunt
2546 5392 2681 5446 ergo.
2721 5377 2772 5430 hi
2814 5376 3175 5446 potissimum.
3213 5396 3362 5434 num.
3415 5381 3481 5434 15
3520 5399 3535 5436 :

1978 5467 1994 5497 ι
2023 5446 2211 5500 Omnia
2257 5463 2348 5516 per
2374 5449 2543 5515 ipsum
2572 5447 2711 5500 facta
2736 5458 2940 5512 sunt”
2974 5465 3121 5503 num.
3164 5450 3235 5504 2ιί
3269 5469 3283 5505 :
3322 5470 3337 5499 ι
3362 5452 3462 5514 Qui
3504 5466 3534 5503 a

1972 5516 2132 5571 Patre
2190 5517 2532 5585 egrediturp
2581 5531 2741 5570 num;
2781 5518 2890 5571 27,:
2919 5519 3144 5573 («Alium
3203 5521 3537 5574 l’aracletum

1971 5587 2118 5641 dabit
2148 5588 2370 5658 vobis;_i_
2416 5596 2469 5640 et
2495 5604 2509 5640 :
2541 5602 2559 5636 ι
2582 5586 2814 5658 Spiritus
2848 5588 3154 5657 interpellat
3181 5606 3280 5658 pro
3303 5592 3489 5652 nobis;
3516 5608 3537 5641 ι

1973 5672 2122 5729 nutu.
2152 5656 2256 5729 ᾆδε
2288 5676 2305 5708 t
2329 5655 2441 5712 Non
2470 5657 2612 5729 enim
2642 5656 2888 5725 loquetur
2917 5674 2947 5712 a
2976 5655 3298 5729 semetipso;
3328 5679 3346 5712 ι
3389 5672 3537 5713 num.

1972 5725 2039 5780 38
2076 5745 2087 5779 :
2124 5724 2388 5797 rDemeo
2416 5726 2669 5795 accipiet;
2704 5724 2723 5777 ἡ
2765 5738 2817 5783 ει
2848 5729 2939 5783 alii
2972 5743 3107 5797 quos
3145 5724 3354 5784 o'mitto.

2044 5796 2157 5867 (45)
2194 5798 2372 5854 Amos.
2417 5798 2697 5866 Propheta:
2734 5799 2899 5856 Amos
2928 5796 3090 5856 verba
3124 5800 3300 5854 attulit
3332 5799 3493 5854 etiam
3517 5832 3537 5857 ,
