4042 6404
548 285 648 346 951

1773 285 2007 342 DIDYMI
2046 283 2516 340 ALEXANDRINI

3663 285 3756 340 95‘!

549 399 860 454 testimonio
899 398 1216 464 abutuntur,
1260 400 1414 471 quasi
1447 412 1692 455 saucium
1735 402 1823 454 Dei
1853 401 2110 468 Spiritum

2237 397 2418 467 ιτίσμα
2460 392 2596 448 εἶναι
2643 394 2703 446 τὸ
2735 393 2886 462 ἅγιον
2911 391 3137 464 Πνεῦμα
3181 391 3272 445 τοῦ
3314 393 3465 458 Θεοῦ,
3505 394 3670 448 καίτοι
3705 397 3760 449 τὸ

547 499 858 546 creaturam
902 503 1026 544 esse
1081 490 1349 562 signiticet
1383 509 1396 545 :
1451 507 1572 546 cum
1604 500 1780 544 tamen
1813 489 2113 557 hujnsmodi

2237 488 2432 541 πύνολον
2466 485 2719 552 οὐδεμίαν
2740 485 2972 556 ἔμφασιν
3003 484 3259 555 τοιαύτην
3283 486 3408 557 περὶ
3449 485 3627 549 αὐτοῦ,
3651 486 3760 541 οὔτε

549 579 1009 650 signiﬁcationem
1040 596 1214 651 neque
1239 582 1342 638 hac
1367 582 1420 636 in
1445 591 1622 652 parte,
1659 597 1757 636 nec
1786 581 1839 635 in
1873 581 1977 634 alia
2019 582 2116 636 ha-

552 669 678 725 beat
712 670 822 724 ullo
855 675 1034 726 modo.
1071 669 1196 726 [late
1223 681 1402 726 alitem
1434 683 1561 726 sunt
1589 673 1868 741 propinata:
1913 675 2116 726 verba:

2217 581 2274 631 ἐν
2309 579 2390 649 τῷ
2423 579 2576 650 μέρει
2606 577 2798 647 τούτῳ,
2823 577 2945 630 οὒτε
2979 578 3036 629 ἐν
3075 576 3239 646 ἄλλῳ,
3277 576 3522 647 ποιούσῃ.
3550 575 3691 646 Ἔχει
3713 577 3763 632 δὲ

2218 665 2321 724 ὧδε
2340 687 2356 704 ο
2387 689 2406 722 ι
2438 668 2794 740 Κατέστρεψα
2828 669 2990 738 ὑμᾶς,
3016 667 3196 730 καθὼς
3219 667 3577 737 κατέστρεψεν
3603 671 3629 720 6
3648 668 3763 731 Θεὸς

557 779 579 816 ι
609 760 856 820 Subverti
887 760 1001 832 (46)
1033 777 1147 826 vos,
1184 764 1325 817 sicut
1356 765 1618 819 subvertit
1666 765 1808 819 Deus
1832 763 2118 818 Sodomam

2237 763 2426 834 Ξόδομα
2454 761 2548 816 καὶ
2582 761 2852 832 Γόμορρα,
2884 761 2977 813 καὶ
3005 758 3253 828 ἐγένεσθε
3282 759 3355 822 ὡς
3381 758 3535 822 δαλὸς
3560 759 3767 823 ὲξεσπα-

555 862 610 906 et
630 850 1092 914 Gomorrham,et
1121 852 1246 908 facti
1303 855 1437 909 estis
1483 857 1634 924 quasi
1683 855 1802 910 titio
1847 864 2122 911 extractus

554 956 620 997 ex
692 942 815 1011 igne
865 961 878 996 :
940 953 996 1000 et
1044 960 1112 999 ne
1157 946 1236 1000 sic
1290 946 1506 1015 quidem
1565 949 1811 1002 conversi
1869 946 1999 1002 estis
2056 947 2122 1000 ad

556 1048 664 1099 me,
689 1035 820 1090 dicit
890 1035 1165 1091 Dominus.
1225 1038 1559 1109 Quapropter
1615 1039 1693 1095 sic
1751 1039 1944 1093 faciam
2000 1039 2119 1100 tibi,

555 1140 591 1180 ο
620 1124 785 1180 Israel
813 1149 824 1182 ι
851 1136 1218 1184 verumtamen
1253 1131 1376 1199 quia
1399 1130 1477 1185 sic
1508 1129 1701 1186 faciam
1733 1129 1852 1198 tibi,
1880 1143 2120 1200 praepara

561 1226 614 1272 te
639 1218 705 1271 ad
735 1217 1088 1275 invocandum
1121 1221 1287 1276 Deum
1333 1231 1505 1289 tuum,
1556 1238 1589 1276 ο
1624 1221 1807 1292 Israel.
1833 1221 1969 1287 Quia
1998 1235 2128 1275 ecce

563 1309 785 1364 ﬁrmans
817 1310 930 1381 (47)
967 1312 1282 1379 tonitruum,
1321 1323 1375 1368 et
1421 1329 1613 1369 creans
1643 1315 1914 1385 spiritum,
1944 1323 2000 1368 et
2031 1329 2126 1366 an-

561 1399 822 1454 nuntians
886 1401 1032 1456 inter
1096 1402 1346 1458 homines
1399 1401 1670 1468 Christum
1713 1418 1891 1467 suum,
1928 1401 2126 1456 faciens

562 1488 850 1546 diluculum
899 1502 955 1547 et
987 1494 1255 1559 nebulam,
1304 1504 1361 1549 et
1419 1496 1714 1550 ascendens
1761 1508 1923 1564 super
1953 1495 2129 1548 excel-

561 1596 621 1636 sa
650 1581 762 1654 (48)
792 1593 994 1640 terrae:
1045 1587 1304 1642 Dominus
1358 1586 1499 1641 Deus
1547 1587 1888 1655 omnipotens
1934 1599 2126 1638 nomen

566 1671 686 1742 ipsi.
719 1691 739 1725 ι
764 1673 897 1729 Cum
922 1690 1052 1744 ergo
1077 1687 1188 1732 tres
1220 1691 1315 1746 per
1341 1691 1399 1732 se
1425 1675 1677 1745 perfectae
1704 1675 2017 1746 bypostases
2039 1674 2127 1728 hic

565 1775 1082 1830 commemorentur,
1114 1781 1217 1820 una
1248 1781 1367 1835 qua:
1393 1766 1491 1828 ait,
1535 1783 1556 1819 ι
1592 1764 1876 1829 Subverti;
1907 1783 1926 1817 ι
1958 1763 2125 1818 altera

567 1853 634 1908 de
657 1868 760 1922 qua
795 1853 908 1923 ipsa
944 1855 1093 1919 dicit,
1125 1874 1145 1907 ι
1182 1855 1333 1910 Sicut
1358 1855 1625 1910 subvertit
1653 1856 1828 1920 Deus;
1861 1873 1880 1906 ι
1919 1853 2024 1908 alia
2043 1851 2128 1906 ubi

569 1944 784 2016 legitur,
815 1963 834 1998 ι
867 1945 1142 2002 Christum
1174 1963 1330 2002 suum
1354 1948 1530 2018 (49);»
1563 1947 1729 2020 426
1753 1956 1877 2016 apte
1921 1955 1977 2002 et
2005 1959 2134 2000 con-

569 2036 729 2092 cinne
753 2036 895 2093 dicta
921 2037 1036 2093 base
1051 2052 1172 2093 esse
1194 2038 1539 2109 intelligimus
1561 2054 1665 2094 non
1689 2053 1754 2092 ex
1779 2036 2132 2107 persona(50)

567 2127 746 2184 Patris
776 2139 870 2184 aut
895 2129 1008 2202 (51)
1045 2130 1111 2185 de
1139 2141 1332 2186 sancto
1357 2130 1474 2198 ejus
1524 2129 1747 2200 Spiritu,
1791 2129 1884 2184 sed
1920 2145 1984 2184 ex
2026 2142 2140 2196 per-

569 2235 701 2279 Bona
737 2221 905 2292 ipsius
935 2221 1171 2291 Spiritus
1202 2221 1418 2286 sancti,
1455 2221 1548 2291 qui
1606 2221 1850 2291 loquitur
1874 2221 2036 2276 etiam
2071 2220 2136 2273 de

570 2325 756 2379 vento,
793 2313 844 2368 id
874 2323 961 2370 est
991 2315 1059 2369 de
1086 2313 1282 2383 spiritu
1323 2313 1434 2381 illo,
1491 2313 1580 2384 qui
1613 2312 1930 2378 tonitruum,
1981 2310 2124 2380 quod

574 2407 627 2463 in
666 2406 945 2462 hominum
974 2407 1198 2462 auribus
1229 2407 1465 2474 insonat,
1497 2404 1746 2462 comitari
1776 2404 1934 2460 solet.
1964 2401 2132 2469 Quam

576 2498 643 2554 ob
667 2512 782 2554 rem
816 2498 870 2554 in
903 2498 1103 2565 verbis,
1131 2513 1252 2568 qua:
1277 2505 1574 2569 sequuntur
1598 2536 1614 2564 ,
1642 2495 1937 2552 diluculum
1951 2509 2014 2549 ac
2039 2509 2136 2549 ne-

578 2590 754 2646 oulam
792 2590 907 2663 (52)
928 2599 1340 2647 commemorat.
1373 2589 1650 2657 Quomodo
1670 2589 1813 2643 enim
1837 2594 2014 2656 potest
2041 2585 2139 2640 Pa-

579 2696 661 2736 .er
687 2696 808 2738 esse
834 2682 923 2737 ille
946 2681 1036 2752 qui
1065 2682 1203 2737 dixit
1235 2701 1250 2737 :
1282 2699 1301 2734 ι
1335 2680 1677 2734 Annuntians
1717 2679 1856 2734 inter
1898 2677 2141 2733 homines

593 2765 849 2823 shristum
873 2783 1052 2836 suum,
1076 2786 1096 2821 ι
1142 2783 1247 2823 non
1274 2782 1425 2831 vero,
1452 2766 1726 2823 Christum
1757 2780 1970 2830 meum;
2002 2765 2142 2821 sicut

581 2874 633 2913 ,ιι
669 2875 832 2915 cxxxt
856 2859 1062 2930 psalmo
1111 2860 1268 2926 dixit,
1329 2878 1349 2912 ι
1383 2859 1572 2914 Paravi
1619 2858 1893 2913 lucernam
1923 2857 2143 2912 Christo

578 2949 740 3004 meo?
760 2968 780 3002 ι
801 2960 894 3004 aut
909 2950 1000 3021 qui
1015 2949 1111 3015 ait,
1137 2967 1157 3002 ι
1197 2948 1398 3005 Nomen
1424 2949 1551 3018 ipsi,
1591 2966 1610 3001 ι
1637 2962 1759 3003 cum
1779 2947 1962 3002 dicere
1981 2946 2144 3002 debe-

579 3049 682 3105 ret,
716 3055 911 3097 nomen
929 3041 1103 3096 mihi?
1132 3039 1332 3107 Quodsi
1369 3039 1580 3094 Patrem
1625 3039 1697 3096 ibi
1725 3040 1806 3094 sic
1842 3038 1985 3104 loqui
2014 3053 2139 3094 con-

514 3137 517 3141 ’
579 3131 914 3200 cederemus,
956 3131 1087 3187 illud
1114 3133 1278 3188 etiam
1310 3133 1435 3187 inde
1465 3139 1802 3202 sequeretur,
1823 3139 1881 3185 ut
1909 3129 2141 3200 Spiritus

581 3229 804 3278 sanctus
827 3221 1198 3278 declararetur
1221 3221 1362 3277 Deus
1388 3222 1752 3292 omnipotens.
1794 3219 1901 3275 Sed
1923 3234 1992 3275 ne
2016 3219 2142 3274 illud

580 3306 799 3379 quidem
839 3307 946 3364 dici
967 3316 1166 3380 potest,
1193 3307 1359 3364 verba
1391 3309 1492 3364 ista
1515 3323 1636 3365 esse
1674 3307 1950 3378 prophetae
1977 3307 2147 3378 ipsius

581 3396 851 3467 loquentis
879 3398 946 3454 de
971 3397 1168 3465 Patre;
1201 3397 1441 3468 alioquin
1492 3413 1560 3454 ex
1590 3396 1836 3468 ejusdem
1870 3397 2146 3468 prophetae

582 3500 813 3558 persona
858 3487 1000 3544 dicta
1041 3497 1226 3546 essent
1248 3489 1414 3544 etiam
1452 3488 1570 3545 haec
1613 3489 1811 3545 verba:
1845 3506 1864 3540 ι
1901 3487 2148 3543 Subverti

518 3632 522 3636 .
584 3594 699 3645 vos,
731 3579 873 3636 sicut
899 3581 1167 3638 subvertit
1204 3579 1366 3638 Deus.
1393 3599 1413 3634 ι
1446 3581 1516 3636 At
1532 3595 1664 3637 vero
1683 3582 1843 3637 homo
1871 3595 1978 3636 non
1999 3589 2146 3636 recte

583 3671 780 3728 dicitur
798 3672 1135 3739 subvertere,
1165 3674 1308 3730 sicut
1333 3672 1600 3730 subvertit
1626 3671 1788 3729 Deus.
1817 3674 1896 3728 Ac
1924 3683 2150 3743 praeter-

585 3778 650 3820 ca
697 3765 974 3836 proprium
1028 3768 1306 3838 prophetat
1357 3783 1464 3823 non
1497 3777 1602 3836 cst,
1635 3777 1696 3823 ut
1723 3776 2048 3838 arroganter
2075 3767 2149 3822 si-

586 3857 698 3914 mul
743 3857 997 3930 loquatur
1031 3867 1089 3915 et
1116 3859 1451 3929 blaspheme.
1483 3861 1619 3916 Cum
1645 3870 1825 3916 autem
1855 3860 2002 3915 dicat
2030 3873 2151 3929 pro-

585 3946 806 4020 pheta,t
837 3947 1041 4005 Creans
1059 3948 1330 4020 spiritum,
1355 3970 1376 4004 ι
1415 3965 1534 4019 seu,
1584 3950 1677 4022 qui
1715 3964 1842 4006 creo
1877 3950 2150 4021 Spiritum,

2223 855 2418 925 σμένος
2461 856 2526 907 ἐκ
2554 853 2755 925 πυρός’
2788 851 2881 905 καὶ
2911 852 3019 905 οὐδ’
3047 850 3218 914 οὕτως
3251 850 3612 922 ἐπεστρέψατε
3649 849 3767 916 πρὸς

2226 949 2311 1016 μὲ,
2374 945 2519 1014 λέγει
2586 944 2801 1015 Κύριος.
2859 943 2954 996 Διὰ
3019 943 3177 995 τοῦτο
3225 942 3395 1005 οὕτως
3449 943 3647 1011 ποιήσω
3678 960 3766 1004 σοι,

2237 1037 2476 1108 Ὶσραήλ’
2507 1035 2644 1106 πλὴν
2682 1037 2762 1088 ὅτι
2802 1035 2971 1096 οὕτως
2999 1036 3210 1104 ποιήσω
3244 1051 3345 1094 σοι,
3382 1030 3659 1102 ἑτοιμάζοι)
3688 1033 3767 1084 τοῦ

2225 1129 2593 1184 ἐπικαλεῖσθαι
2629 1126 2720 1180 τὸν
2762 1126 2893 1180 Θεόν
2923 1143 3039 1186 σου,
3079 1125 3309 1196 Ἰσραήλ.
3343 1124 3483 1177 Διὸτι
3524 1124 3626 1176 ἰδοῦ
3665 1141 3767 1176 στεο

2227 1223 2364 1294 ρεῶν
2412 1221 2657 1292 βροντὴν,
2694 1220 2786 1272 καὶ
2813 1218 3009 1282 κτίζων
3037 1216 3270 1287 πνεῦμα,
3312 1217 3404 1270 καὶ
3442 1217 3769 1284 ἀπαγγέλλων

2225 1317 2303 1378 εἰς
2350 1312 2667 1383 ἀνθρώπους
2715 1312 2806 1364 τὸν
2844 1311 3075 1381 Χριστὸν
3111 1309 3295 1372 αὑτοῦ,
3340 1311 3368 1360 6
3405 1308 3572 1362 ποιῶν
3601 1307 3771 1379 ὄρθρον

2226 1406 2320 1458 κα)⁸
2347 1405 2597 1475 ὁμίχλην,
2642 1403 2735 1457 καὶ
2775 1402 3067 1455 ἐπιϐαίνων
3108 1403 3201 1454 ἐπὶ
3238 1402 3307 1454 τὰ
3332 1401 3510 1470 ὑψηλὰ
3537 1402 3631 1470 τῆς
3658 1402 3769 1470 γῆς’

2227 1495 2428 1566 Κύριος
2442 1497 2470 1548 6
2491 1495 2620 1557 Θεὸς
2634 1495 2662 1547 6
2678 1493 3067 1564 παντοκράτωρ
3089 1491 3257 1561 ὄνομα
3281 1491 3448 1561 αὐτῷ.
3466 1510 3483 1541 ι
3505 1490 3618 1542 Τῶν
3631 1489 3774 1561 τριῶν

2229 1586 2354 1658 [ειη
2387 1585 2440 1656 b]
2469 1585 2644 1639 τοίνυν
2676 1582 2975 1637 αὐτοτελῶν
3014 1583 3361 1636 ὑποστάσεων
3408 1581 3775 1652 μνημονευομέ-

2227 1694 2353 1742 νων,
2381 1679 2507 1748 μιᾶς
2529 1675 2809 1746 λεγούσης,
2843 1695 2863 1726 ι
2900 1675 3256 1746 Κατέστρεψα
3274 1691 3320 1724 ἰ
3347 1673 3559 1742 ἐτέρας,
3585 1672 3699 1742 περὶ
3720 1665 3776 1740 ἧς

2232 1769 2406 1838 λέγει·
2445 1787 2463 1820 ι
2500 1766 2696 1831 Καθὼς
2728 1765 3094 1836 κατέστρεψεν
3124 1769 3153 1819 6
3200 1765 3362 1829 Θεός·
3400 1783 3419 1815 ι
3463 1763 3624 1833 ἄλλης
3663 1762 3773 1814 ἔνθα

2233 1861 2346 1932 ἔχει
2371 1861 2462 1913 τὸν
2491 1859 2724 1929 Χριστὸν
2745 1858 2932 1912 αὐτοῦ·
2968 1857 3200 1920 εὐθέτως
3225 1858 3318 1910 καὶ
3351 1855 3686 1925 καταλλήλως
3707 1851 3779 1904 εὐ-

2238 1952 2480 2025 ρίσκεται
2529 1952 2562 2020 ὴ
2607 1950 2758 2019 φωνὴ
2793 1950 3079 2021 εἰρημένη,
3134 1949 3235 2002 οὐκ
3267 1950 3330 2001 ὲκ
3374 1946 3659 2020 προσώπου
3702 1945 3778 1998 τοῦ

2235 2043 2468 2116 Πατρὸς,
2493 2043 2526 2114 ἢ
2550 2041 2790 2114 περὶτοῦ
2811 2041 2968 2109 ἁγίου
2999 2041 3138 2093 Πνεύ
3147 2058 3314 2110 ματος
3334 2039 3522 2098 αὐτοῦ,
3559 2038 3664 2092 ἀλλ’
3693 2035 3780 2088 ἀπὸ

2235 2132 2329 2186 τοῦ
2366 2133 2520 2200 ἁγίου
2571 2130 2905 2201 Πνεύματος,
2937 2129 3030 2183 τοῦ
3058 2131 3151 2184 καὶ
3187 2130 3521 2200 λαλήσαντος
3559 2126 3780 2200 περὶτοῦ

2236 2222 2518 2292 ἀνεμιαίου
2568 2219 2893 2289 πνεύματος,
2938 2219 3028 2271 τοῦ
3073 2221 3138 2290 τῇ
3175 2219 3372 2290 βροντῇ
3408 2223 3474 2291 τῇ
3513 2219 3781 2288 ἀνθρώποις

2237 2313 2574 2385 ὲνηχουμένῃ
2611 2310 3037 2382 παρακολουθεῖν
3085 2311 3414 2378 πεφυκότος.
3462 2311 3550 2364 Διὸ
3593 2310 3782 2376 ἐπάγων

2241 2402 2565 2474 μνημονεύει
2592 2401 2810 2474 ὄρθρου,
2841 2401 3088 2472 ὁμίχλης.
3121 2401 3245 2465 Πῶς
3272 2401 3383 2473 γὰρ
3413 2405 3442 2456 6
3466 2403 3645 2472 Πατὴρ
3664 2399 3781 2469 εἶχεν

2237 2495 2410 2548 εἰπεῖν
2427 2533 2442 2557 ,
2474 2492 2508 2561 ἦ
2535 2493 2613 2557 τὸ,
2655 2510 2673 2543 ι
2723 2492 3098 2559 Ἀπαγγέλλων
3119 2494 3199 2556 εἰς
3224 2493 3543 2563 ἀνθρώπους
3568 2491 3652 2545 τὸν
3671 2491 3780 2560 Χρι-

2241 2585 2362 2637 στὸν
2391 2583 2576 2638 αὐτοῦ’
2619 2602 2638 2635 ι
2670 2584 2763 2637 καὶ
2789 2583 2928 2653 οὐχὶ,
2958 2582 3049 2637 τὸν
3078 2583 3309 2654 Χριστόν
3339 2584 3576 2653 μου,,ώς
3608 2583 3661 2635 ἐν
3689 2581 3780 2652 ρλα¹

2238 2673 2437 2745 ψαλμῷ
2467 2673 2600 2744 ἔφη·
2635 2692 2654 2725 ι
2702 2668 3014 2744 Ἦτοίμασα’
3032 2674 3222 2745 λύχνον
3255 2674 3332 2744 τῷ
3374 2675 3588 2746 Χριστῷ
3616 2688 3731 2745 μους
3761 2689 3776 2721 ι

2240 2767 2296 2838 ἢ,
2334 2786 2352 2817 ι
2392 2765 2464 2818 Τὸ
2505 2765 2676 2835 ὄνομα
2709 2764 2878 2835 αὐτῷ,
2920 2784 2937 2816 ι
2968 2765 3086 2818 δέον
3145 2766 3329 2834 φάναι,
3385 2767 3554 2836 ὄνομά
3584 2783 3695 2836 μοις
3732 2763 3781 2815 Εἰ

2239 2858 2298 2912 δὲ
2332 2857 2395 2928 δὴ
2428 2858 2522 2910 καὶ
2545 2855 2721 2926 δοθείη
2765 2856 2931 2910 αὐτοῦ
2959 2853 3097 2910 εἶναι
3141 2859 3176 2928 ή
3205 2857 3382 2930 φωνὴ,
3416 2858 3479 2912 τὸ
3515 2857 3715 2927 Πνεῦμα
3736 2854 3781 2907 τὸ

2243 2950 2397 3016 ἅγιον
2438 2947 2790 3018 ἀναφαίνεται
2827 2949 2960 3012 Θεὸς
3005 2951 3422 3023 παντοκράτωρ.
3465 2949 3595 3004 Οὔτε
3633 2949 3680 3002 δὲ
3723 2947 3783 3016 τῷ

2245 3041 2517 3111 προφήτῃ,
2560 3040 2770 3108 λέγοντι
2814 3042 2939 3112 περὶ
2967 3040 3062 3094 τοῦ
3092 3041 3322 3112 Πατρὸς.
3361 3043 3500 3113 αῦτη
3522 3040 3725 3114 ἁρμόζει
3754 3041 3780 3108 ἡ

2246 3131 2431 3201 φωνή·
2497 3130 2849 3202 εὑρεθήσεται
2902 3129 3010 3200 γὰρ
3079 3131 3143 3185 ἐκ
3199 3119 3495 3202 προσώπου
3547 3131 3694 3187 αὑτοῦ
3739 3131 3782 3198 ή,

2253 3241 2272 3274 ι
2309 3221 2664 3292 Κατέστρεψα
2713 3222 2878 3293 ὑμᾶς,
2919 3221 3100 3285 καθὼς
3149 3222 3517 3294 κατέστρεψεν
3548 3226 3574 3276 6
3603 3221 3733 3283 Θεὸς,
3765 3238 3779 3269 ι

2243 3315 2420 3382 λέξις⁹
2448 3316 2508 3368 οὐ
2541 3313 2908 3387 καταστρέφει
2945 3313 3002 3367 δὲ
3034 3313 3338 3384 ἄνθρωπος,
3378 3314 3556 3379 καθὼς
3587 3315 3613 3366 6
3640 3314 3780 3375 Θεός’

2247 3415 2366 3468 οὐδὲ
2404 3414 2533 3468 [διον
2571 3415 2844 3486 προφήτου
2872 3411 3209 3482 φθέγξασθαι
3255 3414 3668 3486 καύχηματικῶς
3690 3413 3782 3482 ἅμα

2254 3521 2350 3575 καὶ
2392 3519 2737 3591 βλασφήμως.
2777 3519 2886 3572 Καὶ
2930 3518 2990 3572 τὸ
3036 3517 3181 3590 ἔχειν
3235 3518 3312 3585 δὲ,
3360 3539 3378 3570 σ
3416 3521 3619 3585 Κτίζων
3651 3516 3779 3572 Πνεῦ⁸

2259 3645 2355 3700 μα,
2400 3646 2418 3679 ι
2461 3625 2672 3696 ούχὶδὲ,
2703 3624 2893 3688 κτίσας
2924 3623 3178 3696 Πνεῦμα,
3217 3626 3310 3679 καὶ
3360 3626 3423 3680 τὸ
3471 3625 3702 3696 τετάχθαι
3738 3623 3782 3672 ἐν

2255 3731 2490 3805 πρώτοις
2524 3731 2623 3803 τὴν
2656 3728 2883 3802 βροντὴν
2915 3728 3283 3800 στερεοῦσθαι,
3313 3731 3375 3784 ὲν
3395 3729 3714 3804 δευτέροιςδὲ
3736 3725 3784 3776 τὸ

2253 3838 2469 3910 πνεῦμα
2493 3835 2796 3901 κτίζεσθαι,
2830 3835 2910 3888 ἔτι
2935 3835 2990 3888 δὲ
3011 3833 3106 3887 καὶ
3137 3835 3198 3888 τὸ
3221 3834 3352 3889 ἄνευ
3390 3835 3484 3891 τοῦ
3505 3835 3687 3908 ἄρθρου
3708 3828 3783 3883 καὶ

2252 3948 2367 4014 τοῦ,
2408 3947 2616 4016 Ἀγίου,
2647 3945 2817 4016 ψιλῶς
2845 3945 3302 4018 προφητεύεσθαι,
3343 3965 3364 3998 ι
3397 3946 3602 4010 Κτίζων
3646 3938 3780 4026 ms?-

587 4097 752 4160 atque
779 4084 1082 4160 explicavit
1118 4085 1171 4140 in
1218 4085 1355 4141 libro
1401 4086 1476 4160 De
1517 4086 1718 4160 Spiritu
1752 4093 1955 4150 sancto,
2005 4099 2152 4160 num.
2260 4083 2352 4160 Dei
2383 4082 2632 4151 loquatur
2662 4081 3078 4160 prophetannon
3111 4078 3176 4131 de
3227 4077 3448 4133 Christo
3482 4079 3600 4139 Del;
3645 4078 3782 4160 utitur

587 4150 745 4216 η’οι
770 4150 998 4212 15.’8οι1
1025 4156 1112 4211 hic
1133 4171 1197 4212 ea
1229 4159 1534 4211 accuratius
1557 4150 1944 4225 interpretatur
1970 4154 2150 4225 aliqua
2261 4154 2416 4225 enim
2433 4150 2719 4225 voce_'l_.'1'_c_7.
2746 4151 2840 4225 _At
2875 4150 3018 4225 quis
3039 4158 3146 4200 tam
3177 4164 3514 4225 vecors_esse
3534 4156 3710 4217 potest,
3737 4153 3781 4225 ut

585 4244 662 4302 es
688 4237 843 4297 parte
866 4267 882 4292 ,
919 4226 1136 4282 brevius
1175 4235 1356 4282 tamen
1392 4225 1482 4282 illa
1515 4217 1787 4297 attingens
1821 4237 1943 4294 quae
1981 4217 2157 4278 fusius
2262 4223 2533 4302 existimet
2557 4220 2697 4276 LXX
2744 4217 3114 4302 lntt.nlcgissc
3159 4225 3293 4302 Inui,
3360 4219 3486 4301 dum
3533 4222 3779 4302 verterent,

589 4297 663 4355 ibi
685 4287 1029 4364 exposuerat.
1654 4287 1685 4297 ⁷
1839 4287 1858 4294 ’
2271 4310 2295 4364 ι
2310 4293 2582 4364 Christum
2595 4305 2760 4364 suum
2789 4288 2849 4342 l?
2884 4287 2940 4364 Si
2971 4288 3097 4357 quid
3122 4287 3498 4364 eigoomnino
3529 4287 3781 4357 reprehen-

659 4357 774 4438 (46)
831 4365 1094 4422 Subveni.
1154 4366 1322 4422 Amos
1382 4381 1458 4429 tv,
1513 4365 1700 4422 ll-l5.
1763 4364 2162 4437 Compluriensis
2195 4401 2240 4457 Β
2268 4363 2396 4417 dere
2432 4357 2645 4416 volebat
2684 4357 3002 4482 Basna‘gius,
3040 4371 3104 4410 ac
3129 4371 3228 4411 suo
3257 4357 3352 4439 illo
3387 4359 3564 4414 verbo.
3616 4374 3632 4406 ι
3656 4369 3778 4408 erra-

662 4439 759 4482 Itin
792 4436 1077 4482 nonnullas
1107 4437 1194 4482 hic
1216 4436 1379 4482 habet
1407 4438 1557 4482 nervi
1586 4439 1842 4482 mnmenli
1868 4437 2164 4482 varietates
2272 4440 2481 4482 verum.
2515 4450 2533 4482 ι
2599 4441 2705 4482 tam
2751 4443 2851 4482 con
2875 4428 3083 4482 identer
3128 4428 3296 4482 abilll.
3338 4444 3444 4482 non
3487 4426 3620 4482 LXX
3642 4425 3778 4478 luter-

591 4425 767 4494 edltio'
792 4436 1077 4491 nonnullas
1107 4437 1194 4492 hic
1216 4436 1379 4493 habet
1407 4425 1558 4503 parvi
1586 4439 1842 4491 momenti
1868 4425 2164 4492 varietates
2195 4425 2240 4457 ν
2272 4440 2482 4497 verunt,
2515 4450 2533 4483 ι
2599 4441 2705 4484 tam
2751 4425 3090 4503 conﬁdenter
3128 4427 3296 4503 abuti,
3338 4444 3444 4482 non
3487 4425 3781 4503 L‘X_X.hucr-_

631 4491 751 4566 iis?
775 4507 988 4564 omitto.
1038 4505 1144 4564 Sed
1178 4491 1670 4564 Franc'o'furtensis
1700 4507 1866 4565 editio
1895 4510 2166 4564 consentit
2271 4491 2478 4625 pretes,
2510 4515 2631 4555 meo
2673 4499 2886 4567 quidem
2929 4495 3151 4568 judicio,
3185 4491 3474 4568 obiurgare
3507 4497 3688 4556 debuit,
3709 4491 3781 4545 sed

631 4577 838 4625 lidvmo-
2294 4572 2540 4625 ibrarios.
2572 4569 2660 4625 aui
2698 4570 2750 4623 in
2794 4583 2979 4622 eorum
3024 4566 3302 4621 codicibus
3346 4568 3660 4625 scripserant
3699 4576 3780 4616 non

2294 4572 2540 4636 ibrarios,
2572 4569 2660 4637 qui
2693 4566 2750 4623 in
2794 4566 2979 4637 eorum
3024 4566 3302 4637 codicibus
3346 4566 3660 4635 Scripseram
3699 4576 3780 4616 non

2269 4650 2401 4730 m.
2430 4641 2522 4730 θεῖά
2791 4636 2845 4692 id
2873 4648 2978 4704 est,
3025 4653 3042 4685 ι
3076 4636 3321 4691 Messiam
3364 4653 3537 4703 suum,
3564 4656 3582 4688 ι
3629 4642 3782 4700 nempe

2276 4712 2586 4766 'cChristuni
2621 4726 2794 4764 suum.
2828 4727 2846 4758 ι

2341 4781 2452 4851 (50)
2494 4780 2617 4834 Non
2649 4794 2714 4833 ea:
2739 4793 2980 4851 persona,
3031 4784 3136 4830 etc.
3192 4776 3510 4830 Accuratius
3548 4775 3643 4851 ista
3671 4781 3781 4851 nunc

2272 4841 2625 4920 pertractans,
2669 4841 2830 4915 atqtte
2875 4847 3369 4920 altius_repetens,_
3390 4861 3544 4920 quam
3570 4844 3637 4920 Ain
3676 4841 3782 4920 libro

2272 4911 2347 4974 De
2386 4911 2798 4989 Spirituisanc'to
2831 4931 2977 4970 num.
3013 4915 3099 4976 M,
3130 4911 3438 4989 distinctius
3463 4916 3546 4968 hic
3570 4911 3779 4989 loquitur.

2271 4989 2347 5044 lbi
2397 4977 2541 5043 enim
2574 4988 2777 5043 dixisse
2809 4993 3091 5040 contentus
3132 4987 3227 5039 fuit
3261 5003 3276 5037 :
3312 5005 3330 5035 ι
3359 4984 3538 5053 Neque
3571 4977 3694 5036 enim
3732 4977 3781 5028 de

2274 5059 2476 5128 Spiritu
2500 5071 2687 5113 sancto
2713 5057 3015 5128 propositus
3039 5069 3216 5128 sermo
3244 5057 3511 5128 prophetae
3537 5053 3644 5128 fuit,
3664 5059 3712 5128 ut
3729 5059 3776 5097 ex

2272 5119 2384 5198 ipsa
2417 5129 2556 5184 serie
2603 5138 2656 5182 et
2685 5119 2935 5198 contextu
2961 5123 3154 5192 eloquii
3184 5119 3517 5198 intelligitur.
3549 5119 3777 5198 Siquidem

2269 5190 2434 5254 Amos
2496 5198 2752 5268 propheta
2822 5196 2964 5268 (vos
3052 5190 3076 5246 «ἡ
3109 5190 3386 5268 ριορΙηιιζ
3423 5213 3464 5268 »⁸
3512 5190 3780 5268 concinuius

2273 5263 2609 5324 fortasse—hic
2641 5263 2905 5322 omittitur
2937 5267 2986 5318 in
3025 5263 3211 5318 nostro
3253 5263 3470 5331 codice)
3501 5277 3562 5316 ex
3591 5265 3776 5331 per-‘00a

2271 5339 2389 5404 Dei,
2440 5357 2458 5391 ι
2485 5337 2820 5409 Ριοεεροιοινθ,
2849 5353 2869 5388 ι
2909 5333 3104 5404 inquit,
3139 5352 3160 5387 ι
3187 5336 3252 5389 ad
3277 5328 3616 5388 invocandqu
3643 5328 3775 5380 Deum

2273 5421 2443 5474 tuum,
2468 5427 2488 5462 ι
2517 5418 2571 5462 et
2602 5407 2821 5475 reliqua.

2341 5479 2452 5552 (51)
2490 5478 2618 5534 Aut.
2668 5477 2848 5533 Codex
2896 5492 2910 5529 :

641 4578 958 4720 Ιῖίᾶῗριιὶα
983 4662 1105 4720 ροσε
1133 4646 1375 4720 ﬁrmans.
1415 4649 1493 4707 lta
1539 4647 1737 4720 legitur
1760 4647 1924 4703 etiam
1963 4648 2015 4702 in
2037 4647 2164 4720 pedi-

595 4717 740 4773 tione
762 4717 1223 4782 Francolurtensi,
1266 4734 1386 4788 quae
1410 4731 1588 4776 tamen
1613 4718 1758 4788 addit
1789 4733 1998 4788 vocem,
2030 4717 2162 4787 ἐγώ.

591 4788 995 4860 Compluteusis
1041 4788 1203 4860 habet
1233 4808 1246 4844 :
1271 4784 1415 4845 Ᾱιότι
1467 4789 1671 4860 Κύριος
1705 4784 1755 4842 εί
1804 4784 2082 4860 στερεῶν,
2115 4789 2166 4841 id

595 4868 679 4913 est
739 4858 909 4928 cquis
959 4858 1218 4928 Dominus
1255 4876 1316 4916 es
1363 4858 1607 4916 ﬁrmans.
1635 4878 1654 4910 ι
1710 4858 1968 4928 Didymus
2006 4873 2166 4926 porro

596 4926 840 4998 queritur
856 4942 1059 5000 segm.‘
1088 4926 1191 5000 114
1217 4947 1267 4992 a,
1307 4933 1450 5000 quod
1478 4947 1542 4984 ex
1576 4929 1755 4983 Amosl
1813 4926 1939 5000 loco
1981 4942 2164 5000 vocem

601 4997 746 5068 dego
769 5017 788 5050 ι
821 4997 1127 5068 abraserint
1177 4997 1437 5057 haeretici.
1471 5001 1600 5055 Eam
1639 5007 1816 5068 tamen
1846 4998 1932 5068 hic
1968 4997 2166 5068 oritittit

600 5066 988 5136 ipsemetzsed
1027 5067 1170 5122 illam
1217 5085 1320 5124 non
1368 5071 1552 5127 omisit
1594 5071 1645 5124 in
1695 5067 1792 5122 lib.
1837 5067 1913 5122 De
1959 5066 2164 5135 Spiritu

598 5148 781 5192 sancto
809 5153 960 5192 num.
997 5137 1085 5202 ιι,
1119 5137 1186 5191 15
1215 5150 1271 5194 et
1295 5141 1384 5196 59.

670 5207 784 5280 (48)
828 5207 1069 5280 Eccam.
1097 5207 1280 5264 Graeca
1309 5211 1494 5277 editio,
1521 5209 1651 5280 ὕψη,
1684 5207 1848 5280 idest
1886 5226 1905 5258 ι
1929 5205 2164 5280 altitudi-

602 5275 777 5337 nes.i
838 5277 1097 5349 Didymus
1173 5283 1362 5349 eodem
1437 5275 1645 5337 sensu}
1674 5277 1892 5349 ὑψηλά,
1963 5275 2049 5349 [(1Δ
2083 5285 2168 5349 est

609 5369 630 5402 ι
654 5350 902 5407 excelsa:
934 5344 956 5400 ἱ
974 5362 1083 5424 q_u_o
1115 5348 1277 5404 modo
1302 5350 1500 5424 legitur
1536 5360 1593 5406 et
1626 5349 1679 5405 in
1714 5344 1809 5404 lib.
1853 5346 1930 5402 De
1958 5344 2164 5417 Spiritu

603 5429 784 5476 sancto
814 5432 961 5472 num.
999 5417 1089 5472 M.

677 5489 791 5561 (49)
817 5487 1102 5561 Christum
1155 5504 1332 5561 suum.
1371 5488 1604 5546 Iacobus
1644 5486 1942 5558 Basna‘gius
1986 5484 2162 5561 t_om._l

607 5551 972 5614 An‘u.'Lecu.
1036 5556 1237 5614 Canisii
1290 5575 1409 5631 pag.
1467 5561 1574 5614 209.
1642 5551 1932 5631 «errasset
1989 5557 2167 5631 inquit
2270 5551 2456 5631 proni),

609 5598 1412 5702 EXISr'pr'éIegl'acviﬁsJé'eum
1452 5598 2011 5702 έὲιῆυέεἷὶιὶἔῗῖἶειοαί
2046 5598 2138 5680 δερ

2501 5618 2587 5700 Ac.
2610 5613 3150 5702 ‘nebulam.nCodex‘:
3178 5615 3400 5702 βρθῳυ,
3430 5608 3653 5684 ὁμίχλης.
3695 5598 3775 5654 1ιο-

611 5685 797 5770 ἰοτὶιιὶ,
832 5685 1152 5758 ιοιίιίδιιιὶυ
1187 5685 1363 5772 suum,
1399 5720 1419 5755 ι
1470 5685 1596 5757 cum
1622 5685 1690 5758 de
1741 5685 2140 5758 «meditatione

2274 5685 2501 5761 gelidum
2538 5689 2745 5746 videtur
2778 5708 2790 5741 :
2817 5685 3016 5757 ὄρθρου
3051 5687 3141 5740 καὶ
3167 5685 3411 5758 ὁμίχλης.

2975 5473 3038 5527 Ἦ
3077 5475 3202 5546 περὶ
3241 5471 3336 5528 τοῦ
3387 5471 3554 5540 ἁγίου.
3595 5465 3714 5533 Lego
3752 5456 3775 5523 ἦ
