4042 6404
181 369 283 424 955

1235 374 1322 429 DE
1360 375 1735 435 TDINITATE
1774 382 1976 438 LIBER
2014 386 2332 443 TERTIUS.

3304 392 3410 449 954

186 502 276 555 μα’
311 503 328 536 ι
354 483 595 538 δείκνυσι
622 485 711 540 διὰ
744 478 957 541 πάντων
987 488 1213 552 τούτων,
1236 493 1311 556 ὡς
1333 496 1410 558 εἰς
1430 496 1490 548 τὸ
1524 498 1703 567 ἀέριον
1731 501 1759 551 ὁ

1866 518 1963 554 non
2009 517 2161 564 vero,
2220 503 2308 572 qui
2362 505 2535 558 creari
2586 504 2696 576 (ὃὸ)
2750 505 3017 575 spiritum,
3075 508 3299 575 etprius
3329 524 3415 571 po-

184 572 333 637 λόγος
362 573 722 629 ἀποτείνεται.
750 577 996 641 Σπανίως
1024 579 1133 650 γὰρ
1153 580 1213 634 τὸ
1236 582 1387 650 ἅγιον
1415 586 1634 657 Πνεῦμα
1662 590 1753 643 τοῦ

182 659 315 711 Θεοῦ
347 660 465 729 δίχα
492 662 586 714 τοῦ
613 664 973 718 συνάπτεσθαι
1002 667 1150 738 αὐτῷ
1178 669 1257 735 τὸ,
1283 671 1458 738 ἆγιον,
1484 674 1516 743 ἢ
1552 676 1630 737 τὸ,
1657 676 1751 729 τοῦ

182 750 337 807 Θεοῦ.
368 752 402 821 ἢ
426 753 727 823 τὸᾶρθρον,
760 756 792 825 ἦ
828 756 955 825 [208
978 758 1033 827 al
1064 759 1161 828 τὴν
1196 763 1428 831 μετοχὴν
1456 765 1649 818 αὐτοῦ’
1680 768 1755 831 ὡς

183 842 344 911 ἡνίκα
393 844 622 913 γράψει⁸
663 866 681 895 ι
722 845 942 916 Πνεῦμα
982 849 1165 902 Ἠλία·
1207 870 1225 902 ι
1272 856 1385 918 καὶ,
1431 874 1448 905 ι
1489 856 1760 926 Πνεῦματι

184 939 554 1005 περιπατεῖτε.
588 957 606 988 ι
641 956 658 986 ι
693 939 905 1003 κτίζων
944 959 963 991 ι
993 941 1048 994 δὲ
1084 960 1102 991 ι
1125 943 1345 1014 Πνεῦμα
1375 963 1392 996 ι
1418 943 1558 1011 εἶπε,
1583 948 1668 1001 διὰ
1700 948 1760 1002 τὸ

181 1028 522 1095 ἐπιγίνεσθαι
551 1029 612 1081 τὸ
633 1031 839 1099 ἀέριον,
868 1032 996 1085 ὅταν
1026 1035 1214 1105 καιρὸς
1243 1038 1403 1109 καλῇ,
1432 1038 1565 1109 πρὸς
1592 1040 1651 1093 τὸ
1676 1040 1763 1093 λυ-

182 1121 426 1173 σιτελοῦν
481 1126 600 1185 ταῖς
658 1124 888 1193 χρείαις,
944 1124 1009 1177 δι’
1055 1126 1120 1189 ἃς
1182 1128 1423 1195 γέγονεν.
1480 1130 1759 1200 Είὼοαμεν

182 1213 293 1285 γὰρ
348 1216 441 1268 καὶ
490 1216 584 1268 νῦν
626 1216 836 1284 λέγειν’
889 1217 1132 1284 Ἐγένετο
1162 1220 1359 1290 ἄνεμος
1388 1220 1592 1285 πολύς·
1641 1222 1754 1275 ἀλλ’

180 1306 281 1375 οὐχ
336 1304 412 1369 ὡς
462 1306 557 1360 νῦν
598 1309 856 1377 κτισθεὶς,
906 1309 1019 1363 ἀλλ’
1076 1311 1151 1374 ὡς
1188 1311 1310 1383 ἄρτι
1362 1312 1535 1382 βίαιος
1597 1316 1755 1385 ἐγερ-

184 1396 319 1462 Θείς.

1862 604 1950 646 ttat
1986 595 2096 665 (54)
2123 596 2341 649 lonitrui
2380 595 2758 660 ﬁrmationem,
2785 599 2976 651 deinde
3021 598 3243 666 spiritus
3266 615 3419 654 crea-

1862 685 2083 747 tionem,
2118 701 2181 739 ac
2205 696 2461 755 praeterea
2515 688 2630 742 sine
2663 690 2887 742 articulo
2938 690 2998 744 τό
3036 678 3177 757 (55),
3210 702 3261 743 et
3303 692 3419 745 sine

1865 790 2012 839 voce,
2066 786 2335 840 sanctum,
2398 780 2536 831 nude
2566 780 2641 831 sic
2690 779 2967 847 loquatur:
3010 781 3171 852 427
3220 781 3418 845 κτίζων

1864 866 2101 937 πνεῦμα,
2161 868 2212 921 id
2250 878 2331 923 est
2370 886 2552 924 creans
2605 872 2881 940 spiritum;
2941 886 3163 943 apparet
3216 890 3280 929 ex
3338 876 3419 929 his

1861 959 2130 1020 omnibus,
2156 959 2220 1011 ad
2255 959 2498 1025 spiritum
2563 962 2765 1013 aerium
2820 963 3087 1030 pertinere
3120 980 3237 1031 quae
3269 965 3417 1018 dicit.

1866 1045 2007 1100 Raro
2044 1048 2186 1101 enim
2212 1047 2325 1117 (56)
2358 1056 2575 1103 sanctus
2610 1050 2700 1104 Dei
2753 1051 2984 1119 Spiritus
3026 1068 3419 1107 commemora—

1865 1147 1971 1203 tur,
2017 1140 2145 1207 quin
2204 1141 2431 1194 addatur
2477 1158 2574 1194 vox
2634 1153 2874 1206 sanctus,
2912 1154 3005 1198 aut
3049 1159 3148 1197 vox
3181 1144 3295 1209 Dei,
3330 1157 3421 1200 aut

1859 1229 2118 1284 articulus
2160 1229 2221 1283 τό
2270 1232 2471 1285 nontini
2515 1233 2725 1303 πνεῦμα
2760 1235 3132 1304 conjungatur,
3158 1246 3249 1288 aut
3278 1235 3423 1303 ejus-

1859 1319 1979 1373 dem
2026 1320 2258 1390 Spiritus
2300 1324 2639 1393 partieipalio
2672 1325 3040 1394 significetur:
3071 1335 3129 1379 ut
3150 1341 3268 1380 cum
3292 1327 3423 1379 scri-

1855 1409 1999 1464 bitur
2030 1430 2041 1463 :
2078 1432 2097 1463 ι
2135 1414 2369 1481 Spiritus
2396 1415 2518 1469 Elite
2550 1417 2666 1487 (57)
2692 1436 2739 1481 ς)
2772 1430 2853 1472 et:
2881 1437 2898 1469 ι
2937 1416 3138 1487 Spiritu
3163 1418 3272 1490 (58)
3306 1436 3422 1472 am-

185 1491 437 1546 bulate.»
472 1493 593 1548 Ideo
625 1504 806 1549 autem
865 1494 1004 1550 dixit
1030 1496 1314 1565 propheta,
1348 1516 1366 1549 ι
1402 1512 1595 1552 creans
1667 1499 1934 1567 spiritum,
1990 1523 2009 1555 ι
2069 1506 2193 1574 quia
2246 1508 2489 1561 exoritur
2543 1510 2656 1580 (59)
2698 1510 2876 1565 aerius
2932 1510 3177 1580 spiritus,
3206 1514 3421 1581 quando
3472 1572 3483 1589 ί

182 1586 663 1652 Opportunitas,“
696 1596 879 1641 nostra
929 1588 1136 1642 utilitas
1175 1588 1227 1641 id
1292 1590 1551 1657 exposcit,
1586 1590 1649 1643 ad
1693 1591 1963 1647 ferendam
1998 1597 2052 1649 in
2101 1599 2533 1667 necessitatibus,
2569 1613 2787 1670 propter
2860 1617 2994 1671 quas
3063 1602 3239 1657 factus
3304 1613 3406 1666 est,

180 1688 364 1741 opem.
389 1674 780 1731 Consuevimus
802 1679 943 1732 enim
978 1693 1119 1732 nunc
1142 1693 1354 1749 quoque
1394 1680 1614 1735 dicere:
1649 1679 1845 1738 Factus
1902 1696 1985 1740 est
2047 1697 2238 1743 ventus
2307 1688 2541 1745 multus:
2576 1706 2677 1744 non
2702 1692 2854 1761 quasi
2914 1707 3056 1747 nunc
3093 1700 3305 1748 creatus
3334 1693 3421 1759 sit,

192 1768 288 1822 sed
321 1768 463 1835 quod
489 1770 780 1825 vehemens
799 1786 968 1838 nuper
997 1772 1261 1825 excitatus
1286 1771 1465 1825 fuerit.

258 1860 620 1931 Προφητικῶς
656 1862 833 1915 τοίνυν
877 1864 971 1916 καὶ
1018 1863 1397 1934 ὑστερομέσως
1430 1865 1621 1935 ἐλέχθη
1659 1866 1762 1919 ἀπὸ

1945 1866 2265 1935 Prnpltetice
2288 1880 2438 1931 ergo,
2471 1874 2523 1920 et
2554 1866 2834 1920 verborum
2872 1865 3062 1919 ordine
3109 1866 3418 1934 aliquantu-

181 1952 280 2005 τοῦ
307 1951 494 2005 θεῖκοῦ
522 1952 834 2023 Πνεῦματος
856 1956 1081 2008 οὑτωσί·
1108 1976 1125 2006 ι
1158 1956 1513 2029 Κατέστρεψα
1541 1959 1702 2028 ὑμᾶς,
1737 1978 1755 2010 ι

180 2043 334 2097 τοῦτ’
362 2044 501 2104 ἐστι.
521 2065 540 2097 ι
565 2046 689 2109 τοὺς
717 2046 1223 2120 σκληροτραχήλους
1240 2050 1331 2101 καὶ
1360 2049 1464 2102 ἀπε
1474 2051 1763 2119 ριτμήτους

184 2139 253 2206 τῇ
277 2136 479 2207 καρδίᾳ
506 2156 526 2187 ‹
572 2139 885 2202 Ἰουδαίους,
916 2159 933 2190 ι
954 2138 1137 2204 καθὼς
1178 2139 1541 2211 κατέατρεψεν
1574 2140 1602 2191 ὁ
1631 2140 1763 2204 Θεὸς

183 2227 399 2298 Σᾶδομα
426 2230 519 2281 καὶ
542 2230 809 2301 Γόμορῥα·
834 2250 851 2281 ι
868 2233 965 2296 τὰς
996 2234 1307 2304 ἐσχηκυίας.
1341 2234 1524 2302 φησιν,
1553 2234 1761 2303 οἰκήτο-

188 2335 311 2387 ρας,
327 2319 532 2387 ὁμοίως
548 2319 815 2381 Ἰουδαίοις
837 2321 1197 2391 ἀμεταμελῶς
1215 2322 1557 2391 βεϐιωκότας.
1572 2322 1761 2376 Τοίνυν

192 2428 214 2459 ε
239 2410 530 2479 ἑτοιμάζοι)
552 2410 645 2463 τοῦ
668 2412 1040 2467 ἐπικαλεῖσθαι
1072 2414 1162 2466 τὸν
1178 2414 1307 2468 Θεὸν
1338 2432 1455 2479 σου,
1480 2415 1713 2487 Ἰσραήλσ
1735 2436 1755 2468 ι

185 2500 268 2561 ὃν,
293 2503 482 2571 φησιν,
510 2502 663 2556 οῦπω
696 2505 789 2558 καὶ
815 2506 1051 2576 τήμερον
1077 2506 1317 2577 ἐκδήλως
1348 2507 1599 2575 ἐπιγνοὺς
1628 2510 1758 2579 ὲφὰ-

190 2610 311 2662 νης.
342 2594 538 2663 Ἔλεγε
563 2595 617 2649 δὲ
646 2596 737 2650 τὸν
760 2597 1020 2668 μονογενῆ
1052 2597 1179 2651 Υίὺν
1204 2597 1297 2650 τοῦ
1331 2597 1485 2656 Θεοῦ.
1521 2618 1538 2652 ι
1572 2600 1763 2654 Διότιό

268 2771 385 2838 (53)
428 2771 550 2826 Non
588 2788 727 2836 vero,
769 2773 1072 2843 quicreavi.
1124 2773 1338 2841 Aﬂinia,
1401 2774 1510 2829 imo
1565 2772 1750 2827 eadem

194 2843 496 2914 dietaverat
529 2844 578 2896 in
606 2843 698 2898 lib.
740 2844 812 2897 De
845 2842 1045 2911 Spiritu
1076 2859 1254 2898 sancto
1304 2860 1426 2899 num
1459 2844 1527 2899 I5
1550 2862 1565 2898 :
1592 2864 1610 2895 ι
1641 2844 1752 2914 Ego

193 2911 447 2983 [rectius
472 2915 636 2969 codex
669 2923 851 2983 noster
882 2932 897 2968 :
924 2930 1066 2981 ergo,
1117 2927 1175 2966 ut
1227 2923 1391 2967 totum
1429 2916 1599 2969 locum
1633 2911 1752 2983 per-

194 2981 455 3051 pendenti
486 2981 744 3054 patebit
773 2983 873 3037 hoc
933 2987 1071 3052 quod
1105 2984 1313 3044 dicitur,
1345 3004 1363 3035 ι
1413 2984 1548 3039 Creo
1598 2981 1754 3050 spiri—

198 3063 313 3105 tum
360 3070 379 3103 ι
424 3067 577 3119 :rque
633 3053 867 3107 arbitror
927 3058 1195 3119 positum,
1252 3068 1316 3109 ac
1369 3055 1413 3108 si
1466 3056 1755 3115 diceretur,

199 3139 219 3172 ι
243 3123 454 3193 Creans
495 3133 730 3193 ventum.
758 3164 771 3177 .
806 3159 820 3174 .
847 3159 861 3193 τ
892 3140 927 3193 »ν
966 3121 1107 3177 Bene
1134 3132 1309 3177 autem
1345 3125 1485 3193 quod
1533 3123 1584 3177 in
1642 3124 1753 3192 ipsa

194 3192 465 3246 sententia
507 3208 610 3247 non
650 3192 753 3256 ait,
786 3211 804 3242 ι
834 3191 932 3258 Qui
976 3193 1178 3254 creavi,
1208 3212 1227 3243 ι
1272 3191 1384 3258 sed,
1436 3212 1455 3245 ι
1485 3193 1584 3260 Qui
1632 3191 1756 3246 creo

195 3263 513 3328 spiritum.)
578 3264 634 3316 Si
702 3264 843 3316 enim
897 3264 959 3314 de
1020 3263 1471 3317 substantialilate
1526 3264 1758 3331 Spiritus

196 3332 367 3386 sancti
400 3347 583 3385 sermo
602 3342 763 3394 esset,
795 3333 1017 3385 dixisset
1043 3333 1244 3400 utique,
1290 3351 1309 3383 ι
1339 3334 1438 3400 Qui
1480 3334 1655 3388 creavi
1681 3352 1693 3385 :
1733 3351 1752 3384 ι

197 3418 372 3467 neque
395 3403 540 3471 enim
581 3418 790 3471 semper
810 3404 1055 3457 eumdem
1080 3412 1246 3455 creat.
1269 3420 1288 3454 ι

265 3473 379 3541 (54)
417 3469 485 3525 Et
518 3474 665 3540 prius
701 3469 888 3541 ponat.
937 3482 1043 3524 etc.
1084 3471 1229 3525 Hanc
1275 3472 1536 3525 rationem
1591 3471 1761 3527 fusius

203 3540 419 3610 exponit
451 3543 502 3596 in
533 3543 621 3595 lib.
671 3542 742 3595 De
776 3540 976 3605 Spiritu
1016 3554 1195 3595 sancto
1237 3558 1381 3595 unm.
1437 3543 1523 3595 Μ.
1581 3561 1599 3592 ι
1625 3544 1761 3597 Deus

206 3614 336 3664 enim
383 3612 627 3683 (inquit)
654 3614 743 3681 qui
775 3627 832 3663 se
856 3613 1105 3683 Spiritum
1146 3614 1376 3683 condere
1409 3611 1581 3683 fuerat
1621 3628 1760 3678 pra}-

205 3680 411 3736 Iocutus
437 3693 491 3734 et
542 3680 743 3745 facere;
774 3692 827 3735 et
854 3680 1141 3752 tonitruum
1162 3682 1295 3735 dixit
1328 3682 1540 3734 ﬁrmare
1569 3680 1759 3752 [codex

202 3763 384 3806 noster
424 3752 604 3815 aliter,
653 3766 888 3822 nempe:
924 3750 1058 3804 Deus
1107 3752 1243 3803 enim
1279 3752 1377 3822 (qui
1421 3768 1474 3803 se
1518 3750 1758 3820 spiritum

196 3823 422 3875 condere
442 3821 963 3890 fueratprwlocutus,
992 3822 1186 3885 pariter
1221 3821 1416 3889 affatus
1447 3832 1519 3873 est
1550 3823 1760 3890 attoni-

197 3900 377 3944 tnntm
404 3888 461 3944 se
488 3889 760 3962 ﬁrmare],
784 3901 861 3962 Aet
900 3890 1211 3962 dilncuinm,
1254 3888 1317 3962 et,
1342 3892 1563 3945 nebulas
1607 3888 1759 3962 [cod.

195 3971 386 4016 ηοειει·
420 3978 434 4013 :
464 3958 742 4029 nebulam]
778 3959 969 4013 facere.
1004 3979 1023 4009 ι
1046 3958 1215 4029 Πιεκε
1246 3961 1470 4029 reliqua.

265 4030 401 4102 (55),
449 4029 578 4086 Sine
629 4028 853 4084 articulo
903 4030 983 4083 τό.
1043 4028 1193 4102 Iianc
1215 4028 1443 4102 iquoujue
1500 4033 1759 4088 rationem

196 4098 479 4170 copiosius
536 4110 894 4170 exornaverat
952 4103 1000 4152 in
1068 4099 1161 4153 lib.
1207 4098 1281 4170 De
1326 4100 1531 4169 Spiritu
1582 4114 1761 4156 sancto

197 4168 352 4227 num.
399 4171 495 4242 55.
554 4189 571 4222 ι
601 4168 786 4242 Neque
805 4172 959 4242 enim
981 4170 1182 4242 irttsira
1225 4169 1336 4242 [ita
1386 4173 1549 4225 editio
1600 4173 1763 4227 Vero-

198 4239 423 4324 pensis]
456 4242 571 4323 sine
586 4239 846 4324 articulo,
873 4240 963 4324 qui
989 4240 1043 4293 in
1083 4239 1289 4324 Graec;
1308 4255 1555 4296 sermone
1580 4246 1763 4324 singu-

198 4310 442 4365 Iaritatis
463 4310 797 4377 signiﬁcator
832 4320 936 4377 est,
972 4325 1113 4363 nunc
1139 4310 1360 4379 spiritus
1389 4324 1600 4367 creatus
1629 4313 1762 4367 diei-

200 4391 319 4445 tur;
357 4381 619 4449 quoniam
661 4396 766 4436 non
808 4390 892 4435 est
925 4388 1163 4451 sanctus,
1195 4395 1317 4434 cum
1364 4395 1499 4449 pene
1551 4398 1763 4451 semper

200 4452 463 4521 Spiritus,
498 4459 718 4521 sanctus
766 4466 886 4521 eum
933 4450 1159 4521 articulo
1211 4452 1538 4521 nominetur,
1586 4450 1757 4507 ut’in

1870 1959 1978 2011 lum
2012 1960 2228 2013 inverso
2262 1957 2375 2030 (60)
2406 1958 2641 2025 loquitur
2692 1959 2857 2009 Amos
2887 1973 2949 2009 ex
2986 1973 3210 2025 persona
3262 1958 3425 2012 divini

1869 2048 2098 2118 Spiritus
2127 2050 2179 2101 in
2224 2050 2362 2101 ltnnc
2388 2048 2599 2100 modum
2629 2066 2642 2099 :
2678 2064 2696 2097 ι
2735 2046 2981 2101 Subverti
3026 2062 3151 2110 vos;
3186 2066 3201 2097 ι
3248 2046 3297 2099 id
3322 2054 3423 2112 est,

1873 2158 1891 2191 ι
1920 2140 2083 2193 duros
2112 2140 2323 2193 cervice
2351 2140 2461 2208 (6|)
2496 2137 3424 2193 etincircumcisoscordetiudmos:

1875 2252 1893 2284 ι
1932 2232 2070 2286 sicut
2104 2232 2367 2285 subvertit
2398 2232 2536 2287 Deus
2568 2231 2856 2286 Sodomam
2890 2241 2944 2284 et
2982 2230 3332 2285 Gomorrltam
3359 2249 3373 2296 ;
3404 2252 3424 2284 ›

1868 2337 2093 2391 quarum
2132 2322 2342 2385 incola),
2370 2323 2565 2392 inquit,
2602 2322 2852 2377 similiter
2880 2338 2943 2376 ac
2970 2322 3160 2386 Judmi,
3195 2324 3263 2376 ita
3281 2322 3426 2377 vixe-

1873 2426 2019 2479 runt,
2052 2404 2117 2469 ut~
2135 2430 2411 2483 nunquam
2467 2416 2808 2484 resiptterint.
2838 2416 3023 2485 Itaque
3050 2434 3067 2465 ι
3099 2431 3338 2485 praepara
3378 2426 3429 2470 ιε

1869 2510 1935 2561 ad
1963 2508 2317 2561 invocandum
2356 2509 2522 2563 Deum
2558 2519 2782 2576 tuum,o
2818 2508 3011 2563 Israel:
3046 2527 3062 2559 ι
3112 2522 3271 2576 quem
3298 2522 3428 2560 non-

1869 2600 2017 2667 dum,
2046 2599 2240 2668 inquit,
2274 2615 2443 2670 usque
2469 2601 2533 2655 ad
2564 2603 2705 2656 hanc
2749 2602 2888 2656 diem
2938 2617 2966 2655 a
3004 2612 3052 2655 te
3081 2599 3294 2671 agnosci
3324 2616 3431 2654 ma-

1861 2785 2023 2847 iatur,
2073 2777 2235 2831 etiam
2273 2780 2377 2831 alta
2436 2779 2551 2834 Dei.
2584 2799 2602 2831 ι
2650 2778 2714 2833 Ει
2762 2778 2924 2832 multa
2974 2793 3093 2847 quae
3145 2779 3209 2833 de
3256 2778 3429 2831 sacris

1857 2845 2035 2901 Libris
2067 2850 2197 2914 (aut
2220 2847 2442 2903 Litteris
2472 2868 2487 2901 :
2518 2852 2685 2903 codex
2718 2849 2859 2903 enim
2891 2845 3051 2904 habet
3084 2847 3218 2919 litis)
3247 2863 3431 2902 excer-

1857 2931 1985 2986 pere
2027 2919 2277 2984 possibile
2303 2928 2405 2972 est.
2449 2937 2468 2969 ι

1932 2988 2045 3053 (56)
2087 2986 2225 3041 Raro
2263 2990 2419 3050 enim,
2446 2998 2552 3043 etc.
2596 2988 2750 3042 Hunc
2785 2987 2958 3041 locum
2991 2987 3297 3041 accuratius
3338 2986 3426 3040 hic

1862 3064 2078 3118 tractat,
2130 3072 2289 3125 quant
2343 3057 2541 3112 fecerat
2596 3057 2649 3111 in
2700 3058 2792 3111 lib.
2852 3057 2927 3111 De
2998 3056 3199 3125 Spiritu
3252 3066 3429 3109 sancto

1862 3127 2126 3191 nttm.15,
2163 3129 2252 3180 tibi
2294 3135 2469 3181 tamen
2520 3128 2695 3195 aliqua
2742 3128 2900 3182 habet
2924 3128 3068 3180 hisce
3114 3126 3418 3180 simillima.

1868 3215 1887 3247 ι
1908 3196 2061 3263 Quod
2095 3197 2263 3251 sicubi
2294 3211 2435 3259 raro,
2478 3199 2669 3265 inquit,
2716 3196 2833 3251 sine
2857 3196 3083 3249 articulo
3124 3198 3433 3249 nominatur

1863 3267 2095 3335 Spiritus
2137 3277 2383 3329 sanctus,
2424 3268 2702 3322 sciendum
2750 3277 2863 3325 est.
2912 3282 3033 3320 eum
3068 3266 3431 3335 additamento

1861 3333 1983 3390 eum
2017 3336 2281 3390 nominari
2316 3338 2654 3401 signiﬁcante
2695 3336 3144 3402 magniﬁcentiam
3171 3337 3306 3402 ejus.
3344 3333 3433 3387 Si-

1861 3406 2077 3474 quidem
2105 3407 2301 3460 dicitur
2327 3407 2620 3475 aliquando
2654 3416 2707 3461 et
2743 3411 2858 3460 sine
2882 3405 3131 3467 articulo,
3164 3420 3285 3475 eum
3318 3420 3422 3458 non

1862 3475 1977 3546 ipse
2023 3491 2126 3546 per,
2166 3491 2245 3537 se,
2299 3478 2392 3546 sed
2415 3474 2787 3546 r’participatio
2838 3475 2956 3545 ejus
2998 3474 3343 3546 ostenditur:
3374 3482 3433 3525 ut

1862 3543 2040 3614 putaf
2062 3564 2080 3596 ι
2107 3545 2341 3615 Spiritus
2384 3545 2531 3607 Elite,
2564 3566 2581 3597 ι
2620 3543 2674 3599 et
2718 3564 2736 3596 ι
2767 3543 2969 3615 Spiritu
3002 3543 3294 3615 ambulate,
3322 3562 3355 3615 ιΔ
3376 3552 3430 3594 ει

1863 3612 2198 3683 quaecunque
2254 3616 2336 3668 his
2388 3617 2584 3668 similia
2642 3612 2827 3669 sunt.)
2901 3612 2977 3666 Ita
3033 3614 3196 3667 etiam
3259 3612 3430 3683 codex

1864 3696 2072 3746 noster,
2102 3681 2203 3737 nisi
2235 3687 2374 3753 quod
2400 3699 2495 3752 pro
2531 3704 2549 3735 ‹
2573 3684 2861 3751 aliquando
2915 3702 2933 3733 ι
2964 3683 3133 3753 habet
3186 3699 3205 3732 ι
3230 3681 3433 3749 aliquo-

1864 3755 1986 3817 ties,
2042 3773 2061 3805 ι
2118 3752 2263 3819 quod
2311 3755 2443 3808 nihil
2482 3754 2775 3809 refertzac
2823 3752 3038 3805 voculas
3095 3769 3113 3801 ι
3154 3765 3249 3819 per
3291 3766 3348 3803 se
3408 3770 3424 3800 ι

1862 3826 2080 3879 omittit.
2138 3818 2199 3878 In
2235 3827 2581 3878 enarratione
2624 3839 2751 3877 vero
2791 3823 2843 3876 in
2895 3821 3063 3888 Epist.
3118 3818 3169 3875 Γ
3207 3818 3432 3872 Joannis

1863 3908 1985 3960 cap.
2027 3910 2101 3961 tv,
2128 3895 2289 3949 simili
2341 3894 2499 3949 modo
2551 3895 2748 3962 accipit
2798 3892 2972 3962 verba
3000 3890 3114 3962 illa,
3157 3889 3432 3962 «Spiritus

1863 3963 2015 4027 Elia),
2042 3982 2061 4015 ι
2090 3960 2366 4018 nimirum
2402 3965 2467 4015 de
2503 3960 2919 4031 participatione
2954 3960 3189 4031 Spiritus
3232 3960 3431 4031 sancti.

1869 4052 1888 4084 ι
1917 4032 2066 4088 Unus
2094 4045 2147 4087 et
2173 4035 2313 4088 idem
2343 4034 2579 4102 Spiritus
2616 4028 2727 4097 Dei,
2775 4032 2968 4100 inquit,
3000 4028 3108 4102 est,
3131 4030 3274 4102 Patri
3310 4028 3431 4102 uni-

1862 4118 1959 4158 cus
1981 4112 2036 4156 et
2066 4103 2200 4157 Filio
2235 4122 2247 4158 :
2280 4099 2688 4173 qui-pluraliter
2718 4099 3050 4173 nominatur,
3098 4101 3152 4153 in
3196 4099 3427 4173 divyrsis

1864 4174 2211 4237 describitur,
2246 4167 2333 4242 qui
2370 4167 2434 4227 eo
2459 4174 2887 4242 participantur;
2919 4169 3075 4237 quale
3101 4179 3183 4224 est
3221 4186 3238 4219 ι
3270 4167 3437 4235 Spiri-

1866 4253 1950 4296 tus
1983 4243 2130 4307 Eliaz,
2158 4263 2176 4295 ι
2221 4240 2276 4295 εί
2317 4243 2552 4310 Spiritus
2602 4240 3024 4310 uniuscujusque
3070 4250 3376 4293 sanctorum
3418 4257 3429 4310 ;

1866 4313 1935 4366 ita
1974 4324 2033 4366 ut
2062 4314 2196 4368 tanti
2227 4309 2463 4383 Spiritus
2489 4328 2611 4367 esse
2639 4314 2942 4375 videantur,
2975 4311 3161 4379 quanti
3197 4319 3318 4362 sunt
3344 4309 3434 4375 qui

1863 4397 1927 4437 eo
1967 4385 2370 4452 participantur.
2395 4403 2413 4435 ι

1937 4454 2048 4524 (57)
2081 4446 2313 4523 Spiritus
2385 4452 2538 4505 Elim.
2604 4454 2669 4507 IV
2703 4452 2959 4524 “eguit,
3007 4447 3074 4503 16
3131 4448 3259 4516 (seu
3307 4446 3429 4510 15).

200 4501 318 4584 an;
335 4501 371 4573 ’ἱ
383 4501 541 4573 ᾞὺέδ
660 4501 903 4591 mea,
937 4501 990 4591 id
1007 4501 1120 4583 ea;
1134 4501 1150 4503 ⁷
1169 4538 1189 4571 ι
1211 4501 1762 4589 ἰρὲἷερἰἰιῖιεῖὲεςιιζ

1869 4501 2621 4591 Ibi‘iainéi.legum-jubet);
2647 4501 2975 4591 ’ρὲἑῖτιιλξῴ

201 4594 446 4647 monium
476 4590 726 4659 perhibet
754 4590 963 4660 spiritui
1005 4599 1206 4643 nostro.
1237 4608 1257 4642 ι
1302 4591 1367 4644 Et
1410 4592 1535 4646 alibi
1567 4611 1579 4645 :
1609 4592 1767 4655 αὐτός

201 4663 352 4716 ἔστιν
394 4660 459 4713 τὸ
490 4660 807 4727 ζωοποιοῦν,
839 4661 889 4715 id
912 4668 1016 4730 est,
1042 4678 1059 4711 ι
1082 4661 1194 4728 ipse
1218 4670 1297 4714 est
1328 4662 1417 4730 qui
1454 4662 1707 4715 viviﬁcat.
1745 4682 1761 4712 ι

202 4733 267 4786 Et
295 4746 538 4793 rursum,
596 4750 615 4782 ι
647 4731 739 4787 Sic
768 4742 824 4785 et
853 4746 969 4799 qua:
1004 4729 1096 4783 Dei
1134 4741 1286 4792 sunt,
1329 4729 1487 4785 nemo
1522 4736 1771 4796 cognovit

203 4802 412 4873 nisii‘ro
453 4802 749 4873 Πνεῦμα,ι’
786 4802 867 4873 Μ*
888 4810 1001 4873 est.
1054 4818 1073 4851 ι
1108 4799 1336 4873 Spiritus
1372 4800 1497 4858 Dei:
1529 4821 1547 4854 ι
1583 4803 1640 4855 τὸ
1664 4802 1771 4872 γὰρ

205 4872 457 4943 Πνεῦμα,
494 4870 614 4943 ιωε
635 4882 774 4943 εειη
794 4891 811 4923 ι
836 4870 1069 4943 Spiritus
1086 4872 1228 4943 enim
1264 4880 1536 4943 scrutatur
1563 4870 1766 4929 omnia,

204 4940 373 4996 etiam
399 4942 507 4996 alta
538 4942 652 4996 Dei.
679 4961 698 4992 ι
742 4941 803 4996 Et
826 4940 988 4994 multa
1025 4955 1145 5011 qua:
1182 4940 1246 4995 de
1279 4941 1573 5011 Scripturis
1599 4944 1770 4996 sacris

205 5026 504 5083 excerpere
555 5012 808 5082 possibile
866 5020 971 5083 est.
1025 5009 1604 5083 Placet_auteinuhaac
1658 5012 1771 5081 ipsa

206 5080 531 5153 concinnius
554 5080 617 5137 ex
639 5092 822 5153 nostro
847 5081 1031 5153 eodlce
1049 5081 1354 5135 exscribere
1376 5100 1389 5153 ς
1415 5080 1627 5153 «Neque
1649 5080 1775 5135 vero

207 5152 415 5207 frustra
445 5152 563 5207 sine
591 5152 840 5217 articulo,
878 5152 968 5220 qui
995 5151 1047 5204 in
1078 5166 1327 5205 sermone
1362 5151 1552 5206 Graeco
1586 5152 1773 5221 singu-

207 5222 449 5278 Iaritatis
494 5222 825 5291 signiﬁcatur
865 5231 980 5287 est,
1020 5237 1163 5274 nunc
1206 5239 1225 5271 ι
1251 5221 1471 5290 spiritus
1509 5230 1722 5276 creatus
1750 5240 1768 5272 ι

209 5295 446 5357 dicitur;
486 5293 740 5361 quoniam
773 5307 878 5347 non
909 5301 990 5347 est
1021 5300 1269 5354 sanctus;
1314 5308 1435 5345 cum
1475 5307 1609 5360 pene
1635 5307 1775 5346 sem-

209 5378 310 5431 per
357 5364 599 5433 Spiritus
648 5373 867 5433 sanctus
904 5377 1043 5433 cum,
1072 5362 1300 5415 articulo
1331 5364 1675 5433 nominetur;
1719 5371 1778 5415 ut

211 5430 267 5487 in
293 5434 385 5487 illo
404 5430 439 5487 V:
473 5452 491 5482 ι
522 5433 663 5486 Αὐτὸ
688 5432 750 5485 τὸ
785 5430 1112 5502 Πνεῦμα(ἱ(1
1148 5441 1251 5495 εει,
1290 5449 1309 5481 ι
1331 5430 1447 5499 Ipse
1469 5431 1702 5502 Spiritus
1730 5432 1775 5501 ι)

212 5504 581 5556 te~timonium
644 5504 887 5571 perhibet
941 5501 1163 5571 spiritui
1224 5512 1429 5556 nostro.
1462 5519 1480 5553 ι
1514 5502 1577 5555 Et
1602 5501 1771 5557 alibi:

210 5572 287 5625 Τὸ
306 5573 533 5643 Πνεῦμα
566 5571 652 5641 (id
678 5584 779 5637 εει,
815 5593 833 5625 ι
870 5572 1101 5643 Spiritus
1120 5571 1166 5640 ι)
1226 5583 1309 5626 est
1343 5572 1433 5640 qui
1470 5573 1722 5626 viviﬁcat.
1756 5591 1771 5621 ι

212 5643 285 5696 Ει
309 5642 524 5696 rursum
561 5660 575 5694 :
619 5661 637 5693 ι
663 5643 754 5697 Sic
778 5654 830 5697 et
862 5658 983 5710 qua:
1010 5642 1105 5695 Dei
1140 5651 1286 5705 sunt,
1319 5657 1475 5696 nemo
1508 5642 1775 5710 cognovit,

218 5714 319 5765 nisi
348 5713 412 5766 τὸ
459 5712 685 5783 Πνεῦμα
730 5712 863 5765 Θεοῦ
893 5713 986 5781 (id
1014 5721 1115 5776 est,
1141 5730 1159 5763 ι
1198 5711 1431 5783 Spiritus
1482 5712 1572 5766 Dei
1596 5712 1641 5779 ι)
1674 5728 1688 5763 :
1720 5713 1779 5764 τὸ

218 5782 445 5854 Πνεῦμα
467 5784 574 5855 γάρ
601 5781 732 5853 (hoc
754 5795 852 5847 εει,
876 5802 894 5834 ι
916 5783 1146 5850 Spiritus
1171 5787 1312 5838 enim
1339 5781 1384 5851 ι)
1409 5784 1589 5837 omnia
1637 5797 1779 5837 scru-

1964 4593 2055 4662 58)
2099 4592 2321 4658 Spiritu.
2365 4593 2544 4647 Galat.
2583 4592 2753 4658 v,16.

1965 4660 2053 4733 59)
2094 4662 2232 4727 Quia
2262 4666 2521 4728 exoritur,
2552 4675 2657 4718 etc.
2705 4663 2759 4715 In
2797 4661 2995 4733 libiDe
3024 4660 3225 4733 Spiritu
3258 4668 3439 4731 sanam

1872 4730 2042 4787 nuin.'
2080 4734 2167 4796 14,
2231 4734 2297 4787 15
2348 4734 2460 4787 Inec
2524 4736 2684 4787 habet
2729 4746 2744 4785 :
2807 4750 2826 4781 ι
2871 4731 2938 4787 Ut
2990 4730 3239 4784 salutaris
3311 4730 3442 4796 aqu.

1872 4783 2199 4875 opportunis
2237 4783 2472 4875 vllatibu's
2524 4783 2759 4875 inspiret
2808 4783 3006 4875 (eodeit
3056 4807 3239 4875 noster
3282 4783 3443 4875 ltpbet

1871 4852 2030 4949 gata
2048 4852 3103 4949 βῑῑῖιξβςίέιῑδτράέῖξ·ξῂρῖιξάίεξρνρ
3126 4867 3279 4949 ut...

1873 4944 1963 5010 qui
2013 4940 2109 5012 per
2138 4940 2287 4997 aeris
2323 4940 2520 4996 motum
2574 4943 2898 5005 efﬁciuntur,
2930 4940 3314 5007 dispositione!
3345 4954 3441 5012 sua

1874 5008 2047 5066 duxit.
2074 5032 2092 5063 ι
2145 5013 2208 5067 Ει
2259 5028 2377 5067 mox
2414 5032 2427 5067 :
2466 5032 2484 5065 ι
2513 5012 2667 5067 Nunc
2714 5022 2891 5066 autem
2939 5018 3331 5078 consequenter
3374 5008 3443 5061 de

1874 5082 1997 5135 ﬂatu
2051 5084 2250 5137 dictum
2312 5092 2471 5149 est,r
2520 5084 2619 5150 Qui
2670 5085 2832 5145 creo),
2875 5100 2893 5132 ι
2936 5082 3060 5148 quia
3124 5094 3225 5131 non
3277 5078 3441 5150 semel

1876 5153 2017 5274 :enti
2045 5152 2169 5208 facti
2194 5164 2340 5219 sunt,
2382 5155 2475 5207 sed
2511 5149 2563 5207 in
2591 5168 2654 5207 eo
2676 5152 2816 5222 quod
2840 5151 3169 5215 subsistunt,
3205 5149 3443 5217 quotidie

1894 5231 2027 5274 Iunt.
2050 5241 2069 5273 ι

1892 5221 2027 5278 iunt.
2050 5241 2069 5273 ι

1948 5292 2063 5363 (60)
2137 5292 2427 5346 Verborum
2497 5294 2680 5347 ordine
2743 5290 3129 5363 aliquantulum
3214 5292 3437 5341 inverso.

1877 5361 2084 5427 Graece,
2128 5363 2537 5434 ὑστερομέσως·
2580 5379 2737 5434 quam
2782 5378 2965 5434 vocent
3004 5361 3225 5414 Latinus
3266 5373 3443 5433 sermo

1879 5446 1985 5506 nuo
2009 5503 2018 5506 _
2042 5430 2304 5506 vocabulo
2332 5430 2612 5506 'reddere'
2652 5434 2858 5506 nequit.
2889 5430 3276 5506 ATunc_autent
3323 5432 3444 5506 quis

1877 5502 2115 5574 loquitur
2152 5504 2551 5574 ὑπερομέσως,
2596 5500 2809 5572 quando
2847 5504 2899 5556 id
2942 5502 3083 5571 quod
3120 5500 3350 5574 medium
3390 5500 3443 5547 in

1880 5573 2100 5640 periodo
2131 5570 2368 5641 ponitur,
2406 5575 2483 5627 sic
2506 5570 2874 5644 accipiendum
2902 5570 3002 5639 est,
3031 5570 3185 5640 quasi
3215 5582 3444 5637 ponere-

1879 5650 1965 5694 tur
2001 5654 2320 5696 extremum.

1954 5710 2066 5780 (61)
2107 5713 2275 5765 Duras
2306 5714 2520 5779 cervice,
2546 5722 2647 5769 etc.
2672 5712 2870 5768 Biblica
2894 5710 3091 5768 locutio
3116 5723 3177 5764 ex
3204 5706 3321 5761 Act.
3345 5718 3444 5767 vn,

1883 5782 1970 5847 5i,
2000 5785 2297 5853 desumpta.
