  <div class='ocr_page' id='page_1' title='image "/cluster/home/n/w/nwhite01/storage/ocr_20150623/39/hvd.32044037979440/489.png"; bbox 0 0 4042 6404; ppageno 0'>
   <div class='ocr_carea' id='block_1_1' title="bbox 651 307 3828 366">
    <p class='ocr_par' dir='ltr' id='par_1_1' title="bbox 651 307 3828 366">
     <span class='ocr_line' id='line_1_1' title="bbox 651 307 3828 366; baseline -0.001 0"><span class='ocrx_word' id='word_1_1' title='bbox 651 310 760 366; x_wconf 74' lang='grc'><strong>955</strong></span> <span class='ocrx_word' id='word_1_2' title='bbox 1855 307 2084 362; x_wconf 82' lang='lat' dir='ltr'><strong>DIDYMI</strong></span> <span class='ocrx_word' id='word_1_3' title='bbox 2125 307 2590 363; x_wconf 80' lang='lat' dir='ltr'><strong>ALEXANDRINI</strong></span> <span class='ocrx_word' id='word_1_4' title='bbox 3743 309 3828 363; x_wconf 74' lang='lat'><strong>956</strong></span> 
     </span>
    </p>
   </div>
   <div class='ocr_carea' id='block_1_2' title="bbox 656 419 2252 496">
    <p class='ocr_par' dir='ltr' id='par_1_2' title="bbox 656 421 2252 492">
     <span class='ocr_line' id='line_1_2' title="bbox 656 421 2252 492; baseline -0.004 -11"><span class='ocrx_word' id='word_1_5' title='bbox 656 426 858 481; x_wconf 86' lang='lat' dir='ltr'><strong>nifesto</strong></span> <span class='ocrx_word' id='word_1_6' title='bbox 883 421 1186 480; x_wconf 76' lang='lat' dir='ltr'><strong>ostendisti.</strong></span> <span class='ocrx_word' id='word_1_7' title='bbox 1220 421 1476 492; x_wconf 76' lang='lat' dir='ltr'><strong>Designat</strong></span> <span class='ocrx_word' id='word_1_8' title='bbox 1519 427 1697 476; x_wconf 87' lang='lat' dir='ltr'><strong>autem</strong></span> <span class='ocrx_word' id='word_1_9' title='bbox 1744 423 2003 489; x_wconf 89' lang='lat' dir='ltr'><strong>propheta</strong></span> <span class='ocrx_word' id='word_1_10' title='bbox 2037 422 2137 476; x_wconf 83' lang='lat' dir='ltr'><strong>hoc</strong></span> <span class='ocrx_word' id='word_1_11' title='bbox 2165 422 2216 475; x_wconf 92' lang='lat' dir='ltr'><strong>in</strong></span> <span class='ocrx_word' id='word_1_12' title='bbox 2245 475 2252 487; x_wconf 47' lang='grc'><strong>,</strong></span> 
     </span>
    </p>
   </div>
   <div class='ocr_carea' id='block_1_3' title="bbox 2235 419 3831 496">
    <p class='ocr_par' dir='ltr' id='par_1_3' title="bbox 2245 419 3831 496">
     <span class='ocr_line' id='line_1_3' title="bbox 2245 419 3831 496; baseline 0 -19"><span class='ocrx_word' id='word_1_13' title='bbox 2245 432 2290 487; x_wconf 78' lang='grc' dir='ltr'>Α</span> <span class='ocrx_word' id='word_1_14' title='bbox 2321 423 2553 495; x_wconf 83' lang='grc' dir='ltr'>στερεῶν</span> <span class='ocrx_word' id='word_1_15' title='bbox 2586 422 2831 493; x_wconf 83' lang='grc' dir='ltr'>βροντὴν,</span> <span class='ocrx_word' id='word_1_16' title='bbox 2865 421 2958 476; x_wconf 73' lang='grc' dir='ltr'>καὶ</span> <span class='ocrx_word' id='word_1_17' title='bbox 2987 421 3187 485; x_wconf 78' lang='grc' dir='ltr'>κτίζων</span> <span class='ocrx_word' id='word_1_18' title='bbox 3212 419 3444 491; x_wconf 80' lang='grc' dir='ltr'>πνεῦμα,</span> <span class='ocrx_word' id='word_1_19' title='bbox 3474 421 3562 474; x_wconf 78' lang='grc' dir='ltr'>καὶ</span> <span class='ocrx_word' id='word_1_20' title='bbox 3588 423 3734 476; x_wconf 77' lang='grc' dir='ltr'>ποιῶν</span> <span class='ocrx_word' id='word_1_21' title='bbox 3757 427 3831 496; x_wconf 73' lang='grc' dir='ltr'><strong>δρ-</strong></span> 
     </span>
    </p>
   </div>
   <div class='ocr_carea' id='block_1_4' title="bbox 661 506 2257 586">
    <p class='ocr_par' dir='ltr' id='par_1_4' title="bbox 661 506 2216 585">
     <span class='ocr_line' id='line_1_4' title="bbox 661 506 2216 585; baseline -0.005 -16"><span class='ocrx_word' id='word_1_22' title='bbox 661 515 782 572; x_wconf 90' lang='lat' dir='ltr'><strong>loco</strong></span> <span class='ocrx_word' id='word_1_23' title='bbox 805 514 1136 585; x_wconf 83' lang='lat' dir='ltr'><strong>unigenitum</strong></span> <span class='ocrx_word' id='word_1_24' title='bbox 1155 512 1345 567; x_wconf 87' lang='lat' dir='ltr'><strong>Filium</strong></span> <span class='ocrx_word' id='word_1_25' title='bbox 1373 510 1484 563; x_wconf 89' lang='lat' dir='ltr'><strong>Dei.</strong></span> <span class='ocrx_word' id='word_1_26' title='bbox 1523 527 1542 561; x_wconf 84' lang='lat' dir='ltr'><strong>t</strong></span> <span class='ocrx_word' id='word_1_27' title='bbox 1584 508 1716 576; x_wconf 89' lang='lat' dir='ltr'><strong>Quia</strong></span> <span class='ocrx_word' id='word_1_28' title='bbox 1755 509 1973 561; x_wconf 83' lang='lat' dir='ltr'><strong>firmans</strong></span> <span class='ocrx_word' id='word_1_29' title='bbox 2004 506 2216 578; x_wconf 51' lang='grc' dir='ltr'><strong>(ϐᾶ)ιο-</strong></span> 
     </span>
    </p>
   </div>
   <div class='ocr_carea' id='block_1_5' title="bbox 2235 506 3831 586">
    <p class='ocr_par' dir='ltr' id='par_1_5' title="bbox 2319 510 3831 586">
     <span class='ocr_line' id='line_1_5' title="bbox 2319 510 3831 586; baseline 0.001 -22"><span class='ocrx_word' id='word_1_30' title='bbox 2319 511 2446 581; x_wconf 86' lang='grc' dir='ltr'>θρον</span> <span class='ocrx_word' id='word_1_31' title='bbox 2479 511 2572 564; x_wconf 76' lang='grc' dir='ltr'>καὶ</span> <span class='ocrx_word' id='word_1_32' title='bbox 2609 511 2860 582; x_wconf 85' lang='grc' dir='ltr'>ὁμίχλην,</span> <span class='ocrx_word' id='word_1_33' title='bbox 2902 510 2997 564; x_wconf 79' lang='grc' dir='ltr'>καὶ</span> <span class='ocrx_word' id='word_1_34' title='bbox 3027 511 3317 564; x_wconf 79' lang='grc' dir='ltr'>ἐπιϐαίνων</span> <span class='ocrx_word' id='word_1_35' title='bbox 3347 511 3436 564; x_wconf 77' lang='grc' dir='ltr'><strong>ἐπὶ</strong></span> <span class='ocrx_word' id='word_1_36' title='bbox 3462 510 3527 564; x_wconf 81' lang='grc' dir='ltr'><strong>τὰ</strong></span> <span class='ocrx_word' id='word_1_37' title='bbox 3561 512 3722 582; x_wconf 73' lang='grc' dir='ltr'>ὑψηλὰ</span> <span class='ocrx_word' id='word_1_38' title='bbox 3756 517 3831 586; x_wconf 86' lang='grc' dir='ltr'>τῆς</span> 
     </span>
    </p>
   </div>
   <div class='ocr_carea' id='block_1_6' title="bbox 654 601 2250 674">
    <p class='ocr_par' dir='ltr' id='par_1_6' title="bbox 654 601 2217 673">
     <span class='ocr_line' id='line_1_6' title="bbox 654 601 2217 673; baseline -0.006 -10"><span class='ocrx_word' id='word_1_39' title='bbox 654 610 911 670; x_wconf 89' lang='lat' dir='ltr'><strong>nitruum,</strong></span> <span class='ocrx_word' id='word_1_40' title='bbox 946 615 1000 662; x_wconf 93' lang='lat' dir='ltr'><strong>et</strong></span> <span class='ocrx_word' id='word_1_41' title='bbox 1048 620 1239 660; x_wconf 91' lang='lat' dir='ltr'><strong>creans</strong></span> <span class='ocrx_word' id='word_1_42' title='bbox 1281 603 1551 673; x_wconf 92' lang='lat' dir='ltr'><strong>spiritum,</strong></span> <span class='ocrx_word' id='word_1_43' title='bbox 1603 611 1658 656; x_wconf 91' lang='lat' dir='ltr'><strong>et</strong></span> <span class='ocrx_word' id='word_1_44' title='bbox 1697 601 1898 656; x_wconf 83' lang='lat' dir='ltr'><strong>faciens</strong></span> <span class='ocrx_word' id='word_1_45' title='bbox 1931 601 2217 656; x_wconf 86' lang='lat' dir='ltr'><strong>diluculum</strong></span> 
     </span>
    </p>
   </div>
   <div class='ocr_carea' id='block_1_7' title="bbox 2236 601 3832 674">
    <p class='ocr_par' dir='ltr' id='par_1_7' title="bbox 2317 601 3832 674">
     <span class='ocr_line' id='line_1_7' title="bbox 2317 601 3832 674; baseline 0.006 -23"><span class='ocrx_word' id='word_1_46' title='bbox 2317 606 2441 673; x_wconf 79' lang='grc' dir='ltr'>γῆς’</span> <span class='ocrx_word' id='word_1_47' title='bbox 2473 601 2675 673; x_wconf 85' lang='grc' dir='ltr'>Κύριος</span> <span class='ocrx_word' id='word_1_48' title='bbox 2700 603 2729 654; x_wconf 92' lang='lat'><strong>6</strong></span> <span class='ocrx_word' id='word_1_49' title='bbox 2749 603 2880 666; x_wconf 85' lang='grc' dir='ltr'><strong>Θεὸς</strong></span> <span class='ocrx_word' id='word_1_50' title='bbox 2907 605 2936 656; x_wconf 91' lang='lat'><strong>6</strong></span> <span class='ocrx_word' id='word_1_51' title='bbox 2969 601 3357 673; x_wconf 85' lang='grc' dir='ltr'>παντοκράτωρ</span> <span class='ocrx_word' id='word_1_52' title='bbox 3381 602 3544 673; x_wconf 74' lang='grc' dir='ltr'>δνομα</span> <span class='ocrx_word' id='word_1_53' title='bbox 3566 603 3697 674; x_wconf 81' lang='grc' dir='ltr'>αὐτῷ</span> <span class='ocrx_word' id='word_1_54' title='bbox 3714 622 3726 636; x_wconf 73' lang='grc'><strong><em>⁸</em></strong></span> <span class='ocrx_word' id='word_1_55' title='bbox 3747 607 3832 660; x_wconf 77' lang='grc' dir='ltr'>ίδοὺ</span> 
     </span>
    </p>
   </div>
   <div class='ocr_carea' id='block_1_8' title="bbox 655 690 2251 763">
    <p class='ocr_par' dir='ltr' id='par_1_8' title="bbox 655 691 2222 761">
     <span class='ocr_line' id='line_1_8' title="bbox 655 691 2222 761; baseline -0.003 -10"><span class='ocrx_word' id='word_1_56' title='bbox 655 709 712 753; x_wconf 85' lang='lat' dir='ltr'><strong>et</strong></span> <span class='ocrx_word' id='word_1_57' title='bbox 744 697 1020 761; x_wconf 89' lang='lat' dir='ltr'><strong>nebulam,</strong></span> <span class='ocrx_word' id='word_1_58' title='bbox 1058 705 1110 749; x_wconf 91' lang='lat' dir='ltr'><strong>et</strong></span> <span class='ocrx_word' id='word_1_59' title='bbox 1137 693 1437 748; x_wconf 89' lang='lat' dir='ltr'><strong>ascendens</strong></span> <span class='ocrx_word' id='word_1_60' title='bbox 1475 692 1541 746; x_wconf 88' lang='lat' dir='ltr'><strong>ad</strong></span> <span class='ocrx_word' id='word_1_61' title='bbox 1571 691 1782 746; x_wconf 84' lang='lat' dir='ltr'><strong>excelsa</strong></span> <span class='ocrx_word' id='word_1_62' title='bbox 1815 701 2000 745; x_wconf 79' lang='lat' dir='ltr'><strong>teme:</strong></span> <span class='ocrx_word' id='word_1_63' title='bbox 2043 691 2222 746; x_wconf 87' lang='lat' dir='ltr'><strong>Domi-</strong></span> 
     </span>
    </p>
   </div>
   <div class='ocr_carea' id='block_1_9' title="bbox 2238 690 3834 763">
    <p class='ocr_par' dir='ltr' id='par_1_9' title="bbox 2319 690 3834 763">
     <span class='ocr_line' id='line_1_9' title="bbox 2319 690 3834 763; baseline 0.003 -17"><span class='ocrx_word' id='word_1_64' title='bbox 2319 690 2674 761; x_wconf 85' lang='grc' dir='ltr'>ἀπαγγέλλων</span> <span class='ocrx_word' id='word_1_65' title='bbox 2705 693 2782 755; x_wconf 91' lang='grc' dir='ltr'><strong>είς</strong></span> <span class='ocrx_word' id='word_1_66' title='bbox 2793 691 3110 763; x_wconf 82' lang='grc' dir='ltr'><strong>ἀνθρώπους</strong></span> <span class='ocrx_word' id='word_1_67' title='bbox 3125 692 3212 745; x_wconf 82' lang='grc' dir='ltr'>τὸν</span> <span class='ocrx_word' id='word_1_68' title='bbox 3231 693 3271 746; x_wconf 82' lang='grc' dir='ltr'>Χ</span> <span class='ocrx_word' id='word_1_69' title='bbox 3285 693 3461 763; x_wconf 80' lang='grc' dir='ltr'><strong>ριστὸν</strong></span> <span class='ocrx_word' id='word_1_70' title='bbox 3488 692 3661 747; x_wconf 79' lang='grc' dir='ltr'>αὑτοῦ.</span> <span class='ocrx_word' id='word_1_71' title='bbox 3685 713 3702 746; x_wconf 75' lang='grc' dir='ltr'><strong>ι</strong></span> <span class='ocrx_word' id='word_1_72' title='bbox 3723 697 3834 750; x_wconf 82' lang='grc' dir='ltr'>Πότε</span> 
     </span>
    </p>
   </div>
   <div class='ocr_carea' id='block_1_10' title="bbox 661 779 2257 856">
    <p class='ocr_par' dir='ltr' id='par_1_10' title="bbox 661 783 2221 855">
     <span class='ocr_line' id='line_1_10' title="bbox 661 783 2221 855; baseline -0.005 -11"><span class='ocrx_word' id='word_1_73' title='bbox 661 805 767 844; x_wconf 90' lang='lat' dir='ltr'><strong>nus</strong></span> <span class='ocrx_word' id='word_1_74' title='bbox 827 789 965 843; x_wconf 86' lang='lat' dir='ltr'><strong>Deus</strong></span> <span class='ocrx_word' id='word_1_75' title='bbox 1012 786 1375 855; x_wconf 89' lang='lat' dir='ltr'><strong>omnipotens,</strong></span> <span class='ocrx_word' id='word_1_76' title='bbox 1433 799 1624 838; x_wconf 89' lang='lat' dir='ltr'><strong>nomen</strong></span> <span class='ocrx_word' id='word_1_77' title='bbox 1670 783 1717 838; x_wconf 91' lang='lat' dir='ltr'><strong>ei</strong></span> <span class='ocrx_word' id='word_1_78' title='bbox 1766 798 1781 834; x_wconf 87' lang='lat'><strong>:</strong></span> <span class='ocrx_word' id='word_1_79' title='bbox 1833 797 1962 838; x_wconf 90' lang='lat' dir='ltr'><strong>ecce</strong></span> <span class='ocrx_word' id='word_1_80' title='bbox 2013 797 2221 837; x_wconf 89' lang='lat' dir='ltr'><strong>annun-</strong></span> 
     </span>
    </p>
   </div>
   <div class='ocr_carea' id='block_1_11' title="bbox 2241 779 3837 856">
    <p class='ocr_par' dir='ltr' id='par_1_11' title="bbox 2319 779 3837 856">
     <span class='ocr_line' id='line_1_11' title="bbox 2319 779 3837 856; baseline -0.001 -19"><span class='ocrx_word' id='word_1_81' title='bbox 2319 779 2433 848; x_wconf 80' lang='grc' dir='ltr'>οὖν,</span> <span class='ocrx_word' id='word_1_82' title='bbox 2463 784 2558 837; x_wconf 79' lang='grc' dir='ltr'>καὶ</span> <span class='ocrx_word' id='word_1_83' title='bbox 2582 781 2698 848; x_wconf 87' lang='grc' dir='ltr'><strong>πῶς</strong></span> <span class='ocrx_word' id='word_1_84' title='bbox 2737 784 3068 855; x_wconf 82' lang='grc' dir='ltr'>ἀπήγγειλεν</span> <span class='ocrx_word' id='word_1_85' title='bbox 3115 783 3307 850; x_wconf 83' lang='grc' dir='ltr'>αὺτόν;</span> <span class='ocrx_word' id='word_1_86' title='bbox 3345 785 3469 836; x_wconf 83' lang='grc' dir='ltr'>Ὅτε</span> <span class='ocrx_word' id='word_1_87' title='bbox 3515 783 3700 854; x_wconf 75' lang='grc' dir='ltr'>ἔφησεν</span> <span class='ocrx_word' id='word_1_88' title='bbox 3733 787 3837 856; x_wconf 69' lang='grc' dir='ltr'>ὑψό-</span> 
     </span>
    </p>
   </div>
   <div class='ocr_carea' id='block_1_12' title="bbox 661 869 2257 950">
    <p class='ocr_par' dir='ltr' id='par_1_12' title="bbox 661 873 2216 950">
     <span class='ocr_line' id='line_1_12' title="bbox 661 873 2216 950; baseline -0.006 -16"><span class='ocrx_word' id='word_1_89' title='bbox 661 883 806 936; x_wconf 90' lang='lat' dir='ltr'><strong>tians</strong></span> <span class='ocrx_word' id='word_1_90' title='bbox 858 880 972 950; x_wconf 80' lang='grc'>(65)</span> <span class='ocrx_word' id='word_1_91' title='bbox 1007 880 1146 933; x_wconf 90' lang='lat' dir='ltr'><strong>inter</strong></span> <span class='ocrx_word' id='word_1_92' title='bbox 1195 877 1442 932; x_wconf 89' lang='lat' dir='ltr'><strong>homines</strong></span> <span class='ocrx_word' id='word_1_93' title='bbox 1472 874 1638 945; x_wconf 65' lang='grc'><strong>428</strong></span> <span class='ocrx_word' id='word_1_94' title='bbox 1674 873 1946 929; x_wconf 85' lang='lat' dir='ltr'><strong>Christum</strong></span> <span class='ocrx_word' id='word_1_95' title='bbox 1994 889 2172 928; x_wconf 93' lang='lat' dir='ltr'><strong>suum.</strong></span> <span class='ocrx_word' id='word_1_96' title='bbox 2197 892 2216 925; x_wconf 78' lang='grc' dir='ltr'><strong>ι</strong></span> 
     </span>
    </p>
   </div>
   <div class='ocr_carea' id='block_1_13' title="bbox 2239 869 3835 950">
    <p class='ocr_par' dir='ltr' id='par_1_13' title="bbox 2322 869 3835 950">
     <span class='ocr_line' id='line_1_13' title="bbox 2322 869 3835 950; baseline 0.003 -22"><span class='ocrx_word' id='word_1_97' title='bbox 2322 875 2433 929; x_wconf 86' lang='grc' dir='ltr'><strong>θεν·</strong></span> <span class='ocrx_word' id='word_1_98' title='bbox 2456 893 2475 926; x_wconf 84' lang='lat' dir='ltr'><strong>t</strong></span> <span class='ocrx_word' id='word_1_99' title='bbox 2495 869 2660 939; x_wconf 75' lang='grc' dir='ltr'>Οὗτός</span> <span class='ocrx_word' id='word_1_100' title='bbox 2683 877 2827 930; x_wconf 77' lang='grc' dir='ltr'>ἐστιν</span> <span class='ocrx_word' id='word_1_101' title='bbox 2852 877 2880 928; x_wconf 97' lang='lat'><strong>6</strong></span> <span class='ocrx_word' id='word_1_102' title='bbox 2902 875 3029 940; x_wconf 84' lang='grc' dir='ltr'>Υίός</span> <span class='ocrx_word' id='word_1_103' title='bbox 3047 894 3148 946; x_wconf 87' lang='grc' dir='ltr'>μου</span> <span class='ocrx_word' id='word_1_104' title='bbox 3165 877 3193 928; x_wconf 94' lang='lat'><strong>6</strong></span> <span class='ocrx_word' id='word_1_105' title='bbox 3211 877 3504 946; x_wconf 80' lang='grc' dir='ltr'>ἀγαπητὸς,</span> <span class='ocrx_word' id='word_1_106' title='bbox 3518 879 3573 930; x_wconf 80' lang='grc' dir='ltr'><strong>ὲν</strong></span> <span class='ocrx_word' id='word_1_107' title='bbox 3587 873 3628 944; x_wconf 81' lang='grc' dir='ltr'><strong>ᾧ</strong></span> <span class='ocrx_word' id='word_1_108' title='bbox 3650 878 3835 950; x_wconf 80' lang='grc' dir='ltr'>εὐδόκη-</span> 
     </span>
    </p>
   </div>
   <div class='ocr_carea' id='block_1_14' title="bbox 660 962 2256 1043">
    <p class='ocr_par' dir='ltr' id='par_1_14' title="bbox 660 965 2224 1043">
     <span class='ocr_line' id='line_1_14' title="bbox 660 965 2224 1043; baseline -0.005 -17"><span class='ocrx_word' id='word_1_109' title='bbox 660 973 1014 1039; x_wconf 81' lang='lat' dir='ltr'><strong>Quandonam</strong></span> <span class='ocrx_word' id='word_1_110' title='bbox 1040 971 1152 1043; x_wconf 68' lang='grc'><strong>(64)</strong></span> <span class='ocrx_word' id='word_1_111' title='bbox 1173 985 1323 1039; x_wconf 76' lang='lat' dir='ltr'><strong>ergo,</strong></span> <span class='ocrx_word' id='word_1_112' title='bbox 1353 977 1406 1022; x_wconf 91' lang='lat' dir='ltr'><strong>et</strong></span> <span class='ocrx_word' id='word_1_113' title='bbox 1431 969 1696 1037; x_wconf 91' lang='lat' dir='ltr'><strong>quomodo</strong></span> <span class='ocrx_word' id='word_1_114' title='bbox 1713 966 2048 1020; x_wconf 82' lang='lat' dir='ltr'><strong>annuntiavit</strong></span> <span class='ocrx_word' id='word_1_115' title='bbox 2068 965 2224 1020; x_wconf 85' lang='lat' dir='ltr'><strong>eum?</strong></span> 
     </span>
    </p>
   </div>
   <div class='ocr_carea' id='block_1_15' title="bbox 2240 962 3836 1043">
    <p class='ocr_par' dir='ltr' id='par_1_15' title="bbox 2324 962 3836 1036">
     <span class='ocr_line' id='line_1_15' title="bbox 2324 962 3836 1036; baseline 0.004 -20"><span class='ocrx_word' id='word_1_116' title='bbox 2324 981 2410 1017; x_wconf 92' lang='grc' dir='ltr'><strong>σα.</strong></span> <span class='ocrx_word' id='word_1_117' title='bbox 2442 983 2460 1015; x_wconf 79' lang='grc' dir='ltr'><strong>ι</strong></span> <span class='ocrx_word' id='word_1_118' title='bbox 2505 963 2776 1034; x_wconf 79' lang='grc' dir='ltr'>Πολλαχοῦ</span> <span class='ocrx_word' id='word_1_119' title='bbox 2810 963 2867 1016; x_wconf 85' lang='grc' dir='ltr'><strong>δὲ</strong></span> <span class='ocrx_word' id='word_1_120' title='bbox 2905 963 3002 1034; x_wconf 85' lang='grc' dir='ltr'>μία</span> <span class='ocrx_word' id='word_1_121' title='bbox 3039 965 3104 1016; x_wconf 84' lang='grc' dir='ltr'>ὲκ</span> <span class='ocrx_word' id='word_1_122' title='bbox 3127 963 3236 1018; x_wconf 90' lang='grc' dir='ltr'><strong>τῶν</strong></span> <span class='ocrx_word' id='word_1_123' title='bbox 3265 962 3430 1036; x_wconf 84' lang='grc' dir='ltr'>τριῶν</span> <span class='ocrx_word' id='word_1_124' title='bbox 3463 963 3612 1018; x_wconf 80' lang='grc' dir='ltr'>θείων</span> <span class='ocrx_word' id='word_1_125' title='bbox 3643 966 3836 1022; x_wconf 74' lang='grc' dir='ltr'>ὑποστά·</span> 
     </span>
    </p>
   </div>
   <div class='ocr_carea' id='block_1_16' title="bbox 663 1055 2259 1133">
    <p class='ocr_par' dir='ltr' id='par_1_16' title="bbox 663 1057 2226 1133">
     <span class='ocr_line' id='line_1_16' title="bbox 663 1057 2226 1133; baseline -0.004 -15"><span class='ocrx_word' id='word_1_126' title='bbox 663 1065 890 1133; x_wconf 85' lang='lat' dir='ltr'><strong>Quando</strong></span> <span class='ocrx_word' id='word_1_127' title='bbox 923 1064 1058 1119; x_wconf 92' lang='lat' dir='ltr'><strong>dixit</strong></span> <span class='ocrx_word' id='word_1_128' title='bbox 1119 1078 1150 1118; x_wconf 93' lang='lat' dir='ltr'><strong>e</strong></span> <span class='ocrx_word' id='word_1_129' title='bbox 1203 1062 1383 1117; x_wconf 79' lang='lat' dir='ltr'><strong>ctelo:</strong></span> <span class='ocrx_word' id='word_1_130' title='bbox 1434 1079 1452 1111; x_wconf 75' lang='grc' dir='ltr'><strong>ι</strong></span> <span class='ocrx_word' id='word_1_131' title='bbox 1490 1059 1586 1113; x_wconf 86' lang='lat' dir='ltr'><strong>Hic</strong></span> <span class='ocrx_word' id='word_1_132' title='bbox 1609 1067 1691 1113; x_wconf 91' lang='lat' dir='ltr'><strong>est</strong></span> <span class='ocrx_word' id='word_1_133' title='bbox 1729 1058 1896 1113; x_wconf 86' lang='lat' dir='ltr'><strong>Filius</strong></span> <span class='ocrx_word' id='word_1_134' title='bbox 1920 1071 2070 1111; x_wconf 88' lang='lat' dir='ltr'><strong>meus</strong></span> <span class='ocrx_word' id='word_1_135' title='bbox 2094 1057 2226 1111; x_wconf 87' lang='lat' dir='ltr'><strong>dile—</strong></span> 
     </span>
    </p>
   </div>
   <div class='ocr_carea' id='block_1_17' title="bbox 2239 1055 3835 1133">
    <p class='ocr_par' dir='ltr' id='par_1_17' title="bbox 2326 1055 3835 1127">
     <span class='ocr_line' id='line_1_17' title="bbox 2326 1055 3835 1127; baseline 0.001 -19"><span class='ocrx_word' id='word_1_136' title='bbox 2326 1073 2460 1108; x_wconf 83' lang='grc' dir='ltr'>σεων</span> <span class='ocrx_word' id='word_1_137' title='bbox 2484 1055 2733 1127; x_wconf 76' lang='grc' dir='ltr'>περὶτῆς</span> <span class='ocrx_word' id='word_1_138' title='bbox 2776 1055 2941 1126; x_wconf 75' lang='grc' dir='ltr'>ἄλλης</span> <span class='ocrx_word' id='word_1_139' title='bbox 2971 1057 3096 1126; x_wconf 80' lang='grc' dir='ltr'>μιᾶς</span> <span class='ocrx_word' id='word_1_140' title='bbox 3133 1055 3165 1126; x_wconf 82' lang='grc' dir='ltr'>ἢ</span> <span class='ocrx_word' id='word_1_141' title='bbox 3197 1055 3305 1111; x_wconf 87' lang='grc' dir='ltr'><strong>τῶν</strong></span> <span class='ocrx_word' id='word_1_142' title='bbox 3351 1055 3441 1110; x_wconf 85' lang='grc' dir='ltr'>δύο</span> <span class='ocrx_word' id='word_1_143' title='bbox 3486 1056 3699 1126; x_wconf 82' lang='grc' dir='ltr'><strong>λέγουσα</strong></span> <span class='ocrx_word' id='word_1_144' title='bbox 3740 1058 3835 1127; x_wconf 82' lang='grc' dir='ltr'>φαί-</span> 
     </span>
    </p>
   </div>
   <div class='ocr_carea' id='block_1_18' title="bbox 666 1145 2262 1227">
    <p class='ocr_par' dir='ltr' id='par_1_18' title="bbox 666 1148 2226 1227">
     <span class='ocr_line' id='line_1_18' title="bbox 666 1148 2226 1227; baseline -0.007 -14"><span class='ocrx_word' id='word_1_145' title='bbox 666 1169 809 1222; x_wconf 90' lang='lat' dir='ltr'><strong>ctus,</strong></span> <span class='ocrx_word' id='word_1_146' title='bbox 839 1159 892 1212; x_wconf 93' lang='lat' dir='ltr'><strong>in</strong></span> <span class='ocrx_word' id='word_1_147' title='bbox 918 1172 1026 1227; x_wconf 91' lang='lat' dir='ltr'><strong>quo</strong></span> <span class='ocrx_word' id='word_1_148' title='bbox 1049 1156 1187 1210; x_wconf 85' lang='lat' dir='ltr'><strong>bene</strong></span> <span class='ocrx_word' id='word_1_149' title='bbox 1215 1152 1540 1224; x_wconf 89' lang='lat' dir='ltr'><strong>complacui.</strong></span> <span class='ocrx_word' id='word_1_150' title='bbox 1565 1169 1583 1202; x_wconf 76' lang='grc' dir='ltr'><strong>ι</strong></span> <span class='ocrx_word' id='word_1_151' title='bbox 1629 1149 1809 1204; x_wconf 81' lang='lat' dir='ltr'><strong>Multis</strong></span> <span class='ocrx_word' id='word_1_152' title='bbox 1842 1163 1970 1204; x_wconf 91' lang='lat' dir='ltr'><strong>vero</strong></span> <span class='ocrx_word' id='word_1_153' title='bbox 2009 1148 2062 1202; x_wconf 93' lang='lat' dir='ltr'><strong>in</strong></span> <span class='ocrx_word' id='word_1_154' title='bbox 2094 1148 2226 1203; x_wconf 94' lang='lat' dir='ltr'><strong>locis</strong></span> 
     </span>
    </p>
   </div>
   <div class='ocr_carea' id='block_1_19' title="bbox 2239 1145 3835 1227">
    <p class='ocr_par' dir='ltr' id='par_1_19' title="bbox 2323 1145 3835 1219">
     <span class='ocr_line' id='line_1_19' title="bbox 2323 1145 3835 1219; baseline 0.002 -19"><span class='ocrx_word' id='word_1_155' title='bbox 2323 1163 2490 1209; x_wconf 91' lang='grc' dir='ltr'>νεται,</span> <span class='ocrx_word' id='word_1_156' title='bbox 2522 1145 2667 1200; x_wconf 79' lang='grc' dir='ltr'>καθὰ</span> <span class='ocrx_word' id='word_1_157' title='bbox 2696 1149 2752 1200; x_wconf 79' lang='grc' dir='ltr'>ὲν</span> <span class='ocrx_word' id='word_1_158' title='bbox 2781 1147 2858 1218; x_wconf 83' lang='grc' dir='ltr'>τῷ</span> <span class='ocrx_word' id='word_1_159' title='bbox 2886 1147 3085 1218; x_wconf 84' lang='grc' dir='ltr'>πρώτῳ</span> <span class='ocrx_word' id='word_1_160' title='bbox 3121 1147 3266 1219; x_wconf 84' lang='grc' dir='ltr'>λόγῳ</span> <span class='ocrx_word' id='word_1_161' title='bbox 3289 1147 3532 1202; x_wconf 81' lang='grc' dir='ltr'><strong>πλείοσιν</strong></span> <span class='ocrx_word' id='word_1_162' title='bbox 3583 1148 3835 1214; x_wconf 75' lang='grc' dir='ltr'><strong>ἀποδείξεσι</strong></span> 
     </span>
    </p>
   </div>
   <div class='ocr_carea' id='block_1_20' title="bbox 671 1238 2267 1314">
    <p class='ocr_par' dir='ltr' id='par_1_20' title="bbox 671 1238 2224 1314">
     <span class='ocr_line' id='line_1_20' title="bbox 671 1238 2224 1314; baseline -0.01 -9"><span class='ocrx_word' id='word_1_163' title='bbox 671 1264 833 1305; x_wconf 88' lang='lat' dir='ltr'><strong>unam</strong></span> <span class='ocrx_word' id='word_1_164' title='bbox 873 1264 938 1304; x_wconf 90' lang='lat' dir='ltr'><strong>ex</strong></span> <span class='ocrx_word' id='word_1_165' title='bbox 968 1246 1138 1302; x_wconf 88' lang='lat' dir='ltr'><strong>tribus</strong></span> <span class='ocrx_word' id='word_1_166' title='bbox 1177 1245 1370 1300; x_wconf 83' lang='lat' dir='ltr'><strong>divinis</strong></span> <span class='ocrx_word' id='word_1_167' title='bbox 1424 1241 1807 1314; x_wconf 84' lang='lat' dir='ltr'><strong>hypostasibus</strong></span> <span class='ocrx_word' id='word_1_168' title='bbox 1864 1240 1930 1294; x_wconf 92' lang='lat' dir='ltr'><strong>de</strong></span> <span class='ocrx_word' id='word_1_169' title='bbox 1959 1238 2061 1291; x_wconf 85' lang='lat' dir='ltr'><strong>alia</strong></span> <span class='ocrx_word' id='word_1_170' title='bbox 2121 1252 2224 1290; x_wconf 90' lang='lat' dir='ltr'><strong>una</strong></span> 
     </span>
    </p>
   </div>
   <div class='ocr_carea' id='block_1_21' title="bbox 2239 1238 3835 1314">
    <p class='ocr_par' dir='ltr' id='par_1_21' title="bbox 2323 1238 3835 1310">
     <span class='ocr_line' id='line_1_21' title="bbox 2323 1238 3835 1310; baseline 0.002 -21"><span class='ocrx_word' id='word_1_171' title='bbox 2323 1238 2383 1289; x_wconf 85' lang='grc' dir='ltr'>τὸ</span> <span class='ocrx_word' id='word_1_172' title='bbox 2426 1239 2554 1310; x_wconf 65' lang='grc' dir='ltr'><strong>περ)⁵</strong></span> <span class='ocrx_word' id='word_1_173' title='bbox 2601 1238 2796 1292; x_wconf 82' lang='grc' dir='ltr'>τούτου</span> <span class='ocrx_word' id='word_1_174' title='bbox 2833 1239 3125 1308; x_wconf 80' lang='grc' dir='ltr'>κεφάλαιον</span> <span class='ocrx_word' id='word_1_175' title='bbox 3167 1239 3502 1310; x_wconf 79' lang='grc' dir='ltr'>ήρμηνεύθη.</span> <span class='ocrx_word' id='word_1_176' title='bbox 3549 1239 3740 1310; x_wconf 79' lang='grc' dir='ltr'><strong>Ἀμέλει</strong></span> <span class='ocrx_word' id='word_1_177' title='bbox 3765 1241 3835 1292; x_wconf 74' lang='grc' dir='ltr'>καὶ</span> 
     </span>
    </p>
   </div>
   <div class='ocr_carea' id='block_1_22' title="bbox 665 1326 2261 1405">
    <p class='ocr_par' dir='ltr' id='par_1_22' title="bbox 665 1326 2223 1405">
     <span class='ocr_line' id='line_1_22' title="bbox 665 1326 2223 1405; baseline -0.007 -13"><span class='ocrx_word' id='word_1_178' title='bbox 665 1350 758 1393; x_wconf 89' lang='lat' dir='ltr'><strong>aut</strong></span> <span class='ocrx_word' id='word_1_179' title='bbox 785 1337 990 1393; x_wconf 90' lang='lat' dir='ltr'><strong>duabus</strong></span> <span class='ocrx_word' id='word_1_180' title='bbox 1018 1336 1160 1405; x_wconf 85' lang='lat' dir='ltr'><strong>loqui</strong></span> <span class='ocrx_word' id='word_1_181' title='bbox 1194 1343 1427 1396; x_wconf 80' lang='lat' dir='ltr'><strong>constat,</strong></span> <span class='ocrx_word' id='word_1_182' title='bbox 1489 1331 1630 1402; x_wconf 92' lang='lat' dir='ltr'><strong>quod</strong></span> <span class='ocrx_word' id='word_1_183' title='bbox 1657 1333 1708 1384; x_wconf 91' lang='lat' dir='ltr'><strong>in</strong></span> <span class='ocrx_word' id='word_1_184' title='bbox 1759 1326 2223 1399; x_wconf 73' lang='grc' dir='ltr'>ρτίιιιολόγῳ(65)</span> 
     </span>
    </p>
   </div>
   <div class='ocr_carea' id='block_1_23' title="bbox 2238 1326 3834 1405">
    <p class='ocr_par' dir='ltr' id='par_1_23' title="bbox 2323 1329 3834 1404">
     <span class='ocr_line' id='line_1_23' title="bbox 2323 1329 3834 1404; baseline 0.003 -24"><span class='ocrx_word' id='word_1_185' title='bbox 2323 1329 2421 1400; x_wconf 81' lang='grc' dir='ltr'>τῆς</span> <span class='ocrx_word' id='word_1_186' title='bbox 2468 1330 2926 1401; x_wconf 79' lang='grc' dir='ltr'>μνημονευθείσης</span> <span class='ocrx_word' id='word_1_187' title='bbox 2968 1329 3062 1384; x_wconf 79' lang='grc' dir='ltr'><strong>τοῦ</strong></span> <span class='ocrx_word' id='word_1_188' title='bbox 3103 1329 3283 1401; x_wconf 80' lang='grc' dir='ltr'><strong>’Δμὼς</strong></span> <span class='ocrx_word' id='word_1_189' title='bbox 3336 1332 3658 1404; x_wconf 83' lang='grc' dir='ltr'>προφητείας</span> <span class='ocrx_word' id='word_1_190' title='bbox 3694 1330 3834 1404; x_wconf 80' lang='grc' dir='ltr'>μικρῷ</span> 
     </span>
    </p>
   </div>
   <div class='ocr_carea' id='block_1_24' title="bbox 664 1418 2260 1499">
    <p class='ocr_par' dir='ltr' id='par_1_24' title="bbox 664 1420 2229 1499">
     <span class='ocr_line' id='line_1_24' title="bbox 664 1420 2229 1499; baseline -0.008 -16"><span class='ocrx_word' id='word_1_191' title='bbox 664 1427 906 1499; x_wconf 86' lang='lat' dir='ltr'><strong>pluribus</strong></span> <span class='ocrx_word' id='word_1_192' title='bbox 969 1426 1146 1480; x_wconf 82' lang='lat' dir='ltr'><strong>allatis</strong></span> <span class='ocrx_word' id='word_1_193' title='bbox 1188 1425 1480 1491; x_wconf 69' lang='lat' dir='ltr'><strong>Scriptura:</strong></span> <span class='ocrx_word' id='word_1_194' title='bbox 1518 1421 1837 1478; x_wconf 85' lang='lat' dir='ltr'><strong>testimoniis</strong></span> <span class='ocrx_word' id='word_1_195' title='bbox 1874 1429 2032 1488; x_wconf 82' lang='lat' dir='ltr'><strong>atque</strong></span> <span class='ocrx_word' id='word_1_196' title='bbox 2061 1420 2229 1473; x_wconf 85' lang='lat' dir='ltr'><strong>inter-</strong></span> 
     </span>
    </p>
   </div>
   <div class='ocr_carea' id='block_1_25' title="bbox 2239 1418 3835 1499">
    <p class='ocr_par' dir='ltr' id='par_1_25' title="bbox 2328 1418 3835 1493">
     <span class='ocr_line' id='line_1_25' title="bbox 2328 1418 3835 1493; baseline 0.004 -23"><span class='ocrx_word' id='word_1_197' title='bbox 2328 1418 2556 1488; x_wconf 80' lang='grc' dir='ltr'>πρόσθεν</span> <span class='ocrx_word' id='word_1_198' title='bbox 2589 1418 2743 1472; x_wconf 81' lang='grc' dir='ltr'>τοῦτο</span> <span class='ocrx_word' id='word_1_199' title='bbox 2767 1420 3098 1491; x_wconf 76' lang='grc' dir='ltr'>εὑρίσκεταιο</span> <span class='ocrx_word' id='word_1_200' title='bbox 3134 1421 3298 1491; x_wconf 81' lang='grc' dir='ltr'>φησὶν</span> <span class='ocrx_word' id='word_1_201' title='bbox 3332 1422 3439 1493; x_wconf 78' lang='grc' dir='ltr'>γάρ</span> <span class='ocrx_word' id='word_1_202' title='bbox 3460 1436 3475 1451; x_wconf 89' lang='grc'><strong>·</strong></span> <span class='ocrx_word' id='word_1_203' title='bbox 3511 1441 3529 1472; x_wconf 80' lang='lat' dir='ltr'><strong>t</strong></span> <span class='ocrx_word' id='word_1_204' title='bbox 3569 1421 3692 1474; x_wconf 81' lang='grc' dir='ltr'><strong>Τάδε</strong></span> <span class='ocrx_word' id='word_1_205' title='bbox 3721 1421 3835 1490; x_wconf 79' lang='grc' dir='ltr'>λέγει</span> 
     </span>
    </p>
   </div>
   <div class='ocr_carea' id='block_1_26' title="bbox 669 1506 2265 1587">
    <p class='ocr_par' dir='ltr' id='par_1_26' title="bbox 669 1506 2225 1587">
     <span class='ocr_line' id='line_1_26' title="bbox 669 1506 2225 1587; baseline -0.006 -17"><span class='ocrx_word' id='word_1_206' title='bbox 669 1515 1064 1587; x_wconf 89' lang='lat' dir='ltr'><strong>pretationibus</strong></span> <span class='ocrx_word' id='word_1_207' title='bbox 1079 1516 1501 1569; x_wconf 90' lang='lat' dir='ltr'><strong>demonstratum</strong></span> <span class='ocrx_word' id='word_1_208' title='bbox 1523 1520 1624 1566; x_wconf 91' lang='lat' dir='ltr'><strong>est.</strong></span> <span class='ocrx_word' id='word_1_209' title='bbox 1651 1509 1729 1565; x_wconf 88' lang='lat' dir='ltr'><strong>Ac</strong></span> <span class='ocrx_word' id='word_1_210' title='bbox 1751 1510 1925 1579; x_wconf 91' lang='lat' dir='ltr'><strong>reipsa</strong></span> <span class='ocrx_word' id='word_1_211' title='bbox 1950 1508 2082 1564; x_wconf 90' lang='lat' dir='ltr'><strong>etin</strong></span> <span class='ocrx_word' id='word_1_212' title='bbox 2111 1506 2225 1576; x_wconf 87' lang='lat'><strong>(66)</strong></span> 
     </span>
    </p>
   </div>
   <div class='ocr_carea' id='block_1_27' title="bbox 2240 1506 3836 1587">
    <p class='ocr_par' dir='ltr' id='par_1_27' title="bbox 2326 1507 3836 1583">
     <span class='ocr_line' id='line_1_27' title="bbox 2326 1507 3836 1583; baseline 0.006 -24"><span class='ocrx_word' id='word_1_213' title='bbox 2326 1507 2558 1579; x_wconf 80' lang='grc' dir='ltr'>Κύριος·</span> <span class='ocrx_word' id='word_1_214' title='bbox 2603 1509 2725 1563; x_wconf 79' lang='grc' dir='ltr'>Ἐπὶ</span> <span class='ocrx_word' id='word_1_215' title='bbox 2764 1512 2884 1575; x_wconf 83' lang='grc' dir='ltr'>ταῖς</span> <span class='ocrx_word' id='word_1_216' title='bbox 2909 1509 3086 1583; x_wconf 69' lang='grc' dir='ltr'>τρισὶν</span> <span class='ocrx_word' id='word_1_217' title='bbox 3119 1511 3392 1576; x_wconf 79' lang='grc' dir='ltr'>ἀσεϐείαις</span> <span class='ocrx_word' id='word_1_218' title='bbox 3425 1512 3554 1566; x_wconf 84' lang='grc' dir='ltr'><strong>υἱῶν</strong></span> <span class='ocrx_word' id='word_1_219' title='bbox 3593 1513 3740 1568; x_wconf 83' lang='grc' dir='ltr'><strong>Ἰούδα</strong></span> <span class='ocrx_word' id='word_1_220' title='bbox 3764 1515 3836 1568; x_wconf 84' lang='grc' dir='ltr'>καὶ</span> 
     </span>
    </p>
   </div>
   <div class='ocr_carea' id='block_1_28' title="bbox 673 1599 2269 1676">
    <p class='ocr_par' dir='ltr' id='par_1_28' title="bbox 673 1599 2227 1674">
     <span class='ocr_line' id='line_1_28' title="bbox 673 1599 2227 1674; baseline -0.007 -11"><span class='ocrx_word' id='word_1_221' title='bbox 673 1618 967 1665; x_wconf 87' lang='lat' dir='ltr'><strong>memorata</strong></span> <span class='ocrx_word' id='word_1_222' title='bbox 1017 1607 1200 1662; x_wconf 86' lang='lat' dir='ltr'><strong>Amosi</strong></span> <span class='ocrx_word' id='word_1_223' title='bbox 1259 1604 1564 1674; x_wconf 80' lang='lat' dir='ltr'><strong>prapbetia,</strong></span> <span class='ocrx_word' id='word_1_224' title='bbox 1617 1601 1778 1673; x_wconf 85' lang='lat' dir='ltr'><strong>paulo</strong></span> <span class='ocrx_word' id='word_1_225' title='bbox 1830 1610 1955 1656; x_wconf 87' lang='lat' dir='ltr'><strong>ante</strong></span> <span class='ocrx_word' id='word_1_226' title='bbox 2019 1599 2227 1668; x_wconf 85' lang='lat' dir='ltr'><strong>objecta</strong></span> 
     </span>
    </p>
   </div>
   <div class='ocr_carea' id='block_1_29' title="bbox 2239 1599 3835 1676">
    <p class='ocr_par' dir='ltr' id='par_1_29' title="bbox 2329 1599 3835 1676">
     <span class='ocr_line' id='line_1_29' title="bbox 2329 1599 3835 1676; baseline 0.006 -25"><span class='ocrx_word' id='word_1_227' title='bbox 2329 1599 2419 1651; x_wconf 73' lang='grc' dir='ltr'>ἐπὶ</span> <span class='ocrx_word' id='word_1_228' title='bbox 2446 1603 2563 1659; x_wconf 80' lang='grc' dir='ltr'>ταῖς</span> <span class='ocrx_word' id='word_1_229' title='bbox 2596 1601 2878 1670; x_wconf 82' lang='grc' dir='ltr'>τέτταρσιν</span> <span class='ocrx_word' id='word_1_230' title='bbox 2907 1601 3033 1673; x_wconf 71' lang='lat'><strong>[208</strong></span> <span class='ocrx_word' id='word_1_231' title='bbox 3055 1601 3108 1675; x_wconf 91' lang='lat' dir='ltr'><strong>b]</strong></span> <span class='ocrx_word' id='word_1_232' title='bbox 3137 1604 3236 1657; x_wconf 82' lang='grc' dir='ltr'>οὐκ</span> <span class='ocrx_word' id='word_1_233' title='bbox 3279 1605 3744 1676; x_wconf 80' lang='grc' dir='ltr'>ἀποστραφήσομαι</span> <span class='ocrx_word' id='word_1_234' title='bbox 3763 1608 3835 1660; x_wconf 82' lang='grc' dir='ltr'><strong>αὺ-</strong></span> 
     </span>
    </p>
   </div>
   <div class='ocr_carea' id='block_1_30' title="bbox 666 1688 2262 1769">
    <p class='ocr_par' dir='ltr' id='par_1_30' title="bbox 666 1688 2229 1769">
     <span class='ocr_line' id='line_1_30' title="bbox 666 1688 2229 1769; baseline -0.005 -18"><span class='ocrx_word' id='word_1_235' title='bbox 666 1700 852 1762; x_wconf 86' lang='lat' dir='ltr'><strong>verba,</strong></span> <span class='ocrx_word' id='word_1_236' title='bbox 889 1698 942 1754; x_wconf 89' lang='lat' dir='ltr'><strong>id</strong></span> <span class='ocrx_word' id='word_1_237' title='bbox 975 1699 1147 1769; x_wconf 90' lang='lat' dir='ltr'><strong>ipsum</strong></span> <span class='ocrx_word' id='word_1_238' title='bbox 1178 1699 1470 1752; x_wconf 89' lang='lat' dir='ltr'><strong>observare</strong></span> <span class='ocrx_word' id='word_1_239' title='bbox 1507 1694 1632 1748; x_wconf 88' lang='lat' dir='ltr'><strong>licet</strong></span> <span class='ocrx_word' id='word_1_240' title='bbox 1662 1709 1678 1760; x_wconf 91' lang='lat'><strong>;</strong></span> <span class='ocrx_word' id='word_1_241' title='bbox 1727 1692 1804 1746; x_wconf 86' lang='lat' dir='ltr'><strong>ait</strong></span> <span class='ocrx_word' id='word_1_242' title='bbox 1835 1691 2018 1746; x_wconf 87' lang='lat' dir='ltr'><strong>enim:</strong></span> <span class='ocrx_word' id='word_1_243' title='bbox 2056 1707 2075 1742; x_wconf 86' lang='lat' dir='ltr'><strong>t</strong></span> <span class='ocrx_word' id='word_1_244' title='bbox 2105 1688 2229 1744; x_wconf 67' lang='lat' dir='ltr'><strong>Haec</strong></span> 
     </span>
    </p>
   </div>
   <div class='ocr_carea' id='block_1_31' title="bbox 2239 1688 3835 1769">
    <p class='ocr_par' dir='ltr' id='par_1_31' title="bbox 2328 1691 3835 1767">
     <span class='ocr_line' id='line_1_31' title="bbox 2328 1691 3835 1767; baseline 0.005 -25"><span class='ocrx_word' id='word_1_245' title='bbox 2328 1693 2474 1754; x_wconf 75' lang='grc' dir='ltr'>τοὺς,</span> <span class='ocrx_word' id='word_1_246' title='bbox 2519 1691 2679 1746; x_wconf 75' lang='grc' dir='ltr'>ἕνεκα</span> <span class='ocrx_word' id='word_1_247' title='bbox 2706 1691 2799 1745; x_wconf 80' lang='grc' dir='ltr'>τοῦ</span> <span class='ocrx_word' id='word_1_248' title='bbox 2833 1693 3086 1748; x_wconf 80' lang='grc' dir='ltr'>ἰάσασθαι</span> <span class='ocrx_word' id='word_1_249' title='bbox 3116 1695 3330 1759; x_wconf 81' lang='grc' dir='ltr'>αὐτούς.</span> <span class='ocrx_word' id='word_1_250' title='bbox 3357 1695 3460 1748; x_wconf 83' lang='grc' dir='ltr'><strong>Τὸν</strong></span> <span class='ocrx_word' id='word_1_251' title='bbox 3496 1697 3648 1766; x_wconf 85' lang='grc' dir='ltr'>νόμον</span> <span class='ocrx_word' id='word_1_252' title='bbox 3674 1699 3835 1767; x_wconf 85' lang='grc' dir='ltr'>Κυρίου</span> 
     </span>
    </p>
   </div>
   <div class='ocr_carea' id='block_1_32' title="bbox 673 1781 2269 1862">
    <p class='ocr_par' dir='ltr' id='par_1_32' title="bbox 673 1783 2269 1862">
     <span class='ocr_line' id='line_1_32' title="bbox 673 1783 2269 1862; baseline -0.004 -20"><span class='ocrx_word' id='word_1_253' title='bbox 673 1791 808 1846; x_wconf 83' lang='lat' dir='ltr'><strong>dicit</strong></span> <span class='ocrx_word' id='word_1_254' title='bbox 838 1790 948 1862; x_wconf 75' lang='lat'><strong>(67-)</strong></span> <span class='ocrx_word' id='word_1_255' title='bbox 983 1789 1280 1845; x_wconf 88' lang='lat' dir='ltr'><strong>Dominus:</strong></span> <span class='ocrx_word' id='word_1_256' title='bbox 1309 1789 1365 1843; x_wconf 92' lang='lat' dir='ltr'><strong>In</strong></span> <span class='ocrx_word' id='word_1_257' title='bbox 1399 1787 1570 1842; x_wconf 91' lang='lat' dir='ltr'><strong>tribus</strong></span> <span class='ocrx_word' id='word_1_258' title='bbox 1596 1783 1968 1855; x_wconf 89' lang='lat' dir='ltr'><strong>impietatibus</strong></span> <span class='ocrx_word' id='word_1_259' title='bbox 1995 1784 2223 1839; x_wconf 73' lang='lat' dir='ltr'><strong>filiorum</strong></span> <span class='ocrx_word' id='word_1_260' title='bbox 2259 1783 2269 1836; x_wconf 96' lang='grc'><strong>1</strong></span> 
     </span>
    </p>
   </div>
   <div class='ocr_carea' id='block_1_33' title="bbox 2239 1781 3835 1862">
    <p class='ocr_par' dir='ltr' id='par_1_33' title="bbox 2259 1781 3835 1856">
     <span class='ocr_line' id='line_1_33' title="bbox 2259 1781 3835 1856; baseline 0.003 -20"><span class='ocrx_word' id='word_1_261' title='bbox 2259 1783 2299 1836; x_wconf 85' lang='grc' dir='ltr'><strong>Β</strong></span> <span class='ocrx_word' id='word_1_262' title='bbox 2327 1784 2419 1836; x_wconf 77' lang='grc' dir='ltr'><strong>καὶ</strong></span> <span class='ocrx_word' id='word_1_263' title='bbox 2445 1781 2512 1835; x_wconf 80' lang='grc' dir='ltr'><strong>τὰ</strong></span> <span class='ocrx_word' id='word_1_264' title='bbox 2535 1784 2927 1854; x_wconf 85' lang='grc' dir='ltr'>προστάγματα</span> <span class='ocrx_word' id='word_1_265' title='bbox 2955 1785 3117 1839; x_wconf 81' lang='grc' dir='ltr'>αὐτοῦ</span> <span class='ocrx_word' id='word_1_266' title='bbox 3141 1787 3243 1840; x_wconf 85' lang='grc' dir='ltr'>οὑκ</span> <span class='ocrx_word' id='word_1_267' title='bbox 3269 1786 3536 1856; x_wconf 77' lang='grc' dir='ltr'>ἐφύλαξαν</span> <span class='ocrx_word' id='word_1_268' title='bbox 3559 1804 3573 1816; x_wconf 80' lang='grc'><strong><em>⁸</em></strong></span> <span class='ocrx_word' id='word_1_269' title='bbox 3601 1789 3686 1840; x_wconf 83' lang='grc' dir='ltr'>καὶ</span> <span class='ocrx_word' id='word_1_270' title='bbox 3707 1788 3835 1842; x_wconf 74' lang='grc' dir='ltr'>ἐπλά-</span> 
     </span>
    </p>
   </div>
   <div class='ocr_carea' id='block_1_34' title="bbox 669 1874 2265 1950">
    <p class='ocr_par' dir='ltr' id='par_1_34' title="bbox 669 1879 2225 1950">
     <span class='ocr_line' id='line_1_34' title="bbox 669 1879 2225 1950; baseline -0.005 -13"><span class='ocrx_word' id='word_1_271' title='bbox 669 1881 825 1946; x_wconf 87' lang='lat' dir='ltr'><strong>Juda,</strong></span> <span class='ocrx_word' id='word_1_272' title='bbox 857 1891 910 1936; x_wconf 91' lang='lat' dir='ltr'><strong>et</strong></span> <span class='ocrx_word' id='word_1_273' title='bbox 941 1882 994 1935; x_wconf 93' lang='lat' dir='ltr'><strong>in</strong></span> <span class='ocrx_word' id='word_1_274' title='bbox 1029 1891 1260 1950; x_wconf 87' lang='lat' dir='ltr'><strong>quatuor</strong></span> <span class='ocrx_word' id='word_1_275' title='bbox 1310 1895 1414 1933; x_wconf 91' lang='lat' dir='ltr'><strong>non</strong></span> <span class='ocrx_word' id='word_1_276' title='bbox 1465 1879 1754 1932; x_wconf 87' lang='lat' dir='ltr'><strong>aversabor</strong></span> <span class='ocrx_word' id='word_1_277' title='bbox 1801 1891 1926 1943; x_wconf 90' lang='lat' dir='ltr'><strong>eos,</strong></span> <span class='ocrx_word' id='word_1_278' title='bbox 1954 1886 2010 1930; x_wconf 94' lang='lat' dir='ltr'><strong>ut</strong></span> <span class='ocrx_word' id='word_1_279' title='bbox 2042 1891 2225 1930; x_wconf 91' lang='lat' dir='ltr'><strong>sanem</strong></span> 
     </span>
    </p>
   </div>
   <div class='ocr_carea' id='block_1_35' title="bbox 2241 1874 3837 1950">
    <p class='ocr_par' dir='ltr' id='par_1_35' title="bbox 2331 1874 3837 1950">
     <span class='ocr_line' id='line_1_35' title="bbox 2331 1874 3837 1950; baseline 0.005 -25"><span class='ocrx_word' id='word_1_280' title='bbox 2331 1891 2490 1944; x_wconf 85' lang='grc' dir='ltr'>νησεν</span> <span class='ocrx_word' id='word_1_281' title='bbox 2527 1875 2724 1938; x_wconf 78' lang='grc' dir='ltr'>αὐτοὺς</span> <span class='ocrx_word' id='word_1_282' title='bbox 2746 1875 2812 1928; x_wconf 78' lang='grc' dir='ltr'><strong>τὰ</strong></span> <span class='ocrx_word' id='word_1_283' title='bbox 2835 1876 3058 1946; x_wconf 83' lang='grc' dir='ltr'>μάταια,</span> <span class='ocrx_word' id='word_1_284' title='bbox 3084 1877 3120 1932; x_wconf 75' lang='grc' dir='ltr'>ἃ</span> <span class='ocrx_word' id='word_1_285' title='bbox 3138 1879 3418 1950; x_wconf 74' lang='grc' dir='ltr'>ἐποίησαν,</span> <span class='ocrx_word' id='word_1_286' title='bbox 3438 1874 3518 1942; x_wconf 80' lang='grc' dir='ltr'>οἷς</span> <span class='ocrx_word' id='word_1_287' title='bbox 3539 1879 3837 1948; x_wconf 80' lang='grc' dir='ltr'>ἐξηκολούθη-</span> 
     </span>
    </p>
   </div>
   <div class='ocr_carea' id='block_1_36' title="bbox 667 1966 2263 2044">
    <p class='ocr_par' dir='ltr' id='par_1_36' title="bbox 667 1967 2236 2044">
     <span class='ocr_line' id='line_1_36' title="bbox 667 1967 2236 2044; baseline -0.004 -17"><span class='ocrx_word' id='word_1_288' title='bbox 667 1989 759 2028; x_wconf 93' lang='lat' dir='ltr'><strong>eos</strong></span> <span class='ocrx_word' id='word_1_289' title='bbox 777 1971 887 2044; x_wconf 86' lang='lat'><strong>(68)</strong></span> <span class='ocrx_word' id='word_1_290' title='bbox 915 1988 930 2037; x_wconf 88' lang='lat'><strong>;</strong></span> <span class='ocrx_word' id='word_1_291' title='bbox 954 1970 1123 2040; x_wconf 79' lang='lat' dir='ltr'><strong>legem</strong></span> <span class='ocrx_word' id='word_1_292' title='bbox 1157 1967 1365 2023; x_wconf 87' lang='lat' dir='ltr'><strong>Domini</strong></span> <span class='ocrx_word' id='word_1_293' title='bbox 1427 1976 1481 2020; x_wconf 92' lang='lat' dir='ltr'><strong>et</strong></span> <span class='ocrx_word' id='word_1_294' title='bbox 1519 1975 1784 2037; x_wconf 82' lang='lat' dir='ltr'><strong>praecepta</strong></span> <span class='ocrx_word' id='word_1_295' title='bbox 1812 1967 1927 2036; x_wconf 84' lang='lat' dir='ltr'><strong>ejus</strong></span> <span class='ocrx_word' id='word_1_296' title='bbox 1980 1981 2084 2021; x_wconf 90' lang='lat' dir='ltr'><strong>non</strong></span> <span class='ocrx_word' id='word_1_297' title='bbox 2121 1982 2236 2022; x_wconf 85' lang='lat' dir='ltr'><strong>ser-</strong></span> 
     </span>
    </p>
   </div>
   <div class='ocr_carea' id='block_1_37' title="bbox 2240 1966 3836 2044">
    <p class='ocr_par' dir='ltr' id='par_1_37' title="bbox 2334 1966 3836 2038">
     <span class='ocr_line' id='line_1_37' title="bbox 2334 1966 3836 2038; baseline 0.005 -21"><span class='ocrx_word' id='word_1_298' title='bbox 2334 1981 2430 2018; x_wconf 88' lang='grc' dir='ltr'><strong>σαν</strong></span> <span class='ocrx_word' id='word_1_299' title='bbox 2455 1968 2504 2018; x_wconf 87' lang='grc' dir='ltr'>οἱ</span> <span class='ocrx_word' id='word_1_300' title='bbox 2533 1966 2764 2037; x_wconf 82' lang='grc' dir='ltr'>πατέρες</span> <span class='ocrx_word' id='word_1_301' title='bbox 2799 1967 2976 2020; x_wconf 84' lang='grc' dir='ltr'>αὐτῶν</span> <span class='ocrx_word' id='word_1_302' title='bbox 3004 1969 3175 2022; x_wconf 85' lang='grc' dir='ltr'>ὀπίσω</span> <span class='ocrx_word' id='word_1_303' title='bbox 3203 1971 3410 2023; x_wconf 75' lang='grc' dir='ltr'>αὐτῶνο</span> <span class='ocrx_word' id='word_1_304' title='bbox 3440 1973 3528 2024; x_wconf 75' lang='grc' dir='ltr'>καὶ</span> <span class='ocrx_word' id='word_1_305' title='bbox 3551 1971 3836 2038; x_wconf 71' lang='grc' dir='ltr'>ἐξαποστελῶ</span> 
     </span>
    </p>
   </div>
   <div class='ocr_carea' id='block_1_38' title="bbox 669 2057 2222 2126">
    <p class='ocr_par' dir='ltr' id='par_1_38' title="bbox 669 2057 2222 2126">
     <span class='ocr_line' id='line_1_38' title="bbox 669 2057 2222 2126; baseline -0.005 -7"><span class='ocrx_word' id='word_1_306' title='bbox 669 2073 952 2126; x_wconf 79' lang='lat' dir='ltr'><strong>voverunt,</strong></span> <span class='ocrx_word' id='word_1_307' title='bbox 982 2072 1034 2118; x_wconf 93' lang='lat' dir='ltr'><strong>et</strong></span> <span class='ocrx_word' id='word_1_308' title='bbox 1059 2061 1390 2116; x_wconf 83' lang='lat' dir='ltr'><strong>seduxerunt</strong></span> <span class='ocrx_word' id='word_1_309' title='bbox 1442 2072 1534 2112; x_wconf 91' lang='lat' dir='ltr'><strong>eos</strong></span> <span class='ocrx_word' id='word_1_310' title='bbox 1579 2057 1756 2110; x_wconf 91' lang='lat' dir='ltr'><strong>inania</strong></span> <span class='ocrx_word' id='word_1_311' title='bbox 1801 2073 1919 2126; x_wconf 74' lang='lat' dir='ltr'><strong>qua:</strong></span> <span class='ocrx_word' id='word_1_312' title='bbox 1955 2057 2222 2120; x_wconf 89' lang='lat' dir='ltr'><strong>fecerunt,</strong></span> 
     </span>
    </p>
   </div>
   <div class='ocr_carea' id='block_1_39' title="bbox 671 2149 2236 2227">
    <p class='ocr_par' dir='ltr' id='par_1_39' title="bbox 671 2149 2236 2227">
     <span class='ocr_line' id='line_1_39' title="bbox 671 2149 2236 2227; baseline -0.005 -16"><span class='ocrx_word' id='word_1_313' title='bbox 671 2171 791 2227; x_wconf 75' lang='lat' dir='ltr'><strong>qua:</strong></span> <span class='ocrx_word' id='word_1_314' title='bbox 816 2156 987 2211; x_wconf 88' lang='lat' dir='ltr'><strong>secuti</strong></span> <span class='ocrx_word' id='word_1_315' title='bbox 1032 2162 1156 2208; x_wconf 88' lang='lat' dir='ltr'><strong>sunt</strong></span> <span class='ocrx_word' id='word_1_316' title='bbox 1184 2162 1366 2221; x_wconf 87' lang='lat' dir='ltr'><strong>patres</strong></span> <span class='ocrx_word' id='word_1_317' title='bbox 1401 2164 1586 2204; x_wconf 90' lang='lat' dir='ltr'><strong>eorum</strong></span> <span class='ocrx_word' id='word_1_318' title='bbox 1635 2159 1749 2218; x_wconf 91' lang='lat' dir='ltr'><strong>post</strong></span> <span class='ocrx_word' id='word_1_319' title='bbox 1791 2149 1907 2216; x_wconf 87' lang='lat' dir='ltr'><strong>ipsa</strong></span> <span class='ocrx_word' id='word_1_320' title='bbox 1945 2165 1960 2202; x_wconf 90' lang='lat'>:</span> <span class='ocrx_word' id='word_1_321' title='bbox 1999 2158 2051 2204; x_wconf 90' lang='lat' dir='ltr'><strong>et</strong></span> <span class='ocrx_word' id='word_1_322' title='bbox 2079 2149 2236 2203; x_wconf 91' lang='lat' dir='ltr'><strong>emit-</strong></span> 
     </span>
    </p>
   </div>
   <div class='ocr_carea' id='block_1_40' title="bbox 673 2239 2224 2314">
    <p class='ocr_par' dir='ltr' id='par_1_40' title="bbox 673 2239 2224 2314">
     <span class='ocr_line' id='line_1_40' title="bbox 673 2239 2224 2314; baseline -0.004 -14"><span class='ocrx_word' id='word_1_323' title='bbox 673 2259 781 2300; x_wconf 89' lang='lat' dir='ltr'><strong>tam</strong></span> <span class='ocrx_word' id='word_1_324' title='bbox 824 2246 1000 2314; x_wconf 78' lang='lat' dir='ltr'><strong>ignem</strong></span> <span class='ocrx_word' id='word_1_325' title='bbox 1049 2260 1212 2312; x_wconf 86' lang='lat' dir='ltr'><strong>super</strong></span> <span class='ocrx_word' id='word_1_326' title='bbox 1256 2242 1469 2305; x_wconf 73' lang='lat' dir='ltr'><strong>Iudam,</strong></span> <span class='ocrx_word' id='word_1_327' title='bbox 1524 2249 1578 2294; x_wconf 92' lang='lat' dir='ltr'><strong>et</strong></span> <span class='ocrx_word' id='word_1_328' title='bbox 1629 2241 1852 2296; x_wconf 84' lang='lat' dir='ltr'><strong>devorat</strong></span> <span class='ocrx_word' id='word_1_329' title='bbox 1888 2239 2224 2296; x_wconf 81' lang='lat' dir='ltr'><strong>fundamenta</strong></span> 
     </span>
    </p>
   </div>
   <div class='ocr_carea' id='block_1_41' title="bbox 669 2331 2229 2404">
    <p class='ocr_par' dir='ltr' id='par_1_41' title="bbox 669 2331 2229 2404">
     <span class='ocr_line' id='line_1_41' title="bbox 669 2331 2229 2404; baseline -0.004 -12"><span class='ocrx_word' id='word_1_330' title='bbox 669 2337 987 2392; x_wconf 77' lang='lat' dir='ltr'><strong>Jerusalem.</strong></span> <span class='ocrx_word' id='word_1_331' title='bbox 1019 2354 1038 2387; x_wconf 75' lang='grc' dir='ltr'><strong>ι</strong></span> <span class='ocrx_word' id='word_1_332' title='bbox 1092 2334 1384 2404; x_wconf 90' lang='lat' dir='ltr'><strong>Oportebat</strong></span> <span class='ocrx_word' id='word_1_333' title='bbox 1435 2346 1563 2402; x_wconf 83' lang='lat' dir='ltr'><strong>ergo</strong></span> <span class='ocrx_word' id='word_1_334' title='bbox 1597 2339 1674 2396; x_wconf 91' lang='lat' dir='ltr'><strong>ut,</strong></span> <span class='ocrx_word' id='word_1_335' title='bbox 1708 2331 1753 2384; x_wconf 90' lang='lat' dir='ltr'><strong>si</strong></span> <span class='ocrx_word' id='word_1_336' title='bbox 1792 2345 1896 2384; x_wconf 86' lang='lat' dir='ltr'><strong>non</strong></span> <span class='ocrx_word' id='word_1_337' title='bbox 1939 2331 2004 2385; x_wconf 92' lang='lat' dir='ltr'><strong>de</strong></span> <span class='ocrx_word' id='word_1_338' title='bbox 2048 2341 2229 2396; x_wconf 87' lang='lat' dir='ltr'><strong>vento,</strong></span> 
     </span>
    </p>
   </div>
   <div class='ocr_carea' id='block_1_42' title="bbox 674 2424 2233 2497">
    <p class='ocr_par' dir='ltr' id='par_1_42' title="bbox 674 2424 2233 2497">
     <span class='ocr_line' id='line_1_42' title="bbox 674 2424 2233 2497; baseline -0.001 -15"><span class='ocrx_word' id='word_1_339' title='bbox 674 2428 862 2482; x_wconf 88' lang='lat' dir='ltr'><strong>saltem</strong></span> <span class='ocrx_word' id='word_1_340' title='bbox 907 2429 973 2482; x_wconf 91' lang='lat' dir='ltr'><strong>de</strong></span> <span class='ocrx_word' id='word_1_341' title='bbox 1018 2426 1236 2496; x_wconf 90' lang='lat' dir='ltr'><strong>proprio</strong></span> <span class='ocrx_word' id='word_1_342' title='bbox 1277 2439 1461 2480; x_wconf 89' lang='lat' dir='ltr'><strong>eorum</strong></span> <span class='ocrx_word' id='word_1_343' title='bbox 1512 2424 1702 2494; x_wconf 88' lang='lat' dir='ltr'><strong>spiritu</strong></span> <span class='ocrx_word' id='word_1_344' title='bbox 1759 2425 1870 2497; x_wconf 88' lang='grc'><strong>(69)</strong></span> <span class='ocrx_word' id='word_1_345' title='bbox 1922 2427 2233 2494; x_wconf 85' lang='lat' dir='ltr'><strong>pr0phetam</strong></span> 
     </span>
    </p>
   </div>
   <div class='ocr_carea' id='block_1_43' title="bbox 674 2514 2233 2588">
    <p class='ocr_par' dir='ltr' id='par_1_43' title="bbox 674 2514 2233 2588">
     <span class='ocr_line' id='line_1_43' title="bbox 674 2514 2233 2588; baseline -0.003 -15"><span class='ocrx_word' id='word_1_346' title='bbox 674 2519 819 2588; x_wconf 90' lang='lat' dir='ltr'><strong>loqui</strong></span> <span class='ocrx_word' id='word_1_347' title='bbox 853 2526 1105 2588; x_wconf 87' lang='lat' dir='ltr'><strong>putarent</strong></span> <span class='ocrx_word' id='word_1_348' title='bbox 1126 2516 1388 2575; x_wconf 66' lang='lat' dir='ltr'><strong>haeretici.</strong></span> <span class='ocrx_word' id='word_1_349' title='bbox 1420 2516 1573 2585; x_wconf 89' lang='lat' dir='ltr'><strong>cujus</strong></span> <span class='ocrx_word' id='word_1_350' title='bbox 1595 2514 1815 2584; x_wconf 87' lang='lat' dir='ltr'><strong>spiritus</strong></span> <span class='ocrx_word' id='word_1_351' title='bbox 1837 2515 2025 2570; x_wconf 89' lang='lat' dir='ltr'><strong>crebro</strong></span> <span class='ocrx_word' id='word_1_352' title='bbox 2054 2515 2233 2569; x_wconf 88' lang='lat' dir='ltr'><strong>divina</strong></span> 
     </span>
    </p>
   </div>
   <div class='ocr_carea' id='block_1_44' title="bbox 673 2605 2238 2666">
    <p class='ocr_par' dir='ltr' id='par_1_44' title="bbox 673 2605 2238 2666">
     <span class='ocr_line' id='line_1_44' title="bbox 673 2605 2238 2666; baseline -0.003 -2"><span class='ocrx_word' id='word_1_353' title='bbox 673 2610 890 2666; x_wconf 90' lang='lat' dir='ltr'><strong>oracula</strong></span> <span class='ocrx_word' id='word_1_354' title='bbox 925 2611 1250 2664; x_wconf 90' lang='lat' dir='ltr'><strong>mentionem</strong></span> <span class='ocrx_word' id='word_1_355' title='bbox 1282 2608 1486 2663; x_wconf 89' lang='lat' dir='ltr'><strong>faciunt</strong></span> <span class='ocrx_word' id='word_1_356' title='bbox 1521 2621 1532 2655; x_wconf 92' lang='lat'>:</span> <span class='ocrx_word' id='word_1_357' title='bbox 1562 2617 1621 2660; x_wconf 87' lang='lat' dir='ltr'><strong>ut</strong></span> <span class='ocrx_word' id='word_1_358' title='bbox 1653 2621 1772 2660; x_wconf 92' lang='lat' dir='ltr'><strong>cum</strong></span> <span class='ocrx_word' id='word_1_359' title='bbox 1788 2606 1984 2660; x_wconf 89' lang='lat' dir='ltr'><strong>Paulus</strong></span> <span class='ocrx_word' id='word_1_360' title='bbox 2016 2605 2238 2661; x_wconf 87' lang='lat' dir='ltr'><strong>Thessa-</strong></span> 
     </span>
    </p>
   </div>
   <div class='ocr_carea' id='block_1_45' title="bbox 677 2697 2238 2771">
    <p class='ocr_par' dir='ltr' id='par_1_45' title="bbox 677 2697 2238 2771">
     <span class='ocr_line' id='line_1_45' title="bbox 677 2697 2238 2771; baseline -0.004 -13"><span class='ocrx_word' id='word_1_361' title='bbox 677 2703 1040 2759; x_wconf 88' lang='lat' dir='ltr'><strong>lonicensibus</strong></span> <span class='ocrx_word' id='word_1_362' title='bbox 1082 2703 1136 2757; x_wconf 92' lang='lat' dir='ltr'><strong>in</strong></span> <span class='ocrx_word' id='word_1_363' title='bbox 1181 2703 1352 2771; x_wconf 88' lang='lat' dir='ltr'><strong>prima</strong></span> <span class='ocrx_word' id='word_1_364' title='bbox 1411 2700 1650 2770; x_wconf 85' lang='lat' dir='ltr'><strong>Epistola</strong></span> <span class='ocrx_word' id='word_1_365' title='bbox 1689 2699 1906 2753; x_wconf 87' lang='lat' dir='ltr'><strong>scribit:</strong></span> <span class='ocrx_word' id='word_1_366' title='bbox 1938 2716 1956 2750; x_wconf 89' lang='grc'><em>‹</em></span> <span class='ocrx_word' id='word_1_367' title='bbox 1990 2697 2111 2768; x_wconf 89' lang='lat' dir='ltr'><strong>Ipse</strong></span> <span class='ocrx_word' id='word_1_368' title='bbox 2139 2715 2238 2753; x_wconf 84' lang='lat' dir='ltr'><strong>au-</strong></span> 
     </span>
    </p>
   </div>
   <div class='ocr_carea' id='block_1_46' title="bbox 679 2789 2235 2869">
    <p class='ocr_par' dir='ltr' id='par_1_46' title="bbox 679 2789 2235 2869">
     <span class='ocr_line' id='line_1_46' title="bbox 679 2789 2235 2869; baseline -0.003 -17"><span class='ocrx_word' id='word_1_369' title='bbox 679 2808 784 2853; x_wconf 91' lang='lat' dir='ltr'><strong>tem</strong></span> <span class='ocrx_word' id='word_1_370' title='bbox 815 2796 925 2869; x_wconf 88' lang='lat'><strong>(70)</strong></span> <span class='ocrx_word' id='word_1_371' title='bbox 958 2796 1096 2850; x_wconf 87' lang='lat' dir='ltr'><strong>Deus</strong></span> <span class='ocrx_word' id='word_1_372' title='bbox 1141 2795 1290 2864; x_wconf 82' lang='lat' dir='ltr'><strong>pacis</strong></span> <span class='ocrx_word' id='word_1_373' title='bbox 1327 2792 1632 2848; x_wconf 81' lang='lat' dir='ltr'><strong>sanctificet</strong></span> <span class='ocrx_word' id='word_1_374' title='bbox 1666 2791 1775 2862; x_wconf 82' lang='grc'><strong>(71)</strong></span> <span class='ocrx_word' id='word_1_375' title='bbox 1808 2805 1904 2847; x_wconf 86' lang='lat' dir='ltr'><strong>vos</strong></span> <span class='ocrx_word' id='word_1_376' title='bbox 1937 2789 2235 2859; x_wconf 89' lang='lat' dir='ltr'><strong>perfectos;</strong></span> 
     </span>
    </p>
   </div>
   <div class='ocr_carea' id='block_1_47' title="bbox 750 2997 2232 3071">
    <p class='ocr_par' dir='ltr' id='par_1_47' title="bbox 750 2997 2232 3071">
     <span class='ocr_line' id='line_1_47' title="bbox 750 2997 2232 3071; baseline 0.001 -19"><span class='ocrx_word' id='word_1_377' title='bbox 750 2997 860 3071; x_wconf 69' lang='lat'><strong>(62)</strong></span> <span class='ocrx_word' id='word_1_378' title='bbox 927 2997 1194 3071; x_wconf 77' lang='lat' dir='ltr'><strong>Firmum.</strong></span> <span class='ocrx_word' id='word_1_379' title='bbox 1255 2997 1478 3071; x_wconf 71' lang='lat' dir='ltr'><strong>Videtur</strong></span> <span class='ocrx_word' id='word_1_380' title='bbox 1519 2997 1608 3052; x_wconf 89' lang='lat' dir='ltr'><strong>hic</strong></span> <span class='ocrx_word' id='word_1_381' title='bbox 1669 2998 1942 3071; x_wconf 58' lang='lat' dir='ltr'><strong>accipere</strong></span> <span class='ocrx_word' id='word_1_382' title='bbox 1979 2999 2232 3071; x_wconf 79' lang='lat' dir='ltr'><strong>Didymus</strong></span> 
     </span>
    </p>
   </div>
   <div class='ocr_carea' id='block_1_48' title="bbox 679 3067 2275 3139">
    <p class='ocr_par' dir='ltr' id='par_1_48' title="bbox 679 3067 2275 3139">
     <span class='ocr_line' id='line_1_48' title="bbox 679 3067 2275 3139; baseline 0.001 -16"><span class='ocrx_word' id='word_1_383' title='bbox 679 3067 860 3134; x_wconf 76' lang='lat' dir='ltr'><strong>voces,</strong></span> <span class='ocrx_word' id='word_1_384' title='bbox 923 3071 952 3122; x_wconf 93' lang='lat'><strong>6</strong></span> <span class='ocrx_word' id='word_1_385' title='bbox 1007 3070 1259 3139; x_wconf 85' lang='grc' dir='ltr'>στερεῶν,</span> <span class='ocrx_word' id='word_1_386' title='bbox 1306 3067 1524 3133; x_wconf 76' lang='grc' dir='ltr'>κτίζων,</span> <span class='ocrx_word' id='word_1_387' title='bbox 1567 3068 1754 3132; x_wconf 85' lang='grc' dir='ltr'>ποιῶν,</span> <span class='ocrx_word' id='word_1_388' title='bbox 1808 3067 2132 3133; x_wconf 77' lang='grc' dir='ltr'>ἀναϐαίνων,</span> <span class='ocrx_word' id='word_1_389' title='bbox 2177 3073 2275 3127; x_wconf 65' lang='lat' dir='ltr'><strong>uti</strong></span> 
     </span>
    </p>
   </div>
   <div class='ocr_carea' id='block_1_49' title="bbox 955 3067 2551 3139">
    <p class='ocr_par' dir='ltr' id='par_1_49' title="bbox 1007 3067 2551 3139">
     <span class='ocr_line' id='line_1_49' title="bbox 1007 3067 2551 3139; baseline -0.001 -17"><span class='ocrx_word' id='word_1_390' title='bbox 1007 3070 1259 3139; x_wconf 86' lang='grc' dir='ltr'>στερεῶν,</span> <span class='ocrx_word' id='word_1_391' title='bbox 1306 3067 1524 3133; x_wconf 76' lang='grc' dir='ltr'>κτίζων,</span> <span class='ocrx_word' id='word_1_392' title='bbox 1567 3068 1754 3132; x_wconf 86' lang='grc' dir='ltr'>ποιῶν,</span> <span class='ocrx_word' id='word_1_393' title='bbox 1808 3067 2132 3133; x_wconf 80' lang='grc' dir='ltr'>ἀναϐαίνων,</span> <span class='ocrx_word' id='word_1_394' title='bbox 2177 3071 2302 3128; x_wconf 84' lang='lat' dir='ltr'><strong>utC</strong></span> <span class='ocrx_word' id='word_1_395' title='bbox 2335 3069 2428 3122; x_wconf 77' lang='grc' dir='ltr'><strong>ἐπὶ</strong></span> <span class='ocrx_word' id='word_1_396' title='bbox 2456 3070 2551 3139; x_wconf 85' lang='grc' dir='ltr'>τῆς</span> 
     </span>
    </p>
   </div>
   <div class='ocr_carea' id='block_1_50' title="bbox 681 3139 2232 3208">
    <p class='ocr_par' dir='ltr' id='par_1_50' title="bbox 681 3139 2232 3208">
     <span class='ocr_line' id='line_1_50' title="bbox 681 3139 2232 3208; baseline 0 -16"><span class='ocrx_word' id='word_1_397' title='bbox 681 3140 913 3199; x_wconf 73' lang='lat' dir='ltr'><strong>Valeant,</strong></span> <span class='ocrx_word' id='word_1_398' title='bbox 989 3142 1369 3206; x_wconf 69' lang='lat' dir='ltr'><strong>«qui-lirium,</strong></span> <span class='ocrx_word' id='word_1_399' title='bbox 1426 3139 1516 3204; x_wconf 89' lang='lat' dir='ltr'><strong>qui</strong></span> <span class='ocrx_word' id='word_1_400' title='bbox 1565 3148 1732 3208; x_wconf 79' lang='lat' dir='ltr'><strong>creat,</strong></span> <span class='ocrx_word' id='word_1_401' title='bbox 1787 3140 1875 3208; x_wconf 88' lang='lat' dir='ltr'><strong>qui</strong></span> <span class='ocrx_word' id='word_1_402' title='bbox 1943 3140 2090 3202; x_wconf 81' lang='lat' dir='ltr'><strong>fat-it,</strong></span> <span class='ocrx_word' id='word_1_403' title='bbox 2143 3141 2232 3206; x_wconf 91' lang='lat' dir='ltr'><strong>qui</strong></span> 
     </span>
    </p>
   </div>
   <div class='ocr_carea' id='block_1_51' title="bbox 683 3207 2231 3278">
    <p class='ocr_par' dir='ltr' id='par_1_51' title="bbox 683 3207 2231 3278">
     <span class='ocr_line' id='line_1_51' title="bbox 683 3207 2231 3278; baseline -0.001 -16"><span class='ocrx_word' id='word_1_404' title='bbox 683 3209 946 3267; x_wconf 68' lang='lat' dir='ltr'><strong>ascendit,</strong></span> <span class='ocrx_word' id='word_1_405' title='bbox 977 3227 995 3259; x_wconf 77' lang='grc' dir='ltr'><strong>ι</strong></span> <span class='ocrx_word' id='word_1_406' title='bbox 1051 3224 1154 3260; x_wconf 93' lang='lat' dir='ltr'><strong>non</strong></span> <span class='ocrx_word' id='word_1_407' title='bbox 1207 3223 1352 3273; x_wconf 83' lang='lat' dir='ltr'><strong>vero,</strong></span> <span class='ocrx_word' id='word_1_408' title='bbox 1405 3210 1534 3275; x_wconf 80' lang='lat' dir='ltr'><strong>tqni</strong></span> <span class='ocrx_word' id='word_1_409' title='bbox 1591 3207 1760 3278; x_wconf 81' lang='lat' dir='ltr'><strong>firmo.</strong></span> <span class='ocrx_word' id='word_1_410' title='bbox 1808 3207 1906 3277; x_wconf 88' lang='lat' dir='ltr'><strong>qui</strong></span> <span class='ocrx_word' id='word_1_411' title='bbox 1945 3224 2088 3271; x_wconf 88' lang='lat' dir='ltr'><strong>creo.</strong></span> <span class='ocrx_word' id='word_1_412' title='bbox 2141 3209 2231 3278; x_wconf 91' lang='lat' dir='ltr'><strong>qui</strong></span> 
     </span>
    </p>
   </div>
   <div class='ocr_carea' id='block_1_52' title="bbox 688 3277 2236 3348">
    <p class='ocr_par' dir='ltr' id='par_1_52' title="bbox 688 3277 2236 3348">
     <span class='ocr_line' id='line_1_52' title="bbox 688 3277 2236 3348; baseline -0.001 -16"><span class='ocrx_word' id='word_1_413' title='bbox 688 3278 848 3343; x_wconf 77' lang='lat' dir='ltr'><strong>facio,</strong></span> <span class='ocrx_word' id='word_1_414' title='bbox 895 3279 986 3348; x_wconf 91' lang='lat' dir='ltr'><strong>qui</strong></span> <span class='ocrx_word' id='word_1_415' title='bbox 1017 3281 1308 3332; x_wconf 66' lang='lat' dir='ltr'><strong>ascendo.»</strong></span> <span class='ocrx_word' id='word_1_416' title='bbox 1357 3277 1740 3348; x_wconf 75' lang='lat' dir='ltr'><strong>Quodtnirum</strong></span> <span class='ocrx_word' id='word_1_417' title='bbox 1777 3294 1908 3332; x_wconf 89' lang='lat' dir='ltr'><strong>sane</strong></span> <span class='ocrx_word' id='word_1_418' title='bbox 1948 3289 2030 3333; x_wconf 91' lang='lat' dir='ltr'><strong>est</strong></span> <span class='ocrx_word' id='word_1_419' title='bbox 2060 3280 2110 3332; x_wconf 92' lang='lat' dir='ltr'><strong>in</strong></span> <span class='ocrx_word' id='word_1_420' title='bbox 2149 3278 2236 3331; x_wconf 84' lang='lat' dir='ltr'><strong>Di-</strong></span> 
     </span>
    </p>
   </div>
   <div class='ocr_carea' id='block_1_53' title="bbox 686 3346 2236 3419">
    <p class='ocr_par' dir='ltr' id='par_1_53' title="bbox 686 3346 2236 3419">
     <span class='ocr_line' id='line_1_53' title="bbox 686 3346 2236 3419; baseline 0.001 -18"><span class='ocrx_word' id='word_1_421' title='bbox 686 3356 879 3419; x_wconf 85' lang='lat' dir='ltr'><strong>tlytno,</strong></span> <span class='ocrx_word' id='word_1_422' title='bbox 914 3346 1008 3416; x_wconf 79' lang='lat' dir='ltr'><strong>qui</strong></span> <span class='ocrx_word' id='word_1_423' title='bbox 1043 3349 1288 3415; x_wconf 89' lang='lat' dir='ltr'><strong>superius</strong></span> <span class='ocrx_word' id='word_1_424' title='bbox 1324 3363 1490 3416; x_wconf 78' lang='lat' dir='ltr'><strong>segm.</strong></span> <span class='ocrx_word' id='word_1_425' title='bbox 1521 3346 1622 3419; x_wconf 70' lang='lat' dir='ltr'><strong>lu</strong></span> <span class='ocrx_word' id='word_1_426' title='bbox 1655 3365 1686 3401; x_wconf 88' lang='lat' dir='ltr'><strong>a</strong></span> <span class='ocrx_word' id='word_1_427' title='bbox 1724 3348 2003 3419; x_wconf 70' lang='lat' dir='ltr'><strong>htereticos</strong></span> <span class='ocrx_word' id='word_1_428' title='bbox 2055 3347 2236 3417; x_wconf 82' lang='lat' dir='ltr'><strong>objur-</strong></span> 
     </span>
    </p>
   </div>
   <div class='ocr_carea' id='block_1_54' title="bbox 684 3417 2056 3487">
    <p class='ocr_par' dir='ltr' id='par_1_54' title="bbox 684 3417 2056 3487">
     <span class='ocr_line' id='line_1_54' title="bbox 684 3417 2056 3487; baseline 0.005 -20"><span class='ocrx_word' id='word_1_429' title='bbox 684 3417 850 3486; x_wconf 71' lang='lat' dir='ltr'><strong>gavit,</strong></span> <span class='ocrx_word' id='word_1_430' title='bbox 885 3419 1026 3486; x_wconf 90' lang='lat' dir='ltr'><strong>quod</strong></span> <span class='ocrx_word' id='word_1_431' title='bbox 1054 3432 1237 3472; x_wconf 84' lang='lat' dir='ltr'><strong>vocem</strong></span> <span class='ocrx_word' id='word_1_432' title='bbox 1290 3435 1309 3467; x_wconf 78' lang='grc' dir='ltr'><strong>ι</strong></span> <span class='ocrx_word' id='word_1_433' title='bbox 1345 3431 1510 3487; x_wconf 14' lang='grc' dir='ltr'>θεοί»</span> <span class='ocrx_word' id='word_1_434' title='bbox 1550 3418 1636 3471; x_wconf 88' lang='lat' dir='ltr'><strong>hic</strong></span> <span class='ocrx_word' id='word_1_435' title='bbox 1667 3433 1768 3472; x_wconf 92' lang='lat' dir='ltr'><strong>non</strong></span> <span class='ocrx_word' id='word_1_436' title='bbox 1802 3417 2056 3485; x_wconf 76' lang='lat' dir='ltr'><strong>legerent.</strong></span> 
     </span>
    </p>
   </div>
   <div class='ocr_carea' id='block_1_55' title="bbox 757 3486 2235 3560">
    <p class='ocr_par' dir='ltr' id='par_1_55' title="bbox 757 3486 2235 3560">
     <span class='ocr_line' id='line_1_55' title="bbox 757 3486 2235 3560; baseline 0.001 -20"><span class='ocrx_word' id='word_1_437' title='bbox 757 3488 865 3560; x_wconf 81' lang='grc'>(65)</span> <span class='ocrx_word' id='word_1_438' title='bbox 903 3487 1034 3560; x_wconf 62' lang='lat' dir='ltr'><strong>Ecce</strong></span> <span class='ocrx_word' id='word_1_439' title='bbox 1064 3486 1401 3560; x_wconf 7' lang='lat' dir='ltr'><strong>(inuentionis.</strong></span> <span class='ocrx_word' id='word_1_440' title='bbox 1437 3486 1669 3560; x_wconf 85' lang='lat' dir='ltr'><strong>En_illud</strong></span> <span class='ocrx_word' id='word_1_441' title='bbox 1700 3488 1838 3557; x_wconf 90' lang='lat' dir='ltr'><strong>quod</strong></span> <span class='ocrx_word' id='word_1_442' title='bbox 1861 3488 2235 3560; x_wconf 80' lang='grc' dir='ltr'>ὑστερομέσως</span> 
     </span>
    </p>
   </div>
   <div class='ocr_carea' id='block_1_56' title="bbox 687 3556 2230 3628">
    <p class='ocr_par' dir='ltr' id='par_1_56' title="bbox 687 3556 2230 3628">
     <span class='ocr_line' id='line_1_56' title="bbox 687 3556 2230 3628; baseline 0.003 -20"><span class='ocrx_word' id='word_1_443' title='bbox 687 3556 885 3612; x_wconf 84' lang='lat' dir='ltr'><strong>dictum</strong></span> <span class='ocrx_word' id='word_1_444' title='bbox 918 3557 1389 3628; x_wconf 77' lang='lat' dir='ltr'><strong>l&#39;uisseallirmavit</strong></span> <span class='ocrx_word' id='word_1_445' title='bbox 1416 3556 1570 3626; x_wconf 86' lang='lat' dir='ltr'><strong>paulo</strong></span> <span class='ocrx_word' id='word_1_446' title='bbox 1601 3556 1757 3610; x_wconf 84' lang='lat' dir='ltr'><strong>ante:</strong></span> <span class='ocrx_word' id='word_1_447' title='bbox 1777 3556 2018 3612; x_wconf 81' lang='lat' dir='ltr'><strong>extrema</strong></span> <span class='ocrx_word' id='word_1_448' title='bbox 2049 3556 2230 3628; x_wconf 80' lang='lat' dir='ltr'><strong>itaque</strong></span> 
     </span>
    </p>
   </div>
   <div class='ocr_carea' id='block_1_57' title="bbox 689 3626 2237 3698">
    <p class='ocr_par' dir='ltr' id='par_1_57' title="bbox 689 3626 2237 3698">
     <span class='ocr_line' id='line_1_57' title="bbox 689 3626 2237 3698; baseline 0.001 -17"><span class='ocrx_word' id='word_1_449' title='bbox 689 3628 778 3698; x_wconf 85' lang='lat' dir='ltr'><strong>hic</strong></span> <span class='ocrx_word' id='word_1_450' title='bbox 814 3628 961 3696; x_wconf 90' lang='lat' dir='ltr'><strong>ponit</strong></span> <span class='ocrx_word' id='word_1_451' title='bbox 1005 3626 1623 3698; x_wconf 12' lang='lat' dir='ltr'><strong>Ditlymusiquaemedia</strong></span> <span class='ocrx_word' id='word_1_452' title='bbox 1663 3628 1826 3681; x_wconf 85' lang='lat' dir='ltr'><strong>Amos</strong></span> <span class='ocrx_word' id='word_1_453' title='bbox 1872 3626 2155 3697; x_wconf 59' lang='lat' dir='ltr'><strong>posuerat.</strong></span> <span class='ocrx_word' id='word_1_454' title='bbox 2181 3628 2237 3682; x_wconf 88' lang='lat' dir='ltr'><strong>Id</strong></span> 
     </span>
    </p>
   </div>
   <div class='ocr_carea' id='block_1_58' title="bbox 688 3696 2237 3766">
    <p class='ocr_par' dir='ltr' id='par_1_58' title="bbox 688 3696 2237 3766">
     <span class='ocr_line' id='line_1_58' title="bbox 688 3696 2237 3766; baseline 0.001 -16"><span class='ocrx_word' id='word_1_455' title='bbox 688 3696 864 3765; x_wconf 90' lang='lat' dir='ltr'><strong>ipsum</strong></span> <span class='ocrx_word' id='word_1_456' title='bbox 895 3713 1044 3760; x_wconf 89' lang='lat' dir='ltr'><strong>vero,</strong></span> <span class='ocrx_word' id='word_1_457' title='bbox 1072 3696 1314 3764; x_wconf 79' lang='lat' dir='ltr'><strong>quamvis</strong></span> <span class='ocrx_word' id='word_1_458' title='bbox 1364 3697 1549 3766; x_wconf 77' lang='lat' dir='ltr'><strong>minus</strong></span> <span class='ocrx_word' id='word_1_459' title='bbox 1568 3697 1818 3751; x_wconf 84' lang='lat' dir='ltr'><strong>distincte</strong></span> <span class='ocrx_word' id='word_1_460' title='bbox 1871 3696 2031 3766; x_wconf 84' lang='lat' dir='ltr'><strong>atque</strong></span> <span class='ocrx_word' id='word_1_461' title='bbox 2067 3699 2237 3766; x_wconf 86' lang='lat' dir='ltr'><strong>expli-</strong></span> 
     </span>
    </p>
   </div>
   <div class='ocr_carea' id='block_1_59' title="bbox 687 3764 2232 3834">
    <p class='ocr_par' dir='ltr' id='par_1_59' title="bbox 687 3764 2232 3834">
     <span class='ocr_line' id='line_1_59' title="bbox 687 3764 2232 3834; baseline 0.003 -17"><span class='ocrx_word' id='word_1_462' title='bbox 687 3764 829 3834; x_wconf 75' lang='lat' dir='ltr'><strong>cate,</strong></span> <span class='ocrx_word' id='word_1_463' title='bbox 861 3767 1187 3821; x_wconf 86' lang='lat' dir='ltr'><strong>iudicaverat</strong></span> <span class='ocrx_word' id='word_1_464' title='bbox 1236 3767 1287 3819; x_wconf 93' lang='lat' dir='ltr'><strong>in</strong></span> <span class='ocrx_word' id='word_1_465' title='bbox 1330 3766 1466 3821; x_wconf 88' lang='lat' dir='ltr'><strong>libro</strong></span> <span class='ocrx_word' id='word_1_466' title='bbox 1515 3764 1590 3818; x_wconf 86' lang='lat' dir='ltr'><strong>De</strong></span> <span class='ocrx_word' id='word_1_467' title='bbox 1635 3766 1833 3833; x_wconf 82' lang='lat' dir='ltr'><strong>Spiritu</strong></span> <span class='ocrx_word' id='word_1_468' title='bbox 1878 3764 2056 3821; x_wconf 72' lang='lat' dir='ltr'><strong>sancto</strong></span> <span class='ocrx_word' id='word_1_469' title='bbox 2085 3764 2232 3823; x_wconf 85' lang='lat' dir='ltr'><strong>num.</strong></span> 
     </span>
    </p>
   </div>
   <div class='ocr_carea' id='block_1_60' title="bbox 690 3835 2238 3901">
    <p class='ocr_par' dir='ltr' id='par_1_60' title="bbox 690 3835 2238 3901">
     <span class='ocr_line' id='line_1_60' title="bbox 690 3835 2238 3901; baseline 0.002 -12"><span class='ocrx_word' id='word_1_470' title='bbox 690 3836 782 3900; x_wconf 80' lang='grc'>15,</span> <span class='ocrx_word' id='word_1_471' title='bbox 815 3837 900 3892; x_wconf 90' lang='lat' dir='ltr'><strong>ubi</strong></span> <span class='ocrx_word' id='word_1_472' title='bbox 925 3839 1066 3890; x_wconf 88' lang='lat' dir='ltr'><strong>edita</strong></span> <span class='ocrx_word' id='word_1_473' title='bbox 1095 3835 1418 3901; x_wconf 83' lang='lat' dir='ltr'><strong>exemplaria</strong></span> <span class='ocrx_word' id='word_1_474' title='bbox 1461 3837 1572 3890; x_wconf 67' lang='lat' dir='ltr'><strong>haec</strong></span> <span class='ocrx_word' id='word_1_475' title='bbox 1611 3837 1847 3891; x_wconf 86' lang='lat' dir='ltr'><strong>habent:</strong></span> <span class='ocrx_word' id='word_1_476' title='bbox 1882 3856 1900 3888; x_wconf 72' lang='grc' dir='ltr'><strong>ι</strong></span> <span class='ocrx_word' id='word_1_477' title='bbox 1931 3838 1993 3890; x_wconf 82' lang='lat' dir='ltr'><strong>Et</strong></span> <span class='ocrx_word' id='word_1_478' title='bbox 2033 3839 2097 3891; x_wconf 88' lang='lat' dir='ltr'><strong>ad</strong></span> <span class='ocrx_word' id='word_1_479' title='bbox 2139 3838 2238 3892; x_wconf 88' lang='lat' dir='ltr'><strong>hoc</strong></span> 
     </span>
    </p>
   </div>
   <div class='ocr_carea' id='block_1_61' title="bbox 689 3906 2235 3974">
    <p class='ocr_par' dir='ltr' id='par_1_61' title="bbox 689 3906 2235 3974">
     <span class='ocr_line' id='line_1_61' title="bbox 689 3906 2235 3974; baseline 0.001 -14"><span class='ocrx_word' id='word_1_480' title='bbox 689 3907 1114 3974; x_wconf 87' lang='lat' dir='ltr'><strong>respondendum</strong></span> <span class='ocrx_word' id='word_1_481' title='bbox 1166 3916 1289 3970; x_wconf 90' lang='lat' dir='ltr'><strong>est,</strong></span> <span class='ocrx_word' id='word_1_482' title='bbox 1342 3907 1465 3973; x_wconf 89' lang='lat' dir='ltr'><strong>quia</strong></span> <span class='ocrx_word' id='word_1_483' title='bbox 1519 3907 1733 3972; x_wconf 89' lang='lat' dir='ltr'><strong>quidam</strong></span> <span class='ocrx_word' id='word_1_484' title='bbox 1787 3906 2020 3960; x_wconf 72' lang='lat' dir='ltr'><strong>lueretici</strong></span> <span class='ocrx_word' id='word_1_485' title='bbox 2073 3907 2235 3960; x_wconf 91' lang='lat' dir='ltr'><strong>alium</strong></span> 
     </span>
    </p>
   </div>
   <div class='ocr_carea' id='block_1_62' title="bbox 689 3975 2234 4032">
    <p class='ocr_par' dir='ltr' id='par_1_62' title="bbox 689 3975 2234 4032">
     <span class='ocr_line' id='line_1_62' title="bbox 689 3975 2234 4032; baseline 0.001 -5"><span class='ocrx_word' id='word_1_486' title='bbox 689 3988 842 4029; x_wconf 80' lang='lat' dir='ltr'><strong>extra</strong></span> <span class='ocrx_word' id='word_1_487' title='bbox 885 3986 1183 4030; x_wconf 89' lang='lat' dir='ltr'><strong>creatorem</strong></span> <span class='ocrx_word' id='word_1_488' title='bbox 1213 3976 1490 4028; x_wconf 81' lang='lat' dir='ltr'><strong>Dominum</strong></span> <span class='ocrx_word' id='word_1_489' title='bbox 1525 3975 1734 4028; x_wconf 88' lang='lat' dir='ltr'><strong>Patrem</strong></span> <span class='ocrx_word' id='word_1_490' title='bbox 1764 3975 2056 4030; x_wconf 87' lang='lat' dir='ltr'><strong>Salvatoris</strong></span> <span class='ocrx_word' id='word_1_491' title='bbox 2087 3992 2234 4032; x_wconf 88' lang='lat' dir='ltr'><strong>men-</strong></span> 
     </span>
    </p>
   </div>
   <div class='ocr_carea' id='block_1_63' title="bbox 693 4045 2236 4112">
    <p class='ocr_par' dir='ltr' id='par_1_63' title="bbox 693 4045 2236 4112">
     <span class='ocr_line' id='line_1_63' title="bbox 693 4045 2236 4112; baseline 0.001 -14"><span class='ocrx_word' id='word_1_492' title='bbox 693 4047 915 4107; x_wconf 89' lang='lat' dir='ltr'><strong>tiuntur,</strong></span> <span class='ocrx_word' id='word_1_493' title='bbox 951 4046 1052 4099; x_wconf 92' lang='lat' dir='ltr'><strong>hoc</strong></span> <span class='ocrx_word' id='word_1_494' title='bbox 1085 4045 1401 4112; x_wconf 78' lang='lat' dir='ltr'><strong>impiissime</strong></span> <span class='ocrx_word' id='word_1_495' title='bbox 1437 4047 1824 4112; x_wconf 69' lang='lat' dir='ltr'><strong>przedicantes:</strong></span> <span class='ocrx_word' id='word_1_496' title='bbox 1857 4061 1960 4099; x_wconf 93' lang='lat' dir='ltr'><strong>non</strong></span> <span class='ocrx_word' id='word_1_497' title='bbox 1999 4048 2236 4100; x_wconf 85' lang='lat' dir='ltr'><strong>scelera-</strong></span> 
     </span>
    </p>
   </div>
   <div class='ocr_carea' id='block_1_64' title="bbox 688 4114 2234 4184">
    <p class='ocr_par' dir='ltr' id='par_1_64' title="bbox 688 4114 2234 4184">
     <span class='ocr_line' id='line_1_64' title="bbox 688 4114 2234 4184; baseline -0.001 -15"><span class='ocrx_word' id='word_1_498' title='bbox 688 4122 799 4169; x_wconf 77' lang='lat' dir='ltr'><strong>tam</strong></span> <span class='ocrx_word' id='word_1_499' title='bbox 833 4129 1015 4170; x_wconf 91' lang='lat' dir='ltr'><strong>eorum</strong></span> <span class='ocrx_word' id='word_1_500' title='bbox 1045 4114 1400 4183; x_wconf 87' lang='lat' dir='ltr'><strong>suspicionem</strong></span> <span class='ocrx_word' id='word_1_501' title='bbox 1434 4116 1772 4183; x_wconf 88' lang='lat' dir='ltr'><strong>providentes</strong></span> <span class='ocrx_word' id='word_1_502' title='bbox 1799 4130 1828 4167; x_wconf 90' lang='lat' dir='ltr'><strong>a</strong></span> <span class='ocrx_word' id='word_1_503' title='bbox 1863 4115 1970 4168; x_wconf 91' lang='lat' dir='ltr'><strong>Deo</strong></span> <span class='ocrx_word' id='word_1_504' title='bbox 2009 4119 2234 4184; x_wconf 85' lang='lat' dir='ltr'><strong>percuti,</strong></span> 
     </span>
    </p>
   </div>
   <div class='ocr_carea' id='block_1_65' title="bbox 691 4184 2234 4253">
    <p class='ocr_par' dir='ltr' id='par_1_65' title="bbox 691 4184 2234 4253">
     <span class='ocr_line' id='line_1_65' title="bbox 691 4184 2234 4253; baseline 0.001 -16"><span class='ocrx_word' id='word_1_505' title='bbox 691 4185 944 4239; x_wconf 81' lang='lat' dir='ltr'><strong>dicente:</strong></span> <span class='ocrx_word' id='word_1_506' title='bbox 975 4184 1083 4252; x_wconf 81' lang='lat' dir='ltr'><strong>Ego</strong></span> <span class='ocrx_word' id='word_1_507' title='bbox 1121 4184 1363 4238; x_wconf 89' lang='lat' dir='ltr'><strong>formans</strong></span> <span class='ocrx_word' id='word_1_508' title='bbox 1405 4185 1719 4253; x_wconf 87' lang='lat' dir='ltr'><strong>tonitruum,</strong></span> <span class='ocrx_word' id='word_1_509' title='bbox 1767 4195 1820 4238; x_wconf 89' lang='lat' dir='ltr'><strong>et</strong></span> <span class='ocrx_word' id='word_1_510' title='bbox 1854 4201 2043 4239; x_wconf 88' lang='lat' dir='ltr'><strong>creans</strong></span> <span class='ocrx_word' id='word_1_511' title='bbox 2075 4187 2234 4253; x_wconf 88' lang='lat' dir='ltr'><strong>spiri-</strong></span> 
     </span>
    </p>
   </div>
   <div class='ocr_carea' id='block_1_66' title="bbox 693 4252 2234 4322">
    <p class='ocr_par' dir='ltr' id='par_1_66' title="bbox 693 4252 2234 4322">
     <span class='ocr_line' id='line_1_66' title="bbox 693 4252 2234 4322; baseline 0.001 -16"><span class='ocrx_word' id='word_1_512' title='bbox 693 4263 828 4318; x_wconf 89' lang='lat' dir='ltr'><strong>tum,</strong></span> <span class='ocrx_word' id='word_1_513' title='bbox 859 4265 913 4307; x_wconf 92' lang='lat' dir='ltr'><strong>et</strong></span> <span class='ocrx_word' id='word_1_514' title='bbox 938 4254 1068 4308; x_wconf 89' lang='lat' dir='ltr'><strong>alias</strong></span> <span class='ocrx_word' id='word_1_515' title='bbox 1098 4254 1279 4308; x_wconf 87' lang='lat' dir='ltr'><strong>mundi</strong></span> <span class='ocrx_word' id='word_1_516' title='bbox 1320 4263 1500 4320; x_wconf 87' lang='lat' dir='ltr'><strong>partes</strong></span> <span class='ocrx_word' id='word_1_517' title='bbox 1549 4252 1771 4319; x_wconf 82' lang='lat' dir='ltr'><strong>faciens,</strong></span> <span class='ocrx_word' id='word_1_518' title='bbox 1812 4264 1866 4308; x_wconf 92' lang='lat' dir='ltr'><strong>et</strong></span> <span class='ocrx_word' id='word_1_519' title='bbox 1912 4252 2234 4322; x_wconf 80' lang='lat' dir='ltr'><strong>gubernans.</strong></span> 
     </span>
    </p>
   </div>
   <div class='ocr_carea' id='block_1_67' title="bbox 693 4321 2226 4379">
    <p class='ocr_par' dir='ltr' id='par_1_67' title="bbox 693 4321 2226 4379">
     <span class='ocr_line' id='line_1_67' title="bbox 693 4321 2226 4379; baseline 0.001 -3"><span class='ocrx_word' id='word_1_520' title='bbox 693 4325 953 4377; x_wconf 88' lang='lat' dir='ltr'><strong>annuntio</strong></span> <span class='ocrx_word' id='word_1_521' title='bbox 1011 4325 1061 4377; x_wconf 91' lang='lat' dir='ltr'><strong>in</strong></span> <span class='ocrx_word' id='word_1_522' title='bbox 1122 4325 1366 4378; x_wconf 85' lang='lat' dir='ltr'><strong>homines</strong></span> <span class='ocrx_word' id='word_1_523' title='bbox 1420 4321 1691 4375; x_wconf 78' lang='lat' dir='ltr'><strong>Christum</strong></span> <span class='ocrx_word' id='word_1_524' title='bbox 1753 4321 1994 4376; x_wconf 78' lang='lat' dir='ltr'><strong>meuth</strong></span> <span class='ocrx_word' id='word_1_525' title='bbox 2051 4326 2226 4379; x_wconf 84' lang='lat' dir='ltr'><strong>Codex</strong></span> 
     </span>
    </p>
   </div>
   <div class='ocr_carea' id='block_1_68' title="bbox 694 4393 2307 4473">
    <p class='ocr_par' dir='ltr' id='par_1_68' title="bbox 694 4393 2307 4473">
     <span class='ocr_line' id='line_1_68' title="bbox 694 4393 2307 4473; baseline 0.001 -26"><span class='ocrx_word' id='word_1_526' title='bbox 694 4403 878 4473; x_wconf 81' lang='lat' dir='ltr'><strong>noster</strong></span> <span class='ocrx_word' id='word_1_527' title='bbox 911 4409 1012 4473; x_wconf 79' lang='lat' dir='ltr'><strong>pro</strong></span> <span class='ocrx_word' id='word_1_528' title='bbox 1054 4411 1073 4445; x_wconf 73' lang='grc' dir='ltr'><strong>ι</strong></span> <span class='ocrx_word' id='word_1_529' title='bbox 1099 4393 1438 4473; x_wconf 70' lang='lat' dir='ltr'><strong>providentes</strong></span> <span class='ocrx_word' id='word_1_530' title='bbox 1459 4411 1496 4473; x_wconf 47' lang='grc' dir='ltr'>ι.</span> <span class='ocrx_word' id='word_1_531' title='bbox 1533 4393 1696 4470; x_wconf 80' lang='lat' dir='ltr'><strong>habet</strong></span> <span class='ocrx_word' id='word_1_532' title='bbox 1748 4410 1765 4442; x_wconf 73' lang='grc' dir='ltr'><strong>ι</strong></span> <span class='ocrx_word' id='word_1_533' title='bbox 1796 4395 2137 4461; x_wconf 89' lang='lat' dir='ltr'><strong>providentur</strong></span> <span class='ocrx_word' id='word_1_534' title='bbox 2165 4413 2184 4444; x_wconf 75' lang='grc' dir='ltr'><strong>ι</strong></span> <span class='ocrx_word' id='word_1_535' title='bbox 2218 4416 2230 4448; x_wconf 87' lang='lat'><strong>:</strong></span> <span class='ocrx_word' id='word_1_536' title='bbox 2265 4419 2307 4473; x_wconf 70' lang='grc' dir='ltr'>υ</span> 
     </span>
    </p>
   </div>
   <div class='ocr_carea' id='block_1_69' title="bbox 693 4463 2236 4533">
    <p class='ocr_par' dir='ltr' id='par_1_69' title="bbox 693 4463 2236 4533">
     <span class='ocr_line' id='line_1_69' title="bbox 693 4463 2236 4533; baseline 0 -17"><span class='ocrx_word' id='word_1_537' title='bbox 693 4466 832 4531; x_wconf 92' lang='lat' dir='ltr'><strong>quod</strong></span> <span class='ocrx_word' id='word_1_538' title='bbox 882 4467 924 4518; x_wconf 91' lang='lat' dir='ltr'><strong>si</strong></span> <span class='ocrx_word' id='word_1_539' title='bbox 965 4464 1203 4533; x_wconf 84' lang='lat' dir='ltr'><strong>ejusdem</strong></span> <span class='ocrx_word' id='word_1_540' title='bbox 1245 4463 1446 4516; x_wconf 86' lang='lat' dir='ltr'><strong>codicis</strong></span> <span class='ocrx_word' id='word_1_541' title='bbox 1487 4463 1768 4516; x_wconf 87' lang='lat' dir='ltr'><strong>lectionem</strong></span> <span class='ocrx_word' id='word_1_542' title='bbox 1808 4477 2115 4530; x_wconf 88' lang='lat' dir='ltr'><strong>sequamur,</strong></span> <span class='ocrx_word' id='word_1_543' title='bbox 2171 4478 2236 4516; x_wconf 90' lang='lat' dir='ltr'><strong>ac</strong></span> 
     </span>
    </p>
   </div>
   <div class='ocr_carea' id='block_1_70' title="bbox 694 4533 2242 4600">
    <p class='ocr_par' dir='ltr' id='par_1_70' title="bbox 694 4533 2242 4600">
     <span class='ocr_line' id='line_1_70' title="bbox 694 4533 2242 4600; baseline 0 -14"><span class='ocrx_word' id='word_1_544' title='bbox 694 4534 1002 4588; x_wconf 87' lang='lat' dir='ltr'><strong>mendosam</strong></span> <span class='ocrx_word' id='word_1_545' title='bbox 1035 4549 1215 4587; x_wconf 89' lang='lat' dir='ltr'><strong>vocem</strong></span> <span class='ocrx_word' id='word_1_546' title='bbox 1259 4533 1679 4600; x_wconf 66' lang='lat' dir='ltr'><strong>«providentur»</strong></span> <span class='ocrx_word' id='word_1_547' title='bbox 1726 4535 2094 4597; x_wconf 87' lang='lat' dir='ltr'><strong>etnendemtts,</strong></span> <span class='ocrx_word' id='word_1_548' title='bbox 2143 4535 2242 4586; x_wconf 87' lang='lat' dir='ltr'><strong>mi—</strong></span> 
     </span>
    </p>
   </div>
   <div class='ocr_carea' id='block_1_71' title="bbox 695 4601 2237 4672">
    <p class='ocr_par' dir='ltr' id='par_1_71' title="bbox 695 4601 2237 4672">
     <span class='ocr_line' id='line_1_71' title="bbox 695 4601 2237 4672; baseline 0 -16"><span class='ocrx_word' id='word_1_549' title='bbox 695 4619 798 4657; x_wconf 89' lang='lat' dir='ltr'><strong>nus</strong></span> <span class='ocrx_word' id='word_1_550' title='bbox 819 4605 1091 4672; x_wconf 83' lang='lat' dir='ltr'><strong>perplexa,</strong></span> <span class='ocrx_word' id='word_1_551' title='bbox 1129 4603 1234 4655; x_wconf 87' lang='lat' dir='ltr'><strong>imo</strong></span> <span class='ocrx_word' id='word_1_552' title='bbox 1269 4603 1436 4655; x_wconf 87' lang='lat' dir='ltr'><strong>multo</strong></span> <span class='ocrx_word' id='word_1_553' title='bbox 1466 4601 1778 4654; x_wconf 87' lang='lat' dir='ltr'><strong>concinnior</strong></span> <span class='ocrx_word' id='word_1_554' title='bbox 1814 4604 1929 4672; x_wconf 90' lang='lat' dir='ltr'><strong>erit</strong></span> <span class='ocrx_word' id='word_1_555' title='bbox 1955 4601 2237 4656; x_wconf 76' lang='lat' dir='ltr'><strong>sententia.</strong></span> 
     </span>
    </p>
   </div>
   <div class='ocr_carea' id='block_1_72' title="bbox 695 4671 2244 4742">
    <p class='ocr_par' dir='ltr' id='par_1_72' title="bbox 695 4671 2244 4742">
     <span class='ocr_line' id='line_1_72' title="bbox 695 4671 2244 4742; baseline 0.001 -17"><span class='ocrx_word' id='word_1_556' title='bbox 695 4671 880 4740; x_wconf 83' lang='lat' dir='ltr'><strong>Itaque</strong></span> <span class='ocrx_word' id='word_1_557' title='bbox 920 4671 1017 4727; x_wconf 81' lang='lat' dir='ltr'><strong>sic</strong></span> <span class='ocrx_word' id='word_1_558' title='bbox 1068 4673 1184 4742; x_wconf 71' lang='lat' dir='ltr'><strong>lego</strong></span> <span class='ocrx_word' id='word_1_559' title='bbox 1242 4687 1308 4724; x_wconf 88' lang='lat' dir='ltr'><strong>ex</strong></span> <span class='ocrx_word' id='word_1_560' title='bbox 1373 4672 1555 4725; x_wconf 89' lang='lat' dir='ltr'><strong>eodem</strong></span> <span class='ocrx_word' id='word_1_561' title='bbox 1611 4672 1886 4742; x_wconf 75' lang='lat' dir='ltr'><strong>codicezr</strong></span> <span class='ocrx_word' id='word_1_562' title='bbox 1919 4671 1989 4742; x_wconf 84' lang='lat' dir='ltr'><strong>Et</strong></span> <span class='ocrx_word' id='word_1_563' title='bbox 2031 4673 2098 4742; x_wconf 85' lang='lat' dir='ltr'><strong>ad</strong></span> <span class='ocrx_word' id='word_1_564' title='bbox 2144 4673 2244 4726; x_wconf 90' lang='lat' dir='ltr'><strong>hoc</strong></span> 
     </span>
    </p>
   </div>
   <div class='ocr_carea' id='block_1_73' title="bbox 695 4741 2241 4811">
    <p class='ocr_par' dir='ltr' id='par_1_73' title="bbox 695 4741 2241 4811">
     <span class='ocr_line' id='line_1_73' title="bbox 695 4741 2241 4811; baseline -0.002 -14"><span class='ocrx_word' id='word_1_565' title='bbox 695 4744 1120 4811; x_wconf 84' lang='lat' dir='ltr'><strong>respondendum</strong></span> <span class='ocrx_word' id='word_1_566' title='bbox 1167 4750 1280 4805; x_wconf 86' lang='lat' dir='ltr'><strong>est,</strong></span> <span class='ocrx_word' id='word_1_567' title='bbox 1329 4744 1455 4810; x_wconf 84' lang='lat' dir='ltr'><strong>quia</strong></span> <span class='ocrx_word' id='word_1_568' title='bbox 1505 4742 1719 4811; x_wconf 60' lang='lat' dir='ltr'><strong>quidam</strong></span> <span class='ocrx_word' id='word_1_569' title='bbox 1758 4741 1994 4795; x_wconf 69' lang='lat' dir='ltr'><strong>haeretici</strong></span> <span class='ocrx_word' id='word_1_570' title='bbox 2055 4741 2241 4804; x_wconf 90' lang='lat' dir='ltr'><strong>alium,</strong></span> 
     </span>
    </p>
   </div>
   <div class='ocr_carea' id='block_1_74' title="bbox 696 4809 2244 4877">
    <p class='ocr_par' dir='ltr' id='par_1_74' title="bbox 696 4809 2244 4877">
     <span class='ocr_line' id='line_1_74' title="bbox 696 4809 2244 4877; baseline -0.001 -12"><span class='ocrx_word' id='word_1_571' title='bbox 696 4809 845 4865; x_wconf 82' lang='lat' dir='ltr'><strong>extra</strong></span> <span class='ocrx_word' id='word_1_572' title='bbox 900 4813 1240 4877; x_wconf 86' lang='lat' dir='ltr'><strong>Creatorem,</strong></span> <span class='ocrx_word' id='word_1_573' title='bbox 1307 4809 1588 4865; x_wconf 83' lang='lat' dir='ltr'><strong>Dominum</strong></span> <span class='ocrx_word' id='word_1_574' title='bbox 1655 4809 1867 4863; x_wconf 85' lang='lat' dir='ltr'><strong>Patrem</strong></span> <span class='ocrx_word' id='word_1_575' title='bbox 1950 4811 2244 4864; x_wconf 87' lang='lat' dir='ltr'><strong>Salvatoris</strong></span> 
     </span>
    </p>
   </div>
   <div class='ocr_carea' id='block_1_75' title="bbox 701 4880 2243 4948">
    <p class='ocr_par' dir='ltr' id='par_1_75' title="bbox 701 4880 2243 4948">
     <span class='ocr_line' id='line_1_75' title="bbox 701 4880 2243 4948; baseline 0.002 -17"><span class='ocrx_word' id='word_1_576' title='bbox 701 4887 1046 4943; x_wconf 86' lang='lat' dir='ltr'><strong>mentiuntur,</strong></span> <span class='ocrx_word' id='word_1_577' title='bbox 1107 4883 1209 4934; x_wconf 87' lang='lat' dir='ltr'><strong>hoc</strong></span> <span class='ocrx_word' id='word_1_578' title='bbox 1278 4880 1592 4948; x_wconf 90' lang='lat' dir='ltr'><strong>impiissime</strong></span> <span class='ocrx_word' id='word_1_579' title='bbox 1646 4880 2040 4947; x_wconf 73' lang='lat' dir='ltr'><strong>praedicantes,</strong></span> <span class='ocrx_word' id='word_1_580' title='bbox 2102 4896 2243 4934; x_wconf 91' lang='lat' dir='ltr'><strong>nunc</strong></span> 
     </span>
    </p>
   </div>
   <div class='ocr_carea' id='block_1_76' title="bbox 697 4951 2242 5018">
    <p class='ocr_par' dir='ltr' id='par_1_76' title="bbox 697 4951 2242 5018">
     <span class='ocr_line' id='line_1_76' title="bbox 697 4951 2242 5018; baseline 0.001 -15"><span class='ocrx_word' id='word_1_581' title='bbox 697 4951 1013 5005; x_wconf 81' lang='lat' dir='ltr'><strong>sceleratam</strong></span> <span class='ocrx_word' id='word_1_582' title='bbox 1040 4966 1225 5006; x_wconf 89' lang='lat' dir='ltr'><strong>eorum</strong></span> <span class='ocrx_word' id='word_1_583' title='bbox 1249 4952 1606 5018; x_wconf 89' lang='lat' dir='ltr'><strong>suspicionem</strong></span> <span class='ocrx_word' id='word_1_584' title='bbox 1657 4951 2002 5017; x_wconf 88' lang='lat' dir='ltr'><strong>providenter</strong></span> <span class='ocrx_word' id='word_1_585' title='bbox 2050 4965 2080 5003; x_wconf 90' lang='lat' dir='ltr'><strong>a</strong></span> <span class='ocrx_word' id='word_1_586' title='bbox 2135 4951 2242 5004; x_wconf 89' lang='lat' dir='ltr'><strong>Deo</strong></span> 
     </span>
    </p>
   </div>
   <div class='ocr_carea' id='block_1_77' title="bbox 1254 5019 2247 5088">
    <p class='ocr_par' dir='ltr' id='par_1_77' title="bbox 1254 5019 2247 5088">
     <span class='ocr_line' id='line_1_77' title="bbox 1254 5019 2247 5088; baseline 0 -14"><span class='ocrx_word' id='word_1_587' title='bbox 1254 5038 1268 5074; x_wconf 89' lang='lat'>:</span> <span class='ocrx_word' id='word_1_588' title='bbox 1314 5021 1468 5088; x_wconf 70' lang='lat' dir='ltr'><strong>«Ego</strong></span> <span class='ocrx_word' id='word_1_589' title='bbox 1525 5019 1740 5072; x_wconf 74' lang='lat' dir='ltr'><strong>firmans</strong></span> <span class='ocrx_word' id='word_1_590' title='bbox 1806 5022 2140 5084; x_wconf 91' lang='lat' dir='ltr'><strong>tonitruum,</strong></span> <span class='ocrx_word' id='word_1_591' title='bbox 2190 5032 2247 5074; x_wconf 92' lang='lat' dir='ltr'><strong>et</strong></span> 
     </span>
    </p>
   </div>
   <div class='ocr_carea' id='block_1_78' title="bbox 696 5090 2244 5158">
    <p class='ocr_par' dir='ltr' id='par_1_78' title="bbox 696 5090 2244 5158">
     <span class='ocr_line' id='line_1_78' title="bbox 696 5090 2244 5158; baseline -0.001 -15"><span class='ocrx_word' id='word_1_592' title='bbox 696 5106 891 5144; x_wconf 82' lang='lat' dir='ltr'><strong>creatis</strong></span> <span class='ocrx_word' id='word_1_593' title='bbox 929 5092 1196 5158; x_wconf 88' lang='lat' dir='ltr'><strong>spiritnm,</strong></span> <span class='ocrx_word' id='word_1_594' title='bbox 1225 5107 1244 5140; x_wconf 76' lang='grc' dir='ltr'><strong>ι</strong></span> <span class='ocrx_word' id='word_1_595' title='bbox 1292 5091 1501 5144; x_wconf 86' lang='lat' dir='ltr'><strong>etalias</strong></span> <span class='ocrx_word' id='word_1_596' title='bbox 1535 5090 1713 5141; x_wconf 88' lang='lat' dir='ltr'><strong>mundi</strong></span> <span class='ocrx_word' id='word_1_597' title='bbox 1757 5099 1934 5155; x_wconf 88' lang='lat' dir='ltr'><strong>partes</strong></span> <span class='ocrx_word' id='word_1_598' title='bbox 1964 5091 2168 5144; x_wconf 88' lang='lat' dir='ltr'><strong>faciens</strong></span> <span class='ocrx_word' id='word_1_599' title='bbox 2190 5100 2244 5144; x_wconf 91' lang='lat' dir='ltr'><strong>et</strong></span> 
     </span>
    </p>
   </div>
   <div class='ocr_carea' id='block_1_79' title="bbox 699 5022 1194 5087">
    <p class='ocr_par' dir='ltr' id='par_1_79' title="bbox 699 5022 1194 5087">
     <span class='ocr_line' id='line_1_79' title="bbox 699 5022 1194 5087; baseline 0.004 -15"><span class='ocrx_word' id='word_1_600' title='bbox 699 5022 925 5087; x_wconf 86' lang='lat' dir='ltr'><strong>percuti,</strong></span> <span class='ocrx_word' id='word_1_601' title='bbox 981 5022 1194 5074; x_wconf 88' lang='lat' dir='ltr'><strong>dicente</strong></span> 
     </span>
    </p>
   </div>
   <div class='ocr_carea' id='block_1_80' title="bbox 698 5159 2238 5228">
    <p class='ocr_par' dir='ltr' id='par_1_80' title="bbox 698 5159 2238 5228">
     <span class='ocr_line' id='line_1_80' title="bbox 698 5159 2238 5228; baseline -0.001 -15"><span class='ocrx_word' id='word_1_602' title='bbox 698 5161 1021 5228; x_wconf 75' lang='lat' dir='ltr'><strong>gubernans.</strong></span> <span class='ocrx_word' id='word_1_603' title='bbox 1052 5178 1070 5210; x_wconf 83' lang='lat' dir='ltr'><strong>t</strong></span> <span class='ocrx_word' id='word_1_604' title='bbox 1099 5160 1359 5213; x_wconf 90' lang='lat' dir='ltr'><strong>annuntio</strong></span> <span class='ocrx_word' id='word_1_605' title='bbox 1376 5161 1426 5212; x_wconf 90' lang='lat' dir='ltr'><strong>in</strong></span> <span class='ocrx_word' id='word_1_606' title='bbox 1446 5159 1688 5212; x_wconf 88' lang='lat' dir='ltr'><strong>homines</strong></span> <span class='ocrx_word' id='word_1_607' title='bbox 1705 5159 1978 5212; x_wconf 87' lang='lat' dir='ltr'><strong>Christum</strong></span> <span class='ocrx_word' id='word_1_608' title='bbox 1999 5175 2194 5214; x_wconf 89' lang='lat' dir='ltr'><strong>meum.</strong></span> <span class='ocrx_word' id='word_1_609' title='bbox 2219 5179 2238 5212; x_wconf 75' lang='grc' dir='ltr'><strong>ι</strong></span> 
     </span>
    </p>
   </div>
   <div class='ocr_carea' id='block_1_81' title="bbox 781 5228 1467 5296">
    <p class='ocr_par' dir='ltr' id='par_1_81' title="bbox 781 5228 1467 5296">
     <span class='ocr_line' id='line_1_81' title="bbox 781 5228 1467 5296; baseline -0.001 -14"><span class='ocrx_word' id='word_1_610' title='bbox 781 5228 880 5296; x_wconf 74' lang='grc'><strong>’64)</strong></span> <span class='ocrx_word' id='word_1_611' title='bbox 946 5228 1292 5295; x_wconf 81' lang='lat' dir='ltr'><strong>Quandonam</strong></span> <span class='ocrx_word' id='word_1_612' title='bbox 1319 5268 1333 5281; x_wconf 93' lang='lat'><strong>.</strong></span> <span class='ocrx_word' id='word_1_613' title='bbox 1362 5268 1377 5283; x_wconf 95' lang='lat'><strong>.</strong></span> <span class='ocrx_word' id='word_1_614' title='bbox 1403 5268 1417 5282; x_wconf 95' lang='lat'><strong>.</strong></span> <span class='ocrx_word' id='word_1_615' title='bbox 1451 5267 1467 5281; x_wconf 95' lang='lat'><strong>.</strong></span> 
     </span>
    </p>
   </div>
   <div class='ocr_carea' id='block_1_82' title="bbox 698 5506 1932 5577">
    <p class='ocr_par' dir='ltr' id='par_1_82' title="bbox 698 5506 1932 5577">
     <span class='ocr_line' id='line_1_82' title="bbox 698 5506 1932 5577; baseline 0 -15"><span class='ocrx_word' id='word_1_616' title='bbox 698 5511 1037 5577; x_wconf 81' lang='lat' dir='ltr'><strong>baptismate,</strong></span> <span class='ocrx_word' id='word_1_617' title='bbox 1072 5509 1256 5561; x_wconf 88' lang='lat' dir='ltr'><strong>dicens</strong></span> <span class='ocrx_word' id='word_1_618' title='bbox 1279 5526 1304 5577; x_wconf 10' lang='lat'><strong>7:</strong></span> <span class='ocrx_word' id='word_1_619' title='bbox 1342 5524 1360 5557; x_wconf 82' lang='lat' dir='ltr'><strong>t</strong></span> <span class='ocrx_word' id='word_1_620' title='bbox 1384 5506 1462 5560; x_wconf 90' lang='lat' dir='ltr'><strong>Tu</strong></span> <span class='ocrx_word' id='word_1_621' title='bbox 1489 5523 1547 5577; x_wconf 89' lang='lat' dir='ltr'><strong>es</strong></span> <span class='ocrx_word' id='word_1_622' title='bbox 1576 5506 1762 5574; x_wconf 85' lang='lat' dir='ltr'><strong>Filius,</strong></span> <span class='ocrx_word' id='word_1_623' title='bbox 1782 5525 1799 5558; x_wconf 74' lang='grc' dir='ltr'><strong>ι</strong></span> <span class='ocrx_word' id='word_1_624' title='bbox 1826 5515 1932 5562; x_wconf 87' lang='lat' dir='ltr'><strong>etc.</strong></span> 
     </span>
    </p>
   </div>
   <div class='ocr_carea' id='block_1_83' title="bbox 769 5576 2246 5649">
    <p class='ocr_par' dir='ltr' id='par_1_83' title="bbox 769 5576 2246 5649">
     <span class='ocr_line' id='line_1_83' title="bbox 769 5576 2246 5649; baseline -0.001 -17"><span class='ocrx_word' id='word_1_625' title='bbox 769 5576 879 5649; x_wconf 76' lang='lat'><strong>(65)</strong></span> <span class='ocrx_word' id='word_1_626' title='bbox 936 5576 1005 5631; x_wconf 84' lang='lat' dir='ltr'><strong>In</strong></span> <span class='ocrx_word' id='word_1_627' title='bbox 1045 5577 1229 5649; x_wconf 77' lang='lat' dir='ltr'><strong>primo</strong></span> <span class='ocrx_word' id='word_1_628' title='bbox 1275 5576 1441 5646; x_wconf 84' lang='grc' dir='ltr'>λόγῳ.</span> <span class='ocrx_word' id='word_1_629' title='bbox 1502 5576 1558 5632; x_wconf 83' lang='lat' dir='ltr'><strong>Si</strong></span> <span class='ocrx_word' id='word_1_630' title='bbox 1611 5579 1763 5648; x_wconf 91' lang='lat' dir='ltr'><strong>primi</strong></span> <span class='ocrx_word' id='word_1_631' title='bbox 1817 5577 1976 5646; x_wconf 86' lang='grc' dir='ltr'>λόγου</span> <span class='ocrx_word' id='word_1_632' title='bbox 2033 5578 2246 5634; x_wconf 89' lang='lat' dir='ltr'><strong>nomine</strong></span> 
     </span>
    </p>
   </div>
   <div class='ocr_carea' id='block_1_84' title="bbox 740 5647 2248 5720">
    <p class='ocr_par' dir='ltr' id='par_1_84' title="bbox 740 5647 2248 5720">
     <span class='ocr_line' id='line_1_84' title="bbox 740 5647 2248 5720; baseline -0.001 -17"><span class='ocrx_word' id='word_1_633' title='bbox 740 5647 931 5703; x_wconf 81' lang='lat' dir='ltr'><strong>rituum</strong></span> <span class='ocrx_word' id='word_1_634' title='bbox 965 5647 1124 5720; x_wconf 86' lang='lat' dir='ltr'><strong>hujus</strong></span> <span class='ocrx_word' id='word_1_635' title='bbox 1151 5649 1329 5720; x_wconf 84' lang='lat' dir='ltr'><strong>operis</strong></span> <span class='ocrx_word' id='word_1_636' title='bbox 1357 5651 1547 5703; x_wconf 81' lang='lat' dir='ltr'><strong>librum</strong></span> <span class='ocrx_word' id='word_1_637' title='bbox 1576 5652 1813 5714; x_wconf 86' lang='lat' dir='ltr'><strong>denotat,</strong></span> <span class='ocrx_word' id='word_1_638' title='bbox 1847 5650 2063 5720; x_wconf 79' lang='lat' dir='ltr'><strong>respicit</strong></span> <span class='ocrx_word' id='word_1_639' title='bbox 2088 5659 2248 5718; x_wconf 85' lang='lat' dir='ltr'><strong>caput</strong></span> 
     </span>
    </p>
   </div>
   <div class='ocr_carea' id='block_1_85' title="bbox 699 5666 1202 5787">
    <p class='ocr_par' dir='ltr' id='par_1_85' title="bbox 699 5666 1202 5787">
     <span class='ocr_line' id='line_1_85' title="bbox 740 5666 1202 5715; baseline -0.011 -12"><span class='ocrx_word' id='word_1_640' title='bbox 740 5666 931 5703; x_wconf 89' lang='lat' dir='ltr'><strong>rlmum</strong></span> <span class='ocrx_word' id='word_1_641' title='bbox 965 5666 1124 5715; x_wconf 82' lang='lat' dir='ltr'><strong>uUjus</strong></span> <span class='ocrx_word' id='word_1_642' title='bbox 1151 5666 1202 5715; x_wconf 72' lang='grc' dir='ltr'><strong>οι</strong></span> 
     </span>
     <span class='ocr_line' id='line_1_86' title="bbox 699 5666 1202 5787; baseline -0.016 -9"><span class='ocrx_word' id='word_1_643' title='bbox 699 5666 769 5778; x_wconf 55' lang='grc' dir='ltr'><strong>ἵε</strong></span> <span class='ocrx_word' id='word_1_644' title='bbox 793 5719 1026 5787; x_wconf 82' lang='lat' dir='ltr'><strong>ejusdem</strong></span> <span class='ocrx_word' id='word_1_645' title='bbox 1060 5717 1202 5772; x_wconf 84' lang='lat' dir='ltr'><strong>libri.</strong></span> 
     </span>
    </p>
   </div>
   <div class='ocr_carea' id='block_1_86' title="bbox 1520 5228 2241 5283">
    <p class='ocr_par' dir='ltr' id='par_1_86' title="bbox 1520 5228 2241 5283">
     <span class='ocr_line' id='line_1_87' title="bbox 1520 5228 2241 5283; baseline 0.004 -4"><span class='ocrx_word' id='word_1_646' title='bbox 1520 5230 1844 5281; x_wconf 80' lang='lat' dir='ltr'><strong>annuntiavit</strong></span> <span class='ocrx_word' id='word_1_647' title='bbox 1864 5231 1889 5282; x_wconf 84' lang='lat'><strong><em>?</em></strong></span> <span class='ocrx_word' id='word_1_648' title='bbox 1962 5240 2067 5283; x_wconf 87' lang='lat' dir='ltr'><strong>etc.</strong></span> <span class='ocrx_word' id='word_1_649' title='bbox 2126 5228 2241 5283; x_wconf 81' lang='lat' dir='ltr'><strong>Non</strong></span> 
     </span>
    </p>
   </div>
   <div class='ocr_carea' id='block_1_87' title="bbox 699 5297 2244 5366">
    <p class='ocr_par' dir='ltr' id='par_1_87' title="bbox 699 5297 2244 5366">
     <span class='ocr_line' id='line_1_88' title="bbox 699 5297 2244 5366; baseline -0.003 -10"><span class='ocrx_word' id='word_1_650' title='bbox 699 5300 946 5356; x_wconf 87' lang='lat' dir='ltr'><strong>dissimili</strong></span> <span class='ocrx_word' id='word_1_651' title='bbox 979 5300 1136 5352; x_wconf 88' lang='lat' dir='ltr'><strong>modo</strong></span> <span class='ocrx_word' id='word_1_652' title='bbox 1168 5299 1484 5352; x_wconf 85' lang='lat' dir='ltr'><strong>Ambrosius</strong></span> <span class='ocrx_word' id='word_1_653' title='bbox 1518 5298 1610 5352; x_wconf 91' lang='lat' dir='ltr'><strong>lib.</strong></span> <span class='ocrx_word' id='word_1_654' title='bbox 1647 5311 1684 5350; x_wconf 93' lang='grc' dir='ltr'><strong>ιι</strong></span> <span class='ocrx_word' id='word_1_655' title='bbox 1716 5299 1792 5350; x_wconf 83' lang='lat' dir='ltr'><strong>De</strong></span> <span class='ocrx_word' id='word_1_656' title='bbox 1827 5297 2032 5366; x_wconf 77' lang='lat' dir='ltr'><strong>Spiritu</strong></span> <span class='ocrx_word' id='word_1_657' title='bbox 2065 5311 2244 5352; x_wconf 79' lang='lat' dir='ltr'><strong>sancto</strong></span> 
     </span>
    </p>
   </div>
   <div class='ocr_carea' id='block_1_88' title="bbox 698 5368 2246 5439">
    <p class='ocr_par' dir='ltr' id='par_1_88' title="bbox 698 5368 2246 5439">
     <span class='ocr_line' id='line_1_89' title="bbox 698 5368 2246 5439; baseline -0.001 -15"><span class='ocrx_word' id='word_1_658' title='bbox 698 5386 818 5439; x_wconf 88' lang='lat' dir='ltr'><strong>cap.</strong></span> <span class='ocrx_word' id='word_1_659' title='bbox 845 5369 900 5432; x_wconf 87' lang='lat'><strong>6,</strong></span> <span class='ocrx_word' id='word_1_660' title='bbox 930 5384 1110 5439; x_wconf 49' lang='lat' dir='ltr'><strong>segm1</strong></span> <span class='ocrx_word' id='word_1_661' title='bbox 1128 5368 1217 5431; x_wconf 83' lang='lat'><strong>57,</strong></span> <span class='ocrx_word' id='word_1_662' title='bbox 1273 5385 1292 5417; x_wconf 74' lang='grc' dir='ltr'><strong>ι</strong></span> <span class='ocrx_word' id='word_1_663' title='bbox 1313 5369 1550 5430; x_wconf 82' lang='lat' dir='ltr'><strong>Addidit,</strong></span> <span class='ocrx_word' id='word_1_664' title='bbox 1580 5368 1772 5437; x_wconf 88' lang='lat' dir='ltr'><strong>inquit,</strong></span> <span class='ocrx_word' id='word_1_665' title='bbox 1805 5370 1945 5436; x_wconf 91' lang='lat' dir='ltr'><strong>quod</strong></span> <span class='ocrx_word' id='word_1_666' title='bbox 1977 5369 2246 5422; x_wconf 90' lang='lat' dir='ltr'><strong>nuntiaret</strong></span> 
     </span>
    </p>
   </div>
   <div class='ocr_carea' id='block_1_89' title="bbox 695 5437 2244 5497">
    <p class='ocr_par' dir='ltr' id='par_1_89' title="bbox 695 5437 2244 5497">
     <span class='ocr_line' id='line_1_90' title="bbox 695 5437 2244 5497; baseline -0.002 -2"><span class='ocrx_word' id='word_1_667' title='bbox 695 5437 1032 5497; x_wconf 74' lang='lat' dir='ltr'><strong>Iuliornines</strong></span> <span class='ocrx_word' id='word_1_668' title='bbox 1075 5437 1348 5491; x_wconf 87' lang='lat' dir='ltr'><strong>Christum</strong></span> <span class='ocrx_word' id='word_1_669' title='bbox 1383 5453 1537 5490; x_wconf 91' lang='lat' dir='ltr'><strong>suum</strong></span> <span class='ocrx_word' id='word_1_670' title='bbox 1575 5452 1588 5487; x_wconf 93' lang='lat'>:</span> <span class='ocrx_word' id='word_1_671' title='bbox 1621 5439 1956 5492; x_wconf 86' lang='lat' dir='ltr'><strong>annuntiavit</strong></span> <span class='ocrx_word' id='word_1_672' title='bbox 2002 5441 2150 5494; x_wconf 83' lang='lat' dir='ltr'><strong>enim</strong></span> <span class='ocrx_word' id='word_1_673' title='bbox 2189 5440 2244 5494; x_wconf 87' lang='lat' dir='ltr'><strong>in</strong></span> 
     </span>
    </p>
   </div>
   <div class='ocr_carea' id='block_1_90' title="bbox 2331 2054 3836 2133">
    <p class='ocr_par' dir='ltr' id='par_1_90' title="bbox 2331 2054 3836 2133">
     <span class='ocr_line' id='line_1_91' title="bbox 2331 2054 3836 2133; baseline 0.005 -27"><span class='ocrx_word' id='word_1_674' title='bbox 2331 2054 2442 2126; x_wconf 84' lang='grc' dir='ltr'><strong>πῦρ</strong></span> <span class='ocrx_word' id='word_1_675' title='bbox 2489 2057 2581 2108; x_wconf 76' lang='grc' dir='ltr'><strong>ἐπὶ</strong></span> <span class='ocrx_word' id='word_1_676' title='bbox 2618 2057 2836 2122; x_wconf 79' lang='grc' dir='ltr'>Ἰούδαν,</span> <span class='ocrx_word' id='word_1_677' title='bbox 2873 2059 2965 2112; x_wconf 80' lang='grc' dir='ltr'>καὶ</span> <span class='ocrx_word' id='word_1_678' title='bbox 3009 2060 3383 2128; x_wconf 85' lang='grc' dir='ltr'>καταφάγεται</span> <span class='ocrx_word' id='word_1_679' title='bbox 3431 2063 3499 2116; x_wconf 79' lang='grc' dir='ltr'>τὰ</span> <span class='ocrx_word' id='word_1_680' title='bbox 3541 2061 3740 2133; x_wconf 85' lang='grc' dir='ltr'>θεμέλια</span> <span class='ocrx_word' id='word_1_681' title='bbox 3767 2062 3836 2115; x_wconf 68' lang='grc' dir='ltr'><strong>Ἰει</strong></span> 
     </span>
    </p>
   </div>
   <div class='ocr_carea' id='block_1_91' title="bbox 2329 2152 3834 2226">
    <p class='ocr_par' dir='ltr' id='par_1_91' title="bbox 2329 2152 3834 2226">
     <span class='ocr_line' id='line_1_92' title="bbox 2329 2152 3834 2226; baseline 0.007 -23"><span class='ocrx_word' id='word_1_682' title='bbox 2329 2152 2628 2223; x_wconf 81' lang='grc' dir='ltr'>ρουσαλήμ.</span> <span class='ocrx_word' id='word_1_683' title='bbox 2670 2173 2688 2206; x_wconf 73' lang='grc' dir='ltr'><strong>ι</strong></span> <span class='ocrx_word' id='word_1_684' title='bbox 2717 2154 2844 2207; x_wconf 84' lang='grc' dir='ltr'>Δέον</span> <span class='ocrx_word' id='word_1_685' title='bbox 2889 2154 3087 2218; x_wconf 87' lang='grc' dir='ltr'>τοίνυν,</span> <span class='ocrx_word' id='word_1_686' title='bbox 3134 2156 3180 2207; x_wconf 85' lang='grc' dir='ltr'>εί</span> <span class='ocrx_word' id='word_1_687' title='bbox 3237 2154 3312 2225; x_wconf 84' lang='grc' dir='ltr'><strong>μὴ</strong></span> <span class='ocrx_word' id='word_1_688' title='bbox 3363 2154 3608 2226; x_wconf 77' lang='grc' dir='ltr'>περὶτοῦ</span> <span class='ocrx_word' id='word_1_689' title='bbox 3640 2153 3834 2224; x_wconf 80' lang='grc' dir='ltr'>ἀνεμίου.</span> 
     </span>
    </p>
   </div>
   <div class='ocr_carea' id='block_1_92' title="bbox 2331 2243 3836 2316">
    <p class='ocr_par' dir='ltr' id='par_1_92' title="bbox 2331 2243 3836 2316">
     <span class='ocr_line' id='line_1_93' title="bbox 2331 2243 3836 2316; baseline -0.002 -18"><span class='ocrx_word' id='word_1_690' title='bbox 2331 2243 2456 2313; x_wconf 73' lang='grc' dir='ltr'>περὶ</span> <span class='ocrx_word' id='word_1_691' title='bbox 2486 2243 2615 2312; x_wconf 79' lang='grc' dir='ltr'>γοῦν</span> <span class='ocrx_word' id='word_1_692' title='bbox 2637 2244 2729 2297; x_wconf 82' lang='grc' dir='ltr'>τοῦ</span> <span class='ocrx_word' id='word_1_693' title='bbox 2761 2245 2890 2298; x_wconf 88' lang='grc' dir='ltr'>ίδίου</span> <span class='ocrx_word' id='word_1_694' title='bbox 2921 2245 3097 2299; x_wconf 84' lang='grc' dir='ltr'>αὐτῶν</span> <span class='ocrx_word' id='word_1_695' title='bbox 3127 2246 3434 2316; x_wconf 79' lang='grc' dir='ltr'>πνεύματος</span> <span class='ocrx_word' id='word_1_696' title='bbox 3455 2244 3678 2315; x_wconf 74' lang='grc' dir='ltr'>νομίζειν</span> <span class='ocrx_word' id='word_1_697' title='bbox 3701 2244 3836 2297; x_wconf 78' lang='grc' dir='ltr'>διαλέ-</span> 
     </span>
    </p>
   </div>
   <div class='ocr_carea' id='block_1_93' title="bbox 2329 2327 3836 2405">
    <p class='ocr_par' dir='ltr' id='par_1_93' title="bbox 2329 2327 3836 2405">
     <span class='ocr_line' id='line_1_94' title="bbox 2329 2327 3836 2405; baseline 0.002 -22"><span class='ocrx_word' id='word_1_698' title='bbox 2329 2331 2516 2399; x_wconf 84' lang='grc' dir='ltr'>γεσθαι</span> <span class='ocrx_word' id='word_1_699' title='bbox 2547 2331 2642 2402; x_wconf 80' lang='grc' dir='ltr'>τὴν</span> <span class='ocrx_word' id='word_1_700' title='bbox 2667 2332 3020 2405; x_wconf 85' lang='grc' dir='ltr'>προφητείαν,</span> <span class='ocrx_word' id='word_1_701' title='bbox 3060 2327 3120 2386; x_wconf 80' lang='grc' dir='ltr'><strong>οὗ</strong></span> <span class='ocrx_word' id='word_1_702' title='bbox 3154 2333 3412 2398; x_wconf 82' lang='grc' dir='ltr'>πολλάκις</span> <span class='ocrx_word' id='word_1_703' title='bbox 3457 2334 3523 2388; x_wconf 80' lang='grc' dir='ltr'>τὰ</span> <span class='ocrx_word' id='word_1_704' title='bbox 3575 2333 3713 2402; x_wconf 84' lang='grc' dir='ltr'>λόγια</span> <span class='ocrx_word' id='word_1_705' title='bbox 3737 2348 3836 2402; x_wconf 79' lang='grc' dir='ltr'>μνηο</span> 
     </span>
    </p>
   </div>
   <div class='ocr_carea' id='block_1_94' title="bbox 2335 2423 3834 2494">
    <p class='ocr_par' dir='ltr' id='par_1_94' title="bbox 2335 2423 3834 2494">
     <span class='ocr_line' id='line_1_95' title="bbox 2335 2423 3834 2494; baseline 0.001 -18"><span class='ocrx_word' id='word_1_706' title='bbox 2335 2423 2545 2494; x_wconf 86' lang='grc' dir='ltr'>μονεύει</span> <span class='ocrx_word' id='word_1_707' title='bbox 2571 2441 2584 2454; x_wconf 90' lang='grc'><strong>·</strong></span> <span class='ocrx_word' id='word_1_708' title='bbox 2637 2424 2713 2488; x_wconf 82' lang='grc' dir='ltr'><strong>ὡς</strong></span> <span class='ocrx_word' id='word_1_709' title='bbox 2765 2426 2892 2479; x_wconf 83' lang='grc' dir='ltr'>ὅταν</span> <span class='ocrx_word' id='word_1_710' title='bbox 2937 2426 3146 2490; x_wconf 80' lang='grc' dir='ltr'>Παῦλος</span> <span class='ocrx_word' id='word_1_711' title='bbox 3192 2425 3660 2482; x_wconf 84' lang='grc' dir='ltr'>Θεσσαλονικεῦσιν</span> <span class='ocrx_word' id='word_1_712' title='bbox 3701 2427 3748 2478; x_wconf 80' lang='grc' dir='ltr'><strong>ὲν</strong></span> <span class='ocrx_word' id='word_1_713' title='bbox 3787 2426 3834 2493; x_wconf 78' lang='grc' dir='ltr'>τῇ</span> 
     </span>
    </p>
   </div>
   <div class='ocr_carea' id='block_1_95' title="bbox 2333 2515 3836 2588">
    <p class='ocr_par' dir='ltr' id='par_1_95' title="bbox 2333 2515 3836 2588">
     <span class='ocr_line' id='line_1_96' title="bbox 2333 2515 3836 2588; baseline 0.001 -21"><span class='ocrx_word' id='word_1_714' title='bbox 2333 2516 2524 2586; x_wconf 74' lang='grc' dir='ltr'>πρώτῃ</span> <span class='ocrx_word' id='word_1_715' title='bbox 2555 2515 2842 2587; x_wconf 82' lang='grc' dir='ltr'>Ἐπιστολῇ</span> <span class='ocrx_word' id='word_1_716' title='bbox 2868 2518 3067 2587; x_wconf 87' lang='grc' dir='ltr'>γράφει</span> <span class='ocrx_word' id='word_1_717' title='bbox 3088 2535 3101 2547; x_wconf 78' lang='grc' dir='ltr'><strong>ο</strong></span> <span class='ocrx_word' id='word_1_718' title='bbox 3138 2538 3156 2569; x_wconf 76' lang='grc' dir='ltr'><strong>ι</strong></span> <span class='ocrx_word' id='word_1_719' title='bbox 3190 2518 3360 2582; x_wconf 81' lang='grc' dir='ltr'>Αὐτὸς</span> <span class='ocrx_word' id='word_1_720' title='bbox 3393 2518 3448 2571; x_wconf 81' lang='grc' dir='ltr'><strong>δὲ</strong></span> <span class='ocrx_word' id='word_1_721' title='bbox 3475 2521 3504 2572; x_wconf 95' lang='lat'><strong>6</strong></span> <span class='ocrx_word' id='word_1_722' title='bbox 3535 2519 3656 2582; x_wconf 82' lang='grc' dir='ltr'><strong>Θεὸς</strong></span> <span class='ocrx_word' id='word_1_723' title='bbox 3675 2518 3758 2588; x_wconf 79' lang='grc' dir='ltr'>τῆς</span> <span class='ocrx_word' id='word_1_724' title='bbox 3777 2518 3836 2570; x_wconf 86' lang='grc' dir='ltr'><strong>εί-</strong></span> 
     </span>
    </p>
   </div>
   <div class='ocr_carea' id='block_1_96' title="bbox 2335 2605 3836 2681">
    <p class='ocr_par' dir='ltr' id='par_1_96' title="bbox 2335 2605 3836 2681">
     <span class='ocr_line' id='line_1_97' title="bbox 2335 2605 3836 2681; baseline -0.001 -22"><span class='ocrx_word' id='word_1_725' title='bbox 2335 2607 2504 2678; x_wconf 88' lang='grc' dir='ltr'>ρήνης</span> <span class='ocrx_word' id='word_1_726' title='bbox 2543 2605 2744 2678; x_wconf 81' lang='grc' dir='ltr'>ἁγιάσῃ</span> <span class='ocrx_word' id='word_1_727' title='bbox 2773 2608 2914 2677; x_wconf 80' lang='grc' dir='ltr'><strong>ὑμᾶς</strong></span> <span class='ocrx_word' id='word_1_728' title='bbox 2958 2608 3250 2672; x_wconf 79' lang='grc' dir='ltr'>ὁλοτελεῖςο</span> <span class='ocrx_word' id='word_1_729' title='bbox 3284 2611 3380 2660; x_wconf 76' lang='grc' dir='ltr'>καὶ</span> <span class='ocrx_word' id='word_1_730' title='bbox 3414 2609 3687 2681; x_wconf 85' lang='grc' dir='ltr'>ὁλόκληρον</span> <span class='ocrx_word' id='word_1_731' title='bbox 3722 2607 3836 2678; x_wconf 74' lang='grc' dir='ltr'>ὑμῶν</span> 
     </span>
    </p>
   </div>
   <div class='ocr_carea' id='block_1_97' title="bbox 2333 2697 3835 2771">
    <p class='ocr_par' dir='ltr' id='par_1_97' title="bbox 2333 2697 3835 2771">
     <span class='ocr_line' id='line_1_98' title="bbox 2333 2697 3835 2771; baseline -0.001 -21"><span class='ocrx_word' id='word_1_732' title='bbox 2333 2698 2394 2750; x_wconf 81' lang='grc' dir='ltr'>τὸ</span> <span class='ocrx_word' id='word_1_733' title='bbox 2423 2697 2656 2769; x_wconf 83' lang='grc' dir='ltr'>πνεῦμα,</span> <span class='ocrx_word' id='word_1_734' title='bbox 2689 2699 2782 2751; x_wconf 81' lang='grc' dir='ltr'>καὶ</span> <span class='ocrx_word' id='word_1_735' title='bbox 2826 2701 2860 2770; x_wconf 82' lang='grc' dir='ltr'>ἡ</span> <span class='ocrx_word' id='word_1_736' title='bbox 2897 2699 3061 2770; x_wconf 76' lang='grc' dir='ltr'>ψυχὴ.</span> <span class='ocrx_word' id='word_1_737' title='bbox 3095 2699 3189 2753; x_wconf 83' lang='grc' dir='ltr'>καί</span> <span class='ocrx_word' id='word_1_738' title='bbox 3215 2699 3276 2751; x_wconf 86' lang='grc' dir='ltr'>τὸ</span> <span class='ocrx_word' id='word_1_739' title='bbox 3308 2699 3469 2770; x_wconf 82' lang='grc' dir='ltr'>σῶμα</span> <span class='ocrx_word' id='word_1_740' title='bbox 3498 2701 3768 2771; x_wconf 75' lang='grc' dir='ltr'>ἄμεμπτον,</span> <span class='ocrx_word' id='word_1_741' title='bbox 3794 2697 3835 2749; x_wconf 83' lang='grc' dir='ltr'>ὲν</span> 
     </span>
    </p>
   </div>
   <div class='ocr_carea' id='block_1_98' title="bbox 2334 2789 3835 2863">
    <p class='ocr_par' dir='ltr' id='par_1_98' title="bbox 2334 2789 3835 2863">
     <span class='ocr_line' id='line_1_99' title="bbox 2334 2789 3835 2863; baseline -0.001 -20"><span class='ocrx_word' id='word_1_742' title='bbox 2334 2793 2401 2862; x_wconf 83' lang='grc' dir='ltr'><strong>τῇ</strong></span> <span class='ocrx_word' id='word_1_743' title='bbox 2432 2790 2701 2862; x_wconf 78' lang='grc' dir='ltr'>παρουσίᾳ</span> <span class='ocrx_word' id='word_1_744' title='bbox 2723 2790 2818 2844; x_wconf 78' lang='grc' dir='ltr'><strong>τοῦ</strong></span> <span class='ocrx_word' id='word_1_745' title='bbox 2852 2790 3047 2862; x_wconf 86' lang='grc' dir='ltr'>Κυρίου</span> <span class='ocrx_word' id='word_1_746' title='bbox 3067 2789 3221 2862; x_wconf 78' lang='grc' dir='ltr'>ἡμῶν</span> <span class='ocrx_word' id='word_1_747' title='bbox 3260 2790 3437 2862; x_wconf 84' lang='grc' dir='ltr'><strong>Ἰησοῦ</strong></span> <span class='ocrx_word' id='word_1_748' title='bbox 3470 2791 3685 2863; x_wconf 87' lang='grc' dir='ltr'>Χριστοῦ</span> <span class='ocrx_word' id='word_1_749' title='bbox 3707 2807 3835 2859; x_wconf 60' lang='lat' dir='ltr'><strong>mpn-</strong></span> 
     </span>
    </p>
   </div>
   <div class='ocr_carea' id='block_1_99' title="bbox 2405 2998 3836 3072">
    <p class='ocr_par' dir='ltr' id='par_1_99' title="bbox 2405 2998 3836 3072">
     <span class='ocr_line' id='line_1_100' title="bbox 2405 2998 3836 3072; baseline -0.003 -19"><span class='ocrx_word' id='word_1_750' title='bbox 2405 2999 2520 3072; x_wconf 60' lang='lat' dir='ltr'><strong>t66)</strong></span> <span class='ocrx_word' id='word_1_751' title='bbox 2571 2998 2636 3052; x_wconf 87' lang='lat' dir='ltr'><strong>Et</strong></span> <span class='ocrx_word' id='word_1_752' title='bbox 2669 3001 2743 3061; x_wconf 86' lang='lat' dir='ltr'><strong>in.</strong></span> <span class='ocrx_word' id='word_1_753' title='bbox 2783 3011 2888 3072; x_wconf 69' lang='lat' dir='ltr'><strong>etc.</strong></span> <span class='ocrx_word' id='word_1_754' title='bbox 2923 3001 3124 3072; x_wconf 85' lang='lat' dir='ltr'><strong>Codex,</strong></span> <span class='ocrx_word' id='word_1_755' title='bbox 3157 3002 3250 3054; x_wconf 73' lang='grc' dir='ltr'><strong>καὶ</strong></span> <span class='ocrx_word' id='word_1_756' title='bbox 3295 3001 3419 3071; x_wconf 80' lang='grc' dir='ltr'>τῆς,</span> <span class='ocrx_word' id='word_1_757' title='bbox 3457 3011 3558 3057; x_wconf 90' lang='lat' dir='ltr'><strong>etc.</strong></span> <span class='ocrx_word' id='word_1_758' title='bbox 3594 3000 3718 3072; x_wconf 82' lang='lat' dir='ltr'><strong>Lego</strong></span> <span class='ocrx_word' id='word_1_759' title='bbox 3768 2998 3836 3051; x_wconf 77' lang='grc' dir='ltr'>καὶ</span> 
     </span>
    </p>
   </div>
   <div class='ocr_carea' id='block_1_100' title="bbox 2630 3071 3067 3141">
    <p class='ocr_par' dir='ltr' id='par_1_100' title="bbox 2630 3071 3067 3141">
     <span class='ocr_line' id='line_1_101' title="bbox 2630 3071 3067 3141; baseline -0.007 -18"><span class='ocrx_word' id='word_1_760' title='bbox 2630 3088 2692 3141; x_wconf 91' lang='grc' dir='ltr'><strong>νη</strong></span> <span class='ocrx_word' id='word_1_761' title='bbox 2703 3071 3067 3139; x_wconf 81' lang='grc' dir='ltr'>μονευθείσης.</span> 
     </span>
    </p>
   </div>
   <div class='ocr_carea' id='block_1_101' title="bbox 2405 3139 3834 3212">
    <p class='ocr_par' dir='ltr' id='par_1_101' title="bbox 2405 3139 3834 3212">
     <span class='ocr_line' id='line_1_102' title="bbox 2405 3139 3834 3212; baseline 0.003 -21"><span class='ocrx_word' id='word_1_762' title='bbox 2560 3139 2691 3212; x_wconf 56' lang='lat' dir='ltr'><strong>fich</strong></span> <span class='ocrx_word' id='word_1_763' title='bbox 2717 3142 2863 3195; x_wconf 85' lang='lat' dir='ltr'><strong>dicit.</strong></span> <span class='ocrx_word' id='word_1_764' title='bbox 2901 3143 3066 3193; x_wconf 81' lang='lat' dir='ltr'><strong>Amos</strong></span> <span class='ocrx_word' id='word_1_765' title='bbox 3086 3156 3154 3212; x_wconf 30' lang='lat' dir='ltr'><strong>Att.</strong></span> <span class='ocrx_word' id='word_1_766' title='bbox 3188 3140 3244 3204; x_wconf 74' lang='grc'>4,</span> <span class='ocrx_word' id='word_1_767' title='bbox 3304 3140 3357 3195; x_wconf 81' lang='lat'><strong>5.</strong></span> <span class='ocrx_word' id='word_1_768' title='bbox 3390 3211 3395 3212; x_wconf 14' lang='grc' dir='ltr'><strong>γ</strong></span> <span class='ocrx_word' id='word_1_769' title='bbox 3433 3210 3443 3212; x_wconf 96' lang='lat'><em>_</em></span> <span class='ocrx_word' id='word_1_770' title='bbox 3816 3201 3834 3212; x_wconf 84' lang='lat'>_</span> 
     </span>
    </p>
   </div>
   <div class='ocr_carea' id='block_1_102' title="bbox 2407 3208 3836 3278">
    <p class='ocr_par' dir='ltr' id='par_1_102' title="bbox 2407 3208 3836 3278">
     <span class='ocr_line' id='line_1_103' title="bbox 2407 3208 3836 3278; baseline -0.005 -16"><span class='ocrx_word' id='word_1_771' title='bbox 2407 3209 2515 3278; x_wconf 83' lang='lat'><strong>(68)</strong></span> <span class='ocrx_word' id='word_1_772' title='bbox 2557 3208 2625 3262; x_wconf 86' lang='lat' dir='ltr'><strong>Ut</strong></span> <span class='ocrx_word' id='word_1_773' title='bbox 2671 3227 2849 3263; x_wconf 76' lang='lat' dir='ltr'><strong>sortem</strong></span> <span class='ocrx_word' id='word_1_774' title='bbox 2899 3228 3004 3263; x_wconf 80' lang='lat' dir='ltr'><strong>eos.</strong></span> <span class='ocrx_word' id='word_1_775' title='bbox 3069 3210 3256 3265; x_wconf 64' lang='lat' dir='ltr'><strong>Grmca</strong></span> <span class='ocrx_word' id='word_1_776' title='bbox 3312 3210 3482 3264; x_wconf 87' lang='lat' dir='ltr'><strong>editio</strong></span> <span class='ocrx_word' id='word_1_777' title='bbox 3513 3227 3526 3263; x_wconf 93' lang='lat'>:</span> <span class='ocrx_word' id='word_1_778' title='bbox 3560 3210 3736 3262; x_wconf 74' lang='grc' dir='ltr'>Ἕνεκα</span> <span class='ocrx_word' id='word_1_779' title='bbox 3767 3208 3836 3256; x_wconf 74' lang='grc' dir='ltr'>τοῦ</span> 
     </span>
    </p>
   </div>
   <div class='ocr_carea' id='block_1_103' title="bbox 2334 3278 3837 3347">
    <p class='ocr_par' dir='ltr' id='par_1_103' title="bbox 2334 3278 3837 3347">
     <span class='ocr_line' id='line_1_104' title="bbox 2334 3278 3837 3347; baseline -0.005 -15"><span class='ocrx_word' id='word_1_780' title='bbox 2334 3278 2654 3332; x_wconf 84' lang='grc' dir='ltr'>ἀπώσασθαι</span> <span class='ocrx_word' id='word_1_781' title='bbox 2677 3279 2767 3332; x_wconf 84' lang='grc' dir='ltr'><strong>τὸν</strong></span> <span class='ocrx_word' id='word_1_782' title='bbox 2791 3280 2974 3347; x_wconf 87' lang='grc' dir='ltr'>νόμον,</span> <span class='ocrx_word' id='word_1_783' title='bbox 3008 3290 3140 3344; x_wconf 90' lang='lat' dir='ltr'><strong>elc.,</strong></span> <span class='ocrx_word' id='word_1_784' title='bbox 3168 3279 3217 3332; x_wconf 89' lang='lat' dir='ltr'><strong>id</strong></span> <span class='ocrx_word' id='word_1_785' title='bbox 3245 3289 3346 3341; x_wconf 90' lang='lat' dir='ltr'><strong>est,</strong></span> <span class='ocrx_word' id='word_1_786' title='bbox 3388 3300 3406 3330; x_wconf 75' lang='grc' dir='ltr'><strong>ι</strong></span> <span class='ocrx_word' id='word_1_787' title='bbox 3437 3282 3555 3345; x_wconf 86' lang='lat' dir='ltr'><strong>quia</strong></span> <span class='ocrx_word' id='word_1_788' title='bbox 3588 3278 3837 3347; x_wconf 84' lang='lat' dir='ltr'><strong>repulerunt</strong></span> 
     </span>
    </p>
   </div>
   <div class='ocr_carea' id='block_1_104' title="bbox 2334 3347 3835 3422">
    <p class='ocr_par' dir='ltr' id='par_1_104' title="bbox 2334 3347 3835 3422">
     <span class='ocr_line' id='line_1_105' title="bbox 2334 3347 3835 3422; baseline 0 -22"><span class='ocrx_word' id='word_1_789' title='bbox 2334 3347 2525 3422; x_wconf 71' lang='lat' dir='ltr'><strong>legent,</strong></span> <span class='ocrx_word' id='word_1_790' title='bbox 2554 3368 2576 3422; x_wconf 62' lang='lat' dir='ltr'><strong>t</strong></span> <span class='ocrx_word' id='word_1_791' title='bbox 2628 3360 2732 3405; x_wconf 85' lang='lat' dir='ltr'><strong>etc.</strong></span> <span class='ocrx_word' id='word_1_792' title='bbox 2781 3349 2911 3415; x_wconf 80' lang='lat' dir='ltr'><strong>Quae</strong></span> <span class='ocrx_word' id='word_1_793' title='bbox 2947 3361 3026 3403; x_wconf 87' lang='lat' dir='ltr'><strong>est</strong></span> <span class='ocrx_word' id='word_1_794' title='bbox 3057 3349 3308 3422; x_wconf 52' lang='lat' dir='ltr'><strong>genuina</strong></span> <span class='ocrx_word' id='word_1_795' title='bbox 3348 3350 3508 3422; x_wconf 72' lang='lat' dir='ltr'><strong>LXX</strong></span> <span class='ocrx_word' id='word_1_796' title='bbox 3543 3350 3835 3422; x_wconf 66' lang='lat' dir='ltr'><strong>Interprelutn</strong></span> 
     </span>
    </p>
   </div>
   <div class='ocr_carea' id='block_1_105' title="bbox 2337 3416 3834 3488">
    <p class='ocr_par' dir='ltr' id='par_1_105' title="bbox 2337 3416 3834 3488">
     <span class='ocr_line' id='line_1_106' title="bbox 2337 3416 3834 3488; baseline -0.005 -17"><span class='ocrx_word' id='word_1_797' title='bbox 2337 3418 2642 3480; x_wconf 86' lang='lat' dir='ltr'><strong>translatio,</strong></span> <span class='ocrx_word' id='word_1_798' title='bbox 2679 3427 2736 3471; x_wconf 90' lang='lat' dir='ltr'><strong>ut</strong></span> <span class='ocrx_word' id='word_1_799' title='bbox 2776 3429 2918 3486; x_wconf 88' lang='lat' dir='ltr'><strong>patet</strong></span> <span class='ocrx_word' id='word_1_800' title='bbox 2943 3435 3006 3474; x_wconf 84' lang='lat' dir='ltr'><strong>ex</strong></span> <span class='ocrx_word' id='word_1_801' title='bbox 3055 3419 3360 3488; x_wconf 87' lang='lat' dir='ltr'><strong>Hieronymi</strong></span> <span class='ocrx_word' id='word_1_802' title='bbox 3400 3416 3762 3488; x_wconf 84' lang='lat' dir='ltr'><strong>commentariis</strong></span> <span class='ocrx_word' id='word_1_803' title='bbox 3799 3416 3834 3464; x_wconf 88' lang='lat' dir='ltr'><strong>in</strong></span> 
     </span>
    </p>
   </div>
   <div class='ocr_carea' id='block_1_106' title="bbox 2337 3485 3835 3560">
    <p class='ocr_par' dir='ltr' id='par_1_106' title="bbox 2337 3485 3835 3560">
     <span class='ocr_line' id='line_1_107' title="bbox 2337 3485 3835 3560; baseline -0.005 -20"><span class='ocrx_word' id='word_1_804' title='bbox 2337 3489 2474 3560; x_wconf 76' lang='lat' dir='ltr'><strong>hunc</strong></span> <span class='ocrx_word' id='word_1_805' title='bbox 2512 3489 2706 3560; x_wconf 84' lang='lat' dir='ltr'><strong>locum.</strong></span> <span class='ocrx_word' id='word_1_806' title='bbox 2734 3490 2880 3542; x_wconf 87' lang='lat' dir='ltr'><strong>Alias</strong></span> <span class='ocrx_word' id='word_1_807' title='bbox 2911 3490 3059 3554; x_wconf 85' lang='lat' dir='ltr'><strong>parvi</strong></span> <span class='ocrx_word' id='word_1_808' title='bbox 3093 3485 3343 3560; x_wconf 79' lang='lat' dir='ltr'><strong>momenti</strong></span> <span class='ocrx_word' id='word_1_809' title='bbox 3373 3493 3648 3541; x_wconf 84' lang='lat' dir='ltr'><strong>varietates</strong></span> <span class='ocrx_word' id='word_1_810' title='bbox 3671 3485 3835 3560; x_wconf 59' lang='lat' dir='ltr'><strong>omitto.</strong></span> 
     </span>
    </p>
   </div>
   <div class='ocr_carea' id='block_1_107' title="bbox 2335 3553 3835 3625">
    <p class='ocr_par' dir='ltr' id='par_1_107' title="bbox 2335 3553 3835 3625">
     <span class='ocr_line' id='line_1_108' title="bbox 2335 3553 3835 3625; baseline -0.007 -13"><span class='ocrx_word' id='word_1_811' title='bbox 2335 3557 2592 3612; x_wconf 78' lang='lat' dir='ltr'><strong>Conferat</strong></span> <span class='ocrx_word' id='word_1_812' title='bbox 2629 3559 2796 3611; x_wconf 88' lang='lat' dir='ltr'><strong>lector</strong></span> <span class='ocrx_word' id='word_1_813' title='bbox 2836 3553 3122 3613; x_wconf 80' lang='lat' dir='ltr'><strong>editionem</strong></span> <span class='ocrx_word' id='word_1_814' title='bbox 3163 3558 3596 3625; x_wconf 72' lang='lat' dir='ltr'><strong>Complutensetu</strong></span> <span class='ocrx_word' id='word_1_815' title='bbox 3636 3570 3738 3609; x_wconf 89' lang='lat' dir='ltr'><strong>cum</strong></span> <span class='ocrx_word' id='word_1_816' title='bbox 3770 3553 3835 3604; x_wconf 90' lang='lat' dir='ltr'><strong>Di-</strong></span> 
     </span>
    </p>
   </div>
   <div class='ocr_carea' id='block_1_108' title="bbox 2336 3627 3509 3696">
    <p class='ocr_par' dir='ltr' id='par_1_108' title="bbox 2336 3627 3509 3696">
     <span class='ocr_line' id='line_1_109' title="bbox 2336 3627 3509 3696; baseline 0.003 -16"><span class='ocrx_word' id='word_1_817' title='bbox 2336 3629 2517 3696; x_wconf 84' lang='lat' dir='ltr'><strong>dytno,</strong></span> <span class='ocrx_word' id='word_1_818' title='bbox 2552 3639 2606 3680; x_wconf 93' lang='lat' dir='ltr'><strong>et</strong></span> <span class='ocrx_word' id='word_1_819' title='bbox 2639 3643 2759 3681; x_wconf 83' lang='lat' dir='ltr'><strong>cum</strong></span> <span class='ocrx_word' id='word_1_820' title='bbox 2783 3628 3020 3682; x_wconf 88' lang='lat' dir='ltr'><strong>editione</strong></span> <span class='ocrx_word' id='word_1_821' title='bbox 3051 3627 3509 3683; x_wconf 84' lang='lat' dir='ltr'><strong>Francofurteusi.</strong></span> 
     </span>
    </p>
   </div>
   <div class='ocr_carea' id='block_1_109' title="bbox 2407 3713 3835 3787">
    <p class='ocr_par' dir='ltr' id='par_1_109' title="bbox 2407 3713 3835 3787">
     <span class='ocr_line' id='line_1_110' title="bbox 2407 3713 3835 3787; baseline -0.003 -19"><span class='ocrx_word' id='word_1_822' title='bbox 2407 3716 2518 3787; x_wconf 86' lang='lat'><strong>(69)</strong></span> <span class='ocrx_word' id='word_1_823' title='bbox 2557 3715 2634 3769; x_wconf 87' lang='lat' dir='ltr'><strong>De</strong></span> <span class='ocrx_word' id='word_1_824' title='bbox 2659 3719 2869 3785; x_wconf 88' lang='lat' dir='ltr'><strong>propria</strong></span> <span class='ocrx_word' id='word_1_825' title='bbox 2915 3735 3091 3770; x_wconf 81' lang='lat' dir='ltr'><strong>eorum</strong></span> <span class='ocrx_word' id='word_1_826' title='bbox 3133 3718 3340 3786; x_wconf 76' lang='lat' dir='ltr'><strong>spiritu.</strong></span> <span class='ocrx_word' id='word_1_827' title='bbox 3393 3717 3539 3772; x_wconf 83' lang='lat' dir='ltr'><strong>Hanc</strong></span> <span class='ocrx_word' id='word_1_828' title='bbox 3584 3713 3835 3787; x_wconf 74' lang='lat' dir='ltr'><strong>eXplicatio-</strong></span> 
     </span>
    </p>
   </div>
   <div class='ocr_carea' id='block_1_110' title="bbox 2336 3782 3834 3855">
    <p class='ocr_par' dir='ltr' id='par_1_110' title="bbox 2336 3782 3834 3855">
     <span class='ocr_line' id='line_1_111' title="bbox 2336 3782 3834 3855; baseline -0.003 -16"><span class='ocrx_word' id='word_1_829' title='bbox 2336 3782 2477 3847; x_wconf 83' lang='lat' dir='ltr'><strong>nem,</strong></span> <span class='ocrx_word' id='word_1_830' title='bbox 2518 3803 2609 3839; x_wconf 87' lang='lat' dir='ltr'><strong>seu</strong></span> <span class='ocrx_word' id='word_1_831' title='bbox 2659 3782 3058 3854; x_wconf 79' lang='lat' dir='ltr'><strong>responsionem</strong></span> <span class='ocrx_word' id='word_1_832' title='bbox 3110 3782 3212 3840; x_wconf 85' lang='lat' dir='ltr'><strong>non</strong></span> <span class='ocrx_word' id='word_1_833' title='bbox 3260 3798 3522 3842; x_wconf 88' lang='lat' dir='ltr'><strong>memorat</strong></span> <span class='ocrx_word' id='word_1_834' title='bbox 3560 3782 3776 3855; x_wconf 69' lang='lat' dir='ltr'><strong>Didymus</strong></span> <span class='ocrx_word' id='word_1_835' title='bbox 3798 3782 3834 3833; x_wconf 89' lang='lat' dir='ltr'><strong>in</strong></span> 
     </span>
    </p>
   </div>
   <div class='ocr_carea' id='block_1_111' title="bbox 2337 3853 3835 3927">
    <p class='ocr_par' dir='ltr' id='par_1_111' title="bbox 2337 3853 3835 3927">
     <span class='ocr_line' id='line_1_112' title="bbox 2337 3853 3835 3927; baseline -0.006 -18"><span class='ocrx_word' id='word_1_836' title='bbox 2337 3856 2470 3909; x_wconf 90' lang='lat' dir='ltr'><strong>libro</strong></span> <span class='ocrx_word' id='word_1_837' title='bbox 2500 3857 2574 3909; x_wconf 82' lang='lat' dir='ltr'><strong>De</strong></span> <span class='ocrx_word' id='word_1_838' title='bbox 2598 3853 2797 3921; x_wconf 78' lang='lat' dir='ltr'><strong>Spiritu</strong></span> <span class='ocrx_word' id='word_1_839' title='bbox 2826 3869 3027 3927; x_wconf 81' lang='lat' dir='ltr'><strong>sancto,</strong></span> <span class='ocrx_word' id='word_1_840' title='bbox 3058 3857 3180 3927; x_wconf 90' lang='lat' dir='ltr'><strong>dum</strong></span> <span class='ocrx_word' id='word_1_841' title='bbox 3211 3858 3395 3924; x_wconf 84' lang='lat' dir='ltr'><strong>Amosj</strong></span> <span class='ocrx_word' id='word_1_842' title='bbox 3429 3853 3681 3927; x_wconf 54' lang='lat' dir='ltr'><strong>prophetae</strong></span> <span class='ocrx_word' id='word_1_843' title='bbox 3705 3853 3835 3906; x_wconf 86' lang='lat' dir='ltr'><strong>locum</strong></span> 
     </span>
    </p>
   </div>
   <div class='ocr_carea' id='block_1_112' title="bbox 2334 3926 3834 3997">
    <p class='ocr_par' dir='ltr' id='par_1_112' title="bbox 2334 3926 3834 3997">
     <span class='ocr_line' id='line_1_113' title="bbox 2334 3926 3834 3997; baseline -0.004 -17"><span class='ocrx_word' id='word_1_844' title='bbox 2334 3927 2587 3994; x_wconf 81' lang='lat' dir='ltr'><strong>explicat,</strong></span> <span class='ocrx_word' id='word_1_845' title='bbox 2627 3929 2727 3997; x_wconf 84' lang='lat' dir='ltr'><strong>sed</strong></span> <span class='ocrx_word' id='word_1_846' title='bbox 2749 3941 2865 3978; x_wconf 89' lang='lat' dir='ltr'><strong>eam</strong></span> <span class='ocrx_word' id='word_1_847' title='bbox 2894 3926 3047 3980; x_wconf 75' lang='lat' dir='ltr'><strong>aﬂ‘ert</strong></span> <span class='ocrx_word' id='word_1_848' title='bbox 3093 3926 3454 3997; x_wconf 85' lang='lat' dir='ltr'><strong>Hieronymus</strong></span> <span class='ocrx_word' id='word_1_849' title='bbox 3483 3926 3534 3980; x_wconf 91' lang='lat' dir='ltr'><strong>in</strong></span> <span class='ocrx_word' id='word_1_850' title='bbox 3562 3931 3834 3997; x_wconf 52' lang='lat' dir='ltr'><strong>conuiuenti:-</strong></span> 
     </span>
    </p>
   </div>
   <div class='ocr_carea' id='block_1_113' title="bbox 2339 3988 3832 4064">
    <p class='ocr_par' dir='ltr' id='par_1_113' title="bbox 2339 3988 3832 4064">
     <span class='ocr_line' id='line_1_114' title="bbox 2339 3988 3832 4064; baseline -0.001 -15"><span class='ocrx_word' id='word_1_851' title='bbox 2339 3988 2430 4049; x_wconf 73' lang='lat' dir='ltr'><strong>riis</strong></span> <span class='ocrx_word' id='word_1_852' title='bbox 2467 3998 2528 4048; x_wconf 86' lang='lat' dir='ltr'><strong>ad</strong></span> <span class='ocrx_word' id='word_1_853' title='bbox 2575 3988 2819 4047; x_wconf 81' lang='lat' dir='ltr'><strong>eutntlein</strong></span> <span class='ocrx_word' id='word_1_854' title='bbox 2857 3997 3128 4064; x_wconf 67' lang='lat' dir='ltr'><strong>propheta:</strong></span> <span class='ocrx_word' id='word_1_855' title='bbox 3182 3988 3355 4050; x_wconf 51' lang='lat' dir='ltr'><strong>locu&#39;tn</strong></span> <span class='ocrx_word' id='word_1_856' title='bbox 3405 3999 3495 4050; x_wconf 89' lang='lat' dir='ltr'><strong>lib.</strong></span> <span class='ocrx_word' id='word_1_857' title='bbox 3553 4010 3609 4059; x_wconf 84' lang='grc' dir='ltr'><strong>ιι,</strong></span> <span class='ocrx_word' id='word_1_858' title='bbox 3657 4009 3756 4060; x_wconf 79' lang='lat' dir='ltr'><strong>cap.</strong></span> <span class='ocrx_word' id='word_1_859' title='bbox 3795 3988 3832 4049; x_wconf 78' lang='lat'><strong>5.</strong></span> 
     </span>
    </p>
   </div>
   <div class='ocr_carea' id='block_1_114' title="bbox 2334 4063 3527 4136">
    <p class='ocr_par' dir='ltr' id='par_1_114' title="bbox 2334 4063 3527 4136">
     <span class='ocr_line' id='line_1_115' title="bbox 2334 4063 3527 4136; baseline 0.001 -18"><span class='ocrx_word' id='word_1_860' title='bbox 2334 4081 2454 4136; x_wconf 82' lang='lat' dir='ltr'><strong>pag.</strong></span> <span class='ocrx_word' id='word_1_861' title='bbox 2488 4065 2610 4131; x_wconf 72' lang='lat'><strong>279,</strong></span> <span class='ocrx_word' id='word_1_862' title='bbox 2647 4075 2774 4119; x_wconf 90' lang='lat' dir='ltr'><strong>tom.</strong></span> <span class='ocrx_word' id='word_1_863' title='bbox 2807 4063 2896 4120; x_wconf 80' lang='lat' dir='ltr'><strong>VI.</strong></span> <span class='ocrx_word' id='word_1_864' title='bbox 2927 4063 3059 4119; x_wconf 85' lang='lat' dir='ltr'><strong>Eum</strong></span> <span class='ocrx_word' id='word_1_865' title='bbox 3090 4066 3223 4135; x_wconf 82' lang='lat' dir='ltr'><strong>lege,</strong></span> <span class='ocrx_word' id='word_1_866' title='bbox 3251 4066 3294 4120; x_wconf 91' lang='lat' dir='ltr'><strong>si</strong></span> <span class='ocrx_word' id='word_1_867' title='bbox 3331 4067 3527 4134; x_wconf 86' lang='lat' dir='ltr'><strong>placet.</strong></span> 
     </span>
    </p>
   </div>
   <div class='ocr_carea' id='block_1_115' title="bbox 2406 4149 3834 4227">
    <p class='ocr_par' dir='ltr' id='par_1_115' title="bbox 2406 4149 3834 4227">
     <span class='ocr_line' id='line_1_116' title="bbox 2406 4149 3834 4227; baseline -0.004 -15"><span class='ocrx_word' id='word_1_868' title='bbox 2406 4156 2517 4227; x_wconf 88' lang='lat'><strong>(70)</strong></span> <span class='ocrx_word' id='word_1_869' title='bbox 2553 4156 2672 4225; x_wconf 83' lang='lat' dir='ltr'><strong>Ipse</strong></span> <span class='ocrx_word' id='word_1_870' title='bbox 2701 4166 2895 4212; x_wconf 87' lang='lat' dir='ltr'><strong>autem.</strong></span> <span class='ocrx_word' id='word_1_871' title='bbox 2935 4157 2954 4211; x_wconf 93' lang='grc' dir='ltr'><strong>Ι</strong></span> <span class='ocrx_word' id='word_1_872' title='bbox 2986 4158 3172 4215; x_wconf 86' lang='lat' dir='ltr'><strong>Thess.</strong></span> <span class='ocrx_word' id='word_1_873' title='bbox 3211 4175 3264 4221; x_wconf 79' lang='grc' dir='ltr'>γ,</span> <span class='ocrx_word' id='word_1_874' title='bbox 3295 4159 3389 4214; x_wconf 68' lang='lat'><strong>23.</strong></span> <span class='ocrx_word' id='word_1_875' title='bbox 3419 4158 3473 4212; x_wconf 94' lang='lat' dir='ltr'><strong>In</strong></span> <span class='ocrx_word' id='word_1_876' title='bbox 3505 4159 3630 4212; x_wconf 87' lang='lat' dir='ltr'><strong>libro</strong></span> <span class='ocrx_word' id='word_1_877' title='bbox 3659 4155 3719 4227; x_wconf 81' lang='lat' dir='ltr'><strong>De</strong></span> <span class='ocrx_word' id='word_1_878' title='bbox 3744 4149 3834 4227; x_wconf 70' lang='lat' dir='ltr'><strong>Spi-</strong></span> 
     </span>
    </p>
   </div>
   <div class='ocr_carea' id='block_1_116' title="bbox 2335 4223 3836 4296">
    <p class='ocr_par' dir='ltr' id='par_1_116' title="bbox 2335 4223 3836 4296">
     <span class='ocr_line' id='line_1_117' title="bbox 2335 4223 3836 4296; baseline -0.007 -16"><span class='ocrx_word' id='word_1_879' title='bbox 2335 4223 2440 4280; x_wconf 74' lang='lat' dir='ltr'><strong>ritu</strong></span> <span class='ocrx_word' id='word_1_880' title='bbox 2491 4223 2694 4292; x_wconf 76' lang='lat' dir='ltr'><strong>sancto,</strong></span> <span class='ocrx_word' id='word_1_881' title='bbox 2755 4243 2902 4280; x_wconf 86' lang='lat' dir='ltr'><strong>nutu.</strong></span> <span class='ocrx_word' id='word_1_882' title='bbox 2955 4228 3049 4294; x_wconf 78' lang='grc'>54,</span> <span class='ocrx_word' id='word_1_883' title='bbox 3107 4230 3196 4294; x_wconf 87' lang='grc'><strong>55,</strong></span> <span class='ocrx_word' id='word_1_884' title='bbox 3247 4229 3316 4283; x_wconf 84' lang='grc'><strong>56</strong></span> <span class='ocrx_word' id='word_1_885' title='bbox 3353 4230 3614 4296; x_wconf 90' lang='lat' dir='ltr'><strong>copiosius</strong></span> <span class='ocrx_word' id='word_1_886' title='bbox 3655 4223 3836 4296; x_wconf 81' lang='lat' dir='ltr'><strong>loquitur</strong></span> 
     </span>
    </p>
   </div>
   <div class='ocr_carea' id='block_1_117' title="bbox 2334 4293 3834 4368">
    <p class='ocr_par' dir='ltr' id='par_1_117' title="bbox 2334 4293 3834 4368">
     <span class='ocr_line' id='line_1_118' title="bbox 2334 4293 3834 4368; baseline -0.003 -18"><span class='ocrx_word' id='word_1_887' title='bbox 2334 4297 2588 4368; x_wconf 85' lang='lat' dir='ltr'><strong>Didymus</strong></span> <span class='ocrx_word' id='word_1_888' title='bbox 2638 4298 2706 4350; x_wconf 91' lang='lat' dir='ltr'><strong>de</strong></span> <span class='ocrx_word' id='word_1_889' title='bbox 2753 4297 2919 4368; x_wconf 83' lang='lat' dir='ltr'><strong>variis</strong></span> <span class='ocrx_word' id='word_1_890' title='bbox 2976 4293 3218 4354; x_wconf 78' lang='lat' dir='ltr'><strong>vecabuli</strong></span> <span class='ocrx_word' id='word_1_891' title='bbox 3272 4293 3576 4368; x_wconf 61' lang='lat' dir='ltr'><strong>«spiritus.</strong></span> <span class='ocrx_word' id='word_1_892' title='bbox 3628 4293 3834 4368; x_wconf 55' lang='lat' dir='ltr'><strong>signitice-</strong></span> 
     </span>
    </p>
   </div>
   <div class='ocr_carea' id='block_1_118' title="bbox 2339 4359 3832 4438">
    <p class='ocr_par' dir='ltr' id='par_1_118' title="bbox 2339 4359 3832 4438">
     <span class='ocr_line' id='line_1_119' title="bbox 2339 4359 3832 4438; baseline -0.001 -18"><span class='ocrx_word' id='word_1_893' title='bbox 2339 4359 2588 4438; x_wconf 77' lang='lat' dir='ltr'><strong>tionibus.</strong></span> <span class='ocrx_word' id='word_1_894' title='bbox 2640 4368 2716 4438; x_wconf 78' lang='lat' dir='ltr'><strong>Ac</strong></span> <span class='ocrx_word' id='word_1_895' title='bbox 2762 4366 2831 4420; x_wconf 92' lang='lat' dir='ltr'><strong>ibi</strong></span> <span class='ocrx_word' id='word_1_896' title='bbox 2861 4383 3073 4437; x_wconf 88' lang='lat' dir='ltr'><strong>quoque</strong></span> <span class='ocrx_word' id='word_1_897' title='bbox 3111 4372 3213 4424; x_wconf 92' lang='lat' dir='ltr'><strong>duo</strong></span> <span class='ocrx_word' id='word_1_898' title='bbox 3241 4359 3533 4438; x_wconf 68' lang='lat' dir='ltr'><strong>Scriptura:</strong></span> <span class='ocrx_word' id='word_1_899' title='bbox 3574 4359 3832 4438; x_wconf 32' lang='lat' dir='ltr'><strong>locafatietl.</strong></span> 
     </span>
    </p>
   </div>
   <div class='ocr_carea' id='block_1_119' title="bbox 2337 4435 3834 4506">
    <p class='ocr_par' dir='ltr' id='par_1_119' title="bbox 2337 4435 3834 4506">
     <span class='ocr_line' id='line_1_120' title="bbox 2337 4435 3834 4506; baseline -0.005 -20"><span class='ocrx_word' id='word_1_900' title='bbox 2337 4450 2458 4504; x_wconf 64' lang='lat' dir='ltr'><strong>qua:</strong></span> <span class='ocrx_word' id='word_1_901' title='bbox 2506 4436 2592 4506; x_wconf 86' lang='lat' dir='ltr'><strong>hic</strong></span> <span class='ocrx_word' id='word_1_902' title='bbox 2621 4435 2889 4501; x_wconf 89' lang='lat' dir='ltr'><strong>citantur,</strong></span> <span class='ocrx_word' id='word_1_903' title='bbox 2932 4435 3000 4490; x_wconf 76' lang='lat' dir='ltr'><strong>ex</strong></span> <span class='ocrx_word' id='word_1_904' title='bbox 3049 4441 3219 4506; x_wconf 91' lang='lat' dir='ltr'><strong>prima</strong></span> <span class='ocrx_word' id='word_1_905' title='bbox 3274 4441 3340 4492; x_wconf 87' lang='lat' dir='ltr'><strong>ad</strong></span> <span class='ocrx_word' id='word_1_906' title='bbox 3368 4435 3834 4506; x_wconf 58' lang='lat' dir='ltr'><strong>Thessalonicensis</strong></span> 
     </span>
    </p>
   </div>
   <div class='ocr_carea' id='block_1_120' title="bbox 2340 4503 3833 4576">
    <p class='ocr_par' dir='ltr' id='par_1_120' title="bbox 2340 4503 3833 4576">
     <span class='ocr_line' id='line_1_121' title="bbox 2340 4503 3833 4576; baseline -0.002 -16"><span class='ocrx_word' id='word_1_907' title='bbox 2340 4503 2601 4576; x_wconf 85' lang='lat' dir='ltr'><strong>Epistola,</strong></span> <span class='ocrx_word' id='word_1_908' title='bbox 2626 4515 2786 4576; x_wconf 87' lang='lat' dir='ltr'><strong>atque</strong></span> <span class='ocrx_word' id='word_1_909' title='bbox 2815 4522 2846 4559; x_wconf 79' lang='grc' dir='ltr'><strong>ο</strong></span> <span class='ocrx_word' id='word_1_910' title='bbox 2881 4503 3107 4576; x_wconf 83' lang='lat' dir='ltr'><strong>septimo</strong></span> <span class='ocrx_word' id='word_1_911' title='bbox 3135 4510 3392 4564; x_wconf 84' lang='lat' dir='ltr'><strong>Actorum</strong></span> <span class='ocrx_word' id='word_1_912' title='bbox 3435 4509 3623 4573; x_wconf 87' lang='lat' dir='ltr'><strong>capite.</strong></span> <span class='ocrx_word' id='word_1_913' title='bbox 3649 4503 3833 4576; x_wconf 78' lang='lat' dir='ltr'><strong>Primum</strong></span> 
     </span>
    </p>
   </div>
   <div class='ocr_carea' id='block_1_121' title="bbox 2341 4575 3833 4647">
    <p class='ocr_par' dir='ltr' id='par_1_121' title="bbox 2341 4575 3833 4647">
     <span class='ocr_line' id='line_1_122' title="bbox 2341 4575 3833 4647; baseline -0.006 -18"><span class='ocrx_word' id='word_1_914' title='bbox 2341 4575 2497 4630; x_wconf 76' lang='lat' dir='ltr'><strong>aﬂ&#39;ert</strong></span> <span class='ocrx_word' id='word_1_915' title='bbox 2522 4591 2677 4647; x_wconf 91' lang='lat' dir='ltr'><strong>num._</strong></span> <span class='ocrx_word' id='word_1_916' title='bbox 2702 4575 2794 4638; x_wconf 83' lang='grc'><strong>55,</strong></span> <span class='ocrx_word' id='word_1_917' title='bbox 2819 4576 2907 4630; x_wconf 88' lang='lat' dir='ltr'><strong>ubi</strong></span> <span class='ocrx_word' id='word_1_918' title='bbox 2947 4577 3208 4644; x_wconf 72' lang='lat' dir='ltr'><strong>legimus:</strong></span> <span class='ocrx_word' id='word_1_919' title='bbox 3239 4598 3257 4631; x_wconf 79' lang='grc' dir='ltr'><strong>ι</strong></span> <span class='ocrx_word' id='word_1_920' title='bbox 3283 4579 3365 4632; x_wconf 83' lang='lat' dir='ltr'><strong>Ad</strong></span> <span class='ocrx_word' id='word_1_921' title='bbox 3400 4575 3833 4647; x_wconf 65' lang='lat' dir='ltr'><strong>Thessalonicenses</strong></span> 
     </span>
    </p>
   </div>
   <div class='ocr_carea' id='block_1_122' title="bbox 2341 4644 3831 4719">
    <p class='ocr_par' dir='ltr' id='par_1_122' title="bbox 2341 4644 3831 4719">
     <span class='ocr_line' id='line_1_123' title="bbox 2341 4644 3831 4719; baseline -0.009 -21"><span class='ocrx_word' id='word_1_922' title='bbox 2341 4659 2572 4713; x_wconf 88' lang='lat' dir='ltr'><strong>quoque,</strong></span> <span class='ocrx_word' id='word_1_923' title='bbox 2612 4662 2632 4696; x_wconf 86' lang='lat' dir='ltr'><strong>t</strong></span> <span class='ocrx_word' id='word_1_924' title='bbox 2658 4644 2892 4716; x_wconf 79' lang='lat' dir='ltr'><strong>Integer,</strong></span> <span class='ocrx_word' id='word_1_925' title='bbox 2905 4647 3112 4719; x_wconf 66' lang='lat' dir='ltr'><strong>inquit,</strong></span> <span class='ocrx_word' id='word_1_926' title='bbox 3142 4651 3362 4719; x_wconf 85' lang='lat' dir='ltr'><strong>spiritus</strong></span> <span class='ocrx_word' id='word_1_927' title='bbox 3393 4656 3584 4709; x_wconf 87' lang='lat' dir='ltr'><strong>vester,</strong></span> <span class='ocrx_word' id='word_1_928' title='bbox 3610 4644 3831 4719; x_wconf 29' lang='lat' dir='ltr'><strong>et-anitna.</strong></span> 
     </span>
    </p>
   </div>
   <div class='ocr_carea' id='block_1_123' title="bbox 2341 4713 3831 4786">
    <p class='ocr_par' dir='ltr' id='par_1_123' title="bbox 2341 4713 3831 4786">
     <span class='ocr_line' id='line_1_124' title="bbox 2341 4713 3831 4786; baseline -0.019 1"><span class='ocrx_word' id='word_1_929' title='bbox 2341 4725 2394 4768; x_wconf 69' lang='grc' dir='ltr'>ει</span> <span class='ocrx_word' id='word_1_930' title='bbox 2443 4730 2638 4782; x_wconf 71' lang='lat' dir='ltr'><strong>corpus</strong></span> <span class='ocrx_word' id='word_1_931' title='bbox 2679 4755 2692 4769; x_wconf 93' lang='lat'><strong>.</strong></span> <span class='ocrx_word' id='word_1_932' title='bbox 2721 4753 2736 4770; x_wconf 93' lang='lat'><strong>.</strong></span> <span class='ocrx_word' id='word_1_933' title='bbox 2765 4713 2864 4786; x_wconf 62' lang='grc' dir='ltr'><strong>ξ.)</strong></span> <span class='ocrx_word' id='word_1_934' title='bbox 2905 4713 3006 4770; x_wconf 16' lang='grc' dir='ltr'><strong>Βοὴ</strong></span> <span class='ocrx_word' id='word_1_935' title='bbox 3044 4713 3276 4772; x_wconf 82' lang='grc' dir='ltr'>ΙιιιιιιΞιιιο</span> <span class='ocrx_word' id='word_1_936' title='bbox 3327 4733 3478 4786; x_wconf 79' lang='lat' dir='ltr'><strong>ergo,</strong></span> <span class='ocrx_word' id='word_1_937' title='bbox 3535 4727 3590 4768; x_wconf 91' lang='lat' dir='ltr'><strong>ut</strong></span> <span class='ocrx_word' id='word_1_938' title='bbox 3635 4713 3831 4786; x_wconf 51' lang='lat' dir='ltr'><strong>diximus:</strong></span> 
     </span>
    </p>
   </div>
   <div class='ocr_carea' id='block_1_124' title="bbox 2343 4772 3831 4855">
    <p class='ocr_par' dir='ltr' id='par_1_124' title="bbox 2343 4772 3831 4855">
     <span class='ocr_line' id='line_1_125' title="bbox 2343 4772 3831 4855; baseline 0.001 -17"><span class='ocrx_word' id='word_1_939' title='bbox 2343 4772 2554 4852; x_wconf 64' lang='lat' dir='ltr'><strong>spiritu&#39;</strong></span> <span class='ocrx_word' id='word_1_940' title='bbox 2580 4785 2632 4838; x_wconf 90' lang='lat' dir='ltr'><strong>in</strong></span> <span class='ocrx_word' id='word_1_941' title='bbox 2678 4786 2780 4840; x_wconf 94' lang='lat' dir='ltr'><strong>hoc</strong></span> <span class='ocrx_word' id='word_1_942' title='bbox 2819 4784 3060 4855; x_wconf 85' lang='lat' dir='ltr'><strong>Apostoli</strong></span> <span class='ocrx_word' id='word_1_943' title='bbox 3120 4802 3298 4842; x_wconf 88' lang='lat' dir='ltr'><strong>sermo</strong></span> <span class='ocrx_word' id='word_1_944' title='bbox 3359 4772 3580 4841; x_wconf 49' lang='lat' dir='ltr'><strong>testatus</strong></span> <span class='ocrx_word' id='word_1_945' title='bbox 3605 4792 3692 4855; x_wconf 78' lang='lat' dir='ltr'><strong>est.</strong></span> <span class='ocrx_word' id='word_1_946' title='bbox 3721 4772 3831 4850; x_wconf 56' lang='lat' dir='ltr'><strong>t5?&quot;</strong></span> 
     </span>
    </p>
   </div>
   <div class='ocr_carea' id='block_1_125' title="bbox 2343 4851 3833 4925">
    <p class='ocr_par' dir='ltr' id='par_1_125' title="bbox 2343 4851 3833 4925">
     <span class='ocr_line' id='line_1_126' title="bbox 2343 4851 3833 4925; baseline 0 -19"><span class='ocrx_word' id='word_1_947' title='bbox 2343 4851 2509 4925; x_wconf 79' lang='lat' dir='ltr'><strong>codex</strong></span> <span class='ocrx_word' id='word_1_948' title='bbox 2547 4865 2729 4909; x_wconf 89' lang='lat' dir='ltr'><strong>noster</strong></span> <span class='ocrx_word' id='word_1_949' title='bbox 2756 4851 2968 4921; x_wconf 79' lang='lat' dir='ltr'><strong>melius;</strong></span> <span class='ocrx_word' id='word_1_950' title='bbox 3001 4873 3120 4910; x_wconf 90' lang='lat' dir='ltr'><strong>nam</strong></span> <span class='ocrx_word' id='word_1_951' title='bbox 3140 4875 3270 4925; x_wconf 75' lang='lat' dir='ltr'><strong>prot</strong></span> <span class='ocrx_word' id='word_1_952' title='bbox 3301 4861 3352 4912; x_wconf 93' lang='lat' dir='ltr'><strong>iu</strong></span> <span class='ocrx_word' id='word_1_953' title='bbox 3397 4861 3531 4925; x_wconf 51' lang='lat' dir='ltr'><strong>hoc;</strong></span> <span class='ocrx_word' id='word_1_954' title='bbox 3556 4851 3721 4925; x_wconf 60' lang='lat' dir='ltr'><strong>sliabel</strong></span> <span class='ocrx_word' id='word_1_955' title='bbox 3759 4856 3833 4894; x_wconf 80' lang='lat' dir='ltr'><strong>H“</strong></span> 
     </span>
    </p>
   </div>
   <div class='ocr_carea' id='block_1_126' title="bbox 2345 4920 3833 4987">
    <p class='ocr_par' dir='ltr' id='par_1_126' title="bbox 2345 4920 3833 4987">
     <span class='ocr_line' id='line_1_127' title="bbox 2345 4920 3833 4987; baseline -0.009 -11"><span class='ocrx_word' id='word_1_956' title='bbox 2345 4924 2445 4978; x_wconf 92' lang='lat' dir='ltr'><strong>hoc</strong></span> <span class='ocrx_word' id='word_1_957' title='bbox 2470 4923 2604 4977; x_wconf 90' lang='lat' dir='ltr'><strong>loco.</strong></span> <span class='ocrx_word' id='word_1_958' title='bbox 2638 4943 2657 4975; x_wconf 71' lang='grc' dir='ltr'><strong>ι</strong></span> <span class='ocrx_word' id='word_1_959' title='bbox 2690 4925 2928 4978; x_wconf 89' lang='lat' dir='ltr'><strong>Alterum</strong></span> <span class='ocrx_word' id='word_1_960' title='bbox 2957 4920 3088 4980; x_wconf 84' lang='lat' dir='ltr'><strong>vero</strong></span> <span class='ocrx_word' id='word_1_961' title='bbox 3121 4920 3273 4982; x_wconf 66' lang='lat' dir='ltr'><strong>affert</strong></span> <span class='ocrx_word' id='word_1_962' title='bbox 3298 4945 3444 4980; x_wconf 91' lang='lat' dir='ltr'><strong>num.</strong></span> <span class='ocrx_word' id='word_1_963' title='bbox 3469 4923 3535 4978; x_wconf 70' lang='grc' dir='ltr'>δι</span> <span class='ocrx_word' id='word_1_964' title='bbox 3574 4924 3648 4977; x_wconf 87' lang='lat' dir='ltr'><strong>bis</strong></span> <span class='ocrx_word' id='word_1_965' title='bbox 3677 4920 3719 4972; x_wconf 90' lang='lat' dir='ltr'><strong>in</strong></span> <span class='ocrx_word' id='word_1_966' title='bbox 3747 4926 3833 4987; x_wconf 44' lang='lat' dir='ltr'><strong>ver:</strong></span> 
     </span>
    </p>
   </div>
   <div class='ocr_carea' id='block_1_127' title="bbox 2347 4983 3832 5068">
    <p class='ocr_par' dir='ltr' id='par_1_127' title="bbox 2347 4983 3832 5068">
     <span class='ocr_line' id='line_1_128' title="bbox 2347 4983 3832 5068; baseline -0.006 -21"><span class='ocrx_word' id='word_1_967' title='bbox 2347 4995 2468 5068; x_wconf 77' lang='lat' dir='ltr'><strong>|_)_is_:</strong></span> <span class='ocrx_word' id='word_1_968' title='bbox 2509 5011 2542 5068; x_wconf 66' lang='grc' dir='ltr'><strong>ιΔ</strong></span> <span class='ocrx_word' id='word_1_969' title='bbox 2560 4991 2791 5068; x_wconf 70' lang='lat' dir='ltr'><strong>Vocatur</strong></span> <span class='ocrx_word' id='word_1_970' title='bbox 2851 5005 2904 5068; x_wconf 82' lang='lat' dir='ltr'><strong>et</strong></span> <span class='ocrx_word' id='word_1_971' title='bbox 2955 4997 3133 5050; x_wconf 90' lang='lat' dir='ltr'><strong>anima</strong></span> <span class='ocrx_word' id='word_1_972' title='bbox 3184 5000 3406 5068; x_wconf 86' lang='lat' dir='ltr'><strong>spiritus</strong></span> <span class='ocrx_word' id='word_1_973' title='bbox 3429 5037 3467 5068; x_wconf 93' lang='lat'><strong>,_</strong></span> <span class='ocrx_word' id='word_1_974' title='bbox 3506 5003 3573 5068; x_wconf 89' lang='lat' dir='ltr'><strong>ut_</strong></span> <span class='ocrx_word' id='word_1_975' title='bbox 3608 4993 3653 5044; x_wconf 93' lang='lat' dir='ltr'><strong>in</strong></span> <span class='ocrx_word' id='word_1_976' title='bbox 3695 4983 3832 5068; x_wconf 49' lang='lat' dir='ltr'><strong>Jacobi</strong></span> 
     </span>
    </p>
   </div>
   <div class='ocr_carea' id='block_1_128' title="bbox 2346 5061 3832 5137">
    <p class='ocr_par' dir='ltr' id='par_1_128' title="bbox 2346 5061 3832 5137">
     <span class='ocr_line' id='line_1_129' title="bbox 2346 5061 3832 5137; baseline -0.006 -22"><span class='ocrx_word' id='word_1_977' title='bbox 2346 5063 2579 5130; x_wconf 78' lang='lat' dir='ltr'><strong>Epistola</strong></span> <span class='ocrx_word' id='word_1_978' title='bbox 2615 5077 2630 5115; x_wconf 88' lang='lat'><strong>:</strong></span> <span class='ocrx_word' id='word_1_979' title='bbox 2668 5063 2942 5129; x_wconf 84' lang='lat' dir='ltr'><strong>Quomodo</strong></span> <span class='ocrx_word' id='word_1_980' title='bbox 2990 5081 3186 5136; x_wconf 86' lang='lat' dir='ltr'><strong>corpus</strong></span> <span class='ocrx_word' id='word_1_981' title='bbox 3215 5061 3399 5120; x_wconf 69' lang='lat' dir='ltr'><strong>&#39;tuum</strong></span> <span class='ocrx_word' id='word_1_982' title='bbox 3450 5062 3634 5137; x_wconf 78' lang='lat' dir='ltr'><strong>[codex</strong></span> <span class='ocrx_word' id='word_1_983' title='bbox 3696 5061 3832 5137; x_wconf 51' lang='lat' dir='ltr'><strong>nostr:</strong></span> 
     </span>
    </p>
   </div>
   <div class='ocr_carea' id='block_1_129' title="bbox 2343 5113 3830 5207">
    <p class='ocr_par' dir='ltr' id='par_1_129' title="bbox 2343 5113 3830 5207">
     <span class='ocr_line' id='line_1_130' title="bbox 2343 5113 3830 5207; baseline -0.003 -20"><span class='ocrx_word' id='word_1_984' title='bbox 2343 5113 2490 5207; x_wconf 50' lang='lat' dir='ltr'><strong>caret</strong></span> <span class='ocrx_word' id='word_1_985' title='bbox 2539 5113 2865 5207; x_wconf 40' lang='lat' dir='ltr'><strong>voce‘tuum,</strong></span> <span class='ocrx_word' id='word_1_986' title='bbox 2896 5151 3013 5203; x_wconf 67' lang='lat' dir='ltr'><strong>quae</strong></span> <span class='ocrx_word' id='word_1_987' title='bbox 3068 5113 3240 5206; x_wconf 50' lang='lat' dir='ltr'><strong>rgipsa</strong></span> <span class='ocrx_word' id='word_1_988' title='bbox 3271 5113 3482 5190; x_wconf 50' lang='lat' dir='ltr'><strong>videtur</strong></span> <span class='ocrx_word' id='word_1_989' title='bbox 3529 5113 3830 5207; x_wconf 48' lang='lat' dir='ltr'><strong>exptitig‘eatflfl</strong></span> 
     </span>
    </p>
   </div>
   <div class='ocr_carea' id='block_1_130' title="bbox 2345 5194 3830 5273">
    <p class='ocr_par' dir='ltr' id='par_1_130' title="bbox 2345 5194 3830 5273">
     <span class='ocr_line' id='line_1_131' title="bbox 2345 5194 3830 5273; baseline -0.009 -17"><span class='ocrx_word' id='word_1_990' title='bbox 2345 5205 2460 5257; x_wconf 87' lang='lat' dir='ltr'><strong>sine</strong></span> <span class='ocrx_word' id='word_1_991' title='bbox 2503 5203 2692 5270; x_wconf 88' lang='lat' dir='ltr'><strong>spiritu</strong></span> <span class='ocrx_word' id='word_1_992' title='bbox 2741 5194 3006 5258; x_wconf 75' lang='lat' dir='ltr'><strong>mortuum</strong></span> <span class='ocrx_word' id='word_1_993' title='bbox 3051 5194 3160 5269; x_wconf 63' lang='lat' dir='ltr'><strong>est;</strong></span> <span class='ocrx_word' id='word_1_994' title='bbox 3186 5225 3204 5257; x_wconf 79' lang='grc' dir='ltr'><strong>ι</strong></span> <span class='ocrx_word' id='word_1_995' title='bbox 3224 5217 3278 5260; x_wconf 91' lang='lat' dir='ltr'><strong>et</strong></span> <span class='ocrx_word' id='word_1_996' title='bbox 3302 5207 3518 5273; x_wconf 82' lang='lat' dir='ltr'><strong>reliqua.</strong></span> <span class='ocrx_word' id='word_1_997' title='bbox 3538 5218 3554 5250; x_wconf 85' lang='lat' dir='ltr'><strong>t</strong></span> <span class='ocrx_word' id='word_1_998' title='bbox 3577 5194 3830 5273; x_wconf 62' lang='lat' dir='ltr'><strong>[Ioniis-stis-</strong></span> 
     </span>
    </p>
   </div>
   <div class='ocr_carea' id='block_1_131' title="bbox 2344 5272 3830 5340">
    <p class='ocr_par' dir='ltr' id='par_1_131' title="bbox 2344 5272 3830 5340">
     <span class='ocr_line' id='line_1_132' title="bbox 2344 5272 3830 5340; baseline -0.011 -14"><span class='ocrx_word' id='word_1_999' title='bbox 2344 5275 2479 5326; x_wconf 89' lang='lat' dir='ltr'><strong>sitne</strong></span> <span class='ocrx_word' id='word_1_1000' title='bbox 2505 5275 2647 5327; x_wconf 89' lang='lat' dir='ltr'><strong>enim</strong></span> <span class='ocrx_word' id='word_1_1001' title='bbox 2673 5274 2890 5340; x_wconf 88' lang='lat' dir='ltr'><strong>spiritus</strong></span> <span class='ocrx_word' id='word_1_1002' title='bbox 2942 5274 3030 5329; x_wconf 87' lang='lat' dir='ltr'><strong>hic</strong></span> <span class='ocrx_word' id='word_1_1003' title='bbox 3065 5275 3196 5328; x_wconf 87' lang='lat' dir='ltr'><strong>nihil</strong></span> <span class='ocrx_word' id='word_1_1004' title='bbox 3232 5279 3372 5329; x_wconf 86' lang='lat' dir='ltr'><strong>aliud</strong></span> <span class='ocrx_word' id='word_1_1005' title='bbox 3415 5272 3512 5328; x_wconf 75' lang='lat' dir='ltr'><strong>nisi</strong></span> <span class='ocrx_word' id='word_1_1006' title='bbox 3547 5272 3830 5340; x_wconf 24' lang='lat' dir='ltr'><strong>anitnaAnunf</strong></span> 
     </span>
    </p>
   </div>
   <div class='ocr_carea' id='block_1_132' title="bbox 2344 5335 3830 5414">
    <p class='ocr_par' dir='ltr' id='par_1_132' title="bbox 2344 5335 3830 5414">
     <span class='ocr_line' id='line_1_133' title="bbox 2344 5335 3830 5414; baseline -0.005 -18"><span class='ocrx_word' id='word_1_1007' title='bbox 2344 5352 2588 5414; x_wconf 90' lang='lat' dir='ltr'><strong>cupatur.</strong></span> <span class='ocrx_word' id='word_1_1008' title='bbox 2643 5335 2802 5396; x_wconf 78' lang='lat' dir='ltr'><strong>Juxta</strong></span> <span class='ocrx_word' id='word_1_1009' title='bbox 2850 5359 3007 5412; x_wconf 88' lang='lat' dir='ltr'><strong>quam</strong></span> <span class='ocrx_word' id='word_1_1010' title='bbox 3052 5345 3456 5413; x_wconf 74' lang='lat' dir='ltr'><strong>intelligentiam</strong></span> <span class='ocrx_word' id='word_1_1011' title='bbox 3497 5355 3548 5399; x_wconf 88' lang='lat' dir='ltr'><strong>et</strong></span> <span class='ocrx_word' id='word_1_1012' title='bbox 3591 5335 3830 5414; x_wconf 53' lang='lat' dir='ltr'><strong>Stephallfls</strong></span> 
     </span>
    </p>
   </div>
   <div class='ocr_carea' id='block_1_133' title="bbox 2346 5403 3829 5480">
    <p class='ocr_par' dir='ltr' id='par_1_133' title="bbox 2346 5403 3829 5480">
     <span class='ocr_line' id='line_1_134' title="bbox 2346 5403 3829 5480; baseline 0.003 -16"><span class='ocrx_word' id='word_1_1013' title='bbox 2346 5403 2581 5480; x_wconf 85' lang='lat' dir='ltr'><strong>animam</strong></span> <span class='ocrx_word' id='word_1_1014' title='bbox 2613 5426 2764 5466; x_wconf 88' lang='lat' dir='ltr'><strong>suam</strong></span> <span class='ocrx_word' id='word_1_1015' title='bbox 2804 5403 3047 5478; x_wconf 85' lang='lat' dir='ltr'><strong>spiritum</strong></span> <span class='ocrx_word' id='word_1_1016' title='bbox 3089 5403 3310 5479; x_wconf 73' lang='lat' dir='ltr'><strong>vocans,</strong></span> <span class='ocrx_word' id='word_1_1017' title='bbox 3363 5434 3380 5465; x_wconf 79' lang='grc' dir='ltr'><strong>ι</strong></span> <span class='ocrx_word' id='word_1_1018' title='bbox 3407 5415 3639 5470; x_wconf 69' lang='lat' dir='ltr'><strong>Domine.</strong></span> <span class='ocrx_word' id='word_1_1019' title='bbox 3686 5403 3829 5480; x_wconf 62' lang='grc' dir='ltr'>ξιξιιυιιξ</span> 
     </span>
    </p>
   </div>
   <div class='ocr_carea' id='block_1_134' title="bbox 2345 5475 3830 5550">
    <p class='ocr_par' dir='ltr' id='par_1_134' title="bbox 2345 5475 3830 5550">
     <span class='ocr_line' id='line_1_135' title="bbox 2345 5475 3830 5550; baseline -0.008 -17"><span class='ocrx_word' id='word_1_1020' title='bbox 2345 5479 2495 5544; x_wconf 81' lang='lat' dir='ltr'><strong>Jesu,</strong></span> <span class='ocrx_word' id='word_1_1021' title='bbox 2522 5482 2734 5550; x_wconf 87' lang='lat' dir='ltr'><strong>suscipe</strong></span> <span class='ocrx_word' id='word_1_1022' title='bbox 2759 5475 3004 5550; x_wconf 76' lang='lat' dir='ltr'><strong>spiritum</strong></span> <span class='ocrx_word' id='word_1_1023' title='bbox 3042 5499 3241 5536; x_wconf 87' lang='lat' dir='ltr'><strong>meum.</strong></span> <span class='ocrx_word' id='word_1_1024' title='bbox 3275 5475 3307 5537; x_wconf 67' lang='grc' dir='ltr'>ι’</span> <span class='ocrx_word' id='word_1_1025' title='bbox 3337 5485 3465 5538; x_wconf 85' lang='lat' dir='ltr'><strong>Vide</strong></span> <span class='ocrx_word' id='word_1_1026' title='bbox 3498 5487 3645 5538; x_wconf 86' lang='lat' dir='ltr'><strong>etiam</strong></span> <span class='ocrx_word' id='word_1_1027' title='bbox 3687 5475 3830 5525; x_wconf 75' lang='lat' dir='ltr'><strong>librum</strong></span> 
     </span>
    </p>
   </div>
   <div class='ocr_carea' id='block_1_135' title="bbox 2346 5550 3290 5622">
    <p class='ocr_par' dir='ltr' id='par_1_135' title="bbox 2346 5550 3290 5622">
     <span class='ocr_line' id='line_1_136' title="bbox 2346 5550 3290 5622; baseline 0.008 -21"><span class='ocrx_word' id='word_1_1028' title='bbox 2346 5551 2479 5604; x_wconf 80' lang='lat' dir='ltr'><strong>Adv.</strong></span> <span class='ocrx_word' id='word_1_1029' title='bbox 2511 5550 2764 5618; x_wconf 82' lang='lat' dir='ltr'><strong>Maniclt.,</strong></span> <span class='ocrx_word' id='word_1_1030' title='bbox 2807 5567 2924 5622; x_wconf 82' lang='lat' dir='ltr'><strong>pag.</strong></span> <span class='ocrx_word' id='word_1_1031' title='bbox 2957 5552 3058 5606; x_wconf 72' lang='lat'><strong>207</strong></span> <span class='ocrx_word' id='word_1_1032' title='bbox 3085 5565 3139 5607; x_wconf 88' lang='lat' dir='ltr'><strong>et</strong></span> <span class='ocrx_word' id='word_1_1033' title='bbox 3166 5553 3290 5609; x_wconf 71' lang='grc'>208.</span> 
     </span>
    </p>
   </div>
   <div class='ocr_carea' id='block_1_136' title="bbox 2416 5624 3828 5715">
    <p class='ocr_par' dir='ltr' id='par_1_136' title="bbox 2416 5624 3828 5715">
     <span class='ocr_line' id='line_1_137' title="bbox 2416 5624 3828 5715; baseline -0.008 -9"><span class='ocrx_word' id='word_1_1034' title='bbox 2416 5642 2531 5715; x_wconf 71' lang='grc' dir='ltr'><strong>(Π)</strong></span> <span class='ocrx_word' id='word_1_1035' title='bbox 2570 5639 2888 5715; x_wconf 50' lang='lat' dir='ltr'><strong>Sancti/554.</strong></span> <span class='ocrx_word' id='word_1_1036' title='bbox 2923 5641 3107 5698; x_wconf 58' lang='lat' dir='ltr'><strong>Graeca</strong></span> <span class='ocrx_word' id='word_1_1037' title='bbox 3133 5645 3318 5708; x_wconf 89' lang='lat' dir='ltr'><strong>editio,</strong></span> <span class='ocrx_word' id='word_1_1038' title='bbox 3353 5645 3568 5715; x_wconf 75' lang='grc' dir='ltr'>ἁγιάσαι</span> <span class='ocrx_word' id='word_1_1039' title='bbox 3598 5651 3681 5715; x_wconf 80' lang='lat' dir='ltr'><strong>pr_0</strong></span> <span class='ocrx_word' id='word_1_1040' title='bbox 3712 5624 3828 5715; x_wconf 46' lang='grc' dir='ltr'><strong>ᾇτἦέ</strong></span> 
     </span>
    </p>
   </div>
   <div class='ocr_carea' id='block_1_137' title="bbox 2353 5708 3827 5787">
    <p class='ocr_par' dir='ltr' id='par_1_137' title="bbox 2353 5708 3827 5787">
     <span class='ocr_line' id='line_1_138' title="bbox 2353 5708 3827 5787; baseline -0.001 -17"><span class='ocrx_word' id='word_1_1041' title='bbox 2353 5708 2437 5783; x_wconf 51' lang='lat' dir='ltr'><strong>an;</strong></span> <span class='ocrx_word' id='word_1_1042' title='bbox 2484 5708 2592 5768; x_wconf 73' lang='lat' dir='ltr'><strong>lino</strong></span> <span class='ocrx_word' id='word_1_1043' title='bbox 2631 5715 2743 5780; x_wconf 89' lang='lat' dir='ltr'><strong>ipse</strong></span> <span class='ocrx_word' id='word_1_1044' title='bbox 2779 5710 3036 5782; x_wconf 83' lang='lat' dir='ltr'><strong>Didymus</strong></span> <span class='ocrx_word' id='word_1_1045' title='bbox 3067 5732 3235 5786; x_wconf 69' lang='lat' dir='ltr'><strong>segni.</strong></span> <span class='ocrx_word' id='word_1_1046' title='bbox 3276 5708 3413 5787; x_wconf 51' lang='lat' dir='ltr'><strong>723i</strong></span> <span class='ocrx_word' id='word_1_1047' title='bbox 3448 5708 3606 5770; x_wconf 86' lang='lat' dir='ltr'><strong>habet</strong></span> <span class='ocrx_word' id='word_1_1048' title='bbox 3641 5708 3827 5770; x_wconf 66' lang='grc' dir='ltr'><strong>ἀτιά³⁸⁵’</strong></span> 
     </span>
    </p>
   </div>
  </div>
