4042 6404
634 295 735 352 963

1911 277 2148 332 DIDYMI
2187 273 2653 332 ALEXANDRINI
3733 275 3820 330 965

639 427 724 464 .us
763 407 828 462 ad
869 405 1140 462 Romanos
1187 401 1440 471 scripsit:
1478 416 1498 451 ι
1537 398 1652 468 Ipse
1699 397 1933 468 Spiritus
1980 398 2058 467 ('5)
2086 399 2194 466 ’ρον

2299 395 2525 467 γραφὲν,
2553 394 2653 446 ὃτι’
2683 411 2698 441 ι
2723 390 2863 443 Λὺτὺ
2897 389 2958 442 τὸ
2982 389 3206 460 Πνεῦμα
3233 389 3676 460 ὑπερεντυγχάνει
3704 394 3820 466 ὑπὲρ

639 501 803 556 stulat
854 514 950 568 pro
1001 497 1151 551 nobis
1213 497 1497 565 gemitibus
1557 489 2050 547 inenarrabilibus:
2104 488 2195 556 qui

641 602 819 647 autem
849 597 1119 642 scrutatur
1151 588 1332 652 corda,
1377 585 1477 639 scit
1502 583 1628 652 quid
1656 581 1927 635 desideret
1967 579 2046 648 (4)
2076 577 2197 646 Spi-

642 685 801 748 ritus,
831 679 954 750 quia
997 678 1072 750 (5')
1122 675 1412 731 secundum
1447 675 1613 728 Deum
1647 672 1880 742 postulat
1923 685 2021 739 pro
2067 683 2196 723 san-

643 775 766 829 ctis.
805 791 824 824 ι
865 771 996 824 Nam
1040 783 1169 823 voce
1201 768 1288 822 illa
1332 785 1352 816 ι
1399 763 1852 820 incnarrabilibus
1922 779 1941 812 ι
1976 759 2194 829 potissi-

648 879 794 918 mum
847 861 1185 930 signiﬁcavit,
1242 857 1637 925 investigandas
1676 870 1781 908 non
1834 866 1958 907 esse
2009 850 2197 920 hujus-

645 953 790 1008 modi
827 968 913 1006 res
941 970 952 1016 ;
995 950 1148 1020 quasi
1182 949 1423 1002 diceret:
1456 943 2026 1014 lncomprehensibiles
2054 948 2200 994 -sunt

644 1052 699 1098 et
723 1041 1035 1095 ineﬂahiles.
1062 1039 1252 1093 Verbis
1293 1051 1421 1091 vero
1457 1035 1562 1089 illis
1597 1053 1615 1084 ι
1641 1033 1934 1088 secundum
1962 1029 2127 1083 Deum
2174 1045 2194 1078 ι

645 1137 869 1202 iudicat,
904 1133 1330 1204 postulationem,
1355 1131 1424 1185 de
1453 1146 1555 1200 qua
1598 1129 1853 1198 loquitur,
1895 1125 2056 1198 £33
2099 1139 2199 1178 no-

645 1239 772 1283 strae
795 1225 1020 1280 similem
1049 1239 1155 1278 non
1189 1237 1330 1286 esse,
1369 1235 1544 1290 neque
1587 1221 1699 1274 haec
1728 1219 1880 1286 juxta
1907 1216 2199 1270 humanam

647 1317 1081 1374 consuetudinem
1129 1314 1295 1383 accipi
1337 1313 1568 1375 debere;
1605 1317 1861 1380 superant
1907 1307 2049 1362 enim
2085 1320 2202 1360 om-

647 1427 768 1465 nem
817 1419 1066 1470 menletn,
1122 1418 1175 1460 et
1219 1405 1484 1460 sermonis
1530 1403 1606 1471 (6)
1657 1413 1900 1455 naturam
1948 1407 2198 1468 arguunt.

647 1501 847 1555 Deinde
888 1514 988 1552 nou
1028 1497 1161 1550 dixit
1210 1494 1471 1559 absolute,
1544 1491 1806 1556 Postulat,
1849 1497 1960 1553 aut,
2010 1488 2202 1542 Postu-

647 1592 720 1645 lat
747 1600 931 1645 contra
971 1604 1082 1656 nos,
1130 1597 1184 1640 et
1236 1593 1424 1640 contra
1466 1593 1700 1644 sanctos,
1750 1581 1866 1645 sed,
1899 1599 1916 1633 ι
1957 1578 2203 1636 Postulat

647 1696 746 1750 pro
797 1679 969 1740 nobis,
1023 1695 1042 1728 ι
1087 1686 1186 1731 ett
1235 1690 1330 1744 pro
1368 1674 1589 1729 sanctis.
1635 1692 1653 1725 ι
1709 1670 1941 1741 Spiritus
1987 1668 2200 1739 quidem

2295 487 2451 558 ήμῶν
2475 488 2794 557 στεναγμοῖς
2827 484 3143 554 ἀλαλήτοις·
3178 484 3208 535 6
3241 482 3297 536 δὲ
3337 483 3565 555 ἐρευνῶν
3585 484 3676 548 τὰς
3699 503 3818 558 καρ-

2301 580 2420 642 δίας
2479 575 2662 642 οἶδεν,
2710 577 2764 631 τί
2813 577 2874 630 τὸ
2921 575 3176 648 φρόνημα
3223 573 3318 626 τοῦ
3372 575 3711 644 Πνεῦματος,
3757 578 3824 630 ὅτι

2295 669 2434 725 κατὰ
2466 671 2597 724 Θεὸν
2639 669 2953 738 ἐντυγχάνει
3000 667 3140 737 ὑπὲρ
3178 665 3366 734 ἁγίων.
3389 683 3406 717 ι
3456 665 3696 719 Μάλιστα
3735 668 3824 741 γὰρ

2296 761 2534 832 ἐσήμηνε
2579 757 2657 828 τῷ
2702 757 2844 828 ἔχειν
2898 775 2917 806 ι
2945 755 3255 826 ἀλαλήτοις,
3296 773 3316 807 ι
3371 753 3444 825 μὴ
3481 754 3740 824 ζητεῖσθαι
3771 758 3827 809 τὰ

2294 852 2542 906 τοιαῦτα’
2574 850 2932 920 ἀκατάληπτα
2967 849 3097 920 γὰρ,
3124 849 3308 918 φησὶν,
3341 847 3434 901 καὶ
3464 847 3733 920 ἆφραστα·
3764 848 3826 917 τῷ

2295 944 2353 997 δὲ
2388 943 2534 1012 ἔχειν
2578 962 2596 994 ι
2636 942 2776 994 κατά
2821 941 2974 1004 Θεὸν,
3005 959 3022 991 ι
3059 941 3134 1010 μὴ
3169 939 3292 992 καθ’
3330 941 3477 1010 ἡμᾶς
3503 937 3636 992 εἶναι
3660 940 3823 1003 ταῦτα,

2301 1035 2433 1106 μηδέ
2482 1037 2680 1107 χρῆναι
2730 1034 2972 1088 νοεῖσθαι
3026 1032 3166 1087 κατὰ
3215 1033 3314 1104 τὴν
3346 1032 3683 1105 ἀνθρωπίνην
3727 1050 3826 1086 συν-

2297 1125 2514 1196 ήθειανο
2548 1125 2800 1196 ὑπερέχει
2840 1125 2950 1195 γάρ
2992 1125 3167 1178 πάντα
3207 1122 3332 1178 νοῦν
3372 1123 3466 1176 καὶ
3506 1122 3658 1192 λόγου
3694 1124 3824 1194 φύσιν

2299 1217 2526 1288 ἐλέγχει.
2571 1218 2799 1270 Ἔπειτα
2854 1218 2956 1270 οὐκ
3027 1212 3180 1268 εἶπεν
3244 1216 3684 1285 ἀπολελυμένως,
3729 1217 3823 1269 Ἐν-

2298 1310 2585 1379 τυγχάνει,
2630 1309 2664 1380 ἢ
2722 1308 3145 1378 κατεντυγχάνει
3199 1307 3320 1361 καθ’
3361 1307 3536 1378 ἡμῶν,
3583 1308 3672 1362 καὶ
3713 1309 3824 1362 κατὰ

2301 1400 2421 1473 [2H
2439 1400 2496 1471 α]
2520 1401 2690 1469 ἁγίων
2709 1418 2722 1431 ·
2747 1400 2883 1467 ἀλλ’,
2914 1419 2932 1450 ι
2965 1399 3450 1470 ’Υπερεντυγχάνει
3475 1399 3611 1471 ὑπὲρ
3639 1400 3788 1470 ἡμῶν,
3805 1421 3819 1450 ι

2298 1493 2421 1556 καὶ,
2469 1511 2487 1542 ι
2519 1493 2663 1563 ὑπὲρ
2709 1491 2898 1560 ἀγίων.
2926 1511 2944 1545 ι
3000 1491 3105 1544 Τοῦ
3158 1491 3312 1561 ἁγίου
3358 1491 3663 1561 Πνεύματος
3703 1491 3820 1549 ῐδιον.

2300 1582 2374 1646 ὼς
2415 1582 2569 1645 Θεοῦ,
2611 1583 2671 1635 τὸ
2699 1581 3098 1653 φιλάνθρωπον.
3132 1581 3321 1653 Ὅμως
3368 1581 3556 1653 ἐπειδὴ
3594 1581 3721 1637 κατὰ
3752 1583 3823 1635 άν-

2301 1673 2517 1745 θρωπον
2565 1673 2768 1738 ταῦτα,
2820 1675 2912 1727 xu‘t
2963 1674 3026 1726 οὐ
3075 1671 3426 1744 θεοπρεπῶς,
3482 1672 3821 1743 προφέρουσιν,

647 1771 844 1833 sancti,
871 1778 1051 1837 utpote
1077 1765 1195 1832 Dei,
1228 1765 1504 1835 proprium
1537 1772 1641 1830 est,
1687 1772 1746 1816 ut
1777 1763 1848 1816 sit
1868 1776 1993 1830 erga
2025 1759 2203 1814 homi-

2303 1765 2594 1834 γνώτωσαν
2625 1765 2723 1836 ὸψέ
2751 1763 2882 1835 γοῦν
2929 1781 3079 1826 ποτε,
3125 1765 3200 1828 ὡς
3240 1765 3479 1833 ἐντυχεῖν
3519 1763 3608 1816 καὶ
3639 1764 3692 1816 τὸ
3727 1779 3824 1814 σκο-

649 1875 747 1912 nes
783 1859 1063 1926 benignus,
1087 1866 1140 1908 et
1167 1855 1389 1908 humani
1435 1853 1646 1922 generis
1684 1865 1893 1906 amans.
1938 1849 2202 1916 Quoniam

648 1957 825 2003 tamen
856 1949 965 2002 haec
997 1946 1264 2016 proferunt
1301 1945 1452 2015 quasi
1486 1950 1722 1998 humano
1751 1955 1903 1997 more
1921 1940 2197 2010 accipien-

650 2043 715 2095 da
743 2043 872 2106 sint,
911 2055 1013 2095 non
1039 2053 1162 2093 vero
1190 2055 1254 2093 eo
1279 2053 1451 2094 ‘sensu
1483 2040 1572 2107 qui
1607 2037 1713 2091 Deo
1753 2037 1946 2106 dignus
1973 2033 2066 2100 sit,
2107 2048 2204 2087 no-

654 2134 763 2187 rint
806 2132 1018 2185 tandem
1066 2131 1346 2200 aliquando
1372 2131 1535 2183 verbo
1564 2129 1802 2198 ἐντυχεῖν
1830 2129 1990 2180 etiam
2030 2142 2050 2175 ι
2076 2139 2206 2178 con-

656 2221 930 2276 siderandi
981 2240 998 2273 ι
1033 2236 1092 2274 ac
1131 2237 1150 2271 ‹
1182 2219 1509 2289 {speculandi
1547 2237 1566 2269 ι
1606 2217 2044 2288 signiﬁcationem
2080 2213 2207 2269 sub-

650 2328 790 2367 esse.
813 2311 887 2366 lta
902 2313 1116 2379 exempti
1133 2312 1300 2380 gratia
1319 2311 1499 2365 dicere
1514 2309 1891 2364 consuevimus
1914 2327 1925 2362 :
1949 2307 2203 2376 ἐνέτυχον

651 2409 719 2476 τῇ
749 2404 934 2475 βίϐλῳ,
964 2405 1014 2458 id
1053 2413 1149 2468 est,
1172 2413 1402 2457 versatus
1435 2418 1550 2456 sum
1602 2403 1657 2454 in
1701 2400 1856 2454 libre.
1905 2398 2081 2469 Atque
2105 2398 2207 2454 hoc

655 2511 816 2551 sensu
849 2496 923 2565 (7)
959 2494 1117 2562 magis
1146 2493 1364 2563 proprie
1415 2492 1700 2546 adhibetur
1755 2488 1974 2544 verbum
2018 2489 2208 2556 ἐντυγ-

655 2585 842 2656 χάνειν
870 2601 884 2614 ·
917 2599 1039 2638 nam
1069 2583 1407 2638 libidinosum
1431 2583 1592 2637 etiam
1615 2595 1959 2650 congressum
1990 2581 2206 2649 quidam

655 2684 853 2732 vocant
880 2673 1127 2736 ἕντευξν.
1158 2676 1228 2728 At
1273 2675 1560 2743 postulatio
1597 2673 1797 2726 rectius
1832 2672 2208 2741 designaretur

655 2766 823 2820 verbo
857 2763 1191 2835 αἰτήσαςθαι,
1241 2779 1402 2833 quam
1448 2764 1710 2832 ἐντυχεῖν.
1750 2759 1996 2816 Gemitus
2028 2769 2207 2816 autem

658 2858 749 2913 hic
777 2856 1132 2912 miserationes
1161 2855 1311 2910 dicit.
1343 2854 1436 2908 Ait
1466 2869 1595 2924 ergo
1628 2871 1643 2907 :
1689 2853 1923 2923 Spiritus
1947 2852 2043 2908 Dei
2080 2866 2207 2922 spe-

659 2948 872 3004 culatur
895 2961 1014 3016 qua:
1040 2951 1152 3000 'smt
1177 2961 1274 3017 pro
1307 2946 1484 3011 nobis,
1528 2945 1966 3000 miserationibus
2004 2943 2207 2997 incom-

660 3038 1116 3110 prehensibilibus.
1149 3037 1283 3092 Nam
1322 3039 1426 3092 hoc
1453 3037 1638 3098 etiam,
1678 3037 1821 3106 quod
1855 3035 2082 3105 mystice
2129 3035 2208 3089 sic

663 3132 863 3186 dictqu
897 3129 1016 3195 fuit,
1055 3139 1300 3185 e'eaturaa
1326 3140 1573 3184 naturam
1607 3137 1662 3184 et
1697 3102 2071 3183 conditionem
2109 3140 2206 3180 ει·
2236 3102 2283 3164 c

663 3222 828 3287 cedit,
865 3221 988 3290 quia
1034 3221 1198 3273 statim
1249 3219 1444 3274 Paulus
1497 3221 1604 3275 Deo
1653 3219 1892 3273 cordium
1944 3217 2204 3286 cognitori

667 3323 920 3382 tauquam
955 3311 1137 3380 aliqud
1168 3327 1417 3382 magnum
1455 3312 1558 3367 hoc
1583 3309 1791 3375 tribuit,
1828 3310 1970 3379 quod
2000 3317 2203 3374 noscat,

671 3423 691 3456 s
722 3404 850 3473 quid
895 3405 1068 3472 sapiat
1107 3403 1228 3470 'aut,
1297 3403 1584 3474 desideret)
1634 3401 1869 3472 Spiritus
1917 3410 2156 3456 sanctus.
2184 3418 2204 3452 ι

667 3494 872 3550 Deinde
898 3508 1030 3548 vero
1058 3493 1206 3550 Fiius
1235 3510 1451 3565 quoque
1494 3493 1654 3550 simili
1685 3493 1842 3548 modo
1871 3491 2208 3562 ἐντυγχάνει,

668 3586 721 3641 id
745 3593 848 3651 est,
892 3584 1174 3655 speculam
1203 3603 1296 3656 pro
1337 3586 1504 3650 nobis,
1545 3585 1646 3640 etsi
1682 3602 1701 3637 ι
1737 3600 1983 3654 magnus,
2025 3594 2080 3639 et
2120 3585 2208 3638 do-

667 3677 927 3741 minator,
956 3685 1010 3730 et
1042 3693 1183 3733 veus
1221 3679 1363 3733 Deus
1411 3678 1515 3742 sit;
1561 3695 1582 3730 ι
1627 3691 1751 3731 nam
1801 3675 1868 3731 de
1895 3675 1985 3730 illo
2023 3675 2212 3730 scribit

669 3767 810 3821 idem
840 3766 1196 3835 Apostolusad
1233 3766 1484 3823 Hebraeos
1512 3768 1729 3838 quidem
1767 3784 1780 3821 :
1816 3785 1835 3818 ι
1873 3766 2100 3835 Semper
2128 3766 2212 3819 vi-

671 3869 802 3910 vens
826 3854 904 3926 (8)
919 3858 1012 3923 ,εἰς
1031 3854 1093 3908 τό
1121 3855 1462 3926 ιντυγχάνειν,
1498 3857 1586 3928 (id
1613 3866 1697 3912 est
1727 3857 1794 3910 ad
1816 3856 2207 3924 speculandum,

671 3948 1205 4018 autinterpellandtm)
1221 3964 1317 4018 pro
1343 3949 1474 4019 ipsis
1489 3947 1598 4018 (9tl;
1636 3966 1655 3999 ι
1678 3947 1743 4002 ad
1757 3947 2028 4001 Romanos
2050 3961 2176 4000 vero
2198 3965 2212 4001 :

677 4059 698 4094 ι
744 4042 993 4098 Christus
1042 4039 1180 4096 Jests
1209 4043 1322 4114 (10)
1373 4041 1464 4112 qui
1523 4049 1772 4095 mortuus
1807 4051 1912 4104 est,
1965 4041 2075 4094 imo
2125 4039 2214 4108 qui

675 4132 945 4188 excitatus
975 4141 1103 4186 esta
1136 4133 1340 4188 nortuis
1367 4132 1502 4203 (ll),
1535 4131 1626 4200 qui
1651 4140 1734 4186 est
1761 4130 1814 4184 in
1848 4129 2070 4184 dextera
2099 4128 2212 4194 Dei,

2304 1857 2474 1928 πῆσαι
2509 1857 2752 1925 λέγεταιο
2791 1851 2903 1909 οἷον
2933 1856 3009 1919 ὡς
3033 1854 3306 1926 εἰώθαμεν
3343 1854 3555 1923 λέγειν’
3590 1855 3825 1927 Ἐνέτυχον

2303 1952 2368 2019 τῇ
2409 1948 2601 2019 βίϐλῳο
2642 1948 2737 2002 καὶ
2779 1947 2940 2001 πλέον
2990 1945 3148 2000 τοῦτο
3194 1946 3544 2018 κυριωτέρως
3579 1947 3698 2017 φαίη
3732 1963 3819 2008 τις

2303 2039 2364 2092 τὸ
2412 2039 2520 2110 γὰρ
2565 2039 2700 2110 πρὸς
2748 2037 2940 2109 ἡδονὴν
2999 2037 3094 2092 καὶ
3154 2037 3393 2103 ἐντευξίν
3441 2054 3584 2101 τινες
3644 2037 3822 2090 καλοῦσι

2305 2133 2650 2204 ποιήσασθαι.
2697 2131 3032 2204 Δὶτήσασθαι
3082 2131 3281 2203 μᾶλλον
3317 2133 3464 2205 ἥπερ
3503 2133 3722 2202 ἐντυχεῖν
3758 2131 3821 2182 λέ-

2304 2240 2478 2292 γεται.
2505 2223 2846 2292 Στεναγμοὺς
2869 2223 2924 2275 δὲ
2950 2221 3183 2275 ἐνταῦθα
3207 2222 3333 2285 τοὺς
3361 2223 3668 2293 οἱκτιρμοὺς
3689 2219 3819 2286 λέγει.

2306 2314 2379 2366 Τὸ
2433 2309 2524 2367 οῦν
2571 2315 2817 2382 Πνεῦμα,
2863 2314 3016 2384 φησὶ,
3065 2312 3160 2366 τοῦ
3224 2311 3360 2365 Θεοῦ
3417 2313 3732 2383 ὑπερσκοπεῖ
3770 2309 3819 2360 τὰ

2308 2403 2446 2473 ὑπὲρ
2477 2404 2509 2472 ὴ
2519 2401 2632 2473 μῶν
2665 2403 2965 2472 οἱκτιρμοῖς
3006 2401 3412 2472 ἀκαταλήπτοις
3434 2419 3447 2432 ·
3485 2400 3717 2454 τοσοῦτον
3741 2400 3818 2468 γὰρ

2315 2495 2410 2548 καὶ
2443 2494 2599 2547 τοῦτο
2646 2495 2920 2565 μυστικῶς
2955 2494 3242 2566 εἰρημένον
3275 2493 3589 2565 ὑπερϐαίνει
3619 2493 3706 2565 τὴν
3739 2492 3820 2545 κτί-

2308 2602 2415 2648 σιν,
2460 2586 2542 2639 ὃτι
2583 2585 2742 2650 εὐθὺς
2787 2585 2866 2657 τῷ
2919 2585 3330 2658 καρδιογνώστῃ
3371 2585 3490 2657 Θεῷ
3521 2586 3594 2649 ὡς
3634 2587 3751 2657 μέγα
3777 2584 3819 2635 τὸ

2307 2675 2503 2728 εἰδέναι
2531 2675 2592 2728 τὸ
2617 2676 2873 2747 φρόνημα
2900 2674 2991 2729 τοῦ
3027 2675 3183 2744 ἁγίου
3214 2675 3534 2747 Πνεύματος
3561 2675 3815 2743 ἀπένειμεν.

2311 2768 2538 2822 Ἔπειτα
2595 2768 2652 2821 δὲ
2701 2768 2796 2821 καὶ
2837 2767 2866 2819 6
2910 2767 3040 2831 Υἱὸς
3108 2767 3308 2838 ὁμοίως
3379 2769 3676 2838 ἐντυγχάνει
3715 2765 3818 2832 ὑπὲρ

2306 2859 2498 2930 ήμῶνο
2529 2859 2623 2912 καὶ
2667 2861 2816 2930 ὅμως
2858 2859 3052 2930 μέγας,
3095 2859 3187 2912 καὶ
3216 2858 3584 2930 ἐξουσιαστὴς,
3618 2857 3699 2910 καὶ
3724 2855 3818 2923 ἀλη-

2308 2948 2452 3013 θινὸς
2498 2949 2628 3012 Θεός
2666 2950 2830 3003 ἐστιν.
2870 2949 3074 3020 Γράφει
3115 2949 3223 3021 γὰρ
3269 2951 3400 3021 περὶ
3437 2948 3594 3003 αὐτοῦ
3632 2950 3657 3000 6
3697 2944 3817 3005 αὐτὸς

2310 3043 2635 3110 ἀπόστολος,
2673 3042 2944 3115 Ἑϐραίοις
3005 3042 3138 3112 μέν’
3187 3061 3206 3094 ι
3235 3042 3477 3096 Πάντοτε
3534 3039 3634 3105 ζῶν
3674 3042 3739 3102 εἰς
3777 3036 3820 3088 τό

2313 3135 2653 3205 ἐντυγχάνειν
2684 3134 2825 3206 ὑπὲρ
2849 3133 3027 3187 αὐτῶν
3045 3151 3060 3166 ο
3085 3153 3104 3185 ι
3149 3134 3444 3205 Ῥωμαίοις
3471 3134 3555 3187 δέ·
3598 3152 3615 3184 ι
3636 3130 3819 3204 Χριστὸς

2324 3225 2524 3296 Ἰησοῦς
2559 3224 2586 3274 6
2612 3219 2918 3284 ἀποθανὼν,
2953 3222 3150 3295 μᾶλλον
3192 3223 3248 3275 δέ
3277 3224 3522 3295 ἐγερθεὶς
3545 3224 3603 3275 ἐκ
3631 3219 3818 3290 νεκρῶν⁸

2311 3315 2370 3380 ὃς
2404 3317 2548 3368 ἐστιν
2579 3319 2635 3367 ἐν
2666 3313 2816 3386 δεξιᾷ
2845 3314 2939 3368 τοῦ
2976 3315 3133 3383 Θεοῦ,
3164 3315 3222 3380 ὃς
3255 3316 3349 3368 καὶ
3394 3314 3686 3388 ἐντυγχάνει
3714 3312 3818 3381 ὑπὲρ

2312 3405 2527 3478 ἡμῶν.»
2571 3407 2694 3459 Ὀτι
2737 3406 2794 3459 δέ
2822 3407 2882 3459 τὸ
2922 3406 3091 3478 ὄνομα
3124 3407 3217 3460 τοῦ
3262 3407 3632 3479 Παρακλήτου,
3667 3406 3744 3459 καὶ
3774 3401 3818 3453 τὸ

2314 3498 2656 3567 ἐντυγχάνειν
2695 3498 2832 3568 ὑπὲρ
2860 3499 2893 3568 ἡ
2903 3497 3039 3568 μῶν,
3073 3499 3133 3550 οὐ
3163 3498 3305 3552 κατὰ
3331 3500 3396 3552 τὸ
3422 3497 3600 3553 δοκοῦν
3624 3499 3682 3567 τῇ
3712 3493 3818 3556 λέξει

2313 3589 2405 3643 καὶ
2447 3588 2542 3659 τὴν
2573 3589 2840 3660 κοσμικὴν
2868 3590 3083 3660 ὁμιλίαν
3121 3590 3438 3661 ἐκδέχεσθαι
3477 3590 3593 3664 χρὴ,
3621 3589 3741 3641 ἐστιν
3774 3583 3816 3648 ἐξ

2313 3682 2676 3752 ὁμοιοτρόπων
2721 3681 2981 3752 ῥημάτων
3028 3681 3344 3753 διδαχθῆναι
3366 3701 3381 3714 ·
3427 3683 3500 3747 ὡς
3539 3680 3681 3754 ἡνίκα
3720 3675 3816 3744 περὶ

2313 3769 2408 3822 τοῦ
2443 3769 2576 3822 Θεοῦ
2611 3771 2704 3823 καὶ
2734 3771 2944 3843 Πατρδς
2973 3771 3176 3843 γράφει
3211 3774 3268 3827 ἐν
3299 3774 3386 3826 πε⁹
3415 3772 3630 3843 ψαλμῷ-
3658 3788 3674 3820 ι
3700 3766 3816 3832 Ποίη·

2319 3878 2409 3914 σον
2449 3861 2564 3932 μετ’
2590 3862 2723 3932 ἐμοῦ
2761 3865 2983 3934 σημεῖον
3016 3865 3095 3927 είς
3131 3864 3358 3933 ἀγαθὸν,
3399 3866 3491 3918 καὶ
3537 3862 3754 3918 ίδέτωσαν
3779 3854 3815 3905 οἱ

2317 3953 2598 4022 μισοῦντές
2658 3971 2747 4024 με,
2796 3953 2890 4007 καὶ
2923 3955 3391 4026 αἱσχυνθήτωσαν,
3434 3958 3513 4009 ὅτι
3558 3955 3635 4016 σὺ,
3667 3948 3812 4017 Κύριε,

2313 4040 2612 4113 ἐϐοήθησάς
2648 4059 2738 4112 μοι
2771 4043 2864 4095 καὶ
2895 4042 3275 4114 παρεκάλεσάς
3320 4059 3424 4114 με·
3447 4062 3465 4094 ι
3501 4041 3587 4094 καὶ
3625 4035 3811 4094 Παῦλος·

2317 4149 2336 4180 ι
2368 4129 2536 4193 Αὐτὸς
2552 4130 2607 4183 δέ
2623 4133 2651 4181 ὁ
2670 4131 2872 4202 Κύριος
2895 4131 3052 4200 ἡμῶν
3081 4131 3284 4202 Ἰησοῦς
3304 4133 3350 4186 Χ
3359 4133 3553 4204 ριστὸς,
3574 4129 3656 4184 καὶ
3675 4128 3698 4179 ό
3717 4123 3812 4182 Θεὸς

675 4223 767 4292 qui
801 4223 963 4280 etiam
990 4222 1302 4293 éwurﬁvst,
1335 4224 1410 4294 (id
1432 4233 1535 4289 est,
1566 4221 1886 4292 speculatur,
1925 4231 2018 4275 aut
2047 4223 2208 4276 inter-

2312 4225 2404 4278 καὶ
2436 4225 2624 4297 Πατὴρ
2652 4223 3018 4296 παρακαλέσει
3052 4224 3204 4277 ὑιιῶν
3226 4223 3348 4297 [2H
3385 4224 3436 4298 ὁ]
3455 4225 3551 4286 τάς
3567 4220 3807 4294 καρδίας»

750 4445 826 4514 (3)
861 4445 979 4514 Ipse
1007 4441 1231 4509 Spiritu.
1283 4444 1440 4514 item.
1483 4442 1721 4514 νιιι,26,
1758 4442 1850 4500 27.

749 4511 828 4584 (4)
851 4511 990 4580 Quid
1013 4513 1261 4568 desideet.
1296 4512 1429 4567 Vide
1454 4525 1568 4569 not.
1603 4513 1670 4567 84
1706 4529 1824 4584 pag.
1856 4511 1979 4568 169.

750 4581 827 4657 (5)
877 4585 1035 4657 Quia.
1066 4583 1236 4657 lnAlb.
1271 4584 1344 4638 De
1375 4585 1578 4657 Spiritu
1601 4581 1957 4657 sancto—num.
1982 4581 2076 4647 27,
2115 4581 2211 4636 alio

681 4653 771 4711 te'r
799 4653 1021 4711 dictavit
1065 4653 1313 4726 Didynus,
1359 4653 1576 4726 si'edita
1611 4655 1938 4721 exemplaria
1969 4659 2211 4726 spectes;

683 4728 880 4780 habent
911 4726 1058 4795 enim
1109 4743 1127 4776 s
1163 4723 1408 4795 qtomodo
1462 4743 1480 4775 ι
1516 4739 1613 4793 pro
1656 4726 1906 4795 «quia.»
1953 4724 2022 4776 At
2043 4723 2215 4776 codex

681 4807 868 4850 noster
896 4794 964 4848 ibi
995 4792 1199 4860 babet,i
1224 4794 1477 4863 quoniam
1509 4792 1800 4848 Secundum
1839 4792 2003 4846 Deum
2030 4803 2217 4860 postn-

682 4865 768 4986 latl
800 4881 895 4934 pro
936 4865 1156 4919 sanctis.
1238 4866 1315 4918 Ac
1360 4878 1542 4918 revera
1587 4865 1658 4917 ita
1699 4864 1894 4917 ibidem
1934 4863 2215 4932 legendum

682 4948 913 4986 Vltellll‘.

681 4948 913 4988 Vltlellﬂ‘.

756 5004 832 5076 (6)
882 5003 1177 5076 Sermonis.
1202 5004 1240 5057 in
1281 5003 1468 5076 Graeco
1510 5003 1774 5076 sententia
1802 5010 1882 5056 est
1908 5001 2216 5076 valdeper;

683 5071 862 5146 plexa.
901 5073 983 5146 Au
1032 5075 1247 5128 eamden
1275 5074 1478 5146 indicat
1505 5073 1737 5146 Spiritus
1765 5073 1937 5146 sancti
1965 5086 2029 5146 ac
2054 5071 2211 5146 Verbi

686 5141 969 5201 naturam?
997 5157 1060 5212 ac
1089 5153 1346 5211 utrunque
1383 5144 1542 5209 legati
1584 5157 1804 5197 munere
1847 5141 2033 5212 fungi,
2059 5150 2118 5195 ut
2143 5142 2218 5194 ait

687 5218 742 5272 in
769 5215 858 5268 lib.
897 5213 972 5266 De
1002 5211 1194 5282 Spiritu
1224 5223 1406 5276 uncto,
1443 5227 1590 5266 num.
1625 5212 1734 5265 27?

755 5284 832 5408 Si)
869 5278 1147 5350 Atque'lnc
1179 5299 1378 5339 setsu...
1408 5299 1562 5353 quam
1591 5281 1848 5351 ἐντυχεῖν.
1874 5278 1973 5334 Hic
1992 5279 2143 5335 locus
2163 5281 2216 5334 in

793 5355 870 5408 ice
896 5367 1012 5405 mea
1045 5353 1243 5408 (Itidem
1259 5352 1519 5407 sententia
1556 5353 1627 5405 ita
1661 5354 1986 5408 deuravatus
2015 5363 2120 5408 εει.
2159 5361 2216 5403 ut

685 5352 870 5409 codiCe
896 5367 1012 5405 mea
1045 5353 1243 5420 quidem
1259 5352 1519 5407 sententia
1556 5353 1627 5405 ita
1661 5354 1986 5421 depravﬁatus
2015 5363 2120 5410 εει,
2159 5361 2217 5403 ut

2251 4435 2295 4490 D
2393 4442 2468 4514 (8)
2505 4441 2716 4514 Semper
2741 4445 2932 4498 vivens.
2971 4443 3133 4514 Hebr.
3169 4459 3267 4508 vn,
3301 4443 3393 4499 9.5.

2499 4513 2605 4566 Pro
2625 4505 2779 4583 ipsis.
2811 4513 2996 4567 Latina
3025 4513 3192 4568 Biblia
3224 4505 3427 4584 habent
3478 4533 3496 4564 s
3524 4505 3805 4584 pro‘nobisg

2317 4572 2687 4653 At‘Didymu's
2737 4585 2875 4653 legit
2915 4601 2934 4635 ι
2984 4598 3080 4651 pro
3105 4584 3257 4652 ipsis,
3300 4603 3319 4635 ι
3360 4572 3594 4638 etiam'in
3622 4572 3808 4653 libram

2317 4644 2728 4721 Spiritu'sancto
2761 4644 2911 4709 num.
2957 4644 3060 4717 2‘7,
3095 4644 3184 4708 ubi
3229 4644 3307 4708 sic
3349 4653 3613 4722 loquitur:
3656 4665 3673 4699 ι
3709 4644 3806 4722 Cttm

2318 4712 2459 4796 enim
2511 4722 2760 4778 Salvator
2821 4712 3133 4796 mediatoris
3167 4732 3223 4777 et
3266 4712 3432 4792 legati.
3456 4729 3708 4796 personam
3738 4712 3808 4796 hae

2316 4792 2475 4859 beat,
2503 4802 2558 4846 et
2596 4805 2698 4856 qua
2746 4793 2983 4862 p0ntifex
3032 4794 3353 4862 deprecetur
3389 4808 3483 4861 pro
3512 4792 3712 4862 peccatis
3735 4794 3808 4834 "0‘

2317 4855 2471 4925 stris,
2500 4881 2519 4913 ι
2552 4855 2768 4917 salvans
2802 4864 2856 4916 in
2880 4855 3262 4930 sempiternum
3293 4855 3406 4924 eos,
3438 4855 3524 4930 qui
3562 4873 3646 4930 per
3673 4855 3802 4930 ipsulfl

2318 4917 2755 5002 accesseruntad
2792 4933 2954 4986 Deum
2976 4917 3146 5001 ,lquia
3172 4917 3584 5002 semper'vi'vcns
3609 4917 3804 5002 interimi;

2319 5001 2392 5054 lat
2422 5018 2518 5069 pro
2552 5003 2630 5055 eis
2660 5001 2871 5056 Patrem
2908 5021 2927 5052 ι
2971 4991 3308 5057 tat-cancro.-
3329 5005 3610 5055 Adnotatur
3639 4991 3802 5070 quidem

2319 5072 2372 5125 in
2415 5060 2651 5144 editione
2723 5072 3052 5144 Veronensi,
3104 5073 3336 5144 aliquem
3383 5070 3604 5124 codicem
3637 5060 3797 5144 .h’abcrc‘

2322 5159 2342 5192 ι
2384 5156 2480 5208 pro
2531 5141 2706 5207 nobis,
2747 5161 2766 5194 ι
2802 5144 2893 5196 sed
2931 5133 3211 5211 legendum
3242 5154 3370 5211 puto
3429 5159 3446 5191 ι
3498 5152 3586 5208 pro
3607 5133 3803 5196 eis.’.ut

2318 5211 2482 5266 editio
2509 5211 2596 5262 illa
2630 5223 2684 5264 et
2737 5213 2908 5266 codex
2932 5221 3114 5266 noster
3147 5227 3248 5266 tus.
3280 5212 3455 5266 habet.

2388 5280 2498 5350 (IO)
2541 5264 2776 5334 Christus
2809 5264 2990 5334 Μιίᾷ
3011 5264 3178 5334 Rom.
3204 5264 3334 5345 ζῶ,
3355 5264 3443 5335 34.
3502 5277 3670 5350 Vocem
3697 5264 3802 5350 κεῖθ’

2319 5337 2410 5405 Sus
2459 5337 2492 5401 ι.
2517 5366 2622 5403 non
2650 5352 2847 5404 habent
2871 5351 3056 5406 Graeca
3082 5350 3274 5420 Biblia,
3301 5337 3392 5407 sed
3415 5364 3524 5404 cum
3551 5345 3713 5401 habent
3731 5337 3800 5388 La—

2320 5421 2429 5474 tina
2473 5429 2528 5473 et
2567 5420 2734 5474 codex
2759 5421 3178 5476 Alexandrinus.
3752 5472 3774 5480 _,

2389 5490 2476 5542 Η.
2521 5491 2559 5542 Λ
2590 5474 2848 5545 mortuis.
2880 5474 3037 5544 [λεύει
3067 5474 3168 5546 hoc
3201 5492 3256 5546 in
3300 5491 3497 5546 Bibliis.
3533 5486 3687 5540 Graeca
3713 5474 3798 5527 et“;

2321 5558 2393 5612 tio
2415 5561 2492 5634 sit;
2519 5561 2679 5614 habet
2708 5575 2737 5634 ιΔ
2765 5561 2966 5634 μᾶλλον
2995 5561 3052 5634 δὲ
3081 5562 3176 5616 καὶ
3208 5563 3464 5634 ἐγερθεὶς,
3491 5559 3544 5621 ὃς
3576 5548 3794 5634 καίιέστιξῖ

2317 5641 2373 5682 ει
2398 5629 2600 5699 reliqua
2630 5640 2690 5683 ut
2729 5625 2834 5685 hic.
2866 5633 2972 5686 Sed
3000 5633 3102 5689 duc
3160 5625 3367 5688 illa-xui
3405 5635 3582 5686 desunt
3607 5625 3732 5678 etiam
3755 5625 3793 5661 HI

2319 5700 2506 5755 codice
2529 5699 2913 5758 Alexandrino.

687 5437 742 5479 et
770 5421 1025 5477 nonnulla
1050 5424 1263 5476 omisert
1284 5422 1552 5486 librarius,
1579 5437 1700 5490 qua:
1721 5420 1964 5490 supplere
1988 5429 2218 5488 nequeat

687 5495 794 5549 nisi
822 5492 911 5560 qui
953 5492 1178 5546 divinare
1207 5492 1440 5556 vduerit,
1481 5503 1534 5546 et
1557 5493 1799 5560 quaedam
1834 5491 1998 5544 verba
2031 5505 2218 5560 perpe-

579 5585 589 5594 -
690 5579 807 5617 ram
838 5562 1130 5631 scripserit.
1165 5561 1406 5630 eqidem
1439 5577 1535 5631 pro
1563 5560 1910 5615 αἰτιάσασθαι
1939 5560 2216 5631 legendum

689 5647 808 5687 esse
857 5629 1167 5710 αἰτήσασθαι
1201 5629 1290 5688 ttat
1327 5629 1509 5688 dublto
1533 5671 1549 5699 ,
1596 5647 1716 5688 cum
1755 5633 1822 5688 de
1865 5629 2220 5701 postulatione

691 5717 867 5759 sermo
890 5710 976 5756 Stt.
