4042 6404
221 328 326 383 9(Ξῆ

1280 328 1365 381 DE
1405 328 1775 383 TRINITATE
1813 329 2017 386 LIBER
2056 328 2377 387 TERTIUS.

3367 341 3474 399 966

223 448 317 500 καὶ
347 444 608 517 ἑτέρωθιο
650 464 667 495 t
708 443 765 498 Ὀ
813 462 1088 515 μετανοων
1132 446 1223 499 ἐπὶ
1261 450 1377 511 ταῖς
1426 448 1645 510 κακίαις
1696 447 1790 500 τῶν

1901 450 2100 518 pellat)
2154 465 2250 517 pro
2321 450 2493 504 nobis.
2548 470 2567 500 ι
2623 451 2773 517 Quod
2847 468 2975 508 vero
3045 469 3237 510 nomen
3290 457 3479 523 (Para.

222 535 529 607 ἀνθρώπων
550 554 562 566 ·
591 554 608 587 ι
634 535 776 588 τοῦτ’
804 535 970 602 ἔστιν,
1012 536 1074 592 '0
1105 536 1489 605 συγγινώσκων
1519 537 1552 608 ἢ
1584 555 1802 608 συμπα-

224 628 365 680 θῶνσ
400 628 461 680 ού
517 627 626 699 γὰρ
676 628 751 692 ὡς
802 628 964 692 αὐτὸς
1015 628 1092 682 ὢν
1138 629 1310 693 αἴτιος
1362 630 1458 699 τῆς
1514 630 1799 703 κακίας,ἢ

226 723 500 789 μετανοεῖ.
544 721 815 785 Πολλάκις
856 720 912 774 δὲ
959 721 991 791 ἡ
1022 721 1211 794 Γραφὴ
1243 721 1342 791 τὴν
1374 722 1540 788 λέξιν,
1578 722 1675 794 τὴν
1716 722 1801 776 ὲν-

220 811 400 865 ταῦθα
436 812 807 884 σημαίνουσαν
837 814 955 868 τόδε
988 832 1062 882 τι,
1090 814 1286 885 ἔθηκεν
1312 814 1387 878 ὡς
1415 813 1542 868 ἄλλο
1573 813 1651 885 τῷ
1677 833 1801 884 φαι-

220 905 432 975 νομένῳ
469 906 777 976 μηνύουσαν
795 922 809 937 ·
841 908 917 970 ὡς
948 907 1112 979 ἡνίκα
1141 907 1275 981 λέγῃ
1303 908 1362 960 ὲν
1395 906 1589 979 Ἐξόδῳ
1607 923 1621 936 ·
1646 925 1664 958 ι
1686 902 1797 962 Ἦν

220 998 466 1067 Minori];
518 997 823 1069 ποιμαίνων
872 997 942 1052 τὰ
994 999 1241 1071 πρόϐατα
1302 998 1485 1072 Ἰοθὼρ
1540 997 1792 1070 γαμϐροῦ

1902 540 2025 596 cleti
2058 542 2438 594 consolatorem
2484 550 2537 595 et
2569 545 2882 597 advocatum
2926 545 3261 614 signiﬁcans,
3297 565 3359 602 ac
3396 551 3477 602 lo-

1900 634 2045 689 cutio
2072 634 2279 700 isthmc,
2312 634 2659 704 ἐντυγχάνειν
2706 652 2800 704 pro
2834 636 3007 700 nobis,
3054 638 3124 690 ita
3158 640 3326 709 accipi
3370 657 3477 695 non

1900 721 2151 787 debeant,
2180 731 2239 776 ut
2267 736 2461 777 sonare
2491 724 2761 790 videntur,
2794 736 2960 794 utque
3005 726 3170 798 434
3214 732 3476 784 mundani

1899 816 2165 869 sermonis
2197 815 2531 869 consuetudo
2560 815 2685 880 fert,
2720 832 2751 872 e
2797 818 3063 873 similibus
3110 819 3240 873 locis
3277 821 3478 875 intelli.

1903 920 2030 977 gere
2052 905 2199 961 licet.
2229 905 2362 959 Nam
2401 907 2466 961 de
2501 904 2610 961 Deo
2638 918 2689 961 et
2730 906 2892 963 Patre
2926 909 3186 964 scribitur
3217 912 3266 963 in
3297 928 3478 966 Lxxxv

1901 998 2109 1067 psalmo
2142 1017 2156 1053 :
2199 1017 2217 1051 ι
2257 997 2366 1055 Fac
2401 1015 2609 1053 mecum
2662 1000 2775 1071 (12)
2825 1002 3037 1072 signum
3070 1003 3121 1057 in
3161 1005 3383 1071 bonum,
3425 1014 3479 1059 et

1891 1088 2111 1143 videant
2132 1090 2223 1159 qui
2257 1090 2487 1144 oderunt
2520 1105 2625 1154 me,
2657 1101 2712 1145 et
2740 1093 3158 1157 confundantur,
3212 1096 3467 1164 quoniam

1893 1188 1970 1247 tu,
2004 1179 2249 1245 Domine,
2280 1180 2530 1247 adiuvisti
2572 1195 2675 1247 me,
2701 1193 2751 1236 et
2783 1182 3166 1254 παρεκάλεσας
3209 1185 3335 1256 (hoc
3371 1195 3474 1250 est,

221 1272 317 1323 καὶ
363 1271 652 1340 ἀνέφικτος
686 1275 713 1327 ὁ
760 1274 988 1346 ἀόρατος
1035 1275 1166 1339 Θεὸς
1215 1275 1314 1347 (διὸ
1362 1276 1437 1340 ὡς
1489 1276 1691 1330 ἐπίπαν
1738 1275 1790 1329 ai

1894 1270 2193 1324 consolatus
2221 1269 2295 1342 es)
2337 1285 2457 1335 me;
2500 1289 2519 1321 ›
2548 1280 2600 1325 et
2643 1271 2885 1329 Paulus:
2930 1276 3076 1344 «Ipse
3126 1288 3305 1330 autem
3362 1278 3476 1347 (15)

223 1362 504 1435 θεηγορίαι
564 1366 661 1435 οὐχ
707 1366 782 1429 ὡς
856 1367 1012 1438 ἔτυχε
1075 1369 1242 1423 πᾶσιν
1297 1368 1482 1433 ἁπλῶς
1545 1368 1790 1440 ἐμφανῆ,

1898 1360 2159 1416 Dominus
2206 1373 2393 1416 noster
2425 1360 2583 1416 Jesus
2617 1361 2888 1429 Christus,
2934 1375 2986 1419 et
3030 1368 3169 1421 Deus
3211 1382 3275 1421 ac
3310 1366 3477 1421 Pater

218 1456 359 1510 ἀλλὰ
416 1456 645 1528 κρύφιον
706 1457 886 1529 ἔχουσι
942 1458 1124 1531 νοῦν),
1178 1460 1326 1515 ἔστιν
1380 1462 1560 1533 εὑρεῖν
1601 1460 1694 1514 καὶ
1735 1460 1790 1513 ὲν

1899 1451 2272 1525 παρακαλέσει
2301 1452 2434 1524 (14),
2498 1453 2548 1507 id
2588 1464 2690 1521 est,
2739 1456 3143 1528 (consolabitur)
3195 1459 3353 1512 corda
3387 1475 3479 1513 ve-

220 1547 453 1617 βιϐλίοις
508 1549 617 1602 τῶν
678 1548 781 1617 ἔξω
860 1552 1332 1624 φιλοσοφημάτων.
1389 1552 1609 1622 Ἔχουσι
1686 1549 1790 1621 γὰρ

1901 1555 2049 1609 stra;
2094 1561 2112 1595 ι
2153 1552 2206 1596 et
2246 1542 2372 1595 alibi
2408 1561 2422 1596 :
2457 1562 2475 1595 ι
2529 1543 2633 1610 Qui
2661 1547 2978 1614 paenitentia
3011 1548 3123 1617 (l5)
3167 1548 3384 1602 ducitur
3416 1551 3468 1602 in

217 1638 430 1692 ταῦτα.
1904 1636 2123 1690 malitiis
2150 1635 2457 1701 hominum;
2497 1655 2515 1688 ι
2556 1637 2606 1690 id
2636 1647 2739 1700 est,
2779 1638 2869 1707 qui
2919 1639 3165 1709 ignoscit,
3199 1652 3289 1694 aut
3320 1643 3476 1696 mise-

220 1746 405 1800 retur;
446 1751 546 1790 nec
566 1737 710 1790 enim
748 1736 901 1805 quasi
968 1737 1083 1805 ipse
1152 1745 1342 1793 auctor
1368 1735 1585 1791 malitia:
1630 1736 1722 1800 sit,
1767 1741 1859 1787 aut
1896 1731 2221 1801 deliquerit,
2280 1731 2627 1802 παρακαλεῖ,
2682 1732 2731 1784 id
2792 1741 2908 1799 est,
2974 1735 3317 1799 eahortatur,
3376 1751 3475 1789 nec

224 1830 501 1899 μετανοεῖ,
532 1830 582 1882 id
629 1840 730 1895 est,
780 1830 1056 1899 resipiscit.
1104 1829 1312 1900 Saepius
1344 1846 1474 1885 vero
1512 1830 1789 1901 Scriptura
1832 1844 2037 1891 vocem,
2073 1841 2193 1897 qua).
2255 1842 2361 1880 uno
2396 1828 2447 1880 in
2491 1828 2607 1882 loco
2674 1837 2880 1881 certum
2928 1829 3131 1897 aliquid
3177 1829 3470 1899 Significat,

220 1923 354 1976 alibi
417 1923 497 1977 sic
561 1924 801 1988 adhibet,
857 1932 913 1980 ut
982 1924 1124 1979 aliud
1170 1926 1426 1981 denotare
1496 1927 1546 1979 in
1592 1927 1824 1994 speciem
1856 1924 2138 1977 videatur:
2170 1930 2225 1975 ut
2254 1938 2375 1977 cum
2401 1923 2532 1977 dicit
2580 1922 2633 1976 in
2680 1923 2893 1978 Exodo:
2927 1942 2945 1973 ι
2982 1924 3111 1978 Erat
3146 1922 3258 1995 (16)
3299 1924 3474 1979 Muses

219 2030 453 2083 pascens
524 2030 653 2069 oves
692 2014 879 2070 Jcthro
912 2016 1021 2087 (17)
1058 2004 1240 2087 generi
1303 2018 1384 2072 sui
1429 2016 1563 2089 (18).
1610 2036 1629 2068 ›
1674 2016 1743 2069 At
1805 2013 1990 2069 Jethro
2044 2027 2073 2065 e
2158 2012 2433 2065 contrario
2480 2028 2636 2066 socer
2688 2022 2824 2077 erat,
2880 2012 3055 2067 Moses
3102 2029 3233 2068 vero
3288 2030 3471 2083 gener.

220 2109 379 2177 Quod
408 2119 589 2164 autem
626 2112 765 2165 nulla
795 2128 945 2169 mens
978 2114 1432 2184 comprehendere
1477 2114 1673 2178 valeat,
1703 2119 1797 2166 aut
1833 2108 2048 2185 assequi
2085 2106 2408 2161 invisibilem
2465 2107 2632 2161 Deum
2670 2109 2854 2178 (quam
2888 2109 2957 2163 ob
2990 2125 3208 2164 causam
3278 2111 3472 2165 divinas

222 2203 529 2259 locutiones
578 2205 873 2275 simplicem
928 2221 1144 2261 sensum
1208 2218 1264 2262 et
1307 2207 1529 2262 cuilibet
1573 2207 1790 2260 obvium
1864 2216 1970 2257 non
2020 2200 2254 2265 habent,
2306 2199 2402 2255 sed
2454 2214 2711 2254 arcanum
2760 2214 2824 2255 ac
2871 2200 3152 2272 latentem)
3226 2204 3278 2256 in
3322 2202 3475 2258 libris

223 2299 391 2352 etiam
451 2296 797 2366 profanorum
848 2298 1287 2368 philosophorum
1339 2298 1581 2352 invenire
1630 2297 1789 2361 licet;
1831 2294 1945 2347 hinc
1971 2291 2112 2345 enim
2141 2292 2518 2360 scripserunt:

221 1087 411 1141 αὑτοῦ.
442 1108 459 1141 ι
494 1084 603 1141 Ἦν
642 1089 697 1142 δὲ
733 1090 1041 1144 τούναντίον
1082 1091 1266 1164 ἰοθὼρ
1307 1091 1605 1163 πενθερὸς,
1648 1108 1795 1162 γαμ-

223 1178 354 1250 ϐρὸς
384 1180 443 1233 δὲ
490 1181 747 1253 Μωῦσῆς.
780 1184 901 1235 Ὅτι
946 1184 1003 1237 δὲ
1048 1183 1142 1238 καὶ
1181 1184 1257 1256 νῷ
1305 1186 1469 1237 παντὶ
1510 1183 1795 1257 ἁχώρητος

225 2390 490 2458 "Appiam
526 2388 577 2441 δ’
609 2390 901 2459 οὺρανίοιο
941 2392 1087 2445 Θεοῦ
1118 2390 1501 2461 μελεδήματα
1535 2389 1790 2458 θνητοῖς,

1899 2384 2103 2439 Abdita:
2138 2383 2247 2453 (19)
2286 2393 2461 2437 autem
2506 2391 2625 2437 sunt
2662 2383 2975 2440 mortalibus
3010 2387 3227 2461 caelestis
3265 2387 3358 2441 Dei
3384 2404 3474 2442 co-

234 2521 655 2592 Ἆφράστοισιν
698 2521 923 2578 ἕκαστα
969 2522 1407 2594 διαφραχθέντα
1454 2522 1790 2591 προνοίαις·

1898 2524 1972 2578 Ac
2018 2506 2372 2592 ine/)‘a‘bilibus
2419 2522 2639 2594 singulae
2685 2534 2842 2591 septas
2885 2524 2995 2597 (το)
3034 2456 3471 2607 mitigaren-

218 2651 337 2713 Ὧν
388 2657 618 2727 ,βροτὸν
667 2659 740 2713 οὐ
788 2658 953 2729 θέμις
993 2659 1127 2713 ἐστὶ
1178 2655 1790 2802 μετρᾳίῶὲλιέἔεὲἷῧηί

3243 2599 3303 2647 ιι

1898 2662 2044 2731 Quas
2089 2663 2262 2736 nequit
2312 2665 2548 2719 mortalis
2582 2664 2830 2733 assequi,
2880 2680 2941 2719 ac
3004 2666 3160 2720 ueluti
3214 2595 3470 2746 ίιιιὶῗιὲηδα

3166 2740 3361 2792 metiri.

846 2817 1001 2871 ΚΕΦ.
1033 2817 1171 2884 aq".

294 2908 406 2962 Καὶ
442 2907 540 2978 τὴν
581 2906 808 2978 ἔχουσαν
857 2908 986 2980 παρ’
1027 2909 1246 2980 Ἰωάννῃ
1286 2907 1567 2980 περιοχὴν,
1603 2927 1620 2960 ι
1646 2908 1793 2979 Αὕτη

219 3000 278 3055 δέ
320 3002 468 3053 ἐστιν
505 3002 540 3070 ἡ
578 2999 791 3063 αἰώνιος
837 2998 987 3069 ζωὴ,
1032 3000 1119 3053 ἵνα
1177 2998 1516 3068 γινώσκωσίν
1571 3016 1651 3066 σε,
1700 2999 1794 3052 τὸν

223 3092 388 3164 μόνον
448 3089 697 3162 ἀληθινὸν
774 3089 933 3153 Θεὸν,
999 3090 1093 3143 καὶ
1160 3089 1218 3142 ὃν
1291 3087 1616 3150 ἀπέστειλας
1686 3088 1793 3159 Ἰη-

222 3183 354 3237 σοῦν
432 3181 711 3253 Χριστόν·
747 3201 766 3234 ι
840 3181 935 3236 καὶ
1014 3180 1216 3234 πάλιν·
1289 3198 1308 3231 ι
1351 3179 1643 3234 Πιστεύετε
1715 3182 1795 3243 είς

219 3278 313 3332 τὸν
362 3276 529 3341 Θεὸν,
581 3275 677 3328 καὶ
735 3276 815 3339 είς
859 3273 959 3345 ἐμὲ
1022 3272 1390 3337 moratis-ca,»
1460 3272 1796 3343 βλασφήμως

218 3367 340 3420 λίαν
412 3365 805 3420 Μακεδονιανοὶ
896 3363 1228 3436 ἐμελέτησαν
1248 3404 1264 3427 ,
1353 3362 1653 3431 φάσκοντες
1734 3363 1795 3415 τὸ

228 3459 371 3525 ἅγιον
414 3457 643 3526 Πνεῦμα
684 3455 757 3527 μὴ
805 3453 1255 3526 μνημονεύεσθαι,
1303 3454 1378 3516 ὡς
1404 3452 1561 3524 δῆθεν
1593 3452 1794 3506 ὀθνεῖον

232 3550 297 3617 τῇ
324 3547 479 3615 φύσει
502 3564 516 3577 ·
551 3546 643 3598 καὶ
683 3544 769 3598 διὰ
791 3544 945 3598 τοῦτο
969 3543 1327 3598 ἐκϐάλλεσθαι
1354 3543 1448 3595 τοῦ
1481 3539 1619 3595 εἶναι
1656 3542 1793 3614 ἁλη-

233 3638 364 3693 θινὸν
386 3639 544 3693 Θεὸν,
578 3637 707 3710 [212
733 3637 789 3710 a]
822 3637 959 3690 Ἀλλ’
987 3636 1203 3708 εἴρηται
1240 3635 1339 3707 μὲν
1372 3635 1472 3706 ἤδη
1510 3636 1589 3698 είς
1618 3635 1796 3706 ὁμοιό-

2457 2820 2607 2877 CAP.
2664 2820 2906 2875 XXXVI.

1965 2913 2278 2970 Periocham
2304 2929 2523 2985 quoque
2549 2914 2721 2979 illam,
2762 2928 2882 2983 quae
2908 2914 3048 2982 apud
3069 2911 3335 2967 Joannem
3367 2926 3466 2966 es-

1898 3012 2045 3070 stat,
2099 3024 2117 3055 ι
2178 3002 2304 3058 Haec
2351 3014 2527 3059 autem
2576 3014 2657 3057 est
2693 3003 2805 3075 (21)
2836 3004 2943 3056 vita
2996 3012 3234 3068 aeterna,
3272 3012 3327 3055 ut
3370 3016 3465 3054 co-

1897 3102 2159 3164 gnoscant
2192 3104 2245 3151 te
2288 3094 2461 3151 solum
2505 3109 2691 3149 verum
2730 3093 2922 3159 Deum,
2968 3103 3022 3148 et
3064 3108 3223 3163 quem
3273 3093 3468 3146 misisti

1894 3185 2076 3240 Jesum
2101 3184 2415 3252 Christum;
2443 3204 2462 3239 ι
2493 3201 2702 3241 necnon
2733 3201 2796 3239 ea
2818 3187 3017 3240 verba:
3051 3203 3068 3237 ι
3098 3185 3330 3239 Creditis
3354 3183 3467 3253 (22)

1899 3281 1950 3333 in
1988 3278 2180 3344 Deum,
2208 3287 2264 3332 et
2290 3277 2342 3330 in
2386 3290 2473 3329 me
2515 3277 2737 3338 credite,
2774 3294 2794 3326 ι
2835 3274 2991 3329 valde
3026 3274 3187 3343 impie
3225 3273 3471 3328 Macedo-

1897 3367 2043 3420 niani
2075 3363 2409 3435 interpretati
2456 3371 2598 3419 sunt.
2644 3363 2776 3417 Nam
2820 3354 3056 3432 Spiritus
3100 3373 3345 3424 Sanctus,
3379 3363 3468 3415 in-

1894 3457 2294 3529 quiunt,535
2337 3458 2390 3511 in
2441 3456 2526 3511 his
2565 3455 2696 3510 locis
2742 3472 2847 3509 non
2884 3468 3238 3520 memoratur,
3281 3464 3469 3524 utpote

1896 3550 1989 3619 qui
2014 3559 2203 3602 natura
2249 3548 2458 3602 alienus
2502 3556 2581 3601 est
2624 3563 2687 3601 ac
2748 3546 2911 3601 veluti
2944 3555 3280 3602 extraneus:
3312 3545 3469 3601 ideo-

1897 3654 2001 3708 que
2025 3654 2184 3693 verus
2212 3639 2351 3695 Deus
2382 3655 2485 3694 nou
2527 3648 2629 3694 est.
2670 3638 2773 3693 Sed
2797 3637 2907 3707 jam
2940 3638 3096 3701 alius,
3133 3639 3261 3692 dum
3289 3638 3464 3692 haere-

220 3748 394 3803 τροπα
432 3730 793 3802 προϐλήματα
842 3727 1011 3782 πολλὰ
1045 3729 1172 3799 περὶ
1220 3729 1431 3792 τούτου,
1497 3729 1590 3781 καὶ
1615 3728 1790 3799 μέντοι

1899 3732 2019 3785 ticis
2045 3730 2241 3785 similia
2269 3729 2646 3800 objicientibus
2674 3740 2987 3798 argumenta
3029 3745 3094 3783 ac
3145 3728 3458 3783 testimonia

218 3824 277 3876 ὲν
306 3823 385 3894 τῷ
419 3822 623 3894 πρώτῳ
648 3822 789 3893 λόγῳ
820 3822 878 3875 ὲν
900 3822 1177 3891 κεφαλαίῳ
1211 3822 1440 3891 δεκάτῳ,
1465 3824 1560 3875 καὶ
1583 3823 1640 3875 ὲν
1658 3821 1793 3891 τῷδε

216 3912 293 3984 τῷ
322 3911 513 3983 βιϐλίῳ
540 3913 596 3964 ὲν
617 3911 894 3982 κεφαλαίῳ
922 3910 1491 3982 τεσσαρεσκαιδεκάτῳ
1515 3929 1529 3942 ·
1564 3910 1796 3984 ῥηθήσε-

215 4020 305 4059 ται
331 4004 391 4058 δὲ
416 4005 510 4057 καὶ
540 4003 653 4057 νῦν.
680 4004 742 4055 Εἰ
773 4004 950 4057 τοίνυν
990 4004 1023 4073 ὴ
1063 4002 1277 4067 αἰώνιος
1315 4004 1448 4074 ζωὴ,
1478 4006 1511 4074 ἠ
1544 4004 1671 4073 περὶ
1700 4002 1793 4056 τοῦ

312 4248 402 4315 12)
451 4245 566 4299 Fac
598 4262 816 4298 mecum.
855 4244 996 4300 Psal.
1028 4260 1225 4309 Lxxxv,
1278 4246 1362 4300 16.

312 4319 405 4385 15)
465 4316 586 4383 Ipse
615 4327 809 4385 autem.
846 4317 885 4369 11
958 4316 1149 4370 Thess.
1180 4332 1242 4379 ιι,
1276 4316 1360 4379 16,
1395 4315 1484 4369 17.

284 4383 402 4456 (is)
456 4384 891 4453 Παρακαλέσει.
938 4386 1252 4456 ΡΙιιτθίιιιιιε
1300 4388 1437 4439 hanc
1495 4383 1786 4456 dictionem

215 4454 423 4513 omittit
448 4458 728 4527 Didymus,
754 4473 872 4526 qua:
898 4458 1057 4527 habet
1091 4455 1276 4511 Graeca
1326 4456 1513 4509 editio.
1550 4454 1786 4527 Verbum

215 4544 345 4582 vero
368 4526 744 4597 παρακαλέσει
773 4527 922 4596 Vulg.
952 4526 1215 4597 interpres
1245 4528 1568 4597 transierut
1597 4526 1788 4580 exhor-

218 4595 502 4652 tabitur.)
536 4597 643 4665 Ego
671 4612 735 4651 eo
764 4595 924 4651 sensu
951 4595 1078 4650 illud
1102 4596 1258 4658 verti,
1287 4610 1394 4664 quo
1416 4595 1543 4648 illud
1577 4596 1786 4664 accepit

218 4669 503 4735 theologus
532 4664 714 4721 noster
738 4676 847 4720 tum
880 4668 985 4730 hic,
1016 4676 1125 4718 tum
1156 4681 1324 4735 segni.
1355 4664 1460 4735 214
1488 4681 1541 4716 a.

287 4733 544 4808 (£5)'Qui
596 4743 914 4804 paenitentia.
969 4736 1158 4789 Latina
1212 4733 1692 4808 BibliaJOIva,
1747 4734 1781 4788 5

216 4802 331 4879 (seu
359 4802 448 4879 2V)!
470 4802 699 4879 habent:
732 4825 749 4857 ι
781 4808 1060 4876 ignoscetis
1086 4821 1246 4874 super
1282 4806 1505 4879 malitia.
1538 4824 1556 4855 ι
1598 4802 1781 4858 Hiero-

215 4875 414 4949 nymus
438 4877 490 4930 in
516 4875 925 4949 Cottiineiitariis
950 4894 963 4929 :
993 4895 1011 4926 ι
1042 4875 1409 4949 pcenitentiam
1433 4889 1598 4949 agens
1618 4888 1779 4949 super

1900 3823 2366 3892 responderemus,
2408 3822 2575 3876 multa
2616 3823 2682 3876 de
2732 3823 2835 3876 hoc
2876 3822 3036 3876 etiam
3068 3822 3305 3876 diximus
3341 3836 3467 3874 cum

1902 3915 1953 3968 iu
2004 3914 2176 3983 primo
2204 3912 2347 3984 λόγῳ
2370 3912 2544 3981 capite
2576 3911 2642 3966 10
2670 3911 2804 3982 (25),
2847 3924 2957 3965 ιυιη
2983 3911 3037 3966 in
3071 3913 3171 3966 hoc
3205 3911 3340 3967 libro
3371 3926 3466 3964 ca-

1900 4008 2013 4074 pite
2065 4007 2131 4059 M
2179 4003 2315 4075 (24).
2364 4000 2515 4057 Nunc
2560 4015 2735 4056 tamen
2780 4017 2996 4073 quoque
3033 4002 3287 4057 nonnulla
3320 4003 3467 4057 dice-

1898 4244 2042 4300 ferre
2084 4246 2187 4300 mei
2236 4244 2465 4300 instituti
2501 4258 2606 4299 non
2653 4254 2756 4300 est.
2790 4245 2922 4302 lllud
2967 4257 3170 4302 tantum
3216 4248 3464 4303 animad-

1896 4326 2047 4388 verto
2071 4356 2086 4381 ,
2121 4332 2151 4368 a
2182 4314 2412 4388 Josepho
2440 4316 2600 4388 etiam
2637 4314 2749 4388 lilia
2775 4333 2805 4369 v
2852 4318 3027 4387 Antiq.
3072 4333 3190 4388 cap.
3226 4319 3276 4380 1,
3318 4319 3462 4377 hunc

1894 4383 2081 4440 Jethro
2122 4386 2301 4440 vocari
2335 4385 2578 4457 Μωσέως
2604 4386 2872 4457 γαμϐρόν,
2904 4389 2953 4441 id
2985 4383 3088 4450 est,
3136 4383 3153 4439 ἆ
3189 4388 3348 4442 lllosis
3374 4409 3463 4445 so-

1895 4472 2113 4508 cerum:
2156 4475 2173 4507 ι
2206 4465 2260 4508 et
2296 4471 2324 4506 a
2373 4454 2644 4509 veteribus
2686 4454 2914 4523 tragicis
2961 4475 3206 4515 socerum
3255 4460 3458 4515 dii-tnui

1889 4540 2010 4647 ﬁssae
2036 4524 2304 4596 γαμϐρόν,
2339 4532 2474 4578 teste
2504 4526 2782 4580 Eustathio
2811 4530 2877 4582 ad
2903 4530 2993 4582 lib.
3038 4544 3066 4581 ν
3111 4528 3300 4591 Itiud.,
3335 4546 3456 4599 pag.

1958 4664 2068 4733 (19)

1886 4748 1991 4809 non
2027 4735 2570 4809 reduiidabitauteiu,
2605 4736 2647 4788 si
2688 4738 2876 4807 legeris
2929 4735 3131 4809 ἄρρητ’
3163 4738 3456 4808 ούρανίοιο,

1884 4805 1962 4855 vel
1992 4802 2206 4874 κρυπτὰ
2233 4804 2288 4857 δὲ
2318 4803 2605 4874 οὐρανίοιο.

1952 4873 2060 4951 (20)
2097 4873 2285 4942 Septw.
2326 4874 2494 4935 (Loth,
2543 4873 2961 4947 διαφρασθέντα.
3030 4878 3167 4949 Lego
3225 4878 3458 4951 διαφρα-

2124 4663 2348 4737 Αὸάὶιαξ.
2404 4662 2641 4737 Crzncus
2669 4681 2858 4721 versus
2900 4668 3098 4737 syllaba
3150 4667 3406 4722 redundat
3440 4687 3455 4723 :

216 4942 461 5001 nialitiis.
504 4965 522 4997 ι
570 4946 702 5001 Cum
754 4961 882 5001 vero
923 4957 978 4999 et
1024 4942 1073 4999 iii
1122 4946 1326 5000 Graecis
1372 4956 1424 4997 et
1473 4947 1522 4994 ιιι
1581 4942 1784 4997 Latinis

1894 4942 2103 5013 χθέντα.

215 5017 409 5071 Bibliis
436 5018 575 5069 desit
630 5031 726 5068 vox
785 5035 799 5067 I
839 5019 1133 5078 hominum,
1175 5035 1192 5066 ι
1232 5032 1294 5068 ac
1330 5014 1584 5083 Didymus
1612 5029 1777 5083 segm.

213 5088 309 5142 191
353 5092 383 5138 b
432 5086 793 5155 apocryphain
855 5086 1117 5142 Manassis
1154 5086 1451 5155 orationem
1505 5085 1785 5149 citaverit,

214 5160 434 5210 videtur
486 5157 571 5210 hic
602 5154 823 5225 quoque
873 5158 1116 5210 eamdem
1171 5158 1373 5219 citare;
1417 5154 1469 5225 in
1529 5170 1591 5206 ea
1642 5156 1787 5207 enim

214 5227 459 5296 legitur;
500 5244 517 5277 ι
557 5224 821 5294 ptenitens
845 5241 1011 5296 super
1048 5225 1283 5279 malitias
1312 5224 1612 5279 hominum.
1652 5242 1671 5276 ι

283 5296 402 5366 (16)
434 5295 586 5366 Erat.
628 5295 794 5350 Exod.
825 5295 987 5359 ιιι,⁷1.

284 5362 399 5435 (17)
433 5365 636 5435 let/iro.
676 5366 875 5428 Codex,
926 5363 1129 5434 ’1οθώρ.
1169 5362 1269 5416 Alii
1305 5363 1546 5417 scribunt
1598 5363 1783 5435 Ἰοθόρ,

214 5432 306 5489 alii
352 5432 577 5505 Ἰωθώρ,
606 5435 692 5487 alii
721 5436 884 5489 etiam
927 5432 1119 5505 Ἰοθύρ.

288 5507 403 5575 (ib)
440 5503 649 5557 Generi.
684 5504 868 5575 Cra-ca
896 5503 1269 5566 etlitiu’habet,
1299 5503 1585 5575 πενθεροῦ,
1622 5505 1674 5557 id
1704 5513 1787 5559 est

222 5592 240 5625 ι
278 5574 478 5629 soceri.
516 5593 534 5625 ι
570 5576 625 5627 ln
658 5574 1129 5629 Fraiicolurtensis
1157 5586 1333 5628 tamen
1365 5577 1617 5628 editionis
1644 5590 1786 5628 mar-

214 5647 341 5713 gine
381 5648 694 5699 adnotatum
735 5654 860 5710 est,
896 5648 1134 5711 quaedam
1173 5646 1500 5712 exemplaria
1551 5646 1779 5710 habere,

219 5714 490 5787 γαμϐροῦ,
569 5726 629 5768 ιιι
679 5716 805 5784 legit
850 5716 1121 5786 Didymus.
1164 5715 1516 5787 Quzei’ollnx
1591 5716 1784 5782 aliique

217 5785 551 5851 giaiuiiiatici
589 5787 922 5855 scripserunt
944 5785 1007 5840 de
1032 5801 1157 5841 voce
1185 5785 1449 5857 γαμϐρός,
1483 5786 1585 5839 huc
1614 5795 1782 5839 trans-

1961 5015 2071 5081 (21)
2110 5012 2233 5085 Ιίιινε
2264 5030 2437 5072 autem
2466 5033 2559 5075 est.
2593 5017 2746 5072 Joan.
2783 5035 2911 5085 xvtt,
2942 5019 2994 5072 5.

1959 5084 2071 5154 (2'2)
2110 5083 2357 5154 Creditis.
2387 5093 2542 5145 Joan.
2576 5103 2683 5141 XIV.
2734 5091 2782 5142 1.

1960 5152 2070 5233 (‘25)
2100 5152 2168 5205 In
2203 5160 2370 5233 primo
2406 5160 2549 5233 λόγῳ
2588 5159 2752 5233 rapite
2782 5158 2865 5211 10.
2902 5156 3107 5224 Conjici
3135 5158 3259 5233 hinc
3301 5176 3458 5228 posse

1886 5226 2119 5296 videtur,
2155 5228 2383 5296 primum
2418 5226 2559 5285 hunc
2592 5228 2747 5296 λόγον
2780 5243 2881 5281 nou
2924 5244 3043 5280 esse
3075 5226 3313 5296 primum
3359 5239 3454 5283 liu—

1883 5293 1970 5368 jus
1995 5297 2171 5368 operis
2202 5295 2417 5368 librum,
2447 5303 2539 5356 sed
2568 5293 2809 5364 aliquem
2832 5298 2994 5350 alium
3023 5293 3251 5368 theol0gi
3280 5302 3450 5357 uo-tri

1888 5366 2147 5430 libellum,
2181 5367 2291 5420 sive
2324 5384 2444 5423 eum
2477 5385 2669 5423 vocare
2702 5369 2957 5421 malueris
2988 5366 3317 5433 sermonem,
3356 5389 3449 5424 seu

1888 5444 2217 5509 traclatuut,
2269 5441 2381 5509 sive
2430 5439 2781 5509 opusculum;
2831 5439 3061 5504 primum
3116 5454 3343 5508 nempe,
3400 5450 3457 5495 ut

1885 5507 2120 5567 videtur,
2165 5520 2237 5576 ex
2287 5507 2498 5564 duobus
2550 5509 2749 5576 λόγοις,
2800 5522 2934 5576 quos
2978 5521 3165 5562 contra
3219 5507 3457 5564 Ariauus

1884 5574 2293 5653 dictavit..1¥am
2321 5579 2477 5646 λόγον
2525 5574 2710 5649 aperte
2756 5574 3161 5653 hiedistinguit
3205 5579 3314 5632 ἀπὸ
3359 5580 3455 5633 τοῦ

1885 5644 2109 5704 ϐιϐλίου,
2144 5644 2194 5695 id
2224 5657 2326 5710 est,
2358 5667 2375 5698 ι
2396 5644 2717 5703 sermonem
2750 5663 2777 5699 a
2802 5648 2971 5703 libro.
3011 5667 3030 5699 ι

1955 5713 2072 5791 (21)·
2106 5712 2169 5791 la
2197 5719 2291 5768 hoc
2321 5718 2452 5771 libro
2486 5737 2599 5787 cap.
2648 5719 2729 5771 11.
2765 5718 3103 5791 Hujustertii
3134 5717 3253 5771 libri
3295 5725 3456 5791 caput

1882 5785 2010 5839 illud
2044 5785 2315 5853 designat,
2358 5793 2496 5857 quod
2540 5785 2636 5845 nus
2671 5785 2962 5858 apogriiphi
3004 5805 3257 5843 numerus
3285 5785 3454 5841 seciiti
