4042 6404
643 284 748 340 967

1935 278 2169 336 DIDYMI
2209 276 2672 334 ALEXANDRINI

3717 276 3805 332 968

639 414 778 453 mus.
813 395 870 450 Si
899 409 1028 466 ergo
1053 395 1106 449 in
1137 393 1467 463 cognitione,
1495 408 1600 464 qua
1637 394 1979 464 cognoscitur
2007 394 2188 456 Pater,

2299 394 2502 464 Πατρὸς
2534 394 2749 445 καὶτοῦ
2795 392 2946 456 Υἰοῦ,
2988 391 3102 445 ἐστι
3152 391 3367 461 γνῶσις,
3409 391 3496 444 καὶ
3539 392 3594 444 τὸ
3617 392 3809 465 Πνεῦμα

638 501 690 543 et
715 488 902 553 Filius,
941 486 1044 540 sita
1085 492 1170 539 est
1216 485 1322 539 vita
1366 494 1601 551 :eterua,
1642 484 1902 554 Spiritum
1936 498 2062 538 vero
2099 483 2192 538 de-

640 585 990 633 monstratum
1021 585 1243 632 estesse
1267 591 1387 629 cum
1413 577 1598 638 vitam,
1631 584 1740 628 tum
1781 573 2041 642 Spiritum
2077 573 2190 637 Dei,

640 671 882 740 sequitur
933 676 992 720 ut
1039 667 1151 736 ipse
1182 666 1346 720 etiam
1388 665 1460 720 sit
1500 664 1644 719 solus
1693 678 1852 718 verus
1885 663 2044 728 Deus,
2085 679 2192 716 una

639 778 760 816 cum
815 760 976 814 Patre
1028 773 1243 827 semper
1289 757 1685 828 intelligendus,
1743 765 1926 826 utpote
1959 754 2194 825 Spiritus

639 853 775 919 ejus.
808 851 1010 904 Idcirco
1034 849 1086 902 in
1126 865 1228 902 una
1265 850 1372 902 vita
1402 858 1606 902 teterna
1641 863 1800 900 unam
1838 846 2194 915 cognitionem

642 943 897 1005 admittit,
938 957 1040 994 non
1077 955 1204 995 vero
1234 940 1474 994 diversas
1509 937 1727 991 allatum
1761 938 2075 1005 capitulum.
2118 939 2196 990 Ac

639 1035 962 1103 evangelista
1009 1047 1222 1102 quoque
1267 1046 1388 1085 cum
1453 1029 1543 1094 ait,
1595 1048 1612 1080 ι
1643 1028 1696 1082 In
1735 1029 1833 1083 hoc
1866 1027 1978 1097 (25)
2008 1040 2198 1096 cogno-

641 1125 859 1188 scimus,
902 1124 1114 1190 quodin
1166 1122 1317 1176 nobis
1367 1132 1450 1176 est
1496 1121 1655 1184 Deus,
1723 1134 1788 1172 ex
1833 1119 2037 1188 Spiritu
2079 1117 2194 1185 ejus

641 1227 797 1280 quem
839 1212 986 1266 dedit
1024 1211 1238 1275 nobis,»
1279 1220 1458 1278 aperte
1499 1209 1720 1271 indicat,
1772 1206 2032 1276 Spiritum
2069 1221 2196 1260 san-

643 1316 784 1357 ctum
817 1303 973 1358 simul
1007 1312 1060 1356 et
1090 1299 1524 1365 commemorari,
1555 1308 1608 1354 et
1641 1301 1828 1353 adesse
1866 1314 1985 1352 eum
2015 1296 2194 1351 Patre.

643 1396 792 1460 Quod
837 1404 1013 1447 autem
1059 1409 1125 1447 ne
1159 1392 1326 1447 Filius
1371 1393 1584 1460 quidem
1623 1391 1739 1446 siue
1766 1387 1970 1458 Spiritu
2008 1397 2197 1443 sancto

652 1484 1000 1552 intelligatur,
1041 1482 1379 1551 perspicuum
1429 1492 1509 1536 est
1537 1498 1552 1546 ;
1581 1481 1708 1535 dicit
1737 1481 1879 1535 enim
1915 1480 1962 1534 ei
1991 1478 2148 1534 Pater
2179 1499 2192 1533 :

654 1591 672 1622 ι
704 1572 937 1641 Spiritus
979 1571 1090 1641 (26)
1137 1586 1285 1625 meus
1319 1570 1408 1640 qui
1441 1579 1525 1625 est
1555 1571 1606 1624 in
1647 1581 1730 1637 te;
1755 1589 1773 1623 ι
1810 1571 1923 1639 ipse
1951 1584 2077 1624 vero
2109 1568 2198 1623 Fi-

646 1662 748 1716 lius
785 1663 996 1731 inquit:
1032 1681 1050 1714 ι
1076 1662 1308 1732 Spiritus
1348 1661 1459 1730 (27)
1502 1663 1709 1716 Domini
1745 1678 1906 1732 super
1934 1676 2038 1718 me.
2068 1680 2088 1713 ι
2119 1663 2194 1716 Ac

2295 485 2350 537 δὲ
2379 484 2750 538 ἀποδέδεικται
2791 479 2926 536 εἶναι
2953 483 3065 554 ζωή
3093 500 3153 535 τε
3187 483 3280 536 καὶ
3317 481 3529 552 Πνεῦμα
3554 482 3637 535 τοῦ
3667 484 3806 538 Θεοῦ·

2295 577 2402 646 ἄρα
2427 577 2519 629 καὶ
2538 575 2696 638 αὐτὸς
2721 575 2878 645 μόνος
2911 573 3160 644 ἀληθινὸς
3187 573 3318 636 Θεὸς
3356 573 3596 644 ὑπάρχει,
3626 573 3812 646 νοοῦμε-

2296 685 2383 731 νος
2421 667 2506 720 ἀεὶ
2534 665 2671 736 μετὰ
2695 665 2787 718 τοῦ
2821 665 3050 736 Πατρὸς,
3078 666 3152 727 ὡς
3187 663 3406 734 Πνεῦμα
3436 664 3612 718 αὐτοῦ.
3637 666 3715 718 Διὸ
3735 669 3814 735 μιᾷ

2296 755 2493 828 αἰωνίῳ
2516 758 2626 826 ζωῇ
2664 756 2792 826 μίαν
2819 756 3035 824 γνῶσιν,
3071 756 3167 809 καὶ
3195 756 3256 808 οὐ
3289 754 3553 826 διάφορον,
3582 757 3813 826 ἑπομένην

2297 850 2353 901 ὲν
2377 846 2455 918 τῷ
2490 848 2795 918 ἐκκειμένῳ
2841 846 3117 918 κεφαλαίῳ
3159 846 3409 911 ἐδίδαξεν.
3465 849 3639 916 Λέγων
3664 848 3712 900 δὲ
3741 851 3816 900 καὶ

2295 938 2701 1009 εὐαγγελιστὴς,
2755 957 2770 990 ι
2806 939 2892 992 Ἑν
2915 937 3086 1008 τούτῳ
3128 937 3482 1008 γινώσκομεν,
3532 939 3606 991 ὅτι
3633 941 3684 991 ἐν
3708 942 3816 1010 ἡμῖν

2295 1032 2440 1084 ἐστιν
2472 1032 2500 1082 6
2546 1030 2697 1094 Θεὸς,
2730 1033 2794 1084 ἐκ
2837 1030 2929 1083 τοῦ
2985 1030 3296 1101 Πνεῦματος
3350 1030 3529 1093 αὑτοῦ,
3561 1025 3617 1083 οὗ
3654 1031 3815 1084 ἔδωκεν

2295 1126 2447 1194 ἡμῖν,
2479 1142 2496 1174 ι
2534 1121 3083 1192 συμμνημονεύεσθαι
3113 1123 3242 1175 αὐτὸ
3274 1122 3368 1174 καὶ
3397 1121 3816 1193 συμπαρεῖναιτῷ

2298 1214 2470 1285 Πατρὶ
2495 1213 2662 1284 δηλοῖ.
2717 1215 2837 1266 Ὅτι
2891 1213 2947 1265 δὲ
2985 1211 3106 1266 οὔτε
3163 1216 3191 1267 6
3225 1213 3350 1275 Υἱὸς
3399 1213 3559 1284 χωρὶς
3587 1212 3672 1266 τοῦ
3696 1213 3816 1280 ἁγίου

2297 1303 2611 1375 Πνεῦματος
2642 1305 2859 1364 νοεῖται,
2894 1301 3317 1373 εὔδηλονέλὲγει
3351 1301 3455 1373 γὰρ
3500 1304 3526 1354 ὁ
3551 1303 3640 1372 μὲν
3667 1303 3817 1372 Πατὴρ

2298 1395 2431 1465 πρὸς
2463 1393 2653 1446 αὐτόν·
2697 1412 2715 1444 ι
2737 1393 2810 1446 Τὸ
2829 1393 3046 1464 Πνεῦμα
3076 1394 3136 1446 τὸ
3166 1393 3316 1463 ὲμὺν,
3355 1394 3383 1446 ὅ
3408 1396 3550 1446 ὲστιν
3578 1393 3661 1445 ἐπὶ
3692 1393 3814 1445 σοίί

2297 1486 2458 1549 αὐτὸς
2501 1485 2558 1538 δέ
2607 1502 2773 1557 φησι·
2843 1505 2860 1535 ι
2887 1485 3111 1556 Πνεῦμα
3159 1485 3362 1557 Κυρίου
3393 1485 3479 1538 ἐπ’
3508 1485 3618 1556 ὲμέ.
3649 1505 3664 1536 ι
3697 1485 3818 1539 Καὶό

2299 1576 2508 1639 Παῦλος
2534 1576 2612 1641 δὲ,
2641 1576 2741 1646 τῆς
2777 1575 3026 1645 Θεότητος
3056 1575 3116 1628 τὸ
3140 1577 3431 1640 ἐπίκοινον,
3468 1576 3557 1630 καὶ
3581 1577 3636 1630 τὸ
3664 1593 3818 1628 συνεκ-

2302 1668 2592 1738 φωνεῖσοαι
2629 1668 2688 1721 τὸ
2719 1668 2870 1737 ἆγιον
2902 1668 3127 1738 Πνεῦμα
3157 1671 3222 1739 τῇ
3248 1668 3452 1737 διανοίᾳ
3499 1669 3592 1738 τῆς
3623 1669 3658 1720 Γ
3661 1667 3819 1738 ραφῆς.

646 1753 842 1809 Paulus
880 1769 1093 1824 quoque
1125 1753 1341 1808 deitatis
1366 1755 1797 1809 communionem
1835 1755 2196 1808 identitatem-

2299 1762 2400 1815 xiv
2433 1763 2640 1832 μήποτε
2702 1760 2884 1824 ίδικῶς
2921 1762 3249 1832 ἐμφέρηται,
3309 1764 3602 1832 σημαίνων,
3627 1760 3819 1830 γράψει’

644 1860 748 1913 que
777 1845 1108 1914 signiﬁcans,
1136 1854 1191 1898 et
1217 1845 1367 1913 juxta
1399 1859 1710 1916 germanum
1747 1843 2042 1913 Scriptum
2073 1859 2196 1899 sen-

645 1950 761 1989 sum
811 1934 1071 2004 Spiritum
1115 1944 1361 1988 sanctum
1409 1933 1735 2004 subintelligi
1785 1936 2048 1998 indicans,
2100 1941 2194 1988 aut

645 2025 1069 2095 superintelligi,
1123 2025 1278 2093 quasi
1326 2032 1380 2078 et
1427 2025 1540 2094 ipse
1582 2027 1907 2089 nominetur,
1950 2026 2051 2080 etsi
2095 2025 2196 2079 ali-

643 2118 857 2185 quando
905 2114 1248 2185 peculiariter
1293 2129 1398 2168 non
1449 2114 1775 2181 nominetur,
1811 2115 1926 2169 haec
1958 2115 2148 2170 scribit
2182 2133 2197 2170 :

652 2229 670 2261 ι
697 2208 956 2263 Curantes
989 2207 1100 2277 (28)
1133 2222 1350 2262 servare
1397 2207 1655 2261 unitatem
1708 2205 1942 2276 Spiritus
1981 2209 2036 2263 in
2085 2208 2201 2261 viu-

645 2299 768 2353 culo
795 2298 961 2367 pacis.
989 2316 1006 2349 ι
1046 2296 1230 2365 Itaque
1259 2296 1384 2350 alibi
1417 2312 1598 2351 rursus
1636 2297 1870 2366 Spiritus
1896 2299 2069 2353 sancti
2100 2305 2192 2352 aut

647 2389 834 2452 solius,
882 2397 975 2444 aut
1041 2387 1199 2442 simul
1240 2385 1405 2458 436
1460 2401 1580 2442 cum
1643 2386 1800 2442 Patre
1870 2393 2198 2443 mentionem

648 2481 797 2534 facit.
853 2476 1088 2533 Necesse
1138 2493 1268 2548 ergo
1307 2494 1425 2532 mea
1452 2478 1666 2547 quidem
1697 2479 1963 2532 sententia
1993 2491 2095 2542 est,
2135 2489 2193 2534 ut

648 2570 777 2626 illud
833 2570 1013 2639 petitis
1081 2569 1293 2633 dicant,
1351 2569 1494 2638 quod
1547 2569 1979 2637 sapientissimus
2027 2569 2202 2624 Moses

646 2665 782 2719 dixit
810 2683 822 2718 :
867 2681 885 2716 ι
912 2664 967 2719 Si
1000 2663 1177 2718 iuveni
1211 2661 1320 2732 (29)
1349 2662 1577 2731 gratiam
1610 2663 1747 2731 apud
1785 2672 1834 2717 te
1859 2663 1992 2731 (50),
2031 2665 2200 2719 mani-

650 2756 784 2812 festa
815 2755 942 2809 mihi
970 2756 1195 2824 teipsum
1217 2772 1230 2808 :
1254 2755 1418 2822 probe
1449 2768 1666 2808 noscam
1685 2753 1790 2824 (vel
1811 2755 2041 2826 videam)
2069 2767 2149 2811 te:
2177 2777 2196 2808 ι

647 2857 706 2904 ut
727 2850 938 2903 tandem
972 2847 1257 2915 aliquando
1292 2844 1608 2898 Trinitatem
1651 2854 1839 2899 natura
1895 2855 2200 2904 etconcor~

2303 1872 2322 1904 ι
2345 1852 2734 1916 Σπουδάζοντες
2777 1855 2964 1922 τηρεῖν
3024 1852 3122 1923 τὴν
3153 1854 3383 1922 ἑνότητα
3443 1853 3532 1906 τοῦ
3559 1851 3821 1921 Πνεύματος

2296 1948 2355 1998 ὲν
2385 1944 2461 2016 τῷ
2485 1943 2765 2016 συνδέσμῳ
2796 1943 2895 2014 τῆς
2957 1945 3198 2016 εἰρήνης.
3225 1963 3243 1995 ι
3287 1945 3506 1997 Ἀλλοτε
3566 1938 3650 1996 οῦν
3695 1941 3821 1995 πάλιν

2297 2035 2389 2090 τοῦ
2424 2036 2577 2104 ἁγίου
2603 2035 2937 2107 Πνεύματος,
2960 2035 2994 2106 ἦ
3026 2036 3163 2089 κατὰ
3196 2036 3383 2107 μόνας,
3412 2036 3446 2106 ἦ
3473 2035 3565 2088 σὺν
3590 2033 3660 2103 τῷ
3683 2033 3821 2102 Harp!

2304 2127 2647 2199 μνημονεύει.
2688 2128 3006 2195 Ἀναγκαῖον
3035 2123 3128 2180 οὖν
3155 2122 3308 2198 οἶμαι
3346 2126 3542 2197 μᾶλλον
3571 2126 3724 2192 λέγειν
3752 2125 3822 2176 αὑ-

2298 2221 2423 2282 τοὺς
2454 2219 2528 2282 ὡς
2575 2221 2602 2272 6
2655 2219 2927 2287 πάνσοφος
2974 2218 3246 2287 Μωῦσῆς·
3288 2219 3394 2270 «Εἰ
3458 2217 3656 2288 εὕρηκα
3699 2215 3823 2284 χάριν

2300 2309 2450 2381 παρὰ
2477 2311 2578 2374 σοὶ,
2601 2309 2895 2380 ἐμφάνισον
2923 2325 3012 2378 μοι
3039 2307 3263 2361 σεαυτόν
3285 2325 3297 2337 ·
3317 2307 3569 2374 γνωστῶς
3600 2304 3683 2356 ἴδω
3712 2319 3818 2356 σε’»

2299 2401 2366 2456 ἶν’
2401 2399 2497 2469 ὀψέ
2519 2405 2646 2451 πότε
2672 2401 2845 2467 γνοῖεν
2864 2398 2961 2468 τὴν
2988 2399 3052 2468 τῇ
3082 2397 3238 2466 φύσει
3273 2397 3366 2450 καὶ
3397 2393 3670 2466 συμφωνίᾳ
3688 2392 3821 2446 ἀδιαί-

2309 2509 2458 2562 ρετον
2492 2490 2715 2561 Τριάδα.
2751 2490 2837 2551 Ὠς
2862 2488 3034 2542 ἔοικεν
3061 2488 3189 2560 γὰρ,
3215 2487 3368 2542 οὔπω
3397 2485 3641 2555 γνωστιῖκ
3665 2487 3820 2540 ἴσασιν,

2304 2582 2340 2636 ὃ.
2372 2581 2551 2634 πολλοὶ
2577 2581 2673 2650 μὲν
2699 2579 2970 2650 προφῆται
2993 2580 3085 2631 καὶ
3115 2578 3243 2649 [212
3263 2578 3314 2650 b]
3343 2577 3579 2648 βασιλεῖς
3605 2575 3824 2645 ἠθέλησαν

2309 2671 2436 2724 ἰδεῖν
2467 2671 2558 2722 καὶ
2587 2667 2837 2733 ἀκοῦσαι,
2885 2667 2977 2720 καὶ
3035 2668 3134 2720 οὐκ
3181 2666 3401 2738 ἔτυχον·
3442 2669 3596 2737 ἡμεῖς
3639 2664 3691 2716 δὲ
3731 2660 3823 2729 οὐχὶ

2307 2760 2573 2830 ἀκούομεν
2608 2758 2783 2830 μόνον,
2813 2758 2946 2811 ἀλλά
2978 2759 3073 2811 καὶ
3101 2756 3393 2828 βλέπομεν,
3418 2757 3493 2820 ὼς
3522 2754 3660 2827 παρὰ
3680 2753 3823 2818 Acuti

2308 2853 2474 2920 λέγει.

650 2940 736 2993 dia
781 2939 1105 2992 individuam
1142 2946 1460 3005 agnoscant.
1506 2935 1749 2990 Nondum
1781 2938 1946 3004 enim,
1991 2949 2045 2993 ut
2109 2942 2338 3010 videtur,
2375 2942 2540 3012 probe
2602 2941 2776 2994 sciunt
2838 2955 2920 3003 ea,
2959 2957 3080 3009 quae
3115 2941 3262 2994 nmlti
3306 2940 3420 3012 (51)
3445 2939 3649 3009 quidem
3682 2953 3698 2987 t
3734 2947 3825 3004 pro-

648 3032 826 3101 Ρῑιθιω
860 3044 924 3083 ac
1004 3044 1157 3097 ηερε
1191 3029 1468 3082 νυιυεῑυιιῑ
1522 3029 1724 3093 Videre.
1763 3038 1816 3082 el
1859 3031 2064 3098 audire,
2086 3050 2104 3086 ι
2150 3046 2233 3090 ast
2269 3039 2320 3091 id
2356 3035 2627 3091 consecuti
2679 3051 2783 3091 non
2817 3043 2976 3090 sunt:
3006 3049 3103 3088 nos
3160 3048 3290 3087 vero
3323 3050 3430 3089 non
3496 3033 3646 3087 modo
3673 3043 3726 3083 ea
3749 3041 3823 3079 au-

650 3121 849 3185 dimus,
897 3121 990 3174 sed
1045 3120 1204 3173 etiam
1266 3122 1532 3185 videmus,
1573 3129 1632 3174 ut
1675 3122 1814 3191 apud
1840 3121 2039 3179 Lucam
2070 3129 2329 3200 scriptum
2358 3141 2460 3185 est.

1200 3210 1351 3265 CAP.
1396 3208 1651 3268 xxxvn.
2235 3226 2278 3283 ο

718 3301 776 3356 ln
830 3301 932 3359 hoc
969 3302 1130 3358 etiam
1179 3318 1208 3355 a
1247 3305 1472 3356 veritate
1519 3303 1797 3372 aequaliter
1864 3305 2206 3370 aberrarunt,

651 3396 794 3467 quod
846 3411 1009 3465 prave
1055 3411 1116 3449 ea
1165 3395 1510 3465 acceperint.
1562 3411 1680 3463 qua:
1722 3397 1918 3466 scripta
1977 3407 2104 3451 sunt
2152 3398 2203 3451 in

653 3489 838 3544 Luca:
877 3507 897 3540 ι
926 3487 1091 3543 Nemo
1120 3488 1230 3558 (5‘2)
1269 3488 1412 3542 novit
1455 3487 1669 3552 Filium,
1720 3489 1821 3542 nisi
1878 3489 2058 3555 Pater,
2108 3507 2206 3545 ne-

651 3597 757 3651 que
789 3580 1000 3635 Patrem
1031 3581 1152 3650 quis
1185 3581 1356 3644 novit,
1384 3580 1486 3634 nisi
1527 3577 1720 3643 Filius,
1759 3588 1812 3632 et
1855 3580 1940 3632 cui
1979 3580 2206 3635 voluerit

2937 3215 3093 3267 ΚΕΦ.
3124 3215 3242 3268 ΛΖ’.

2390 3308 2476 3362 Ἐν
2505 3306 2603 3378 ἴσῳ
2631 3306 2999 3376 πεπλάνηνται
3037 3305 3279 3375 καὶπερὶ
3307 3304 3368 3357 τὸ
3396 3300 3751 3374 γεγραμμένον
3784 3298 3826 3348 ἐν

2306 3399 2384 3468 τῷ
2409 3400 2590 3468 Λουκᾷ
2608 3417 2622 3430 ·
2677 3416 2696 3449 ι
2720 3398 2903 3461 Οὐδεὶς
2936 3398 3191 3466 γινώσκει
3224 3396 3317 3450 τὸν
3347 3397 3495 3457 Υἱὸν,
3536 3396 3580 3446 εἰ
3605 3394 3672 3464 μὴ
3692 3392 3717 3442 6
3741 3390 3825 3440 Πα-

2305 3493 2371 3560 τή
2380 3509 2411 3562 ρ
2431 3508 2444 3521 ·
2467 3490 2585 3544 οὐδὲ
2610 3491 2699 3542 τὸν
2726 3489 2944 3560 Πατέρα
2979 3507 3063 3552 τις
3097 3487 3470 3556 ἐπιγινώσκει,
3493 3486 3540 3538 εί
3571 3484 3683 3555 μὴὸ
3710 3479 3825 3540 Υἱὸς,

2307 3583 2402 3635 καὶ
2522 3581 2616 3635 ἐὰν
2651 3582 2903 3654 βούληται
2935 3583 2960 3633 6
2994 3581 3120 3644 Υἱὸς
3154 3578 3534 3647 ἀποκαλύψαι·
3563 3595 3581 3627 ι
3634 3574 3716 3627 καὶ
3738 3569 3824 3622 ἑτέ.

653 3673 819 3730 Filius
856 3674 1126 3739 revelare;
1151 3692 1170 3726 ι
1214 3684 1270 3728 et
1305 3672 1470 3726 alibi:
1510 3691 1528 3725 ι
1567 3669 1683 3727 Non
1736 3671 1860 3741 quia
1888 3671 2001 3744 ('55)
2038 3671 2203 3727 Deum

651 3849 958 3905 vocavimus
1011 3855 1169 3917 caput
1217 3845 1482 3917 decimum
1526 3854 1736 3900 sextum
1782 3863 1796 3900 :
1848 3845 1901 3900 in
1947 3861 2010 3902 eo
2060 3861 2203 3900 enim

651 3921 916 3974 decimum
965 3916 1214 3988 quartum
1264 3916 1626 3988 objectionum
1665 3924 1826 3986 caput
1861 3917 2198 3988 dissolvitur.

652 3990 917 4044 Nimirum
959 3986 1100 4058 quod
1151 4001 1272 4058 nos;
1318 3986 1904 4058 inscripsimuscaput
1952 3987 2202 4058 tertium,

658 4060 878 4130 Didymo
929 4055 1215 4130 est‘caput
1252 4055 1314 4121 1;
1356 4055 1501 4124 quod
1545 4056 1852 4112 notavimus
1891 4070 2114 4111 numero
2150 4057 2201 4120 4,

654 4126 876 4194 Didimo
907 4137 992 4181 est
1025 4126 1079 4189 2,
1113 4135 1167 4194 et
1197 4126 1269 4179 ita
1301 4139 1484 4194 porro.

723 4145 749 4181 ιι
791 4145 876 4181 mo
907 4145 992 4181 εει
1025 4145 1079 4189 z,
1113 4145 1167 4179 et
1197 4145 1269 4179 na
1301 4145 1484 4194 porro.

723 4145 832 4268 (ξεί)
861 4195 929 4268 In
954 4199 1069 4268 hoc.
1097 4194 1117 4248 Ι
1141 4193 1295 4268 .lo_au.
1324 4210 1408 4256 ιιι,
1435 4195 1526 4268 24..

671 4263 1139 4339 η(26)ᾎ8ρίνὶιιι.ς.
1191 4263 1290 4339 ίειι.
1336 4281 1424 4339 1.1x
1442 4265 1580 4339 ,__2i.
1629 4265 1804 4339 ﬂung
1835 4266 1984 4322 Isaia:
2032 4268 2206 4324 locum

2308 3673 2442 3746 ρωΘι
2459 3690 2473 3704 ·
2503 3692 2521 3725 ι
2544 3673 2656 3744 Οὐχ
2679 3675 2760 3726 ὅτι
2786 3675 2877 3727 τὸν
2902 3674 3034 3726 Θεόν
3063 3691 3146 3738 τις
3168 3672 3438 3744 ἑώρακεν,
3474 3674 3522 3724 εἰ
3547 3669 3616 3742 μὴ
3639 3669 3666 3720 6
3692 3666 3753 3720 ὢν
3777 3664 3825 3714 ἐκ

2300 3863 2410 3900 esse
2460 3845 2718 3916 Spiritum
2745 3856 2983 3899 sanctum
3013 3862 3032 3900 :
3065 3847 3168 3900 hoc
3198 3847 3347 3900 enim
3392 3843 3718 3916 peculiariter
3743 3841 3825 3894 vult

2300 3917 2574 3986 Didymus,
2626 3917 2888 3985 Spiritum
2936 3927 3184 3970 sanctum
3214 3933 3336 3971 esse
3383 3917 3568 3986 Damt.
3600 3929 3691 3986 non
3726 3927 3824 3986 vero

2299 3979 2528 4054 probare
2560 3979 2919 4054 peculiariter
2969 3989 3113 4050 vult,
3166 4001 3288 4039 eum
3351 4002 3475 4042 esse
3527 3979 3818 4054 Dominam].

2297 4053 2387 4125 qui
2439 4053 2595 4109 datur
2637 4057 3007 4122 credentibus,
3053 4073 3121 4109 ex
3176 4056 3356 4126 ipsius
3402 4055 3665 4126 propheta:
3707 4053 3823 4126 lsaIa:

2299 4123 2570 4181 discamus
2611 4125 2844 4194 eloquio,
2886 4127 2974 4194 qui
3008 4125 3213 4179 inducit
3245 4127 3315 4179 ad
3355 4123 3821 4194 quempiatn_d_icen-

2301 4205 2408 4248 tem
2461 4188 2745 4249 Dominum
2804 4188 3018 4265 [codex
3083 4204 3285 4259 noster,
3341 4188 3536 4264 Deum]
3579 4207 3595 4246 :
3638 4188 3823 4260 Spiritus

2303 4280 2457 4319 meus
2515 4267 2570 4319 in
2610 4275 2683 4325 te,
2737 4275 2793 4317 et
2847 4268 3009 4320 verba
3064 4279 3180 4320 mea
3237 4265 3366 4319 dedi
3418 4265 3473 4318 iu
3527 4277 3585 4316 os
3635 4270 3817 4314 tuum.»

652 4327 1102 4428 aﬂ'crt'lD‘idymt‘ts
1133 4336 1306 4428 etiam
1359 4336 1411 4388 in
1459 4335 1721 4428 libro-De
1767 4336 1970 4406 Spiritu
2018 4348 2200 4428 διιγξειο
2231 4376 2274 4428 D
2303 4334 2922 4428 lHactenus..Dildymus.
2990 4333 3144 4414 Quod
3195 4335 3515 4428 lautemniu
3585 4327 3823 4428 postremi:

655 4424 802 4464 num.
839 4408 906 4461 5t)
927 4404 1069 4460 :‘sed
1101 4407 1144 4477 si
1171 4405 1311 4459 edita
1332 4407 1656 4477 exemplaria
1687 4404 1997 4477 sequamur,
2026 4408 2194 4460 videri

675 4486 830 4531 totest
848 4479 916 4530 ibi
948 4491 1069 4529 eum
1093 4476 1171 4529 sic
1190 4476 1483 4543 accepisse,
1517 4485 1570 4528 ut
1596 4476 1704 4530 sint
1728 4476 1886 4530 verba
1917 4476 2059 4541 Filii,
2091 4493 2192 4529 non

697 4548 870 4602 atris:
901 4548 977 4599 ait
1021 4545 1164 4598 enim
1197 4559 1318 4598 esse
1355 4546 1516 4598 verba
1551 4547 1755 4600 Domini
1785 4563 1799 4610 ;
1838 4549 2033 4614 passim
2070 4561 2196 4600 vero

653 4619 910 4688 Didymus
969 4633 988 4664 ι
1025 4614 1233 4668 Dotnini
1281 4633 1307 4688 r_
1345 4615 1602 4688 vocabulo
1661 4615 1852 4669 Filium
1907 4617 2192 4688 intelligit.

658 4707 678 4738 ι
722 4684 811 4740 Dei
865 4705 882 4737 ι
934 4693 1113 4740 autem
1169 4684 1383 4738 nomine
1423 4684 1655 4739 Patrem.
1704 4689 1771 4739 At
1809 4702 1894 4739 res
1935 4684 2094 4741 aliter
2138 4702 2196 4739 se

652 4757 903 4820 habebit,
937 4757 982 4810 si
1033 4764 1272 4808 nostrum
1309 4755 1550 4808 codicem
1601 4757 1941 4810 consulamus
1979 4773 1994 4808 :
2050 4757 2196 4809 clare

650 4826 797 4879 enim
830 4826 1137 4895 apparebit,
1175 4825 1244 4877 ibi
1283 4839 1492 4892 quoque
1544 4824 1847 4895 Didymum,
1890 4827 2193 4892 loquentem

652 4896 828 4949 facere
855 4893 960 4948 nun
1002 4893 1194 4947 Filiqu
1221 4933 1235 4958 ,
1272 4895 1364 4947 sed
1394 4895 1628 4958 Patrem,
1648 4893 1722 4947 ‘ut
1753 4895 1878 4948 facit
1905 4896 1954 4948 in
1981 4899 2079 4948 hoc
2109 4909 2195 4948 se-

653 4975 870 5032 gmento
920 4973 974 5018 et
1022 4963 1269 5034 superius
1291 4979 1471 5034 segni.
1521 4964 1581 5018 Ξιι
1620 4967 1690 5034 ί).
1745 4964 1869 5019 Haec
1918 4965 2097 5034 itaque
2126 4966 2194 5017 ibi

653 5037 941 5104 leguntur:
974 5052 991 5083 ι
1032 5032 1165 5086 Nam
1204 5034 1254 5086 in
1289 5032 1373 5104 his
1397 5033 1744 5104 sermonibus
1771 5037 1909 5088 Deus
1945 5052 1965 5086 ι
2001 5032 2197 5087 vocans

657 5125 677 5155 ι
712 5102 811 5173 per
834 5104 989 5158 tidem
1018 5121 1036 5153 ι
1071 5104 1124 5155 in
1153 5102 1656 5173 sanctiﬁcationem,
1685 5121 1704 5154 ι
1735 5103 1786 5156 id
1813 5116 1916 5167 est,
1943 5112 2001 5157 ut
2024 5105 2195 5158 sancti

654 5172 887 5243 Spiritus
915 5174 1102 5226 tierent
1146 5172 1427 5244 credentes
1486 5173 1674 5244 [multo
1717 5175 2055 5244 concinnior,
2111 5183 2196 5226 at-

653 5259 760 5313 que
813 5245 947 5298 adeo
1003 5243 1232 5313 genuina
1284 5253 1387 5313 est!
1417 5243 1587 5297 nostri
1635 5244 1836 5297 codicis
1878 5243 2075 5308 lectio,
2105 5245 2195 5312 qui

653 5310 854 5368 omissa
885 5310 1024 5366 voce
1046 5310 1275 5379 Spiritus
1305 5311 1464 5366 habet
1494 5330 1508 5366 :
1541 5314 1595 5365 id
1614 5323 1712 5381 est,
1737 5321 1794 5364 ut
1819 5315 1988 5366 sancti
2013 5310 2195 5380 ﬁerent

654 5381 975 5452 credentes],
1025 5382 1170 5435 dedit
1202 5381 1295 5452 eis
1348 5381 1604 5452 Spiritum
1658 5393 1994 5438 sanctum....
2051 5382 2200 5438 Unde

654 5468 841 5524 poenas
888 5450 1035 5524 luent
1075 5453 1164 5520 qui
1198 5450 1296 5504 ista
1347 5450 1730 5524 commiserunt
1775 5453 1916 5524 loud.
1964 5465 2193 5507 noster:

654 5519 1072 5592 commiserintjt
1094 5519 1198 5574 non
1230 5523 1381 5586 quasi
1424 5524 1712 5587 hominem,
1745 5519 1838 5578 sed
1861 5524 2010 5592 quasi
2031 5525 2198 5577 Deum

655 5591 1019 5662 spernentes.’
1039 5591 1101 5662 Et
1122 5601 1179 5643 ut
1213 5593 1443 5646 sciamus
1476 5592 1755 5646 Dominum
1789 5591 1910 5646 esse
1938 5592 2196 5660 Spiritum

657 5660 899 5722 sanctum
950 5660 1192 5734 [rectius,
1243 5671 1300 5715 ut
1347 5671 1510 5731 puto,
1551 5665 1718 5716 codex
1767 5672 1949 5717 noster
1983 5681 1997 5715 ;
2030 5662 2199 5717 Deum

2302 4405 2451 4458 hisce
2479 4405 2658 4458 verbis
2699 4404 2980 4473 legendum
3010 4410 3082 4459 sit
3121 4404 3302 4472 potius
3347 4423 3365 4456 ι
3406 4404 3573 4458 Deum
3597 4442 3611 4467 ,
3646 4418 3663 4451 ι
3693 4409 3818 4467 quam

2303 4493 2321 4524 ι
2368 4475 2674 4544 Dominum,
2713 4492 2733 4523 ι
2772 4484 2994 4544 apparet
3041 4475 3207 4528 etiam
3246 4490 3316 4527 ex
3353 4475 3535 4528 verbis
3559 4511 3575 4535 ,
3601 4480 3824 4544 quasprp-

2298 4544 2441 4596 xime
2488 4541 2848 4612 subjiciuntur
2881 4559 2911 4597 a
2937 4543 3184 4614 Didyme,
3221 4557 3588 4614 quaequequon
3622 4541 3756 4614 modo
3776 4541 3818 4614 fin

2297 4620 2480 4666 nostro
2515 4609 2723 4675 codice,
2754 4614 2850 4666 sed
2877 4609 3122 4667 etiam'in
3149 4609 3391 4668 editione
3427 4613 3507 4667 sic
3533 4625 3590 4664 se
3621 4609 3816 4662 habent:

2301 4701 2319 4732 ι
2355 4685 2669 4737 Uslenditur
2715 4683 2859 4736 enim
2911 4700 2979 4737 ex
3014 4697 3263 4737 sermone
3313 4683 3566 4751 praesenti
3599 4680 3728 4751 (hoc
3760 4680 3820 4751 est

2295 4768 2362 4806 ex
2398 4753 2515 4806 loco
2565 4752 2715 4805 Isaiae
2751 4767 2912 4819 quem
2968 4767 3108 4806 nunc
3144 4743 3327 4806 attulit
3365 4743 3659 4822 Didymus)
3708 4743 3820 4822 (μιοᾲ

2296 4824 2386 4888 qui
2431 4823 2700 4891 acceperit
2749 4818 3011 4888 Spiritum
3049 4843 3067 4874 ι
3120 4824 3237 4891 Dei,
3292 4842 3311 4874 ι
3348 4818 3510 4875 simul
3541 4835 3651 4874 cum
3696 4818 3815 4886 coal

2295 4895 2459 4946 verba
2495 4909 2513 4942 ι
2550 4889 2640 4946 Dei
2675 4909 2695 4941 ι
2737 4894 3036 4963 pessideat.
3070 4910 3096 4963 ι
3125 4889 3243 4945 Νοη
3271 4894 3346 4946 ait
3375 4891 3631 4963 Didymus
3655 4902 3720 4963 :_¢
3748 4894 3817 4948 «ιυι

2297 4963 2562 5029 acceperit
2601 4963 2864 5031 Spiritum
2895 4962 3103 5015 Domini
3137 5000 3151 5015 .
3187 4999 3202 5014 .
3237 4999 3257 5016 .
3291 4965 3458 5018 verba
3484 4957 3687 5014 Domini
3720 4967 3816 5021 ρον

2302 5033 2493 5084 sideal.
2534 5051 2554 5084 ι

2368 5100 2479 5170 (‘37)
2512 5101 2759 5166 Spiritus.
2800 5101 2905 5154 lsa.
2947 5118 3058 5166 LXI,
3088 5105 3139 5156 ί.

2369 5173 2482 5237 (‘28)
2527 5172 2804 5224 Curantes.
2852 5173 3048 5240 pres.
3084 5190 3156 5238 tv,
3185 5173 3242 5227 ’5.

2367 5242 2484 5310 (29)
2526 5242 2587 5294 Si
2611 5242 2803 5294 inveni.
2838 5243 3005 5296 Exod.
3036 5259 3232 5308 xxxiii,
3268 5241 3356 5296 15.
3452 5311 3459 5313 _
3697 5304 3706 5313 ,

2367 5301 2480 5380 (δυ)
2532 5312 2684 5379 Apud
2709 5322 2776 5366 te.
2820 5313 3007 5367 Graeca
3041 5301 3254 5369 editio':
3281 5311 3523 5366 ἐναντίον
3553 5324 3662 5370 σου,
3697 5301 3738 5354 id
3757 5305 3818 5347 εει

2302 5399 2322 5432 ι
2354 5397 2539 5435 coram
2575 5391 2646 5433 te.
2687 5399 2706 5432 ι

2368 5452 2480 5520 (51)
2524 5450 2700 5520 ilium”.
2735 5451 2813 5504 Ex
2849 5452 2979 5508 Luc.
3014 5469 3068 5518 ιι,
3113 5454 3203 5508 24.

2370 5517 2481 5592 (52)
2525 5517 2714 5575 Nemo.
2763 5522 2891 5576 Luc.
2923 5539 2975 5586 ιι,
3015 5517 3105 5576 ‘22.
3147 5525 3201 5579 In
3235 5523 3427 5583 Bibliis
3451 5529 3588 5584 idem
3614 5527 3808 5580 ests?!”

2300 5607 2414 5654 sus,
2443 5592 2727 5660 setlhverba
2755 5593 3146 5660 aliquantulum
3174 5596 3408 5653 diversa.

2370 5661 2481 5723 (35)
2521 5658 2642 5714 Non
2671 5665 2817 5725 quia.
2848 5658 3014 5717 Joan.
3045 5679 3115 5732 vt,
3152 5667 3242 5720 46.
