4042 6404
222 324 321 381 θοι)
1284 322 1371 378 DE
1410 280 1779 376 Tamiram
1818 317 2017 373 LIBER
2058 318 2360 375 manus
3350 323 3452 382 97c.

221 433 306 488 τοῦ
336 431 491 489 Θεοῦ.
519 452 538 486 ι
587 433 874 503 Ἠγοῦνται
899 435 1028 506 γὰρ,
1064 433 1137 498 ὡς
1170 436 1223 505 ἡ,
1261 454 1279 487 ι
1305 437 1493 499 Οὐδεὶς
1525 436 1682 497 ἄλλος
1708 452 1785 503 γι-

1896 435 2007 505 (54)
2061 434 2194 489 vidit
2238 436 2543 506 quisquam,
2607 435 2707 490 nisi
2752 437 2843 506 qui
2893 438 2956 493 et
3003 438 3113 495 Deo
3152 438 3264 509 ('55)
3295 447 3397 494 est.
3428 458 3449 492 ι

216 526 431 591 νὼσκει,
459 547 478 579 ι
544 527 691 591 λέξις
728 528 918 593 ἐξωθεῖ
939 528 1035 599 τῆς
1069 528 1215 591 Θείας
1245 528 1495 596 γνώσεως
1522 528 1583 581 τὸ
1612 528 1788 581 Θεῖκδν

214 618 467 687 Πνεῦμα·
499 619 557 670 ού
593 618 970 689 προσέχοντες,
1014 619 1089 681 ὡς
1124 620 1156 688 ἡ
1195 618 1425 687 λέγουσα
1468 621 1640 690 φωνὴ,
1681 640 1699 671 ι
1740 622 1789 673 εἱ

215 709 289 777 μὴ
324 711 351 761 6
377 708 453 759 ὢν
479 709 543 761 ὲκ
567 708 658 761 τοῦ
693 708 848 768 Θεοῦ,
873 728 891 760 ι
950 709 1048 762 ούκ
1093 708 1338 762 ἐκϐάλλει
1366 708 1497 762 αὐτὸ
1536 710 1630 762 τοῦ
1659 710 1789 781 ὁρᾷν

208 800 303 851 καὶ
326 798 616 864 γινώσκειν
670 800 760 853 τὸν
810 801 1047 871 Πατέρα,
1087 800 1180 854 ἆτε
1214 802 1307 854 καὶ
1336 800 1548 854 Παύλου
1592 803 1790 871 ὁμοίως

210 888 522 957 γράψαντος
556 889 682 959 περὶ
719 889 882 941 αὐτοῦ
905 907 918 920 ·
957 909 975 941 ι
1001 889 1220 960 Πνεῦμα
1261 890 1320 943 τὸ
1347 894 1409 943 ἐκ
1438 890 1531 944 τοῦ
1562 891 1696 944 Θεοῦ
1724 909 1737 922 ⁸
1766 912 1783 944 ι

212 978 419 1031 καὶτοῦ
448 978 578 1032 Υἱοῦ
622 982 890 1050 φήσαντος
908 998 921 1010 ’
981 1000 998 1032 ι
1021 981 1262 1053 Πνεῦμα,
1317 981 1344 1034 ὃ
1372 983 1521 1054 παρὰ
1560 983 1653 1036 τοῦ
1679 985 1790 1037 Πα⁶

210 1069 336 1143 ego;
380 1070 770 1142 ἐκπορεύεται·
799 1091 816 1123 ι
872 1067 988 1125 εἶτα
1046 1073 1139 1125 καὶ
1195 1075 1253 1126 έν
1287 1073 1458 1144 ἑτέρῳ
1498 1074 1660 1127 πάλιν
1696 1076 1789 1128 τοῦ

210 1161 426 1216 Παύλου
485 1165 855 1234 σιωπήσαντος
886 1163 983 1234 μὲν
1044 1167 1109 1236 τῇ
1134 1164 1297 1231 λέξει,
1332 1166 1451 1236 οὐχὶ
1500 1166 1557 1220 δὲ
1582 1166 1659 1238 τῷ
1693 1166 1788 1238 νῷ,

210 1251 298 1303 τὸν
328 1252 475 1316 Υίὸν,
504 1253 809 1317 διδάξαντος
834 1255 889 1307 δὲ
910 1255 969 1307 τὸ
1005 1254 1227 1326 Πνεῦμα
1263 1256 1418 1325 μόνον
1444 1258 1575 1329 ὁρᾷν
1598 1259 1691 1310 καὶ
1718 1260 1791 1311 εἰ-

207 1342 354 1395 δέναι
383 1344 473 1396 τὸν
535 1344 751 1416 Πατέρα
810 1346 867 1397 ἐν
911 1349 1031 1409 ταῖς
1082 1346 1372 1411 συλλαϐαῖς
1417 1348 1634 1401 ταῖσδε·
1673 1368 1691 1401 ι
1718 1350 1791 1402 Τὸ

208 1433 436 1503 Πνεῦμα
462 1435 637 1490 πάντα
658 1438 853 1508 ἐρευνᾷ
881 1439 973 1491 καὶ
994 1438 1061 1492 τὰ
1092 1439 1230 1510 βάθη
1250 1439 1341 1493 τοῦ
1370 1439 1532 1492 Θεοῦ·
1563 1441 1646 1505 τίς
1682 1443 1789 1515 γὰρ

204 1519 348 1575 οἶδεν
372 1523 670 1595 ἀνθρώπων
692 1528 758 1580 τὰ
786 1528 879 1580 τοῦ
933 1529 1242 1600 ἀνθρώπου,
1306 1534 1355 1586 εί
1389 1533 1464 1605 μὴ
1488 1534 1548 1587 τὸ
1571 1536 1789 1607 πνεῦμα

203 1615 300 1669 τοῦ
331 1616 619 1687 ἀνθρώπου
658 1618 718 1671 τὸ
763 1621 819 1671 έν
868 1621 1051 1690 αὐτῷ;
1111 1621 1252 1675 οὕτω
1291 1624 1384 1677 καὶ
1421 1624 1489 1678 τὰ
1509 1626 1602 1679 τοῦ
1654 1627 1787 1681 Θεοῦ

202 1706 383 1770 οὐδεὶς
413 1703 572 1769 οἶδεν,
603 1709 649 1761 εί
677 1708 748 1779 μὴ
774 1709 831 1761 τὸ
865 1709 1086 1781 Πνεῦμα
1118 1711 1209 1765 τοῦ
1228 1712 1361 1765 Θεοῦ
1384 1732 1397 1745 ο
1420 1732 1437 1765 ι
1478 1714 1571 1768 καὶ
1594 1714 1782 1768 πάλιν·

1890 528 2021 583 Nam
2042 527 2221 581 verbis
2244 526 2369 592 illis,
2404 527 2601 580 «Nemo
2623 527 2759 583 alius
2787 531 2985 594 novit,i
3018 530 3256 585 divinum
3282 524 3455 598 Spiri-

1892 632 2002 676 tum
2033 622 2120 676 Dei
2150 621 2458 692 cognitione
2476 621 2787 676 destitutum
2822 622 3045 679 indicari
3080 623 3449 678 arbitrantur:

1890 727 2067 781 neque
2101 712 2559 776 animadvertunt,
2600 713 2775 767 verbis
2796 730 2913 783 qua:
2936 713 3119 767 statim
3160 714 3451 776 adduntur,

1895 820 1914 852 ι
1940 804 2040 856 nisi
2073 802 2163 871 qui
2199 818 2266 856 cx
2317 801 2424 856 Deo
2453 811 2556 868 est,
2590 821 2609 854 ι
2648 801 2820 855 Patris
2862 803 3126 857 visionem
3174 810 3230 858 et
3259 802 3448 871 cogni-

1895 892 2093 944 tionem
2125 890 2297 944 eidem
2340 890 2497 943 tribui
2526 908 2538 944 :
2579 891 2775 960 quippe
2809 907 2928 945 cum
2962 893 3125 945 etiam
3161 889 3359 945 Pauius
3388 891 3455 945 de

1892 981 1981 1034 illo
2028 981 2279 1036 similiter
2324 982 2645 1050 scripserit:
2682 1002 2699 1033 ι
2732 982 2966 1049 Spiritus
2998 983 3106 1053 (56)
3132 984 3221 1052 qui
3247 998 3310 1038 ex
3343 984 3455 1037 Deo

1888 1081 2014 1139 est;
2048 1093 2067 1125 ι
2132 1083 2184 1127 et
2234 1073 2401 1129 Filius
2454 1075 2686 1129 dixerit:
2724 1094 2741 1126 ι
2780 1074 3013 1144 Spiritus
3060 1080 3151 1145 qui
3202 1092 3231 1130 a
3291 1074 3449 1129 Patre

1889 1164 2174 1232 procedit:
2216 1183 2236 1217 ι
2272 1180 2334 1219 ac
2362 1175 2619 1233 praeterea
2653 1167 2705 1219 in
2743 1168 2848 1221 alio
2901 1168 3208 1222 testimonio
3266 1178 3454 1223 rursus

1888 1252 2088 1306 Paulus
2140 1254 2317 1307 verbis
2366 1254 2581 1323 quidem
2657 1253 2847 1309 Filium
2904 1256 3153 1322 tacuerit,
3200 1257 3295 1311 sed
3345 1270 3450 1311 non

1889 1357 2086 1408 sensu;
2148 1358 2175 1396 a
2205 1344 2318 1398 solo
2362 1355 2537 1399 autem
2588 1345 2789 1414 Spiritu
2830 1347 2998 1401 videri
3037 1356 3093 1401 et
3144 1348 3294 1402 nosci
3345 1340 3449 1403 Pa-

1891 1444 2024 1486 trem
2065 1435 2308 1489 docuerit
2358 1437 2504 1491 hisce
2550 1438 2769 1493 verbis:
2803 1457 2821 1491 ι
2848 1440 3083 1509 Spiritus
3130 1440 3242 1510 (3'7)
3267 1441 3447 1494 omnia

1888 1534 2180 1591 scrutatur,
2231 1527 2393 1581 etiam
2433 1527 2693 1596 profunda
2742 1531 2873 1585 Dei:
2909 1531 3030 1599 quis
3080 1531 3223 1585 enim
3278 1524 3451 1585 homi-

1888 1628 2016 1666 num
2065 1615 2211 1668 novit
2240 1630 2360 1683 quae
2391 1625 2515 1669 sunt
2540 1618 2811 1682 hominis,
2860 1621 2959 1673 nisi
3006 1622 3229 1692 Spiritus
3274 1622 3452 1677 homi-

1890 1705 1973 1759 nis
2012 1705 2123 1777 (58)
2155 1708 2243 1774 qui
2281 1707 2331 1761 iu
2361 1709 2475 1778 ipso
2504 1709 2665 1781 43³1
2690 1712 2817 1765 est?
2846 1712 2925 1767 sic
2954 1722 3007 1767 et
3036 1729 3154 1783 qua:
3179 1727 3304 1767 sunt
3332 1713 3448 1779 Dei,

206 1816 227 1846 ι
258 1799 382 1849 ~Oti.
419 1799 447 1849 6
470 1796 599 1861 Θεὸς
628 1793 788 1859 οἶδεν,
823 1799 875 1851 τί
903 1800 962 1851 τὸ
993 1801 1243 1872 φρόνημα
1283 1802 1375 1856 τοῦ
1407 1804 1737 1875 Πνεύματος.
1762 1824 1779 1855 ι

1889 1812 2047 1850 nemo
2080 1799 2229 1851 novit
2265 1800 2365 1853 nisi
2410 1800 2646 1870 Spiritus
2676 1803 2768 1857 Dei
2800 1823 2813 1858 :
2850 1823 2867 1855 ›
2904 1814 2959 1859 et
2993 1821 3179 1860 rursus
3210 1796 3446 1862 dixerit:

217 1885 450 1955 Ἐρευνᾷ
470 1886 525 1938 δὲ
558 1886 647 1938 τὸν
682 1886 811 1939 Θεὸν
845 1889 940 1958 ούχ
969 1890 997 1941 6
1022 1889 1095 1960 μὴ
1132 1890 1293 1959 ὀρῶν,
1331 1892 1462 1964 μηδὲ
1488 1892 1660 1945 συνὼν
1692 1893 1786 1945 αὖ·

205 1976 284 2047 τῷ
307 1994 322 2007 ·
359 1978 454 2030 καὶ
477 1973 614 2030 οἶδεν
640 1978 707 2032 τὰ
736 1979 827 2032 τοῦ
857 1980 990 2034 Θεοῦ
1018 1984 1114 2053 οὐχ
1140 1985 1168 2035 6
1198 1982 1270 2053 μὴ
1297 1983 1577 2052 γινώσκων
1604 1986 1783 2049 αὐτὸν,

206 2072 349 2141 μηδὲ
396 2071 472 2123 ὣν
492 2075 591 2143 τῆς
620 2075 787 2145 αὐτῆς
817 2076 1067 2147 θεότητος
1090 2095 1104 2108 ·
1163 2079 1423 2132 ἀδύνατον
1456 2080 1563 2152 γὰρ
1591 2081 1785 2134 εἰδέναι

198 2164 272 2215 τὰ
306 2164 401 2217 τοῦ
437 2164 568 2217 Θεοῦ
633 2166 823 2231 οὕτως,
867 2168 942 2231 ὡς
985 2164 1122 2222 οἶδεν
1152 2171 1289 2224 αὐτὰ
1320 2174 1347 2224 ὁ
1380 2171 1526 2235 Θεὸς,
1563 2173 1657 2224 καὶ
1686 2172 1785 2244 τὴν

202 2253 334 2325 ίσην
363 2254 561 2321 γνῶσιν
590 2256 882 2326 κεκτῆσθαι
910 2258 1078 2327 αὐτῷ,
1105 2260 1177 2329 μὴ
1207 2259 1305 2328 τῆς
1332 2260 1499 2330 αὐτῆς
1525 2258 1671 2330 αὐτῴ
1698 2262 1788 2313 ού-

201 2346 332 2408 σίας
356 2346 451 2398 καὶ
477 2345 726 2413 γνώσεως
756 2348 1083 2419 ὑπάρχοντα.
1116 2350 1187 2401 Τὸ
1212 2349 1265 2402 δὲ
1284 2350 1419 2412 είδὸς
1446 2348 1512 2402 τὰ
1534 2348 1627 2402 τοῦ
1651 2348 1784 2403 Θεοῦ

202 2438 301 2490 καὶ
330 2436 389 2489 δν
412 2436 540 2508 [215
572 2437 627 2510 u]
680 2440 771 2492 ἐπὶ
803 2440 893 2493 τὸν
922 2441 1070 2505 rem,
1101 2437 1239 2495 οἶδεν
1280 2442 1372 2494 κα).
1404 2442 1471 2495 τὰ
1509 2442 1601 2495 τοῦ
1631 2442 1781 2497 Υἱοῦ.

214 2529 308 2593 Ὠς
343 2531 481 2601 πρὸς
530 2532 654 2594 τοὺς
684 2533 933 2596 κτιστούς
968 2535 1082 2588 ἐστι
1111 2534 1287 2587 τοίνυν
1319 2534 1399 2597 τὸ,
1449 2554 1466 2584 ι
1492 2536 1675 2599 Οὐδεὶς
1702 2553 1786 2605 γι·

200 2620 408 2673 νώσκει
441 2620 531 2673 τὸν
562 2622 802 2694 Πατέρα,
831 2643 849 2675 ι
900 2623 933 2695 ἢ
968 2643 986 2675 ι
1007 2624 1096 2678 τὸν
1138 2624 1266 2677 Υίὸν
1298 2642 1310 2655 ⁸
1340 2644 1357 2676 ι
1390 2622 1512 2677 οὔτε
1552 2625 1655 2698 μὴν
1683 2627 1785 2698 δρᾷ

201 2709 383 2772 οὕτως
414 2710 489 2773 ὡς
508 2710 652 2765 ἔστιν
674 2730 686 2743 ·
731 2713 851 2766 ούτε
881 2714 987 2785 γὰρ
1044 2716 1076 2786 ἠ
1116 2716 1427 2787 ἐγχωροῦσα
1465 2718 1785 2788 κατανόησις

203 2806 263 2857 ἐν
297 2807 487 2866 πᾶσιν,
521 2805 643 2857 ἐπεὶ
681 2805 754 2875 μὴ
774 2807 970 2884 7:ths;
990 2806 1257 2879 ἀξιόχρεοι
1275 2825 1287 2837 ο
1308 2808 1398 2860 καὶ
1420 2810 1476 2859 ἐν
1503 2804 1582 2871 οἷς
1616 2810 1784 2872 ἐστιν,

201 2895 308 2947 οὐκ
339 2896 431 2965 ἴση
469 2896 684 2965 ἑκάστῳ
734 2897 984 2967 ὑπάρχει.
1017 2899 1172 2950 Κατὰ
1201 2898 1307 2969 γὰρ
1345 2899 1433 2951 τὸν
1467 2899 1677 2952 Παύλου
1703 2900 1788 2951 λό-

202 3004 304 3056 γον
325 3003 338 3015 :
378 3006 397 3037 ι
429 2983 605 3057 ’Ἄλλῳ
636 2987 733 3057 μὲν
768 2989 967 3041 δίδοται
1018 2988 1214 3057 γνῶσις
1256 2990 1463 3057 σοφίας,
1490 3009 1507 3041 ι
1556 2989 1696 3059 ἄλλῳ
1728 2988 1785 3041 δὲ

203 3078 323 3130 τόδε
348 3079 382 3149 ἢ
423 3078 542 3131 τόδε
563 3094 575 3105 ·
606 3078 743 3131 κατὰ
766 3078 822 3131 δὲ
843 3079 902 3131 τὸ
930 3080 1275 3148 Εὐαγγέλιον,
1303 3070 1346 3147 ᾧ
1369 3081 1565 3135 δίδοται
1600 3098 1786 3152 περισ-

208 3173 452 3243 σότερον,
484 3171 871 3241 περισσοτέρας
913 3172 1139 3235 εὐθύνας
1183 3174 1465 3240 ἐπάγεται.
1510 3174 1783 3245 Δίρετικοὶ

205 3263 261 3315 δέ
289 3278 457 3330 φασιν
478 3278 490 3292 ·
524 3280 541 3311 ι
567 3261 790 3332 Ἐρευνᾷ
818 3260 885 3313 τὰ
924 3260 1057 3331 βάοη
1084 3262 1174 3313 τοῦ
1211 3260 1364 3321 Θεοῦ,
1388 3280 1403 3311 ι
1426 3262 1500 3325 ὡς
1534 3262 1779 3331 ἀγνοοῦν.

219 3351 360 3403 Ἀλλ’
390 3351 691 3420 ἐπήγαγεν,
716 3347 790 3412 ὡς
830 3368 847 3401 ι
867 3345 1015 3401 Οἶδεν
1040 3349 1107 3402 τὰ
1127 3340 1227 3402 ’τοῦ
1252 3348 1405 3404 Θεοῦ.
1428 3368 1447 3401 ι

1894 1904 1912 1937 ι
1948 1886 2086 1941 Deus
2123 1890 2272 1943 novit
2305 1890 2415 1961 (39)
2446 1893 2571 1960 quid
2600 1894 2871 1948 desideret
2900 1895 3015 1965 (aut
3050 1895 3243 1967 sapiat)
3275 1895 3450 1966 Spiri-

1887 1988 1991 2033 tus.
2025 2000 2043 2032 ι
2084 1982 2151 2033 At
2184 1997 2310 2036 vero
2340 1983 2505 2037 Deum
2551 2000 2657 2039 non
2691 1995 2968 2042 scrutatur
3010 1988 3099 2058 qui
3158 2004 3281 2043 eum
3335 2002 3443 2042 non

1885 2069 2051 2132 videt,
2070 2071 2267 2138 quique
2293 2088 2412 2125 cum
2436 2087 2499 2126 eo
2516 2087 2616 2126 non
2635 2075 2912 2130 coexsistit
2929 2094 2941 2129 :
2959 2092 3130 2144 neque
3159 2076 3305 2130 novit
3328 2091 3448 2146 qua:

1887 2160 1979 2214 Dei
2023 2171 2145 2215 sunt
2196 2164 2287 2231 qui
2336 2165 2509 2232 ipsum
2561 2166 2725 2219 Deum
2762 2182 2865 2219 non
2919 2169 3449 2238 cognoscit,quique

1888 2267 1988 2304 non
2024 2262 2107 2307 est
2135 2253 2373 2318 ejusdem
2407 2270 2527 2309 cum
2559 2256 2674 2325 ipso
2698 2258 2938 2313 deitatis.
2980 2259 3123 2314 Fieri
3158 2260 3300 2314 enim
3341 2273 3445 2313 non

1886 2353 2085 2413 potest,
2120 2356 2179 2399 ut
2207 2346 2250 2399 is
2275 2346 2361 2413 qui
2390 2362 2493 2400 non
2526 2350 2595 2403 sit
2629 2347 2868 2417 ejusdem
2905 2364 3027 2405 cum
3060 2351 3168 2405 Deo
3198 2348 3450 2406 essentia:

1884 2442 1938 2487 et
1964 2436 2150 2488 eadem
2176 2437 2480 2505 cognitione
2509 2440 2787 2507 prteditus,
2821 2452 3005 2495 noscat
3035 2458 3156 2511 qua:
3180 2442 3271 2496 Dei
3301 2450 3446 2506 sunt,

1885 2524 2025 2579 sicut
2083 2528 2233 2580 novit
2293 2542 2356 2581 ea
2394 2528 2554 2595 Deus,
2590 2539 2643 2582 et
2671 2531 2927 2601 aqualem
2957 2548 3076 2587 cum
3111 2533 3224 2604 ipso
3256 2534 3449 2588 habeat

1886 2617 2268 2686 cognitionem.
2296 2619 2395 2686 Qui
2418 2632 2594 2674 autem
2620 2631 2673 2675 et
2706 2622 2854 2677 novit
2873 2639 2992 2693 qua:
3024 2620 3116 2679 Dei
3136 2633 3277 2691 sunt,
3297 2634 3351 2681 et
3365 2638 3451 2682 est

1886 2707 1938 2761 in
1987 2706 2144 2771 Filio,
2195 2709 2240 2763 is
2272 2711 2418 2763 novit
2456 2711 2618 2764 etiam
2648 2728 2769 2780 quae
2810 2726 2935 2768 sunt
2965 2713 3108 2769 Filii.
3141 2714 3323 2787 Itaque
3349 2733 3439 2773 re-

1886 2810 2073 2869 spectu
2123 2813 2495 2856 creaturarum
2551 2804 2749 2859 dicitur
2799 2806 2977 2861 illud:
3037 2826 3055 2859 ι
3084 2807 3254 2864 Nemo
3298 2810 3450 2865 novit

1886 2888 2123 2957 Patrem,
2161 2912 2178 2945 ι
2222 2902 2314 2947 aut
2352 2913 2369 2944 ‹
2399 2894 2618 2959 Filium,
2654 2915 2671 2947 ι
2705 2910 2801 2950 nec
2830 2898 3114 2968 quisquam
3143 2914 3266 2955 eum
3300 2901 3447 2957 videt

1886 2983 2042 3037 sicuti
2075 2993 2156 3039 est
2183 3003 2195 3039 :
2224 3001 2345 3038 nam
2392 3002 2457 3041 ne
2498 2986 2587 3039 illa
2630 2988 2847 3052 quidem
2896 2990 3203 3055 cognitione
3245 3004 3309 3047 ac
3362 2992 3448 3045 vi-

1887 3076 2075 3140 sione,
2124 3092 2242 3144 quae
2288 3078 2559 3146 possibilis
2607 3089 2710 3141 est,
2759 3080 3012 3134 fruuntur
3061 3096 3289 3147 omnes;
3349 3097 3448 3138 nec

1886 3168 2028 3221 enim
2063 3183 2251 3223 omnes
2278 3179 2499 3251 suntea
2533 3172 2678 3241 digni
2708 3190 2723 3227 :
2758 3173 2847 3241 qui
2880 3188 3010 3227 vero
3037 3174 3120 3226 illa
3149 3175 3446 3243 potiuntur.

1888 3260 2162 3328 tequaliter
2186 3261 2379 3328 singuli
2435 3278 2538 3316 non
2588 3264 2884 3333 potiuntur.
2931 3262 3063 3317 Nam
3109 3264 3262 3334 juxta
3310 3265 3452 3321 Pau-

1888 3351 2022 3413 lum,
2050 3351 2249 3407 «Alteri
2273 3352 2384 3423 (40)
2412 3356 2626 3423 quidem
2652 3356 2811 3410 datur
2838 3356 3069 3425 cognitio
3096 3358 3395 3425 sapientia),
3424 3381 3444 3412 ι

210 3443 364 3497 alteri
388 3452 571 3496 autem
610 3443 733 3507 hoc,
756 3453 847 3496 aut
882 3443 1004 3497 hoc.
1070 3440 1227 3497 Juxta
1265 3442 1608 3514 Evangelium
1671 3460 1820 3512 vero,
1862 3445 1906 3500 is
1973 3445 2056 3499 cui
2090 3446 2245 3500 datur
2288 3446 2401 3517 (41)
2453 3447 2837 3511 abundantius,
2882 3449 3136 3514 majorem
3180 3451 3443 3504 rationein

288 3607 399 3675 {54)
433 3606 617 3660 Deum.
655 3607 839 3663 Grazca
866 3608 1031 3662 editio
1061 3604 1185 3659 ετὸν
1210 3604 1450 3673 Πατέρα,
1474 3603 1527 3657 id
1563 3603 1787 3658 estiPa-

221 3686 375 3731 trem.
418 3696 437 3725 ι

284 3748 398 3813 (35)
459 3744 543 3816 Ex
574 3746 696 3798 Deo.
731 3746 916 3801 Graeca
945 3745 1109 3799 editio
1137 3763 1152 3799 :
1186 3744 1335 3816 παρὰ
1359 3743 1452 3796 τοῦ
1480 3742 1640 3797 Θεοῦ.

283 3819 398 3883 (δεῖ)
440 3815 691 3880 Spiritus.
747 3817 759 3868 Ι
792 3818 913 3870 Cor.
944 3832 1004 3879 tt,
1036 3816 1117 3867 12.

282 3887 397 3951 (37)
441 3884 687 3953 Spiritus.
724 3886 740 3938 Ι
780 3887 903 3940 Cor.
936 3902 994 3946 ll,
1029 3884 1210 3941 10.11.

284 3958 403 4025 (58)
447 3951 679 4023 Spiritus
716 3956 960 4009 hominis.
997 3955 1119 4008 llazc
1150 3954 1306 4007 verba
1348 3954 1466 4007 sine
1500 3951 1783 4025 dubiogac-

211 4023 357 4095 cepit
390 4024 647 4095 Didymus
679 4027 744 4078 de
780 4025 1012 4095 humano
1038 4034 1222 4095 creato
1245 4025 1431 4089 spiritu
1454 4035 1573 4095 ,_ut
1608 4023 1778 4095 reipsa

211 4093 533 4163 accipienda
565 4106 688 4147 sunt
715 4113 727 4148 :
760 4094 1008 4162 quamvis
1042 4093 1183 4163 hunc
1212 4093 1391 4163 ipsum
1420 4093 1665 4158 spiritum
1712 4094 1779 4145 ab

209 4162 399 4218 anima
459 4164 794 4227 distinxerit,
839 4172 897 4217 ut
947 4162 1184 4218 nonnulli
1231 4164 1321 4214 alii
1372 4162 1613 4215 fecerant
1655 4173 1781 4216 ante

212 4236 431 4303 ipsum,
450 4233 518 4287 de
556 4250 657 4302 qua
689 4250 745 4287 re
791 4235 843 4286 in
873 4248 1109 4301 prmsens
1150 4233 1330 4303 dicere
1365 4233 1778 4303 inopportunuin

212 4301 381 4357 foret.
420 4301 598 4370 Itaque
631 4304 862 4356 nondum
894 4305 1028 4356 satis
1068 4301 1362 4370 intelligere
1406 4301 1550 4366 potui
1585 4316 1685 4354 cur
1730 4302 1780 4354 in

213 4372 357 4427 libro
399 4372 475 4424 De
521 4372 724 4439 Spiritu
764 4381 944 4427 sancto
977 4387 1123 4425 num.
1159 4371 1247 4431 54,
1312 4371 1577 4437 vulgatam
1622 4379 1783 4437 atque

210 4448 377 4504 adeo,
408 4453 465 4495 ut
490 4446 733 4509 equidem
780 4457 922 4507 reor,
955 4444 1243 4510 genuinam
1279 4439 1557 4494 lectionem
1587 4441 1784 4493 immu-

216 4514 354 4566 tarit
388 4511 469 4563 vir
497 4512 568 4565 cl.
616 4511 924 4567 Vallarsius.
980 4510 1049 4566 Ut
1070 4527 1154 4565 res
1176 4511 1453 4579 perspicua
1486 4512 1594 4571 sit,
1638 4511 1786 4579 prius

215 4581 391 4637 εσσε-ο
448 4597 571 4635 eum
622 4581 827 4652 Didymi
877 4582 1050 4636 locum
1097 4597 1161 4652 ex
1209 4580 1781 4652 editioneVeronensi

215 4670 343 4707 cum
392 4665 576 4705 ttOstro
616 4650 799 4706 codice
840 4667 868 4704 a
916 4664 1002 4705 me
1034 4651 1247 4705 collata.
1294 4666 1311 4699 ι
1358 4650 1562 4703 Dicitur
1602 4652 1783 4711 etiam,

215 4731 447 4789 excepta
494 4722 696 4783 anima,
730 4731 785 4777 et
811 4730 1036 4787 excepto
1071 4722 1262 4790 spiritu
1295 4729 1511 4781 nostro,
1548 4719 1784 4785 Spiritus

216 4794 362 4843 alius
381 4792 503 4857 quis
523 4806 640 4844 esse
665 4790 717 4845 in
748 4792 964 4846 homine
1004 4790 1195 4861 [codex
1223 4800 1441 4861 n05ter_:
1484 4799 1532 4841 et
1574 4798 1785 4861 excepto

217 4862 427 4928 Spiritu
462 4870 643 4913 sancto
668 4900 683 4923 ,
721 4862 857 4914 alius
891 4857 1023 4928 quis
1042 4876 1152 4915 esse
1187 4862 1241 4913 iit
1284 4858 1489 4911 homine
1519 4857 1785 4927 spiritus},

219 4935 288 4983 de
322 4947 434 4997 quo
473 4929 666 4983 Paulus
711 4933 939 4985 scribit:
986 4949 1004 4982 ι
1041 4932 1170 4996 Quis
1204 4930 1345 4983 enim
1376 4928 1479 4983 scit
1510 4928 1786 4980 hominum

218 5016 285 5053 ea
310 5015 436 5067 qua:
476 5010 601 5052 sunt
638 5001 892 5063 hominis,
942 5003 1042 5055 nisi
1080 5000 1302 5068 spiritus
1345 4998 1574 5051 hominis
1608 4998 1698 5065 qtti
1732 4997 1784 5049 in

218 5085 287 5123 eo
323 5069 450 5123 est?
497 5089 516 5120 ι
575 5070 629 5123 Si
675 5074 816 5124 enim
862 5072 1091 5125 voluerit
1137 5070 1463 5123 contendere
1500 5069 1784 5134 quispiam,

221 5141 471 5193 animam
519 5141 607 5193 hic
646 5142 941 5209 signiticari
974 5142 1026 5193 in
1060 5140 1275 5208 spiritu,
1316 5140 1435 5208 quis
1469 5140 1579 5209 erit
1605 5140 1784 5209 homo,

222 5210 386 5276 cujus
430 5204 820 5278 cogitatioues,
865 5220 916 5262 et
952 5204 1180 5270 arcana,
1229 5219 1283 5261 et
1318 5204 1529 5278 secreta
1565 5204 1789 5278 [rectius

223 5275 399 5350 codex
438 5275 623 5332 noster
659 5298 673 5333 :
704 5278 916 5350 secreti]
947 5281 1124 5333 cordis
1150 5279 1354 5331 occulta
1390 5275 1596 5350 nesciat
1628 5277 1788 5350 homo

223 5345 368 5419 [cod.
404 5358 605 5409 noster,
640 5351 775 5401 alius
804 5344 980 5416 Ιιοιῆοι
1010 5350 1112 5401 nisi
1139 5350 1360 5415 spiritus
1377 5347 1497 5419 ejus
1517 5346 1539 5399 ‘.’
1563 5344 1695 5419 Quia
1723 5344 1790 5397 de

225 5414 457 5487 torpore
502 5419 743 5471 solitario
790 5421 892 5472 hoc
945 5414 1242 5487 intelligere
1288 5417 1423 5470 velle
1472 5414 1787 5487 perstultum

223 5483 337 5562 ςδιξ
360 5487 515 5551 Quod
564 5489 607 5541 si
648 5500 834 5562 arguta
870 5487 1020 5560 [cod.
1060 5483 1280 5562 uoster;
1312 5483 1554 5562 orgittus]
1588 5484 1791 5562 ’iiititur

222 5555 415 5609 fxaude
449 5553 736 5628 surreperé
754 5553 895 5628 [εούῖ
922 5566 1106 5612 noster
1133 5576 1147 5610 :
1177 5553 1462 5628 subripere]
1492 5553 1555 5608 de
1586 5553 1790 5628 Spiritu

223 5641 416 5680 Sancto
445 5627 562 5680 haec
599 5624 797 5696 scripta
829 5638 1168 5691 contestans;
1212 5629 1256 5680 si
1307 5624 1587 5694 diligenter
1629 5624 1789 5696 verba

225 5697 338 5763 ipsa
380 5693 725 5760 consideret,
762 5698 994 5752 cessabit
1027 5711 1271 5751 asserere
1306 5693 1663 5750 mendacium.
1701 5693 1790 5745 Si-

226 5768 442 5835 quidem
469 5768 543 5820 ita
568 5769 827 5834 scriptum
849 5778 967 5821 est:
1005 5787 1023 5819 ι
1056 5767 1185 5832 Quis
1208 5774 1349 5821 enim
1383 5767 1486 5820 scit
1516 5765 1791 5818 hominum

549 5858 821 5920 ΡΑτιωι.
859 5859 974 5921 Gn.
1010 5855 1311 5918 XXXIX.

1892 3620 2011 3677 qua;
2051 3614 2174 3677 sunt
2215 3605 2480 3663 hominis,
2525 3606 2627 3659 nisi
2652 3607 2881 3677 spiritus
2915 3607 3144 3662 hominis
3178 3610 3267 3677 qui
3302 3609 3355 3663 in
3384 3624 3448 3664 eo

1892 3673 2013 3729 est?
2046 3673 2135 3729 Sic
2164 3686 2216 3729 et
2240 3691 2307 3745 Aea
2341 3690 2460 3743 quae
2491 3685 2615 3727 sunt
2650 3673 2763 3739 Dei,
2800 3690 2956 3731 nemo
2982 3677 3105 3741 scit,
3136 3673 3236 3732 nisi
3285 3678 3448 3745 Spiri-

1894 3754 1980 3797 tus
2016 3746 2130 3798 Dei.
2168 3762 2187 3795 ι
2224 3743 2339 3810 Quo
2371 3745 2526 3796 modo
2549 3745 2691 3797 enim
2718 3747 2854 3800 alius
2880 3754 2964 3799 est
2991 3746 3168 3811 homo,
3200 3743 3338 3802 alius
3366 3762 3446 3804 est

1890 3812 2061 3879 Deus;
2090 3816 2171 3868 sic
2202 3826 2253 3867 et
2289 3815 2508 3885 spiritus
2544 3814 2776 3885 hominis
2798 3854 2814 3879 ,
2843 3815 2935 3885 qiti
2969 3825 3051 3869 est
3079 3815 3133 3871 in
3165 3829 3249 3877 eo,
3290 3831 3448 3885 sepse

1888 3894 2039 3936 ratur
2068 3900 2095 3937 a
2141 3885 2350 3955 Spiritu
2375 3883 2488 3946 Dei,
2530 3883 2618 3953 qui
2652 3895 2736 3939 est
2767 3888 2819 3941 in
2849 3883 2913 3939 eo
2947 3901 2960 3939 :
2996 3899 3155 3954 quem
3186 3883 3444 3955 Spiritum

1888 3962 2133 4040 sanctum
2170 3952 2289 4008 esse
2332 3952 2555 4040 [vocem
2582 3970 2691 4008 esse
2728 3955 2876 4040 .a'ddo
2920 3970 2983 4009 ex
3014 3952 3205 4040 ripstro
3229 3952 3449 4040 codice]

1888 4020 2199 4096 frequenter
2244 4020 2596 4077 ostendimus.
2654 4043 2671 4075 ι
2727 4021 3314 4096 HactenusDidymu‘s,
3355 4020 3445 4096 qui

1886 4101 1995 4164 tres
2031 4094 2116 4145 hic
2146 4101 2411 4147 memorat
2433 4098 2578 4148 vocis
2608 4114 2626 4145 ι
2673 4094 2896 4164 spiritus
2926 4112 2945 4145 ι
2981 4093 3399 4164 signiﬁcationes
3426 4112 3442 4152 :

1885 4163 2115 4233 primam
2145 4180 2249 4233 qua
2281 4164 2514 4228 Spiritus
2552 4163 2801 4230 sanctus,
2832 4163 3056 4218 alteram
3090 4178 3194 4233 qua
3229 4166 3406 4218 anima
3428 4206 3444 4231 ,

1889 4232 2100 4285 tertiam
2142 4232 2244 4301 qua
2295 4234 2514 4301 spiritus
2548 4245 2765 4288 creatus
2816 4235 2869 4287 in
2907 4232 3121 4287 homine
3165 4233 3232 4287 ab
3265 4234 3445 4289 anima

1887 4301 2133 4356 diversus
2160 4302 2511 4372 signiﬁcatur.
2545 4305 2734 4372 Itaque
2760 4318 2862 4357 non
2899 4304 3051 4357 video
3080 4318 3177 4355 cur
3199 4303 3445 4359 clarissi-

1890 4386 2010 4442 rnus
2047 4372 2219 4425 editor
2266 4372 2588 4442 Veronensis
2617 4375 2681 4427 ad
2714 4386 2776 4427 ea
2820 4372 3018 4442 verba,
3046 4387 3165 4441 qua:
3205 4374 3286 4426 sic
3334 4374 3446 4442 ipse

1889 4440 2037 4561 legit,
2078 4459 2096 4491 ι
2130 4450 2183 4495 et
2208 4452 2431 4509 excepto
2462 4441 2664 4508 Spiritu
2695 4452 2901 4505 nostro,
2937 4458 2956 4492 ι
2984 4440 3098 4497 haec
3127 4440 3400 4497 adnatavit
3427 4460 3443 4498 :

1896 4528 1914 4559 ι
1978 4511 2154 4561 nsinni
2183 4525 2371 4561 errore
2400 4510 2527 4561 editi
2566 4512 2844 4561 hactenus.
2877 4522 2932 4561 et
2975 4511 3172 4561 oassini
3207 4526 3337 4561 mss.
3370 4514 3443 4561 le-

1896 4528 1914 4559 ι
1953 4510 2154 4579 Insigni
2183 4525 2371 4565 errore
2400 4510 2527 4565 editi
2566 4512 2844 4573 hactenus,
2877 4522 2932 4565 et
2974 4511 3172 4579 passim
3207 4526 3337 4566 mss.
3370 4514 3447 4567 le-

1887 4578 2083 4649 gebant
2108 4594 2123 4632 :
2157 4599 2175 4631 ι
2206 4590 2259 4634 et
2285 4590 2510 4649 excepto
2533 4581 2735 4649 Spiritu
2767 4578 2985 4647 sancto,
3006 4578 3236 4647 Spiritus
3261 4581 3397 4637 alius
3420 4601 3442 4636 ο

1886 4658 1989 4720 etc.
2026 4649 2311 4713 Substitui,
2342 4667 2360 4701 ι
2396 4651 2585 4718 spiritu
2617 4662 2821 4711 nostro,
2854 4668 2872 4701 ι
2909 4652 2982 4720 ad
3004 4649 3204 4704 codicis
3232 4649 3448 4720 Regina:

1888 4718 2066 4783 tidem,
2096 4720 2327 4773 maxime
2360 4734 2486 4774 vero
2514 4722 2580 4773 ad
2606 4732 2765 4774 recta:
2794 4718 3019 4774 rationis
3050 4718 3444 4787 argumenium,

1886 4798 1940 4842 et
1963 4789 2169 4844 Paulini
2194 4790 2483 4843 testimonii
2507 4803 2748 4845 sensum.
2787 4808 2807 4842 ι
2843 4789 2993 4855 Quod
3024 4788 3069 4843 si
3097 4788 3276 4855 opinio
3303 4806 3444 4855 mea,

1889 4870 1981 4911 aut
2013 4861 2168 4913 lectio
2192 4874 2351 4927 quam
2383 4869 2556 4923 tueor,
2581 4860 2988 4914 Conlirmatione
3015 4858 3294 4926 indigeret,
3320 4874 3447 4914 con-

1888 4928 2095 4982 iirmari
2118 4930 2279 4982 etiam
2308 4938 2490 4995 posset
2514 4944 2577 4982 ex
2612 4928 2920 4997 Hieronymi
2965 4928 3366 4997 commentariis
3394 4931 3450 4984 in

1886 4997 2157 5052 Danielem
2204 5014 2324 5065 cap.
2386 5012 2468 5050 Ill.
2525 5008 2654 5052 tom.
2716 4998 2781 5061 γ,
2833 5012 2955 5066 pag.
3013 4996 3260 5066 διιηιιιί
3307 5001 3451 5053 enim

1890 5013 2157 5052 uanietem
2204 5014 2324 5065 cap.
2386 5013 2468 5050 Ill.
2525 5013 2654 5052 tom.
2723 5013 2781 5061 ν,
2833 5013 2897 5066 pa
2941 5038 2955 5051 .
3013 5013 3135 5050 tm.
3186 5013 3260 5050 ιυι
3307 5013 3451 5053 enim

1890 5066 1948 5121 S.
1986 5069 2179 5121 Doctor
2226 5072 2365 5121 hunc
2411 5067 2581 5136 ipsum
2609 5105 2624 5129 ,
2653 5078 2710 5121 ut
2737 5082 2883 5127 reor,
2904 5013 3124 5135 $idymi
3154 5064 3329 5121 locum
3363 5085 3451 5123 re-

1889 5138 2124 5206 Spiciens
2154 5138 2342 5191 scribit
2372 5154 2385 5190 :
2432 5155 2450 5187 ι
2488 5137 2627 5190 Sunt
2656 5138 2745 5203 qui
2794 5136 2958 5189 alium
2990 5136 3153 5188 velint
3182 5149 3302 5191 esse
3342 5139 3453 5206 spi-

1890 5211 2051 5260 ritum
2086 5208 2139 5260 in
2173 5208 2421 5271 homine,
2450 5218 2673 5275 excepto
2702 5206 2903 5271 Spiritu
2934 5216 3123 5259 sancto
3146 5243 3162 5268 ,
3189 5218 3243 5259 et
3282 5207 3446 5261 aliain

1890 5291 2149 5329 annnam.
2196 5296 2215 5327 ι
3041 5329 3071 5337 η

1961 5346 2073 5416 (59)
2110 5346 2245 5399 Deus
2276 5347 2434 5399 novit.
2485 5345 2641 5399 Rom.
2679 5361 2798 5416 vni,
2844 5345 2933 5398 27.
2982 5344 3155 5399 Biblia
3207 5344 3406 5398 habent
3440 5364 3453 5400 :

1897 5432 1916 5466 ι
1948 5415 2062 5482 Qui
2092 5426 2364 5469 scrutatur
2403 5417 2586 5469 corda.
2622 5434 2641 5466 ι
2678 5415 2930 5486 Didymus
2961 5430 3088 5486 vero
3121 5430 3339 5468 sensum
3372 5416 3455 5468 ci-

1892 5494 2033 5548 tans,
2059 5501 2157 5554 pro
2188 5487 2270 5538 his
2299 5487 2475 5539 verbis
2501 5486 2719 5539 adhibet
2751 5485 2943 5539 numen
2977 5501 2996 5535 ι
3034 5485 3195 5539 Deus.
3236 5501 3255 5535 ι

1962 5556 2075 5624 (40)
2109 5556 2298 5607 Alteri.
2340 5555 2356 5607 Ι
2387 5556 2511 5610 Cor.
2544 5570 2644 5619 xu,
2679 5555 2733 5608 8.

1964 5623 2076 5696 (4t)
2116 5624 2213 5678 Cui
2262 5625 2440 5680 datur.
2494 5624 2762 5693 ReSpicit,
2806 5625 3022 5694 opinor,
3056 5624 3183 5679 Luc.
3233 5639 3333 5689 xii,
3368 5623 3462 5686 48,

1893 5710 2110 5753 sensum
2138 5696 2329 5762 citans,
2366 5712 2469 5751 non
2502 5697 2687 5750 verba.

3060 5853 3127 5907 31

3754 5424 3969 5666 1

3791 5424 3969 5666 1
