4042 6404
635 269 711 322 ΘΖ
719 269 738 320 1
1907 265 2141 324 DIDYMI
2184 270 2658 329 ALEXANDRINI
3727 285 3807 341 971

647 389 853 439 reddet.
904 383 1008 438 Sed
1065 382 1315 451 inquiunt
1355 381 1592 437 haeretici
1626 399 1638 435 :
1679 381 1912 452 Spiritus
1950 402 1967 434 1
1996 392 2267 436 scrutatur
2291 385 2549 454 profunda
2583 384 2675 437 Dci
2701 399 2716 450 ;
2745 401 2761 434 1
2803 399 2932 454 ergo
2991 396 3054 438 ea
3123 385 3350 457 ignorat.
3416 387 3591 444 Ventm
3637 395 3811 466 subjun-

647 480 724 548 xvit
754 477 973 540 Paulus,
998 477 1247 530 eumdem
1287 489 1450 538 nosse
1480 491 1598 544 qua:
1634 475 1725 529 Dei
1759 485 1906 530 sunt.

717 572 784 624 At
813 586 939 624 vero
978 588 996 620 1
1035 567 1474 640 servus(42)non
1504 569 1672 633 novit,
1699 568 1828 636 quid
1858 568 2019 622 faciat
2051 569 2214 622 domi-
2241 574 2290 630 Α

646 674 751 714 nus
775 658 913 727 ejus.
952 678 969 710 1
1007 659 1158 724 Quod
1213 668 1391 711 autem
1428 657 1657 711 scrutari
1680 671 1782 709 non
1802 671 2014 725 semper
2045 657 2219 710 valeat

643 766 912 820 qumrere,
945 749 1226 805 declarant
1288 751 1532 804 oracula.
1593 749 1728 803 Cum
1773 749 1914 803 enim
1962 748 2035 800 ait
2073 747 2218 801 Scri-

649 852 826 908 |tura,
867 860 884 892 1
923 841 1237 895 Scrutantes
1285 842 1423 911 (15),
1475 842 1526 894 111
1571 841 1737 911 quod,
1774 839 1856 892 vel
1886 839 2044 908 quale
2082 847 2216 892 tem-

647 949 748 1003 pus
775 932 1222 985 mauit'estahatur
1250 932 1301 983 in
1330 932 1462 1000 ipsis
1497 931 1734 1000 Spiritus
1761 929 1982 990 Christi,
2021 947 2038 976 1
2072 943 2215 981 scru-

649 1026 797 1079 tandi
827 1024 1046 1079 verbum
1076 1024 1341 1093 significat
1378 1038 1641 1092 quaerere,
1670 1033 1726 1076 et
1755 1021 1991 1083 discere,
2027 1022 2216 1074 simili-

647 1126 734 1171 ter
779 1128 939 1184 atque
967 1131 1087 1169 cum
1121 1119 1196 1168 ait
1224 1133 1237 1169 :
1282 1135 1298 1166 1
1323 1115 1649 1169 Scrutatnini
1685 1112 1797 1184 (44)
1830 1112 2159 1181 Scriplttras.
2189 1131 2207 1163 1

645 1209 778 1262 Cum
805 1223 932 1261 vero
975 1208 1268 1276 Apostolus
1314 1207 1501 1261 scribit
1532 1207 1596 1260 de
1633 1207 1741 1260 Deo
1769 1216 1822 1257 et
1852 1205 2034 1266 Patre,
2070 1223 2086 1255 1
2113 1204 2211 1270 Qui

645 1307 822 1352 autem
852 1295 967 1367 (45)
1001 1304 1280 1350 scrutatur
1328 1296 1512 1358 corda,
1559 1295 1662 1348 scit
1702 1294 1830 1360 quid
1881 1294 2054 1362 sapiat
2099 1295 2215 1360 (aut

645 1389 930 1458 desideret)
982 1388 1236 1456 Spiritus,
1260 1389 1386 1455 quia
1423 1387 1718 1440 secundum
1764 1385 1929 1437 Deum
1976 1385 2213 1452 postulat

647 1497 744 1548 pro
797 1479 1034 1545 sanctis;
1065 1501 1082 1529 1
1144 1487 1234 1530 11111
1301 1494 1424 1531 cum
1505 1477 1557 1530 in
1608 1493 1713 1530 xxx
1744 1475 1949 1545 psalmo
1993 1476 2209 1537 dicitur,

648 1592 668 1624 1
699 1571 959 1638 Quoniam
997 1572 1108 1640 (46)
1148 1570 1404 1626 veritates
1437 1570 1673 1638 exquirit
1724 1569 2018 1633 Dominus;
2053 1586 2070 1618 1
2113 1575 2206 1619 11111

649 1664 700 1717 111
735 1680 828 1728 vn,
893 1681 910 1714 1
954 1661 1215 1716 Scrutans
1249 1662 1360 1730 (47)
1390 1661 1548 1715 corda
1600 1670 1653 1714 et
1685 1675 1840 1714 rencs
1873 1660 2031 1725 Deus;
2063 1678 2081 1711 1
2119 1668 2213 1713 11111

643 1754 771 1806 alibi
799 1771 812 1806 :
852 1771 869 1804 1
900 1753 1164 1807 Scrutans
1193 1753 1306 1822 (48)
1336 1752 1702 1822 promptuaria
1737 1751 1975 1816 ventris;
2005 1771 2022 1804 1
2060 1766 2212 1804 scru-

2311 1756 2370 1809 τὸ
2420 1755 2844 1827 περιλαμϐάνειν
2873 1755 2974 1825 τὴν
3008 1754 3255 1825 καρδίαν,
3297 1755 3373 1817 ὠς
3417 1755 3574 1824 μηδέν
3617 1770 3704 1806 που
3732 1753 3829 1804 λαν-

645 1848 792 1902 11111111
847 1851 1066 1901 verbum
1113 1863 1215 1899 non
1263 1845 1537 1915 signiﬁcat
1570 1845 1847 1913 inquirere
1898 1855 1951 1898 et
1976 1845 2204 1906 discere,

2313 1845 2492 1897 θάνειν
2521 1844 2629 1896 τῶν
2687 1843 2906 1896 πώποτε
2933 1845 3069 1914 αὐτῇ
3101 1842 3527 1914 ἐνθυμηθέντων,
3554 1843 3584 1913 ἣ
3625 1841 3833 1911 νενοημέ-

644 1943 736 1995 sed
762 1938 1214 2008 comprehendere
1256 1937 1422 2009 438
1469 1952 1584 2001 cor,
1630 1937 1701 1990 ita
1739 1945 1797 1989 ut
1826 1936 1957 1990 nihil
1985 1952 2211 2004 usquam

2314 1951 2446 1986 νων·
2477 1933 2620 2004 ἅπερ
2647 1932 2739 1984 καὶ
2782 1932 2904 2001 δίχα
2932 1932 3291 2002 ἐξιχνιασμῶν
3341 1928 3481 1985 οἶδεν
3511 1927 3832 2000 ὁκαρδιογνὼ-

628 2049 828 2086 eorum
884 2031 1067 2092 lateat,
1107 2045 1224 2098 qua:
1261 2046 1496 2098 unquam
1545 2029 1612 2082 ab
1647 2028 1762 2095 ipso
1808 2029 2037 2096 cogitata
2083 2028 2209 2090 sint,

2316 2041 2467 2094 στης.
2496 2023 2559 2074 Ei
2589 2021 2695 2093 γὰρ
2729 2021 2789 2074 τὸ
2816 2023 2925 2073 πᾶν
2952 2021 3050 2090 τῆς
3076 2019 3331 2089 γνώσεως
3350 2021 3426 2090 τῷ
3452 2019 3663 2090 ἐρευνᾷν
3682 2018 3836 2069 ἀπονε-

645 2135 736 2176 aut
767 2123 948 2176 animo
971 2130 1180 2174 versata
1216 2119 1417 2173 iuerint
1447 2137 1458 2171 :
1487 2134 1713 2188 quaeque
1740 2120 1888 2172 novit
1910 2119 2068 2171 etiam
2096 2118 2212 2172 siue

2315 2115 2531 2185 μηθείη,
2559 2114 2652 2167 καὶ
2689 2111 2922 2185 ἐρευνῶν
2967 2113 3043 2173 ὡς
3080 2112 3289 2180 ἀγνοῶν
3335 2109 3675 2181 εὑρεθήσεται
3714 2106 3836 2159 καὶὸ

646 2212 1141 2281 investigationibus
1184 2210 1228 2263 is
1267 2211 1356 2279 qui
1401 2219 1482 2262 est
1523 2209 1765 2262 cordium
1826 2209 2092 2278 cognitor.
2151 2211 2208 2262 Si

2311 2205 2462 2268 Θεὸς,
2498 2204 2592 2256 καὶ
2628 2203 2843 2268 ἀδοξίαν
2883 2203 3029 2273 αὐτῷ
3055 2201 3180 2273 [illi
3215 2201 3267 2274 b]
3302 2202 3423 2256 κατ’
3472 2198 3696 2262 ἐκείνους
3729 2196 3834 2249 οίσει

631 2307 787 2360 -0111111
860 2313 1188 2358 scrutantem
1259 2302 1548 2369 cujuslibet
1629 2302 1957 2371 cognitionis
2011 2317 2208 2370 011101·-

2311 2294 2426 2347 τὸδε
2456 2295 2513 2347 ἐν
2559 2293 2634 2364 τῷ
2669 2293 2913 2364 Σοφωνία
2943 2293 3033 2346 ὑπ’
3065 2293 3250 2357 αὑτοῦ,
3278 2288 3390 2345 οἷον
3419 2293 3480 2345 τὸ
3502 2290 3606 2345 ἀπὸ
3648 2303 3834 2359 μεταφο-

643 2395 892 2468 10111μ9)
931 2395 1132 2449 indicat
1163 2394 1445 2457 εει-11111110,
1495 2393 1659 2447 Deum
1708 2409 1923 2463 quoque
1966 2393 2207 2446 invenie-

2313 2389 2412 2459 ρᾶς
2433 2388 2540 2442 τῶν
2586 2385 2906 2458 ἀνθρώπων,
2952 2386 3237 2456 εἰρημένον
3259 2402 3272 2416 ·
3331 2404 3350 2437 1
3376 2384 3724 2455 Ἐξερευνήσω
3758 2380 3835 2448 τὴν

643 2504 762 2541 mus
814 2487 1045 2544 scrutari
1098 2486 1250 2555 quasi
1309 2486 1672 2554 ignorantem,
1738 2493 1793 2538 et
1846 2485 2082 2538 dedecus
2136 2484 2205 2547 ei,

2321 2481 2674 2552 Ἰερουσαλὴμ
2727 2480 2865 2551 μετὰ
2888 2480 3104 2550 λύχνου.
3129 2499 3146 2530 1
3191 2479 3264 2532 Τὸ
3381 2498 3454 2550 μα
3474 2479 3534 2531 τὸ
3560 2475 3745 2529 τοιοῦτο
3762 2473 3834 2541 τῆς

643 2578 1016 2633 lucreticorum
1040 2576 1254 2646 quidem
1281 2576 1566 2638 sententia,
1599 2573 1787 2629 aﬂeret
1819 2575 1963 2643 quod
2003 2575 2113 2645 (50)
2153 2575 2205 2628 111

2311 2573 2585 2644 δυνάμεως
2611 2573 2772 2625 αὑτοῦ
2806 2573 3004 2642 πολλὴν
3030 2572 3319 2645 ἐργάζεται
3344 2572 3651 2643 σημείωσιν.
3691 2568 3833 2636 Ἐρευ-

642 2669 916 2736 Sophonia
972 2667 1137 2720 veluti
1192 2681 1287 2735 per
1341 2666 1712 2733 metaphoram
1772 2666 1840 2719 ab
1900 2664 2208 2719 hominibus

2311 2667 2371 2736 νᾷ
2395 2661 2484 2718 οὖν
2509 2665 2568 2717 τὸ
2595 2664 2732 2717 θεῖον
2763 2664 2986 2734 Πνεῦμα
3035 2665 3127 2716 τοῦ
3184 2664 3345 2726 Θεοῦ,
3386 2665 3484 2733 οὐχ
3529 2663 3600 2725 ὡς
3630 2656 3831 2727 ἀγνοοῦν,

641 2762 936 2814 derivatam
969 2759 1170 2812 dictum
1204 2768 1324 2810 cst:
1361 2775 1378 2807 1
1411 2755 1706 2811 Scrutabor
1750 2756 1861 2826 (51)
1909 2755 2205 2810 Jerusalem

2311 2756 2420 2810 ἀλλ’
2464 2756 2538 2818 ὡς
2564 2757 2785 2827 Πνεῦμα
2835 2757 2928 2810 τοῦ
2957 2757 3090 2810 Θεοῦ
3118 2757 3398 2827 ἡνωμένον
3428 2755 3572 2825 αὑτῴ
3604 2755 3665 2824 τῇ
3690 2749 3831 2820 φύσει·

639 2868 764 2904 1111111
791 2850 1033 2903 lucerna.
1063 2868 1081 2900 1
1121 2847 1249 2913 Qua:
1279 2847 1482 2900 locutio
1518 2863 1764 2915 magnam
1803 2847 1964 2900 habet
1997 2845 2205 2913 signiﬁ-

2311 2847 2469 2902 Ὅθεν
2495 2851 2523 2901 6
2543 2848 2864 2918 Ψαλμῳδὸς,
2888 2849 2946 2900 οῦ
2971 2848 3287 2901 διαστέλλων
3313 2847 3446 2900 αὐτὸ
3471 2847 3567 2916 τῆς
3582 2843 3748 2904 οὐσίας
3766 2838 3833 2891 καὶ

658 2942 926 2994 rationem
982 2941 1231 3008 potentia:
1279 2939 1439 2991 illius.
1489 2939 1770 2992 Scrutatur
1817 2953 1944 3008 ergo
1996 2939 2205 2994 divinus

2311 2940 2558 3010 γνώσεως
2577 2938 2670 2992 τοῦ
2694 2939 2828 2992 Θεοῦ
2856 2940 2950 2992 καὶ
2970 2939 3201 3010 Πατρὸς,
3225 2938 3357 2992 αὐτὸ
3380 2939 3436 2991 δὲ
3467 2936 3657 3008 μᾶλλον
3680 2935 3831 2984 ἐνυπο-

642 3031 736 3086 Dei
766 3032 1002 3101 Spiritus
1041 3047 1148 3084 non
1189 3040 1245 3083 ut
1292 3031 1568 3100 ignorans,
1603 3033 1696 3084 sed
1729 3041 1788 3084 ut
1817 3029 2050 3101 Spiritus
2082 3032 2200 3091 Dei.

2311 3031 2514 3093 στάτως
2558 3027 2691 3083 εἶναι
2721 3031 2818 3099 τὴν
2871 3030 3060 3097 σοφίαν
3089 3029 3252 3082 αὑτοῦ
3309 3031 3370 3082 ἐν
3407 3031 3506 3099 ἴσῳ
3528 3026 3614 3080 τοῦ
3645 3026 3835 3087 Movere-

642 3131 832 3175 natura
897 3136 1059 3173 unum
1123 3136 1242 3172 cum
1306 3121 1420 3188 ipso
1481 3124 1768 3176 exsistcus.
1836 3121 2200 3187 Quamobrem

2311 3121 2429 3184 νοῦς
2460 3120 2785 3183 ἀναπείθων,
2810 3118 3036 3190 ηὔχετο·
3102 3139 3119 3172 1
3147 3121 3220 3172 Τὸ
3248 3120 3478 3190 Πνεῦμά
3525 3135 3613 3171 σου
3635 3116 3688 3168 τὸ
3716 3113 3833 3180 ἅγιον

641 3213 848 3267 Psaltcs
902 3212 1192 3267 essentiam
1249 3213 1324 3266 illi
1357 3228 1420 3266 ac
1467 3213 1746 3267 scientiam
1786 3213 1878 3266 Dei
1929 3224 1984 3268 et
2020 3212 2200 3267 Patris

2311 3213 2382 3285 μὴ
2407 3212 2699 3284 ἀντανέλῃς
2727 3212 2819 3264 ἀπ’
2868 3209 3032 3282 ἐμοῦ·
3061 3229 3079 3262 1
3117 3211 3177 3264 τὸ
3209 3212 3592 3265 άποκαλῦπτον
3632 3225 3729 3280 μοι,
3760 3221 3836 3272 φη·

642 3321 748 3359 11011
781 3307 1075 3374 denegans,
1112 3306 1220 3358 imo
1255 3304 1406 3358 illum
1461 3302 1636 3359 Patris
1682 3303 2027 3373 sapientiam,
2081 3321 2200 3376 qua:

2311 3272 2406 3369 in},
2433 3303 2500 3357 τὰ
2521 3272 2694 3374 ἄδηλα
2718 3304 2812 3356 καὶ
2836 3272 2913 3355 τά,
2933 3303 3137 3373 κρύφια
3160 3303 3260 3373 τῆς
3292 3304 3489 3372 σοφίας
3515 3319 3626 3355 σου.

642 3402 878 3456 1111¹11110
903 3415 1053 3470 a'que
1087 3414 1151 3452 ac
1209 3398 1526 3469 Unigeuitus
1591 3399 1894 3464 subsistat.
1966 3414 2085 3454 esse
2148 3398 2492 3460 conﬁrmans,
2551 3401 2630 3453 sic
2680 3399 2890 3452 oravit:
2934 3416 2952 3448 1
2983 3397 3240 3465 Spiritum
3279 3397 3394 3468 (52)
3444 3407 3590 3452 tuum
3634 3399 3836 3448 sanctum

640 3508 708 3548 ne
755 3494 970 3548 auferas
1016 3507 1045 3545 a
1085 3505 1204 3544 me:
1239 3509 1257 3541 1
1304 3506 1494 3556 nempe
1547 3491 1692 3545 illum
1749 3492 2038 3562 Spiritum,
2074 3492 2189 3557 ait,
2229 3492 2316 3560 qui
2345 3492 2472 3545 mihi
2517 3490 2717 3545 revelat
2750 3487 2956 3544 occulta
2991 3486 3100 3556 (55)
3130 3497 3184 3541 et
3211 3504 3413 3542 arcana
3448 3487 3712 3566 sapientiae
3739 3493 3832 3536 111111.

1179 3609 1326 3664 CAP.
1374 3607 1656 3664 XXXVI".

2938 3611 3092 3663 ΚΕΦ.
3123 3609 3250 3663 AH'.

713 3701 804 3754 Illa
878 3718 1090 3772 quoque
1153 3703 1353 3758 Christi
1413 3702 1553 3771 apud
1602 3701 1862 3755 Joannem
1915 3701 2203 3756 utilissima

2376 3699 2487 3752 Καὶ
2516 3698 2613 3763 τὰς
2639 3701 2788 3770 παρὰ
2819 3700 3033 3770 Ἰωάννῃ
3064 3699 3120 3752 δὲ
3150 3699 3507 3762 διαλαλοῦσας
3530 3697 3619 3750 τοῦ
3642 3685 3836 3764 Χριστοῦ

629 3791 1046 3857 -τ1’01·1111,1011111
1098 3795 1303 3848 venerit
1350 3792 1461 3863 (54)
1512 3790 1844 3855 Paracletus,
1899 3806 2057 3859 quem
2106 3807 2204 3860 ego

2311 3792 2641 3859 πανωφελεῖς
2685 3791 2949 3853 συλλαϐάς
2971 3811 2982 3822 ·
3043 3812 3061 3843 1
3089 3793 3253 3844 Ὅταν
3282 3791 3413 3862 ἔλθη
3453 3793 3480 3844 6
3509 3784 3834 3860 Παράκλητοςς

640 3879 851 3932 mittam
903 3881 1054 3934 vobis
1086 3896 1112 3932 a
1143 3880 1299 3934 Patre
1337 3895 1455 3934 meo
1488 3880 1626 3950 (55),
1660 3879 1895 3948 Spiritus
1930 3880 2198 3944 veritatis,

2311 3882 2363 3936 ὃν
2391 3882 2501 3951 ἐγὼ
2531 3884 2732 3953 πέμψω
2755 3884 2879 3952 ὑμῖν
2933 3883 3083 3952 παρὰ
3107 3883 3198 3935 τοῦ
3233 3883 3452 3953 Πατρός
3477 3899 3597 3952 μου,
3620 3876 3675 3929 τὸ
3699 3869 3835 3927 Πνεῦ-

599 3970 792 4039 ⁸1111111
826 3969 984 4026 Patre
1031 3971 1301 4038 procedit,
1353 3970 1441 4023 ille
1489 3970 1849 4024 testimonium
1907 3969 2207 4038 perhihcbit

2311 3993 2386 4046 μα
2410 3975 2508 4044 τῆς
2546 3975 2822 4046 ἀληθείας,
2864 3975 2891 4027 ὃ
2929 3978 3079 4047 παρὰ
3121 3974 3216 4027 τοῦ
3245 3973 3468 4046 Πατρὸς
3508 3966 3835 4039 ἐκπορεύεται.

641 4078 706 4113 uc
740 4077 824 4115 me
849 4078 865 4125 ;
888 4080 906 4112 1
946 4063 1180 4131 itemque
1212 4063 1320 4126 illa,
1370 4062 1708 4115 «Paracletus
1740 4060 1847 4130 (56)
1876 4070 2051 4114 autem
2085 4061 2206 4128 Spi—

2311 4068 2510 4130 ἐκεῖνος
2539 4069 2873 4138 μαρτυρήσει
2902 4070 3028 4139 περὶ
3049 4067 3181 4138 ἐμοῦ
3206 4085 3216 4098 ’
3249 4087 3267 4119 1
3312 4067 3410 4120 καὶ
3460 4065 3616 4118 πάλιν
3641 4079 3653 4091 ·
3691 4058 3773 4108 1⁷0
3795 4053 3836 4103 δὲ

644 4154 778 4207 ritus
823 4164 1064 4214 sanctus,
1117 4171 1279 4220 quem
1331 4155 1505 4207 mittet
1548 4153 1710 4207 Pater
1739 4157 1788 4205 in
1822 4154 2202 4216 110111111011100,

2311 4159 2678 4229 Παράκλητος,
2708 4162 2768 4212 τὸ
2796 4159 3017 4230 Πνεῦμα
3046 4160 3106 4213 τὸ
3127 4160 3301 4227 ἅγιον,
3348 4159 3378 4214 ὃ
3407 4157 3613 4228 πέμψει
3634 4157 3660 4208 6
3686 4147 3838 4214 Πατὴρ

642 4241 730 4294 11Ιο
761 4255 854 4294 vos
883 4242 1096 4294 docebit
1155 4242 1357 4302 omnia,
1395 4252 1446 4294 et
1475 4243 1527 4294 in
1561 4242 1874 4294 memoriam
1936 4244 2206 4296 revocabit

2311 4251 2362 4300 ἐν
2390 4248 2467 4320 τῷ
2492 4249 2713 4319 ὀνόματί
2746 4268 2868 4320 μου,
2893 4253 3099 4312 ἐκεῖνος
3132 4251 3276 4320 ὑμᾶς
3315 4251 3522 4316 διδάξει
3556 4248 3734 4304 πάντα,
3766 4235 3837 4289 καὶ

640 4329 789 4383 vobis
818 4331 1017 4393 omnia,
1056 4347 1172 4398 qua:
1204 4331 1309 4384 dixi
1357 4331 1530 4393 vobis,
1569 4349 1586 4378 1
1643 4344 1894 4398 perverse
1933 4333 2203 4401 accipien-

2311 4340 2605 4411 ὑπομνήσει
2647 4341 2788 4411 ὑμᾶς
2825 4342 3017 4402 πάντα.
3059 4342 3093 4395 ἃ
3123 4337 3275 4395 εἷπον
3328 4343 3493 4413 ὑμῖν·
3524 4360 3541 4390 1
3590 4338 3681 4391 οῦκ
3724 4331 3837 4384 ἀδια-

642 4433 744 4486 tes,
802 4421 1121 4491 suifragium
1173 4433 1360 4476 contra
1429 4423 1688 4490 Spiritum
1733 4433 1976 4477 sanctum
2006 4429 2202 4478 ferunt.

2311 4428 2550 4500 στρόφως
2569 4429 2834 4500 δέχονται,
2879 4432 3382 4502 καταψηφιζόμενοι
3417 4429 3512 4483 τοῦ
3540 4427 3686 4495 ἁγίου
3708 4415 3837 4474 Πνεὺ-

639 4513 715 4586 lia
751 4515 894 4569 enim
957 4515 1068 4569 haec
1137 4517 1393 4569 deberent
1453 4517 1718 4581 accipere,
1773 4524 1830 4567 ut
1885 4514 2203 4569 Paracletus

2311 4536 2495 4587 ματος.
2539 4521 2682 4572 Ἀντὶ
2698 4519 2805 4590 γὰρ
2824 4521 2917 4573 τοῦ
2940 4525 3080 4575 νοεῖν
3103 4522 3490 4594 Παράκλητον,
3526 4521 3560 4591 ἢ
3584 4516 3667 4571 διὰ
3683 4512 3735 4567 τὸ
3761 4523 3838 4560 πα·

641 4605 820 4660 dictus
857 4604 1019 4659 fuerit
1045 4613 1138 4658 aut
1164 4608 1287 4675 quia
1314 4617 1372 4659 ut
1397 4605 1536 4660 Deus
1568 4605 1984 4677 παρακαλεῖται,
2018 4607 2068 4659 id
2100 4616 2200 4672 est,

2311 4610 2654 4680 ρακαλεῖσθαι
2679 4611 2753 4674 ὡς
2767 4611 2899 4665 Θεὸν
2920 4630 2995 4664 πα
3004 4612 3070 4683 ρὰ
3091 4613 3191 4682 τῆς
3207 4611 3463 4675 κτίσεως,
3484 4612 3519 4681 ἢ
3535 4610 3619 4664 διὰ
3639 4607 3693 4658 τὸ
3708 4615 3840 4667 παρῶ

642 4697 922 4750 invocatur
950 4714 976 4749 a
1000 4707 1271 4758 creatura,
1298 4707 1389 4750 aut
1424 4699 1546 4765 quia
1580 4697 1747 4764 ipsam
1776 4696 2200 4767 παραμυθεῖται,

2311 4700 2588 4770 μυθεῖσθαι
2604 4703 2792 4772 αὐτὴν,
2811 4703 2904 4756 καὶ
2925 4703 3189 4774 θυμηδίαν
3211 4706 3304 4756 καὶ
3325 4707 3554 4774 εἰρήνην
3574 4693 3834 4770 ἐμῦάλλειν·

2393 586 2409 618 1
2435 567 2491 620 Ὀ
2513 587 2530 617 1
2565 565 2672 634 γὰρ
2708 583 2726 615 1
2746 564 2928 627 δοῦλος
2956 565 3054 618 οὐκ
3080 561 3236 626 οἶδεν,
3281 566 3334 618 τί
3361 569 3496 618 ποιεῖ
3523 569 3719 640 ὁκύριος
3737 576 3813 628 αὖ.

2317 659 2432 713 τοῦ.
2466 678 2484 710 1
2540 660 2660 710 ’Ὀτι
2695 657 2749 710 δὲ
2790 657 2889 710 οὐκ
2917 658 3002 709 ἀεὶ
3046 657 3104 708 τὸ
3129 660 3351 727 ἐρευνᾷν
3382 657 3455 726 τῷ
3479 660 3637 728 ζητεῖν
3655 664 3816 733 ὅμοιον,

2316 751 2691 820 διασαφηνίζει
2732 749 2801 802 τὰ
2836 749 3010 815 λόγια.
3051 748 3242 801 Ἡνίκα
3277 750 3374 818 μὲν
3408 753 3505 821 γὰρ
3526 756 3816 822 προφητεύει,

2324 860 2341 892 1
2366 841 2743 911 Ἐρευνῶντες,
2803 842 2880 903 είς
2915 840 3049 903 τίνα,
3084 841 3115 910 ἢ
3150 842 3299 891 ποῖον
3341 840 3521 910 καιρὸν
3547 841 3760 911 ἐδηλοῦτο
3779 845 3822 896 ἐν

2314 932 2499 994 αὐτοῖς
2529 929 2749 1001 Πνεῦμα
2779 929 3034 1000 Χριστοῦ,
3063 949 3079 978 1
3118 928 3178 981 τὸ
3218 928 3397 998 ζητεῖν
3456 931 3541 983 καὶ
3589 933 3825 1000 μανθάνειν

2313 1023 2479 1094 δηλοῖ,
2500 1023 2893 1095 παραπλησίως
2915 1021 2991 1091 τῷ
3018 1021 3227 1089 λέγοντι
3247 1039 3261 1051 ·
3291 1040 3308 1071 1
3332 1022 3600 1092 Ἐρευνᾶτε
3620 1024 3702 1088 τὰς
3715 1027 3826 1096 Γρα-

2315 1115 2446 1184 φάς·
2476 1135 2492 1167 1
2523 1115 2683 1185 ἡνίκα
2723 1116 2779 1168 δέ
2841 1117 2869 1168 6
2910 1114 3229 1176 Ἀπόστολος
3258 1115 3438 1185 γράφῃ
3471 1117 3588 1186 περὶ
3620 1117 3698 1169 τοῦ
3721 1117 3824 1171 Θεοῦ

2315 1209 2407 1261 καὶ
2449 1207 2660 1280 Πατρός
2680 1224 2694 1240 ·
2762 1226 2779 1258 1
2803 1209 2859 1260 Ὀ
2880 1207 2935 1259 δέ
2970 1207 3204 1278 ἐρευνῶν
3239 1207 3336 1270 τάς
3394 1207 3623 1279 καρδίας,
3651 1205 3766 1262 οἶδεν
3787 1210 3827 1260 τί

2311 1301 2373 1354 τὸ
2399 1301 2650 1371 φρόνημα
2677 1300 2770 1353 τοῦ
2805 1299 3139 1369 Πνεῦματος,
3186 1300 3267 1352 ὅτι
3297 1299 3432 1351 κατᾶ
3460 1299 3580 1352 Θεὸν
3612 1301 3826 1368 ἐντυγχά-

2312 1410 2392 1444 νει
2427 1392 2563 1462 ὑπὲρ
2592 1390 2791 1458 ἁγίων·
2818 1410 2835 1442 1
2869 1389 2902 1460 ἦ
2951 1391 3008 1443 ἐν
3054 1391 3096 1443 λ’
3119 1390 3312 1460 ψαλμῷ
3340 1390 3508 1459 λέγει·
3543 1409 3559 1441 1
3585 1392 3691 1443 ’Ὁτι
3726 1393 3826 1461 ἀλη-

2313 1484 2463 1546 θείας
2488 1481 2705 1551 ἐκζητεῖ
2733 1481 2933 1550 Κύριος
2952 1499 2967 1513 ·
2995 1501 3013 1533 1
3066 1483 3099 1551 ἦ
3133 1484 3190 1535 ἐν
3225 1482 3269 1544 ζ’
3291 1500 3303 1512 ·
3339 1502 3357 1533 1
3381 1483 3606 1546 Ἐτάζων
3647 1483 3829 1552 καρδίας

2312 1575 2406 1627 καὶ
2450 1575 2679 1644 νεφροὺς
2731 1573 2759 1624 6
2810 1572 2941 1634 Θεός
2965 1589 2978 1603 ·
3011 1591 3028 1623 1
3083 1572 3399 1642 ἦέτέρωθι·
3445 1591 3462 1622 1
3487 1573 3723 1642 Ἐρευνῶν
3758 1588 3828 1623 τα.-

2314 1667 2441 1734 μεῖα
2461 1664 2665 1727 κοιλίας
2685 1677 2696 1688 ·
2723 1682 2740 1714 1
2781 1663 2840 1716 οῦ
2870 1663 2932 1714 τὸ
2963 1663 3234 1730 ἐξετάζειν
3276 1663 3370 1716 καὶ
3403 1663 3695 1733 μανθάνειν,
3727 1661 3831 1714 ἀλλὰ

119 5413 296 5650 '
307 5631 373 5672 [ﬁ

639 4786 741 4841 hoc
774 4798 858 4842 est
897 4788 1228 4849 consolatur,
1270 4798 1323 4841 et
1351 4788 1770 4842 oblectationem
1822 4789 1869 4839 ei
1916 4802 1978 4840 ac
2013 4803 2195 4856 pacem

2306 4791 2605 4862 συνώνυμα
2634 4794 2741 4863 γὰρ
2787 4796 2844 4846 αῖ
2879 4795 3050 4860 λέξεις
3083 4796 3181 4865 τῆς
3205 4796 3610 4866 παρακλήσεως
3655 4787 3736 4840 καὶ
3760 4797 3838 4834 πα-

640 4879 821 4940 1111011,
855 4893 1170 4948 synonyma:
1208 4879 1348 4931 enini
1403 4890 1530 4933 sunt
1580 4893 1736 4932 voces
1787 4877 2199 4949 παρακλήσεως,

2311 4883 2576 4952 inium“;
2596 4885 2730 4936 εἰσίν
2750 4904 2762 4916 “
2790 4886 2865 4948 ὡς
2886 4887 3084 4956 γράφει
3105 4903 3118 4916 ⁸
3152 4907 3170 4937 1
3192 4889 3302 4940 Καὶ
3323 4889 3456 4950 τοὺς
3479 4881 3748 4939 ταπεινοὺς
3765 4887 3835 4924 του

728 5057 841 5123 (321
881 5055 1094 5110 Scr-vus.
1123 5054 1277 5110 Joan.
1311 5072 1398 5116 xv,
1444 5057 1508 5108 15

709 5127 820 5195 (45)
863 5124 1187 5179 Scrutantes.
1223 5126 1362 5191 Ep.l
1401 5127 1541 5178 Petr.
1576 5143 1612 5188 t,
1651 5127 1736 5182 11.

709 5196 822 5261 (44)
865 5197 1209 5248 Scrutamiui.
1247 5195 1402 5248 Joan.
1437 5211 1486 5258 v,
1522 5197 1606 5248 59.

731 5267 822 5326 45)
862 5264 964 5329 Qui
995 5278 1188 5317 autent.
1235 5267 1384 5317 110111.
1420 5282 1532 5327 vm,
1583 5265 1669 5317 27.

732 5334 823 5399 46)
861 5335 1142 5405 Quoniam.
1176 5333 1318 5405 Psal.
1348 5351 1472 5400 xxx,
1533 5336 1592 5405 51
1638 5336 1752 5402 (seu
1786 5334 1897 5405 21).

705 5406 820 5474 (47)
865 5403 1138 5457 Scrutaris.
1184 5403 1328 5459 Psal.
1357 5420 1449 5467 vn,
1489 5404 1571 5458 10.

712 5473 822 5544 (48)
866 5475 1143 5526 Scrutaris.
1189 5476 1344 5527 Prov.
1400 5492 1465 5528 xx
1513 5475 1602 5526 ‘27.
1650 5474 1836 5530 Graeca
1883 5475 2092 5530 editio:
2139 5476 2196 5538 ὃς

640 5545 839 5614 ἐρευνᾷ
869 5545 1087 5614 ταμιεῖα
1099 5584 1110 5594 .

671 5597 825 5685 ’(49)
861 5597 1156 5682 Expertcnt.
1194 5611 1248 5664 lu
1277 5613 1464 5668 Graeco
1510 5615 1660 5668 deest
1703 5616 1876 5684 aliqua
1917 5617 2101 5681 dictio,
2141 5624 2198 5668 ut

638 5684 917 5754 legendum
961 5686 1048 5748 sit,
1081 5685 1310 5751 exempli
1344 5689 1533 5753 gratia,
1575 5687 1649 5755 μὴ
1677 5687 2066 5758 ἀπονεμηθείη,
2107 5697 2197 5740 aut

2257 5082 2261 5086 -
2307 5059 2410 5111 alio
2431 5060 2799 5117 simili.modo.

2376 5128 2486 5202 (50)
2519 5130 2690 5195 Quod.
2727 5132 3239 5202 Librariusrscripsit
3292 5137 3468 5188 οἴσει·
3505 5135 3565 5188 τὸ
3587 5132 3660 5186 δέ.
3690 5129 3840 5183 Enn-n-

2305 5199 2446 5267 davi,
2473 5217 2550 5270 ac,
2569 5203 2756 5270 scripsi
2785 5204 2918 5255 οἴσει
2942 5201 3081 5254 τόδε.

2522 5269 3027 5345 ,ζημιώσῃ-801111.
3065 5288 3104 5337 1,
3130 5273 3212 5345 715
3249 5271 3379 5341 (seu
3425 5274 3552 5345 1‘2).

2399 5340 2487 5410 52)
2530 5339 2807 5410 Spiritum.
2845 5339 2986 5395 l’sal.
3017 5358 3067 5403 L,
3120 5344 3186 5394 111
3216 5339 3343 5406 (Seu
3377 5347 3448 5398 15
3473 5361 3509 5410 ).

2535 5409 2775 5484 Qcculm.
2811 5413 2885 5484 Ex
2915 5414 3102 5484 eodem
3129 5412 3276 5484 l’sal:
3301 5415 3408 5484 ν)1.,“ῑ
3438 5408 3576 5484 (sive
3597 5411 3667 5480 8).

2375 5479 2485 5547 (54)
2529 5479 2660 5533 Cum
2702 5483 2912 5536 venerit.
2940 5482 3095 5535 Joan.
3135 5498 3224 5545 xv,
3253 5481 3344 5535 26.

2377 5548 2491 5618 (55)
2536 5550 2672 5603 Meo.
2711 5551 2866 5605 Deest
2897 5553 3010 5606 haec
3042 5568 3140 5606 vox
3179 5553 3232 5604 in
3264 5552 3484 5610 Bibliis.

2377 5619 2488 5689 (56)
2535 5618 2864 5675 Paracietus.
2898 5620 3053 5677 Joan.
3101 5637 3209 5687 xw,
3247 5620 3337 5675 9.6.
