4042 6404
281 301 375 359 975

1323 287 1408 345 DE
1447 289 1817 346 TRlNl'lA'll'.
1858 289 2058 338 LIBER
2099 286 2420 341 TERTIUS.

3407 283 3506 339 975

279 412 402 468 λαοῦ
437 408 602 466 αὑτοῦ
633 405 1013 478 παρεκάλεσεν.
1047 423 1064 454 ι
1113 405 1224 457 Καὶ⁵
1273 405 1306 474 ὴ
1339 403 1404 455 ἐκ
1443 401 1570 474 [2M
1602 399 1657 470 τι]
1681 415 1848 470 προσ-

1957 405 2005 446 at
2044 394 2420 466 παραμυθίας.
2485 393 2710 464 ideoque
2742 393 3000 461 scriptum
3033 392 3122 445 fuit
3153 411 3166 448 :
3198 393 3290 447 «Et
3333 392 3511 447 humi-

281 506 420 558 ὠπου
449 501 560 555 τῶν
583 498 916 567 ἀξιωθέντων
941 493 1039 565 τῆς
1066 493 1415 565 παραμυθίας
1445 491 1605 563 φησίν
1626 508 1640 521 ·
1687 511 1705 541 ι
1731 489 1844 543 Κύ-

283 614 378 669 ριε,
410 593 553 648 κατά
610 591 670 643 τὸ
704 587 904 657 πλῆθος
931 582 1038 640 τῶν
1079 585 1278 637 ὀδυνῶν
1324 602 1423 655 μου
1472 587 1528 636 ὲν
1554 587 1618 652 τῇ
1653 583 1848 654 καρδίᾳ

283 704 378 756 μου
401 686 453 737 αἳ
480 680 848 752 παρακλήσεις
875 694 966 729 σου
989 674 1258 745 εῦφραναν
1283 673 1379 744 τὴν
1405 673 1631 744 καρδίαν
1661 691 1760 744 μου
1784 690 1795 701 ·
1823 693 1840 724 ι

280 775 370 828 καὶ
398 772 558 826 παλιν
581 787 594 799 ·
669 788 686 820 ι
721 765 966 828 Ἐδωκας
1006 763 1340 836 εὐφροσύνην
1375 765 1454 826 εἰς
1496 761 1592 834 τὴν
1619 763 1846 834 καρδίαν

283 881 442 944 pom.)
494 859 604 915 Καὶ
633 858 706 921 ὼς
757 855 965 919 Παῦλος
1014 851 1493 906 Θεσσαλονικεῦσιν
1526 851 1844 921 ὲπεύχεται’

286 972 303 1004 ι
332 941 500 1012 Αῦτὸς
541 949 594 1002 δὲ
633 949 660 1002 ὁ
699 945 899 1016 Κύριος
951 943 1106 1014 ἡμῶν
1143 941 1347 1012 Ἰησοῦς
1405 941 1655 1012 Χριστὸς,
1709 941 1847 992 καὶὸ

278 1044 409 1106 Θεὸς
456 1041 546 1094 καὶ
600 1039 785 1108 Πατὴρ
816 1035 1184 1106 παρακαλέσει
1240 1032 1393 1103 ὑμῶν
1424 1033 1521 1095 τὰς
1553 1032 1792 1104 καρδίας.
1823 1052 1842 1083 ι

279 1137 341 1189 Οἱ
373 1135 430 1188 δὲ
461 1132 583 1187 ἀντὶ
599 1130 687 1185 τοῦ
714 1129 854 1183 οὕτω
882 1129 1042 1189 νοεῖν,
1087 1126 1332 1193 λέγουσιν
1371 1124 1460 1178 διὰ
1506 1125 1566 1178 τὸ
1597 1142 1848 1196 παρακα-

278 1227 388 1280 λεῖν
426 1227 566 1297 ὑπὲρ
616 1223 782 1292 αὐτῆς
820 1219 1130 1289 ὠνομάσθαι
1172 1215 1558 1287 Παράκλητον·
1605 1216 1697 1269 καὶ
1751 1218 1850 1269 ἐπ-

193 1371 196 1373 λ
277 1321 526 1386 ἄγουσιν,
555 1317 635 1369 ὅτι
667 1315 758 1368 καὶ
786 1309 1188 1365 ἀποστέλλεται.
1227 1307 1384 1359 Ἀλλά
1411 1307 1622 1378 πρῶτον
1648 1307 1744 1378 μὲν
1771 1305 1850 1378 τῷ

277 1430 333 1465 τε
369 1409 511 1478 ἀγίῳ
562 1403 838 1474 Πνεῦματι
871 1399 964 1454 καὶ
1009 1399 1088 1470 τῷ
1128 1396 1241 1467 Υἱῷ
1293 1397 1561 1450 ὲπίκοινόν
1603 1399 1716 1450 ἐστι
1757 1397 1848 1451 τοῦ

277 1499 634 1573 Παρακλήτου
663 1497 721 1548 τὸ
743 1493 930 1564 ὖνομα,
966 1491 1040 1554 ὡς
1070 1489 1163 1543 καὶ
1205 1491 1236 1559 ἡ
1265 1487 1426 1557 φύσις
1445 1505 1457 1517 ο
1488 1488 1630 1541 καθὰ
1670 1489 1849 1543 Ἰωάν-

275 1611 376 1665 νης
410 1591 685 1661 γέγραφεν
706 1585 894 1647 οὕτως,
930 1585 985 1635 ὲν
1012 1581 1109 1652 μὲν
1132 1583 1250 1643 ταῖς
1288 1579 1636 1643 Καθολικαῖς·
1675 1599 1692 1630 t
1712 1580 1851 1634 Ταῦ-

275 1703 345 1740 τα
378 1683 575 1754 γράφω
602 1681 748 1748 ὑμῖν,
781 1677 868 1730 ἵνα
901 1674 971 1745 μὴ
999 1673 1278 1744 ἁμάρτητε
1297 1689 1311 1702 ·
1339 1672 1432 1725 ἐὰν
1463 1671 1518 1724 δὲ
1555 1671 1648 1725 καὶ
1669 1673 1848 1744 ἁμάρ-

275 1793 485 1848 τωμενν
537 1769 889 1841 Παράκλητον
945 1765 1136 1835 ἔχομεν
1166 1763 1301 1834 πρὸς
1351 1763 1439 1816 τὸν
1473 1763 1603 1816 Θεὸν
1645 1764 1850 1834 Ἰησοῦν

275 1866 519 1940 Χριστὸν
567 1863 793 1925 δίκαιον,
849 1858 942 1911 καὶ
987 1855 1149 1918 αὐτὸς
1186 1855 1423 1924 ’ἱλασμός
1450 1856 1562 1908 ἐστι
1594 1856 1850 1926 περὶτῶν

276 1960 566 2034 ἁμαρτιῶν
611 1954 824 2026 ἡμῶν.»
881 1950 1239 2020 Ἐπιτὴρησον
1265 1948 1321 2000 δὲ
1376 1948 1532 2011 τέως.
1567 1949 1852 2020 ὄτιΠαρά-

275 2055 478 2125 κλητον
513 2050 645 2121 πρὸς
665 2048 755 2100 τὸν
775 2044 904 2098 Θεὸν
925 2043 1090 2095 εἰπὼν
1135 2039 1338 2109 Ἰησοῦν
1367 2039 1616 2108 Χριστὸν,
1641 2039 1716 2111 τῷ
1744 2042 1852 2094 Πα-

276 2147 538 2219 ρακλήτῳ
564 2143 658 2212 τὴν
688 2136 931 2205 ἐξουσίαν
960 2135 1271 2202 ἀπένειμεν,
1312 2131 1386 2196 ὡς
1409 2132 1569 2185 αὐτοῦ
1602 2150 1849 2204 παρακα-

273 2239 544 2308 λουμένου
567 2253 579 2265 ο
614 2251 632 2285 ι
657 2231 846 2293 Αὐτὸς,
892 2227 1020 2298 γὰρ,
1045 2244 1064 2277 ›
1100 2225 1282 2295 φησὶν,
1324 2241 1340 2271 t
1365 2223 1589 2294 ἱλασμός
1620 2226 1764 2278 ἐστιν
1795 2243 1844 2277 ἰ

275 2326 345 2379 ἵν’
371 2323 515 2377 οὕτω
559 2321 651 2374 καὶ
703 2319 761 2371 τὸ
801 2314 1141 2382 αὐτεξούσιον
1174 2312 1268 2365 τοῦ
1304 2313 1658 2383 Παρακλήτου
1680 2313 1848 2386 δείξῃ,

274 2419 378 2473 καὶ
406 2419 485 2480 εἰς
514 2414 610 2486 τὴν
645 2412 770 2484 μίαν
795 2408 1022 2478 θεότητα
1057 2405 1147 2458 τὸν
1172 2404 1394 2474 ἱλασμὸν
1423 2404 1690 2478 ἀναγάγῃ.

1948 491 2025 544 les
2087 488 2199 559 (ΞΠ)
2269 487 2447 558 populi
2500 488 2580 542 sui
2622 485 2730 558 (5'8)
2782 480 3217 557 παρεκάλεσεν.»
3457 487 3510 539 id

1946 591 2050 643 est,
2079 580 2416 632 tconsolalus
2439 589 2574 634 est.»
2597 576 2663 632 Et
2695 594 2758 632 ex
2791 593 3017 647 persona
3049 577 3159 646 (59)
3187 592 3395 643 eorum,
3421 573 3513 645 qui

1949 671 2257 740 hujusmodi
2305 670 2734 723 consolationem
2771 679 2896 722 sunt
2930 669 3227 730 consecuti,
3257 669 3332 723 ait
3366 669 3515 722 Psal‘

1949 773 2028 818 les
2058 781 2071 816 :
2111 782 2129 813 ι
2160 763 2383 816 Domine
2416 761 2547 832 (60),
2591 762 2884 816 secundum
2919 761 3320 816 multitudinem
3368 760 3518 815 doloo

1949 871 2064 908 rum
2099 869 2339 908 meorum
2373 855 2422 907 in
2475 854 2638 906 corde
2675 868 2792 907 meo
2821 852 2875 905 oti.
2911 852 3285 925 παρακλήσεις
3310 852 3383 923 (id
3409 860 3512 916 est,

1949 944 2350 1013 consolationes)
2399 954 2500 997 tua:
2546 943 2954 996 lmtitic:iveruut
2986 959 3078 995 cor
3105 957 3278 994 meum
3315 940 3422 1010 (Gl)
3449 957 3463 1006 ;
3490 961 3509 992 ο

1949 1050 2002 1091 cl
2040 1055 2265 1092 rursus:
2309 1056 2326 1088 ι
2359 1036 2561 1091 Dedisti
2596 1036 2709 1103 (62)
2740 1036 2980 1089 laetitiam
3019 1034 3069 1087 ili
3111 1036 3274 1088 cOrde
3305 1047 3456 1096 meo;
3491 1050 3510 1082 ι

1949 1140 2002 1183 et
2027 1129 2222 1183 Paulus
2247 1129 2823 1182 Thessalonicensilms
2860 1125 2973 1180 hzec
3004 1133 3254 1192 precatur
3286 1141 3300 1179 :
3349 1143 3368 1175 ‹
3398 1123 3517 1192 Ipse

1952 1220 2062 1289 (65)
2094 1232 2271 1272 autem
2307 1219 2564 1272 Dominus
2597 1230 2776 1272 noster
2806 1218 2960 1273 Jesus
2999 1217 3269 1278 Christus.
3298 1227 3352 1270 et
3376 1216 3516 1270 Deus

1953 1325 2013 1364 ac
2050 1311 2206 1364 Pater
2239 1308 2612 1382 παρακαλέσει
2659 1311 2732 1381 (id
2776 1320 2877 1374 est,
2923 1309 3298 1374 consultabitur)
3353 1311 3513 1364 corda

1954 1415 2201 1459 vestra.»
2267 1404 2334 1455 At
2391 1417 2518 1454 vero
2550 1401 2649 1470 ipsi
2713 1417 2814 1455 non
2888 1402 2958 1454 ita
2997 1399 3292 1470 intelligunt
3356 1401 3512 1454 allata

1949 1492 2171 1549 Joannis
2196 1496 2355 1546 verba
2383 1534 2398 1556 ,
2437 1493 2529 1546 scd
2564 1493 2736 1555 aiunt,
2773 1491 3028 1560 Spiritum
3075 1502 3321 1545 sanctum
3357 1507 3516 1546 Vora‘

1952 1593 2064 1637 tum
2128 1583 2294 1636 fuisse
2357 1579 2725 1643 Pararletnm,
2781 1585 2906 1652 quia
2958 1582 3266 1653 παρακαλεῖ
3313 1582 3387 1652 (id
3432 1595 3516 1636 est

1954 1674 2187 1737 invocat,
2241 1681 2334 1726 aut
2391 1671 2656 1742 hortatur)
2719 1688 2814 1742 pro
2872 1674 2982 1742 ipsa
3031 1683 3513 1742 creaturazatque

1958 1766 2084 1818 illud
2123 1765 2344 1833 insuper
2380 1766 2602 1826 addunt,
2640 1779 2764 1818 eum
2803 1779 2994 1833 nempe
3023 1766 3182 1818 etiam
3218 1763 3376 1818 mitti.
3410 1765 3514 1824 Sed

1952 1858 2190 1927 primum
2240 1857 2455 1926 quidem
2507 1871 2627 1908 cum
2684 1854 2904 1924 Spiritui
2959 1865 3168 1918 sancto,
3223 1865 3333 1909 tum
3381 1854 3519 1908 Filiu

1960 1964 2253 2007 commune
2303 1959 2384 2002 est
2429 1946 2540 2018 (64)
2580 1947 2842 2001 Paracleti
2897 1964 3110 2010 nomen,
3155 1949 3295 2002 situt
3331 1947 3515 2002 eadem

1956 2039 2332 2108 esteat-iusque
2355 2047 2568 2104 natura,
2594 2039 2746 2108 juxta
2779 2053 2840 2091 ea
2879 2053 2997 2106 qua:
3016 2036 3248 2093 Joannes
3279 2039 3516 2109 scripsit.

1961 2131 2092 2185 Nam
2158 2133 2210 2184 in
2269 2129 2544 2185 Catholica
2607 2130 2820 2200 quidem
2889 2130 3118 2198 Epistola
3183 2130 3301 2185 ait:
3344 2130 3519 2185 tlltcc

1959 2222 2137 2276 scribo
2192 2219 2305 2290 (65)
2350 2219 2520 2279 vobis,
2572 2229 2631 2272 ut
2669 2234 2771 2271 non
2816 2218 3048 2288 peccetis
3095 2234 3108 2270 :
3166 2219 3209 2272 si
3261 2228 3523 2272 autemet

1960 2310 2361 2380 pcccaverimus
2425 2308 2584 2379 (66),
2656 2307 2996 2362 Paraclelcm
3064 2309 3320 2363 habemus
3381 2309 3524 2379 apud

1961 2405 2125 2459 Deum
2166 2401 2299 2472 (67),
2335 2398 2516 2455 Jesum
2553 2401 2828 2454 Christum
2852 2401 3080 2470 justum,
3110 2410 3163 2455 et
3194 2402 3309 2470 ipse
3341 2402 3523 2470 propi-

275 2511 440 2566 tiatio
492 2516 576 2561 est
627 2519 721 2576 pro
767 2502 1003 2572 peccatis
1040 2499 1254 2553 nostris.
1316 2515 1334 2549 ι
1372 2497 1518 2562 ξηιυά
1595 2513 1723 2555 vero
1770 2518 1912 2557 nunc
1985 2501 2234 2561 observa,
2283 2494 2422 2564 quod
2473 2503 2753 2564 postquam
2806 2493 3134 2548 Paracletum
3179 2496 3316 2564 apud
3359 2495 3521 2549 Dennt

275 2601 424 2655 dixit
449 2598 630 2653 Jesum
654 2594 952 2654 Christum,
989 2592 1160 2646 eidem
1204 2589 1484 2643 Paracleto
1520 2600 1838 2660 potestatem
1877 2609 1941 2649 ac
2001 2587 2422 2644 dominationem
2487 2585 2692 2649 tribuit,
2725 2595 2977 2652 tanquam
3006 2586 3055 2640 ci
3081 2587 3173 2654 qui
3199 2588 3516 2650 invocatur;

281 2714 299 2745 ι
326 2692 454 2760 Ipse
483 2688 646 2750 enim,
706 2703 724 2736 ι
753 2684 946 2751 inquit,
978 2699 996 2733 ι
1053 2691 1138 2735 est
1195 2681 1506 2750 pmpitiatio

1560 2697 1624 2734 ε»
1661 2692 1717 2735 ιιι
1750 2699 1940 2754 nempe
1983 2686 2083 2737 hac
2151 2679 2358 2734 ratione
2416 2685 2470 2730 et
2532 2685 2851 2746 potestatem
2925 2674 3186 2732 Paracleti
3249 2681 3520 2750 propriam

275 2783 574 2841 ostendat,
634 2784 687 2831 et
733 2773 1164 2844 propitiationem
1226 2773 1290 2824 ad
1361 2787 1519 2824 unam
1581 2773 1832 2827 deitatem
1875 2775 2088 2828 referat.

350 2875 470 2930 Καὶ
504 2871 662 2926 πάλιν
685 2872 741 2923 ὲν
763 2867 1074 2938 Εὑαγγελίῳ
1101 2865 1206 2920 ἀπὸ
1233 2866 1324 2918 τοῦ
1346 2866 1612 2920 Δεσπότου
1639 2883 1651 2895 ·
1693 2886 1710 2918 ι
1735 2867 1859 2922 Ἐὰν
1886 2874 1929 2933 C

273 2964 537 3037 ἀγαπᾶτέ
568 2980 656 3034 με,
705 2961 801 3024 τὰς
834 2958 1048 3022 ὲντολάς
1083 2958 1181 3022 τὰς
1229 2957 1366 3028 ἐμὰς
1387 2959 1682 3029 τηρήσατε,
1706 2959 1859 3029 κάγὼ

274 3059 549 3132 ἐρωτήσω
579 3055 668 3108 τὸν
693 3052 928 3122 Πατέρα,
958 3053 1052 3106 καὶ
1107 3050 1261 3104 ἄλλον
1318 3051 1671 3122 Παράκλητον
1701 3051 1859 3106 δώσει

276 3153 440 3220 ὑμῖν,
477 3149 563 3200 ἵνα
593 3146 729 3217 μένῃ
780 3143 894 3214 μεθ’
919 3142 1071 3212 ὑμῶν
1101 3143 1178 3204 είς
1203 3141 1293 3193 τὸν
1325 3141 1514 3206 αἰῶνα,
1547 3142 1607 3194 τὸ
1639 3141 1861 3213 Πνεῦμα

274 3246 386 3314 τῆς
441 3237 716 3311 ἀληθείας,
750 3235 777 3288 ὸ
810 3236 838 3287 ὁ
869 3234 1068 3303 κόσμος
1097 3232 1156 3284 οὐ
1213 3231 1432 3285 δύναται
1463 3231 1664 3296 λαϐεῖν,
1689 3235 1768 3286 ὅτι
1800 3233 1860 3285 οὐ

277 3333 488 3402 θεωρεῖ
514 3327 664 3390 αὐτὸ,
690 3325 811 3379 οὐδὲ
851 3322 1106 3393 γινώσκει
1129 3323 1261 3375 αὐτό
1281 3339 1295 3353 ’
1321 3323 1476 3392 ὑμεῖς
1499 3323 1553 3375 δὲ
1571 3322 1866 3391 γινώσκετε

278 3419 442 3481 αὐτὸ,
477 3418 558 3469 ὅτι
616 3414 743 3485 παρ’
773 3414 901 3484 ὑμῖν
945 3412 1118 3482 μένει,
1175 3412 1268 3464 καλ⁸
1295 3413 1352 3464 ὲν
1387 3411 1515 3482 ὑμῖν
1544 3412 1714 3466 ἔσται.
1757 3414 1868 3466 Οὐκ

279 3512 487 3580 ἀφήσω
510 3508 652 3577 ὑμᾶς
677 3505 803 3576 [2H
825 3504 877 3577 ὁ]
907 3503 1174 3574 ὀρφανούς
1198 3519 1213 3533 ο
1245 3502 1474 3572 ἔρχομαι
1493 3503 1628 3574 πρὸς
1655 3505 1797 3572 ὑμᾶς
1817 3520 1828 3530 ·
1844 3523 1864 3556 ι

282 3603 448 3657 ἀλλον
473 3596 828 3668 Παράκλητον
857 3596 1055 3666 φήσας,
1094 3595 1154 3646 οὐ
1190 3593 1308 3646 κατ’
1332 3593 1541 3658 οὐσίαν,
1572 3594 1706 3647 ἀλλά
1749 3592 1870 3648 καθ’

358 3845 480 3912 (57)
534 3842 600 3894 Et
639 3841 878 3912 humiles.
913 3838 1026 3892 Non
1062 3837 1434 3912 exstantbzec
1473 3836 1634 3894 verba
1667 3838 1717 3890 in
1762 3837 1864 3912 La-

283 3907 425 3970 tinis
462 3907 678 3966 'Bibliis.
709 3910 892 3964 Grznca
919 3911 1081 3964 editio
1108 3924 1170 3962 ea
1221 3909 1381 3962 habet
1418 3907 1522 3963 lsa.
1575 3923 1698 3961 xu:
1721 3949 1737 3968 ,
1768 3909 1860 3961 15.

281 3990 501 4040 Auctor
543 3993 716 4034 tamen
751 3979 868 4032 libri
917 3980 1070 4049 primi
1101 3977 1347 4049 Machab.
1388 3993 1508 4049 cap.
1555 3993 1665 4049 xiv,
1715 3979 1857 4049 hunc

284 4056 445 4108 Isaia!
474 4054 645 4105 locum
673 4046 1008 4118 imitatus'ait
1033 4047 1195 4118 [Καὶ
1223 4047 1471 4118 ἐστήριξε
1502 4047 1705 4118 πάντας
1731 4046 1856 4118 τοὺς

279 4123 584 4184 ταπεινοὺς
619 4119 712 4173 τοῦ
754 4119 883 4172 λαοῦ
922 4117 1106 4180 αὑτοῦ,
1145 4120 1194 4172 id
1219 4128 1320 4175 est.
1342 4117 1405 4170 ut
1436 4118 1626 4184 legitur
1651 4117 1701 4169 in
1731 4117 1859 4170 Vul-

283 4203 416 4264 gata
445 4193 700 4264 editione,
747 4207 764 4239 t
804 4189 868 4242 Et
899 4191 1239 4242 conlirmavit
1277 4201 1467 4241 omnes
1504 4187 1733 4241 humiles
1761 4202 1857 4255 po-

325 4263 406 4314 uli
438 4263 538 4313 sui.
575 4279 595 4312 ι

284 4281 700 4398 Ρυξὲὲῗιὲιίὶλιι
717 4327 853 4381 libro
879 4327 950 4380 De
972 4325 1171 4398 Spiritu
1197 4336 1397 4389 sancto,
1428 4339 1575 4378 num.
1598 4322 1690 4398 28,
1714 4323 1856 4377 edita

285 4395 624 4470 exetuplaria
674 4398 1033 4470 nonihabent
1096 4397 1542 4470 hattc‘vocem_:_
1583 4395 1675 4447 sed
1735 4408 1854 4446 eam

288 4463 473 4525 habet
505 4480 689 4523 noster
716 4469 914 4530 codex,
944 4469 1070 4520 item
1099 4475 1155 4519 ut
1181 4465 1373 4520 Biblia.
1405 4484 1424 4516 ι
1454 4463 1702 4519 Salvator
1728 4477 1855 4530 quo-

288 4555 430 4608 que,
469 4541 546 4592 ait
596 4539 666 4591 ibi
699 4537 974 4660 DidEmus,
1009 4535 1429 4589 consolationem
1453 4573 1468 4598 ,
1509 4549 1539 4588 e
1578 4548 1684 4602 qua
1727 4532 1852 4600 Spi-

290 4614 439 4660 ritus
476 4619 698 4660 sanctus
728 4626 746 4658 ι
840 4607 1105 4660 aracletus
1135 4623 1154 4656 ι
1195 4612 1528 4660 nuncupatus
1568 4612 1681 4660 est,
1731 4618 1852 4660 ope-

290 4607 439 4664 ritus
476 4619 698 4663 sanctus
728 4626 746 4658 ι
795 4607 1105 4660 Paracletus
1135 4623 1154 4656 ι
1195 4612 1528 4674 nuncupatus
1568 4612 1696 4674 est,
1731 4618 1856 4670 epe-

289 4690 454 4734 rator
493 4680 545 4731 in
573 4679 824 4731 cordibus
858 4691 1044 4730 eorum
1067 4675 1156 4742 qui
1178 4689 1240 4728 ea
1274 4671 1511 4743 indigent
1540 4689 1555 4727 :
1594 4671 1852 4738 scriptum

292 4760 384 4802 est
428 4749 570 4800 enim
607 4764 621 4799 :
656 4765 674 4796 ι
723 4747 786 4800 Ει
813 4745 1040 4815 humiles
1070 4744 1246 4815 populi
1277 4743 1421 4815 [cod.
1462 4751 1646 4815 noster
1670 4743 1854 4815 addit,

293 4816 411 4889 sui]
433 4817 740 4870 consolatus
771 4827 872 4870 est.
913 4833 931 4865 t
964 4811 1115 4869 Unde
1137 4811 1190 4867 et
1214 4813 1258 4889 is
1278 4811 1380 4882 'qui
1405 4813 1508 4889 hoc
1539 4811 1854 4889 beneﬁcium

299 4881 485 4940 fuerat
529 4896 883 4950 consecutus,
937 4899 1058 4938 eum
1093 4881 1796 4952 prtedicansploquebatur
1840 4897 1852 4932 :

301 4977 321 5009 ι
361 4956 596 5010 Domine
617 4993 632 5018 ,
685 4957 974 5010 secundum
1017 4950 1409 5005 multitudinem
1437 4950 1682 5004 dolorum
1711 4963 1860 5002 meo-

299 5042 422 5080 rum
452 5028 505 5078 in
543 5026 705 5079 corde
761 5041 880 5078 meo
911 5022 1305 5078 consolationes
1327 5031 1429 5074 tua:
1456 5021 1860 5074 laetitlcaveruot

296 5113 402 5150 cor
445 5109 622 5148 meum
646 5133 662 5157 ,
693 5112 710 5144 ι
741 5094 871 5151 sive.
914 5111 932 5143 t
968 5091 1270 5146 dilexerunt
1300 5092 1535 5144 animam
1580 5103 1775 5140 meam.
1836 5106 1854 5138 ›

297 5167 547 5234 Utroque
586 5166 727 5217 enim
776 5165 1048 5234 scriptum,
1090 5158 1468 5234 esse_[uom_en
1522 5159 1694 5234 codex
1748 5172 1860 5234 non

301 5228 476 5289 habet
513 5248 701 5288 vocem
724 5273 740 5298 ,
771 5228 902 5305 esse]
930 5232 1088 5286 modo
1117 5230 1172 5283 in
1209 5228 1437 5284 diversis
1469 5228 1864 5295 exemplaribus

300 5305 600 5359 invenitur.
643 5322 664 5355 ι

377 5373 489 5442 (59)
513 5372 597 5442 γει
626 5387 689 5426 ea:
715 5388 952 5440 persona.
982 5368 1162 5442 deex
1193 5367 1352 5442 habet
1382 5386 1394 5421 :
1428 5367 1520 5420 κα)⁵
1550 5367 1664 5435 ἡὲκ
1703 5381 1867 5438 προσ-

509 5434 810 5511 Legendum
845 5458 868 5513 ε
886 5442 981 5513 καὶ
1087 5441 1151 5491 ὲκ
1172 5437 1480 5513 προσώπου.

380 5514 494 5582 (60)
547 5506 785 5566 Domine.
844 5506 1346 5582 Esal.'itcut,_719.
1405 5508 1551 5582 llaec
1601 5506 1866 5582 vos,K_'.i-

347 5577 412 5644 ιε’,
463 5577 728 5635 omittitur
775 5583 828 5634 in
856 5580 1040 5634 Graeca
1079 5579 1312 5632 editione
1362 5587 1417 5632 et
1453 5579 1505 5632 in
1533 5577 1738 5630 Latinis
1775 5577 1866 5629 Bi-

347 5601 412 5644 ιε,
463 5600 728 5635 οηιιιιιιυι·
775 5600 828 5634 Ill
856 5600 1040 5634 υτωεει
1079 5600 1312 5632 eumunc
1362 5600 1417 5632 ει
1453 5600 1505 5632 III
1533 5600 1738 5630 Lautus
1775 5600 1864 5629 οι·

307 5600 446 5706 ﬁliis.
485 5652 739 5722 Didymus
755 5665 891 5722 vero
933 5649 1228 5722 eam‘legit
1271 5651 1435 5722 etiam
1488 5647 1623 5703 libro
1655 5647 1728 5702 De
1771 5645 1864 5715 Sp.

310 5733 491 5776 uncto
520 5718 600 5774 ln'
619 5721 793 5774 verbis
821 5734 938 5787 qua:
965 5719 1122 5774 modo
1150 5718 1324 5775 attuli.

2036 2867 2242 2921 Rursus
2290 2875 2466 2919 autem
2537 2863 2588 2916 in
2627 2863 2912 2932 Evangelio
2949 2878 3014 2917 ex
3046 2877 3272 2932 persona
3306 2865 3517 2920 Domini

1964 2960 2070 3012 ait:
2111 2977 2128 3010 t
2155 2957 2208 3012 Si
2245 2956 2464 3026 diligitis
2506 2954 2616 3026 ((38)
2663 2969 2769 3017 mc,
2821 2955 3073 3008 mandata
3137 2972 3252 3010 mea
3291 2969 3524 3020 servate.

1966 3060 2019 3103 et
2051 3062 2149 3117 ego
2176 3049 2372 3118 rogabo
2415 3047 2648 3110 Patrem,
2695 3055 2745 3100 cl
2796 3045 2956 3098 alium
3005 3044 3336 3102 Paracletum
3379 3050 3527 3104 dabit

1968 3141 2138 3202 vobis,
2177 3149 2235 3194 ut
2269 3147 2480 3192 maneat
2517 3138 2787 3192 vobiscum
2847 3139 2896 3191 in
2943 3141 3219 3206 saeculum,
3262 3141 3521 3209 Spiritum

1975 3229 2256 3296 veritatis,
2295 3245 2454 3299 quem
2502 3231 2731 3284 mundus
2769 3242 2874 3284 non
2909 3241 3081 3298 potest
3103 3233 3370 3300 accipere,
3404 3235 3530 3304 quia

1970 3337 2074 3376 non
2133 3322 2279 3376 videt
2330 3337 2492 3388 eum,
2555 3336 2652 3376 nec
2709 3324 2983 3392 cognoscit
3040 3338 3184 3379 eum.
3241 3323 3348 3379 Vos
3405 3340 3533 3380 vero

1970 3415 2294 3480 cognoscitis
2327 3414 2497 3478 illum,
2535 3415 2660 3482 quia
2689 3416 2828 3483 apud
2857 3431 2950 3471 vos
2977 3427 3178 3480 manet,
3216 3428 3268 3472 et
3295 3420 3344 3471 in
3375 3421 3526 3474 vobis

1975 3507 2100 3558 erit.
2139 3505 2257 3559 Non
2288 3505 2588 3574 relinquam
2623 3521 2718 3559 vos
2750 3505 3019 3575 orphanos
3045 3523 3057 3562 :
3089 3509 3245 3563 venio
3273 3513 3338 3562 ad
3367 3524 3481 3568 vos.
3507 3531 3528 3562 ι

1979 3595 2082 3651 Ubi
2129 3594 2293 3667 M0
2340 3597 2502 3652 alium
2553 3595 2884 3651 Paracletum
2918 3597 3069 3665 dicit,
3101 3612 3204 3653 nou
3240 3606 3531 3656 secundum

2033 3838 2280 3909 (6|)Cor
2306 3839 2696 3893 meum.Biblia
2750 3851 2858 3892 tum
2914 3838 3123 3901 Graeca,
3179 3848 3287 3892 tnnt
3343 3841 3532 3896 Latina

1965 3911 2178 3980 habent,
2219 3909 2317 3980 τὴν
2343 3909 2522 3980 ψυχήν
2560 3927 2682 3980 μου,
2720 3909 2769 3962 id
2800 3918 2907 3980 est_
2933 3909 3216 3980 {animam
3277 3927 3470 3980 meam.
3506 3931 3526 3962 ι

1965 3979 2220 4048 Didymus
2248 3978 2300 4032 in
2337 3997 2400 4033 eo
2423 3978 2618 4045 etiam,
2653 3995 2810 4048 quem
2859 3978 2988 4039 dixi,
3039 3979 3154 4032 loco
3193 3979 3338 4048 legit,
3387 3998 3404 4030 ι
3439 3996 3534 4036 cor

1964 4064 2162 4110 meum,
2197 4067 2214 4100 ι
2260 4049 2360 4103 etsi
2392 4049 2614 4103 alterius
2649 4049 2892 4103 lectionis
2923 4048 3243 4102 mentionem
3277 4048 3459 4103 faciat.
3542 4067 3546 4070 ·

2033 4118 2144 4190 (62)
2187 4119 2407 4172 Dedisti.
2465 4118 2604 4190 l’sal.
2642 4133 2742 4190 νιν,
2803 4119 2854 4171 7.
2904 4117 2987 4190 plu,
3038 4117 3173 4172 libro
3235 4119 3397 4190 etiam
3456 4119 3534 4172 De

1963 4187 2059 4255 Sp.
2090 4201 2292 4254 sancto,
2317 4205 2466 4243 num.
2492 4187 2584 4251 25,
2622 4189 2686 4242 de
2727 4189 3097 4242 consolatione
3123 4204 3186 4242 ac
3243 4188 3533 4252 hilaritate,

1961 4274 2081 4327 qua:
2133 4261 2184 4311 in
2237 4257 2390 4311 nobis
2437 4271 2532 4326 per
2590 4257 2846 4326 Spiritum
2890 4269 3132 4312 sanctum
3175 4260 3367 4320 oritur,
3422 4259 3536 4313 lucc

1964 4330 2124 4380 verba
2181 4327 2450 4396 intelligit,
2503 4343 2624 4380 cum
2669 4330 2780 4380 ait:
2847 4345 2866 4378 ι
2905 4329 3306 4382 Consolatorem
3347 4339 3530 4380 autem

1965 4397 2223 4466 Spiritum
2275 4407 2520 4450 sanctum
2575 4398 2726 4461 dicit,
2775 4397 2843 4450 ab
2893 4397 3205 4464 operatione
3245 4397 3292 4450 ei
3343 4412 3536 4450 nomen

1887 4446 1933 4501 θ
1961 4446 2276 4535 ἰιῆροηθηες
2331 4469 2454 4534 quia
2487 4483 2592 4520 non
2625 4446 2797 4520 solum
2839 4446 3147 4520 corisolatur
3171 4483 3284 4527 eos,
3322 4482 3458 4535 quos
3480 4483 3541 4520 se

1953 4537 2146 4604 dignos
2203 4538 2488 4606 repererit,
2540 4547 2594 4590 et
2645 4537 2712 4589 ab
2745 4538 2893 4588 omni
2935 4535 3149 4606 tristitia
3178 4547 3232 4590 et
3259 4536 3541 4604 perturba--

1957 4609 2098 4658 tione
2148 4607 2326 4659 reddit
2377 4605 2610 4668 alienos;
2659 4621 2842 4660 verum
2898 4605 3207 4660 incredibile
3269 4606 3548 4674 quoddam’

1957 4676 2204 4742 gaudium
2263 4686 2316 4730 et
2369 4676 2698 4729 hilaritatem
2743 4677 2822 4727 eis
2875 4675 3082 4735 tribuit,
3131 4677 3181 4728 in
3243 4683 3450 4729 tantum
3473 4687 3538 4729 ut

1961 4746 2132 4812 possit
2163 4746 2284 4812 quis
2317 4743 2425 4798 Deo
2449 4746 2652 4813 gratias
2694 4744 2931 4813 referens
2987 4743 3126 4813 quod
3185 4745 3271 4798 tali
3334 4746 3544 4811 hospite

1960 4816 2153 4882 dignus
2188 4812 2471 4876 habeatur,
2501 4815 2681 4868 dicere
2708 4832 2721 4866 :
2761 4832 2779 4863 ι
2807 4812 3005 4868 Dedisti
3033 4812 3271 4869 lwtitiam
3305 4814 3356 4868 itt
3381 4815 3545 4867 corde

2173 4953 2310 5024 Ipse.
2347 4952 2388 5006 ll
2417 4950 2605 5006 Thess.
2645 4967 2706 5016 ιι,
2745 4951 2832 5016 16,
2862 4952 2946 5006 l7.
2976 4948 3112 5006 Vide
3137 4964 3248 5009 not.
3293 4953 3380 5021 l7,
3420 4974 3541 5028 pag.

1963 5044 1995 5076 ι)
2034 5061 2048 5076 ι

1962 5044 2148 5163 ὸοὶὃῶ)
2183 5093 2469 5147 Commune
2495 5102 2592 5154 est,
2621 5101 2728 5163 etc.
2775 5091 2898 5146 ﬂ;ch
2936 5093 3127 5147 eadem
3179 5093 3334 5149 docet
3365 5096 3415 5150 in
3451 5099 3542 5152 lib.

1967 5164 2039 5217 De
2069 5161 2162 5221 So.
2191 5172 2392 5226 sancto,
2427 5177 2574 5214 num.
2611 5161 2700 5213 27.

2058 5233 2150 5302 65)
2179 5231 2308 5286 Hac
2341 5231 2534 5285 scribo.
2570 5230 2767 5283 Ilnan.
2804 5244 2862 5291 ιι,
2901 5230 2952 5295 Ι,
3005 5230 3059 5302 ἓ.

2058 5300 2148 5371 66)
2180 5302 2237 5356 Si
2268 5312 2440 5355 autem
2471 5314 2517 5354 et
2545 5301 2962 5371 putaverimus.
2991 5300 3180 5356 Graeca
3212 5302 3378 5357 editio
3405 5321 3417 5355 :
3447 5304 3546 5356 καὶ

1967 5370 2060 5427 ἐάν
2087 5370 2169 5444 τις
2195 5372 2452 5444 ἀμάρτη,
2478 5371 2526 5424 id
2553 5382 2634 5423 est
2663 5385 2782 5444 tuac
2812 5370 3005 5444 signis
3024 5374 3350 5444 peccaverit.
3382 5391 3401 5423 ι

2039 5443 2151 5513 (67)
2184 5439 2369 5496 Deum.
2393 5439 2586 5496 Graeca
2624 5441 2788 5494 editio
2817 5457 2830 5493 :
2864 5439 3104 5511 Πατέρα,
3153 5441 3206 5495 id
3257 5454 3343 5495 ρει
3398 5460 3416 5490 ι
3446 5441 3550 5495 Pa-

1971 5523 2242 5650 Πῗθιέίδὶ
2271 5581 2509 5653 diligitis.
2545 5580 2735 5636 Joann.
2769 5579 3092 5640 xw.i5~18.
3133 5581 3261 5634 Vide
3309 5587 3400 5635 not
3453 5582 3547 5646 '58,

1971 5668 2094 5722 pag.
2129 5652 2246 5706 150.
