4042 6404
540 321 670 380 ⁸973
1827 318 2061 375 ωυγιιι
2099 339 2113 372 Α

2217 319 2568 380 ΕΧΑΝΒΠΙΝῙ
3688 346 3771 406 976

539 435 882 500 "essentiam,
931 435 1026 492 sed
1074 435 1370 493 secundum
1420 434 1778 506 lqpostasim.
1833 431 2032 487 Deinde
2065 447 2113 485 ei

2237 434 2553 534 υπόστασιν.
2589 439 2815 534 Ἔπειτα
2839 441 2896 496 δὲ
2926 443 2986 498 τὸ
3021 449 3301 512 προειπεῖν
3331 449 3421 504 τὸν
3456 450 3590 521 Υῑὸν,
3615 475 3631 510 ι
3656 459 3775 534 Πέμ-

563 547 630 585 eo
693 529 836 600 quod
899 528 1066 584 Filius
1128 527 1508 599 praenuntiavit
1577 525 1866 595 inquiens,
1938 542 1957 573 ι
2012 521 2113 574 Μὶιη

2237 526 2323 627 (ἔμω
2362 530 2489 600 ὑμῖν
2536 533 2688 627 παρὰ
2721 535 2816 588 τοῦ
2841 536 3053 627 Πατρός
3082 555 3182 609 μου
3209 539 3270 594 τὸ
3309 542 3534 616 Πνεῦμα
3555 550 3642 619 τῆς
3665 521 3772 627 alii.

545 634 673 679 4am
711 624 826 694 (69)
872 622 1027 677 vobis
1065 636 1094 674 a
1143 620 1301 676 Patre
1351 634 1472 674 meo
1513 617 1774 687 Spiritum
1816 613 2113 675 veritatis,:

2239 615 2447 710 θείας,ι
2486 621 2830 695 παρέστησεν
2887 626 2986 691 τὰς
3031 631 3180 700 τρεῖς
3214 613 3553 700 ὑποστάσεις,
3600 613 3684 694 καὶ

561 724 786 784 apparet
823 725 933 767 tres
963 728 1086 766 esse
1111 713 1458 784 hypostases.
1493 719 1549 764 et
1603 723 1707 762 una
1743 704 2113 775 complacenti:

2237 707 2454 800 εὐδοκία
2504 712 2596 763 καὶ
2626 715 2912 787 συμφωνίᾳ
2953 719 3052 789 μιᾷ
3087 721 3119 790 ὴ
3157 719 3250 774 τοῦ
3313 722 3468 790 ἁγίου
3500 704 3778 800 Πνεύματος

2235 799 2452 867 ἐγένετο
2480 805 2768 874 παρουσία,
2822 809 2897 872 ὼς
2926 811 3019 862 καὶ
3051 811 3109 865 ὲν
3141 810 3219 882 τῷ
3269 814 3542 889 κεφαλαίῳ
3572 799 3658 890 τῷ,
3691 821 3778 890 «Ϊο

2233 891 2424 964 Πατὴρ
2457 895 2678 967 ἐντολήν
2713 915 2800 968 μοι
2830 900 3080 964 δέδωκεν,
3121 903 3174 957 τί
3202 906 3360 970 είπω,
3415 909 3507 962 καὶ
3536 911 3586 964 τί
3640 910 3779 985 λαλή-

2236 1000 2314 1037 σω
2335 1000 2348 1014 °
2387 1006 2404 1036 ι
2442 987 2532 1040 καὶ
2580 989 2826 1061 περὶτοῦ
2853 994 3009 1062 ἁγίου
3060 996 3398 1069 Πνεύματος,
3432 1018 3452 1052 ι
3475 1001 3584 1072 Ἀφ’
3610 1005 3777 1060 ἑαυτοῦ

2231 1081 2291 1132 οὐ
2323 1080 2562 1153 λαλήσει,
2595 1103 2614 1136 ι
2663 1087 2984 1170 προελέχθη.
3058 1091 3146 1154 Ὧς
3177 1090 3284 1163 γάρ
3339 1094 3440 1147 οὐκ
3479 1095 3777 1162 ἀπέζευκται

2230 1175 2323 1227 τοῦ
2369 1177 2579 1248 Πατρδς
2623 1181 2652 1232 ὁ
2703 1180 2830 1244 Υἱὸς
2869 1183 3159 1253 πεμφθεὶς,
3189 1185 3364 1248 οὕτως
3420 1188 3537 1242 οὐδὲ
3568 1191 3626 1242 τδ
3647 1189 3778 1258 ἅγιον

2230 1265 2475 1336 Πνεῦμα.
2536 1267 2609 1320 Τὸ
2649 1267 2706 1321 δὲ
2767 1272 3156 1341 προσκεῖσθαι,
3213 1293 3230 1325 ι
3262 1274 3484 1347 Πνεῦμα
3536 1277 3629 1348 τῆς
3671 1278 3758 1349 ἀλη

2231 1356 2414 1423 θείας,
2444 1377 2462 1409 ι
2516 1359 2753 1415 διδάσκει
2815 1363 3028 1434 ἀληθῶς
3078 1365 3210 1420 αὐτὸ
3257 1367 3479 1439 Πνεῦμα
3531 1363 3660 1424 εἶναι
3698 1369 3779 1423 τοῦ

2229 1450 2387 1514 Θεοῦ,
2419 1452 2512 1506 καὶ
2536 1453 2632 1524 οὐχ
2663 1455 2740 1517 ὡς
2791 1455 2854 1509 τά
2900 1457 3269 1531 λειτουργικὰ.
3321 1462 3394 1514 Τὸ
3415 1462 3471 1514 δὲ
3499 1462 3654 1533 ἔχειν,
3687 1482 3705 1515 ι
3727 1465 3782 1517 '0

2229 1545 2380 1614 παρὰ
2407 1544 2501 1598 τοῦ
2529 1546 2740 1618 Πατρὸς
2765 1549 3147 1619 ἐκπορεύεται,
3176 1571 3194 1602 ι
3234 1551 3506 1623 σημαίνει,
3534 1553 3606 1616 ὼς
3636 1552 3782 1625 ἀνάρ-

2227 1653 2338 1705 χως
2385 1638 2480 1690 καὶ
2519 1639 2820 1708 ὁμοουσίως
2875 1641 2939 1694 ἐκ
2975 1642 3076 1713 τῆς
3133 1644 3404 1716 πατρικῆς
3463 1645 3783 1709 ὑποστάσεως

2228 1725 2461 1799 ἐξεφάνη
2489 1744 2502 1758 °
2537 1730 2690 1783 πᾶσα
2709 1730 2817 1802 γὰρ
2841 1733 3065 1803 πρόοδος
3085 1733 3172 1786 διὰ
3196 1734 3305 1787 τῶν
3345 1735 3474 1788 ἴσων
3492 1736 3582 1790 καὶ
3606 1736 3781 1806 ὁμοίων

2225 1817 2584 1872 ἐπιτελεῖται*
2631 1821 2726 1874 καὶ
2777 1822 3138 1894 διαφερόντως
3181 1827 3480 1896 ὁμοουσίως
3531 1827 3784 1898 ὲγένετοή

2224 1909 2331 1962 ἀπὸ
2369 1911 2461 1964 τοῦ
2484 1911 2620 1966 Θεοῦ
2652 1914 2903 1985 γέννησις
2949 1917 3046 1970 τοῦ
3075 1919 3344 1982 Υίοῦίκαὶ
3367 1921 3682 1991 ὲκπόρευσις
3703 1918 3784 1973 τοῦ

2225 1998 2543 2070 Πνεῦματος
2595 2002 2782 2059 αὑτοῦ.
2817 2003 2888 2056 Τὸ
2935 2005 3012 2072 δὲ,
3073 2025 3091 2057 ι
3116 2007 3350 2072 Ἐκεῖνος
3413 2009 3556 2080 ὑμᾶς
3606 2006 3784 2072 διδάξει

2225 2091 2422 2155 πάντα,
2458 2093 2552 2147 καὶ
2580 2094 2886 2166 ὑπομνήσει
2920 2097 3064 2166 ὑμᾶς
3093 2098 3290 2164 πάντα,
3330 2099 3367 2154 ἃ.
3415 2095 3567 2153 εἶπον
3605 2101 3740 2170 ὑμῖν,
3761 2117 3778 2149 ι

2223 2181 2593 2254 παράγγελμά
2628 2186 2776 2241 ἐστιν
2834 2186 2908 2257 μὴ
2946 2188 3243 2260 ἀπιστῆσαι
3275 2189 3353 2261 τῷ
3389 2190 3530 2262 ἁγίῳ
3558 2189 3786 2260 Πνεῦμα-

2221 2291 2296 2336 τι,
2325 2275 2400 2338 ὠς
2449 2276 2706 2348 ἀνωτέρω
2763 2280 2994 2350 εἴρηται,
3019 2282 3224 2336 ἐλθόντι
3249 2283 3384 2354 μετὰ
3420 2283 3518 2356 τὴν
3543 2282 3786 2352 ἀνάληψιν

2222 2365 2316 2419 τοῦ
2342 2367 2576 2439 Χριστοῦ
2603 2371 2696 2424 καὶ
2718 2370 3022 2426 διδάσκοντι
3047 2389 3061 2402 ⁸
3085 2374 3200 2428 Οὐκ
3225 2375 3508 2444 άπᾴδουσα
3537 2374 3662 2446 γὰρ,
3691 2391 3784 2444 φτΓ

2225 2462 2327 2525 σίν,
2351 2463 2449 2532 τῆς
2474 2463 2613 2533 ὲμῆς
2641 2463 2866 2535 γνώμης
2896 2466 2988 2520 καὶ
3015 2465 3545 2538 διδασκαλίαςοὲσται
3564 2468 3596 2537 ἡ
3615 2465 3781 2520 αὑτοῦ·

2223 2552 2408 2623 ἐπειδὴ
2459 2553 2554 2606 καὶ
2606 2555 2672 2624 τῇ
2743 2553 2955 2624 θεότητι
3024 2555 3320 2626 ήνωμένως
3381 2557 3478 2610 καὶ
3535 2553 3784 2627 ἐχομένως

561 816 723 877 atque
763 804 1050 860 concordia
1095 803 1290 858 lactant
1336 816 1455 858 esse
1501 801 1992 856 manifestationem
2035 813 2130 853 seu

545 900 850 970 adventum
896 896 1132 966 Spiritus
1178 895 1351 948 sancti
1384 911 1397 948 :
1433 893 1573 946 sicut
1609 891 1660 944 id
1702 892 1874 960 ipsum
1908 889 2132 944 indicari

542 989 799 1052 diximus
831 997 985 1042 antea
1024 996 1077 1040 et
1111 987 1164 1041 in
1194 987 1283 1039 illo
1313 985 1544 1054 capitulo
1571 1003 1582 1038 :
1615 981 1805 1037 «Pater
1839 981 1950 1054 (70)
1981 995 2132 1034 man-

559 1084 744 1145 datum
775 1080 906 1139 mihi
935 1079 1108 1142 dedit,
1139 1079 1267 1148 quid
1299 1078 1499 1140 dicam,
1525 1085 1579 1130 et
1608 1075 1736 1144 quid
1766 1074 1993 1144 loquar;
2024 1091 2042 1124 ι
2079 1085 2134 1127 et

552 1189 681 1226 cum
723 1172 789 1225 tle
819 1171 1025 1239 Spiritu
1065 1177 1253 1223 sancto
1285 1167 1526 1221 dicitur:
1564 1185 1582 1216 ι
1607 1165 1651 1219 Α
1694 1165 1982 1232 semetipso
2018 1163 2129 1234 (7i)

567 1281 670 1317 non
728 1263 999 1332 loquetur.
1033 1279 1051 1310 ι
1086 1242 1256 1314 Sicut
1302 1257 1444 1312 enim
1473 1272 1501 1309 a
1541 1256 1698 1309 Patre
1721 1255 1992 1324 seiunctus
2023 1269 2127 1307 non

553 1366 638 1408 est
691 1355 857 1409 Filius
911 1369 978 1408 ex
1013 1367 1079 1406 eo
1121 1352 1262 1420 quod
1325 1349 1522 1403 missus
1578 1349 1690 1418 (72)
1746 1348 1853 1414 sit,
1921 1347 2001 1401 sic
2062 1361 2129 1400 ne

552 1448 798 1517 Spiritus
840 1445 1060 1515 quidem
1107 1450 1353 1496 sanctus.
1395 1440 1548 1506 Quod
1583 1454 1712 1493 vero
1763 1438 2124 1508 subiungitur,

559 1558 580 1586 ι
611 1537 847 1609 Spiritus
877 1533 1147 1600 veritatis,
1177 1552 1196 1589 ι
1235 1532 1492 1594 ostendit,
1527 1546 1650 1582 eum
1683 1544 1808 1584 vere
1844 1544 1966 1583 esse
2001 1527 2124 1598 Spi-

543 1635 720 1687 ‘ritum
782 1631 897 1695 Dei,
952 1645 1057 1683 non
1115 1643 1246 1682 vero
1290 1626 1570 1696 spiritibus
1611 1625 1719 1678 Deo
1746 1622 2126 1677 famulantibus

555 1724 812 1778 similem.
859 1723 936 1779 Ac
982 1720 1141 1774 verba
1193 1718 1304 1782 illa,
1359 1735 1378 1769 ι
1415 1717 1516 1784 Qui
1556 1732 1584 1769 a
1629 1716 1784 1770 Patre
1810 1716 2072 1785 procedit,
2099 1733 2118 1766 ι

540 1813 864 1886 significant
913 1813 1084 1880 ipsum
1128 1811 1196 1864 ab
1239 1821 1443 1863 :eteruo
1498 1817 1552 1863 et
1581 1806 2122 1862 consubstantialiter

545 1923 618 1961 ex
668 1917 888 1974 paterna
937 1901 1213 1975 hypostasi
1278 1901 1483 1955 editum
1534 1913 1695 1962 esse;
1751 1899 1928 1952 omnis
1983 1899 2124 1952 enim

2156 1774 2197 1828 Β

554 2000 827 2068 processio
857 2012 952 2067 per
974 1994 1198 2064 :equalia
1223 2000 1278 2046 et
1304 1991 1501 2046 similia
1531 1991 1842 2060 perficitur;
1874 1989 1993 2044 Filii
2024 2005 2124 2043 au-

539 2103 660 2146 tem
681 2105 746 2146 ex
769 2090 877 2143 Deo
897 2087 1198 2156 generatio,
1224 2100 1286 2138 ac
1317 2083 1556 2152 Spiritus
1579 2082 1749 2152 ipsius
1771 2081 2044 2152 processio
2074 2081 2125 2135 iu

537 2201 615 2240 eo
655 2183 722 2237 ab
762 2181 882 2236 aliis
921 2177 1354 2249 proccssiouibus
1389 2175 1712 2238 secernitur,
1737 2173 1876 2242 quod
1903 2175 2128 2228 consub-

549 2273 874 2340 stantialiter
893 2271 1036 2327 facta
1071 2270 1162 2324 sit.
1182 2267 1253 2324 lis
1271 2283 1401 2323 vero.
1417 2267 1615 2331 verbis,
1645 2265 1766 2321 cllle
1793 2281 1891 2321 vos
1914 2265 2128 2321 docebit

545 2365 751 2430 numia,
778 2375 832 2420 et
853 2361 1234 2418 rememorabit
1251 2359 1402 2414 vobis
1419 2359 1622 2419 omnia.
1645 2374 1763 2430 qua
1786 2359 1894 2413 dixi
1915 2358 2117 2424 vobis"

549 2457 771 2514 mandat
793 2470 856 2509 ac
885 2462 1088 2519 monet,
1110 2453 1251 2508 sicut
1281 2451 1530 2522 superius
1551 2451 1750 2505 dictum
1774 2467 1803 2503 a
1823 2450 1976 2503 nobis
1999 2448 2120 2513 fuit,

547 2559 607 2603 ut
649 2546 872 2618 Spiritui
898 2557 1087 2607 sancto
1114 2544 1245 2599 fides
1271 2558 1336 2598 ne
1361 2545 1677 2613 denegctur,
1713 2544 1803 2614 qui
1831 2543 1975 2598 venit
2001 2551 2122 2613 post

540 2641 748 2699 Christi
782 2638 1217 2709 Assumptionem
1254 2646 1308 2691 et
1344 2637 1544 2692 docuit.
1575 2635 1739 2702 Quasi
1771 2637 1915 2690 dicat
1957 2654 1970 2690 :
2002 2635 2112 2692 Nec

545 2734 689 2788 enim
727 2732 843 2802 ejus
876 2747 1027 2786 mens
1051 2739 1210 2798 atque
1238 2729 1482 2783 doctrina
1511 2743 1540 2781 ο
1573 2737 1752 2782 mente
1781 2742 1844 2783 ac
1875 2728 2118 2782 doctrina

542 2841 664 2883 mea
683 2825 970 2894 discrepat,
994 2838 1114 2878 cum
1136 2821 1265 2875 mihi
1284 2821 1445 2876 etiam
1469 2820 1671 2876 deitate
1693 2820 2009 2891 conjunctus
2025 2821 2116 2887 sit,

547 2920 655 2974 imo
682 2933 846 2973 unum
891 2925 948 2971 et
988 2915 1129 2978 idem
1159 2931 1173 2968 :
1201 2915 1510 2968 communia
1542 2929 1671 2968 vero
1703 2915 1985 2971 Trinitatis
2010 2917 2119 2970 sint

545 3014 888 3074 documenta,
911 3017 967 3064 et
995 3023 1057 3062 ea
1074 3023 1210 3077 quae
1232 3008 1298 3060 ad
1323 3007 1552 3062 salutem
1580 3007 1912 3072 conducunt,
1936 3008 2075 3064 dona
2100 3028 2113 3062 :

2221 2641 2331 2712 ἔχει
2353 2659 2365 2671 '
2401 2643 2553 2696 κοινά
2578 2643 2632 2696 δὲ
2658 2644 2755 2714 τῆς
2793 2644 2951 2713 ἁγίας
2985 2645 3212 2717 Τριάδος
3246 2645 3313 2699 τὰ
3350 2645 3675 2715 διδάγματα,
3702 2640 3785 2695 καὶ

2220 2737 2288 2787 τὰ
2318 2735 2452 2806 πρὸς
2514 2737 2786 2807 σωτηρίαν
2829 2739 3156 2809 δωρήματαο
3215 2740 3310 2792 καὶ
3339 2731 3384 2806 ᾧ
3441 2735 3592 2792 εἷπον
3619 2735 3786 2808 τρόπῳ

2218 2821 2298 2886 τὸ,
2339 2841 2355 2874 t
2381 2823 2436 2876 '0
2478 2825 2667 2897 Πατὴρ
2712 2827 2930 2898 ἐντολήν
2979 2845 3069 2897 μοι
3101 2827 3351 2888 δέδωκεν,
3415 2826 3470 2880 τί
3520 2826 3673 2888 εἴπω,
3706 2818 3788 2875 καὶ

2217 2917 2269 2968 τί
2302 2914 2540 2988 λαλήσω.
2574 2936 2593 2970 ι
2647 2917 2796 2972 ἐστιν
2851 2919 2908 2972 δὲ
2940 2919 3020 2972 ὅτι
3069 2918 3388 2988 συμφωνίας
3449 2917 3578 2989 121Ῑί
3604 2914 3678 2989 al;
3717 2913 3784 2984 τῷ

2218 3008 2364 3079 αὐτῷ
2404 3011 2545 3080 φημὶ
2567 3012 2660 3066 καὶ
2683 3012 2808 3083 περὶ⁹
2854 3012 2948 3065 τοῦ
2981 3012 3134 3081 ἁγίου
3169 3013 3513 3084 Πνεύματος,
3559 3012 3638 3064 ὅτι
3665 3029 3682 3061 ι
3703 3009 3787 3061 Ἐκ

541 3113 598 3158 et
635 3118 742 3176 quo
789 3116 949 3158 sensu
996 3100 1106 3156 dixi
1156 3099 1282 3154 illud
1322 3117 1336 3154 :
1371 3118 1388 3152 ι
1439 3097 1599 3154 Pater
1640 3102 1950 3156 mandatum
1991 3103 2113 3159 milii

2223 3097 2316 3150 τοῦ
2345 3099 2478 3170 ἐμοῦ
2509 3100 2758 3170 λήψεται,
2809 3102 2903 3155 καὶ
2957 3103 3248 3171 ἀναγγελεῖ
3273 3103 3426 3173 ὑμῖν.
3459 3124 3478 3155 ι
3518 3102 3605 3174 Τῷ
3635 3100 3688 3154 δὲ
3716 3101 3785 3151 εἰ·

542 3194 710 3259 dedit,
743 3194 869 3262 quid
900 3193 1094 3258 dicam,
1137 3200 1191 3246 et
1224 3191 1350 3259 quid
1379 3191 1588 3259 loquar,
1617 3211 1635 3244 ι
1676 3192 1817 3260 quod
1844 3192 1956 3264 (75)
1983 3209 2115 3248 con-

536 3284 781 3348 cordiam
846 3285 1128 3341 Trinitatis
1197 3285 1457 3350 denotat;
1521 3286 1708 3340 eodem
1769 3301 1931 3340 sensu
1995 3287 2116 3342 dico

534 3376 707 3432 etiam
760 3375 828 3430 de
885 3374 1090 3446 Spiritu
1145 3385 1377 3429 sancto:
1415 3393 1434 3427 ι
1466 3375 1539 3430 De
1589 3391 1708 3430 meo
1760 3375 2012 3445 accipiet,
2060 3385 2114 3432 et

532 3466 887 3532 annuntiabit
943 3467 1116 3524 vobis.
1145 3485 1164 3518 ι
1221 3467 1355 3521 Cum
1416 3481 1546 3520 vero
1584 3467 1662 3520 ait
1695 3484 1708 3520 :
1746 3485 1764 3518 ι
1801 3466 1858 3521 Si
1893 3467 2113 3537 diligitis

538 3575 652 3626 me,
686 3559 942 3615 mandata
972 3573 1090 3614 mea
1117 3568 1351 3623 servate,
1390 3568 1443 3614 ct
1480 3574 1579 3630 ego
1623 3562 1824 3630 ragabo
1870 3559 2110 3626 Patrem,

535 3663 594 3708 et
637 3651 801 3706 alium
852 3650 1188 3706 Paracletum
1223 3651 1370 3706 dabit
1403 3651 1575 3714 vobis,
1606 3670 1626 3704 ι
1684 3651 1975 3720 significat,
2029 3666 2114 3706 se-

537 3744 824 3814 metipsum
869 3758 1109 3814 quoque,
1157 3757 1260 3796 non
1314 3756 1443 3796 vero
1493 3742 1668 3797 solmn
1701 3743 1987 3812 Spiritum,
2022 3759 2113 3798 vo-

534 3836 645 3892 cari
693 3836 1067 3902 Paraclctum;
1124 3850 1210 3900 ac,
1263 3834 1319 3888 Si
1355 3849 1461 3890 non
1491 3834 1856 3898 servaveritis,
1913 3835 2106 3904 inquit,

536 3929 787 3982 mandata
814 3942 954 3991 mea,
985 3927 1183 3998 indigni
1215 3926 1348 3980 estis
1371 3926 1603 3980 adventu
1641 3924 1879 3995 Spiritus
1906 3927 2104 3994 sancti,

525 4021 626 4091 qui
659 4019 909 4075 adventui
963 4033 1083 4073 meo
1141 4032 1250 4072 non
1298 4027 1384 4072 est
1431 4017 1733 4072 dissimilis.
1788 4016 1881 4072 Illa
1923 4029 2103 4073 autem

536 4108 698 4161 verba
732 4124 747 4161 :
790 4124 810 4158 ι
843 4105 1082 4175 Spiritus
1126 4106 1397 4170 veritatis,
1425 4121 1584 4175 quem
1619 4108 1847 4161 mundus
1873 4123 1979 4162 non
2007 4123 2102 4177 po-

522 4205 646 4251 test
693 4195 957 4266 accipere,
1005 4197 1130 4266 quia
1177 4211 1286 4250 non
1316 4195 1461 4250 videt
1494 4195 1661 4257 illmu,
1697 4211 1796 4252 nec
1826 4199 2106 4270 cognoscit

533 4289 707 4356 illum,
752 4303 848 4342 vus
883 4303 1014 4343 vero
1040 4288 1365 4358 cognoscitis
1385 4303 1530 4354 eum,
1559 4307 1578 4340 ι
1605 4290 1916 4355 ostendunt,
1949 4307 2102 4346 mun-

516 4379 702 4436 cydanos
732 4377 892 4452 441
924 4381 1162 4449 quidem.
1199 4379 1252 4434 id
1287 4389 1371 4438 est
1423 4378 1730 4447 haereticos,
1778 4396 1883 4436 non
1945 4397 2100 4452 posse

519 4474 678 4529 illum
736 4477 1002 4548 accipere,
1043 4475 1167 4544 quia
1217 4475 1391 4545 ipsum
1435 4490 1538 4529 nou
1593 4475 1777 4529 vident
1824 4475 1993 4531 oculis
2041 4479 2185 4550 fidei,
2239 4500 2412 4555 neque
2495 4497 2823 4557 cognoscunt
2897 4487 3066 4555 illum,

2222 3193 2359 3247 πεῖν.
2394 3212 2411 3244 ι
2435 3193 2558 3246 Ἐὰν
2591 3195 2840 3262 ἀγαπᾶτέ
2894 3214 2982 3266 με,
3011 3196 3106 3259 τὰς
3133 3197 3350 3261 ἐντολάς
3377 3215 3484 3268 μου
3511 3196 3785 3268 τηρήσατε,

2219 3283 2376 3351 κάγὼ
2407 3285 2668 3356 ἐρωτήσω
2698 3269 2806 3339 τὸν
2836 3287 3075 3359 Πατέρα,
3106 3287 3199 3341 καὶ
3256 3288 3420 3342 ἄλλον
3449 3285 3786 3360 Παράκλητον

2215 3373 2375 3428 δώσει
2413 3377 2560 3446 ὑμῖν,
2593 3396 2612 3428 ι
2654 3377 2921 3449 ἐδήλωσεν
2951 3380 3233 3451 μονονουχὶ
3264 3381 3358 3434 καὶ
3384 3381 3582 3436 ἑαυτὸν
3614 3375 3786 3448 Παρά-

2215 3466 2411 3538 κλητον
2440 3468 2819 3539 ὀνομάζεσθαι,
2855 3471 2948 3526 καὶ
2976 3472 3071 3537 ὡς,
3103 3473 3166 3526 Εἰ
3195 3472 3268 3543 μὴ
3291 3473 3594 3544 φυλάξητεν,
3617 3470 3784 3541 φησὶν.

2213 3557 2310 3621 τὰς
2337 3557 2475 3629 εμὰς
2501 3559 2742 3624 ἐντολάς,
2806 3561 3014 3626 ἀνάξιοι
3043 3562 3141 3633 τῆς
3171 3561 3263 3615 τοῦ
3297 3563 3460 3630 άγῖου
3488 3560 3786 3630 Πνεῦμα-ξος

2213 3653 2605 3724 ἐπιφοιτήσεως
2656 3655 2972 3724 τυγχάνετε,
3007 3656 3128 3725 ἥτις
3156 3655 3256 3709 οὐκ
3305 3657 3511 3728 ἀπᾴδει
3544 3657 3640 3726 τῆς
3661 3654 3786 3724 ὲμῆς

2211 3744 2550 3813 ἐπιφανείας.
2571 3745 2644 3798 Τὸ
2663 3745 2718 3799 δὲ
2739 3747 2989 3818 γράφειν,
3015 3766 3033 3799 ι
3059 3747 3130 3801 Τὸ
3149 3747 3376 3818 Πνεῦμα
3401 3751 3503 3822 τῆς
3525 3747 3783 3819 ἀληθείας,

2209 3834 2239 3887 ὃ
2285 3837 2316 3888 ὁ
2343 3836 2546 3907 κόσμος
2584 3838 2646 3891 οὐ
2685 3837 2905 3892 δύναται
2943 3839 3148 3906 λαϐεῖν,
3202 3841 3282 3893 ὅτι
3307 3842 3370 3894 οὐ
3399 3841 3602 3913 θεωρεί
3646 3838 3782 3900 αὐτὸ,

2208 3927 2329 3979 οὐδὲ
2359 3925 2614 3995 γινώσκει
2641 3927 2770 3980 αὑτό
2795 3942 2809 3957 ⁸
2838 3928 2997 4000 ὑμεῖς
3019 3929 3075 3984 δὲ
3111 3930 3414 4000 γινώσκετε
3438 3931 3593 3995 αὑτό,
3618 3948 3636 3982 ι
3669 3927 3784 3981 ἔδει·

2209 4016 2318 4082 ξεν,
2343 4019 2426 4072 ὅτι
2456 4021 2503 4072 οἱ
2536 4018 2634 4089 μὲν
2664 4021 2938 4090 κοσμικοὶ,
2980 4020 3122 4075 τοῦτ’
3147 4023 3291 4076 ἐστιν
3310 4023 3613 4096 αἰρετικοὶ,
3632 4021 3688 4076 οὔ
3703 4017 3784 4071 δύ-

2207 4129 2392 4164 νανται
2433 4110 2616 4164 λαϐεῖν
2656 4113 2806 4177 αὐτὸ,
2841 4113 3007 4167 ὅτιού
3062 4114 3360 4186 θεωροῦσιν
3405 4119 3542 4172 αὐτὸ
3571 4119 3679 4178 τοῖς
3697 4110 3783 4180 τῆς

2206 4203 2442 4268 πίστεως
2465 4203 2781 4275 ὀφθαλμοῖς,
2818 4204 2938 4258 οὐδὲ
2962 4205 3318 4274 γινώσκουσιν
3347 4211 3511 4274 αὐτὸ,
3552 4211 3627 4283 μή
3649 4210 3783 4277 δοξά-

2203 4293 2387 4360 ζοντες
2416 4297 2492 4360 ὡς
2522 4297 2681 4351 Θεόνο
2726 4297 2774 4350 οἱ
2804 4297 2861 4351 δὲ
2909 4299 3294 4369 ὁμολογοῦντες
3325 4305 3466 4359 αὐτὸ
3482 4299 3622 4360 εῖναι
3643 4304 3779 4368 θεὸν,

2203 4389 2417 4461 ἔχουσιν
2438 4389 2569 4443 αὐτὸ
2597 4391 2756 4462 μένον
2792 4395 2916 4462 παρ’
2943 4393 3145 4456 αὐτοῖς.

3150 4505 3271 4543 cum
3325 4508 3438 4548 non
3503 4491 3781 4564 glorificent

515 4577 590 4622 οιιι
622 4566 950 4640 Deum:qui
997 4582 1124 4622 vero
1176 4566 1348 4637 ipsmn
1399 4567 1725 4621 confitentur
1782 4581 1901 4622 esse
1951 4567 2143 4636 Deum,
2172 4573 2290 4632 illos
2364 4576 2564 4630 habere
2613 4576 2784 4647 ipsum
2867 4591 3169 4635 manentem
3230 4584 3378 4652 apud
3455 4585 3778 4652 semetipsos.

600 4660 755 4728 Quod
802 4674 930 4716 vero
971 4662 1068 4724 ait,
1109 4660 1504 4724 «Dabitvobis,
1547 4680 1568 4714 ι
1610 4671 1684 4725 et,
1739 4660 1938 4730 «Apud
1999 4677 2097 4718 vos

2272 4666 2345 4720 Τὸ
2366 4667 2422 4720 δὲ
2451 4667 2614 4738 ἔχειν,
2646 4688 2664 4720 ι
2689 4669 2858 4724 Δώσει
2880 4672 3029 4742 ὑμῖν,
3056 4692 3075 4724 ι
3108 4673 3224 4737 καὶ,
3259 4693 3278 4727 ι
3301 4677 3447 4749 Παρ*
3470 4677 3602 4748 ὑμῖν
3624 4674 3777 4748 μένειν

516 4760 732 4814 manet,
761 4751 893 4806 etin
921 4750 1075 4816 vobis
1120 4753 1246 4813 erit,
1293 4770 1311 4803 ι
1350 4751 1621 4822 significat
1659 4752 1919 4821 Spiritum
1971 4766 2097 4808 san-

511 4850 672 4894 ctum
703 4849 757 4894 et
788 4840 838 4892 in
870 4840 1022 4896 cmlis
1075 4849 1130 4894 et
1168 4841 1219 4895 iu
1254 4851 1420 4906 terra,
1452 4848 1633 4910 utpote
1666 4841 1859 4907 Deum,
1899 4843 2098 4913 ubique

515 4939 844 5000 mratsentem
881 4947 1034 4998 esse;
1078 4946 1202 4987 nam
1232 4931 1276 4986 si
1315 4941 1372 4986 et
1403 4933 1543 5002 apud
1582 4947 1678 4986 nos
1726 4944 1928 4996 manet.
1959 4947 2012 4989 et
2043 4937 2094 4990 in

2203 4761 2296 4813 καὶ
2329 4761 2386 4812 ἐν
2437 4759 2565 4831 ὑμῖν
2599 4761 2771 4826 ἔσται,
2800 4781 2816 4815 ι
2871 4765 3164 4836 ἐσήμανεν,
3198 4767 3274 4831 ὡς
3321 4771 3422 4823 καὶ
3443 4771 3560 4825 ἄνω
3583 4770 3672 4823 καὶ
3695 4767 3781 4820 κάς

2200 4868 2298 4913 τω,
2327 4850 2420 4905 ac;
2447 4851 2511 4924 δὴ
2543 4854 2694 4918 Θεὸς,
2749 4857 3025 4927 πανταχοῦ
3076 4861 3249 4931 παρὸν
3270 4861 3332 4914 τὸ
3371 4863 3534 4932 ἆγιον
3564 4855 3772 4929 Πνεῦμά

2199 4943 2346 4995 ἐστιν
2367 4959 2379 4972 ·
2409 4945 2456 4995 εί
2480 4944 2589 5014 γάρ
2615 4946 2708 4998 καὶ
2735 4947 2863 5019 παρ’
2889 4950 3020 5019 ἡμῖν
3053 4951 3201 5020 μένει
3232 4953 3327 5006 καὶ
3356 4955 3417 5007 ὲν
3461 4958 3598 5025 ἡμῖν
3624 4954 3775 5010 ἔσται.

523 5019 680 5075 nobis
727 5019 853 5086 erit,
905 5031 957 5076 et
1006 5021 1185 5076 omnia
1213 5021 1420 5092 implet,
1444 5023 1599 5094 juxta
1644 5022 1976 5098 Sapientiam
2005 5028 2092 5081 in-

2217 5031 2291 5084 ιαὶ
2314 5031 2488 5085 πάντα
2509 5033 2724 5104 πληροῖ,
2755 5038 2894 5091 κατὰ
2914 5041 3013 5111 τὴν
3040 5042 3228 5110 σοφίαν
3249 5043 3524 5113 λέγουσαν
3548 5061 3562 5076 ο
3591 5064 3608 5095 ι
3629 5039 3779 5096 Πνεῦ-

513 5111 820 5180 ιιιυίθιιῑοιιι,
875 5111 1148 5182 «Spiritus
1205 5113 1318 5186 (74)
1381 5115 1588 5171 Domini
1636 5117 1864 5186 replevit
1902 5121 2090 5173 urbem

511 5213 790 5259 aerrarum
815 5219 832 5268 ;
863 5223 883 5255 ι
919 5206 1189 5274 quomodo
1218 5206 1372 5262 nobis
1399 5207 1594 5272 missus
1623 5208 1736 5280 (75)
1767 5210 1888 5264 est?
1932 5211 2086 5277 Quod

2204 5138 2280 5192 μα
2307 5123 2513 5196 Κυρίου
2543 5127 2903 5200 πεπλήρωκεν
2926 5131 3024 5204 τὴν
3061 5135 3395 5208 οἰκουμένην
3421 5155 3436 5169 ⁸
3461 5159 3480 5191 ι
3522 5137 3637 5202 πῶς
3659 5136 3777 5207 ἡμῖν

2197 5213 2514 5287 άπεστάλη;
2548 5219 2669 5272 Ὀτι
2700 5219 2755 5273 δὲ
2800 5223 2893 5275 καὶ
2923 5223 3173 5293 λέγοντος
3210 5228 3380 5282 αὐτοῦ
3413 5230 3615 5294 ταῦτα,
3669 5224 3774 5298 μετ’

513 5308 697 5354 autem
747 5297 852 5351 etsi
908 5297 1022 5352 haec
1079 5295 1250 5355 Filius
1299 5301 1528 5369 diceret,
1586 5318 1709 5357 cum
1757 5303 1877 5370 ipso
1906 5313 2085 5360 tamen

2217 5305 2357 5358 ιὺτοῦ
2384 5302 2450 5377 ἦν
2479 5308 2554 5372 ὡς
2594 5310 2898 5380 δμοούσιον,
2956 5315 3116 5370 πάλιν
3145 5319 3309 5383 αὐτὸς
3331 5320 3581 5388 ἔπεισεν,
3617 5323 3772 5391 ἔμφυ-

584 5413 697 5484 (69)
727 5413 963 5484 Mittam.
986 5411 1142 5480 Joan.
1176 5431 1264 5483 xv,
1303 5417 1396 5474 26.

575 5480 696 5552 (70)
725 5480 906 5537 Pater.
939 5483 1093 5539 Joan.
1129 5502 1224 5549 xu,
1248 5480 1346 5542 ⁷49.

610 5556 696 5624 7|)
720 5555 1086 5624 Αγεεηιειὶμδο.
1115 5554 1268 5612 Joan.
1296 5574 1406 5623 xvi,
1437 5562 1524 5617 l3.

576 5623 694 5697 ,(72)
727 5623 943 5706 Μίδαις.
974 5624 1048 5706 Ille
1074 5627 1449 5706 liachlltiﬁsiOIle
1472 5633 1892 5706 tusiuslnquitur
1914 5635 2085 5692 Theo-

508 5694 883 5766 log'us'uoster
911 5696 965 5749 in
990 5694 1126 5752 libro
1159 5695 1231 5751 De
1258 5696 1350 5766 Sp.
1377 5713 1582 5772 sancto,
1609 5694 1758 5760 nunf.
1780 5706 1851 5763 25
1871 5719 1924 5763 ct
1953 5711 2042 5762 26.

2265 5425 2377 5508 (7.5)
2425 5426 2648 5508 Quod...
2690 5433 2924 5508 denatat.
2975 5433 3195 5508 Codex,
3229 5435 3384 5508 ἔστιν
3435 5439 3495 5493 δὲ
3525 5439 3605 5492 ὅτι
3639 5452 3767 5508 συμ-

2421 5499 2732 5581 μέιθβειιιιυιιι
2747 5503 2992 5581 Ιίπιιιεες,
3010 5496 3429 5577 ἐστιν’δηλονότι
3449 5496 3769 5581 ωμφωνίᾶς.

2261 5569 2376 5640 (74)
2415 5571 2660 5640 Spiritus.
2700 5573 2826 5640 Sap.
2871 5589 2908 5632 ι,
2939 5574 2992 5627 7.

2261 5639 2372 5709 (75)
2400 5639 2980 5721 .‘lfisausnnblissiouetn
3033 5645 3592 5721 localem-exclndit:
3639 5645 3764 5721 quod

2190 5720 2413 5779 prtcstat
2443 5709 2727 5797 etiatttiib.
2763 5713 2835 5769 De
2863 5713 2958 5771 Su.
2993 5726 3197 5785 sancto,
3229 5733 3383 5774 num.
3407 5720 3500 5776 25.
