4042 6404
266 407 363 463 εη

1325 414 1413 471 DE
1454 413 1827 471 TRINITATE
1866 417 2072 472 “BER
2114 414 2437 472 TERTIUS.

3419 417 3525 472 978

263 527 433 596 σήσας
455 525 536 592 εἰς
582 525 653 581 τὰ
703 525 971 598 πρόσωπα
996 526 1107 582 τῶν
1152 527 1465 586 ἀποστόλων
1510 534 1605 587 καὶ
1642 533 1837 588 εἰπών·

1951 546 2099 593 esset
2125 535 2363 606 Spiritus
2391 544 2617 593 sanctus
2645 544 2833 607 utpote
2859 534 3363 605 consubstantialis,
3394 554 3521 593 rur-

267 628 285 660 I
308 609 513 664 Λάϐετε
542 610 767 682 Πνεῦμα
791 611 969 680 ἅγιον,
1002 632 1019 664 ι
1036 612 1112 676 ὡς
1136 614 1473 688 προείρηται.
1494 618 1567 672 Τὸ
1588 618 1667 686 δέ,
1691 638 1709 671 t
1732 620 1845 674 Οὐκ

259 702 455 773 ἀφήσω
489 703 633 775 ὑμᾶς
664 706 963 778 ὀρφανούς·
999 706 1230 779 ἔρχομαι
1255 708 1389 780 πρὸς
1420 710 1585 779 ὑμᾶς,
1617 730 1633 762 ι
1674 711 1846 766 ἐδίδα-

260 792 368 859 ξεν,
398 795 475 859 ὼς
512 796 571 849 ὃν
610 797 810 868 τρόπον
840 798 900 852 τὸ
927 798 1151 869 Πνεῦμα
1188 797 1280 852 τοῦ
1311 799 1446 853 Θεοῦ
1500 796 1567 872 ἦν
1618 802 1711 855 καὶ
1738 801 1845 875 πρὸ

255 887 355 957 τῆς
378 888 626 961 γνωστῆς
660 890 825 945 αὐτοῦ
850 890 978 963 [9..ίῦ
999 890 1055 964 b]
1112 891 1407 962 ἐπιδημίας
1448 894 1507 947 ἐν
1536 895 1721 958 πᾶσιν,
1749 894 1843 947 οῦ-

255 996 333 1031 τω
387 980 483 1034 καὶ⁸
532 981 672 1053 μετὰ
718 983 819 1055 τήν
863 981 1129 1054 ἀνάληψιν
1165 984 1194 1036 6
1220 983 1367 1050 Υἱὸς,
1398 983 1456 1039 ἐν
1482 984 1844 1059 ἁπεριγρὰφῳ

260 1073 359 1144 μιᾷ
389 1072 604 1145 θεότητι
631 1075 728 1129 καὶ
763 1074 981 1149 θελήσει
1001 1074 1110 1129 τῶν
1146 1076 1496 1131 ὑποστάσεων
1527 1078 1721 1145 οὐσῶν,
1744 1080 1843 1133 οὐκ

256 1165 417 1231 αὐτὸς
442 1166 519 1220 ὢν
542 1167 709 1238 ἄμφω
758 1167 853 1222 καὶ
906 1166 1131 1240 Πνεῦμα
1162 1168 1254 1221 τοῦ
1285 1169 1419 1223 Θεοῦ
1473 1169 1571 1241 (ὡς
1622 1171 1843 1244 ἐνόησεν

257 1256 549 1323 Μοντανὸς,
602 1261 695 1313 καὶ
720 1260 892 1331 τούτῳ
924 1260 1156 1332 μάλιστα
1205 1261 1543 1330 ἐπερείδεται
1572 1262 1653 1335 τῷ
1686 1262 1841 1335 μέρει

253 1347 355 1416 τῆς
385 1348 423 1400 Γ
427 1348 630 1421 ραφῆς,
657 1349 731 1421 μὴ
757 1348 990 1417 βλέπων,
1019 1350 1142 1423 μηδ’
1163 1351 1397 1417 ἁκούων,
1434 1352 1511 1417 ὡς
1532 1354 1688 1418 ἄλλος
1714 1371 1779 1406 πε
1789 1354 1842 1425 pl.

253 1439 417 1493 ἄλλου
453 1441 550 1494 καὶ
598 1442 757 1496 ἄλλου
813 1441 1105 1514 προσώπου
1149 1442 1331 1512 λέγει·
1372 1462 1390 1495 t
1418 1445 1708 1517 Ἐρωτήσω
1748 1446 1840 1499 τὸν

254 1532 498 1602 Πατέρα,
530 1534 624 1585 καὶ
658 1534 861 1605 πέμψει
898 1535 1056 1589 ἄλλον
1107 1536 1462 1609 Παράκλητον
1481 1537 1527 1609 ι)
1554 1555 1567 1569 ⁸
1624 1538 1739 1593 ἀλλ’
1765 1539 1842 1605 ὼς

254 1624 353 1676 σὺν
385 1623 463 1695 τῷ
502 1625 778 1697 Πνεῦματι
845 1627 1035 1700 παρὼν
1091 1630 1475 1695 ίδιοσύστατος,
1528 1630 1672 1683 καθά
1692 1632 1839 1685 ἐστιν

252 1715 342 1767 ἀεὶ
375 1718 649 1788 πανταχοῦ
683 1718 775 1772 καὶ
804 1720 833 1772 ὁ
890 1721 1100 1792 Πατήρ.
1131 1722 1205 1775 Οὐ
1258 1721 1439 1792 μέντοι
1496 1724 1560 1776 ἐκ
1587 1722 1837 1793 δευτέρου

251 1807 353 1878 ήδη
420 1807 612 1874 ἐλθὼν,
747 1812 1005 1876 πολλάκις
1060 1812 1155 1866 καὶ
1202 1813 1301 1885 τὴν
1359 1813 1627 1885 ἐσομένην
1674 1816 1733 1869 ἐν
1769 1819 1835 1887 τῇ

1953 643 2048 684 sus
2097 628 2210 697 ipse
2258 626 2431 681 Filius
2473 629 2731 694 ostendit,
2772 641 2896 682 cum
2946 627 3227 683 insumans
3266 629 3318 684 in
3354 629 3527 685 facies

1946 718 2312 789 apostolorum
2334 718 2431 785 ait,
2461 736 2482 771 ι
2508 718 2751 789 Accipite
2775 719 2887 790 (176)
2919 720 3180 789 Spiritum
3219 730 3465 776 sanctum
3493 738 3519 774 ι

1945 812 2087 865 sicut
2138 821 2298 867 antea
2350 811 2554 867 dictum
2610 820 2713 867 est.
2765 810 2876 868 Illis
2921 811 3037 882 (7'7)
3072 820 3250 867 autem
3315 813 3531 879 verbis,

1950 900 2109 972 (Non
2149 904 2446 974 relinquam
2476 921 2568 961 vos
2594 905 2891 976 orphanos,
2916 904 3075 960 venio
3108 908 3176 959 ad
3212 919 3329 971 vos,
3360 923 3399 958 ι»
3420 906 3525 959 do-

1944 992 2075 1056 cuit,
2118 992 2260 1061 quod
2302 993 2756 1063 quemadmodum
2790 991 3028 1062 Spiritus
3052 990 3354 1055 Dei,.etiam
3393 1003 3521 1045 ante

1944 1082 2286 1138 manifestum
2307 1099 2464 1139 suum
2482 1086 2925 1147 adventum,erat
2946 1083 2999 1138 in
3029 1082 3314 1151 omnibus;
3338 1082 3415 1137 sic
3438 1082 3533 1136 Fim

1944 1171 2067 1237 lius,
2092 1173 2255 1228 etiam
2281 1184 2562 1245 postquam
2584 1174 2636 1229 in
2663 1174 2831 1230 ctelos
2852 1182 3159 1244 assumptus
3188 1182 3297 1237 est,
3319 1172 3518 1241 ubique

1943 1272 2047 1328 est,
2066 1279 2187 1319 cum
2210 1266 2371 1320 unius
2389 1266 2863 1336 incircumscriptm
2880 1265 3103 1321 Deitatis
3122 1280 3187 1321 ae
3228 1264 3517 1319 voluntatis

1942 1356 2050 1409 sint
2073 1355 2416 1425 hypostases;
2463 1372 2568 1411 non
2599 1358 2744 1427 quod
2776 1355 2891 1426 ipse
2926 1356 2996 1410 sit
3022 1355 3213 1421 Pater,
3242 1364 3297 1409 et
3321 1354 3514 1421 Filius,

1943 1456 1994 1501 et
2020 1445 2253 1515 Spiritus
2280 1444 2374 1501 Dei
2399 1447 2480 1515 (ut
2501 1456 2841 1503 commentus
2866 1455 2950 1501 est
2972 1445 3277 1509 Montanus,
3301 1445 3389 1516 qui
3416 1445 3517 1500 hoe

1944 1537 2180 1592 maxime
2227 1537 2522 1607 Scriptura:
2552 1537 2670 1593 loco
2700 1537 2972 1613 innititqr,
3005 1536 3136 1592 illud
3167 1551 3271 1590 non
3302 1536 3515 1600 videns,

1940 1643 2043 1684 nec
2069 1630 2396 1699 intelligens,
2430 1630 2572 1699 quod
2614 1629 2957 1685 manifestum
2994 1638 3095 1691 est,
3131 1628 3295 1682 alium
3321 1643 3514 1705 nempe

1940 1721 2006 1777 de
2032 1722 2135 1777 alia
2192 1731 2247 1776 et
2279 1722 2383 1777 alia
2426 1736 2654 1791 persona
2700 1722 2919 1777 dicere:
2957 1740 2976 1772 ι
3009 1719 3229 1790 Rogabo
3265 1719 3509 1780 Patrem,

1940 1822 1996 1869 et
2047 1814 2222 1870 mittet
2270 1814 2434 1870 alium
2488 1814 2907 1883 Paraeletumt),
2956 1812 3049 1867 sed
3093 1821 3360 1881 quatenus
3385 1825 3511 1865 cum

250 1898 434 1968 κρίσει
485 1899 742 1972 δευτέραν
772 1901 955 1971 ἄφιξιν
1012 1902 1175 1957 αὑτοῦ
1218 1905 1508 1976 ἐσήμανεν.
1544 1902 1619 1959 Εὖ
1658 1905 1715 1959 δὲ
1745 1885 1837 1960 καί

1942 1906 2145 1976 Spiritu
2171 1914 2359 1961 sancto
2390 1906 2545 1959 simul
2569 1905 2723 1961 adest
2754 1912 2809 1959 et
2843 1904 2957 1973 ipse
2994 1917 3117 1957 cum
3150 1900 3366 1972 propria
3393 1900 3515 1955 sub-

248 1988 314 2041 τδ
337 1990 542 2059 φάναι·
604 1994 882 2057 (Ἐκεῖνος
926 1996 1053 2069 περὶ
1110 1996 1245 2066 ἐμοῦ
1298 1998 1705 2069 μαρτυρήσει.»
1777 1999 1841 2052 Ἠ

250 2080 506 2153 ἀλήθεια,
567 2085 753 2155 φησὶν,
794 2088 921 2157 περὶ
963 2088 1064 2157 τῆς
1094 2087 1370 2159 ἀληθείας,
1428 2090 1522 2143 καὶ
1568 2091 1597 2143 6
1638 2089 1841 2161 Κύριος

251 2175 506 2246 περὶτοῦ
530 2177 756 2250 Κυρίου,
789 2180 849 2233 ὃν
888 2180 1087 2251 τρόπον
1121 2182 1247 2252 περὶ
1280 2181 1372 2235 τοῦ
1404 2182 1618 2253 Πατρὸς
1647 2177 1799 2235 εἶπεν
1821 2201 1836 2216 ο

258 2284 278 2317 ι
300 2268 413 2321 Καὶ
468 2274 734 2341 μαρτυρεί
767 2271 896 2342 περὶ
941 2271 1076 2342 ἐμοῦ
1134 2274 1163 2325 6
1198 2273 1417 2344 πέμψας
1478 2291 1543 2345 με
1574 2274 1781 2345 Πατήρ.
1814 2293 1834 2326 ι

251 2359 445 2413 Ταῦτα
470 2362 669 2425 πάντα,
705 2364 797 2416 καὶ
828 2365 933 2435 πρὸ
966 2364 1101 2417 ὅλων
1124 2366 1184 2419 τὸ
1212 2365 1391 2434 λέγειν
1416 2366 1508 2419 τὸν
1540 2367 1835 2437 Δεσπότην,

254 2471 276 2504 ι
300 2453 595 2525 Ἐρωτήσω
636 2454 726 2507 τὸν
770 2456 1010 2528 Πατέρα,
1041 2474 1059 2510 I
1108 2458 1243 2529 ὅπερ
1274 2458 1635 2527 ἀνεπίληπτόν
1670 2461 1835 2523 ἐστιν,

247 2546 310 2599 οὐ
348 2546 491 2599 κατὰ
522 2549 793 2619 κοσμικὴν
814 2549 1095 2620 συνήθειαν
1120 2550 1353 2605 νοεῖσθαι
1388 2551 1617 2620 ὀφεῖλον,
1649 2553 1837 2605 Μακε-

247 2636 426 2701 δόνιος
476 2640 704 2709 παρεὶς,
760 2639 839 2710 τῷ
903 2660 920 2691 ι
953 2641 1165 2712 Πέμψει
1222 2660 1241 2694 ι
1307 2642 1687 2715 προσέδραμεν
1743 2643 1837 2697 καὶ

250 2730 596 2801 προσεχάρη.
635 2730 837 2802 Ἐχέτω
869 2732 927 2785 δὲ
973 2734 1262 2806 ἀπόκρισιν
1290 2734 1426 2805 πρὸς
1459 2734 1556 2797 τὰς
1588 2736 1837 2798 τοιαύτας

250 2819 382 2888 περὶ
428 2818 522 2872 τοῦ
556 2820 708 2888 ἁγίου
742 2821 1056 2893 Πνεῦματος
1083 2824 1287 2893 φωνὰς,
1319 2824 1385 2895 ἣν
1428 2823 1587 2888 αὐτὸς
1618 2823 1833 2894 ἐρωτώ-

253 2925 417 2978 μενος
472 2908 632 2962 δὼσει
676 2910 840 2965 ἕνεκα
888 2911 995 2965 τῶν
1047 2914 1175 2983 περὶ
1222 2911 1315 2966 τοῦ
1373 2912 1503 2966 Υἱοῦ
1569 2913 1836 2983 κειμένων

249 3002 427 3071 ἁγίων
455 3003 723 3075 Γραφῶψ
772 3005 867 3059 καὶ
914 3006 1071 3059 τοῦτο
1122 3005 1427 3075 γινώσκων,
1471 3006 1553 3061 ὅτι
1603 3005 1835 3077 μάλιστα

252 3097 356 3166 μὲν
414 3097 475 3149 οὐ
529 3099 745 3161 πάντως
795 3098 824 3151 6
877 3097 1072 3167 λέγων,
1125 3098 1451 3171 ἢπέμπων,
1502 3099 1703 3169 μείζων
1738 3096 1833 3152 τοῦ

248 3187 563 3254 ἀκούοντος,
597 3190 629 3260 ἢ
660 3191 1009 3261 πεμπομένου
1044 3191 1407 3263 καθέστηκενο
1445 3190 1579 3243 ἀλλὰ
1600 3190 1689 3244 τὸν
1722 3190 1834 3243 ἴσον

250 3280 346 3333 καὶ
408 3279 668 3352 ὁμότιμον
731 3281 988 3345 πολλάκις
1049 3282 1359 3355 εὑρίσκεταί
1426 3300 1508 3346 τις
1572 3281 1833 3335 ἀποστέλ-

248 3371 357 3425 λων
376 3389 390 3401 ⁸
421 3372 523 3426 οὐκ
547 3374 774 3439 ἀπεικὸς
816 3374 873 3428 δὲ
902 3376 959 3428 ἐν
989 3373 1317 3447 ἀνθρώποις,
1344 3374 1435 3428 τὸν
1464 3375 1723 3438 παντοίας
1748 3373 1835 3427 τέ-

249 3482 386 3535 χνης
414 3464 763 3537 δημιουργὸν,
793 3467 885 3519 καὶ
908 3467 1165 3538 ἀμείνονα
1188 3467 1475 3538 τυγχάνειν
1507 3466 1602 3520 τοῦ
1625 3467 1837 3521 δοκοῦν-

253 3557 338 3619 τός
364 3572 422 3608 τι
447 3554 625 3624 λέγειν
649 3556 817 3627 αὐτῷ,
840 3556 872 3629 ἢ
896 3555 1022 3629 [216
1044 3557 1100 3631 a]
1133 3558 1371 3628 πέμπειν
1392 3559 1573 3613 αὐτόν.
1606 3561 1835 3613 Ἔπειτα

254 3647 329 3701 ὅτι
357 3649 457 3701 καὶ
482 3650 511 3702 ό
548 3649 839 3721 μονογενὴς
890 3651 1022 3714 Θεὸς
1058 3651 1230 3719 Λόγος
1268 3650 1525 3721 ἐπέμφθη
1558 3651 1709 3722 παρὰ
1740 3649 1834 3704 τοῦ

251 3740 491 3814 Πατρὸς,
523 3740 557 3812 ἦ
607 3741 701 3796 τοῦ
743 3744 1079 3814 Πνεῦματος,
1135 3743 1211 3807 ὡς
1242 3742 1405 3807 αὐτὸς
1449 3743 1599 3815 παρὰ
1640 3743 1837 3814 Ἡσαΐᾳ

247 3830 402 3900 λέγει
425 3847 441 3863 ο
474 3850 493 3883 I
516 3830 656 3900 Ἐγώ
686 3834 800 3903 εἰμι
827 3833 1066 3905 πρῶτος,
1096 3833 1191 3888 καὶ
1216 3832 1329 3902 ἐγώ
1366 3835 1480 3903 εἰμι
1512 3834 1593 3895 είς
1628 3832 1720 3885 τὸν
1752 3832 1837 3884 αἰ-

246 3923 404 3979 ῶναο
434 3925 468 3995 ή
495 3924 614 3996 χείρ
647 3942 747 3995 μου
803 3925 1163 3997 ἐθεμελίωσεν
1216 3925 1315 3997 τὴν
1346 3925 1473 3997 γῆν,
1506 3926 1656 3995 καὶὴ
1688 3924 1838 3992 δεξιά

250 4033 357 4086 μου
417 4016 752 4087 ἐστερέωσεν
781 4017 874 4071 τὸν
904 4019 1156 4090 οὐρανόν.
1188 4038 1207 4071 ι
1244 4019 1355 4073 Καὶ
1377 4018 1495 4089 μεθ’
1526 4018 1689 4089 ἕτερα
1714 4019 1835 4072 ἐπι-

245 4108 449 4179 φέρει·
510 4109 666 4163 «Καὶ
718 4109 811 4164 νῦν
854 4111 1059 4183 Κύριος
1118 4112 1461 4166 ἀπέσταλκέν
1515 4130 1604 4183 με,
1653 4112 1747 4165 καὶ
1776 4109 1838 4164 τὸ

246 4199 482 4271 Πνεῦμα
508 4200 695 4255 αὐτοῦ.
720 4221 740 4255 ι
781 4204 943 4258 Ὥστε
997 4206 1059 4258 οὐ
1101 4205 1379 4275 πέμπεται
1413 4204 1554 4258 κατὰ
1572 4204 1671 4276 τήν
1695 4205 1835 4258 ἀπο-

1942 1997 2211 2063 sistentia,
2273 1997 2414 2051 sicut
2466 2010 2679 2066 semper
2739 1994 2936 2065 ubique
2977 2002 3061 2049 est
3109 1993 3274 2047 etiam
3329 1990 3510 2046 Pater.

1943 2088 2056 2145 Nec
2090 2104 2221 2145 vero
2244 2093 2388 2160 quod
2435 2090 2534 2154 ait,
2590 2087 2793 2144 «Venio
2830 2090 2896 2143 ad
2944 2102 3107 2152 vos,s-
3146 2087 3349 2142 indicat
3388 2100 3512 2141 eum

1942 2183 2176 2239 secundo
2216 2181 2323 2252 jam
2364 2182 2617 2243 venisse:
2663 2183 2764 2237 etsi
2812 2194 2953 2251 saepe
3002 2180 3105 2235 hac
3153 2179 3360 2234 ratione
3398 2177 3537 2249 (78)-

1942 2275 2182 2331 futurum
2234 2276 2397 2331 etiam
2434 2275 2487 2329 in
2520 2274 2606 2329 die
2648 2272 2837 2344 judicii
2887 2272 3180 2327 secundum
3220 2272 3303 2325 sui
3343 2269 3517 2340 ipsius

1941 2368 2231 2422 adventum
2260 2366 2668 2436 signiﬁcaverit.
2705 2363 2849 2419 Bene
2883 2362 2997 2434 (79)
3028 2369 3205 2416 autem
3250 2375 3309 2416 se
3352 2360 3513 2414 habet

1940 2460 2101 2514 etiam
2151 2460 2292 2529 quod
2327 2457 2464 2514 dixit
2494 2475 2507 2511 :
2541 2476 2559 2508 ε
2593 2455 2685 2511 Ille
2719 2457 2784 2510 de
2809 2470 2894 2509 me
2927 2453 3294 2509 testimonium
3325 2453 3510 2522 perhi-

1940 2551 2105 2607 bebit.
2154 2571 2173 2604 ›
2214 2550 2417 2618 Nempe
2448 2548 2668 2610 veritas,
2699 2546 2895 2615 inquit,
2935 2547 3001 2599 de
3048 2545 3296 2605 veritate.
3325 2553 3379 2598 et
3411 2542 3514 2595 Do-

1941 2644 2119 2698 minus
2153 2642 2218 2696 de
2246 2640 2474 2696 Domino
2505 2637 2874 2694 testimonium
2902 2636 3111 2691 reddet.
3149 2633 3323 2690 Simili
3356 2634 3514 2688 modo

1939 2738 2005 2791 de
2028 2736 2186 2791 Patre
2214 2735 2323 2789 ait:
2362 2753 2380 2786 ι
2409 2733 2474 2788 Et
2506 2731 2869 2787 testimonium
2906 2729 3018 2801 (80)
3052 2728 3299 2799 perhibet
3325 2727 3392 2782 de
3428 2744 3541 2781 Ine-

1938 2829 2028 2897 qui
2081 2826 2229 2882 misit
2261 2840 2346 2881 me
2376 2824 2557 2880 Pater.
2583 2844 2603 2876 ›
2636 2823 2855 2879 Omittit
2890 2824 3002 2876 hzcc
3048 2822 3227 2876 omnia
3260 2820 3514 2875 Macedo-

1938 2924 2081 2987 nius,
2105 2937 2169 2974 ac
2210 2919 2503 2991 prasertim
2546 2918 2632 2972 illa
2680 2917 2889 2973 Domini
2918 2917 3079 2970 verba
3111 2915 3334 2978 omittit,
3370 2913 3513 2967 «R0-

1936 3016 2073 3086 gaho
2100 3013 2372 3077 Patrem,»
2409 3026 2529 3081 qua:
2550 3021 2603 3065 et
2637 3008 3057 3080 reprehensione
3089 3015 3299 3070 carent,
3339 3018 3531 3074 neque

1931 3106 2086 3175 juxta
2134 3104 2459 3159 mundanam
2502 3098 2755 3170 loquendi
2793 3096 3237 3154 consuetudinem
3287 3091 3531 3162 intelligi.

1936 3197 2162 3261 debent;
2184 3194 2270 3251 his
2311 3209 2437 3250 vero
2471 3190 2853 3262 praetermissis
2882 3188 3073 3258 arripit
3103 3200 3315 3252 vocem,
3364 3183 3513 3240 «Mit-

1938 3294 2035 3351 tet,
2062 3304 2080 3337 ι
2122 3294 2281 3353 atque
2317 3284 2370 3337 in
2419 3298 2482 3338 ea
2522 3282 2759 3337 exsultat
2796 3280 3007 3347 sibique
3036 3276 3324 3332 blanditur.
3362 3273 3512 3327 illam

1937 3394 2067 3434 vero
2124 3380 2295 3449 ipsam
2347 3377 2393 3431 is
2427 3377 2626 3431 habeat
2679 3373 3113 3443 responsionem,
3173 3366 3337 3439 “2
3387 3366 3512 3419 dum

1937 3473 2103 3530 hasce
2144 3486 2308 3526 voces
2338 3470 2402 3523 de
2441 3467 2646 3537 Spiritu
2680 3472 2873 3520 sancto
2910 3462 3083 3517 dictas
3112 3459 3320 3528 objicit,
3350 3471 3535 3525 quam

1936 3549 2306 3635 interrogatus
2327 3561 2478 3616 dabit
2508 3560 2743 3631 ipsemet
2770 3556 2971 3612 similia
3006 3567 3178 3608 sacrae
3212 3550 3519 3618 Scriptura:

1936 3656 2055 3714 loca
2104 3658 2172 3713 de
2224 3655 2362 3710 Filio
2410 3653 2551 3708 dicta
2603 3647 3002 3719 objicientibus.
3052 3647 3133 3700 Ac
3176 3642 3307 3699 illud
3347 3639 3515 3695 etiam

1937 3750 2103 3817 norit,
2150 3761 2293 3817 saepe
2343 3746 2583 3816 quidem,
2638 3743 2732 3797 sed
2780 3754 2884 3795 non
2941 3751 3176 3806 semper,
3211 3747 3384 3803 neque
3410 3747 3510 3786 ne-

1937 3840 2177 3897 cessario
2218 3853 2365 3906 eum,
2414 3838 2505 3907 qui
2555 3836 2687 3891 dicit
2729 3833 2884 3905 quasi
2933 3829 3231 3903 pracipiat,
3289 3834 3382 3879 aut
3419 3826 3523 3895 qui

1939 3933 2123 3995 mittit,
2185 3929 2449 4000 majorem
2501 3942 2622 3984 esse
2651 3926 2743 3982 illo
2792 3925 2884 3995 qui
2934 3921 3103 3985 audit,
3137 3917 3512 3981 autmittitur;

1938 4022 2032 4077 sed
2089 4034 2232 4090 saepe
2272 4019 2614 4088 contingere,
2666 4024 2726 4071 ut
2753 4014 2875 4085 quis
2906 4027 3030 4067 eum
3060 4010 3261 4073 mittat,
3291 4006 3383 4077 qui
3409 4006 3514 4060 sibi

1937 4113 2163 4185 aequalis
2201 4120 2257 4169 et
2306 4111 2501 4182 aequali
2537 4111 2742 4165 honore
2796 4107 2990 4179 dignus
3028 4104 3136 4168 sit;
3172 4114 3346 4169 neque
3382 4111 3515 4153 vero

1940 4205 2238 4260 ahsur‘dum
2287 4218 2432 4269 esse,
2482 4212 2541 4257 ut
2590 4203 2730 4257 inter
2774 4198 3020 4254 homines
3059 4194 3150 4251 ille
3193 4193 3290 4264 qui
3318 4192 3391 4246 sit
3418 4205 3513 4243 cu-

247 4292 460 4345 στόλων
484 4292 517 4365 ἢ
574 4296 870 4366 προφητῶν
909 4296 1212 4367 ἀποστολήν
1237 4297 1296 4350 τὸ
1326 4295 1551 4368 Πνεῦμα
1570 4296 1665 4351 τοῦ
1700 4296 1834 4351 Θεοῦ

1940 4294 2153 4365 iuslibet
2192 4295 2329 4350 artis
2357 4294 2561 4365 opifex,
2601 4292 2673 4347 sit
2703 4292 2865 4347 etiam
2904 4289 3079 4360 major
3118 4286 3230 4351 illo,
3272 4284 3364 4355 qui
3400 4282 3510 4352 ipsi

246 4384 345 4437 καὶ
401 4384 635 4456 Πατρὺς,
671 4387 786 4440 ἀλλ’
806 4388 879 4451 ὡς
901 4388 1127 4461 Πνεῦμα
1158 4388 1323 4442 αὑτοῦ
1342 4407 1355 4419 ο
1394 4390 1489 4443 καὶ
1515 4389 1635 4442 οὐδὲ
1670 4406 1836 4461 μετα-

1940 4388 2137 4457 aliquid
2166 4386 2343 4442 dicere
2374 4400 2439 4439 ac
2478 4386 2772 4455 przecipere
2810 4384 3082 4446 videatur,
3115 4389 3208 4435 ant
3236 4394 3359 4435 eum
3385 4380 3515 4435 mit-

243 4475 514 4543 σατικῶς,
549 4479 734 4551 ἐπειδὴ
775 4480 894 4534 οὐδὲ
943 4483 972 4534 6
999 4481 1209 4553 Πατὴρ,
1242 4475 1303 4536 οῦ
1349 4482 1448 4553 τῆς
1482 4482 1835 4546 ὑποστάσεως

1940 4490 2071 4535 tere.
2122 4478 2330 4533 Deinde
2370 4478 2535 4542 norit,
2583 4477 2747 4532 etiam
2805 4474 3141 4544 unigenitum
3184 4471 3349 4527 Deum
3386 4470 3523 4525 Ver-

245 4568 481 4642 Πνεῦμά
512 4572 680 4637 ἐστιν,
711 4572 905 4643 πέρασι
931 4573 1390 4646 περιγέγραπται.

1940 4572 2062 4626 bum
2096 4571 2321 4626 missum
2348 4586 2516 4625 essea
2549 4567 2730 4634 Patre,
2771 4576 2865 4622 aut
2899 4582 2929 4621 a
2963 4566 3207 4637 Spiritu;
3244 4579 3367 4618 nam
3400 4564 3517 4633 ipse

245 4664 395 4733 apud
441 4659 632 4719 Isaiam
705 4664 854 4734 prius
901 4665 1119 4733 quidem
1169 4664 1344 4717 dicit:
1378 4681 1399 4714 ι
1464 4663 1575 4733 Ego
1614 4677 1731 4716 sum
1782 4662 1895 4733 (8|)
1932 4662 2164 4733 primus,
2208 4671 2262 4716 et
2284 4676 2385 4731 ego
2428 4675 2547 4715 sum
2590 4662 2641 4714 in
2677 4659 2932 4715 sarculum
2964 4676 2978 4713 :
3014 4672 3205 4711 manus
3236 4672 3354 4711 mea
3388 4656 3511 4712 fun-

244 4759 399 4813 davit
434 4767 656 4822 terram,
703 4767 758 4811 et
800 4757 1018 4811 dextera
1070 4768 1185 4809 mea
1234 4755 1467 4808 ﬁrmavit
1524 4755 1765 4810 ccelum:
1800 4773 1820 4806 ι
1866 4764 1977 4808 tum
2023 4768 2155 4809 vero
2229 4762 2350 4823 post
2430 4753 2532 4806 alia
2576 4753 2802 4807 subdit:
2842 4769 2861 4803 ι
2892 4751 2958 4805 Ει
3005 4764 3149 4805 nunc
3179 4748 3292 4822 (82)
3332 4747 3515 4803 Domi-

246 4866 353 4908 nus
389 4851 537 4906 misit
560 4865 645 4905 me
676 4859 731 4905 et
759 4850 993 4921 Spiritus
1023 4850 1160 4918 ejus.
1194 4869 1213 4902 ι
1244 4849 1358 4903 Non
1389 4847 1621 4903 mittitur
1648 4848 1829 4917 itaque
1872 4846 2108 4915 Spiritus
2155 4848 2246 4902 Dei
2284 4857 2338 4902 et
2373 4846 2549 4901 Patris
2575 4860 2639 4899 eo
2672 4846 2830 4899 modo
2859 4858 2966 4914 quo
3030 4844 3319 4898 mittuntur
3376 4857 3507 4910 apo-

245 4946 375 5003 stoli
414 4943 559 5016 (83),
594 4930 694 4997 aut
726 4946 1020 5012 prophetae,
1054 4942 1146 4998 sed
1172 4953 1227 4995 ut
1251 4941 1487 5010 Spiritus
1518 4939 1675 5008 eius;
1722 4956 1822 4995 nec
1860 4940 2093 4995 mittitur
2126 4950 2185 4995 ut
2218 4939 2437 4993 aliunde
2487 4938 2554 4992 ad
2592 4937 2696 4991 alia
2756 4934 3173 5005 transmigrans,
3242 4936 3498 5005 quoniam

250 5055 324 5096 Ite
350 5038 515 5095 Pater
538 5037 781 5107 quidem,
808 5039 960 5101 cuius
983 5036 1291 5108 hypostasis
1318 5044 1401 5089 est
1428 5034 1685 5104 Spiritus,
1720 5035 1968 5089 terminis
2004 5033 2456 5103 circumscriptus
2481 5039 2586 5085 est.

879 5129 1035 5183 ΚΕΦ.
1064 5127 1185 5183 ΛΘ.

322 5223 447 5276 Ἔτι
476 5221 885 5292 σμικρῦνοντες,
933 5220 1027 5273 καὶ
1057 5220 1135 5290 τῷ
1168 5220 1375 5274 ἐαυτῶν
1409 5218 1563 5291 κακῷ
1606 5236 1835 5273 κατακι-

2502 5120 2656 5177 CAP.
2707 5119 2949 5176 XXXIX.

2013 5218 2339 5274 lmminuere
2376 5216 2554 5271 adhuc
2601 5224 2656 5269 et
2691 5214 2744 5269 in
2775 5228 2929 5268 suam
2960 5210 3198 5281 ipsorum
3221 5210 3525 5279 perniciem-

249 5314 601 5387 βδηλεύοντες
620 5313 688 5366 τὰ
712 5314 840 5385 περὶ
866 5311 961 5365 τοῦ
992 5311 1144 5380 ἁγίου
1185 5313 1325 5365 Πνεύ
1335 5328 1521 5382 ματος,
1557 5310 1837 5374 ὀνειδίζου-

1942 5314 2251 5367 adulterare
2296 5324 2359 5365 ea
2405 5322 2525 5379 quae
2551 5307 2618 5361 de
2649 5306 2855 5376 Spiritu
2889 5315 3083 5360 sancto
3114 5303 3318 5373 scripta
3368 5312 3518 5368 sunt,

250 5423 335 5460 σιν
358 5405 511 5477 αὐτῷ
549 5406 644 5460 καὶ
672 5403 839 5476 ἄλλην
865 5402 1051 5474 θεῖκὴν
1075 5401 1506 5474 φιλανθρωπίαν,
1528 5402 1597 5474 ἢν
1621 5400 1833 5464 Παῦλος

320 5590 438 5662 (78)
470 5589 722 5662 Accipite.
748 5588 905 5662 Joan.
937 5604 1031 5648 xx,
1061 5587 1151 5662 22.

470 5656 804 5715 Illis'autent.
831 5660 1036 5724 Codex,
1062 5659 1122 5710 τὸ
1145 5657 1224 5711 δέ.
1248 5656 1553 5727 Legendnm
1582 5656 1832 5717 fortasse,

472 5800 588 5855 Hac
618 5803 841 5858 ratione.
875 5799 1030 5865 Cod.,
1064 5802 1100 5870 ἡ
1126 5798 1402 5862 πολλάκις.
1437 5795 1598 5865 Lego,
1704 5793 1830 5846 πολ-

470 5940 626 5999 Bene.
656 5940 895 5998 Similem
942 5942 1103 5999 habet
1146 5941 1472 6000 locutionem
1507 5938 1559 5995 in
1604 5936 1695 5994 lib.
1756 5946 1831 6001 De

1944 5412 2230 5475 pergentes
2261 5400 2596 5470 exprobrant
2629 5399 2804 5454 eidem
2855 5396 3014 5451 aliam
3060 5411 3275 5467 quoque
3320 5393 3414 5449 Dei
3463 5394 3531 5450 in

1944 5580 2037 5649 Sp.
2064 5592 2265 5652 sancto,
2286 5598 2435 5639 num.
2457 5585 2523 5639 15
2547 5602 2561 5639 :
2596 5600 2615 5633 I
2647 5580 2791 5635 Bene
2812 5590 2993 5636 autem
3014 5580 3155 5650 quod
3182 5577 3234 5631 in
3263 5576 3376 5646 ipsa
3395 5590 3517 5630 sen-

1945 5654 2108 5706 tentia
2143 5671 2249 5707 Iton
2281 5655 2377 5717 ait,
2408 5656 2509 5722 Qui
2549 5654 2752 5722 creari,
2784 5654 2899 5714 sed,
2930 5670 2949 5702 ι
2981 5652 3081 5715 Qui
3106 5664 3252 5703 creo.
3286 5666 3309 5699 ι

2012 5724 2128 5788 (80)
2163 5723 2231 5788 Et
2263 5720 2639 5779 testimonium.
2674 5720 2831 5776 Joan.
2867 5737 2986 5782 VIII,
3019 5722 3105 5775 18.

2012 5791 2124 5863 (81)
2154 5792 2267 5864 Ego
2296 5813 2432 5849 sum.
2469 5796 2568 5851 lsa.
2605 5807 2794 5855 XLVIII,
2827 5791 2911 5854 1'2,
2947 5793 3031 5847 15.

2010 5864 2125 5932 (ὃῖ)
2153 5865 2218 5919 Et
2244 5883 2398 5920 nunc.
2432 5866 2532 5921 lsa.
2557 5880 2744 5926 sum,
2788 5865 2875 5932 16.

2010 5926 2125 6009 (85)
2152 5936 2267 6002 Quo
2287 5938 2565 5993 mittuntur
2586 5934 2835 6005 apostoli.
2864 5931 2918 5987 In
2943 5930 3079 5988 llbro
3098 5928 3172 5984 De
3192 5926 3287 5995 Sp.
3308 5932 3517 5994 sancta
