4042 6404
233 389 329 444 931

1290 390 1376 445 DE
1415 390 1786 446 TRINITATE
1825 391 2027 447 LIBER
2068 392 2390 450 TERTIUS.

3373 398 3480 452 οδε
3501 473 3505 478 Α

229 500 408 572 ἡμῶν,
451 518 468 551 ι
492 502 678 568 Ἀϐϐά,
704 522 724 556 ι
768 504 865 568 τὰς
913 504 1101 573 κωφὰς
1125 504 1416 574 αἱρετικῶν
1462 505 1630 569 ἀκοὰς
1663 505 1789 558 διδά-

1915 507 2030 576 Ipse
2081 508 2300 578 insuper
2364 523 2462 562 nos
2533 509 2890 579 regeneravit,
2947 518 3003 562 et
3047 524 3076 562 a
3128 518 3350 578 peccato
3413 529 3478 566 ac

229 609 375 655 σκον,
431 593 513 646 ὅτι
544 593 704 657 αὑτός
736 596 883 648 ἐστιν
919 597 947 648 ὁ
997 595 1217 648 ἐνοικῶν
1263 599 1373 659 τοῖς
1408 599 1616 659 πιστοῖς
1653 596 1802 662 Θεὸς,

226 681 367 734 κατὰ
387 681 468 747 τὸ,
507 700 526 734 ι
549 684 843 756 Ἐνοικήσω
896 687 954 738 ἐν
983 686 1186 749 αὐτοῖς,
1215 686 1308 738 καὶ
1333 688 1767 756 ὲμπεριπατήσω
1787 703 1800 715 ’

227 773 319 822 καὶ
344 771 538 841 ἔσομαι
569 773 744 828 αὐτῶν
770 775 921 838 Θεὸς,
951 777 1045 828 καὶ
1072 776 1225 828 αὐτοὶ
1249 775 1458 829 ἔσονταί
1484 794 1573 846 μοι
1600 777 1756 839 λαός·
1779 797 1799 829 ι

223 863 369 916 κατὰ
401 864 491 915 τὸν
529 866 849 920 Ἀπόστολον
884 868 1198 937 γράφονται
1271 886 1289 918 ι
1327 868 1440 921 Οὐκ
1480 867 1679 930 οἴδατε,
1721 869 1803 920 ὅτι

224 955 354 1016 ναὸς
379 954 516 1008 Θεοῦ
545 957 689 1019 ἐστε,
718 959 814 1012 κα).
866 959 926 1012 τὸ
974 957 1198 1030 Πνεῦμα
1244 958 1340 1012 τοῦ
1393 958 1527 1012 Θεοῦ
1560 961 1698 1012 οἰκεῖ
1745 960 1803 1012 ἐν

223 1044 353 1114 ὑμῖν
381 1063 395 1111 ;
424 1063 443 1096 ι
506 1049 770 1117 Δίρετικοὶ
791 1049 845 1101 δὲ
870 1050 951 1112 τὸ,
981 1051 1165 1103 (Ὅσοι
1189 1049 1465 1120 Πνεύματι
1487 1048 1618 1102 Θεοῦ
1649 1049 1806 1117 ἆγον-

220 1153 335 1197 ται,
369 1131 516 1190 οῦτοι
571 1140 678 1192 υἱοὶ
709 1138 842 1192 Θεοῦ
879 1143 1032 1202 εἰσιν,
1067 1159 1085 1190 ι
1123 1141 1217 1192 καὶ
1261 1141 1360 1192 ὅσα.
1385 1139 1631 1204 τοιαῦτα,
1678 1140 1806 1210 περὶ

221 1227 312 1279 τοῦ
346 1229 476 1280 ἰδίου
513 1231 668 1299 ἡμῶν
724 1232 1048 1301 πνεύματος,
1084 1233 1143 1284 οὐ
1175 1232 1302 1303 περὶ
1325 1231 1416 1284 τοῦ
1440 1232 1594 1300 ἁγίου
1624 1230 1796 1283 Πνεῦ-

221 1335 394 1386 ματος
433 1321 679 1391 εἰρῆσθαι
713 1321 1029 1390 βιάζονταιῇ
1057 1323 1247 1394 Κρίνει
1269 1323 1325 1376 δὲ
1348 1323 1478 1375 αὐτὸ
1508 1325 1541 1393 ἡ
1584 1323 1800 1389 ἐπαγω-

216 1409 313 1477 γὴ,
351 1409 548 1478 ἔχουσα
574 1427 585 1439 ’
629 1430 645 1461 ι
673 1409 749 1464 Οὐ
783 1412 889 1483 γὰρ
928 1412 1148 1465 ἐλάϐετε
1176 1411 1390 1482 πνεῦμα
1417 1410 1654 1473 δουλείας
1694 1410 1800 1463 πά-

221 1497 306 1550 λιν
359 1502 441 1562 εἰς
487 1501 680 1570 φόϐον,
717 1502 832 1556 ἀλλ’
892 1503 1112 1556 ἐλάϐετε
1179 1502 1402 1573 Πνεῦμα
1462 1501 1796 1564 υἱοθεσίας.»

220 1589 453 1653 Πάντως
495 1593 602 1663 γὰρ
646 1592 857 1663 ἔχοντες
911 1594 1011 1665 ἤδη
1065 1595 1126 1647 τὸ
1181 1594 1309 1646 ἴδιον
1372 1591 1524 1664 ήμῶν
1562 1592 1801 1663 πνεῦμα,

215 1682 634 1754 προσελάόομεν
654 1687 714 1738 τὸ
741 1687 838 1756 τῆς
874 1686 1142 1763 υἱοθεσίας
1163 1687 1316 1754 ἅγιον
1340 1686 1584 1756 Πνεῦμα.

1914 605 2090 652 morte
2133 596 2405 663 liberavit,
2454 606 2506 650 et
2544 596 2923 660 sanctiﬁcavit,
2971 608 3024 650 et
3070 597 3208 650 ﬁlios
3251 598 3340 652 Dei
3384 614 3504 668 pro

1911 703 2006 741 sua
2066 687 2304 742 bonitate
2353 687 2503 742 fecit.
2558 689 2744 756 Itaque
2789 689 3096 756 priusquam
3129 687 3194 742 ab
3235 688 3348 756 ipso
3387 704 3481 756 per

1920 778 2398 840 illuminationem,
2425 779 2474 832 id
2506 787 2586 830 est
2622 793 2716 846 per
2748 778 3034 846 baptisma,
3077 791 3476 844 regeneremur,

1917 884 1984 923 ne
2018 869 2524 937 convenitrquidem
2551 867 2659 939 (95)
2709 869 2861 921 nobis
2895 870 3073 922 dicere
3108 885 3120 920 :
3155 886 3173 918 ι
3202 867 3358 921 Pater
3384 883 3481 920 no-

1911 971 2045 1024 ster,
2077 960 2166 1028 qui
2203 975 2262 1014 es
2290 959 2341 1014 in
2366 959 2536 1020 caalis.
2574 979 2592 1011 ι
2625 960 2702 1013 Ad
2739 959 2874 1023 hanc,
2919 959 2971 1012 in
3003 961 3255 1015 cordibus
3278 960 3478 1015 nostris

1912 1049 2130 1114 clamat,
2155 1049 2354 1112 «Abba,
2371 1069 2389 1100 ι
2415 1048 2644 1119 Spiritus
2666 1051 3078 1118 sanctussurdis
3098 1051 3472 1106 htereticorum

1913 1139 2134 1193 auribus
2187 1141 2464 1205 insonans,
2516 1155 2580 1194 ac
2631 1154 2725 1193 eos
2774 1139 2994 1205 docens,
3038 1140 3178 1208 quod
3230 1142 3340 1210 ipse
3395 1151 3477 1194 est

1908 1233 2046 1286 Deus
2094 1231 2195 1293 ille,
2245 1230 2410 1302 444
2453 1233 2540 1300 qui
2599 1232 2861 1286 inhabitat
2910 1232 2962 1285 in
3011 1233 3276 1297 lidelibus,
3322 1233 3472 1302 juxta

1905 1323 2032 1378 illud
2060 1341 2112 1376 ει
2146 1323 2456 1377 lnbabitabo
2479 1322 2589 1394 (94)
2619 1324 2667 1376 in
2695 1324 2794 1388 eis,
2821 1334 2873 1377 et
2899 1324 2948 1378 in
2978 1325 3056 1380 eis
3084 1325 3364 1379 ambulabo
3390 1337 3473 1392 ;et

1906 1429 1999 1468 ero
2045 1429 2229 1467 eorum
2262 1411 2426 1477 Deus,
2457 1424 2511 1468 et
2545 1413 2645 1482 ipsi
2677 1427 2837 1470 erunt
2880 1417 3008 1470 tnihi
3061 1418 3325 1486 populus;
3355 1437 3372 1468 ι
3418 1428 3472 1471 et

1903 1505 2054 1575 juxta
2090 1503 2405 1572 Apostolum
2459 1505 2822 1558 scribentem:
2888 1525 2905 1556 ‹
2934 1504 3013 1557 Att
3081 1507 3301 1560 nescitis
3333 1506 3470 1578 (95),

1907 1594 2049 1662 quod
2084 1593 2338 1662 templum
2376 1593 2468 1647 Dei
2507 1593 2658 1658 estis,
2694 1604 2746 1647 ct
2779 1593 3011 1663 Spiritus
3052 1595 3139 1648 Dei
3185 1596 3388 1650 habitat
3418 1599 3470 1650 in

1907 1683 2099 1738 vobis?
2130 1703 2148 1734 ι
2204 1682 2450 1736 [heretici
2484 1697 2612 1736 vero
2655 1684 2806 1750 illud,
2857 1702 2873 1733 ι
2906 1683 3223 1753 Quicunque
3265 1685 3470 1754 Spiritu

211 1765 312 1829 Dei
355 1791 606 1847 aguntur,
641 1781 693 1833 hi
724 1783 815 1835 lilii
847 1783 938 1837 Dei
970 1793 1118 1846 sunt,
1150 1801 1169 1834 ι
1206 1783 1419 1851 aliaque
1451 1783 1645 1837 similia
1712 1783 1828 1836 loca
1863 1781 1928 1834 de
1978 1780 2192 1849 proprio
2241 1788 2425 1834 nostro
2473 1780 2686 1848 spiritu,
2743 1795 2846 1834 non
2884 1781 2948 1834 de
2997 1781 3200 1848 Spiritu
3268 1791 3459 1836 sancto

208 1867 366 1920 dicta
401 1885 525 1923 esse
554 1875 900 1930 contendunt.
933 1873 1037 1928 Sed
1104 1891 1199 1929 eos
1264 1875 1512 1930 refellunt
1577 1889 1695 1943 quae
1726 1872 2126 1941 subjiciuntur:
2177 1891 2195 1924 ι
2225 1872 2338 1927 Non
2366 1872 2509 1926 enim
2574 1874 2858 1943 accepistis
2899 1874 3144 1943 Spiritum
3190 1874 3472 1938 servitutis

204 1958 419 2013 iterum
451 1961 500 2014 in
537 1963 748 2026 timore,
774 1964 866 2018 sed
896 1967 1178 2035 accepistis
1203 1966 1464 2035 Spiritum
1494 1964 1794 2035 adoptionis
1833 1963 1886 2017 in
1932 1963 2091 2018 ﬁlios.
2118 1981 2136 2015 ι
2182 1961 2318 2016 Hinc
2348 1963 2490 2016 cnim
2523 1965 2860 2031 perSpicuum
2891 1963 3109 2017 omnino
3174 1973 3275 2029 est,
3347 1979 3475 2047 nos"

203 2062 337 2099 cum
375 2052 653 2119 proprium
705 2062 945 2108 nostrum
991 2057 1242 2125 spiritum
1308 2055 1416 2125 jam
1463 2056 1806 2119 haberemus,
1842 2058 2113 2126 accepisse
2162 2055 2382 2124 insuper
2447 2053 2707 2123 Spiritum
2741 2064 2986 2108 sanctum
3060 2055 3364 2123 adeptionis
3407 2056 3484 2130 in,

201 2138 374 2193 ﬁlios.

859 2233 1016 2285 ΚΕΦ.
1045 2233 1130 2286 Μ’.

292 2321 662 2394 Ἐθελεχθρῶς
695 2323 788 2376 καὶ
847 2325 1336 2396 φιλαπεχθημόνως
1403 2329 1619 2400 ἔχοντες
1654 2329 1790 2398 πρὸς

197 2411 264 2463 to
295 2413 455 2479 ἆγιον
494 2412 739 2482 Πνεῦμα,
777 2415 1126 2484 κακοφρόνως
1155 2417 1584 2488 ἐκλαμϐάνουσιν
1617 2421 1711 2472 καὶ
1731 2420 1790 2472 τὸ

198 2502 341 2574 παρ’
379 2504 600 2576 Ἰωάννῃ
623 2503 770 2575 παρὰ
790 2504 883 2556 τοῦ
923 2505 1172 2576 Σωτῆρος
1210 2507 1394 2578 λεχθὲν
1433 2511 1560 2581 περὶ
1587 2509 1747 2562 αὑτοῦ
1772 2527 1785 2539 ·

203 2611 225 2644 ι
251 2595 491 2654 Ἐκεῖνος
523 2595 621 2664 ἐμὲ
647 2596 876 2661 δοξάσει,
917 2597 995 2648 ὅτι
1018 2600 1082 2650 ἐκ
1109 2597 1201 2650 τοῦ
1233 2601 1365 2670 ἐμοῦ
1406 2602 1657 2672 λήψεται,
1699 2604 1792 2656 κα)⁹

200 2683 502 2750 ἀναγγελεῖ
523 2685 668 2754 ὑμῖν.
707 2705 723 2736 ι
782 2687 854 2738 Οὐ
888 2687 995 2759 γὰρ
1051 2687 1226 2759 θέμις,
1261 2690 1333 2752 ὡς
1360 2690 1426 2742 τὰ
1453 2692 1788 2760 ἀνθρώπινα,

196 2777 351 2829 οὕτω
378 2777 474 2827 καὶ
532 2775 599 2841 τᾲ
623 2777 714 2829 τοῦ
767 2777 900 2830 Θεοῦ
936 2783 1095 2844 νοεῖν,
1127 2782 1245 2834 οὐδὲ
1274 2785 1339 2852 τῇ
1378 2785 1653 2855 ὁμοιότητι
1684 2785 1789 2839 τῶν

199 2868 326 2920 καθ’
350 2870 500 2938 ἡμᾶς
531 2868 724 2934 λέξεων
776 2870 868 2923 καὶ
925 2872 1142 2926 ἐννοιῶν
1193 2874 1254 2926 τὸ
1289 2875 1429 2928 θεῖον
1467 2877 1787 2948 ἐνυϐρίζειν,

195 2958 262 3011 τὸ
296 2960 567 3029 μηδαμῶς
622 2963 750 3032 ἡμῖν
800 2965 1133 3034 προσεοικός.
1185 2965 1408 3030 Δοξὰσει
1449 2965 1562 3033 οὖν,
1598 2972 1783 3040 φησὶν,

200 3050 340 3104 καθὸ
373 3053 445 3103 τά
473 3053 612 3105 αὐτὰ
633 3053 776 3122 ὑμᾶς
803 3054 1022 3118 διδάξει,
1051 3055 1192 3126 ἅπερ
1221 3057 1332 3125 ἐγώ
1352 3074 1364 3087 ·
1402 3059 1510 3126 ἐγὼ
1542 3061 1618 3124 δὲ,
1647 3061 1791 3132 άπερ

200 3144 442 3212 ἠκουσεν
467 3146 496 3196 ὁ
560 3145 751 3216 Πατήρ
772 3163 785 3175 ’
844 3148 936 3199 καὶ
970 3149 1104 3202 καθὸ
1133 3150 1242 3202 ἀπὸ
1261 3150 1360 3221 τῆς
1383 3151 1547 3203 αὐτοῦ
1582 3151 1786 3219 άφάτου

205 3233 414 3306 [2171)]
453 3235 870 3306 μεγαλειότητος
932 3239 1186 3304 ἐπιδείξει
1223 3241 1316 3294 καὶ
1367 3241 1466 3312 τῆς
1497 3243 1634 3314 ἐμῆς
1673 3243 1789 3296 θεό-

201 3344 364 3396 τητος
415 3329 477 3380 τὸ
525 3329 821 3399 ἀμέγεθες·
877 3332 970 3384 καὶ
1011 3332 1071 3384 οὐ
1105 3331 1278 3403 τούτῳ
1345 3334 1491 3406 μόνῳ
1549 3333 1628 3406 τῷ
1658 3335 1786 3407 τρό-

209 3436 310 3487 πῳ,
338 3419 480 3473 ἀλλὰ
511 3421 606 3473 καὶ
634 3422 768 3476 καθὸ
826 3425 1168 3496 γέγραπται·
1206 3445 1226 3477 ι
1249 3425 1376 3487 Υἱὸς
1427 3424 1637 3490 δοξάζει
1667 3427 1783 3482 Πα-

211 3512 368 3580 τέρα·
401 3531 422 3563 ι
476 3512 591 3577 καὶ,
655 3533 673 3564 ι
698 3515 834 3580 Δόξα
871 3515 1022 3586 ἡλίου
1065 3517 1125 3569 τὸ
1151 3516 1266 3585 φῶς
1289 3533 1301 3545 ·
1326 3536 1345 3567 ι
1379 3517 1471 3570 καὶ
1503 3516 1577 3580 ὡς
1602 3513 1750 3570 εἷπον
1772 3532 1785 3546 ⁸

1821 2239 1870 2300 Β

2521 2231 2673 2286 CAP.
2728 2230 2838 2286 XL.

1967 2326 2099 2380 Cum
2149 2325 2366 2380 inimico
2407 2324 2517 2397 (96)
2560 2337 2722 2393 atque
2768 2323 2946 2378 hostili
2983 2323 3162 2379 animo
3205 2323 3463 2392 Spiritum

1896 2427 2138 2470 sanctum
2193 2417 2538 2480 insectentur,
2587 2431 2750 2485 pravo
2788 2430 2946 2469 sensu
3002 2416 3268 2485 accipiunt
3300 2417 3461 2467 etiam

1897 2508 2035 2576 quod
2060 2506 2199 2575 apud
2223 2505 2482 2560 Joannem
2514 2525 2541 2558 a
2567 2506 2846 2560 Salvatore
2878 2505 2944 2559 de
2972 2505 3086 2574 ipso
3105 2505 3304 2559 dictum
3334 2513 3418 2560 est
3443 2521 3460 2559 :

1902 2619 1921 2650 ι
1952 2598 2042 2653 llle
2074 2598 2184 2670 (97)
2217 2613 2302 2654 me
2330 2598 2673 2668 gloriﬁcabit,
2715 2599 2838 2667 quia
2881 2599 2945 2652 de
2984 2613 3101 2651 meo
3131 2600 3378 2667 accipiet,
3409 2610 3463 2653 et

1897 2690 2236 2745 annuntiabit
2274 2691 2448 2744 vobis.
2476 2708 2494 2742 ι
2544 2688 2653 2743 Nec
2697 2689 2840 2742 enim
2887 2687 2968 2741 las
3003 2699 3084 2741 cst
3123 2698 3178 2741 ut
3207 2690 3460 2750 humana,

1896 2784 1972 2836 sic
2021 2782 2182 2836 etiam
2235 2781 2411 2835 divina
2467 2780 2752 2849 accipere,
2812 2794 2982 2848 neque
3030 2781 3098 2832 ob
3151 2794 3338 2832 vocum
3397 2797 3463 2833 ac

1895 2873 2283 2928 sententiarum
2343 2886 2490 2924 more
2536 2883 2718 2925 nostro
2760 2871 3020 2925 dictarunt
3060 2870 3460 2925 similitudinem

1896 2966 2184 3030 divinitati,
2231 2980 2350 3034 qua:
2396 2979 2734 3032 nequaquam
2777 2963 2931 3017 nobis
2971 2961 3159 3016 similis
3187 2972 3288 3026 est,
3319 2959 3460 3028 inju-

1898 3058 2029 3109 riam
2062 3055 2261 3109 inferre
2301 3054 2443 3109 licet.
2477 3053 2812 3109 Gtoriﬁcahit
2859 3068 3009 3122 ergo,
3046 3051 3238 3122 inquit,
3271 3061 3461 3120 quate-

1895 3162 1996 3200 nus
2038 3147 2224 3200 eadem
2274 3161 2367 3201 vos
2404 3147 2642 3210 docebit,
2675 3162 2792 3214 quae
2825 3160 2963 3212 ego;
3004 3159 3102 3214 ego
3139 3154 3316 3197 autem
3343 3157 3466 3224 qua;

1896 3240 2076 3296 audivi
2118 3256 2148 3294 a
2194 3241 2358 3296 Patre
2408 3240 2543 3312 (98).
2592 3240 2924 3295 Glorilicabit
2985 3243 3146 3294 etiam
3196 3251 3463 3309 quatenus

1894 3347 1990 3401 per
2039 3331 2364 3386 ineffabilem
2419 3333 2758 3400 majestatem
2816 3350 2967 3386 suam
3025 3336 3268 3388 ostendet
3327 3348 3460 3389 mea:

1895 3439 2106 3495 quoque
2149 3426 2367 3479 deitatis
2408 3424 2749 3480 inﬁnitatem.
2778 3424 3116 3480 Glorilicabit
3151 3428 3369 3496 insuper
3390 3443 3456 3482 eo

1897 3531 2056 3571 sensu
2089 3532 2194 3584 quo
2224 3518 2481 3587 scriptum
2511 3527 2592 3570 est
2627 3535 2639 3570 :
2688 3535 2704 3566 ε
2739 3516 2906 3570 Filius
2931 3518 3040 3585 (99)
3068 3517 3331 3586 gloriﬁcat
3359 3534 3456 3586 pa-

219 3621 238 3653 ι
259 3603 488 3667 Δόξασόν
516 3620 605 3673 με,
637 3605 818 3676 Πάτερ
841 3622 856 3634 ο
887 3625 906 3657 ι
934 3607 1026 3659 καὶ
1058 3606 1330 3677 ἀπεκρίθη
1380 3623 1470 3675 μοι
1491 3623 1504 3636 ο
1542 3625 1558 3656 ι
1584 3606 1789 3672 Ἐδόξα-

1897 3615 2067 3673 trem;
2092 3625 2111 3658 ›
2147 3617 2199 3661 et
2231 3622 2336 3676 quo
2379 3625 2398 3657 ι
2434 3605 2614 3660 Gloria
2647 3606 2776 3661 solis
2828 3607 2903 3677 (l)
2946 3608 3139 3660 dicitur
3186 3607 3310 3672 lux;
3343 3631 3361 3659 ι
3405 3619 3459 3663 et.

209 3702 273 3753 σά
305 3717 389 3762 σε,
448 3700 544 3754 καὶ
577 3700 736 3754 πάλιν
779 3700 1004 3765 δοξάσω.
1031 3721 1049 3754 ι
1093 3703 1166 3756 Οὐ
1198 3701 1306 3772 γάρ
1331 3701 1638 3773 ὑμνεῖώςὴ
1670 3702 1788 3756 κτί-

204 3807 321 3853 σις·
385 3789 576 3860 ἐπειδὴ
622 3792 688 3860 τῇ
747 3789 958 3859 θεότητι
1019 3791 1115 3842 καὶ
1174 3793 1239 3860 τῇ
1279 3793 1409 3860 τιμῇ
1442 3789 1684 3860 ἀλλήλων
1714 3791 1789 3862 μὴ

200 3882 510 3950 ἀφεστᾶσιν
533 3896 547 3909 ·
580 3880 699 3932 οὐδὲ
732 3881 1007 3951 λαμϐάνον
1042 3879 1364 3948 ἀναγγέλλει
1391 3881 1450 3933 τὸ
1473 3881 1789 3950 οἰκονομοῦν

199 3975 333 4040 ἡμῖν
365 3971 462 4037 ἀφ’
513 3970 703 4023 ἐαυτοῦ
758 3971 1014 4043 καθαρῶς
1044 3971 1130 4025 ἀεὶ
1176 3971 1244 4024 τά
1277 3971 1431 4025 θεῖκά
1451 3973 1781 4042 χαρίσματα,

200 4064 293 4114 καὶ
348 4062 430 4132 μὴ
474 4061 825 4132 διωρισμένον
862 4065 928 4134 τῇ
977 4063 1136 4130 φύσει
1193 4062 1283 4115 τοῦ
1315 4063 1545 4134 Πατρός.
1577 4065 1783 4136 Ὠσπερ

199 4155 310 4223 γὰρ
341 4154 372 4205 ὁ
395 4152 570 4215 διδοὺς
601 4152 728 4215 Υίος
771 4152 984 4216 οὐδενὸς
1015 4157 1303 4225 στερεῖται,
1355 4155 1476 4207 οὐδὲ
1504 4154 1781 4208 κενοῦται·

198 4247 345 4297 οΰτω
373 4243 436 4297 τὸ
462 4244 614 4313 ἆγιον
645 4244 865 4315 Πνεῦμα
910 4247 970 4298 οὐ
1006 4245 1292 4315 λαμϐάνει,
1330 4246 1357 4298 δ
1389 4245 1462 4316 μὴ
1498 4246 1628 4318 ἔχει,
1665 4247 1785 4301 οὐδὲ

199 4337 407 4388 ἀκοῦον
456 4337 627 4400 λαλεῖ,
662 4337 721 4389 τὸ
754 4338 910 4406 μόνον
959 4338 1116 4402 είδὸς,
1163 4337 1304 4391 κατὰ
1329 4337 1562 4402 Παῦλον,
1595 4337 1663 4392 τὰ
1687 4337 1781 4392 τοῦ

199 4427 339 4480 Θεοῦ
366 4443 381 4456 ’
419 4426 594 4496 ἐνίησι
643 4427 699 4479 δὲ
722 4427 920 4496 μᾶλλον
954 4429 1084 4482 αὐτὸ
1111 4427 1301 4497 σοφίαν
1334 4430 1428 4482 κα),
1468 4429 1699 4494 σύνεσιν,
1728 4428 1787 4495 ἐξ

205 4519 475 4590 ἐμφύτων
509 4517 666 4572 θείων
688 4520 1049 4590 ’κινημάτων,
1106 4522 1218 4584 τοῖς
1251 4519 1493 4583 ἐπαξίοις
1520 4520 1612 4573 τοῦ
1641 4521 1790 4592 δέχε-

203 4613 367 4665 σθαι*
419 4611 540 4664 οὐδὲ
594 4613 722 4681 παρ’
776 4614 961 4684 ἐτέρου
1017 4613 1343 4673 διδάσκεται,
1368 4616 1431 4670 τὸ
1477 4613 1667 4680 σοφίαν
1692 4615 1786 4668 καὶ

200 4701 413 4770 γνῶσιν
461 4703 797 4772 προφητείας
841 4707 954 4767 τοῖς
1007 4702 1284 4775 ἀκεραίοις
1327 4703 1610 4757 ἐπιπνέον’
1644 4704 1787 4775 ὑπὲρ

1887 3713 1996 3768 quo
2044 3699 2151 3752 disi
2181 3716 2194 3751 :
2239 3717 2257 3750 ι
2285 3699 2539 3754 Gloriﬁca
2565 3699 2644 3767 (9.)
2686 3715 2790 3766 me,
2824 3699 3002 3760 Pater,
3031 3718 3049 3750 ι
3097 3709 3152 3753 et
3183 3702 3457 3768 respondit

1884 3791 2056 3845 mihi:
2107 3809 2124 3841 ι
2153 3789 2458 3845 Gloriﬁcavi
2516 3790 2590 3860 (5)
2633 3801 2700 3853 te,
2733 3800 2788 3843 et
2840 3807 3022 3844 rursus
3069 3790 3397 3860 giot'iﬁt'uho.
3431 3808 3448 3840 ι

1884 3883 1994 3938 Nec
2045 3883 2188 3937 enim
2241 3883 2454 3954 hymnis
2526 3882 2690 3936 Deum
2746 3881 3002 3947 celebrat,
3043 3891 3100 3934 ut
3137 3882 3261 3936 facit
3299 3899 3454 3954 crea-

1892 3984 2060 4040 tura;
2125 3973 2250 4042 quia
2311 3973 2546 4036 deitate,
2613 3987 2676 4026 ac
2731 3972 3026 4042 dignitate,
3095 3983 3254 4042 atque
3313 3987 3453 4040 prte-

1890 4064 2082 4118 stantia
2111 4079 2214 4116 non
2238 4062 2400 4117 distat
2421 4077 2450 4114 a
2475 4062 2631 4116 Patre
2661 4063 2826 4117 Filius
2846 4081 2858 4117 :
2879 4079 3049 4132 neque
3073 4061 3286 4117 aliunde
3312 4064 3456 4115 acci-

1889 4154 2042 4224 piens
2067 4153 2352 4206 annuntiat
2382 4153 2428 4206 is
2457 4152 2546 4220 qui
2585 4168 2678 4222 per
2711 4154 2946 4222 scipsum
2989 4168 3120 4220 pure
3155 4167 3218 4205 ac
3250 4151 3446 4206 mumle

1891 4243 2045 4297 nobis
2090 4257 2303 4312 semper
2333 4243 2614 4311 dispensat
2651 4230 2830 4296 divina
2876 4243 3037 4308 dona;
3095 4259 3193 4296 nec
3245 4243 3451 4312 disjnn-

1893 4346 2012 4389 ctus
2060 4346 2247 4388 natura
2288 4344 2370 4388 est
2395 4351 2423 4387 a
2451 4333 2629 4391 Patre.
2667 4335 2798 4387 Nam
2830 4336 2968 4390 sicut
2993 4336 3157 4390 Filius
3188 4352 3305 4390 cum
3339 4339 3453 4401 dat,

1887 4425 2047 4497 445
2079 4426 2221 4478 nulla
2256 4441 2311 4479 re
2343 4426 2584 4494 privatur
2617 4427 2693 4497 (4)
2721 4467 2734 4488 ,
2767 4442 2865 4480 nec
2914 4441 3116 4481 vacuus
3154 4427 3439 4488 redditur;

1890 4520 1960 4571 ita
1990 4518 2228 4585 Spiritus
2261 4526 2484 4570 sanctus
2515 4533 2618 4570 non
2651 4517 2850 4587 accipit
2881 4518 3021 4586 quod
3076 4533 3178 4570 non
3212 4518 3400 4571 habeat
3433 4559 3448 4581 ,

1893 4627 2065 4681 neque
2105 4613 2254 4680 prius
2287 4611 2513 4665 audiens
2560 4626 2680 4679 qua:
2712 4611 3013 4678 ignoraret,
3039 4610 3244 4663 deinde
3277 4607 3448 4675 loqui-

1895 4715 2016 4766 tnr;
2053 4719 2172 4756 cum
2208 4701 2356 4756 solus
2387 4717 2450 4756 ea
2486 4704 2656 4767 norit,
2702 4701 2852 4769 juxta
2898 4701 3151 4762 Paulum,
3195 4715 3313 4767 qua:
3359 4699 3449 4751 Dei

273 4922 392 4996 (95)
423 4917 766 4996 Νεροηιςεηξς
800 4920 1036 4996 quidem:
1062 4920 1229 4996 Recte
1250 4922 1453 4977 Alanus
1482 4925 1533 4978 in
1593 4923 1773 4996 Regu-

1897 4922 1979 4996 mli
2015 4923 2170 4996 quasi
2199 4923 2457 4996 scriptum
2490 4933 2673 4996 esset:
2716 4923 2856 4996 ᾇπερ
2899 4926 3104 4994 ἥκουσα
3151 4925 3306 4993 παρὰ
3335 4923 3445 4996 τοῦ

199 4991 266 5044 lis
300 4991 620 5058 theologicis
641 4991 691 5044 in
719 4989 998 5045 Fascicnlo
1024 4995 1396 5047 anecdotorum
1418 5010 1448 5047 a
1481 5009 1564 5048 me
1595 4989 1775 5059 editis,

195 5063 391 5124 regula
417 5059 522 5130 50,,
545 5073 664 5127 pag.
688 5060 825 5114 205:
863 5080 880 5111 ι
908 5061 1210 5128 Aliquando
1241 5062 1364 5130 (hoc
1400 5077 1593 5118 nomen
1625 5082 1646 5115 ι
1678 5064 1777 5120 Pa-

202 5141 286 5181 ter
317 5147 338 5180 ι
380 5129 656 5198 praedicat)
697 5131 1012 5186 relationem
1042 5131 1108 5183 ad
1139 5129 1432 5197 hominem,
1485 5135 1774 5187 secundum

203 5199 640 5318 recreatiolnem:
673 5210 732 5254 ut
769 5217 891 5256 cum
925 5199 1160 5255 dicitur:
1195 5219 1213 5252 ‹
1243 5204 1405 5258 Pater
1452 5215 1636 5258 noster
1678 5203 1775 5274 qui

203 5281 259 5318 cs
288 5284 344 5318 ιιι
387 5280 472 5318 cm
496 5281 562 5318 ts.
599 5286 618 5318 ι

196 5281 259 5323 C3
288 5284 344 5320 ιιι
387 5280 562 5321 οωιιε.
599 5286 618 5320 ι

269 5357 390 5425 (94)
426 5356 765 5413 lnhabitabo.
798 5359 840 5414 ll
865 5360 992 5416 Cor.
1022 5378 1100 5427 γι,
1132 5363 1220 5421 16.

270 5449 390 5519 (95)
417 5450 750 5505 Annescitis.
789 5452 808 5506 l
863 5452 986 5508 Cor.
1021 5469 1104 5516 ιιι,
1141 5453 1229 5508 16.

272 5538 387 5616 (96)
430 5538 681 5594 Inimico.
732 5542 911 5597 Codex
947 5583 963 5608 ,
1014 5543 1368 5616 ἐθελεχθρῶς.
1427 5543 1604 5600 Malim
1658 5547 1774 5602 ἐθε-

295 5609 470 5682 θρως,
487 5625 565 5682 (pa
575 5621 850 5682 rpxytone.

912 5683 996 5738 tt.

276 5747 406 5826 ιθε)Δ
431 5749 566 5826 Qun:
596 5752 776 5806 audivi
811 5747 1056 5826 a’Patre.
1100 5754 1298 5826 ξοδεχ,
1354 5755 1496 5826 ᾇπερ
1543 5757 1774 5826 ἤκουσεν

206 5817 235 5868 ὁ
263 5817 477 5889 Πατήρ,
504 5821 554 5874 id
578 5830 658 5875 cst
692 5839 711 5874 ι
739 5837 858 5890 qua:
884 5824 1086 5879 audivit
1109 5817 1294 5881 l'ater.’
1315 5845 1333 5878 ι
1364 5817 1478 5896 Ego
1497 5817 1575 5883 sic
1603 5837 1776 5883 trans-

1886 4994 2118 5064 Πατρός.
2155 4994 2207 5047 In
2237 4994 2372 5046 libro
2404 5003 2580 5064 tamen
2611 4992 2685 5064 De
2707 4993 2796 5058 Sp.
2824 4992 3002 5046 sancto
3037 5011 3182 5047 num.
3217 4992 3306 5055 36,
3335 4995 3448 5048 [nec

1883 5061 2043 5134 habet
2075 5064 2367 5134 Didymus:
2426 5083 2444 5113 ι
2481 5061 2654 5134 Loqui
2684 5079 2813 5134 ergo
2865 5064 3098 5125 Patrem,
3157 5073 3211 5117 et
3260 5064 3446 5134 audire

1883 5131 2096 5197 Filium,
2130 5131 2210 5187 vel
2238 5149 2266 5186 e
2293 5133 2584 5191 contrario,
2619 5131 2764 5185 lt‘ilio’
2801 5133 3073 5201 loquente,
3125 5135 3309 5186 audire
3340 5133 3444 5185 Pa-

1883 5213 2039 5267 trem,
2068 5204 2302 5268 ejusdem
2343 5211 2546 5256 naturae
2575 5203 2627 5255 in
2670 5203 2826 5259 Patre
2851 5214 2903 5257 et
2929 5202 3062 5256 Filio
3123 5218 3444 5258 consensus-

1881 5273 2458 5342 quesigttjﬁﬁcatioiest.
2496 5292 2514 5322 ι

1954 5340 2080 5410 (99)
2104 5340 2299 5394 Filius.
2327 5341 2552 5394 Malach.
2594 5357 2634 5400 ι,
2663 5341 2715 5395 6.

1956 5411 2032 5483 (1)
2067 5412 2457 5483 βίονίανδοίίε.
2497 5413 2511 5464 l
2562 5412 2688 5483 Cor.
2737 5428 2823 5477 xv,
2877 5414 2941 5468 41
3003 5413 3196 5483 legitur
3237 5429 3252 5483 ξ
3308 5411 3442 5482 ἄλλη

1874 5479 2025 5602 δόξαι.
2053 5481 2227 5550 ἡλίου,
2284 5482 2333 5534 id
2363 5492 2445 5535 εει
2497 5498 2516 5530 ι
2549 5481 2650 5533 alia
2679 5483 2843 5550 glaria
2878 5503 2896 5536 ι
2958 5479 3173 5553 (nempe
3201 5479 3443 5554 claritas)

1880 5566 1900 5600 ο
1929 5565 1990 5602 so
2016 5565 2078 5602 ts.
2115 5569 2132 5600 ι

1880 5566 1900 5600 ο
1929 5565 2078 5604 sons.
2115 5569 2132 5600 ι

1947 5619 2316 5700 (amori/ica.
2343 5619 2493 5675 Joan.
2539 5635 2672 5682 xm,
2705 5622 2756 5676 5.
2806 5622 2931 5676 Vide
2965 5635 3018 5677 et
3046 5638 3187 5676 vers.
3225 5621 3246 5672 Ι
3320 5621 3439 5686 ejus

1875 5699 2083 5742 canitis.

1942 5705 2377 5828 ῗὲῖδάῑονίβσαυὶ.
2407 5759 2560 5814 Joan.
2589 5778 2685 5822 xu,
2727 5763 2815 5815 23.

1945 5826 2018 5900 (4)
2056 5826 2214 5883 Nulla
2250 5847 2302 5884 re
2337 5835 2584 5887 privatur.
2611 5834 2736 5900 Qua:
2769 5835 2852 5887 hic
2889 5832 3118 5904 attingit,
3167 5826 3441 5897 copiosius
