4042 6404
262 320 369 377 985

1324 328 1414 383 DE
1452 329 1827 385 TRINITATE
1864 330 2069 387 LIBER
2109 330 2431 390 TERTIUS.

3419 332 3531 392 980

261 441 586 511 κατήργηκα
640 440 710 494 τὰ
762 440 858 497 τοῦ
902 442 1124 512 νηπίου.
1176 443 1453 515 Βλέπομεν
1497 446 1607 518 γὰρ
1633 446 1757 519 ἄρτι
1781 446 1846 501 δι’

1956 462 2072 502 sum
2099 449 2202 515 vir,
2228 448 2487 505 evacuavi
2517 442 2636 520 qua:
2654 455 2812 504 erant
2834 447 3068 519 parvuli.
3100 447 3359 504 Videmus
3379 449 3525 504 enim

262 532 530 601 ἐσόπτρου
553 533 611 584 ἐν
643 532 924 603 αἰνίγματι
939 550 953 563 °
976 534 1093 586 τότε
1116 534 1173 587 δὲ
1196 534 1483 603 πρόσωπον
1514 538 1650 609 πρὸς
1680 538 1847 609 πρόσ-

260 636 431 676 ωπον.
471 621 629 688 Ἀρτι
678 620 1021 693 γινώσκομεν
1080 625 1144 676 ἐκ
1191 623 1417 693 μέρους·
1448 624 1570 677 τότε
1623 625 1680 678 δὲ
1729 627 1849 677 ἐπι-

263 711 604 782 γνωσόμεθα,
645 710 827 776 καθὼς
847 714 942 767 καὶ
967 713 1282 785 ἐπεγνώσθη
1293 732 1412 785 μεν.
1445 735 1463 766 ι
1485 715 1641 768 Τοῦτ’
1660 716 1806 768 ἐστιν
1829 731 1845 747 ο

266 801 445 873 "Amp
476 800 571 855 νῦν
630 802 919 867 ἀκούοντες
950 804 1055 855 ὑπὸ
1093 803 1201 856 τῶν
1234 804 1273 855 Γ
1277 804 1465 875 ραφῶν
1520 804 1847 876 πιστεύομεν

263 890 427 961 εἶναι,
478 896 617 967 μετά
669 896 767 968 τὴν
806 898 1105 952 ἀνάστασιν
1135 900 1199 969 τῇ
1230 898 1349 967 ὄψει
1389 898 1715 969 θεασόμεθα,
1753 899 1849 952 καὶ

264 988 344 1057 τῷ
375 988 660 1059 πράγματι
687 989 1032 1061 γνωσόμεθα,
1055 990 1153 1060 τῆς
1182 990 1413 1060 μερικῆς
1440 990 1693 1057 γνώσεως
1710 1006 1851 1041 παυ-

268 1080 544 1153 σαμένης·
580 1084 614 1153 ὴ
661 1082 768 1153 γὰρ
784 1084 1005 1151 γνῶσις,
1041 1084 1076 1153 ἡ
1124 1082 1181 1148 ἐξ
1210 1084 1398 1152 ἀκοῆς,
1429 1082 1529 1151 τῆς
1578 1082 1848 1135 αὐτόπτου

266 1172 524 1243 γνώσεως
551 1176 645 1228 καὶ
681 1176 783 1245 τῆς
813 1175 1009 1245 πείρας
1049 1175 1213 1246 μέρος
1239 1176 1401 1227 ἐστίν.
1428 1171 1551 1227 Οἷον
1571 1175 1665 1227 νῦν
1688 1173 1851 1228 ἀκού-

265 1283 419 1330 οντες
452 1267 780 1339 πιστεύομεν
814 1267 941 1337 περὶ
973 1266 1073 1335 τῆς
1117 1266 1375 1338 δευτέρας
1422 1266 1723 1336 παρουσίας
1755 1265 1849 1320 τοῦ

265 1357 561 1421 Δεσπότου,
592 1358 686 1412 καὶ
714 1358 841 1428 περὶ¹
872 1357 965 1410 τοῦ
992 1357 1232 1428 βήματος
1255 1357 1551 1422 αὑτοῦ,καὶ
1579 1358 1677 1428 τῆς
1703 1374 1853 1430 τρισ-

267 1451 549 1521 μακαρίας
602 1451 814 1522 φωνῆς·
873 1470 891 1501 ι
920 1450 1104 1517 Δεῦτε,
1154 1452 1202 1504 οἱ
1227 1450 1580 1521 εὐλογημένοι
1619 1451 1711 1503 τοῦ
1740 1452 1854 1503 Πα-

263 1543 393 1613 τρός
429 1559 563 1613 μου,
623 1543 1068 1615 κληρονομήσατε
1115 1543 1215 1613 τὴν
1269 1543 1672 1612 ἡτοιμασμένην
1724 1543 1852 1610 ύμῖν

264 1634 574 1705 βασιλείαν⁸
597 1654 614 1687 t
652 1636 771 1688 τότε
793 1637 858 1705 τῇ
893 1634 991 1706 θέᾳ
1018 1634 1113 1688 καὶ
1162 1637 1229 1705 τῇ
1266 1635 1429 1705 πείρᾳ
1472 1633 1847 1705 μαθησόμεθα.

262 1724 383 1779 Νῦν
438 1722 726 1786 ἀκούοντες
778 1724 1105 1793 πιστεύομεν
1157 1724 1287 1794 περὶ
1342 1722 1450 1776 τῶν
1484 1722 1654 1791 ἀγίων
1687 1721 1852 1790 ἀγγέ-

1954 554 2096 593 nunc
2126 554 2221 608 per
2246 540 2523 610 speculum
2558 540 2611 594 iu
2642 538 2959 606 aenigmate,
2995 549 3122 593 tunc
3167 549 3349 592 autem
3388 538 3527 595 facie

1952 632 2020 686 ad
2055 631 2249 687 faciem
2280 647 2294 684 :
2334 648 2478 686 nunc
2520 630 2897 700 cognoscimus
2926 646 2992 683 ex
3028 639 3220 699 parte,
3257 638 3385 683 tunc
3430 644 3527 683 au-

1954 733 2060 776 tem
2098 738 2490 793 cognoscemus
2523 721 2666 776 sicut
2699 730 2754 776 et
2780 721 2984 789 cogniti
3017 734 3230 774 sumus.
3266 738 3285 771 ι
3315 720 3368 772 ld
3397 730 3481 775 est
3509 737 3523 776 :

1951 813 2083 880 Qua:
2127 829 2267 867 nunc
2307 828 2338 868 e
2389 812 2688 882 Scripturis
2734 811 3018 866 audientes
3046 825 3170 864 vera
3198 826 3317 866 esse
3349 812 3527 865 credi—

1952 917 2107 966 mus,
2139 917 2202 957 ea
2235 911 2354 971 post
2385 903 2841 958 resurrectionem
2868 901 3043 956 oculis
3073 900 3278 956 nostris
3314 901 3527 955 videbi—

1952 1008 2106 1059 mus,
2136 1002 2191 1047 et
2220 1010 2280 1048 re
2310 995 2420 1063 ipsa
2455 1006 2879 1059 cognoscemus,
2903 1002 3155 1045 cessante
3186 1000 3313 1044 tune
3340 990 3529 1061 cogni-

1955 1083 2099 1137 tione
2129 1082 2217 1136 illa
2238 1122 2255 1146 ,
2284 1098 2404 1151 qua;
2428 1098 2494 1137 ex
2524 1091 2679 1152 parte
2696 1091 2781 1136 est
2811 1096 2827 1145 ;
2861 1096 2984 1135 nam
3015 1080 3253 1150 cognitio
3272 1121 3287 1146 ,
3316 1095 3436 1149 qua:
3460 1096 3529 1133 cx

1952 1175 2136 1230 auditu
2178 1176 2500 1245 acquiritur,
2551 1190 2678 1245 pars
2711 1184 2795 1229 est
2845 1174 3214 1243 cognitionis,
3259 1189 3423 1243 quam
3458 1189 3527 1227 ex

1953 1268 2067 1336 ipsa
2104 1267 2179 1321 rei
2227 1267 2430 1321 visione
2480 1277 2535 1321 et
2584 1266 2919 1335 experientia
2969 1280 3374 1335 comparamus.
3445 1265 3525 1319 Ita

1954 1372 2097 1411 nunc
2130 1358 2407 1412 audientes
2441 1358 2712 1412 credimus
2756 1372 2878 1427 qua:
2918 1357 2986 1410 de
3032 1357 3270 1409 secundo
3316 1355 3530 1411 homini

1953 1451 2184 1506 adventu
2233 1452 2485 1521 praedicta
2534 1462 2699 1518 sunt,
2748 1460 2801 1505 et
2848 1452 2915 1506 de
2968 1451 3087 1522 eius
3139 1450 3427 1515 tribunali,
3466 1466 3530 1505 ac

1954 1543 2263 1598 beatissima
2303 1543 2393 1599 illa
2420 1559 2551 1597 voce
2572 1584 2588 1607 ,
2617 1543 2839 1599 «Venite
2872 1544 2985 1614 (Π)
3004 1583 3021 1608 ,
3054 1544 3321 1599 benedicti
3350 1544 3531 1600 Patris

1955 1636 2089 1702 mei,
2121 1638 2387 1706 possidete
2415 1644 2475 1689 ut
2502 1637 2744 1693 [heredes
2772 1647 3017 1707 paratum
3050 1637 3200 1692 vobis
3230 1650 3451 1707 regnum
3475 1654 3522 1701 ς»

1957 1738 2086 1784 tunc
2119 1744 2247 1784 vero
2280 1744 2377 1798 per
2432 1730 2695 1784 visionem
2746 1739 2803 1785 et
2853 1729 3244 1799 experientiam
3296 1730 3399 1783 i5ta
3443 1728 3529 1785 di-

262 1812 410 1865 λων’
459 1813 580 1865 τότε
631 1812 769 1866 κατά
828 1812 1119 1883 πρόσωπον
1167 1810 1615 1883 λειτουργοῦντας
1660 1812 1853 1874 αὐτοὺς

1959 1836 2173 1876 scemus
2202 1838 2215 1875 :
2251 1835 2399 1876 nunc
2431 1822 2713 1876 audientes
2742 1823 3017 1877 credimus
3050 1837 3171 1890 qua:
3216 1821 3282 1877 de
3326 1824 3528 1876 sanctis

260 1904 534 1975 ὀψόμεθα.
567 1905 681 1958 Νῦν
726 1903 1013 1969 ἀκούοντες
1047 1903 1392 1975 πιστεύομεν,
1437 1926 1454 1956 ι
1481 1906 1546 1957 Ἀ
1573 1904 1848 1975 ὀφθαλμὸς

261 1998 367 2052 οὐκ
396 1998 525 2063 ἴδεν,
577 1998 671 2050 καὶ
698 1992 789 2060 οῦς
815 1997 914 2050 ούκ
951 1997 1201 2067 ἤκουσεν,
1236 1998 1331 2050 καὶ
1378 1997 1470 2049 ἐπὶ
1502 1997 1728 2067 καρδίαν
1753 1998 1848 2050 ἀν-

262 2090 488 2164 Θρὼπου
536 2090 635 2143 ούκ
662 2089 849 2161 ἀνέϐη,
900 2091 999 2142 ὅσα
1024 2089 1315 2159 ἡτοίμασεν
1361 2090 1389 2142 6
1418 2088 1549 2151 Θεὸς
1575 2090 1688 2151 τοῖς
1716 2089 1854 2157 ἀγα-

260 2181 448 2235 πῶσιν
476 2180 636 2234 αὐτόν
657 2197 673 2213 ·
699 2200 717 2231 ι
757 2180 877 2233 τότε
907 2179 1009 2233 οὐκ
1048 2180 1267 2249 ὄψονται
1305 2179 1484 2251 μόνον,
1519 2178 1653 2231 ἀλλά
1678 2179 1770 2231 καὶ
1795 2181 1852 2233 ὲν

230 2297 234 2301 <
260 2270 569 2326 ἀπολαύσει
587 2270 766 2323 αὐτῶν
791 2272 839 2323 oi
868 2269 1008 2335 ἄξιοι
1033 2269 1317 2338 γένωνται.
1345 2270 1388 2321 Τ
1391 2269 1424 2322 ἀ
1448 2270 1554 2341 γάρ
1578 2269 1673 2322 νῦν
1700 2269 1852 2322 κάτω

259 2364 368 2434 τῆς
390 2365 570 2434 ψυχῆς
587 2363 740 2434 ήμῶν
771 2363 980 2435 ὄμματι
1005 2363 1112 2416 τῶν
1128 2363 1463 2433 ἐπουρανίων
1493 2362 1675 2432 ἀφανῆ
1703 2361 1855 2414 καθε-

264 2458 472 2522 στῶτα,
491 2459 520 2509 6
549 2457 753 2528 μέλλων
777 2457 889 2527 βίος
921 2456 1130 2528 φανερά
1148 2459 1382 2528 ποιήσει.
1413 2457 1550 2508 Ἀλλ’
1562 2452 1734 2520 εἶπεν,
1754 2474 1856 2527 φη-

264 2550 378 2613 σὶν,
414 2551 443 2603 6
474 2548 602 2621 [219
621 2548 677 2620 a]
702 2548 964 2620 Χριστός’
988 2569 1005 2600 t
1029 2550 1149 2602 Ἔτι
1170 2548 1342 2602 πολλά
1364 2548 1471 2619 ἔχω
1500 2549 1679 2616 λέγειν
1702 2547 1852 2617 ὑμῖν,

264 2642 388 2697 ἀλλ’
414 2643 474 2696 ού
497 2642 723 2695 δύνασθε
754 2641 1038 2712 βαστάζειν
1074 2642 1231 2712 ἀρτιο
1263 2643 1387 2694 ὅταν
1438 2641 1494 2692 δὲ
1537 2640 1663 2714 ἔλθῃ
1716 2643 1856 2694 ἐκεῖ·

261 2752 383 2800 νος,
406 2736 466 2789 τὸ
490 2735 712 2806 Πνεῦμα
734 2736 831 2805 τῆς
848 2734 1125 2804 ἀληθείας.
1144 2734 1397 2805 ὁδηγήσει
1414 2735 1556 2805 ὑμᾶς
1576 2735 1655 2797 είς
1676 2735 1855 2787 πᾶσαν

262 2830 370 2899 τὴν
393 2828 653 2900 ἀλήθειαν
674 2848 683 2857 ε
708 2847 726 2879 ι
785 2827 899 2889 καὶ,
935 2845 952 2877 ι
978 2827 1092 2894 Ἀφ’
1128 2825 1320 2879 ἑαυτοῦ
1350 2828 1410 2879 ού
1447 2827 1686 2898 λαλήσει,
1740 2826 1854 2880 ἀλλ’

267 2924 338 2975 ἐκ
358 2919 456 2973 τοῦ
477 2920 612 2991 ἐμοῦ
634 2918 883 2988 λήψεται,
929 2919 1024 2971 καὶ
1046 2919 1337 2989 ἀναγγελεῖ
1366 2921 1494 2990 ὑμῖν
1511 2932 1527 2949 ’
1554 2939 1573 2972 ι
1592 2922 1709 2984 καὶ,
1740 2938 1759 2971 t
1782 2921 1858 2973 Ἐ-

264 3014 453 3074 κεῖνος
477 3011 577 3080 ἐμὲ
603 3009 844 3073 δοξάσει’
876 3027 896 3060 ι
932 3009 1024 3062 καὶ
1076 3007 1236 3062 πάλιν
1260 3025 1276 3039 °
1306 3028 1323 3059 ι
1352 3011 1466 3062 Οὐκ
1498 3011 1697 3081 ἀφήσω
1715 3011 1857 3081 ὑμᾶς

264 3102 571 3175 ὀρφανούςο
608 3100 835 3171 ἔρχομαι
868 3099 1003 3169 πρὸς
1033 3099 1196 3169 ὑμᾶς.
1236 3118 1254 3150 ι
1288 3095 1494 3154 τΗλθεν
1536 3098 1628 3154 οὖν
1667 3101 1845 3173 δῆθεν,

1954 1912 2162 1981 angelis
2197 1914 2397 1982 scripta
2425 1923 2552 1968 sunt
2582 1932 2596 1981 ;
2638 1924 2765 1968 tunc
2796 1914 3060 1984 ipsosmet
3088 1916 3197 1969 Deo
3233 1913 3531 1969 servientes

1953 2020 2135 2059 coram
2172 2004 2517 2060 videbimus:
2557 2021 2701 2060 nunc
2731 2006 3011 2061 audientes
3045 2005 3318 2059 credimus
3352 2022 3370 2056 ι
3400 2004 3531 2070 Quas

1955 2098 2065 2169 (l8)
2099 2098 2288 2153 oculus
2321 2114 2429 2152 non
2470 2098 2636 2165 vidit,
2678 2113 2777 2153 nec
2808 2098 2955 2152 auris
2988 2097 3230 2161 audivit,
3262 2105 3317 2150 et
3350 2096 3401 2148 in
3436 2110 3532 2150 cor

1955 2192 2187 2246 hominis
2234 2206 2339 2245 non
2394 2191 2759 2246 ascenderunt
2804 2204 3135 2260 quaecunque
3211 2188 3533 2257 praeparavit

1955 2284 2097 2338 Deus
2134 2284 2480 2353 diligentibus
2517 2283 2732 2351 ipsum;
2768 2300 2787 2334 ι
2838 2290 2967 2336 tunc
3015 2281 3106 2350 qni
3156 2280 3301 2349 digni
3335 2289 3529 2342 erunt,

1956 2392 2060 2430 non
2098 2376 2267 2430 solum
2305 2390 2367 2430 ea
2399 2375 2695 2439 videbunt,
2730 2373 2826 2428 sed
2870 2382 2925 2428 et
2979 2373 3046 2427 iis
3097 2372 3343 2425 fruentur
3371 2370 3482 2441 (i9)
3514 2387 3528 2424 :

1955 2482 2079 2520 nam
2131 2466 2408 2531 ctelestia,
2472 2480 2592 2536 qua:
2641 2464 2695 2518 in
2746 2475 2891 2517 terra
2931 2477 3074 2516 nunc
3110 2461 3300 2515 animae
3334 2469 3534 2514 nostra:

1955 2558 2109 2612 oculo
2141 2558 2455 2613 abscondita
2504 2569 2671 2624 sunt,
2714 2556 2769 2610 in
2814 2556 2993 2608 futura
3043 2554 3153 2607 vita
3200 2553 3329 2606 ﬂent
3376 2551 3533 2606 nobis

1958 2646 2262 2702 manifesta.
2323 2648 2392 2700 At
2443 2647 2613 2711 dixit,
2674 2644 2971 2713 inquiunt,
3026 2643 3322 2699 Christus:
3366 2660 3384 2693 ι
3424 2641 3533 2694 Ad-

1957 2740 2061 2793 huc
2097 2739 2211 2810 (20)
2245 2741 2414 2793 multa
2451 2739 2624 2794 habeo
2651 2739 2830 2791 dicere
2866 2737 3054 2801 vobis,
3104 2736 3199 2790 sed
3234 2752 3337 2790 nou
3378 2744 3532 2805 pute-

1958 2834 2057 2888 stis
2085 2842 2305 2901 portare
2339 2832 2499 2885 modo
2530 2848 2545 2897 ;
2579 2845 2703 2884 cum
2738 2838 2920 2883 autetn
2954 2828 3161 2881 venerit
3206 2828 3325 2891 ille,
3357 2825 3534 2895 Spiri-

1959 2934 2044 2979 tus
2076 2922 2356 2988 veritatis,
2388 2922 2625 2977 deducet
2649 2937 2743 2975 vos
2794 2922 2848 2975 in
2891 2935 3109 2974 onmem
3148 2919 3471 2984 veritatem;
3507 2936 3530 2970 ι

1957 3025 2052 3070 et:
2084 3032 2102 3066 ι
2134 3015 2175 3069 Α
2208 3014 2502 3084 semetipso
2533 3012 2649 3085 (21)
2693 3029 2799 3068 non
2847 3012 3121 3083 loquetur,
3158 3010 3251 3066 sed
3304 3009 3371 3064 de
3415 3024 3535 3063 meo

1938 3104 2217 3173 accipiet,
2276 3113 2332 3159 et
2372 3103 2716 3157 annuntiabit
2768 3103 2967 3168 vobis;
3002 3120 3022 3153 ι
3069 3111 3124 3156 et
3166 3118 3182 3154 :
3233 3117 3252 3151 ι
3293 3098 3386 3152 Ille
3420 3098 3533 3169 (ἥ)

266 3197 400 3250 ὅταν
446 3193 738 3255 Μοντανός.
779 3191 889 3262 Οὐχ
941 3190 1116 3254 οὕτως
1165 3191 1257 3243 δέ’
1301 3193 1376 3263 μὴ
1425 3193 1668 3261 γένοιτοί
1726 3195 1849 3247 ἐπεὶ

1956 3211 2037 3251 me
2073 3195 2408 3263 glorificabit.
2440 3213 2459 3247 ι
2493 3194 2558 3247 Et
2605 3208 2828 3248 rursus:
2859 3210 2880 3244 ι
2933 3192 3048 3248 Non
3071 3192 3187 3262 (2'5)
3229 3190 3532 3260 relinquant

266 3286 415 3358 πρὸς
436 3285 622 3340 τοῦτον
648 3284 738 3337 τὸν
762 3283 1080 3354 ἀδιανόητον
1114 3282 1292 3336 αὐτῶν
1321 3283 1475 3352 λόγον
1507 3284 1851 3355 εὑρίσκονται

272 3379 384 3450 πρὸ
411 3375 690 3430 Μοντανοῦ
738 3375 791 3428 οἶ
817 3391 876 3427 τε
906 3374 998 3427 τὸν
1053 3374 1288 3445 Χριστὸν
1322 3376 1655 3446 ἐσχηκότες,
1693 3375 1746 3427 οἴ
1792 3391 1851 3428 τε

273 3468 562 3524 ἀπόστολοι
613 3468 661 3520 οἱ
702 3468 801 3538 τὴν
843 3467 997 3531 τάξιν
1047 3465 1329 3536 δεξάμενοι
1380 3466 1529 3538 παρὰ
1571 3466 1665 3519 τοῦ
1694 3466 1852 3532 Θεοῦ,

279 3562 369 3615 καὶ
404 3563 463 3614 ὲν
496 3561 709 3623 ἑαυτοῖς
741 3558 1038 3630 ἐσχηκότες
1076 3556 1337 3610 λαλοῦντα
1362 3557 1452 3609 τὸν
1479 3556 1732 3629 Χριστὸν,
1761 3559 1857 3611 καὶ

270 3652 461 3708 οἰκοῦν
488 3651 549 3705 τὸ
581 3650 802 3722 Πνεῦμα
839 3648 933 3703 τοῦ
964 3649 1121 3715 Θεοῦ,
1158 3648 1253 3702 καὶ
1282 3648 1368 3702 διὰ
1412 3649 1511 3718 τῆς
1557 3648 1857 3712 ἐπιθέσεως

267 3748 383 3801 τιῖιν
417 3742 615 3816 χειρῶν
663 3743 757 3795 καὶ
802 3740 982 3814 ἄλλοις
1022 3740 1355 3811 παρέχοντες
1396 3738 1529 3792 αὐτὸ
1572 3736 1714 3791 κατά
1758 3736 1858 3808 τὴν

268 3840 446 3896 αὐτοῦ
500 3837 773 3910 βούλησιν,
816 3836 911 3890 καὶ
952 3834 1090 3907 μετά
1135 3832 1448 3905 παρρησίας
1485 3831 1857 3895 διδάσκοντες,

266 3935 371 3989 καὶ
417 3931 565 4003 παρά
594 3932 758 3983 πᾶσιν
797 3929 1175 3999 πιστευόμενοι
1223 3926 1318 3979 καὶ
1363 3923 1435 3996 μὴ
1460 3925 1535 3987 ὼς
1576 3922 1857 3987 Μοντανδς

266 4023 674 4092 ἀπιστούμενος
692 4038 705 4050 ⁸
733 4021 867 4074 οἵτε
895 4019 1255 4081 ἀκούσαντες·
1294 4037 1311 4069 ι
1346 4018 1500 4069 Ὅσοι
1524 4015 1604 4077 εἰς
1623 4014 1858 4085 Χριστὸν

267 4112 670 4178 ἐϐαπτίσθητε,
702 4108 935 4180 Χριστὸν
969 4106 1327 4161 ἐνεδύσασθε*
1378 4124 1396 4157 ι
1447 4105 1521 4176 μὴ
1566 4103 1861 4174 ἐσχηκότες

268 4210 367 4263 τὺν
412 4203 643 4276 Χριστὸν
670 4202 765 4254 καὶ
788 4201 848 4253 τὸ
876 4200 1031 4269 ἆγιον
1059 4198 1303 4269 Πνεῦμα.
1347 4196 1507 4250 Ἀλλά
1536 4195 1603 4249 τὰ
1636 4196 1858 4265 προκεί-

274 4316 425 4373 μενα
454 4297 671 4368 ῥήματα
700 4292 792 4345 τοῦ
851 4291 1105 4362 Σωτῆρος
1152 4292 1252 4361 τὴν
1296 4289 1588 4359 ἰσοτιμίαν,
1630 4287 1726 4340 καὶ
1760 4286 1859 4358 τὴν

276 4390 617 4461 συνᾴδουσαν
645 4384 793 4456 αύτῷ
823 4384 1166 4437 διδασκαλίαν
1212 4383 1304 4436 τοῦ
1340 4383 1496 4450 ἁγίου
1542 4381 1860 4452 Πνεύμοιτος

1953 3301 2048 3341 vos
2103 3286 2413 3353 orphanos,
2464 3285 2624 3339 venio
2677 3286 2744 3338 ad
2803 3299 2922 3339 vos.
2955 3299 2973 3334 ι
3010 3281 3166 3336 Tunc
3221 3297 3353 3350 ergo
3402 3292 3537 3334 sane

1950 3376 2290 3448 νεοίμην
2316 3377 2530 3446 quando
2548 3376 2831 3431 Montanus
2853 3378 3018 3431 venit.
3048 3377 3118 3429 Δι
3131 3387 3235 3428 non
3259 3373 3332 3428 ita
3359 3387 3417 3427 se
3444 3388 3535 3427 res

1954 3468 2115 3522 habet
2150 3487 2163 3523 :
2202 3469 2373 3523 absit!
2418 3468 2655 3535 alioquin
2693 3466 2824 3522 illud
2853 3475 3253 3535 consequetur,
3294 3464 3342 3519 si
3372 3463 3535 3519 stulta

1953 3575 2139 3616 eorum
2195 3560 2535 3614 ratiocinatio
2584 3560 2928 3622 attendatur,
3003 3568 3063 3611 ut
3111 3556 3419 3620 Christum,
3471 3567 3538 3609 ac

1958 3652 2220 3723 Spiritum
2272 3660 2516 3705 sanetum
2567 3660 2693 3704 ante
2735 3648 3048 3703 Montanum
3097 3662 3204 3702 non
3249 3644 3539 3701 habuerint

1957 3761 2133 3816 neque
2165 3745 2201 3798 ii
2224 3744 2316 3814 qui
2359 3744 2638 3799 Christum
2675 3745 2982 3799 habuerunt
3007 3780 3024 3806 ,
3054 3755 3155 3795 nec
3181 3737 3417 3811 apostoli
3443 3737 3537 3807 qui

1957 3856 2108 3896 suam
2141 3842 2379 3910 ipsorum
2422 3837 2737 3909 dignitatem
2792 3850 2822 3889 a
2858 3832 2971 3890 Deo
3005 3841 3332 3901 acceperim:
3363 3836 3420 3884 et
3453 3829 3536 3884 io-

1958 3941 2210 4000 quentem
2274 3931 2327 3983 in
2392 3928 2583 3997 seipsis
2623 3926 2923 3993 Christum,
2979 3934 3143 3995 atque
3198 3922 3537 3979 habitantem

1960 4022 2217 4092 Spiritum
2252 4021 2345 4076 Dei
2373 4020 2635 4085 habuere,
2685 4029 2743 4075 et
2784 4033 2880 4089 per
2925 4031 3180 4071 manuum
3237 4012 3540 4083 impositio-

1961 4133 2084 4171 nem
2150 4115 2271 4169 aliis
2308 4128 2526 4185 quoque
2569 4114 2742 4183 ipsum
2793 4111 2948 4183 juxta
3002 4109 3147 4163 itlius
3207 4106 3538 4161 voluntatem

1968 4209 2351 4281 praebuerunt,
2388 4218 2442 4262 et
2494 4206 2665 4262 libere
2719 4212 2880 4273 atque
2929 4202 3172 4258 animo
3218 4201 3537 4264 docmnt,

1964 4303 2037 4357 ita
2070 4311 2128 4355 ut
2158 4299 2292 4355 ﬁdes
2321 4300 2401 4354 eis
2434 4298 2502 4353 ab
2531 4296 2785 4353 omnibus
2805 4296 2989 4351 habita
3025 4294 3135 4357 sit,
3166 4308 3271 4347 non
3288 4305 3424 4346 vero
3447 4290 3541 4345 de-

1964 4401 2157 4464 negata
2210 4392 2351 4463 (24),
2392 4400 2453 4445 ιιι
2498 4390 2784 4453 Montano;
2818 4402 2917 4441 nec
2970 4387 3007 4440 ii
3034 4388 3283 4447 demum,
3338 4381 3540 4451 quibus

274 4483 547 4556 παριστᾷ.
576 4480 718 4533 Τίδέ
738 4477 988 4550 σημαίνει
1012 4476 1093 4541 τὸ,
1123 4496 1140 4527 ι
1177 4477 1449 4547 Ἔρχομαι
1479 4475 1613 4547 πρὸς
1638 4476 1801 4546 ὑμᾶς,
1835 4494 1851 4526 ι

1966 4487 2169 4539 dictum
2230 4482 2332 4537 fuit
2364 4501 2377 4537 :
2440 4500 2459 4533 ι
2495 4481 2771 4550 Quotquot
2817 4478 2930 4550 (‘25)
2968 4477 3023 4531 in
3053 4475 3327 4530 Christum
3364 4472 3541 4539 bapti-

273 4583 503 4651 εἴρηται
547 4572 835 4645 ἀνωτέρω·
880 4571 1100 4641 εἴχομεν
1150 4570 1258 4641 γὰρ
1297 4573 1365 4640 (εἰ
1407 4570 1500 4621 καὶ
1545 4568 1758 4639 ἔχουσιν
1805 4569 1855 4621 οὶ

272 4673 424 4737 ἄξιοι
442 4667 694 4734 τελείως)
721 4665 813 4718 τόν
836 4681 894 4717 τε
927 4661 1160 4735 Χριστὸν
1192 4661 1283 4713 τὸν
1309 4660 1533 4714 εἰπόντα
1554 4675 1569 4689 ⁸
1599 4679 1617 4711 ι
1661 4661 1859 4730 Ἔρχοο

278 4781 385 4835 μαι
429 4759 567 4829 πρὸς
611 4757 789 4827 ὑμᾶς·
841 4774 860 4807 ι
916 4753 978 4806 τό
1032 4771 1090 4805 τε
1140 4752 1293 4819 ἆγιον
1341 4750 1589 4834 Πνεῦμα,
1638 4750 1763 4819 περὶ
1802 4742 1863 4802 οὗ

274 4853 457 4909 εἶπενσ
499 4870 517 4903 ι
554 4852 723 4903 ’Ὅταν
766 4845 895 4919 ἔλθῃ
933 4847 1157 4908 ἐκεῖνος.
1209 4863 1227 4896 ι
1274 4843 1407 4897 Οὐδὲ
1440 4843 1547 4913 γάρ
1592 4841 1778 4905 ἀτελές
1810 4859 1862 4894 τι

277 4946 458 5000 ἐποίει
490 4944 518 4996 6
545 4941 839 5009 Δεσπότης,
870 4937 1130 5008 ἐμφυσῶν
1159 4935 1298 5008 μετά
1321 4934 1419 5006 τὴν
1459 4934 1753 4988 ἀνάστασιν
1783 4936 1863 4999 εἰς

277 5039 554 5111 πρόσωπα
576 5034 686 5088 τῶν
726 5031 1058 5095 ἀποστόλων,
1088 5031 1182 5084 καὶ
1225 5029 1397 5098 λέγων
1431 5028 1556 5101 [219
1583 5029 1657 5100 ὁΙ·
1698 5047 1715 5078 ι
1752 5030 1863 5082 Λά-

279 5134 413 5185 ϐετε
442 5126 667 5196 Πνεῦμα
692 5127 846 5194 ἆγιον
869 5141 882 5154 ·
922 5142 941 5175 ι
970 5123 1077 5175 οὐδ’
1106 5120 1376 5193 ἐψεύδετο,
1403 5120 1437 5191 ἢ
1469 5122 1628 5185 αὐτὸς
1650 5120 1825 5189 λέγων
1845 5139 1858 5151 ·

284 5244 307 5277 ι
350 5223 478 5276 Ὀτι
498 5218 624 5289 παρ’
646 5218 775 5288 ὑμῖν
806 5216 979 5289 μένει,
1008 5214 1101 5268 καὶ
1127 5214 1187 5269 ἐν
1215 5214 1343 5286 ὑμῖν
1372 5215 1519 5269 ἐστιν
1541 5230 1555 5246 ο
1583 5234 1601 5267 ι
1628 5214 1663 5285 ἦ
1700 5213 1862 5268 ’Λπό-

357 5436 477 5576 (Πζ
518 5434 719 5490 Venite.
754 5434 947 5488 Matth.
973 5450 1101 5500 xxv,
1130 5434 1222 5490 54.

361 5508 454 5573 (18
520 5506 672 5576 Qua.
706 5505 723 5559 l
752 5506 877 5576 Cor,
914 5519 973 5569 ll,
1009 5507 1063 5576 9.

361 5505 477 5573 (18)
520 5506 672 5570 Qua.
706 5505 723 5559 l
752 5506 877 5560 Cor.
914 5519 973 5569 ll,
1009 5507 1063 5560 9.

362 5574 475 5641 (19)
511 5574 801 5647 Fruentur.
834 5575 957 5647 ‘Pro
996 5574 1245 5647 YE'_VOV1at
1298 5577 1579 5647 legendum
1633 5575 1865 5633 fortasse

288 5649 614 5718 γενήσονται
648 5645 765 5718 [vel
782 5644 1088 5718 γένωνται]ἶ

364 5722 478 5785 (τοι
502 5714 710 5771 Adhuc.
741 5714 896 5769 Joan.
926 5731 1046 5785 xvi,
1077 5714 1161 5785 l2.
1211 5716 1293 5770 15.

367 5784 480 5859 (BI)
516 5786 562 5841 Α
595 5787 889 5853 semetipso.
922 5784 1056 5841 Ibid.
1095 5784 1178 5839 15.

1956 4578 2062 4634 Zati
2098 4576 2249 4642 estis,
2305 4575 2581 4630 Christum
2612 4570 2887 4627 induistis.
2918 4588 2938 4621 ι
2965 4568 3072 4623 Sed
3111 4566 3246 4621 Filio
3274 4564 3539 4634 aequalem

1957 4686 2076 4724 esse
2112 4668 2397 4738 Spiritum,
2459 4676 2514 4720 et
2548 4666 2709 4735 hujus
2743 4662 3045 4717 doctrinam
3083 4658 3341 4712 doctrinae
3392 4654 3540 4710 illius

1962 4774 2258 4817 consonam
2307 4773 2430 4813 esse
2479 4756 2645 4810 allata
2695 4755 2995 4809 Salvatoris
3037 4750 3203 4804 verba
3256 4749 3538 4802 denotant.

1967 4852 2106 4919 Quid
2147 4866 2279 4905 vero
2306 4849 2575 4920 signiticet
2619 4846 2770 4910 illud,
2806 4863 2826 4896 ι
2863 4844 3033 4899 Venio
3063 4841 3131 4896 ad
3162 4855 3278 4905 vos,
3308 4852 3540 4919 Δ,νευρο-

1965 4945 2082 4998 rius
2112 4942 2314 4996 dictum
2343 4948 2451 4997 est.
2506 4938 2805 4993 Habuimus
2845 4934 2987 4989 enim
3036 4933 3371 5002 (quanquam
3421 4943 3543 4998 per-

1969 5035 2111 5089 fecte
2162 5048 2267 5087 non
2297 5033 2499 5087 habent
2535 5030 2635 5084 nisi
2670 5030 2760 5098 qui
2800 5026 2943 5097 digni
2973 5025 3120 5093 sunt)
3155 5034 3209 5077 et
3263 5011 3540 5077 Christum

1968 5127 2058 5196 qui
2085 5126 2239 5192 dixit,
2278 5143 2296 5176 ι
2337 5124 2505 5178 Venio
2535 5125 2598 5177 ad
2623 5137 2753 5186 vos,
2791 5139 2813 5173 ι
2864 5130 2917 5173 et
2954 5117 3215 5187 Spiritum
3269 5126 3545 5179 sanctum,

1966 5219 2036 5274 de
2061 5232 2167 5287 quo
2195 5216 2242 5272 is
2274 5217 2453 5271 dixit:
2490 5234 2509 5267 ι
2541 5215 2678 5271 Cum
2711 5212 2923 5269 venerit
2952 5210 3040 5265 ille
3083 5250 3098 5266 .
3139 5226 3158 5261 ι
3197 5205 3334 5262 Nam
3372 5221 3548 5279 neque

2040 5437 2157 5506 (ea)
2188 5436 2308 5493 Ille.
2336 5436 2470 5491 lbid.
2506 5436 2591 5491 ιιι.

2039 5508 2152 5575 (ἳὸ)
2189 5510 2330 5562 Non.
2361 5507 2517 5561 Joan.
2553 5522 2664 5570 xw,
2696 5505 2785 5560 18.

2188 5577 2472 5649 Denegata.
2514 5577 2721 5640 Codex,
2771 5576 3190 5649 ἀπιστούμενος.
3232 5573 3543 5649 Legendum

1964 5647 2216 5709 fortasse,
2248 5647 2657 5717 ἀπιστούμενοι.

2038 5718 2152 5789 (25)
2189 5718 2474 5790 Quotquot.
2508 5719 2687 5773 Calat.
2718 5733 2802 5787 ιιι,
2835 5717 2926 5775 27.
