4042 6404
561 337 664 396 987

1824 341 1980 396 DIDY
1992 342 2060 394 Ml
2101 341 2566 396 ALEAXANDRINI
3657 341 3742 394 988

563 452 936 524 imperfectum
969 443 1095 522 quid
1128 453 1356 510 faciebat
1386 456 1675 521 Dominus,
1730 470 1851 510 cum
1891 457 2135 511 insania-

2239 457 2423 520 στολος
2457 457 2716 528 γράφωνο
2761 473 2780 506 ι
2811 456 2925 509 Οὐκ
2953 453 3128 508 οἴδατε
3149 494 3165 519 ,
3195 454 3276 506 ὅτι
3309 451 3433 515 ναὸς
3461 452 3584 506 Θεοῦ
3617 455 3748 520 ἐστε,

565 548 655 599 bat
686 553 804 612 post
854 546 1307 598 resurrectionem
1361 547 1414 600 in
1455 546 1618 600 facies
1651 544 2016 614 apostolorum
2052 546 2134 599 di-

566 649 692 691 cetus
724 655 738 691 :
780 639 1049 707 «Accipite
1074 636 1187 709 (“26)
1214 636 1472 706 Spiritum
1498 647 1743 691 sanctum
1772 652 1786 701 ;
1827 651 1956 691 inec
1980 651 2136 690 men-

572 729 800 782 tieltatttr
824 741 913 782 aut
939 733 1074 799 ipse,
1109 746 1228 782 cum
1258 731 1436 782 aiebat
1468 744 1483 780 :
1523 747 1542 780 ι
1577 729 1729 797 Apud
1753 727 1868 798 (27)
1892 743 1986 782 vos
2024 743 2136 780 ma-

570 831 674 882 net,
701 832 755 875 et
779 821 831 875 in
851 822 999 875 vobis
1017 834 1092 874 est
1119 840 1132 887 ;
1176 841 1193 872 ι
1223 834 1313 873 aut
1337 819 1640 888 Apostolus,
1672 835 1793 872 cum
1819 819 2084 873 scribebat
2118 837 2131 871 :

573 930 591 960 ς
625 914 700 963 An
738 913 961 966 nescitis
1003 914 1111 982 (28)
1173 914 1292 978 quia
1323 912 1573 979 templum
1613 911 1702 963 Dei
1744 911 1893 972 estis,
1927 918 1980 963 et
2014 907 2136 976 Spi-

572 1004 704 1057 ritus
738 1003 825 1056 Dei
858 1004 1059 1055 habitat
1095 1006 1144 1056 in
1177 1003 1352 1057 vobis?
1387 1022 1404 1054 ι
1442 1013 1532 1054 aut
1560 1001 1995 1071 Sapientia.cum
2025 1001 2132 1054 ait:

576 1111 595 1143 ι
636 1092 871 1160 Spiritus
921 1094 1033 1161 (‘29)
1074 1095 1282 1146 Domini
1333 1095 1553 1161 replevit
1600 1097 1784 1147 orbem
1847 1104 2132 1155 terrarum,

571 1195 621 1234 et
663 1182 803 1251 quod
835 1185 1074 1236 continet
1115 1183 1328 1244 omnia,
1371 1182 1656 1236 scientiam
1690 1182 1852 1235 habet
1901 1183 2064 1234 vocis.
2109 1199 2129 1232 ι

579 1273 685 1325 Nec
733 1285 992 1340 praui-rea
1047 1273 1294 1326 Montano
1359 1271 1786 1340 impcrfectiores
1815 1282 1969 1324 erant
2005 1285 2135 1339 apo-

574 1366 694 1418 stoli
725 1406 738 1429 ,
774 1380 870 1418 nec
906 1365 1106 1427 sancti,
1142 1365 1229 1431 qui
1264 1372 1386 1416 ante
1421 1362 1689 1430 apostolos
1728 1362 2006 1415 exstitere.
2059 1359 2133 1414 lbi

569 1465 749 1508 autem
809 1456 860 1507 in
915 1455 1230 1507 Pentecoste
1297 1453 1577 1522 apparuit,
1609 1452 1695 1505 ubi
1737 1452 1846 1518 jam
1891 1461 2028 1516 erat,
2089 1451 2135 1504 is

570 1545 660 1613 qui
691 1545 873 1596 omnia
912 1543 1153 1597 continet
1202 1541 1432 1610 Spiritus
1477 1549 1730 1606 sanctus,
1759 1549 1812 1594 et
1848 1548 2132 1609 susceptus

567 1647 674 1700 est,
720 1645 778 1688 ut
808 1645 1074 1688 testantur
1095 1635 1226 1687 Acta
1250 1633 1334 1687 bis
1356 1633 1536 1687 verbis
1575 1650 1590 1686 :
1631 1648 1650 1682 ι
1686 1631 1980 1686 Audientes
2016 1630 2130 1699 (50)

571 1736 749 1782 autem
786 1729 874 1796 qui
907 1729 957 1781 in
985 1725 1339 1795 Jerosolymis
1369 1731 1524 1779 erant
1579 1721 1826 1791 apostoli,
1862 1720 2006 1792 quod
2039 1736 2127 1776 re—

2238 549 2331 603 καὶ
2362 549 2424 602 τὸ
2459 547 2686 618 Πνεῦμα
2732 546 2825 600 τοῦ
2868 545 3002 599 Θεοῦ
3050 547 3190 599 οίκεῖ
3219 547 3277 597 ἐν
3314 544 3470 614 ὑμῖν;
3525 562 3542 595 ι
3577 543 3683 597 οὕτε
3721 547 3750 616 ή

2236 639 2401 708 Σοφία
2433 638 2667 707 λέγουσα
2688 655 2700 667 °
2743 658 2764 690 ι
2799 637 3023 709 Πνεῦμα
3058 635 3270 708 Κυρίου
3303 635 3636 706 πεπλήρωκεν
3672 637 3753 707 τὴν

2235 729 2556 800 οἰκουμένην
2577 747 2588 758 ·
2640 731 2732 783 καὶ
2758 730 2819 781 τὸ
2856 729 3077 798 συνέχον
3106 727 3175 780 τὰ
3202 727 3376 779 πάντα
3397 769 3410 792 ,
3450 727 3632 795 γνῶσιν
3661 726 3754 797 ἔχει

2237 821 2437 889 φωνῆς.
2481 841 2499 872 ι
2551 819 2686 873 Οὔτε
2737 820 2841 891 μὴν
2877 819 3216 889 ἀτελέστεροι
3259 818 3529 871 Μοντανοῦ
3571 820 3615 871 οἱ
3643 819 3756 871 ἀπό-

2237 913 2410 964 στολοι
2436 913 2528 965 καὶ
2557 914 2604 964 oi
2629 911 2732 982 πρὸ
2756 910 2934 965 αὐτῶν
2992 911 3134 978 ἆγιοι
3157 909 3446 980 ἐτύγχανον
3468 910 3624 972 ὄντες.
3657 911 3758 963 Ἐπο

2242 1002 2409 1072 εφάνη
2445 1001 2502 1054 δὲ
2533 1005 2598 1072 τῇ
2634 1003 3000 1072 Πεντηκοστῇ,
3032 1001 3158 1055 ἔνθα
3180 1003 3275 1054 καὶ
3317 1000 3412 1072 ήδη
3445 997 3510 1070 ἦν
3535 1001 3593 1053 τὸ
3609 1003 3758 1055 πάντα

2235 1093 2457 1161 συνέχον
2493 1092 2647 1160 ἅγιον
2677 1091 2920 1161 Πνεῦμα,
2956 1093 3049 1145 καὶ
3098 1091 3285 1161 ἐδέχθη
3312 1132 3325 1152 ,
3360 1091 3434 1155 ὠς
3485 1090 3676 1160 ἔχουσιν
3711 1093 3757 1144 αἱ

2234 1182 2464 1252 Πράξεις
2483 1182 2654 1244 οὕτως
2674 1199 2687 1213 ο
2723 1200 2740 1232 ι
2784 1181 3141 1245 Ἀκούσαντες
3160 1183 3215 1234 δέ
3237 1183 3284 1234 οι
3315 1183 3370 1233 ἐν
3409 1181 3761 1250 Ἱεροσολύμοις

2233 1273 2537 1331 ἀπόστολοι,
2569 1274 2649 1326 ὅτι
2689 1274 2931 1326 δέδεκται
2970 1273 3313 1344 ήΣαμάρεια
3360 1271 3447 1325 τὸν
3500 1272 3642 1339 λόγον
3683 1271 3758 1324 τοῦ

2232 1363 2388 1429 Θεοῦ,
2418 1364 2741 1418 ἀπέστειλαν
2762 1365 2895 1434 πρὸς
2916 1365 3112 1427 αὐτοὺς
3140 1365 3229 1416 τὸν
3254 1365 3456 1434 Πέτρον
3481 1364 3575 1415 καὶ
3610 1362 3762 1414 Ἰωάν-

2231 1475 2361 1528 νηνο
2396 1458 2589 1520 οἵτινες
2628 1455 2996 1519 καταϐάντες,
3033 1455 3406 1527 προσηῦξαντο
3441 1456 3563 1525 περὶ
3591 1454 3760 1515 αὐτῶν,

2236 1547 2384 1609 ὅπως
2424 1545 2661 1600 λάϐωσιν
2703 1544 2925 1614 Πνεῦμα
2972 1545 3158 1612 ἅγιον·
3204 1543 3414 1596 οὐδέπω
3454 1542 3557 1612 γὰρ
3591 1536 3651 1611 ἦν
3692 1540 3762 1592 ἐπ’

2230 1637 2404 1690 οὐδενὶ
2429 1637 2607 1690 αὐτῶν
2640 1636 3022 1699 ἐπιπεπτωκός
3042 1654 3054 1666 ·
3095 1635 3256 1706 μόνον
3285 1635 3339 1687 δὲ
3377 1631 3762 1704 βεϐαπτισμένοι

2233 1729 2474 1801 ὑπῆρχον
2499 1731 2578 1792 είς
2613 1729 2675 1781 τὸ
2699 1728 2868 1798 δνομα
2905 1728 2997 1781 τοῦ
3029 1727 3234 1799 Κυρίου
3263 1725 3419 1797 ἡμῶν
3461 1723 3626 1795 Ἰησοῦ
3652 1723 3766 1792 Χρι-

569 1816 797 1883 cepisset
855 1813 1096 1868 Samaria
1159 1816 1379 1867 verbum
1439 1813 1556 1873 Dei,
1603 1813 1866 1864 miserunt
1919 1813 1982 1865 ad
2037 1824 2129 1865 eos

2236 1820 2382 1874 στοῦ.
2431 1820 2563 1872 Τότε
2597 1819 2912 1872 ἐπετίθεσαν
2959 1817 3058 1881 τὰς
3100 1819 3285 1888 χεῖρας
3315 1818 3402 1868 ἐπ’
3448 1815 3660 1877 αὐτοὺς,
3689 1811 3765 1864 καὶ

572 1905 787 1960 Petrum
823 1917 876 1961 et
906 1906 1196 1968 Joannem,
1241 1905 1336 1974 qui
1393 1903 1781 1958 descendentes
1838 1913 2134 1955 oraverunt

571 2012 668 2066 pro
717 1998 846 2066 ipsis
871 2036 886 2060 ,
942 2007 997 2050 ut
1030 1996 1332 2066 acciperent
1365 1994 1624 2062 Spiritum
1663 2002 1911 2047 sanctum
1953 2011 1968 2046 :
1999 2007 2138 2047 non-

571 2091 696 2142 dum
747 2088 890 2142 enim
925 2089 977 2140 in
1014 2101 1334 2155 quemquam
1373 2086 1585 2139 illorum
1628 2093 1882 2148 venerat;
1912 2083 2004 2137 sed
2041 2084 2131 2136 ba-

571 2181 752 2249 νιίιςιιί
783 2190 989 2233 tantum
1010 2188 1164 2233 erant
1193 2180 1245 2232 iu
1278 2179 1494 2232 nomine
1540 2177 1747 2230 Domini
1791 2177 1959 2230 nostri
2006 2175 2133 2232 Jesu

569 2271 791 2324 tihristi.
821 2269 970 2324 Tnnc
999 2271 1344 2339 imponebant
1375 2284 1564 2322 manus
1597 2283 1762 2335 super
1784 2282 1878 2322 eos
1902 2309 1916 2331 ,
1951 2276 2006 2322 et
2037 2283 2129 2323 ac—

570 2360 839 2428 cipiebant
867 2358 1125 2428 Spiritum
1157 2367 1421 2413 sanctum.
1467 2377 1485 2409 ι
1517 2357 1581 2410 Ει
1617 2358 1757 2412 sicut
1791 2355 1958 2410 Filius
1987 2371 2129 2410 sem-

2238 1910 2538 1980 ἐλάμὸανον
2585 1909 2808 1979 Πνεῦμα
2849 1910 3023 1976 ἅγιον.
3061 1927 3080 1960 ›
3133 1909 3243 1961 Καὶ
3283 1907 3341 1960 ὃν
3383 1906 3577 1977 τρόπον
3603 1906 3629 1955 δ
3658 1901 3766 1963 Υἱὸς

2233 2000 2319 2053 ἀεὶ
2348 2001 2444 2070 μὲν
2472 1998 2746 2070 πανταχοῦ
2769 1999 2970 2070 παρῆν,
2996 2001 3144 2069 ὅμως
3161 1999 3217 2051 δὲ
3250 1998 3386 2070 μετὰ
3405 1998 3504 2069 τὴν
3531 1999 3586 2049 ἐν
3605 2000 3767 2064 κόσμῳ

2235 2089 2526 2160 ἐπιδημίαν
2563 2089 2786 2152 τελείως
2827 2088 3140 2161 ἐπεγνώσθη
3184 2089 3277 2142 καὶ
3323 2087 3608 2154 ἐδοξάσθηο
3648 2084 3767 2137 οὕτω

2234 2176 2414 2232 καὶτὸ
2445 2177 2598 2246 ἆγιον
2631 2176 2854 2247 Πνεῦμα
2909 2177 2997 2231 ἀεὶ
3041 2177 3138 2246 μὲν
3203 2176 3381 2230 πάντα
3427 2175 3651 2244 ἐπλήρου
3692 2172 3768 2226 καὶ

2235 2269 2498 2337 συνεῖχεν,
2531 2266 2668 2338 μετὰ
2696 2267 2750 2320 δὲ
2780 2268 2877 2338 τὴν
2907 2268 2963 2319 ἐν
2988 2251 3052 2338 τῇ
3082 2268 3428 2337 Πεντηκοστῇ
3459 2265 3767 2336 ἐπιφοίτησιν

2233 2356 2395 2410 αὑτοῦ
2423 2355 2752 2428 τελειότερον
2777 2355 3092 2428 ἐπεγνώσθη
3129 2359 3221 2410 καὶ
3248 2357 3526 2428 ἐδοξάσθη.

571 2451 888 2520 perquidem
908 2451 1099 2520 ubique
1125 2460 1262 2515 erat,
1288 2462 1569 2519 postquam
1593 2461 1770 2503 tamen
1833 2451 1883 2503 in
1938 2451 2193 2503 mundum
2231 2453 2397 2517 venit,
2451 2451 2686 2521 perfecte
2738 2454 2983 2522 cognitus
3033 2452 3133 2506 luit
3193 2465 3246 2507 et
3293 2455 3656 2523 gloriﬁcatns;
3705 2449 3768 2502 sic

567 2544 731 2597 etiam
803 2542 1034 2612 Spiritus
1112 2553 1332 2598 sanctus
1397 2558 1609 2610 semper
1647 2543 1861 2611 quidem
1929 2543 2110 2596 omnia
2159 2543 2413 2612 implebat
2482 2554 2535 2600 et
2606 2546 2945 2607 continebat,
2993 2547 3085 2598 sed
3138 2557 3256 2613 post
3309 2544 3478 2616 448
3527 2559 3671 2598 suum
3725 2543 3767 2594 in

569 2634 883 2690 Pentecoste
927 2637 1208 2690 adventum
1272 2633 1561 2704 perfectius
1603 2635 1850 2702 cognitus
1896 2633 1998 2686 fuit
2045 2641 2100 2686 et
2138 2635 2492 2703 gloriﬁcatus.

638 2724 700 2779 Ill
733 2724 914 2780 Tertio
943 2727 1229 2781 ostendere
1273 2729 1514 2780 nituntur
1539 2738 1593 2780 et
1635 2725 1943 2780 Montanum
1973 2725 2146 2795 perfe-

567 2819 802 2871 ctionem
833 2818 1094 2871 Paracleti
1127 2817 1407 2881 habuisse,
1433 2827 1488 2870 et
1531 2814 1824 2870 Priscillam
1859 2831 1923 2870 ac
1971 2816 2136 2870 Maxi-

572 2909 768 2962 miFIam
836 2909 1201 2978 prophetissas
1258 2905 1559 2978 (51)........
1617 2909 1951 2977 scripserunt
1994 2907 2142 2963 Mon-

571 3011 714 3052 tano.
745 2998 929 3067 Itaque
966 3000 1216 3069 inquiunt
1246 3018 1259 3054 :
1295 2999 1403 3054 Vos
1431 3016 1534 3054 non
1580 3000 1822 3063 creditis,
1863 3009 1984 3068 post
2020 3001 2131 3070 pri-

572 3104 712 3141 mam
771 3088 983 3142 Domini
1042 3089 1528 3142 manifestationem
1589 3089 1724 3143 ullos
1753 3103 1870 3143 esse
1909 3090 2139 3158 prOphe-

571 3191 654 3233 tas
679 3179 790 3250 (5‘2)
818 3198 832 3234 :
879 3191 933 3232 at
959 3195 1085 3235 vero
1117 3179 1384 3240 Salvator,
1418 3179 1685 3247 inquiunt,
1716 3179 1889 3233 dixit:
1927 3198 1946 3231 ι
1997 3181 2133 3236 Ecce

569 3272 687 3343 (55)
743 3287 841 3340 ego
893 3274 1045 3325 mitto
1082 3271 1148 3324 ad
1182 3286 1279 3324 vos
1308 3270 1614 3338 prophetas,
1644 3280 1697 3324 et
1735 3271 2026 3338 sapientes,
2081 3280 2136 3325 et

571 3365 779 3417 scribas
801 3403 816 3426 ,
875 3373 929 3417 et
981 3377 1047 3416 ex
1079 3364 1158 3418 eis
1190 3362 1481 3424 oecidetis,
1506 3371 1559 3415 et
1603 3361 1931 3429 cruciﬁgetis
1964 3362 2014 3414 in
2048 3376 2138 3431 sy-

574 3455 796 3524 nagogis
835 3455 1047 3508 vestris.
1092 3473 1111 3506 ι
1153 3454 1350 3508 Verum
1399 3469 1502 3507 non
1553 3453 1627 3506 ita
1660 3453 1771 3506 haec
1793 3452 2135 3522 intelligenda

569 3553 724 3608 sunt,
782 3553 844 3599 ut
895 3544 994 3614 ipsi
1050 3551 1245 3613 putant
1276 3561 1289 3597 :
1319 3546 1412 3598 sed
1463 3544 1528 3597 de
1577 3541 1834 3610 apostolis
1896 3542 2140 3611 loquitur

569 3635 839 3700 Christus,
893 3636 983 3705 qui
1017 3636 1180 3690 multa
1214 3635 1364 3690 etde
1403 3635 1709 3690 novissimis
1757 3634 2085 3703 temporibus
2113 3674 2129 3701 ,

569 3738 626 3783 et
679 3730 745 3784 de
795 3743 958 3796 regno
1001 3729 1262 3784 caelorum
1317 3727 1496 3785 futura
1558 3728 1990 3797 praenuntiarunt
2022 3745 2036 3780 :
2065 3743 2133 3783 ex

568 3835 798 3888 quorum
827 3821 989 3875 etiam
1022 3835 1247 3876 immero
1282 3819 1517 3874 nonnulli
1558 3820 1722 3874 occisi
1747 3829 1872 3874 sunt
1900 3828 1957 3873 ut
1999 3817 2122 3874 Ste-

569 3914 779 3980 phanus
822 3924 876 3968 et
918 3911 1168 3980 Iacobus,
1233 3913 1469 3968 nonnulli
1517 3915 1759 3968 cruciﬁxi
1809 3924 1866 3967 ut
1917 3913 2127 3979 Petrus,

571 4005 811 4058 nonnulli
852 4003 1099 4075 ﬂagellati
1131 4014 1190 4058 ut
1217 4004 1436 4060 Paulus.
1457 4004 1708 4060 Fortasse
1739 4005 1850 4076 (54)
1887 4021 2016 4060 vero
2049 4021 2138 4060 sa-

567 4095 809 4164 pientum
861 4097 1074 4150 nomine
1117 4105 1384 4166 martyres
1413 4105 1465 4151 et
1495 4095 2015 4166 episcopomartyres
2054 4098 2143 4151 de-

565 4186 821 4255 signavit.
857 4185 1212 4256 Prophetidas
1241 4196 1422 4241 autem
1477 4187 1624 4240 novit
1695 4185 1974 4255 Scriptura
2009 4203 2143 4256 qna-

569 4286 694 4331 tuor
738 4274 974 4346 Philippi
1032 4275 1192 4345 tilias,
1230 4277 1545 4340 Deboram,
1607 4275 1830 4330 Mariam
1894 4291 2135 4332 sororem

568 4368 822 4433 Aaronis,
873 4378 931 4424 et
959 4368 1247 4439 Deiparam
1286 4367 1511 4422 Mariam
1548 4366 1663 4437 (55)
1696 4382 1814 4436 qua:
1867 4367 2020 4434 dixit,
2085 4378 2143 4424 ut

2307 2729 2381 2782 1".
2433 2729 2626 2798 Τρίτον
2677 2731 2758 2782 ὅτι
2807 2728 3303 2791 κατασκευάζοντες
3359 2727 3558 2791 δεῖξαι,
3600 2724 3682 2778 τόν
3721 2737 3769 2773 τε

2235 2819 2510 2872 Μοντανὸν
2559 2819 2848 2890 ἐσχηκέναι
2900 2821 2960 2873 τὸ
3007 2820 3210 2872 τέλειον
3263 2818 3356 2871 τοῦ
3409 2815 3767 2887 Παρακλήτου,

2234 2909 2334 2979 τήν
2361 2925 2421 2961 τε
2459 2909 2788 2980 Πρισκίλλαν
2819 2911 2911 2963 καὶ
2956 2909 3301 2980 Μαξιμίολλαν
3337 2906 3681 2981 προφήτιδας.
3715 2943 3726 2955 .
3755 2938 3768 2954 .

2239 3039 2253 3052 .
2293 3038 2305 3052 η
2345 3039 2360 3055 .
2401 3037 2418 3053 .
2469 3043 2483 3055 .
2527 3041 2541 3054 .
2587 3039 2602 3054 .
2643 3041 2657 3056 .
2704 3001 2949 3072 ἔγραψαν
2995 3001 3275 3072 Μοντανῷ.
3352 3001 3614 3069 Λέγουσιν
3641 3037 3654 3059 ,
3705 2997 3772 3047 ὁτι

2165 3134 2208 3194 C
2239 3093 2394 3162 ὑμεῖς
2423 3092 2551 3164 [220
2600 3093 2655 3166 a]
2694 3095 2754 3146 οὐ
2785 3094 3068 3147 πιστεύετε
3113 3095 3251 3165 μετὰ
3282 3092 3382 3165 τὴν
3424 3091 3636 3164 πρώτην
3672 3090 3772 3141 ἐπι,

2244 3185 2470 3252 φάνειαν
2530 3185 2625 3237 τοῦ
2660 3186 2928 3239 Δεσπότου
2975 3184 3112 3239 εἶναι
3149 3187 3436 3256 προφήτας
3465 3202 3477 3214 ·
3515 3179 3656 3236 εἷπεν
3695 3179 3771 3240 δὲ,

2238 3275 2420 3344 φησὶν,
2453 3275 2482 3326 ὁ
2515 3275 2738 3346 Σωτήρ·
2777 3296 2794 3327 ι
2845 3276 2976 3330 Ἰδοὺ
3008 3275 3118 3345 ἐγὼ
3146 3275 3463 3329 ἀποστέλλω
3505 3273 3632 3344 πρὸς
3658 3269 3776 3339 ὑμᾶς

2237 3364 2518 3434 προφήτας
2536 3405 2550 3426 ,
2578 3365 2672 3416 καὶ
2701 3366 2918 3433 σοφοὺς,
2960 3366 3054 3418 xci).
3097 3366 3451 3436 γραμματεῖς
3469 3380 3480 3392 ·
3514 3361 3602 3415 καὶ
3624 3357 3676 3423 ἐξ
3699 3357 3777 3410 αὑ-

2237 3454 2342 3507 τῶν
2389 3455 2772 3518 ἀποκτενεῖτε,
2808 3458 2902 3509 καὶ
2945 3455 3285 3527 σταυρώσετε
3311 3496 3326 3518 ,
3379 3456 3476 3520 καὶ
3523 3455 3580 3519 ἐξ
3626 3447 3776 3504 αὐτῶν

2241 3546 2616 3617 μαστιγώσετε
2651 3549 2708 3602 ἐν
2735 3551 2855 3612 ταῖς
2885 3552 3225 3617 συναγωγαῖς
3253 3549 3432 3620 ὑμῶν.
3474 3567 3493 3598 ι
3541 3545 3689 3613 Λέγει
3711 3539 3776 3602 δὲ,

2237 3639 2335 3709 οὐχ
2387 3639 2462 3702 ὡς
2505 3641 2702 3694 ἐκεῖνοι
2747 3642 3078 3712 νομίζουσιν,
3133 3641 3270 3696 ἀλλὰ
3317 3643 3446 3704 τοὺς
3484 3635 3776 3693 ἀποστόλους

2239 3733 2598 3803 προειπόντας
2637 3733 2808 3786 πολλὰ
2835 3733 2941 3786 τῶν
2976 3733 3277 3803 μελλόντων
3308 3734 3406 3786 καὶ
3433 3733 3542 3785 τῶν
3565 3727 3776 3798 ἐσχάτων

2239 3821 2464 3892 καιρῶν,
2496 3823 2714 3893 καὶτῆς
2751 3825 2808 3875 ἐν
2852 3823 3104 3892 οὐρανοῖς
3137 3821 3417 3892 βασιλείας
3443 3838 3456 3851 ·
3497 3819 3553 3884 ἐξ
3590 3812 3659 3870 ὧν
3701 3811 3777 3867 καὶ

2239 3909 2675 3982 ἀπεκτάνθησαν,
2735 3910 2812 3973 ὡς
2870 3911 3139 3979 Στέφανος
3198 3911 3291 3962 καὶ
3370 3908 3649 3969 Ἰάκωϐος·
3699 3900 3776 3954 καὶ

2240 3999 2684 4071 ἐσταυρώθησαν,
2713 3999 2787 4063 ὼς
2826 4000 3028 4070 Πέτρος
3049 4016 3061 4029 ⁸
3099 4001 3190 4052 καὶ
3227 3997 3688 4069 ἐμαστιγώθησαν,
3717 3990 3777 4050 ὡς

2242 4091 2474 4156 Παῦλος.
2512 4091 2662 4145 Ἐσθ⁹
2705 4092 2793 4144 ὅτε
2836 4091 2891 4144 δὲ
2924 4088 3073 4144 εἶπεν
3114 4092 3207 4145 καὶ
3243 4092 3370 4156 τοὺς
3411 4092 3677 4162 μάρτυρας
3702 4079 3777 4134 καὶ

2239 4185 2364 4248 τοὺς
2393 4186 2590 4254 σοφοὺς
2616 4184 3186 4255 ἐπιποπομάρτυρας.
3223 4183 3565 4255 Προφητιδας
3590 4181 3640 4232 δέ
3665 4173 3777 4229 οἶδεν

2239 4278 2272 4347 ἡ
2319 4276 2508 4348 Γραφὴ
2551 4276 2650 4339 τὰς
2691 4276 2954 4329 Φιλίππου
3005 4277 3277 4346 τέσσαρας
3332 4273 3650 4344 θυγατέρας,
3697 4266 3775 4336 τὴν

2241 4368 2534 4440 Δεὸόρῤαν,
2561 4370 2747 4440 Μαριὰ
2756 4388 2794 4439 μ
2810 4369 2908 4440 τὴν
2932 4368 3164 4439 ἀδελφὴν
3201 4367 3433 4437 Ἀαρὼν,
3453 4367 3546 4418 καὶ
3566 4366 3655 4433 τὴν
3676 4361 3779 4412 Θεο-

571 4461 748 4530 inquit
799 4460 1142 4529 Evangelium
1177 4479 1191 4515 :
1234 4478 1252 4512 ι
1291 4459 1373 4514 Ex
1427 4460 1530 4515 hoc
1570 4459 1684 4532 (56)
1723 4469 1963 4529 tempore
2015 4461 2135 4514 bea-

2241 4461 2397 4514 τόκον
2433 4461 2663 4531 Μαριὰμ
2687 4501 2703 4525 ,
2736 4461 2995 4514 εἰποῦσαν
3017 4501 3030 4523 ,
3061 4461 3136 4523 ὡς
3176 4459 3237 4512 τὸ
3267 4459 3597 4528 Εὑαγγέλιον
3626 4450 3776 4507 εἶπενο

573 4561 682 4605 tam
720 4567 806 4606 me
840 4554 1019 4607 dicent
1053 4567 1243 4606 omnes
1269 4551 1523 4607 mulieres
1570 4553 1682 4623 (57)
1725 4562 1780 4606 et
1839 4553 2142 4622 generatio-

573 4655 672 4696 nes
716 4657 730 4694 :
781 4659 799 4692 ι
862 4643 1032 4697 libros
1061 4657 1189 4697 vero
1226 4642 1396 4697 abiis
1428 4644 1800 4710 conscriptos,
1852 4651 1907 4697 et
1958 4658 2142 4698 earum

571 4733 880 4788 nominibus
909 4734 1195 4802 inscriptos
1225 4749 1331 4788 non
1363 4734 1511 4788 novit
1553 4751 1566 4788 :
1606 4735 1733 4801 quin
1769 4734 1930 4788 etiam
1965 4735 2014 4786 id
2051 4747 2140 4786 ve-

574 4821 676 4875 tuit
711 4821 1001 4890 Apostolus
1065 4823 1118 4876 iu
1179 4822 1352 4891 prima
1398 4821 1463 4875 ad
1506 4822 1848 4876 Timotheum
1910 4822 2143 4889 Epistola

572 4912 812 4966 scribens
841 4931 855 4966 :
896 4930 915 4964 ι
954 4911 1265 4967 Mulieribus
1294 4912 1406 4985 (58)
1433 4912 1627 4968 docere
1660 4928 1762 4967 non
1799 4915 2088 4983 permitto;
2121 4931 2140 4964 ι

642 5091 756 5160 (26)
785 5092 1040 5162 Accipite.
1069 5095 1224 5150 Joan.
1259 5111 1350 5160 xx,
1381 5093 1472 5150 22.

644 5164 755 5234 (27)
795 5164 967 5226 Apud.
996 5164 1150 5222 Joan.
1188 5180 1299 5226 xlv,
1333 5165 1418 5218 l7.

645 5233 755 5296 (28)
794 5234 876 5286 An
909 5237 1133 5289 nescitis.
1169 5234 1188 5288 l
1221 5235 1343 5288 Cor.
1373 5250 1456 5297 ιιι,
1489 5234 1586 5299 16.

644 5306 756 5372 (29)
798 5303 1048 5371 Spiritus.
1087 5304 1212 5372 Sap.
1250 5320 1288 5367 ι,
1325 5305 1378 5357 7.

643 5373 758 5443 (50)
798 5375 1094 5443 ᾼιιίιὶεηιρε.
1129 5377 1247 5428 Act.
1277 5390 1394 5438 νιιι,
1427 5372 1613 5428 14-17.

645 5440 755 5511 (51)
800 5441 1184 5505 ΡγομΙιειὶδεαε.
1223 5445 1419 5498 Desum
1450 5445 1537 5498 hic
1583 5444 1689 5499 duo
1719 5450 1810 5498 aut
1845 5440 1946 5496 tria
1979 5443 2140 5497 verba

574 5513 626 5567 in
666 5513 870 5576 codice,
901 5515 1042 5579 quod
1085 5514 1273 5566 litterae
1304 5516 1640 5568 evanuerint.

645 5582 776 5652 (52A),
796 5579 922 5652 Esse
948 5584 1244 5647 prophetas.
1276 5583 1418 5652 Lege
1446 5600 1564 5649 quae
1591 5581 1934 5638 doctissimus
1966 5581 2144 5635 cardi-

575 5654 713 5706 nalis
737 5650 924 5705 Ursius
953 5653 1169 5720 scripsit
1198 5654 1261 5706 de
1295 5650 1393 5706 hac
1419 5653 1864 5708 Montanistarum
1893 5652 2138 5704 doctrina

576 5723 629 5775 in
695 5740 712 5774 ‹
755 5722 1139 5776 Dissertatione
1187 5723 1517 5791 apologetica
1569 5739 1666 5791 pro
1715 5721 1817 5782 SS.
1862 5720 2141 5790 Perpetua:

577 5791 892 5860 Felicitatis,
925 5802 1031 5849 ctc.
1069 5793 1398 5852 Ortbodoxia
1425 5811 1444 5847 ι
1479 5807 1598 5864 cap.
1630 5795 1684 5849 2.

2243 4571 2263 4606 ι
2307 4551 2438 4604 Ἀπὸ
2467 4552 2558 4605 τοῦ
2603 4551 2696 4605 νῦν
2740 4551 3099 4623 μακαριοῦσίν
3151 4569 3217 4622 με
3267 4552 3439 4603 πᾶσαι
3470 4551 3523 4602 αἱ
3563 4546 3779 4616 γυναῖκες

2239 4644 2333 4698 καὶ
2355 4643 2410 4696 αἱ
2439 4642 2642 4711 γενεαί’
2684 4663 2701 4694 ι
2749 4643 2963 4713 βίϐλους
2987 4643 3043 4695 δέ
3075 4643 3433 4710 συνταγείσας
3468 4640 3527 4704 ἐξ
3551 4637 3779 4705 ὀνόματος

2241 4734 2418 4790 αὐτῶν
2445 4734 2545 4786 οὐκ
2577 4729 2716 4786 οἶδεν
2739 4752 2750 4764 ’
2786 4734 2920 4786 ἀλλὰ
2965 4733 3058 4786 καὶ
3090 4732 3361 4786 ἐκώλυσεν
3391 4733 3420 4783 ὁ
3461 4726 3776 4784 Ἀπόστολοςι

2243 4823 2493 4893 Τιμοθέῳ
2537 4823 2596 4875 τὸ
2644 4821 2860 4894 πρῶτον
2906 4823 3156 4894 γράψαςι
3203 4840 3221 4872 ι
3264 4821 3516 4885 Γυναιξὶν
3541 4818 3776 4872 διδάσκειν

2242 4915 2342 4967 οὐκ
2387 4915 2685 4985 ἐπιτρέπω·
2729 4935 2746 4966 ι
2800 4915 2892 4967 καὶ
2934 4914 3091 4968 πάλιν
3125 4916 3181 4967 ἐν
3215 4917 3280 4984 τῇ
3321 4913 3461 4984 πρὸς
3501 4905 3779 4979 Κορινθίους

2320 5095 2430 5164 (55)
2475 5097 2624 5165 Ecce.
2660 5095 2846 5165 Matth.
2875 5111 3067 5160 χχχιιι,
3090 5096 3176 5150 54.
3605 5159 3638 5165 _
3739 5153 3750 5165 ,

2321 5159 2432 5236 (54)
2465 5164 2742 5239 Fortasse.
2795 5164 2979 5220 Graeca
3027 5159 3115 5220 hic
3159 5166 3383 5239 obscura
3434 5159 3697 5239 sunt.__Ego
3716 5159 3777 5239 sic

2251 5231 2518 5292 transtuli,
2561 5238 2715 5307 quasi
2766 5240 3022 5307 scriptum
3068 5245 3212 5307 esset
3240 5253 3253 5286 :
3280 5235 3509 5307 Μήποτε
3559 5231 3610 5282 δὲ
3653 5231 3776 5307 circa!

2251 5306 2446 5371 σοφοὺς
2488 5305 2582 5358 καὶ
2627 5308 2752 5368 τοὺς
2794 5306 3073 5376 μάρτυρας
3117 5305 3212 5358 καὶ
3251 5307 3374 5365 τοὺς
3411 5305 3779 5365 ἐπισκοπομᾱρ·

2247 5390 2433 5434 τυρας.

2474 5443 2724 5500 Mariam.
2761 5443 3116 5514 Hieronymus
3149 5459 3267 5510 pag.
3305 5443 3426 5502 117,
3460 5451 3587 5495 tom.
3621 5432 3680 5490 Π
3703 5429 3774 5486 ed.

2250 5512 2578 5583 Veronensis
2605 5520 2790 5567 eodem
2827 5512 2979 5583 plane
3002 5515 3173 5583 modo
3201 5515 3456 5582 loquitur.

2323 5582 2432 5652 (56)
2461 5582 2545 5636 Ea:
2576 5585 2689 5636 hoc.
2726 5582 2852 5637 Luc.
2886 5603 2923 5646 ι,
2955 5582 3042 5634 48.

2323 5653 2434 5721 (57)
2472 5654 2737 5712 Mulieres.
2767 5665 2835 5706 et.
2871 5653 3035 5722 liiltlia
3081 5667 3184 5706 non
3216 5651 3535 5722 habentbas
3561 5657 3725 5722 voces.

2325 5717 2812 5795 (38)_1lli¢liei-ibus.
2848 5724 2890 5795 In
2935 5720 3075 5795 Tim.
3135 5721 3342 5795 11,312.
3393 5720 3579 5776 δι’ιὲςὲ
3617 5717 3773 5772 editio.

2252 5793 2490 5866 γυναικί,
2523 5794 2573 5849 id
2604 5805 2684 5851 est
2722 5812 2741 5846 ι
2769 5793 2998 5849 mulieri.
3021 5810 3048 5843 ι

3967 869 3969 972 Ι
