4042 6404
233 322 338 376 989

1298 320 1384 375 DE
1423 321 1794 378 TRlNlTATE
1829 317 2030 378 LIBER
2073 323 2391 382 TERTIUS.
2475 343 2482 352 '

3365 325 3476 384 996

231 437 429 510 πρώτῃ
471 435 780 507 Ἐπιστολῇ·
827 455 845 486 ι
884 437 1042 489 Πᾶσα
1081 435 1217 506 γυνὴ
1259 436 1672 508 προσευχομένη
1709 438 1789 491 καὶ

1911 445 1967 491 et
1990 453 2180 492 rursus
2207 440 2271 492 in
2301 439 2472 506 prima
2501 437 2567 492 ad
2593 436 2942 494 Corinthios:
2975 457 2994 489 ι
3023 437 3208 496 Omnis
3230 437 3477 510 (39)mn-

230 527 651 598 προφητεύουσα
675 525 1109 594 ἀκατακαλύπτῳ
1133 528 1201 595 τῇ
1230 525 1463 596 κεφαλῇ,
1501 526 1801 596 καταισχύ-

228 635 311 670 νει
341 619 440 686 τὴν
472 618 710 688 κεφαλήν
731 633 744 647 ·
775 636 793 667 ι
833 616 860 668 ὅ
890 619 1056 680 ἐστιν,
1085 615 1158 685 μὴ
1183 614 1382 680 ἐξεῖναι
1405 617 1623 684 γυναικὶ
1651 617 1804 670 ἀναί-

227 709 326 779 δην
355 708 416 773 ἐξ
450 709 654 771 οἰκείας
693 707 1038 777 προστάξεως
1071 706 1286 777 βίϐλους
1330 707 1666 778 συγγράφειν
1707 709 1802 762 καὶ

226 802 256 852 ἐ
312 840 326 852 .
356 839 372 853 .
405 839 418 854 .
462 841 476 853 .
511 842 525 854 .
559 838 572 853 .
609 839 622 853 .
663 840 676 854 .
718 839 733 854 .
767 838 782 853 .
828 800 1047 853 δάσκειν
1080 801 1172 854 καὶ
1205 801 1378 870 τούτῳ
1427 802 1668 871 ὑϐρίζειν
1702 801 1799 873 τὴν

227 892 361 965 [Ξῖῡ
403 891 457 965 b]
498 893 741 963 κεφαλὴν
771 933 785 958 ,
834 893 976 946 τοῦτ’
1029 893 1175 946 ἔστιν
1217 892 1308 945 τὸν
1339 893 1561 964 -ᾶνδρα’
1622 911 1654 944 ι·
1689 896 1798 946 Κε-

222 986 372 1055 φαλὴ
403 1005 422 1036 ι
470 986 578 1055 γὰρ
612 1004 629 1035 ι
668 985 942 1053 γυναικὸς,
970 987 998 1038 ὁ
1029 986 1205 1056 ἀνήρ’
1239 984 1448 1055 κεφαλὴ
1488 984 1544 1037 δὲ
1585 985 1795 1057 ἀνδρὸς,

220 1076 484 1146 Χριστός.
522 1095 541 1128 ι
571 1076 680 1129 Καὶ
714 1078 746 1146 ἡ
780 1076 1217 1144 κατασιγάζουσα
1248 1076 1347 1140 τὰς
1372 1080 1633 1145 γυναῖκας
1650 1076 1796 1128 αἰτία

221 1167 515 1238 πρόδηλος·
543 1167 730 1237 ἐπειδὴ
749 1168 782 1238 ἡ
804 1167 862 1231 ἐξ
887 1167 1058 1238 ἀρχῆς
1079 1167 1178 1236 τῆς
1199 1167 1454 1236 γυναικὸς
1482 1166 1794 1220 διδασκαλία

218 1256 283 1306 οὐ
301 1255 488 1318 καλῶς
506 1254 567 1307 τὸ
590 1255 765 1308 κοινὸν
781 1254 974 1308 ἕϐλαϐε
999 1255 1172 1324 γένος.
1207 1274 1225 1306 ι
1263 1256 1319 1308 ’0
1349 1274 1367 1306 ι
1395 1255 1502 1326 γάρ
1531 1274 1550 1307 r
1586 1254 1742 1324 ἀνὴρ,
1769 1273 1788 1306 ι

213 1343 294 1406 ὡς
323 1344 529 1416 γράφει
562 1345 590 1397 ὁ
648 1343 998 1408 Ἀπόστολος,
1054 1362 1072 1395 ι
1125 1344 1224 1397 οὐκ
1271 1342 1564 1414 ἠπατήθη.
1605 1343 1718 1395 ἀλλ’
1761 1344 1794 1412 ή

212 1435 384 1506 γυνή.
425 1453 444 1485 ι
497 1434 660 1486 Ὥστε
706 1432 854 1504 παρὰ
899 1431 1105 1496 πάντας
1146 1431 1421 1495 Μοντανὸς
1467 1431 1588 1484 οὐδὲ
1619 1431 1791 1498 ἔγνω,

210 1525 344 1577 οὐδὲ
393 1525 552 1595 ἔσχεν
599 1525 659 1578 τὸ
697 1525 848 1594 ἆγιον
901 1523 1148 1594 Πνεῦμα,
1194 1523 1353 1577 τοῦτο
1414 1523 1650 1594 οἰηθείςο
1698 1524 1793 1577 καὶ

207 1613 438 1679 ταῦτα,
504 1615 642 1685 μετά
714 1613 813 1686 τὴν
854 1614 1122 1685 ἀνάληψιν
1185 1613 1279 1666 τοῦ
1348 1614 1634 1685 Σωτῆρος,
1698 1613 1792 1666 καὶ

205 1705 318 1776 τὴν
377 1706 717 1775 ὲπιφοίτησιν
785 1705 878 1758 τοῦ
927 1705 1078 1773 ἁγίου
1147 1704 1494 1775 Πνεῦματος,
1547 1702 1708 1757 πλέον
1755 1703 1789 1766 ἢ

1913 527 2014 582 lier
2034 544 2216 592 orans,
2245 541 2301 582 et
2327 528 2654 599 prophetans
2707 544 2810 583 non
2842 531 3019 583 velato
3045 531 3218 600 capite
3241 570 3257 595 ,
3286 535 3471 585 detur-

1908 627 1999 688 pat
2067 631 2228 689 caput
2261 639 2273 674 :
2312 638 2332 672 ι
2375 619 2518 688 quod
2555 619 2844 688 significat,
2882 634 2988 674 non
3043 621 3206 675 licere
3253 622 3470 675 mulieri

1907 723 1974 762 ex
2001 711 2216 777 propria
2236 708 2622 774 compositione
2645 709 2812 763 libros
2839 709 3066 764 lldenter
3097 712 3469 774 conscribere,

1905 811 1960 854 et
2007 802 2057 854 in
2091 801 2326 854 Ecclesia
2360 800 2475 872 (40)
2511 802 2726 865 docere,
2751 813 2912 869 atque
2955 803 3054 854 hac
3095 804 3300 857 ratione
3338 789 3472 870 inju-

1905 893 2038 946 riam
2070 893 2227 959 capiti
2261 892 2478 957 inferre,
2505 892 2554 946 id
2575 903 2680 956 est,
2708 895 2862 947 viro:
2897 913 2914 944 ι
2942 893 3114 961 Caput
3144 895 3253 962 (ll)
3276 913 3292 944 ι
3325 896 3468 949 enim

1909 1001 1928 1032 ι
1967 983 2208 1037 mulieris
2233 994 2316 1037 est
2347 985 2652 1053 virzcaput
2707 997 2886 1038 autem
2944 985 3064 1047 viri,
3129 986 3397 1042 Christus.
3441 1005 3461 1038 ι

1903 1070 2071 1137 Quam
2117 1088 2245 1126 vero
2280 1073 2350 1125 ob
2390 1089 2603 1127 causam
2641 1076 2889 1128 mulieres
2923 1085 3098 1127 tacere
3147 1075 3465 1143 iubeantur,

1904 1164 2244 1219 manifestum
2271 1176 2372 1218 est.
2408 1165 2667 1219 Nimirum
2709 1167 2954 1220 doctrina
2990 1166 3146 1221 initio
3177 1182 3204 1218 a
3242 1167 3466 1220 muliere

1899 1255 2141 1322 profecta
2167 1256 2417 1310 universo
2449 1257 2720 1310 hominum
2769 1259 2950 1325 generi
3005 1260 3186 1310 nocuit
3224 1258 3357 1327 (4'2).
3394 1255 3467 1312 Ut.

1899 1345 2041 1400 enim
2069 1347 2256 1400 scribit
2284 1347 2568 1415 Apostolus
2605 1346 2716 1418 (45)
2748 1387 2762 1412 ,
2804 1364 2906 1401 non
2938 1348 3020 1401 vir
3048 1350 3300 1416 deceptus
3327 1349 3425 1402 luit
3445 1389 3462 1414 ,

1898 1439 1992 1491 sed
2037 1437 2248 1492 mulier.
2290 1437 2473 1508 Itaque
2507 1435 2762 1506 Spiritum
2809 1448 3055 1493 sanctum
3102 1440 3320 1494 minime
3351 1455 3464 1494 om-

1903 1528 2597 1601 niummcognovisse,
2647 1541 2740 1585 aut
2789 1531 3041 1586 habuisse
3068 1530 3326 1586 dicendus
3381 1540 3464 1586 est

1901 1618 2207 1684 Montanus,
2244 1637 2365 1675 cum
2403 1622 2474 1675 ita
2508 1622 2775 1686 senserit,
2817 1636 2880 1675 ac
2938 1632 3152 1676 centum
3195 1623 3409 1690 quidem
3444 1662 3462 1690 ,

1901 1719 2064 1777 atque
2091 1725 2155 1764 eo
2182 1711 2411 1778 amplius
2437 1712 2593 1766 annis
2628 1721 2744 1781 post
2785 1713 3154 1765 ascensionem
3219 1710 3463 1767 Salvato-

211 1796 364 1867 μετὰ
389 1797 586 1849 ἑκατὸν
612 1797 706 1868 ἐτη
732 1797 1021 1867 γενόμενος
1050 1797 1248 1867 ἱερεὺς,
1281 1795 1497 1867 πρῶτον
1537 1795 1753 1848 εἰδώλου
1774 1835 1789 1859 ,

1894 1807 1992 1865 ris,
2049 1812 2102 1855 et
2159 1801 2394 1871 Spiritus
2438 1803 2608 1856 sancti
2654 1803 2963 1869 adventum,
3027 1802 3200 1857 factus
3230 1805 3458 1872 primum

206 1890 313 1941 καὶ
338 1889 483 1942 οὕτω
505 1889 602 1960 τὴν
634 1889 838 1960 τυφλὴν
867 1889 1068 1959 ταύτην
1095 1888 1532 1960 εἰσηγησάμενος
1553 1888 1786 1958 αἵρεσιν.

204 1982 474 2034 Τοσαῦτα
491 1983 626 2053 πρὸς
655 1983 752 2045 τὰς
771 1982 934 2045 ἄλλας
958 1983 1216 2053 αἱρέσεις,
1240 1981 1315 2044 ὡς
1338 1975 1449 2034 οἷόν
1477 1998 1556 2044 τε,
1583 1981 1790 2052 σωφρό⁴

207 2091 330 2136 νως
368 2072 772 2143 διαμαχόμεθα·
805 2072 949 2126 ἐστιν
990 2072 1046 2126 δέ
1075 2089 1157 2135 τις
1190 2073 1284 2125 καὶ
1313 2073 1446 2143 άλλη
1479 2072 1661 2142 γυμνὴ
1699 2088 1792 2124 κε-

205 2163 363 2234 φαλὴ
401 2166 469 2232 τῇ
505 2163 732 2235 ἀληθείᾳ
760 2163 1041 2235 μαχομένη
1063 2181 1078 2195 ·
1103 2163 1222 2216 οὐδὲ
1247 2162 1417 2234 αὐτὴν
1458 2165 1591 2234 ἡμῖν
1620 2179 1790 2216 κατα-

202 2257 468 2309 λειπτεον
501 2255 841 2324 ἀνέλεγκτον.
901 2287 906 2292 ~
933 2263 940 2270 '

827 2477 982 2531 ΚΕΦ.
1023 2476 1155 2530 MB’.

280 2571 426 2643 Περὶ
468 2570 577 2641 γάρ
629 2568 722 2622 τοῦ
766 2568 1078 2640 Μανιχαίων
1126 2567 1467 2639 ψυχοφθόρου
1523 2565 1793 2636 δόγματος

205 2665 440 2735 ἄμεινον
475 2663 574 2732 μὲν
612 2657 678 2732 ἦν
706 2663 937 2732 σιωπᾷν,
970 2661 1001 2731 ἢ
1031 2660 1256 2728 λέγοντα
1283 2658 1556 2712 δεικνύναι
1588 2657 1790 2728 πηλίκα

205 2761 289 2821 εἰς
323 2756 382 2809 τὸ
411 2756 552 2809 Θεῖον
575 2753 826 2808 ἔπταισεν
853 2752 1138 2825 ἀνθρώπου
1167 2753 1326 2822 φύσις
1351 2792 1366 2816 ,
1397 2753 1490 2805 καί
1519 2752 1598 2814 είς
1621 2749 1790 2813 ἀκοάς

205 2852 422 2919 φέρειν,
478 2845 513 2900 ἃ
552 2844 661 2898 εἴθε
705 2845 835 2917 μηδὲ
884 2847 1077 2898 ἐκεῖνοι
1122 2843 1198 2914 τῷ
1247 2843 1786 2914 ἔργῳρετήρχοντο,

209 2941 349 3012 μηδὲ
394 2941 478 3000 εἰς
517 2939 684 3008 ἡμᾶς,
713 2937 779 2990 τά
807 2937 902 3006 μὲν
944 2936 1142 3007 πείρᾳ,
1176 2934 1244 2987 τά
1271 2935 1314 2987 δ’
1346 2935 1481 3006 ἀκοῇ
1519 2933 1785 3004 ἐληλύθει.

206 3031 421 3104 Γράφει
451 3029 560 3099 γάρ
580 3044 594 3057 ο
638 3048 654 3078 ι
684 3027 767 3098 Μὴ
790 3027 1080 3100 ἀποκρίνου
1109 3025 1298 3096 ἄφρονι
1326 3026 1466 3078 κατά
1496 3024 1592 3095 τὴν
1620 3025 1789 3095 ἀφρο-

1890 1889 1995 1942 doli
2018 1887 2421 1960 saecrdosKH),
2454 1900 2562 1943 tmn
2605 1905 2758 1944 czecae
2785 1890 2945 1958 hujus
2976 1891 3241 1945 haareseos
3273 1903 3463 1946 auctor

1889 1989 1945 2034 et
1983 1981 2190 2035 doctor.
2243 1981 2318 2034 ita
2348 1983 2607 2037 adversus
2631 1981 2765 2035 alias
2813 1980 3046 2036 haereses
3104 1985 3340 2037 modeste
3396 1998 3461 2036 ac

1889 2071 2182 2138 sapienter,
2227 2083 2286 2127 ut
2315 2087 2626 2140 possumus,
2686 2088 3003 2142 pugnamus.
3038 2073 3232 2128 Verum
3286 2083 3366 2128 est
3405 2084 3459 2127 et

1889 2161 2032 2215 aliud
2079 2163 2346 2232 quoddam
2385 2164 2585 2218 nudum
2619 2173 2811 2232 caput,
2839 2163 2980 2231 quod
3010 2163 3223 2217 veritati
3263 2164 3457 2216 bellqu

1891 2263 2110 2317 movet;
2165 2269 2232 2308 ne
2269 2255 2373 2310 hoc
2407 2256 2620 2326 quidem
2676 2256 3108 2325 irreprchensum
3155 2255 3465 2325 relinquen-

1890 2345 2014 2398 dum
2048 2355 2129 2400 est
2158 2346 2292 2418 (45).

2496 2477 2646 2534 CAP:
2681 2477 2839 2532 XL".

1961 2567 2092 2622 Nam
2118 2567 2186 2625 de
2217 2568 2632 2625 Manichaeorum
2674 2572 2920 2640 dogmate
2948 2569 3155 2622 animas
3207 2581 3458 2621 corrum-

1889 2675 2049 2733 pente
2090 2674 2269 2718 tacere
2317 2664 2528 2730 quidem
2577 2662 2745 2716 satius
2793 2669 2955 2723 esset,
3008 2674 3170 2728 quam
3231 2657 3458 2710 dicendo

1889 2754 2212 2817 ostendere,
2246 2766 2502 2823 quantum
2542 2754 2594 2806 in
2635 2751 2969 2805 divinitatem
3009 2749 3293 2815 deliquerit
3354 2749 3456 2802 hu-

1890 2860 2045 2898 mana
2101 2854 2308 2906 natura,
2330 2854 2380 2896 et
2411 2843 2496 2895 illa
2522 2842 2586 2894 ad
2621 2840 2896 2894 hOmiuntn
2951 2853 3108 2891 aures
3140 2835 3300 2898 ferre,
3338 2851 3458 2904 qua:

1891 2937 2092 2989 utinam
2136 2951 2233 2988 nec
2286 2935 2370 2988 isti
2403 2948 2637 3003 unquam
2690 2931 2860 2999 reipsa
2893 2937 3316 2999 perpetrassent,
3356 2943 3454 2980 ne-

1889 3041 1992 3095 que
2024 3026 2214 3094 partim
2251 3024 2584 3091 experientia
2614 3022 2726 3094 (l6)
2747 3022 2900 3075 nobis
2934 3029 3206 3087 comperta
3241 3019 3413 3071 I'orent
3439 3057 3456 3081 ,

211 3125 378 3194 σύνην
407 3120 592 3175 αὑτοῦ.
621 3139 638 3171 ι
668 3119 854 3172 Ἰναδέ
885 3119 955 3188 μή
979 3135 1084 3183 τις,
1108 3118 1140 3188 ἢ
1164 3118 1310 3170 ἄκων
1341 3116 1417 3186 τῷ
1447 3115 1600 3186 κακῷ
1635 3133 1787 3187 περι-

1894 3118 2080 3187 partim
2123 3131 2190 3169 ex
2225 3116 2409 3168 auditu
2458 3115 2521 3167 ad
2581 3129 2675 3167 nos
2733 3113 3123 3182 pervenissent.
3182 3107 3455 3177 Scriptum

216 3216 384 3288 πέσῃ,
420 3213 454 3284 ἢ
477 3212 721 3284 ὑπολάϐῃ
748 3211 899 3264 οἰστά
923 3205 1058 3262 εἶναι
1081 3209 1149 3262 τὰ
1180 3211 1297 3262 κατ’
1324 3209 1542 3273 αὐτοὺς,
1574 3208 1783 3278 ἀνάγκη

213 3307 304 3358 τοῦ
328 3307 601 3374 δόγματος
630 3303 878 3356 τοσοῦτον
908 3301 1216 3371 ἐφάψασθαι
1242 3344 1256 3366 ,
1300 3303 1424 3355 ὅσον
1457 3301 1637 3354 ἱκανόν
1666 3303 1782 3353 ἐστι

221 3399 275 3448 τὴ
299 3397 562 3466 βλαϐερὸν
588 3395 680 3447 τοῦ
707 3395 972 3464 δόγματος
1002 3395 1265 3462 γνωρίσαι
1298 3395 1411 3456 τοῖς
1440 3392 1785 3462 ἐντυγχάνειν

226 3488 340 3560 [εει
372 3487 434 3559 τι]
507 3487 804 3556 ὀφείλουσι·
847 3485 1082 3556 δηλαδὴ,
1127 3487 1189 3537 ἐκ
1229 3485 1336 3537 τῶν
1379 3485 1786 3555 λεχθησομένων

223 3579 574 3652 στοχάζεσθαι
658 3578 727 3631 τὰ
794 3577 1162 3648 σιωπώμενα,
1217 3579 1313 3633 καὶ
1387 3577 1599 3648 μακρὰν
1661 3578 1788 3645 φεύ-

216 3691 328 3743 γειν
376 3675 539 3745 τήνδε
583 3673 682 3743 τῆς
731 3673 1027 3746 Θρησκείας
1079 3671 1374 3734 ἀπώλειαν,
1415 3673 1508 3722 καὶ
1548 3671 1610 3722 τὸ
1658 3673 1786 3724 ποτὲ

213 3764 632 3829 συναυλίζεσθαι
657 3765 916 3828 τοιούτοις
954 3763 1156 3834 ταύτην
1200 3762 1630 3833 ἐπιτηδεύουσιν.
1675 3763 1787 3815 Kal.

209 3858 315 3927 γὰρ
341 3855 441 3908 καὶ
467 3856 517 3907 οἱ
564 3856 736 3926 ἰατροὶ
766 3855 863 3926 τὴν
889 3854 992 3907 τῶν
1035 3853 1374 3925 δηλητηρίων
1413 3854 1513 3906 οὐκ
1540 3853 1785 3906 ἀναίνον-

208 3964 294 4000 ται
325 3944 555 4014 γνῶσιν,
596 3945 694 4014 οὐχ
739 3946 825 3999 ἵνα
855 3963 936 4009 τις
966 3948 1259 4018 χρήσηται,
1303 3946 1417 3998 ἀλλ’
1447 3947 1594 4009 ὅπως
1632 3946 1786 4009 εἰδὼς

208 4039 346 4090 αὐτὰ
380 4035 550 4106 φύγῃ.
577 4036 746 4089 Τοῦτο
788 4037 964 4092 τοίνυν
1006 4037 1067 4090 τὸ
1101 4038 1276 4108 δόγμα
1321 4038 1512 4109 ἐκροιά
1549 4039 1633 4102 τίς
1671 4042 1786 4092 ἐστι

209 4127 298 4180 τοῦ
332 4125 648 4193 ἐξελθόντος
693 4127 953 4200 βορϐόρου
989 4129 1098 4182 ἀπὸ
1140 4129 1414 4200 Σίμωνος,
1447 4129 1544 4183 τοῦ
1591 4133 1653 4184 ἐκ
1686 4133 1789 4186 Σα-

213 4219 452 4290 μαρείας
506 4218 717 4285 Μάγου,
774 4218 866 4270 τοῦ
936 4219 1070 4288 μηδὲ
1123 4221 1214 4272 τὸν
1266 4221 1468 4290 κόσμον
1512 4221 1602 4274 τοῦ
1651 4221 1785 4275 Θεοῦ

210 4309 347 4363 εἶναι
378 4311 610 4381 ποίημα,
651 4310 764 4362 ἀλλ’
788 4310 1053 4379 ἀγγέλων,
1096 4310 1219 4380 μηδ’
1245 4311 1542 4364 ἀνάστασιν
1567 4312 1785 4366 ἔσεσθαι

210 4401 545 4468 διδάξαντος,
585 4404 676 4455 καὶ
704 4402 991 4474 ἀδιάφορον
1014 4403 1246 4474 ὀφείλειν
1271 4400 1407 4458 εἶναι
1452 4406 1585 4478 πρὸς
1610 4406 1788 4468 πάσας

1893 3223 1972 3269 est
2002 3213 2142 3266 enim
2200 3229 2213 3264 :
2251 3229 2268 3260 ι
2311 3208 2387 3262 Ne
2424 3209 2746 3278 respondeas
2795 3205 2905 3276 (47)
2939 3205 3103 3258 stulto
3143 3201 3291 3269 juxta
3325 3201 3460 3253 stul-

1897 3307 2065 3359 titiam
2108 3306 2240 3374 ejus.
2275 3323 2292 3354 ι
2330 3301 2434 3355 Sed
2465 3317 2530 3355 ne
2558 3301 2678 3370 quis
2716 3309 2806 3352 aut
2838 3298 3149 3365 imprudens
3178 3297 3228 3347 in
3293 3295 3458 3347 liuere

1896 3396 2091 3449 malum
2120 3396 2334 3448 labatur
2355 3433 2369 3455 ,
2399 3401 2493 3446 aut
2521 3392 2819 3446 tolerabilia
2851 3405 2970 3444 esse
2999 3389 3305 3455 suspicetur
3335 3401 3453 3455 qua:

1895 3489 1966 3542 illi
2010 3491 2247 3552 docent,
2299 3501 2518 3540 necesse
2562 3494 2642 3539 cst
2675 3482 2976 3552 lmjusmodi
3017 3482 3207 3549 dogma
3244 3489 3454 3532 tantum

1895 3581 2158 3647 attingere
2209 3577 2466 3647 quantum
2523 3576 2654 3631 satis
2681 3585 2786 3638 est,
2826 3584 2881 3627 ut
2943 3574 3032 3642 qui
3099 3574 3213 3626 haec
3265 3570 3456 3625 lecturi

1894 3681 2038 3736 sunt,
2082 3669 2376 3739 intelligere
2432 3667 2680 3730 valeant,
2745 3681 2904 3735 quam
2976 3663 3336 3733 perniciosum
3389 3663 3459 3716 sit

1894 3777 2053 3833 atque
2081 3762 2391 3833 pestiferum
2425 3776 2440 3824 ;
2483 3770 2536 3814 et
2573 3774 2637 3812 ex
2682 3758 2746 3810 iis
2790 3770 2910 3824 qua:
2950 3757 3230 3819 dicemus,
3281 3754 3453 3820 conji-

1896 3871 2016 3911 cere
2072 3871 2190 3925 qua:
2242 3853 2568 3912 tacebimus,
2619 3848 2878 3918 longeque
2929 3847 2998 3902 ab
3046 3847 3147 3900 hac
3199 3845 3461 3913 supersti-

1895 3948 2053 4003 tionis
2087 3946 2386 4016 perditione
2415 3941 2670 4012 effugere,
2702 3956 2765 3994 ac
2794 3953 3066 4008 nunquam
3105 3953 3227 3991 cum
3269 3936 3458 4004 hujus-

1895 4039 2037 4094 modi
2078 4035 2384 4091 hominibus
2429 4047 2534 4087 tam
2589 4033 2728 4086 [uada
2773 4033 3018 4085 instituta
3077 4029 3457 4099 profitentibus

1893 4131 2123 4186 versari.
2156 4129 2287 4182 Nam
2321 4142 2388 4182 ne
2435 4126 2628 4181 medici
2656 4124 2873 4195 quidem
2908 4137 3236 4177 venenorum
3269 4119 3457 4188 cogni-

1895 4224 2092 4276 tionem
2141 4229 2414 4285 recusant,
2476 4233 2584 4273 non
2616 4227 2674 4272 ut
2703 4217 2802 4272 eis.
2838 4218 2961 4286 quis
3011 4224 3218 4275 utatur,
3256 4213 3350 4266 sed
3400 4221 3459 4263 ut

1895 4315 1983 4368 illa
2000 4314 2426 4368 noscenseadem
2457 4311 2652 4381 fugiat.
2681 4309 2790 4364 Hoc
2810 4324 2941 4378 ergo
2965 4307 3158 4375 dogma
3185 4303 3458 4358 einanatio

1894 4411 2136 4478 quaedam
2197 4416 2281 4462 est
2332 4405 2475 4460 illius
2509 4405 2625 4468 luti,
2665 4404 2805 4473 quod
2846 4417 2876 4456 e
2925 4401 3144 4454 Simone
3173 4397 3325 4466 Mago
3356 4394 3458 4449 Sa-

210 4497 306 4558 τάς
331 4496 600 4562 γυναῖκας
621 4493 720 4563 τὴν
747 4494 888 4563 μίξιν
913 4494 1370 4565 εἰσηγησαμένου,
1400 4496 1492 4548 καὶ
1520 4499 1598 4560 εἰς
1624 4497 1783 4554 τοῦτο

1894 4502 2156 4555 maritano
2181 4499 2480 4552 derivatum
2522 4505 2636 4560 est,
2673 4495 2764 4564 qui
2813 4493 3067 4546 mundum
3101 4506 3204 4543 non
3238 4505 3264 4539 a
3299 4487 3406 4540 Deo
3439 4526 3454 4548 ,

214 4587 412 4657 μανίας
457 4583 766 4648 ἐλάσαντος,
804 4585 944 4638 ὥστε
991 4586 1051 4637 τὸ
1088 4585 1181 4638 τοῦ
1221 4588 1457 4656 Χριστοῦ
1498 4588 1652 4658 ἡμῶν
1691 4589 1785 4641 καὶ

216 4679 455 4748 μεγάλου
489 4676 622 4730 Θεοῦ
657 4677 825 4747 ὄνομα
862 4677 1120 4730 ὑποδῦναι
1149 4695 1161 4708 ·
1207 4677 1292 4730 διὰ
1323 4678 1498 4731 ταῦτά
1531 4697 1588 4732 τε
1615 4699 1786 4750 τιμω-

215 4773 334 4840 ρίαν
361 4769 600 4831 αἱωνίως
632 4768 1062 4833 ἀποτιννύοντος,
1094 4770 1187 4823 καὶ
1218 4772 1297 4832 εἰς
1325 4771 1413 4823 τὸν
1452 4771 1786 4844 πολυθρύλη-

209 4877 299 4913 τον
321 4861 419 4914 καὶ
443 4859 656 4930 ζοφώδη
679 4861 948 4930 τάρταρον
969 4860 1189 4922 ἐνδίκως
1216 4860 1647 4929 κατενεχθέντος.
1677 4863 1785 4915 Καὶ

215 4953 399 5019 μέντοι
439 4953 533 5005 καὶ
570 4953 851 5024 προσθήκη
890 4953 964 5023 τῷ
999 4953 1228 5023 δόγματι
1255 4952 1479 5021 γέγονέν
1509 4971 1636 5005 ποτε
1676 4956 1786 5010 Με-

282 5131 395 5192 (5‘3)
439 5129 643 5181 Omnis.
682 5129 696 5181 I
733 5129 857 5182 Cor.
891 5145 967 5192 XI,
1005 5129 1056 5182 5.

283 5201 394 5270 (40)
440 5198 507 5249 In
570 5197 823 5270 Ecclesia.
875 5197 1382 5270 rVacuuutucodicis
1442 5197 1781 5252 intervallum

215 5266 407 5337 impleo
446 5271 648 5339 legens,
679 5270 736 5339 ἐν
771 5269 1034 5339 ἐκκλησίᾳ
1068 5266 1358 5339 διδάσκειν.
1449 5324 1452 5328 ,

289 5336 401 5400 (Μ)
446 5336 633 5401 Caput.
671 5338 741 5390 Ex
767 5341 781 5390 Ι
807 5336 936 5391 Cor.
965 5336 1039 5399 xi,
1070 5337 1124 5390 5.

288 5411 397 5472 ($2)
445 5406 662 5477 Nocuil.
705 5407 806 5477 Pro
837 5407 994 5460 ἔλαϐε
1027 5409 1142 5477 lego
1167 5405 1397 5477 75610.63.

287 5480 397 5547 (45)
440 5476 739 5547 Apostolus.
776 5476 793 5527 I
853 5477 992 5530 Tim.
1024 5476 1094 5536 ιι,
1122 5476 1206 5529 Μ.

285 5545 397 5616 (44)
441 5545 719 5616 Sacerdos.
758 5547 1062 5600 Montanum
1092 5547 1345 5615 Didymus
1374 5546 1497 5599 idoli
1530 5547 1786 5600 sacerdo-

218 5615 322 5669 tem
361 5626 542 5675 vocat,
581 5615 935 5685 Hieronymus
962 5633 1087 5670 vero
1115 5618 1164 5669 in
1193 5619 1349 5683 epist.
1383 5633 1493 5677 xu,
1530 5618 1597 5668 ad
1640 5616 1787 5668 Mur-

221 5685 401 5740 celiam
460 5703 478 5735 ι
506 5686 800 5738 abscissum
864 5697 914 5738 et
972 5687 1304 5742 semivirum.
1337 5707 1354 5738 ι
1401 5686 1622 5740 Videtur
1658 5700 1786 5753 ergo

227 5758 386 5832 luisse
415 5754 666 5812 sacerdos
711 5755 958 5829 Cybeles,
1009 5773 1127 5827 quae
1170 5757 1224 5811 in
1270 5755 1498 5830 Phrygia
1546 5756 1779 5809 maxime

1889 4592 1981 4644 sed
2017 4589 2080 4641 ab
2097 4589 2300 4659 angelis
2322 4587 2518 4641 laetum
2551 4600 2670 4639 esse
2698 4583 2899 4645 docuit,
2930 4579 3448 4634 etresurrectionem

1882 4680 2118 4734 futuram
2162 4695 2285 4733 esse
2331 4677 2575 4744 negavit,
2615 4685 2671 4728 et
2709 4675 3070 4742 promiscuam
3121 4683 3242 4720 cum
3285 4663 3458 4718 omni-

1883 4774 1982 4827 bus
2033 4773 2344 4825 mulieribus
2378 4770 2682 4823 uiistionem
2715 4780 2833 4818 esse
2876 4763 3072 4816 debere
3104 4757 3413 4828 prmdicavit
3437 4795 3452 4819 ,

1881 4874 2040 4932 atque
2066 4875 2129 4914 eo
2155 4859 2350 4913 furoris
2386 4858 2564 4920 venit,
2599 4864 2657 4908 ut
2696 4853 2896 4907 Christi
2929 4847 3138 4914 nostri,
3178 4857 3229 4900 et
3277 4843 3458 4912 magni

1882 4953 1976 5008 Dei
2011 4968 2201 5006 nomen
2235 4949 2575 5018 usurpaverit
2603 4963 2619 5011 ;
2664 4953 2880 5014 propter
2921 4956 3039 5011 quae
3073 4939 3458 5008 sempiternum

1894 5127 2186 5186 colebatur.
2218 5135 2270 5179 et
2299 5124 2562 5191 spadones
2592 5120 2820 5175 habebat
2850 5119 3178 5191 sacerdotes.

1966 5197 2077 5264 (45)
2123 5184 2539 5260 Relinquendum
2567 5201 2660 5244 est.
2693 5191 2895 5252 Codex,
2928 5184 3320 5257 καταληπτέον.
3354 5185 3460 5239 Le—

1894 5264 2416 5340 go_§cgttat_‘1_tst1:téo‘.i._
2524 5331 2618 5340 M.
2716 5331 2794 5340 ’ν
3098 5323 3141 5340 ﬂ
3257 5325 3290 5340 μ’

1965 5337 2074 5405 (46)
2119 5333 2470 5405 Experiemiq.
2524 5331 2729 5405 Didymi
2783 5339 3022 5405 tempore
3078 5324 3458 5405 Αἴθρη-(1111(

1889 5394 1989 5459 fuit
2022 5394 2372 5458 Sebastianus
2399 5394 2743 5460 Manichacus,
2771 5401 2852 5452 cui
2884 5394 3095 5464 scripta:
3127 5405 3250 5464 sunt
3278 5394 3459 5463 plures

1886 5475 2096 5528 Libanii
2122 5473 2380 5540 t’pilela‘.
2415 5469 2608 5524 Multos
2639 5463 3117 5540 viet'oAlexanrlri‘a-
3136 5463 3457 5540 blatti‘clmtos.

1888 5557 2012 5598 tunc
2064 5533 2228 5596 fuisse
2279 5542 2469 5608 colligo
2516 5556 2579 5592 ex
2637 5537 2945 5606 Hieronymi
2993 5536 3218 5608 epistola
3264 5533 3334 5587 82
3384 5533 3454 5586 ad

1890 5614 2251 5679 Theophilum,
2277 5621 2328 5662 et
2355 5604 2430 5661 ρκ’
2446 5626 2562 5675 cap.
2603 5608 2669 5679 54
2703 5604 2952 5660 Historia:
2987 5604 3289 5679 _Lattsiaca'.

1957 5675 2068 5754 (47)
2110 5681 2192 5736 Ne
2237 5681 2563 5750 respondeas.
2603 5678 2758 5736 Prov.
2797 5693 2943 5744 XXVI,
2973 5675 3025 5729 4.
