4042 6404
319 385 345 439 ἴ
355 383 460 438 009

1265 385 1598 442 EPISTOLA
1636 388 1726 442 AD
1765 386 2171 445 ARCHINTUM
2211 386 2624 446 PRzESULEM.

3423 397 3577 455 ltili),-

325 526 348 562 ι
377 508 635 580 Creatura
661 508 802 580 ⁸ιιιιὶι)
849 517 1036 562 creato
1087 509 1423 580 sanctiﬁcata
1464 511 1684 579 ungitur
1712 511 1764 564 in
1803 512 1897 566 ha-
1927 519 1972 575 Α
2000 531 2104 569 non
2139 512 2490 580 subjunxerit,
2523 512 2575 564 id
2603 519 2704 574 est,
2748 524 2859 564 rem
2894 510 2968 563 ita
3002 525 3122 564 esse
3153 512 3276 580 quia
3327 512 3559 580 Spiritus

323 580 544 646 ptismo.
585 576 851 642 Salvator,
885 589 1067 644 urpote
1103 577 1267 641 Deus,
1306 591 1500 634 unctus
1530 576 1612 633 est
1645 595 1763 643 sno,
1795 598 1894 634 nn-

326 651 612 717 dequaqne
643 657 828 701 sauctu
858 659 911 700 et
964 649 1229 718 iitereato,
1280 651 1492 718 tttiipsc
1523 659 1624 710 est,
1665 649 1893 718 Spiritu,

325 734 438 790 prae
460 718 1025 790 ευιιευιδιίιιιιεειιοιιιε-
1051 717 1476 790 scilicet._&,62
1517 737 1533 769 ι
1567 717 1629 790 Et
1657 717 1892 790 denmm,

329 788 423 840 lib.
443 803 537 858 _ttt,
573 802 689 858 cap.
723 787 919 850 lleb;
955 786 1124 858 Λογος
1152 786 1242 858 τοῦ
1271 786 1405 858 Bis—oti
1433 786 1473 840 6
1505 787 1730 858 μηδενὸς
1765 789 1896 858 μηδὲ

325 855 504 930 αὐτῶν
536 856 644 930 τῶν
679 856 1154 930 καεαφρρνούνῖων
1177 856 1339 930 αὑτοῦ
1369 855 1802 930 καταφρονῶ)ζὸ

323 926 495 996 ψυχῇ,
514 929 592 996 εἰς
619 927 685 995 ἢν
709 926 796 979 διὰ
821 927 912 980 τοῦ
945 928 1260 995 φυσήματος
1279 927 1344 980 rb’
1364 927 1517 996 ἅγιον
1549 926 1713 980 αὑτοῦ
1732 926 1900 980 Πνεῦἒ

331 994 762 1067 μα’)ιατῴκισενῖ
789 997 878 1048 τὸν
902 997 1062 1067 λόγον
1095 994 1199 1067 {cf-3v
1222 994 1436 1067 πάντων
1478 998 1539 1049 τὸ
1575 996 1899 1067 τιμιώτατον

328 1064 722 1135 κατασπείρας.
747 1065 800 1117 ld
833 1078 950 1120 est:
978 1084 997 1117 ι
1032 1065 1201 1120 Filius
1235 1066 1463 1122 Verbum
1493 1067 1606 1131 Dei,
1631 1064 1901 1132 quiuemi-

330 1153 476 1194 nem,
510 1151 574 1188 ne
607 1151 668 1188 ex
705 1136 771 1187 iis
800 1137 1016 1205 quidem
1047 1137 1134 1204 qui
1179 1150 1300 1189 eum
1352 1147 1723 1199 contenmunt,
1763 1152 1896 1191 coa-

334 1207 556 1276 lemnit;
588 1205 676 1272 qui
704 1208 914 1276 aniune,
964 1205 1017 1258 in
1049 1221 1153 1272 qua
1185 1222 1283 1276 per
1315 1208 1724 1276 inspirationein
1770 1223 1898 1259 san-

326 1285 475 1327 cutui
506 1275 620 1339 ejus
651 1275 908 1343 Spiritum
939 1275 1179 1330 habitare
1198 1275 1346 1339 fecit,
1372 1275 1632 1329 rationem
1674 1276 1902 1331 inseruit

329 1359 441 1412 prae
472 1345 724 1397 omnibus
755 1346 914 1398 rebus
957 1346 1174 1398 maximi
1207 1346 1525 1400 faciendam.
1559 1363 1577 1396 ι

405 1412 534 1466 Item
569 1413 1128 1484 faleborﬁ'l‘bcologum
1183 1427 1422 1468 nostrum
1448 1416 1518 1468 ita
1545 1415 1773 1470 obscure
1801 1415 1896 1470 lib.

327 1497 391 1544 ll,
420 1497 538 1550 cap.
577 1484 633 1545 2,
667 1486 733 1536 de
767 1483 967 1552 Spiritu
989 1483 1176 1538 sancto
1213 1485 1374 1538 fuisse
1407 1485 1669 1547 locutum,
1701 1497 1757 1538 ut
1797 1486 1896 1539 nisi

327 1552 454 1619 quis
483 1554 659 1620 potius
708 1553 963 1608 Auctoris
995 1556 1156 1608 menti
1220 1571 1380 1622 quam
1426 1555 1602 1608 verbis
1636 1555 1895 1619 attendat,

328 1622 484 1674 illum
509 1623 663 1675 facile
687 1624 870 1676 credat
899 1639 926 1674 τι
963 1623 1066 1677 (ide
1102 1626 1392 1679 recessisse
1425 1623 1714 1688 catholica,
1753 1640 1900 1678 eum-

326 1706 437 1760 que
496 1693 732 1763 opiuioni
781 1691 975 1747 favisse
1023 1709 1182 1762 quam
1242 1705 1423 1763 postea
1485 1694 1707 1748 Photius
1757 1694 1900 1748 velut

328 1762 797 1833 dogmastabilire
830 1779 1111 1830 aggressus
1153 1762 1254 1818 est.
1297 1765 1619 1833 Sequentem
1665 1764 1893 1830 titulum,

1998 596 2215 639 sanctus
2241 585 2404 639 etiam
2437 599 2463 634 a
2493 581 2630 655 Filio
2655 581 2918 655 procedit,
2943 581 3066 633 illml
3100 583 3312 655 quidem
3342 596 3560 655 propter

1996 656 2174 721 operis
2201 668 2420 722 scepum
2447 651 2648 722 omisit,
2688 652 2780 704 sed
2821 652 3348 722 nunquamncgavit.

2070 721 2320 779 Nostrum
2353 732 2529 774 autem
2560 721 2844 791 Auctorem
2885 721 2953 772 ob
3003 721 3262 791 rationem
3310 722 3558 791 superius

1999 794 2213 848 allatam
2276 792 2344 846 de
2408 792 2574 843 sancti
2636 789 2892 859 Spiritus
2929 803 2956 839 a
3025 789 3156 842 Filio
3218 789 3561 859 processione

2000 861 2268 918 constabit
2317 859 2549 919 siluisse,
2613 860 2656 911 si
2717 858 3022 911 attendatur
3082 858 3395 913 enm’uuice
3451 864 3553 916 sibi

1999 947 2219 1002 scepum
2248 930 2588 1002 proposuisse
2617 928 2690 996 (in
2726 929 2824 980 hoc
2857 928 3062 993 integro
3089 929 3124 980 2
3148 931 3320 1002 capite
3352 931 3468 1002 libri
3494 933 3552 1001 ιι)

2000 999 2393 1064 demonstrare,
2430 999 2688 1064 Spiritum
2734 1006 2972 1050 sanctum
3013 1005 3213 1050 teterno
3249 999 3389 1051 Patri
3427 999 3555 1055 con;-

1999 1069 2406 1127 suhstantialem
2453 1083 2588 1121 esse.
2629 1065 2783 1139 [inde
2829 1067 2887 1139 ﬁt
2923 1077 2978 1118 ut
3013 1083 3224 1139 semper
3253 1069 3359 1130 ille,
3412 1079 3557 1139 post-

1999 1157 2156 1208 quam
2191 1149 2268 1193 tot
2295 1149 2349 1192 et
2375 1146 2518 1190 tanta
2566 1137 2740 1189 attulit
2771 1137 3094 1208 testimonia,
3136 1137 3555 1208 in_quihus'Spi~

1999 1203 2134 1264 ritus
2196 1217 2414 1262 sanctus
2473 1217 2688 1260 Vocaltlt‘
2718 1221 2859 1258 nunc
2899 1203 3132 1270 Spiritus
3180 1203 3373 1264 Patris.
3412 1203 3554 1264 nunc

2000 1281 2231 1346 Spiritus
2284 1277 2397 1341 Dei,
2444 1291 2583 1329 nunc
2630 1276 2861 1346 Spiritus
2916 1273 3060 1346 Filii,
3121 1292 3260 1329 nunc
3325 1275 3557 1346 Spiritus

1997 1343 2220 1413 Christi,
2250 1349 2327 1400 sic
2363 1347 2644 1400 concludat
2677 1362 2690 1398 :
2729 1344 2867 1412 Ergo
2897 1343 3128 1411 Spiritus
3172 1343 3393 1400 sanctus
3422 1363 3519 1400 con
3540 1378 3551 1386 -

2001 1415 2371 1473 substantialis
2411 1425 2491 1468 est
2529 1415 2713 1480 Patri;
2755 1425 2840 1466 aut
2865 1415 3097 1484 aliter:
3148 1415 3284 1484 Ergo
3324 1416 3556 1484 Spiritus

1999 1499 2217 1541 sanctus
2246 1485 2714 1539 consubstantialis
2745 1495 2826 1538 est
2862 1483 3012 1537 Filio.
3055 1483 3251 1551 Ecquis
3284 1483 3443 1549 nunc,
3479 1489 3561 1540 sic

1999 1557 2186 1626 positis
2208 1558 2389 1626 rebus,
2427 1554 2569 1626 ill_um
2594 1564 2790 1626 arguet
2820 1570 2920 1607 non
2952 1555 3557 1626 sequenticonchisisse

1999 1623 2159 1681 modo
2212 1644 2225 1680 :
2278 1624 2415 1692 Ergo
2465 1624 2695 1690 Spiritus
2741 1633 2956 1678 sanctus
3020 1623 3259 1690 procedit
3305 1640 3333 1676 a
3387 1623 3557 1678 Filio?

1999 1697 2282 1760 Praeterea,
2321 1694 2520 1747 nullum
2577 1703 2722 1747 certe
2753 1692 2888 1746 bona
2931 1692 3031 1744 (ide
3080 1694 3344 1747 hominem
3401 1710 3555 1762 repc.

1999 1767 2109 1820 rias
2161 1767 2250 1835 qui
2319 1766 2418 1835 ista
2463 1763 2624 1816 verba
2689 1773 2867 1830 neget,
2913 1763 2980 1835 sic
3024 1762 3283 1835 “ro-Sevi);
3323 1765 3554 1834 Πατρός,

326 1837 426 1883 Seu
451 1832 629 1898 potius
660 1845 1031 1918 argumentum
1064 1848 1292 1918 sequens
1330 1832 1594 1918 injro-nte
1630 1835 1772 1918 gfrit
1811 1833 1893 1914 di:
1927 1863 1968 1918 Β
2004 1854 2023 1887 ι
2066 1852 2128 1890 ex
2180 1832 2298 1916 'uuo
2354 1834 2529 1918 Patre,
2575 1851 2595 1884 ο
2649 1843 2704 1885 ει
2750 1835 2848 1886 alia
2910 1834 3038 1894 Ιιίυο,
3106 1833 3186 1895 εἰς
3239 1849 3332 1913 ἷξον
3395 1832 3556 1918 ευξτδν

327 1910 479 1974 etum
525 1911 716 1974 caput:
753 1903 885 1974 Περὶ
924 1901 1038 1974 τοῦ,
1085 1905 1146 1956 τὸ
1189 1905 1340 1974 ἅγιον
1380 1903 1599 1974 Πνεῦμα
1633 1901 1770 1956 εἶναι
1798 1903 1890 1957 τοῦ

326 1968 488 2043 Θεοῦ,
527 1972 619 2023 καὶ
651 1971 778 2042 περὶ
803 1968 1082 2043 αἱρετικῆς
1109 1968 1449 2038 ἁντιθεσέως.
1484 1968 1539 2026 1d
1568 1985 1652 2028 est
1680 1992 1694 2028 :
1725 1993 1742 2024 ι
1779 1975 1894 2042 Spi-

329 2039 499 2112 ritum
528 2039 770 2112 sanetum
814 2039 933 2096 esse
956 2059 992 2112 a
1019 2039 1145 2107 Deo,
1177 2056 1230 2097 et
1255 2046 1321 2096 de
1343 2048 1499 2098 rebus
1539 2060 1660 2112 qua:
1691 2045 1757 2097 ab
1781 2039 1891 2097 hie-

328 2109 522 2183 retieis
541 2111 888 2179 objiciuntur.
935 2133 953 2166 ι
985 2111 1174 2178 Porro,
1217 2115 1269 2166 in
1301 2115 1476 2183 capite
1523 2109 1625 2168 isto
1662 2115 1825 2166 multa
1861 2129 1892 2168 e

331 2177 621 2250 Scriptura
664 2197 816 2235 saera
865 2177 1167 2250 desumpta
1206 2177 1507 2236 testiuioaia
1569 2184 1786 2250 promit,
1838 2183 1891 2236 in

327 2249 554 2322 quibusA
577 2261 804 2322 vocatur
846 2249 1328 2322 Spirittisisanctus
1364 2271 1381 2303 ι
1428 2249 1660 2322 Spiritus
1705 2254 1815 2322 Dei,
1868 2273 1887 2306 ι

325 2328 425 2370 aut
464 2336 483 2369 ι
528 2319 760 2387 Spiritus
791 2319 979 2376 Patris.
1024 2341 1042 2373 ι
1080 2321 1280 2376 Deinde
1330 2324 1428 2375 tria
1472 2319 1587 2374 alia
1641 2321 1794 2376 affert
1840 2323 1892 2376 in

325 2389 527 2451 quibus
554 2392 859 2444 nominatur
883 2392 963 2444 vel
983 2411 1000 2443 ι
1028 2391 1259 2457 Spiritus
1275 2393 1494 2450 Christi,
1519 2410 1536 2441 ι
1561 2400 1619 2444 ιιι
1640 2391 1692 2445 in
1725 2392 1890 2457 Epist.

328 2457 493 2532 Boni.
538 2474 682 2532 cap:
707 2476 824 2524 vni,
859 2461 994 2529 v.9;
1025 2463 1107 2515 vel
1160 2481 1177 2513 ι
1211 2463 1442 2532 Spiritus
1483 2461 1626 2522 Filii,
1670 2480 1688 2512 ι
1738 2472 1796 2532 ut
1842 2462 1896 2516 in

327 2529 598 2600 Epist.ad
645 2528 762 2585 Gal.
808 2546 925 2600 cap.
960 2528 1032 2594 tv,
1079 2547 1130 2584 v.
1183 2528 1373 2597 6;'vel
1425 2551 1443 2584 ι
1486 2532 1717 2597 Spiritus
1769 2530 1894 2585 Jesu

327 2587 560 2670 Christi,
597 2618 616 2670 ι
648 2611 705 2653 ιιι
740 2601 790 2653 in
818 2587 986 2669 Epist.
1017 2587 1080 2654 ad
1107 2587 1332 2670 Philipp.
1362 2617 1480 2670 cap.
1514 2587 1552 2661 ι’,
1586 2616 1636 2653 ν.
1666 2601 1897 2654 l9.Post

328 2669 470 2742 haec:
505 2668 796 2742 subiungit,
831 2668 925 2742 per
962 2671 1114 2726 istius
1157 2668 1298 2725 modi
1328 2668 1506 2734 voces,
1546 2671 1766 2742 Πνεῦμα
1801 2670 1895 2724 τοῦ

325 2737 490 2800 Υἱοῦ,
520 2758 538 2789 ι
576 2737 806 2804 Spiritus
834 2737 983 2806 Filii,
1028 2760 1046 2791 ι
1076 2742 1431 2796 demonstrari
1466 2737 1725 2809 Spiritum
1776 2757 1897 2794 san-

327 2817 480 2862 ctum
507 2809 637 2880 Filio
673 2810 1182 2880 consubstantialem
1208 2825 1347 2876 esse,
1390 2821 1754 2880 prietereaqne
1786 2820 1895 2863 tum

327 2879 648 2949 secundam,
673 2887 786 2932 tum
802 2881 1011 2934 tertiam
1029 2879 1321 2934 Personam
1345 2879 1540 2935 ducere
1561 2882 1816 2949 originem
1833 2882 1898 2934 ἐκ

324 2946 425 3035 εξοῦ
458 2947 575 3028 ἐνὸς
602 2948 840 3035 ΠαῖρόΙςἱ
867 2951 918 3004 id
940 2958 1044 3013 est,
1071 2968 1089 3000 ι
1115 2953 1182 3004 ab
1210 2946 1849 3035 imqueoileuique'lfatre.
1872 2969 1892 3002 ι

327 3017 451 3071 Non
506 3019 664 3086 igitur
703 3017 950 3085 Spiritus.
983 3032 1202 3074 sanctus
1234 3020 1354 3074 Filii
1395 3020 1628 3087 Spiritus
1678 3022 1896 3083 dicitur,

327 3088 460 3160 quia
492 3097 544 3160 e_t
570 3089 792 3160 abipso
821 3091 1094 3158 procedat,
1115 3099 1170 3143 ut
1203 3090 1394 3159 aliquis
1425 3090 1648 3144 forsitan
1682 3090 1900 3160 objiciet

327 3159 476 3228 inter
505 3157 676 3211 Photii
698 3157 1023 3228 discipulos,
1049 3163 1141 3214 sed
1180 3157 1306 3228 quia
1329 3161 1487 3214 ambo
1510 3157 1803 3226 procedant
1831 3161 1895 3213 ὲκ

327 3226 585 3298 τοῦίένὸς
626 3226 863 3298 Πατρός(
885 3230 936 3282 id
963 3237 1063 3292 est,
1104 3248 1123 3279 ι
1166 3226 1323 3285 unico
1353 3231 1528 3294 Patre,
1560 3248 1578 3280 ι
1619 3240 1670 3284 et
1697 3233 1776 3294 εἰς
1803 3232 1894 3286 τὸν

327 3297 496 3351 αὐτὸν
533 3299 626 3350 ἕνα
641 3297 944 3366 ἀνάγονται,
982 3300 1030 3352 id
1071 3309 1172 3361 est,
1205 3316 1224 3349 ι
1267 3301 1330 3354 ad
1357 3315 1515 3353 unum
1544 3301 1789 3354 eumdem
1812 3318 1895 3358 re-

333 3370 621 3422 ducuntur.
646 3369 796 3433 »ρυο
825 3381 1000 3422 autem
1027 3369 1222 3422 clarius
1244 3371 1468 3423 nitescat
1502 3384 1611 3432 res,
1633 3371 1718 3424 hic
1751 3374 1892 3438 ipsa-

332 3451 442 3490 niet
480 3439 659 3508 nostri
685 3441 844 3491 verba
885 3437 1138 3508 Theologi
1184 3440 1602 3506 transcripturus
1624 3437 1895 3497 sum.Ka.l.

329 3509 391 3559 τὸ
422 3507 730 3580 γεγράφθαι
762 3508 973 3580 δέηζω
997 3519 1079 3562 est
1101 3507 1121 3563 7:
1175 3509 1380 3580 (_Quod
1415 3519 1590 3580 autem
1636 3513 1893 3579 scriptum

335 3576 443 3642 est,
477 3576 649 3647 ipsum
703 3594 823 3632 esse
880 3579 1137 3645 Spiritum
1180 3576 1327 3642 Filii,
1367 3579 1602 3632 ostendit
1646 3576 1894 3636 similiter

329 3649 764 3718 Communionem
797 3659 1018 3711 natura},
1050 3650 1180 3702 adeo
1210 3657 1270 3701 ut
1298 3648 1474 3717 putari
1503 3659 1734 3715 nequeat
1768 3651 1892 3718 Spi-

329 3719 496 3788 ritum
523 3733 643 3771 esse
678 3717 817 3771 illius
840 3727 1139 3772 creaturam
1165 3736 1178 3771 :
1214 3719 1479 3788 quomodo
1505 3731 1645 3770 enim
1679 3717 1894 3788 proprio

326 3785 500 3851 Patri,
529 3787 880 3858 quasigillum
930 3799 1083 3841 antea
1144 3785 1246 3840 non
1300 3787 1614 3858 habentiex
1665 3785 1722 3842 se
1757 3785 1891 3858 ipso,

324 3858 664 3910 condidisset
699 3856 864 3911 Filius
909 3858 1076 3921 illum,
1105 3860 1191 3925 qui
1219 3867 1377 3911 etest
1403 3867 1458 3909 et
1501 3857 1674 3910 dictus
1710 3856 1809 3912 fuit
1843 3862 1894 3914 in

325 3928 627 3996 Scripttiris
659 3927 887 3995 Spiritus
923 3926 1048 3979 Dei?
1080 3928 1132 3979 Id
1177 3929 1390 3996 quidem
1429 3941 1529 3979 non
1573 3928 1728 3982 modo
1753 3930 1892 3984 blas-

325 3994 587 4062 phemum
618 3994 720 4060 est,
781 4000 870 4050 sed
901 3999 1060 4050 etiam
1087 3998 1325 4050 stultum.
1363 3994 1693 4066 lnlelligatur
1714 4012 1892 4053 autem

325 4066 561 4131 Spiritus
585 4067 796 4131 Christi,
838 4069 990 4120 idest
1024 4069 1192 4120 virtus
1214 4066 1439 4138 Christi,
1480 4083 1543 4120 eo
1581 4070 1736 4121 modo
1785 4087 1895 4138 quo

325 4137 534 4189 dictum
576 4147 659 4191 est
713 4138 980 4192 Christum
1014 4153 1131 4191 esse
1160 4138 1250 4190 Dei
1283 4137 1538 4190 virtutem
1571 4144 1624 4189 et
1669 4139 1759 4192 Dei
1802 4137 1896 4194 sa-

328 4207 592 4276 pientiam
624 4225 635 4258 :
668 4209 917 4276 quoniam
951 4208 1094 4259 enim
1125 4222 1189 4260 ex
1223 4223 1327 4260 uno
1359 4206 1515 4260 Patre
1544 4215 1759 4272 natura,
1789 4225 1890 4263 non

330 4293 460 4326 vero
502 4280 761 4329 creatrii-e
809 4277 1045 4345 energia,
1087 4287 1468 4348 processerunt
1496 4279 1576 4330 ha:
1605 4277 1775 4333 beata:
1808 4280 1897 4348 hy-

323 4356 593 4416 postases.
626 4351 677 4400 in
701 4348 944 4400 eunnlem
981 4363 1142 4399 unum
1177 4347 1502 4400 referuntur.
1543 4365 1561 4395 ι

404 4421 532 4479 Sed,
561 4417 612 4470 ni
649 4434 744 4485 ego
776 4416 947 4482 fallor,
969 4417 1166 4470 nullam
1213 4418 1391 4470 omnia
1426 4418 1523 4470 ista
1544 4416 1651 4468 vim
1675 4416 1894 4474 habent.

328 4487 542 4540 Etenim
571 4489 763 4554 primo,
789 4488 908 4539 aliis
937 4491 991 4540 in
1021 4487 1153 4539 locis
1179 4501 1207 4538 a
1238 4501 1322 4540 me
1351 4486 1551 4547 citatis,
1582 4500 1716 4553 quos
1739 4501 1769 4540 e
1794 4505 1885 4541 no-

321 4568 446 4608 stro
474 4558 872 4623 desumpserani
898 4555 1191 4625 Theologo,
1224 4556 1457 4624 Spiritus
1489 4567 1708 4610 sanctus
1743 4573 1886 4612 nunc

324 4627 526 4688 Patris,
557 4641 695 4679 nunc
729 4626 848 4681 Filii
869 4627 1099 4693 Spiritus
1129 4629 1327 4693 passim
1353 4636 1709 4694 mmeupatur,
1744 4629 1882 4694 quod

324 4698 470 4748 idem
535 4705 688 4748 sonat
745 4713 807 4750 ac
868 4699 911 4749 si
968 4697 1237 4748 diceretur
1277 4696 1536 4763 Spiritum
1573 4707 1815 4748 sanctum
1852 4714 1882 4750 a

323 4766 490 4818 Patre
521 4765 758 4834 Filioque
792 4766 949 4820 simul
987 4767 1304 4832 procedere;
1343 4766 1598 4824 secmnlo,
1634 4782 1736 4817 non
1766 4767 1883 4821 ideo

323 4836 430 4888 dici
467 4845 643 4903 potest
667 4837 923 4903 Spiritum
951 4847 1193 4888 sanctum
1217 4834 1333 4888 Filii
1366 4850 1487 4888 esse
1507 4834 1788 4901 Spiritum,
1816 4836 1885 4890 ob

322 4922 446 4958 eam
485 4906 819 4960 solummodo
860 4907 1142 4965 rationem,
1174 4906 1298 4972 quia
1342 4903 1505 4958 Filius
1543 4915 1594 4955 et
1651 4905 1884 4969 Spiritus

323 4985 549 5029 sanctus
591 4977 1068 5030 consubstantiales
1115 4975 1252 5039 sint;
1288 4991 1432 5037 nam,
1466 4976 1508 5025 si
1537 4973 1658 5026 illud
1691 4975 1883 5028 admit-

325 5055 556 5106 teretur,
598 5047 799 5114 pariter
831 5047 932 5098 dici
963 5046 1363 5112 possetPatrem
1405 5055 1457 5097 et
1485 5042 1675 5114 Filium
1703 5063 1729 5094 a
1764 5043 1885 5112 Spi-

325 5115 432 5167 ritu
466 5113 650 5169 sancto
705 5132 722 5164 ι
761 5129 900 5179 esse,
943 5134 962 5165 ι
1009 5117 1258 5181 quoniam
1292 5116 1450 5168 ambo
1496 5113 1717 5180 Spiritui
1761 5131 1884 5166 san-

321 5195 413 5236 cto
475 5186 954 5239 consubstantiales
1011 5187 1172 5239 sint:
1225 5183 1364 5251 quod
1420 5193 1695 5251 repugnat.
1734 5183 1885 5238 Unde

322 5263 475 5319 patet
536 5255 794 5320 Spiritum
845 5267 1090 5308 sanctum
1144 5250 1254 5308 dici
1291 5253 1551 5321 Spiritum
1595 5250 1736 5319 Filii,
1789 5269 1883 5307 seu

329 5341 348 5371 ι
399 5327 670 5390 proprium
713 5323 828 5377 Filii
868 5325 1149 5392 Spiritum,
1203 5343 1222 5375 ι
1255 5340 1357 5376 non
1392 5323 1563 5376 solum
1601 5324 1724 5389 quia
1756 5340 1885 5376 con-

323 5395 708 5447 substantiales
752 5403 879 5446 sunt
930 5393 1192 5462 Filiuset
1232 5395 1466 5462 Spiritus
1500 5403 1738 5456 sanctus,
1791 5396 1884 5447 sed

322 5461 488 5514 etiam
545 5465 667 5532 quia
720 5464 952 5532 Spiritus
998 5479 1028 5516 a
1081 5461 1244 5525 Filio,
1277 5461 1386 5516 non
1433 5474 1609 5515 autem
1644 5462 1808 5517 Filius
1853 5478 1884 5516 a

325 5531 864 5600 Spiritu,'procedat.
910 5533 1058 5587 [inde
1098 5535 1312 5595 iterum,
1357 5548 1461 5587 non
1494 5541 1676 5585 noster
1726 5533 1883 5586 iidem

325 5603 602 5672 iiupugnat
625 5602 938 5656 catholicam
963 5602 1286 5672 Tlicologus,
1312 5603 1431 5656 licet
1450 5601 1736 5656 contendat
1767 5604 1885 5672 ideo

323 5669 584 5736 Spiritum
616 5685 853 5726 sanctum
894 5672 1011 5726 Filii
1041 5669 1299 5741 Spiritum
1344 5673 1544 5736 vocari,
1569 5672 1697 5740 quia
1751 5671 1886 5725 Filio

327 5741 802 5796 consubstantialis
836 5743 906 5796 sit
935 5743 1167 5811 Spiritus
1198 5759 1210 5795 :
1237 5745 1376 5809 quod
1406 5742 1714 5809 plenissime
1744 5743 1884 5795 veri-

330 5811 422 5863 tati
449 5821 866 5868 consentaneum
903 5823 1002 5869 est.
1031 5814 1182 5881 Quod
1214 5814 1258 5868 si
1285 5823 1336 5867 et
1377 5813 1595 5866 alteram
1626 5811 1884 5866 rationein

1921 3194 1968 3256 C

1996 1908 2116 1969 ἕνα,
2144 1924 2163 1957 ι
2199 1906 2251 1958 in
2300 1906 2544 1958 eumdem
2590 1917 2778 1964 unum,
2809 1919 2826 1952 ι
2861 1918 2888 1953 ιι
2916 1913 3100 1956 uestro
3147 1904 3342 1971 scripta
3393 1906 3565 1959 fuisse»

1993 1977 2263 2038 Theologo
2280 1975 2344 2026 ad
2358 1972 3046 2040 sigiiilicaitdum,Spirittnu
3062 1984 3304 2026 sanetum
3319 1977 3556 2028 consubo

1995 2045 2298 2100 stantialem
2331 2059 2452 2097 esse
2474 2042 2638 2102 Patri,
2668 2044 2805 2096 sicut
2832 2043 3002 2096 eidem
3031 2042 3172 2094 Patri
3205 2045 3560 2097 consubstan-

1997 2116 2138 2170 tialis
2194 2125 2274 2168 est
2318 2112 2516 2177 Filius;
2570 2128 2678 2165 non
2713 2122 2889 2166 autem
2931 2112 3070 2165 utin
3117 2110 3253 2166 Filio
3285 2115 3561 2182 spiramen

1996 2189 2225 2239 activum
2263 2191 2504 2250 negetur.

2067 2255 2245 2320 Neque
2283 2253 2443 2318 objici
2475 2261 2650 2316 potest
2687 2252 2826 2320 quod
2859 2250 3160 2320 Theologus
3204 2260 3406 2315 noster,
3445 2264 3555 2306 tmn

1995 2325 2060 2377 ad
2098 2324 2241 2377 locos
2264 2321 2457 2376 citatos
2481 2321 2570 2374 lib.
2595 2336 2652 2384 tt,
2683 2337 2802 2390 cap.
2835 2322 2892 2383 2,
2920 2330 3027 2373 tmn
3066 2321 3210 2385 alibi,
3247 2324 3312 2375 de
3333 2338 3556 2389 proces-

1996 2395 2145 2447 sione
2175 2392 2406 2460 Spiritus
2461 2391 2634 2443 sancti
2680 2391 2921 2458 loquens,
2971 2390 3284 2458 simpliciter
3335 2407 3557 2459 proces-

1997 2465 2201 2517 sionem
2255 2479 2285 2514 a
2332 2460 2510 2522 Patre,
2537 2477 2830 2529 nunquam
2874 2471 3050 2512 autem
3095 2461 3491 2528 processionetn
3526 2476 3556 2514 ιι

1995 2532 2131 2586 Filio
2183 2541 2460 2586 memoret.
2506 2527 2660 2583 Novit
2688 2527 2829 2581 enim
2867 2527 3192 2583 Excellentia
3239 2529 3350 2582 Tua
3395 2546 3558 2598 quam

1997 2603 2178 2668 inane,
2214 2601 2323 2666 jam
2363 2616 2390 2652 a
2425 2599 2604 2652 multis
2639 2599 2868 2662 sa‘culis,
2901 2615 2929 2651 a
2975 2600 3234 2669 theologis
3260 2599 3557 2668 judicattnn

1997 2671 2159 2726 fuerit
2186 2670 2361 2724 Pholii
2398 2679 2793 2738 argumentum,
2829 2669 2968 2736 quod
3011 2671 3377 2737 desnmpscrat
3403 2685 3465 2724 ex
3493 2683 3558 2721 eo

1997 2741 2137 2810 quod
2175 2741 2439 2801 Christus,
2474 2741 2593 2792 licet
2619 2739 2668 2810 in
2696 2741 2924 2810 quodam
2957 2739 3071 2791 loro
3102 2739 3317 2810 dixerit,
3351 2739 3423 2792 De
3444 2754 3558 2790 meo

1998 2806 2235 2877 decipiet,
2278 2810 2398 2863 alibi
2436 2810 2580 2872 dicit,
2630 2809 2732 2873 Qui
2781 2826 2812 2860 a
2857 2806 3013 2861 I‘atre
3041 2808 3296 2877 procedit,
3329 2810 3480 2871 quasi
3526 2824 3560 2861 ιι

2000 2875 2118 2934 solo
2155 2882 2335 2944 Patre,
2367 2895 2468 2932 non
2503 2889 2680 2948 autem
2712 2895 2739 2931 a
2769 2878 2932 2948 Patre
2952 2887 3006 2932 ct
3050 2875 3184 2948 Filio
3217 2879 3395 2942 simul,
3434 2894 3562 2948 pro-

1999 2952 2232 3004 Cederet.
2270 2949 2422 3004 Unde
2452 2963 2549 3018 ego
2587 2947 2678 3016 qui
2718 2948 2895 3000 scienti
2916 2947 3071 3016 legem
3095 2946 3298 3015 loquor,
3324 2946 3561 3002 non’im-

2002 3020 2250 3074 morabor
2302 3020 2351 3072 in
2416 3033 2492 3084 re,
2552 3032 2876 3086 operamque
2930 3018 3233 3086 impendam
3298 3019 3556 3085 quosdam

2001 3097 2182 3143 textus
2231 3089 2446 3143 citando
2467 3103 2496 3141 e
2525 3087 2719 3157 quibus
2751 3087 3000 3153 colligere
3026 3088 3129 3140 erit
3165 3096 3438 3140 auctorem
3471 3101 3561 3141 no-

2000 3171 2170 3213 strum
2199 3174 2291 3213 seu
2322 3171 2594 3225 expresse,
2654 3173 2746 3226 seu
2803 3157 2852 3211 vi
2912 3157 3265 3226 consequentis
3311 3168 3562 3226 urgente,

1998 3231 2188 3298 dogma
2222 3229 2544 3283 catholicum
2579 3243 2607 3280 a
2666 3225 2944 3282 Photianis
2982 3225 3349 3296 impugnatum
3383 3225 3557 3280 admi-

1995 3314 2152 3354 51556.

2063 3367 2264 3432 Primo,
2319 3369 2374 3423 in
2420 3367 2660 3432 sequenti
2719 3375 2902 3428 textu,
2951 3366 3150 3419 Auctor
3205 3367 3398 3420 asserit
3452 3381 3565 3421 non

1995 3436 2151 3490 aliter:
2178 3438 2386 3492 Patrem
2419 3454 2447 3490 a
2480 3436 2614 3490 Filio
2639 3436 2919 3504 distingui,
2957 3436 3057 3490 nisi
3093 3435 3215 3503 quia
3251 3435 3411 3490 Pater
3455 3448 3557 3491 est.

1995 3504 2115 3559 Vid.
2149 3509 2239 3561 lib.
2279 3524 2317 3565 ι.
2347 3521 2464 3574 eap.
2495 3506 2585 3567 21,
2611 3505 2720 3569 ubi,
2749 3517 3030 3574 p0stquam
3064 3505 3338 3557 veritatem
3369 3507 3560 3560 horum

1995 3576 2193 3630 Christi
2239 3579 2524 3630 verborum
2573 3577 2826 3638 ostendit,
2861 3575 3016 3630 Juan.
3049 3589 3160 3637 xvi,
3216 3575 3324 3628 15:
3366 3574 3559 3629 Omnia

1993 3660 2309 3714 qua'gunque
2327 3647 2477 3698 habet
2500 3644 2680 3706 Pater,
2708 3661 2820 3696 mea
2839 3655 2979 3707 sunt,
2999 3644 3077 3697 sic
3098 3644 3367 3714 concludit
3389 3644 3561 3698 εΠάν-

1994 3711 2061 3766 ἰα
2089 3711 2182 3768 οὖν
2204 3711 2356 3767 εἶπεν
2382 3715 2449 3765 τὰ
2483 3714 2722 3794 πατρικὰ
2742 3714 3029 3783 τυγχάνειν
3057 3711 3243 3765 αὐτοῦ·
3283 3713 3421 3765 ὥστε
3449 3731 3558 3822 pq-

1995 3783 2082 3822 Βξυ
2120 3785 2278 3822 ηὶέηυ
2327 3785 2512 3822 διῗιῆυηι
2553 3801 2630 3822 τιή
2658 3783 2775 3822 ﬂat?)
2813 3785 2980 3822 "amni
3054 3783 3085 3822 ελ
3129 3785 3287 3822 inium;
3315 3783 3374 3822 ’γλ
3420 3802 3442 3822 c
3472 3801 3552 3822 um

1995 3783 2082 3836 ὁὲν
2120 3785 2278 3837 πλέον
2327 3785 2518 3837 διδόναι
2553 3783 2630 3854 τῷ
2658 3783 2775 3852 Θεῷ
2813 3785 3006 3854 Πατρὶ.
3054 3783 3086 3852 ἢ
3128 3785 3287 3854 μόνον
3315 3783 3374 3836 τὸ
3419 3783 3558 3854 εἶναι

1997 3855 2215 3925 Πατέρα
2265 3854 2395 3906 Υἱοῦ
2438 3853 2770 3925 συνανάρχοο
2819 3854 2910 3925 κα).
2935 3853 3386 3925 συνυφεστῷτοςέ
3419 3853 3561 3908 οὕτω

1997 3923 2270 3977 πιστεύειν
2290 3924 2570 3977 ἀναπείθει
2595 3925 2688 3976 καὶ
2710 3924 2790 3976 τοο
2813 3923 3014 3977 Πάντα
3039 3926 3108 3977 τὰ
3133 3923 3242 3992 ἐμὰ
3266 3923 3348 3978 σὰ
3369 3924 3557 3986 ἐστιν,

1997 3995 2094 4046 καὶ
2130 3997 2200 4049 τὰ
2218 3997 2299 4048 σὰ
2323 3994 2453 4064 ἐμά,
2481 4012 2534 4048 κ.
2569 4011 2618 4046 τ.
2653 3994 2702 4048 λ.
2740 3994 2793 4048 ld
2833 4006 2916 4048 est
2948 4009 2961 4044 :
2992 4009 3012 4044 ι
3049 3994 3240 4046 Omnia
3265 4009 3394 4062 ergo
3441 4010 3559 4057 qua:

1998 4064 2172 4118 Patris
2199 4077 2342 4130 sunt,
2368 4083 2460 4119 sua
2490 4066 2623 4118 dixit
2656 4079 2793 4128 esse,
2820 4065 2892 4118 ita
2929 4074 2987 4117 ut
3015 4064 3147 4117 nihil
3177 4065 3406 4132 amplius
3447 4064 3567 4118 Deo.

1997 4133 2140 4188 Patri
2167 4138 2273 4196 det,
2301 4136 2403 4188 nisi
2437 4137 2535 4189 hoc
2564 4135 2758 4198 solum,
2790 4134 2929 4202 quod
2968 4135 3037 4186 sit
3092 4133 3248 4186 Pater
3305 4135 3421 4187 Filii
3461 4152 3556 4192 co-

1996 4205 2203 4270 teterni,
2238 4221 2300 4258 ac
2321 4206 2477 4258 simul
2507 4219 2628 4259 cum
2657 4219 2722 4257 eo
2744 4203 3102 4258 subsistentis.
3128 4205 3220 4258 Sic
3244 4219 3341 4257 nos
3371 4212 3562 4260 crede-

1999 4277 2222 4343 rejubet
2248 4277 2411 4328 etiam
2449 4275 2575 4328 illud
2605 4273 2930 4344 (Joan.xvn,
2967 4272 3054 4343 10)
3077 4293 3090 4328 ;
3115 4273 3302 4327 Omnia
3333 4289 3445 4328 mea
3466 4287 3559 4330 tua

1996 4355 2136 4407 sunt,
2167 4356 2212 4398 et
2246 4354 2337 4397 tua
2391 4361 2523 4408 mea,
2564 4355 2667 4398 etc.
2700 4363 2718 4395 ι
2758 4345 2908 4411 Quod
2944 4344 3082 4399 falso
3118 4344 3406 4408 diceretur,
3452 4348 3558 4400 nisi

1999 4412 2232 4480 Spiritus
2271 4424 2486 4468 sanctus
2539 4415 2700 4468 etiam
2760 4431 2787 4466 a
2847 4414 2980 4467 Filio
3015 4411 3380 4481 procederet:
3445 4423 3558 4470 tum

1997 4485 2138 4553 enim
2174 4484 2330 4537 Pater
2357 4501 2385 4537 ιι
2433 4483 2567 4539 Filio
2619 4483 3059 4552 distingueretur,
3093 4499 3195 4537 non
3227 4486 3399 4537 solum
3432 4487 3559 4553 quia

1997 4552 2153 4673 Paltler
2195 4563 2300 4617 est,
2360 4556 2454 4609 sed
2502 4556 2662 4609 etiam
2697 4555 2819 4622 quia
2870 4553 3013 4607 solus
3059 4554 3236 4607 activo
3263 4552 3558 4622 spiramine

1997 4637 2052 4673 ao
2097 4634 2227 4673 erei.

1986 4634 2227 4692 poneret.

2059 4691 2326 4756 Secundo,
2355 4693 2462 4747 vid.
2515 4693 2642 4746 item
2675 4692 2765 4746 lib.
2815 4707 2874 4752 ll,
2907 4705 3022 4758 cap.
3069 4691 3122 4758 5,
3155 4692 3317 4745 alium
3380 4694 3559 4749 locum

1988 4761 2039 4813 in
2077 4777 2182 4830 quo
2219 4772 2400 4815 noster
2423 4764 2636 4830 scripsit
2668 4762 2990 4827 'l'heologus,
3022 4761 3280 4829 Spiritum
3309 4775 3554 4817 sanctum

1986 4830 2108 4904 Filii
2137 4832 2424 4904 imaginem
2444 4849 2585 4904 esse.
2617 4833 2725 4884 Καὶ
2769 4831 2911 4904 καυὰ
2925 4832 2972 4904 μό
2999 4831 3184 4904 Πατὴρ
3215 4835 3269 4884 ὲν
3294 4832 3398 4904 ἰδίᾳ
3427 4834 3557 4886 tbi-to-

1988 4901 2171 4953 στάσει
2230 4900 2304 4952 ὢν
2341 4900 2718 4965 ὲξεικονίζεται
2771 4903 2828 4953 ὲν
2883 4899 2958 4969 τῷ
3025 4899 3317 4968 Μονογενεῖ
3366 4899 3453 4956 διὰ
3499 4905 3564 4958 τὸ

1987 4971 2403 5040 ἀπαράλλακτον
2430 4975 2526 5042 τῆς
2548 4972 2832 5042 Θεότητος,
2869 4972 3009 5022 τοῦτ’
3034 4971 3180 5024 ἔστιν
3212 4973 3310 5042 τῆς
3349 4975 3552 5038 οὐσίας·

1986 5043 2075 5116 ξιον
2109 5045 2221 5116 ἱξσον
2277 5041 2492 5116 τρόπον
2530 5043 2686 5116 καὶμρ
2707 5041 3033 5116 ΜονοΥ-ενὴς
3059 5045 3138 5116 ᾲὲν
3169 5041 3246 5112 τῷ
3277 5044 3356 5116 ἑνὶ
3415 5046 3558 5116 ἁγίῳ

1987 5111 2286 5183 Πνεύματι.
2316 5111 2369 5165 ld
2399 5124 2481 5167 est
2519 5130 2532 5164 :
2572 5134 2590 5165 ι
2633 5112 2690 5164 Et
2721 5111 3034 5168 sicutPater
3058 5114 3109 5166 in
3140 5111 3355 5180 prepria
3389 5111 3557 5183 hypo-

1986 5186 2116 5236 stasi
2145 5186 2414 5237 exsistens
2447 5193 2864 5252 reprtesentatnr
2891 5185 2940 5235 in
2973 5183 3266 5252 Unigenito
3297 5191 3556 5249 tanquam

1989 5253 2040 5305 in
2067 5253 2301 5321 imagine
2325 5255 2394 5305 ob
2423 5255 2755 5306 identitaleni
2782 5252 3026 5317 Deitatis,
3061 5254 3111 5307 id
3147 5263 3230 5306 est
3267 5255 3554 5316 essentiaa;

1989 5323 2059 5375 ita
2091 5326 2273 5375 eodem
2305 5323 2460 5375 modo
2498 5323 2658 5375 etiam
2689 5321 3008 5390 tltiigenitus
3056 5333 3472 5391 reprmseiitatur
3502 5326 3557 5378 in

1992 5409 2099 5445 uno
2115 5393 2318 5458 Spiritu
2339 5391 2702 5462 ειιιιυιιιῷϐθ
2723 5403 2972 5460 tanquam
3001 5395 3051 5446 in
3071 5393 3320 5461 imagine.
3336 5391 3553 5456 iPorro,

1986 5478 2106 5516 cum
2139 5477 2290 5515 exeo
2317 5465 2457 5532 quod
2491 5461 2656 5532 Filius
2700 5473 2915 5514 vocetur
2954 5463 3130 5532 imago
3167 5463 3367 5525 Patris,
3412 5474 3557 5518 recte

1987 5533 2270 5599 colligatur
2325 5529 2470 5585 illum
2520 5547 2550 5584 a
2601 5529 2760 5584 Patre
2819 5532 3012 5586 ducere
3051 5529 3348 5601 originem;
3393 5534 3555 5587 simili

1987 5606 2167 5665 modo,
2196 5616 2260 5654 ex
2295 5617 2359 5655 eo
2387 5601 2529 5670 quod
2580 5601 2814 5670 Spiritus
2842 5613 3060 5656 sanctus
3091 5600 3263 5671 imago
3285 5600 3407 5655 Filii
3453 5621 3555 5657 no-

1989 5673 2236 5732 minetur,
2264 5686 2486 5750 neeesse
2511 5671 2846 5750 inferendum
2869 5681 2952 5726 est
2977 5673 3139 5727 etiam
3164 5687 3192 5724 a
3223 5671 3360 5724 Filio
3385 5672 3558 5741 Spiri-

1992 5753 2102 5796 tutn
2125 5753 2371 5793 sanctum
2408 5757 2556 5795 oriri.

2059 5808 2260 5864 Tertio.
2304 5811 2488 5876 Quoad
2520 5810 2733 5868 tertium
2769 5821 3009 5878 textum.
3066 5813 3171 5869 vid.
3203 5811 3292 5869 lib.
3337 5827 3395 5878 ιι,
3435 5826 3554 5878 cap.
