4042 6404
168 374 304 432 1023

1092 368 1427 424 EPISTOLA
1468 366 1560 422 Al)
1599 367 2008 424 ARCHINTUM
2047 366 2467 424 PMSULEM.

3279 368 3300 422 Ι
3311 367 3414 422 0⁸26

165 494 234 548 τό
259 509 358 562 με.
395 489 448 544 Id
477 497 608 562 est:
641 487 812 562 tNam
839 488 1049 562 Aquila
1078 505 1217 544 unus
1246 505 1320 562 ex,
1346 490 1734 562 interpretibus
1762 497 1808 552 Α
1837 505 1958 545 esse
1993 490 2154 562 trium
2181 490 2485 562 divinarum
2516 490 2885 562 hypostasmm
2917 484 3234 562 Personam.
3267 491 3413 545 Mon-

167 557 341 617 Iocum
372 562 510 613 hunc
539 560 848 626 Scripturre,
883 562 973 628 qui
1008 557 1268 613 llebraice
1313 557 1734 618 habet,Adonai

165 632 356 686 cationi
403 631 530 700 (ego
572 629 690 698 lego
738 631 987 698 canant),
1021 631 1292 684 transtulit
1339 631 1457 685 sic:
1491 629 1739 683 Dominus

164 703 389 771 possedit
427 717 524 752 me.
550 719 567 749 ι

241 771 566 825 Undecimus
617 777 700 821 est
735 767 1082 841 Porphyrius
1114 771 1170 841 (ὁ
1201 769 1474 841 srripere;
1522 770 1740 841 Πορφύέ

167 842 318 913 ριος)
350 841 506 908 cujus
535 854 700 913 unum
728 839 916 913 locutu
947 839 1204 913 rel'ert'in
1239 856 1374 913 ρεψ.⁸
1398 839 1464 891 97
1485 840 1736 913 secundi

163 907 310 973 libri,
365 907 453 976 qui
504 909 582 960 sic
635 909 818 976 incipit
853 925 864 959 :
896 911 1055 977 Ἄχρι
1094 909 1202 976 γὰρ
1247 908 1423 975 τριῶν
1467 907 1738 962 ὑποστά-

162 999 323 1035 σεων
337 980 452 1047 ἔφη
472 977 718 1031 Πλάτων
737 977 849 1045 τὴν
872 979 976 1032 τοῦ
993 981 1154 1032 θείου
1166 977 1478 1046 προελθεῖν
1498 980 1736 1036 οὐσίαν.

163 1051 218 1104 Id
251 1061 334 1103 est
368 1066 380 1100 :
413 1068 430 1099 ι
460 1049 591 1101 Nam
631 1064 796 1114 usque
842 1049 906 1099 ad
937 1059 1044 1103 tres
1075 1052 1390 1118 Itypostases
1408 1050 1542 1102 dixit
1590 1050 1740 1102 Plato

164 1121 479 1174 divinitatis
515 1128 756 1170 naturam
800 1121 1066 1186 progredi.
1101 1138 1120 1169 ι

240 1190 599 1242 Duodecimus
626 1200 708 1240 est
762 1186 819 1240 S.
855 1188 1107 1253 Basilius,
1140 1188 1294 1256 cujus
1333 1198 1518 1243 noster
1553 1187 1734 1243 Theo-

162 1259 320 1328 IOgus
355 1262 514 1311 verba
554 1274 656 1309 non
709 1259 890 1318 refert,
923 1259 1013 1311 sed
1056 1261 1135 1313 eis
1187 1261 1556 1312 tantummodo
1606 1258 1740 1312 allu-

163 1332 247 1384 dit
290 1329 546 1388 breviter,
609 1330 926 1392 exponendo
977 1330 1325 1396 sequentibus
1370 1329 1548 1381 verbis
1573 1329 1742 1381 inter-

165 1401 530 1470 pretationem
575 1397 862 1470 quamdam
911 1397 1185 1470 cujusdam
1232 1410 1406 1452 textus
1447 1398 1737 1464 evangelici

163 1466 234 1521 ab
290 1470 392 1521 huc
443 1467 639 1519 eximio
693 1466 848 1519 Patre
871 1481 932 1519 ac
983 1469 1175 1534 insigni
1232 1471 1452 1522 doctore
1506 1470 1732 1520 datam:

165 1541 268 1601 Ὧς
296 1555 379 1602 τις
406 1538 514 1588 τῶν
555 1539 621 1607 ὲν.
665 1535 838 1604 ἁγίοις
871 1537 1127 1607 Πατέρῳν
1149 1539 1338 1606 σοφίας
1361 1539 1547 1607 γέμων
1576 1537 1738 1590 ἀσυλ-

158 1609 431 1677 λογίστως
460 1605 692 1670 ἐδίδαξεν
713 1623 725 1634 °
748 1603 1114 1678 Βασίλειοςλῆν
1140 1603 1308 1677 ὄνομα
1337 1603 1504 1677 αὖτ’ᾦ.
1535 1607 1587 1660 Id
1615 1618 1696 1661 est
1723 1626 1734 1660 :

69 1697 76 1718 ε
163 1698 186 1732 c
211 1681 370 1732 Sicut
399 1681 617 1746 quidam
649 1693 713 1730 ex
751 1679 954 1730 Sanctis
984 1679 1250 1741 l’atribus,
1301 1679 1584 1746 sapientiae
1622 1680 1738 1745 ple-

163 1758 293 1813 nus,
331 1750 451 1802 sine
500 1747 927 1801 ratiocinationis
970 1749 1092 1801 fuco
1129 1751 1308 1802 docuit
1342 1748 1579 1802 :Basilio
1623 1757 1740 1802 erat

158 1821 243 1872 illi
303 1835 570 1871 nomen.»
612 1817 819 1869 Revera
880 1817 1152 1871 invenitur
1200 1818 1420 1886 praefata
1481 1819 1738 1885 interpre-

162 1890 304 1942 tatio
337 1889 388 1941 in
431 1886 667 1956 Epistola
688 1885 794 1940 9.36
823 1886 879 1940 S.
907 1886 1110 1953 Basilii,
1143 1885 1213 1940 in,
1246 1891 1435 1956 pagina
1465 1887 1568 1941 ⁸569.
1595 1887 1736 1940 tertii

161 1959 304 2012 tomi
383 1959 500 2026 ejus
557 1955 828 2024 Operam,
883 1958 1036 2024 juxta
1100 1955 1485 2011 monachorum
1553 1958 1736 2011 Sancti

161 2029 348 2084 Mauri
391 2028 704 2080 editionem.

236 2099 531 2157 Caeterum,
571 2098 612 2150 si
649 2095 735 2149 hic
766 2100 968 2150 referre
1007 2096 1344 2165 susciperem
1388 2111 1578 2151 omnes
1615 2112 1738 2151 ver-

158 2185 262 2224 sus
288 2184 356 2222 ex
387 2167 620 2235 antiquis
676 2166 846 2234 poetis
880 2167 1186 2234 desmnptos
1224 2168 1427 2236 absque
1460 2179 1737 2220 auctorum

161 2239 520 2298 indicatione,
559 2239 650 2290 sed
685 2237 1018 2290 solummodo
1052 2237 1116 2290 iis
1147 2239 1460 2290 memoratis
1503 2238 1603 2290 sub
1639 2239 1740 2290 ista

159 2309 445 2365 communi
491 2307 948 2370 denomiuatione,
1000 2307 1050 2358 oi
1109 2305 1234 2370 ἔξω.
1259 2307 1310 2360 id
1352 2319 1466 2361 est:
1505 2324 1524 2356 ι
1552 2308 1743 2359 Extra-

162 2381 281 2441 nei,
317 2398 335 2429 ι
367 2379 480 2431 sive
508 2393 528 2427 ι
556 2375 778 2444 l’agani,
803 2393 820 2426 ι
864 2391 1133 2442 nunquam
1192 2379 1330 2430 hanc
1366 2377 1642 2445 epistolam
1676 2377 1742 2429 ad

163 2454 334 2504 linem
375 2447 747 2516 perducerem,
777 2446 900 2513 quia
935 2446 1196 2513 ejusmodi
1235 2446 1519 2499 citationes
1556 2462 1744 2499 lllllllc-

162 2536 289 2575 rum
318 2517 541 2588 triginta
576 2525 778 2588 septem
808 2526 1085 2588 superant,
1119 2531 1181 2569 ac
1211 2516 1508 2588 pleraeque;
1527 2517 1748 2588 minime

167 2585 568 2644 brevcs'sunt.
626 2586 860 2650 Quarum
894 2586 1011 2639 alia:
1060 2600 1123 2639 ex
1182 2587 1416 2639 oraculis
1476 2585 1748 2655 Sibyllicis

162 2670 300 2714 Slllll
360 2660 718 2725 depromptae,
751 2665 807 2710 et
859 2655 978 2708 ideo
1038 2671 1383 2724 repermmur
1431 2657 1482 2709 in
1513 2659 1750 2709 editione

165 2729 453 2799 OpSOpwi,
481 2726 598 2778 alia:
631 2740 753 2779 vero
788 2739 855 2779 ex
897 2725 1260 2799 aliisupoetis.
1308 2725 1548 2794 Longum
1606 2735 1750 2779 esset

164 2795 229 2854 ae
264 2795 608 2852 fastidiosum
650 2810 793 2850 nunc
838 2795 1002 2849 etiam
1040 2795 1250 2849 illorum
1289 2799 1503 2849 nomina
1545 2806 1748 2848 tantum

163 2883 466 2939 exponere.

257 2979 515 3036 [heretici
544 2995 576 3031 a
606 2986 781 3032 nostra
818 2975 1366 3057 Tlteologooconfutati
1398 2986 1485 3029 aut
1510 2976 1692 3031 saltem
1771 3027 1777 3035 .

819 3061 1112 3100 memorati.

239 3147 284 3200 A
325 3141 593 3213 principio
640 3139 752 3210 jam
800 3136 1002 3192 Vestra:
1049 3138 1394 3213 Excellentite
1455 3138 1590 3213 dixi,
1645 3149 1755 3213 prt-

1847 570 2003 614 tanus
2032 561 2198 622 enim.
2235 561 2505 628 inquiunt,
2538 560 2708 613 dixit:
2741 561 2849 623 Ego
2899 576 3014 613 sum
3068 559 3225 612 Pater
3251 576 3303 612 ct
3331 563 3414 614 1δί-

1846 630 1948 684 lius
1973 639 2027 682 et
2058 629 2447 683 l‘aracletus...
2484 649 2501 679 ›
2535 630 2800 692 Secundo,
2832 632 2972 698 quod
2997 632 3192 682 ἐκεῖνοι
3225 630 3414 696 λέγου-

1845 717 2020 763 σιν...,
2051 699 2100 753 id
2130 709 2234 759 est,
2273 718 2292 750 ι
2321 700 2394 753 Illi
2425 700 2632 763 dictmt,
2663 700 2968 754 Montamnn
3001 701 3212 754 venisse
3241 711 3292 752 et
3317 701 3414 752 Pa-

1846 770 2054 826 racleti.
2080 769 2130 822 id
2152 779 2256 833 est,
2287 769 2520 838 Spiritus
2552 773 2742 828 sancti.
2776 770 3159 836 perfectionem
3196 770 3416 822 habuis-

1843 855 1924 892 se.
1957 858 1976 890 ι
2016 839 2221 900 Tertio,
2272 842 2413 907 quod
2455 841 2636 893 dicant
2660 841 2957 894 Priscillam
2987 852 3040 893 et
3067 839 3411 892 Maximillam

1844 910 2008 963 fuisse
2058 912 2442 979 prophetissas.
2489 919 2543 963 et
2597 920 2716 977 post
2778 911 3073 964 Salvatoris
3124 911 3410 962 adventum

1845 981 1978 1034 alios
2017 980 2184 1033 fuisse
2225 980 2546 1048 prophetas;
2585 981 2723 1046 quod
2751 979 3055 1048 Theologns
3105 990 3280 1031 noster
3313 995 3408 1033 ne-

1843 1059 1954 1116 gat,
2002 1051 2299 1116 praesertim
2329 1051 2392 1103 de
2448 1051 2819 1118 prophetissis.
2853 1051 3117 1118 Λέγουσιν
3145 1049 3298 1102 ὅτι...
3355 1050 3409 1101 Id

1843 1129 1962 1171 est:
1995 1139 2013 1170 ι
2039 1118 2235 1190 Dicunt
2262 1119 2664 1190 (Montanistre)
2697 1138 2708 1172 :
2743 1121 2848 1174 Vos
2888 1137 2991 1173 non
3023 1120 3264 1180 creditis,
3293 1128 3412 1188 post

1843 1189 2072 1258 primum
2102 1189 2311 1242 Domini
2338 1190 2624 1242 adventum
2658 1205 2777 1243 esse
2807 1191 3112 1259 prophetas-
3135 1208 3154 1239 ι

1914 1259 2151 1325 Quartus
2177 1259 2459 1313 haereticus
2492 1268 2574 1312 est
2611 1260 2890 1322 Basilides,
2919 1261 2984 1312 de
3013 1274 3118 1325 quo
3147 1261 3196 1310 in
3235 1267 3411 1326 capite

1840 1328 1905 1382 Μ
1967 1327 2196 1381 affirmat
2224 1329 2394 1392 illum,
2453 1338 2649 1395 praeter
2703 1329 3052 1383 deliramenta
3108 1327 3407 1392 Menandri,

1843 1400 2095 1452 docuisse
2152 1399 2312 1451 etiam
2355 1399 2458 1451 5ϋὸ
2505 1401 2674 1453 ccelos
2729 1401 2974 1453 conditos
3028 1415 3088 1450 ac
3146 1398 3410 1451 stabilitos

1845 1467 2028 1531 fuisse,
2071 1468 2160 1535 qui
2199 1469 2507 1536 angelorum
2549 1484 2738 1522 nomen
2799 1470 3020 1530 habent,
3054 1479 3106 1521 et
3146 1483 3176 1522 e
3220 1469 3412 1536 quibus

1843 1537 2152 1591 Basilidiani
2193 1554 2354 1590 mmm
2411 1549 2596 1592 sancto
2645 1540 2860 1592 nomine
2902 1542 3140 1592 Arbasax
3190 1548 3407 1591 vocant.

1846 1606 1902 1660 Si
1938 1621 2114 1660 autem
2149 1618 2588 1675 computarentur
2612 1609 2816 1662 nmneri
2863 1609 3173 1662 Graecarum
3203 1608 3408 1660 littera—-

1851 1693 1964 1730 rom
1998 1679 2194 1745 quibus
2244 1678 2367 1730 illud
2411 1693 2600 1731 nomen
2652 1679 3016 1746 componitur,
3051 1679 3405 1735 inveniretur,

1849 1747 1977 1800 illud
2032 1749 2276 1815 apprime
2315 1747 2622 1814 significare
2676 1748 2799 1812 565,
2851 1756 2903 1800 et
2935 1747 3054 1801 licet
3099 1747 3295 1814 sacpius
3345 1761 3410 1800 ac

1844 1819 2181 1871 commnnius
2211 1817 2452 1870 Abraxas
2484 1818 2711 1883 dicatur,
2739 1828 2916 1871 tamen
2950 1833 2979 1871 a
3021 1827 3204 1871 nostro
3234 1817 3411 1870 Theo-

1773 1863 1814 1922 Β
1846 1863 2532 1957 Ῐᾶέὸᾟῖιὶᾶξὶιῖἐᾲῖὧῖἶυῖξ

1917 1959 2144 2027 Quintus
2169 1965 2252 2011 est
2279 1956 2653 2027 Carpoerates,
2679 1957 2792 2025 qui,
2814 1967 2873 2012 ut
2908 1966 3070 2027 patet,
3107 1956 3260 2013 exiis
3291 1970 3410 2024 qua:

1848 2029 1900 2082 in
1943 2026 2169 2094 praefato
2216 2028 2333 2082 leco
2381 2025 2712 2092 referuntur,
2739 2025 2952 2082 easdem
2991 2030 3226 2082 insanias
3252 2036 3412 2095 atque

1849 2099 2078 2165 ineptias
2135 2099 2311 2161 docet,
2360 2097 2556 2164 quibus
2605 2098 2759 2150 islalll
2811 2097 3082 2166 adjungit;
3146 2095 3310 2166 quod,
3364 2096 3409 2149 si

1847 2169 1969 2238 quis
2001 2166 2383 2238 coinquinatus
2417 2169 2652 2234 peccatis
2683 2167 3008 2221 voluntatem
3037 2171 3270 2222 omnimn
3300 2167 3409 2220 da:-

1853 2236 2070 2291 {nonum
2119 2252 2223 2290 non
2261 2236 2497 2306 impleat,
2533 2238 2673 2290 ultra
2732 2239 3062 2306 principatus
3095 2249 3147 2290 et
3184 2247 3413 2306 potesta-

1850 2316 1931 2362 tes
1980 2306 2210 2362 transire
2246 2321 2351 2360 non
2402 2317 2598 2376 potest,
2638 2323 2735 2362 nec
2772 2310 2838 2361 ad
2871 2323 3182 2378 snpremum
3215 2306 3409 2361 caelum

1853 2379 2149 2448 pervenire.

1919 2446 2117 2500 Sextus
2163 2454 2245 2499 est
2273 2443 2603 2509 Valentinus,
2638 2447 2705 2500 de
2743 2462 2851 2516 quo
2878 2456 3108 2502 testatur
3152 2447 3202 2500 in
3223 2462 3412 2513 supra-

1855 2517 1998 2571 dicto
2035 2517 2169 2577 loco,
2207 2519 2347 2584 quod
2399 2518 2652 2569 admissis
2683 2517 2979 2570 lueresibus
3016 2521 3238 2568 duorum
3267 2519 3410 2585 prio-

1859 2603 1976 2640 rum
2025 2588 2398 2640 haereticorum
2431 2587 2564 2640 duas
2590 2603 2752 2640 novas
2789 2589 3094 2642 admiscuit.
3119 2587 3222 2639 Per
3249 2603 3408 2638 unam

1856 2656 2128 2711 contendit
2167 2671 2361 2722 corpus
2390 2672 2420 2708 a
2453 2657 2669 2709 Christo
2707 2659 2772 2711 de
2801 2658 2936 2711 cmlo
2962 2667 3228 2724 sumptum
3257 2671 3405 2717 esse;

1857 2728 2024 2780 altera
2055 2740 2202 2796 vero,
2231 2741 2347 2793 qua:
2399 2724 2551 2793 longa
2611 2726 2784 2780 fabula
2815 2735 2918 2790 est,
2951 2729 3187 2796 magisne
3250 2726 3408 2796 impia

1859 2812 1923 2849 an
1958 2795 2212 2849 insulsior
2235 2798 2304 2848 sit
2354 2796 2493 2847 haud
2518 2796 2672 2848 facile
2695 2797 2891 2860 dicam,
2917 2797 2966 2849 in
3000 2797 3097 2849 hoc
3124 2795 3406 2848 consistit:

1859 2865 2078 2935 Bytbos,
2107 2865 2250 2934 quod
2298 2863 2722 2936 Profunditaym
2762 2867 3046 2936 signiﬁcat,
3093 2864 3273 2936 Sigea,
3317 2880 3408 2918 seu

1861 2934 2164 3001 Silentium,
2190 2945 2430 3004 generat,
2453 2945 2503 2987 et
2535 2952 2562 2987 a
2597 2934 3046 3004 SilentioJupitcr
3101 2934 3408 2989 Graacorum

1859 3006 1974 3060 sive
2016 3019 2342 3072 paganorum
2371 3006 2636 3071 quoddam
2669 3005 2892 3060 Verbum
2939 3006 3225 3059 fabricavit
3251 3015 3306 3058 et
3334 3005 3409 3056 fc—

1861 3077 1954 3128 cit.
1988 3074 2052 3127 Et
2099 3076 2225 3143 quia
2272 3075 2518 3128 Christus
2550 3075 2598 3127 in
2641 3075 2912 3129 tricesimo
2941 3091 3050 3128 suae
3074 3075 3249 3129 anatis
3272 3090 3414 3128 anno

1864 3145 2164 3212 baptizatus
2224 3144 2342 3209 fuit,
2377 3147 2702 3212 excogitavit
2738 3148 2897 3212 etiam
2967 3146 3273 3199 Valentinus
3321 3146 3416 3197 tri-

174 3209 342 3271 mum'
375 3215 590 3285 imoque
616 3209 852 3285 unicum
905 3223 1127 3285 scopum
1153 3209 1325 3285 totius
1349 3211 1548 3285 pperis
1579 3212 1746 3285 nostri
1776 3220 1818 3279 (ς
1851 3209 1998 3285 ginta
2028 3214 2254 3280 Aﬂonas,
2287 3217 2336 3268 id
2372 3225 2453 3268 est
2508 3209 2798 3279 {Sa-cola,"
2824 3235 2841 3267 ι
2881 3232 3000 3284 qua:
3023 3217 3152 3269 deos
3181 3215 3410 3275 vocavit,

178 3284 433 3353 Theologi
473 3275 535 3334 ad
578 3282 627 3333 id
662 3281 904 3339 temlere,
937 3275 1013 3331 uti
1037 3275 1243 3332 refellat
1266 3279 1381 3353 Arii
1405 3275 1599 3353 'atque
1637 3281 1748 3332 Ma-

183 3349 408 3411 cedonii'
427 3356 682 3406 haereses.
713 3353 969 3419 Attamen
1000 3358 1200 3400 tractat
1245 3352 1309 3400 de
1339 3349 1605 3402 haereticis
1658 3353 1747 3419 qui

189 3430 591 3480 antecesserunt
644 3425 750 3474 duo
775 3418 1111 3487 supradictos
1139 3429 1413 3482 auctores,
1456 3431 1536 3483 et,
1579 3418 1750 3487 ιιυεέιι-

195 3506 300 3548 tum
350 3510 432 3548 res
491 3494 558 3546 de
616 3505 721 3560 qua
769 3499 880 3558 agit
951 3488 1079 3542 illud
1131 3490 1412 3557 permittit,
1448 3504 1542 3544 eos
1575 3491 1752 3544 obiter

197 3565 435 3619 confutat.

261 3635 464 3689 Illorum
518 3630 724 3700 primus
777 3637 938 3696 atque
983 3627 1395 3700 antiquissimus
1432 3637 1514 3682 est
1551 3628 1738 3700 Simon

191 3707 389 3775 uagus.
422 3707 498 3756 De
521 3698 613 3775 _eo
659 3701 894 3775 loquitur
926 3700 976 3752 in
1014 3712 1146 3775 _cap.
1311 3700 1449 3775 tertii
1490 3699 1634 3775 libri,
1665 3715 1750 3752 re-

186 3769 402 3832 ferEndo
433 3774 696 3840 pcss'nnas
716 3773 833 3838 ejus
856 3769 1165 3840 doctrinas;
1191 3770 1319 3840 illas
1348 3772 1491 3840 enim
1523 3771 1745 3840 referre,

181 3861 259 3904 est
283 3861 380 3901 eas
407 3836 566 3898 simul
597 3836 897 3894 confutare.
925 3837 1092 3891 Τοῦτο
1120 3836 1296 3889 τοίνυν
1325 3837 1386 3890 τὸ
1424 3837 1664 3908 δόγμα...
1693 3839 1747 3892 ιιι

180 3933 302 3973 est:
340 3935 358 3966 ι
388 3913 502 3967 lloc
535 3927 663 3979 ergo
688 3913 878 3978 dogma
927 3912 1198 3961 emanatio
1227 3913 1469 3979 quautam
1493 3919 1573 3963 est
1607 3909 1748 3961 lutu-

179 3992 337 4043 lenta:
360 3977 644 4044 doctrina},
679 3977 797 4048 qua:
821 3979 1014 4046 prodiit
1037 3993 1103 4032 ex
1133 3979 1353 4032 Simone
1383 3977 1535 4046 Mago
1558 3979 1748 4032 Sama-

179 4072 383 4116 ritano,
407 4053 499 4123 qui
529 4066 627 4105 nec
668 4057 921 4123 mundum
949 4063 1079 4123 esse.
1105 4048 1307 4101 factum
1347 4065 1375 4101 a
1409 4049 1538 4110 Deo,
1562 4051 1748 4123 sedab

177 4117 560 4200 angelisfnec.
593 4121 1036 4174 resurrectionem
1057 4117 1290 4200 futuram
1315 4133 1463 4200 esse;
1499 4130 1552 4200 et
1587 4120 1748 4198 indif-

180 4189 444 4255 ferl-ntein
481 4193 675 4246 debere
696 4203 816 4243 esse
839 4204 959 4242 cum
1002 4189 1250 4241 omnibus
1299 4189 1616 4242 mulieribus
1643 4191 1746 4240 mi-

179 4274 441 4328 stionem,
475 4263 678 4324 docuit,
711 4271 872 4326 atqtte
919 4273 983 4312 eo
1027 4259 1224 4312 furoris
1257 4259 1422 4325 venit,
1457 4269 1514 4312 ut
1547 4259 1744 4313 Christi

180 4344 356 4396 nostri
394 4350 446 4389 et
481 4331 662 4400 magni
700 4329 792 4400 Dei
836 4343 1028 4382 nomen
1057 4329 1416 4400 usurpaverit.
1442 4348 1461 4379 ι

251 4407 543 4466 Secundus
575 4398 674 4456 _est
723 4398 1032 4461 Menander,
1061 4399 1151 4465 qui
1211 4399 1369 4452 simul
1418 4414 1538 4452 cum
1569 4399 1748 4453 Satur-

181 4483 311 4534 nino
350 4481 406 4531 in
439 4475 694 4544 praedicto
723 4473 842 4544 loco
878 4479 1224 4544 memoratur.
1275 4469 1528 4544 Testatur
1562 4482 1747 4523 noster

181 4539 514 4614 'l‘beol0gus,
534 4542 738 4603 ambos,
777 4541 903 4593 licet
932 4539 1074 4590 inter
1103 4553 1163 4592 se
1191 4539 1256 4614 de
1283 4539 1602 4614 quibusdam
1637 4544 1744 4592 dis-

180 4609 492 4678 senserint,
538 4613 900 4666 concordasse
949 4619 1124 4661 tamen
1177 4609 1243 4678 de
1300 4611 1581 4661 mulierum
1624 4625 1744 4678 pro-

182 4697 399 4745 miscuo
433 4676 554 4744 usit,
589 4693 747 4750 atque
777 4683 843 4734 de
897 4682 1166 4732 creatione
1208 4676 1350 4750 facta
1400 4681 1468 4730 ab
1521 4676 1746 4750 angelis,

181 4775 357 4830 coque
420 4747 728 4824 pervenis—sc
758 4753 1048 4830 “audaciae,
1080 4758 1135 4800 ut
1189 4747 1529 4809 allirtnarint,
1557 4749 1750 4829 Filium

179 4820 436 4901 eqtiidem
486 4826 580 4901 Dei
602 4839 720 4876 esse
753 4820 978 4900 justum,
1009 4820 1230 4901 Patrem
1260 4832 1394 4901 ,νει-ι)
1454 4832 1579 4872 esse
1614 4820 1756 4888 inju-

185 4889 361 4960 st'um,
404 4897 692 4961 mundique
715 4893 974 4946 creatioui
1003 4897 1058 4943 et
1085 4889 1434 4956 providentia:
1454 4903 1576 4942 esse
1603 4905 1756 4958 pror-

178 4988 275 5028 sus
298 4970 559 5024 alienum.

252 5040 475 5095 Tertius
514 5043 596 5088 (εει
630 5031 915 5086 Montanus
964 5042 1086 5081 cum
1142 5027 1256 5080 suis
1307 5027 1647 5096 sequacibus.
1679 5026 1754 5082 De

181 5114 276 5166 illo
309 5113 494 5178 agitur
538 5106 589 5157 in
628 5104 802 5169 capite
859 5100 956 5178 18“
987 5098 1146 5178 tertii
1189 5099 1330 5159 libri,
1376 5100 1754 5178 asseriturque

183 5169 498 5237 divinarum
531 5186 879 5242 personarum
906 5169 1310 5242 distipctionern
1339 5170 1406 5242 ab
1437 5173 1541 5220 hoc
1581 5170 1752 5242 lia-re-

183 5236 296 5306 iieo
330 5236 577 5316 negatam
611 5244 796 5296 fuisse.
847 5238 986 5290 Ἀλλ’
1015 5236 1156 5290 ὥστε
1189 5238 1286 5316 xa‘t
1311 5239 1440 5300 τοὺς
1465 5241 1746 5316 παχεξςηη

180 5324 240 5378 Id
267 5331 356 5376 est
391 5309 430 5371 ἶ
461 5335 480 5364 ι
504 5316 606 5368 Sed
633 5315 795 5366 etiam
820 5321 877 5364 ut
917 5321 1094 5363 mente
1119 5311 1286 5360 crassi
1310 5324 1372 5361 ac
1407 5313 1564 5362 rudes
1606 5309 1749 5361 Mou-

180 5395 400 5446 tanistae
423 5389 624 5457 pudore
658 5384 979 5457 alliciant-tur,
1013 5379 1100 5448 qui
1131 5389 1321 5457 putant
1347 5381 1600 5457 eumdem
1628 5393 1747 5433 esse

179 5463 324 5516 Filio
348 5447 561 5513 Pairetn
591 5465 645 5507 et.
693 5447 1057 5506 Paracletum.
1083 5468 1102 5499 ι
1138 5450 1290 5514 Quod
1321 5451 1482 5501 etiam
1518 5447 1750 5501 aﬂirtnat

181 5539 239 5588 in
282 5534 354 5584 58
412 5544 531 5595 cap.
589 5526 830 5592 ejusdem
878 5521 1039 5595 libri,
1095 5524 1185 5572 ubi
1252 5521 1416 5572 refert
1476 5535 1539 5595 ae
1573 5520 1750 5595 simul

179 5603 431 5657 eonfutat
477 5589 700 5652 istorqu
754 5594 1132 5646 bteretieorutn
1205 5604 1444 5643 errores.
1505 5589 1584 5641 Ad
1646 5590 1751 5641 tria

178 5684 389 5742 genera
426 5669 543 5723 illos
568 5664 776 5742 reducit
799 5665 980 5742 lli-llo?
1009 5659 1203 5738 capite.
1240 5657 1442 5740 Primo,
1469 5660 1608 5742 quod
1635 5660 1753 5711 uni-

175 5731 244 5797 Ea
279 5745 352 5795 sit
387 5733 927 5808 persona,_sicut_ille
957 5733 1217 5808 loqu’itur,
1255 5733 1416 5808 trium
1448 5731 1750 5808 divinarum

177 5796 584 5884 byposﬁiseou:
606 5805 700 5858 ’Ἑν
729 5796 1282 5874 πρόσωπονίεῐναι....
1304 5799 1357 5852 ιιι
1383 5810 1500 5856 est:
1533 5817 1551 5850 ι
1584 5799 1750 5854 Unam

1852 3300 2189 3354 quorumque
2251 3285 2470 3339 ultimus
2522 3286 2953 3354 hermaphrodita
3010 3294 3161 3348 erat;
3215 3296 3268 3338 et
3327 3287 3414 3338 hic

1851 3365 1967 3406 erat
1995 3355 2287 3423 Sapientia.
2326 3371 2444 3422 quae
2477 3371 2596 3408 cmn
2645 3357 2874 3423 primum
2907 3357 3072 3408 Deum
3113 3355 3292 3408 videre
3322 3372 3414 3406 νη-

1853 3425 2053 3489 luisset,
2088 3425 2252 3478 ninno
2281 3426 2417 3478 illius
2447 3425 2646 3494 fulgore
2675 3427 3001 3492 perstrictae
3027 3425 3163 3480 emlo
3195 3425 3411 3487 cecidit,

1851 3495 1974 3548 inde
2005 3511 2034 3564 e
2067 3496 2342 3549 tricesimo
2387 3496 2854 3564 numeroexpulsa
2883 3506 2984 3558 est,
3016 3495 3410 3564 etplangendo,

1850 3566 1966 3618 suis
1996 3561 2210 3618 fletibus
2241 3566 2419 3633 genuit
2449 3561 2746 3620 Diabolum.
2783 3564 2938 3618 Deest
2998 3561 3260 3633 reliquum
3314 3565 3414 3616 hn-

1843 3634 1933 3700 jus
1965 3633 2153 3688 fabulae
2190 3648 2219 3686 a
2259 3643 2446 3686 sancto
2496 3633 2696 3685 Iri-meo
2737 3635 2916 3686 relata:
2948 3645 2999 3687 et
3035 3636 3103 3687 ab
3132 3635 3249 3687 aliis
3273 3636 3411 3686 seris

1850 3704 2099 3772 ptoribus
2161 3703 2250 3772 qui
2283 3705 2348 3756 de
2377 3704 2670 3757 haeresibus
2693 3704 3042 3770 scripserunt,
3067 3704 3189 3772 quia
3215 3703 3414 3756 codicis

1849 3776 2090 3842 quaedam
2121 3781 2297 3841 partes
2324 3775 2616 3840 perierunt.
2639 3773 2840 3842 l’ostea
2873 3776 2922 3826 in
2959 3776 3194 3826 secundo
3242 3773 3405 3835 libro,

1849 3841 2028 3912 capite
2079 3843 2134 3906 6,
2194 3858 2403 3911 paragr.
2453 3844 2536 3906 19,
2575 3841 2803 3895 aliirmat
2859 3852 3039 3896 noster
3089 3842 3410 3912 Theologns,

1855 3912 2184 3966 Valentinum
2216 3913 2462 3966 docuisse
2495 3927 2703 3980 quoque
2735 3912 2990 3980 Spiritum
3030 3923 3270 3966 sanctmn
3295 3928 3414 3965 esse

1853 3983 2059 4052 angelis
2083 3996 2343 4036 comvum.
2373 3981 2478 4052 Ἰξρῦ
2500 3981 2602 4048 ἔξω
2633 3981 2922 4052 βλητοῦ...,
2948 3983 2997 4034 id
3027 3993 3109 4037 est
3142 4000 3160 4032 ι
3185 3983 3413 4035 Excont-

1849 4050 2102 4107 uin—nicati
2129 4065 2182 4106 et
2216 4053 2368 4117 ejecti
2401 4050 2684 4114 Valentini,
2720 4050 2810 4120 qui
2873 4053 3320 4117 manichazizavit,
3360 4064 3414 4104 rt

1849 4135 2043 4192 praeter
2066 4124 2170 4176 alia
2206 4123 2434 4175 absurda
2487 4123 2786 4175 fabularum
2832 4133 3167 4186 commenta,
3218 4121 3414 4176 furiose

1849 4195 1983 4248 dixit
2010 4193 2267 4262 Spiritum
2301 4192 2536 4262 divinum
2568 4208 2803 4246 coagvum
2845 4194 3071 4260 angelis,
3091 4206 3196 4246 etc.
3221 4212 3238 4243 ι

1919 4261 2193 4331 Septimus
2271 4273 2354 4316 cst
2418 4261 2598 4314 Manes
2678 4278 2797 4316 cum
2878 4268 2990 4316 suis
3061 4261 3407 4331 sequacibus.

1849 4333 1926 4387 De
1944 4334 2044 4386 hoc
2071 4341 2268 4386 tractat
2294 4333 2344 4384 in
2373 4334 2548 4400 capite
2581 4331 2646 4385 l8
2677 4331 2817 4384 tertii
2852 4333 3008 4395 libri,
3039 4334 3192 4400 eique
3220 4347 3415 4398 expro-

1846 4405 1987 4466 brat,
2018 4405 2158 4472 quod
2183 4412 2338 4474 vocet
2368 4403 2578 4474 Patrem
2603 4400 3060 4474 dndtvfiptortov,_id
3086 4413 3186 4474 est,
3223 4420 3239 4450 ι
3264 4403 3416 4474 Ιιιιιιιτ

1850 4470 2063 4526 manum
2091 4492 2108 4522 ι
2151 4489 2213 4526 ac
2236 4473 2479 4542 divinum
2502 4471 2692 4525 Filium
2734 4470 2902 4524 solum
2935 4470 3330 4542 φιλάνθρωπον,
3363 4470 3417 4523 id

1779 4580 1820 4632 υ
1848 4556 1930 4632 est
1951 4561 1968 4592 ι
1992 4547 2303 4632 [urinanqu
2330 4560 2347 4592 ι
2374 4541 2532 4612 47],
2564 4557 2654 4595 seu
2682 4543 2963 4632 benignpm
2999 4541 3413 4632 erga,homines.l

1851 4615 1954 4665 Σὺν
2001 4614 2181 4675 αὐτοῖς
2232 4612 2286 4664 δέ
2315 4652 2327 4664 .
2357 4651 2370 4664 .
2396 4609 2418 4663 ἶ
2447 4626 2494 4663 ιιι
2516 4609 2640 4665 est;
2674 4630 2692 4662 ι
2719 4609 2889 4664 Sittiul
2936 4625 3059 4663 cum
3102 4611 3229 4680 ipsis
3255 4628 3274 4660 ›
3329 4609 3418 4679 (id

1850 4694 1956 4746 est,
2005 4699 2124 4736 cum
2173 4680 2557 4750 Montanistis),
2593 4683 2753 4736 etiam
2788 4680 3108 4733 Manicbams
3143 4680 3422 4732 confundi-

1854 4763 1963 4816 tur,
1993 4753 2082 4821 qui
2109 4769 2211 4804 non
2237 4751 2472 4804 admittit
2506 4752 2666 4805 Vetus
2692 4751 3118 4812 Testamentum,
3143 4750 3234 4821 sed
3268 4760 3422 4802 vocat

1858 4819 2070 4877 Patrem
2113 4823 2327 4890 quidem
2377 4824 2741 4883 inhumanum,
2785 4821 2978 4889 quippe
3020 4823 3108 4890 qui
3155 4819 3418 4874 Adamum

1859 4894 2015 4959 ejecrt
2042 4907 2108 4944 ex
2132 4889 2399 4959 paradiso,
2436 4891 2624 4943 Filium
2653 4905 2779 4944 vero
2815 4892 2987 4943 solum
3020 4909 3037 4938 ι
3060 4889 3371 4950 lmmanum,
3396 4909 3416 4938 ›

1864 4964 1914 5017 id
1939 4974 2020 5016 est
2041 4964 2322 5031 benignum
2342 4977 2465 5028 erga
2496 4959 2758 5022 homines,
2777 4959 2970 5031 quippe
2996 4965 3083 5028 qui
3111 4972 3425 5031 persentet-

1865 5034 2036 5100 ipsum
2091 5029 2252 5092 venit,
2301 5046 2364 5083 ac
2409 5030 2635 5084 saIVavit
2692 5046 2854 5084 nos.»
2908 5029 2972 5100 _Et
3011 5032 3062 5081 in
3107 5029 3281 5100 capite
3327 5030 3420 5091 2|,

1861 5098 2168 5156 Martii-basis
2219 5101 2401 5153 tribuit
2440 5103 2596 5152 etiam
2637 5113 2875 5152 errorem
2907 5098 3421 5151 l’liantasiastarum.

1859 5171 2162 5241 Οἰηθέντων
2185 5171 2363 5241 αὐτῶν
2399 5170 2533 5241 [leg
2566 5168 2766 5241 abrby]
2796 5167 3243 5241 bfthxalto‘tpsv
3265 5167 3424 5238 σῶμα.

1855 5235 2072 5312 δοκῆσει
2114 5235 2436 5310 ἐσχηκέναί·
2481 5235 2888 5312 ’Ἀρειαγῶἱι-δὲ,
2921 5235 2984 5312 jc.
3031 5254 3081 5312 τ.
3113 5235 3420 5312 7.._ld__es't_:

1862 5305 2034 5366 «eam
2067 5305 2253 5378 putent
2289 5312 2460 5377 ipsum
2512 5305 2613 5378 (de
2662 5309 2876 5362 Christo
2907 5305 3206 5378 loquitur),
3252 5305 3422 5378 Manis

1855 5382 1987 5435 clitei
2036 5377 2272 5446 quidem,
2312 5393 2504 5445 corpus
2538 5389 2858 5447 apparenter
2905 5377 3192 5441 habuisse;
3239 5377 3422 5429 Ariani

1857 5465 2006 5513 vero,
2036 5468 2056 5500 ›
2099 5460 2202 5502 etc.
2253 5451 2356 5503 Sed
2392 5451 2564 5502 fusius
2595 5457 2660 5500 de
2693 5449 2810 5500 istis
2854 5449 3118 5501 haereticis
3148 5456 3339 5500 tractat
3369 5451 3417 5501 in

1854 5519 1924 5573 42
1980 5519 2156 5588 capite
2215 5517 2332 5572 libri
2421 5519 2734 5584 supradicti.
2794 5517 2864 5571 lbi
2926 5519 3156 5588 affirmat
3231 5516 3426 5588 multos

1857 5585 2143 5652 exsiStere,
2178 5604 2274 5643 suo
2308 5599 2564 5656 tempore,
2595 5589 2821 5657 illosque
2844 5589 3093 5641 omnibus
3123 5585 3335 5655 ﬂagitiis
3363 5601 3428 5638 ae

1859 5661 2106 5714 sordibus
2137 5659 2513 5714 contaminari.
2551 5661 2678 5724 Qua:
2707 5659 2910 5722 omnia,
2953 5657 3034 5710 vel
3065 5657 3420 5724 eXperientia,
3451 5678 3464 5685 ο

1860 5731 1941 5783 vel
1991 5729 2132 5783 fama
2183 5729 2453 5794 cognovit.
2509 5727 2698 5782 Tradit
2728 5729 2891 5782 etiam
2938 5729 3143 5780 illormn
3193 5735 3426 5796 systema

1867 5801 2118 5871 componi
2141 5801 2415 5856 erroribus
2446 5799 2682 5856 Simonis
2709 5798 2870 5866 Magi,
2904 5796 3200 5865 Menandri,
3231 5797 3423 5851 Satur-
