  <div class='ocr_page' id='page_1' title='image "/cluster/home/n/w/nwhite01/storage/ocr_20150623/39/hvd.32044037979440/526.png"; bbox 0 0 4042 6404; ppageno 0'>
   <div class='ocr_carea' id='block_1_1' title="bbox 210 339 339 396">
    <p class='ocr_par' dir='ltr' id='par_1_1' title="bbox 210 339 339 396">
     <span class='ocr_line' id='line_1_1' title="bbox 210 339 339 396; baseline 0 -1"><span class='ocrx_word' id='word_1_1' title='bbox 210 339 339 396; x_wconf 71' lang='grc'><strong>1029</strong></span> 
     </span>
    </p>
   </div>
   <div class='ocr_carea' id='block_1_2' title="bbox 1328 339 2298 399">
    <p class='ocr_par' dir='ltr' id='par_1_2' title="bbox 1328 339 2298 399">
     <span class='ocr_line' id='line_1_2' title="bbox 1328 339 2298 399; baseline 0 -4"><span class='ocrx_word' id='word_1_2' title='bbox 1328 339 1530 396; x_wconf 82' lang='lat' dir='ltr'><strong>LIBER</strong></span> <span class='ocrx_word' id='word_1_3' title='bbox 1570 341 1656 396; x_wconf 89' lang='lat' dir='ltr'><strong>DE</strong></span> <span class='ocrx_word' id='word_1_4' title='bbox 1695 341 1965 399; x_wconf 77' lang='lat' dir='ltr'><strong>SPIRITU</strong></span> <span class='ocrx_word' id='word_1_5' title='bbox 2011 341 2298 398; x_wconf 80' lang='lat' dir='ltr'><strong>SANCTO.</strong></span> 
     </span>
    </p>
   </div>
   <div class='ocr_carea' id='block_1_3' title="bbox 3298 340 3436 398">
    <p class='ocr_par' dir='ltr' id='par_1_3' title="bbox 3298 340 3436 398">
     <span class='ocr_line' id='line_1_3' title="bbox 3298 340 3436 398; baseline 0 -1"><span class='ocrx_word' id='word_1_6' title='bbox 3298 340 3436 398; x_wconf 72' lang='grc'><strong>1030</strong></span> 
     </span>
    </p>
   </div>
   <div class='ocr_carea' id='block_1_4' title="bbox 207 422 3436 525">
    <p class='ocr_par' dir='ltr' id='par_1_4' title="bbox 207 422 3436 525">
     <span class='ocr_line' id='line_1_4' title="bbox 207 422 3436 525; baseline 0 -17"><span class='ocrx_word' id='word_1_7' title='bbox 207 422 601 525; x_wconf 40' lang='grc' dir='ltr'><strong>εθιιίιοςεΝειη</strong></span> <span class='ocrx_word' id='word_1_8' title='bbox 628 452 770 525; x_wconf 85' lang='lat' dir='ltr'><strong>haud</strong></span> <span class='ocrx_word' id='word_1_9' title='bbox 797 452 927 508; x_wconf 83' lang='lat' dir='ltr'><strong>mihi</strong></span> <span class='ocrx_word' id='word_1_10' title='bbox 948 454 1272 523; x_wconf 81' lang='lat' dir='ltr'><strong>persuadere</strong></span> <span class='ocrx_word' id='word_1_11' title='bbox 1293 452 1689 525; x_wconf 77' lang='lat' dir='ltr'><strong>possum,fllios</strong></span> <span class='ocrx_word' id='word_1_12' title='bbox 1712 453 1767 507; x_wconf 89' lang='lat' dir='ltr'><strong>in</strong></span> <span class='ocrx_word' id='word_1_13' title='bbox 1797 458 1848 515; x_wconf 75' lang='grc' dir='ltr'>Α</span> <span class='ocrx_word' id='word_1_14' title='bbox 1944 452 2094 508; x_wconf 78' lang='lat' dir='ltr'><strong>Nunc</strong></span> <span class='ocrx_word' id='word_1_15' title='bbox 2136 464 2336 519; x_wconf 87' lang='lat' dir='ltr'><strong>autem,</strong></span> <span class='ocrx_word' id='word_1_16' title='bbox 2373 453 2473 508; x_wconf 89' lang='lat' dir='ltr'><strong>hoc</strong></span> <span class='ocrx_word' id='word_1_17' title='bbox 2513 453 2642 509; x_wconf 86' lang='lat' dir='ltr'><strong>mihi</strong></span> <span class='ocrx_word' id='word_1_18' title='bbox 2684 453 2855 510; x_wconf 76' lang='lat' dir='ltr'><strong>Solum</strong></span> <span class='ocrx_word' id='word_1_19' title='bbox 2887 453 3099 525; x_wconf 85' lang='lat' dir='ltr'><strong>signum</strong></span> <span class='ocrx_word' id='word_1_20' title='bbox 3132 452 3436 510; x_wconf 85' lang='lat' dir='ltr'><strong>addendum</strong></span> 
     </span>
    </p>
   </div>
   <div class='ocr_carea' id='block_1_5' title="bbox 206 523 1768 591">
    <p class='ocr_par' dir='ltr' id='par_1_5' title="bbox 206 523 1768 591">
     <span class='ocr_line' id='line_1_5' title="bbox 206 523 1768 591; baseline -0.001 -12"><span class='ocrx_word' id='word_1_21' title='bbox 206 523 553 591; x_wconf 66' lang='lat' dir='ltr'><strong>sentientibus</strong></span> <span class='ocrx_word' id='word_1_22' title='bbox 607 524 840 577; x_wconf 60' lang='lat' dir='ltr'><strong>testibus</strong></span> <span class='ocrx_word' id='word_1_23' title='bbox 901 533 1245 585; x_wconf 87' lang='lat' dir='ltr'><strong>memoratos,</strong></span> <span class='ocrx_word' id='word_1_24' title='bbox 1296 523 1552 591; x_wconf 89' lang='lat' dir='ltr'><strong>appellari</strong></span> <span class='ocrx_word' id='word_1_25' title='bbox 1609 537 1768 591; x_wconf 83' lang='lat' dir='ltr'><strong>posse</strong></span> 
     </span>
    </p>
   </div>
   <div class='ocr_carea' id='block_1_6' title="bbox 207 591 1768 663">
    <p class='ocr_par' dir='ltr' id='par_1_6' title="bbox 207 591 1768 663">
     <span class='ocr_line' id='line_1_6' title="bbox 207 591 1768 663; baseline 0 -18"><span class='ocrx_word' id='word_1_26' title='bbox 207 594 341 646; x_wconf 85' lang='lat' dir='ltr'><strong>tilios</strong></span> <span class='ocrx_word' id='word_1_27' title='bbox 372 602 579 663; x_wconf 88' lang='lat' dir='ltr'><strong>tantum</strong></span> <span class='ocrx_word' id='word_1_28' title='bbox 615 593 907 663; x_wconf 89' lang='lat' dir='ltr'><strong>secundum</strong></span> <span class='ocrx_word' id='word_1_29' title='bbox 936 592 1204 663; x_wconf 82' lang='lat' dir='ltr'><strong>spiritum,</strong></span> <span class='ocrx_word' id='word_1_30' title='bbox 1252 594 1391 647; x_wconf 90' lang='lat' dir='ltr'><strong>sicut</strong></span> <span class='ocrx_word' id='word_1_31' title='bbox 1440 592 1497 645; x_wconf 91' lang='lat' dir='ltr'><strong>S.</strong></span> <span class='ocrx_word' id='word_1_32' title='bbox 1538 591 1768 663; x_wconf 88' lang='lat' dir='ltr'><strong>Cyrillus</strong></span> 
     </span>
    </p>
   </div>
   <div class='ocr_carea' id='block_1_7' title="bbox 206 662 1761 783">
    <p class='ocr_par' dir='ltr' id='par_1_7' title="bbox 206 662 1761 783">
     <span class='ocr_line' id='line_1_7' title="bbox 206 662 1761 783; baseline -0.001 -67"><span class='ocrx_word' id='word_1_33' title='bbox 206 662 721 728; x_wconf 85' lang='lat' dir='ltr'><strong>Hierosolymitanus</strong></span> <span class='ocrx_word' id='word_1_34' title='bbox 748 662 1002 730; x_wconf 85' lang='lat' dir='ltr'><strong>loquitur,</strong></span> <span class='ocrx_word' id='word_1_35' title='bbox 1035 662 1123 715; x_wconf 78' lang='grc' dir='ltr'>διὰ</span> <span class='ocrx_word' id='word_1_36' title='bbox 1152 663 1530 783; x_wconf 42' lang='lat' dir='ltr'><strong>umquam.</strong></span> <span class='ocrx_word' id='word_1_37' title='bbox 1558 662 1614 715; x_wconf 89' lang='lat' dir='ltr'><strong>In</strong></span> <span class='ocrx_word' id='word_1_38' title='bbox 1656 677 1761 715; x_wconf 91' lang='lat' dir='ltr'><strong>uno</strong></span> 
     </span>
     <span class='ocr_line' id='line_1_8' title="bbox 208 731 1761 783; baseline 0 0"><span class='ocrx_word' id='word_1_39' title='bbox 208 741 349 783; x_wconf 88' lang='lat' dir='ltr'><strong>textu</strong></span> <span class='ocrx_word' id='word_1_40' title='bbox 380 731 486 783; x_wconf 88' lang='lat' dir='ltr'><strong>iam</strong></span> <span class='ocrx_word' id='word_1_41' title='bbox 517 731 760 783; x_wconf 72' lang='lat' dir='ltr'><strong>allegato.</strong></span> <span class='ocrx_word' id='word_1_42' title='bbox 791 731 983 783; x_wconf 67' lang='lat' dir='ltr'><strong>legitur</strong></span> <span class='ocrx_word' id='word_1_43' title='bbox 1013 732 1066 783; x_wconf 91' lang='lat' dir='ltr'><strong>in</strong></span> <span class='ocrx_word' id='word_1_44' title='bbox 1095 747 1213 783; x_wconf 86' lang='lat' dir='ltr'><strong>can.</strong></span> <span class='ocrx_word' id='word_1_45' title='bbox 1242 732 1297 783; x_wconf 86' lang='lat'><strong>7-</strong></span> <span class='ocrx_word' id='word_1_46' title='bbox 1380 732 1451 783; x_wconf 88' lang='lat' dir='ltr'><strong>ib.</strong></span> <span class='ocrx_word' id='word_1_47' title='bbox 1487 747 1546 783; x_wconf 87' lang='grc' dir='ltr'><strong>ιι.</strong></span> <span class='ocrx_word' id='word_1_48' title='bbox 1580 746 1761 783; x_wconf 73' lang='lat' dir='ltr'><strong>naraa.</strong></span> 
     </span>
    </p>
   </div>
   <div class='ocr_carea' id='block_1_8' title="bbox 208 731 1765 801">
    <p class='ocr_par' dir='ltr' id='par_1_8' title="bbox 208 731 1765 801">
     <span class='ocr_line' id='line_1_9' title="bbox 208 731 1765 801; baseline 0 -16"><span class='ocrx_word' id='word_1_49' title='bbox 208 741 349 785; x_wconf 85' lang='lat' dir='ltr'><strong>textu</strong></span> <span class='ocrx_word' id='word_1_50' title='bbox 375 731 486 801; x_wconf 82' lang='lat' dir='ltr'><strong>jam</strong></span> <span class='ocrx_word' id='word_1_51' title='bbox 517 731 760 801; x_wconf 82' lang='lat' dir='ltr'><strong>allegato.</strong></span> <span class='ocrx_word' id='word_1_52' title='bbox 791 731 983 799; x_wconf 80' lang='lat' dir='ltr'><strong>legitur</strong></span> <span class='ocrx_word' id='word_1_53' title='bbox 1013 732 1066 786; x_wconf 91' lang='lat' dir='ltr'><strong>in</strong></span> <span class='ocrx_word' id='word_1_54' title='bbox 1095 747 1213 801; x_wconf 90' lang='lat' dir='ltr'><strong>cap.</strong></span> <span class='ocrx_word' id='word_1_55' title='bbox 1242 731 1327 795; x_wconf 30' lang='lat'><strong>7’,&quot;</strong></span> <span class='ocrx_word' id='word_1_56' title='bbox 1355 731 1451 786; x_wconf 92' lang='lat' dir='ltr'><strong>lib.</strong></span> <span class='ocrx_word' id='word_1_57' title='bbox 1487 747 1546 797; x_wconf 88' lang='lat' dir='ltr'><strong>tt,</strong></span> <span class='ocrx_word' id='word_1_58' title='bbox 1580 746 1765 800; x_wconf 83' lang='lat' dir='ltr'><strong>parag.</strong></span> 
     </span>
    </p>
   </div>
   <div class='ocr_carea' id='block_1_9' title="bbox 206 800 1767 872">
    <p class='ocr_par' dir='ltr' id='par_1_9' title="bbox 206 800 1767 872">
     <span class='ocr_line' id='line_1_10' title="bbox 206 800 1767 872; baseline -0.001 -17"><span class='ocrx_word' id='word_1_59' title='bbox 206 802 273 855; x_wconf 92' lang='lat'><strong>8:</strong></span> <span class='ocrx_word' id='word_1_60' title='bbox 307 800 511 872; x_wconf 81' lang='grc' dir='ltr'><strong>Κέρδος</strong></span> <span class='ocrx_word' id='word_1_61' title='bbox 536 800 645 872; x_wconf 83' lang='grc' dir='ltr'><strong>γὰρ</strong></span> <span class='ocrx_word' id='word_1_62' title='bbox 673 800 1047 871; x_wconf 80' lang='grc' dir='ltr'><strong>μέγιστον.....</strong></span> <span class='ocrx_word' id='word_1_63' title='bbox 1093 802 1143 855; x_wconf 96' lang='lat' dir='ltr'><strong>id</strong></span> <span class='ocrx_word' id='word_1_64' title='bbox 1166 800 1261 856; x_wconf 87' lang='lat' dir='ltr'><strong>est</strong></span> <span class='ocrx_word' id='word_1_65' title='bbox 1290 817 1304 853; x_wconf 89' lang='lat'><strong>:</strong></span> <span class='ocrx_word' id='word_1_66' title='bbox 1339 819 1357 852; x_wconf 78' lang='lat' dir='ltr'><strong>t</strong></span> <span class='ocrx_word' id='word_1_67' title='bbox 1382 801 1513 855; x_wconf 77' lang='lat' dir='ltr'><strong>Nam</strong></span> <span class='ocrx_word' id='word_1_68' title='bbox 1560 801 1767 855; x_wconf 89' lang='lat' dir='ltr'><strong>lucrum</strong></span> 
     </span>
    </p>
   </div>
   <div class='ocr_carea' id='block_1_10' title="bbox 206 872 1767 940">
    <p class='ocr_par' dir='ltr' id='par_1_10' title="bbox 206 872 1767 940">
     <span class='ocr_line' id='line_1_11' title="bbox 206 872 1767 940; baseline -0.003 -15"><span class='ocrx_word' id='word_1_69' title='bbox 206 872 497 925; x_wconf 72' lang='lat' dir='ltr'><strong>maximum</strong></span> <span class='ocrx_word' id='word_1_70' title='bbox 526 879 579 923; x_wconf 91' lang='lat' dir='ltr'><strong>et</strong></span> <span class='ocrx_word' id='word_1_71' title='bbox 607 881 863 924; x_wconf 69' lang='lat' dir='ltr'><strong>aeternum</strong></span> <span class='ocrx_word' id='word_1_72' title='bbox 902 879 1029 939; x_wconf 91' lang='lat' dir='ltr'><strong>puto</strong></span> <span class='ocrx_word' id='word_1_73' title='bbox 1066 872 1168 925; x_wconf 92' lang='lat' dir='ltr'><strong>mei</strong></span> <span class='ocrx_word' id='word_1_74' title='bbox 1196 872 1365 940; x_wconf 84' lang='lat' dir='ltr'><strong>ipsius</strong></span> <span class='ocrx_word' id='word_1_75' title='bbox 1386 911 1401 931; x_wconf 87' lang='lat'><strong>.</strong></span> <span class='ocrx_word' id='word_1_76' title='bbox 1451 878 1506 923; x_wconf 91' lang='lat' dir='ltr'><strong>et</strong></span> <span class='ocrx_word' id='word_1_77' title='bbox 1558 886 1767 933; x_wconf 87' lang='lat' dir='ltr'><strong>eorum,</strong></span> 
     </span>
    </p>
   </div>
   <div class='ocr_carea' id='block_1_11' title="bbox 206 940 1766 1010">
    <p class='ocr_par' dir='ltr' id='par_1_11' title="bbox 206 940 1766 1010">
     <span class='ocr_line' id='line_1_12' title="bbox 206 940 1766 1010; baseline 0.001 -18"><span class='ocrx_word' id='word_1_78' title='bbox 206 940 295 1009; x_wconf 85' lang='lat' dir='ltr'><strong>qui</strong></span> <span class='ocrx_word' id='word_1_79' title='bbox 329 956 397 993; x_wconf 76' lang='lat' dir='ltr'><strong>ex</strong></span> <span class='ocrx_word' id='word_1_80' title='bbox 430 940 648 1010; x_wconf 10' lang='lat' dir='ltr'><strong>meiorti</strong></span> <span class='ocrx_word' id='word_1_81' title='bbox 683 952 829 1005; x_wconf 89' lang='lat' dir='ltr'><strong>sunt,</strong></span> <span class='ocrx_word' id='word_1_82' title='bbox 865 954 1160 1009; x_wconf 92' lang='lat' dir='ltr'><strong>eorumque</strong></span> <span class='ocrx_word' id='word_1_83' title='bbox 1188 942 1278 1010; x_wconf 89' lang='lat' dir='ltr'><strong>qui</strong></span> <span class='ocrx_word' id='word_1_84' title='bbox 1309 941 1590 995; x_wconf 89' lang='lat' dir='ltr'><strong>nobiscum</strong></span> <span class='ocrx_word' id='word_1_85' title='bbox 1618 952 1766 1004; x_wconf 89' lang='lat' dir='ltr'><strong>sunt,</strong></span> 
     </span>
    </p>
   </div>
   <div class='ocr_carea' id='block_1_12' title="bbox 202 1009 1768 1081">
    <p class='ocr_par' dir='ltr' id='par_1_12' title="bbox 202 1009 1768 1081">
     <span class='ocr_line' id='line_1_13' title="bbox 202 1009 1768 1081; baseline 0.002 -20"><span class='ocrx_word' id='word_1_86' title='bbox 202 1025 421 1081; x_wconf 86' lang='lat' dir='ltr'><strong>onmem</strong></span> <span class='ocrx_word' id='word_1_87' title='bbox 472 1009 708 1063; x_wconf 87' lang='lat' dir='ltr'><strong>laborem</strong></span> <span class='ocrx_word' id='word_1_88' title='bbox 757 1020 995 1073; x_wconf 91' lang='lat' dir='ltr'><strong>strenue,</strong></span> <span class='ocrx_word' id='word_1_89' title='bbox 1048 1024 1112 1065; x_wconf 88' lang='lat' dir='ltr'><strong>ac</strong></span> <span class='ocrx_word' id='word_1_90' title='bbox 1168 1009 1497 1081; x_wconf 81' lang='lat' dir='ltr'><strong>periculum,</strong></span> <span class='ocrx_word' id='word_1_91' title='bbox 1545 1010 1768 1081; x_wconf 14' lang='lat' dir='ltr'><strong>sigopus</strong></span> 
     </span>
    </p>
   </div>
   <div class='ocr_carea' id='block_1_13' title="bbox 204 1079 1771 1148">
    <p class='ocr_par' dir='ltr' id='par_1_13' title="bbox 204 1079 1771 1148">
     <span class='ocr_line' id='line_1_14' title="bbox 204 1079 1771 1148; baseline 0 -15"><span class='ocrx_word' id='word_1_92' title='bbox 204 1080 390 1142; x_wconf 80' lang='lat' dir='ltr'><strong>fuerit,</strong></span> <span class='ocrx_word' id='word_1_93' title='bbox 421 1081 603 1133; x_wconf 88' lang='lat' dir='ltr'><strong>subire</strong></span> <span class='ocrx_word' id='word_1_94' title='bbox 663 1094 760 1147; x_wconf 87' lang='lat' dir='ltr'><strong>pro</strong></span> <span class='ocrx_word' id='word_1_95' title='bbox 799 1094 864 1133; x_wconf 92' lang='lat' dir='ltr'><strong>eo</strong></span> <span class='ocrx_word' id='word_1_96' title='bbox 905 1081 995 1148; x_wconf 91' lang='lat' dir='ltr'><strong>qui</strong></span> <span class='ocrx_word' id='word_1_97' title='bbox 1048 1095 1144 1133; x_wconf 91' lang='lat' dir='ltr'><strong>nos</strong></span> <span class='ocrx_word' id='word_1_98' title='bbox 1171 1079 1406 1135; x_wconf 49' lang='lat' dir='ltr'><strong>&#39;fecit....</strong></span> <span class='ocrx_word' id='word_1_99' title='bbox 1460 1079 1771 1148; x_wconf 84' lang='lat' dir='ltr'><strong>Supplicate</strong></span> 
     </span>
    </p>
   </div>
   <div class='ocr_carea' id='block_1_14' title="bbox 203 1148 1768 1219">
    <p class='ocr_par' dir='ltr' id='par_1_14' title="bbox 203 1148 1768 1219">
     <span class='ocr_line' id='line_1_15' title="bbox 203 1148 1768 1219; baseline 0.002 -18"><span class='ocrx_word' id='word_1_100' title='bbox 203 1149 550 1218; x_wconf 76' lang='lat' dir='ltr'><strong>peculiariter</strong></span> <span class='ocrx_word' id='word_1_101' title='bbox 580 1163 678 1217; x_wconf 91' lang='lat' dir='ltr'><strong>pro</strong></span> <span class='ocrx_word' id='word_1_102' title='bbox 722 1164 828 1213; x_wconf 88' lang='lat' dir='ltr'><strong>me,</strong></span> <span class='ocrx_word' id='word_1_103' title='bbox 868 1159 921 1202; x_wconf 91' lang='lat' dir='ltr'><strong>ct</strong></span> <span class='ocrx_word' id='word_1_104' title='bbox 960 1164 1055 1218; x_wconf 90' lang='lat' dir='ltr'><strong>pro</strong></span> <span class='ocrx_word' id='word_1_105' title='bbox 1083 1150 1151 1204; x_wconf 87' lang='lat' dir='ltr'><strong>iis</strong></span> <span class='ocrx_word' id='word_1_106' title='bbox 1176 1151 1266 1219; x_wconf 88' lang='lat' dir='ltr'><strong>qui</strong></span> <span class='ocrx_word' id='word_1_107' title='bbox 1324 1151 1458 1219; x_wconf 77' lang='lat' dir='ltr'><strong>(orti</strong></span> <span class='ocrx_word' id='word_1_108' title='bbox 1486 1148 1648 1218; x_wconf 87' lang='lat' dir='ltr'><strong>sunt)</strong></span> <span class='ocrx_word' id='word_1_109' title='bbox 1699 1165 1768 1204; x_wconf 82' lang='lat' dir='ltr'><strong>ex</strong></span> 
     </span>
    </p>
   </div>
   <div class='ocr_carea' id='block_1_15' title="bbox 203 1219 1768 1289">
    <p class='ocr_par' dir='ltr' id='par_1_15' title="bbox 203 1219 1768 1289">
     <span class='ocr_line' id='line_1_16' title="bbox 203 1219 1768 1289; baseline 0 -17"><span class='ocrx_word' id='word_1_110' title='bbox 203 1233 311 1283; x_wconf 70' lang='lat' dir='ltr'><strong>nte,</strong></span> <span class='ocrx_word' id='word_1_111' title='bbox 346 1235 409 1272; x_wconf 89' lang='lat' dir='ltr'><strong>ac</strong></span> <span class='ocrx_word' id='word_1_112' title='bbox 438 1233 535 1288; x_wconf 89' lang='lat' dir='ltr'><strong>pro</strong></span> <span class='ocrx_word' id='word_1_113' title='bbox 562 1219 628 1272; x_wconf 92' lang='lat' dir='ltr'><strong>iis</strong></span> <span class='ocrx_word' id='word_1_114' title='bbox 654 1219 743 1288; x_wconf 89' lang='lat' dir='ltr'><strong>qui</strong></span> <span class='ocrx_word' id='word_1_115' title='bbox 775 1233 984 1273; x_wconf 90' lang='lat' dir='ltr'><strong>mecum</strong></span> <span class='ocrx_word' id='word_1_116' title='bbox 1008 1229 1159 1289; x_wconf 87' lang='lat' dir='ltr'><strong>sunt,</strong></span> <span class='ocrx_word' id='word_1_117' title='bbox 1192 1230 1247 1273; x_wconf 89' lang='lat' dir='ltr'><strong>et</strong></span> <span class='ocrx_word' id='word_1_118' title='bbox 1272 1234 1369 1289; x_wconf 91' lang='lat' dir='ltr'><strong>pro</strong></span> <span class='ocrx_word' id='word_1_119' title='bbox 1403 1219 1768 1274; x_wconf 91' lang='lat' dir='ltr'><strong>omnibus.....</strong></span> 
     </span>
    </p>
   </div>
   <div class='ocr_carea' id='block_1_16' title="bbox 203 1288 1768 1355">
    <p class='ocr_par' dir='ltr' id='par_1_16' title="bbox 203 1288 1768 1355">
     <span class='ocr_line' id='line_1_17' title="bbox 203 1288 1768 1355; baseline 0.002 -15"><span class='ocrx_word' id='word_1_120' title='bbox 203 1299 381 1341; x_wconf 90' lang='lat' dir='ltr'><strong>ut.....</strong></span> <span class='ocrx_word' id='word_1_121' title='bbox 414 1304 510 1341; x_wconf 85' lang='lat' dir='ltr'><strong>nos</strong></span> <span class='ocrx_word' id='word_1_122' title='bbox 539 1303 661 1343; x_wconf 86' lang='lat' dir='ltr'><strong>cum</strong></span> <span class='ocrx_word' id='word_1_123' title='bbox 685 1289 935 1343; x_wconf 85' lang='lat' dir='ltr'><strong>omnibus</strong></span> <span class='ocrx_word' id='word_1_124' title='bbox 967 1288 1111 1355; x_wconf 89' lang='lat' dir='ltr'><strong>liliis,</strong></span> <span class='ocrx_word' id='word_1_125' title='bbox 1145 1304 1265 1342; x_wconf 92' lang='lat' dir='ltr'><strong>cum</strong></span> <span class='ocrx_word' id='word_1_126' title='bbox 1300 1300 1407 1342; x_wconf 87' lang='lat' dir='ltr'><strong>tota</strong></span> <span class='ocrx_word' id='word_1_127' title='bbox 1439 1289 1617 1350; x_wconf 89' lang='lat' dir='ltr'><strong>domo,</strong></span> <span class='ocrx_word' id='word_1_128' title='bbox 1648 1304 1768 1343; x_wconf 89' lang='lat' dir='ltr'><strong>cum</strong></span> 
     </span>
    </p>
   </div>
   <div class='ocr_carea' id='block_1_17' title="bbox 205 1357 1771 1426">
    <p class='ocr_par' dir='ltr' id='par_1_17' title="bbox 205 1357 1771 1426">
     <span class='ocr_line' id='line_1_18' title="bbox 205 1357 1771 1426; baseline -0.001 -15"><span class='ocrx_word' id='word_1_129' title='bbox 205 1367 318 1411; x_wconf 89' lang='lat' dir='ltr'><strong>tota</strong></span> <span class='ocrx_word' id='word_1_130' title='bbox 370 1357 592 1419; x_wconf 85' lang='lat' dir='ltr'><strong>familia,</strong></span> <span class='ocrx_word' id='word_1_131' title='bbox 649 1367 704 1411; x_wconf 92' lang='lat' dir='ltr'><strong>et</strong></span> <span class='ocrx_word' id='word_1_132' title='bbox 746 1373 867 1410; x_wconf 92' lang='lat' dir='ltr'><strong>cum</strong></span> <span class='ocrx_word' id='word_1_133' title='bbox 905 1359 1152 1411; x_wconf 89' lang='lat' dir='ltr'><strong>omnibus</strong></span> <span class='ocrx_word' id='word_1_134' title='bbox 1195 1358 1383 1412; x_wconf 87' lang='lat' dir='ltr'><strong>amicis</strong></span> <span class='ocrx_word' id='word_1_135' title='bbox 1421 1358 1614 1426; x_wconf 87' lang='lat' dir='ltr'><strong>(amici</strong></span> <span class='ocrx_word' id='word_1_136' title='bbox 1644 1373 1771 1413; x_wconf 88' lang='lat' dir='ltr'><strong>vero</strong></span> 
     </span>
    </p>
   </div>
   <div class='ocr_carea' id='block_1_18' title="bbox 202 1427 1774 1497">
    <p class='ocr_par' dir='ltr' id='par_1_18' title="bbox 202 1427 1774 1497">
     <span class='ocr_line' id='line_1_19' title="bbox 202 1427 1774 1497; baseline 0.001 -18"><span class='ocrx_word' id='word_1_137' title='bbox 202 1427 364 1481; x_wconf 89' lang='lat' dir='ltr'><strong>nobis</strong></span> <span class='ocrx_word' id='word_1_138' title='bbox 387 1437 513 1481; x_wconf 89' lang='lat' dir='ltr'><strong>sunt</strong></span> <span class='ocrx_word' id='word_1_139' title='bbox 549 1427 868 1497; x_wconf 86' lang='lat' dir='ltr'><strong>orthodoxi)</strong></span> <span class='ocrx_word' id='word_1_140' title='bbox 896 1443 1198 1482; x_wconf 85' lang='lat' dir='ltr'><strong>mereamur</strong></span> <span class='ocrx_word' id='word_1_141' title='bbox 1236 1431 1512 1483; x_wconf 87' lang='lat' dir='ltr'><strong>vobiscum</strong></span> <span class='ocrx_word' id='word_1_142' title='bbox 1552 1444 1675 1497; x_wconf 88' lang='lat' dir='ltr'><strong>una,</strong></span> <span class='ocrx_word' id='word_1_143' title='bbox 1718 1436 1774 1481; x_wconf 90' lang='lat' dir='ltr'><strong>et</strong></span> 
     </span>
    </p>
   </div>
   <div class='ocr_carea' id='block_1_19' title="bbox 200 1496 1771 1559">
    <p class='ocr_par' dir='ltr' id='par_1_19' title="bbox 200 1496 1771 1559">
     <span class='ocr_line' id='line_1_20' title="bbox 200 1496 1771 1559; baseline 0.001 -11"><span class='ocrx_word' id='word_1_144' title='bbox 200 1512 326 1549; x_wconf 88' lang='lat' dir='ltr'><strong>cum</strong></span> <span class='ocrx_word' id='word_1_145' title='bbox 382 1500 631 1551; x_wconf 89' lang='lat' dir='ltr'><strong>omnibus</strong></span> <span class='ocrx_word' id='word_1_146' title='bbox 668 1496 871 1552; x_wconf 86' lang='lat' dir='ltr'><strong>sanctis</strong></span> <span class='ocrx_word' id='word_1_147' title='bbox 937 1512 1053 1551; x_wconf 90' lang='lat' dir='ltr'><strong>eam</strong></span> <span class='ocrx_word' id='word_1_148' title='bbox 1107 1497 1342 1559; x_wconf 89' lang='lat' dir='ltr'><strong>laudare,</strong></span> <span class='ocrx_word' id='word_1_149' title='bbox 1408 1507 1490 1550; x_wconf 91' lang='lat' dir='ltr'><strong>ter</strong></span> <span class='ocrx_word' id='word_1_150' title='bbox 1546 1496 1771 1550; x_wconf 82' lang='lat' dir='ltr'><strong>Sanctus</strong></span> 
     </span>
    </p>
   </div>
   <div class='ocr_carea' id='block_1_20' title="bbox 202 1566 1772 1637">
    <p class='ocr_par' dir='ltr' id='par_1_20' title="bbox 202 1566 1772 1637">
     <span class='ocr_line' id='line_1_21' title="bbox 202 1566 1772 1637; baseline -0.001 -15"><span class='ocrx_word' id='word_1_151' title='bbox 202 1569 471 1628; x_wconf 86' lang='lat' dir='ltr'><strong>canendo,</strong></span> <span class='ocrx_word' id='word_1_152' title='bbox 521 1570 573 1619; x_wconf 91' lang='lat' dir='ltr'><strong>in</strong></span> <span class='ocrx_word' id='word_1_153' title='bbox 618 1568 784 1624; x_wconf 61' lang='lat' dir='ltr'><strong>coriis.</strong></span> <span class='ocrx_word' id='word_1_154' title='bbox 821 1585 839 1618; x_wconf 71' lang='grc' dir='ltr'><strong>ι</strong></span> <span class='ocrx_word' id='word_1_155' title='bbox 882 1578 987 1620; x_wconf 88' lang='lat' dir='ltr'><strong>etc.</strong></span> <span class='ocrx_word' id='word_1_156' title='bbox 1017 1585 1030 1619; x_wconf 88' lang='lat'><strong>:</strong></span> <span class='ocrx_word' id='word_1_157' title='bbox 1061 1566 1127 1620; x_wconf 90' lang='lat' dir='ltr'><strong>Et</strong></span> <span class='ocrx_word' id='word_1_158' title='bbox 1164 1567 1218 1637; x_wconf 79' lang='lat' dir='ltr'><strong>in</strong></span> <span class='ocrx_word' id='word_1_159' title='bbox 1252 1582 1371 1637; x_wconf 88' lang='lat' dir='ltr'><strong>cap.</strong></span> <span class='ocrx_word' id='word_1_160' title='bbox 1409 1567 1479 1621; x_wconf 71' lang='lat'><strong>27</strong></span> <span class='ocrx_word' id='word_1_161' title='bbox 1533 1566 1772 1637; x_wconf 77' lang='lat' dir='ltr'><strong>ejusdem</strong></span> 
     </span>
    </p>
   </div>
   <div class='ocr_carea' id='block_1_21' title="bbox 198 1635 1772 1710">
    <p class='ocr_par' dir='ltr' id='par_1_21' title="bbox 198 1635 1772 1710">
     <span class='ocr_line' id='line_1_22' title="bbox 198 1635 1772 1710; baseline -0.001 -20"><span class='ocrx_word' id='word_1_162' title='bbox 198 1638 324 1710; x_wconf 84' lang='lat' dir='ltr'><strong>libri</strong></span> <span class='ocrx_word' id='word_1_163' title='bbox 362 1652 376 1689; x_wconf 89' lang='lat'>:</span> <span class='ocrx_word' id='word_1_164' title='bbox 409 1637 674 1707; x_wconf 81' lang='grc' dir='ltr'><strong>Λίσσομαι</strong></span> <span class='ocrx_word' id='word_1_165' title='bbox 705 1637 841 1707; x_wconf 82' lang='grc' dir='ltr'>ὑπὲρ</span> <span class='ocrx_word' id='word_1_166' title='bbox 866 1636 959 1690; x_wconf 81' lang='grc' dir='ltr'><strong>τοῦ</strong></span> <span class='ocrx_word' id='word_1_167' title='bbox 986 1635 1291 1710; x_wconf 62' lang='grc' dir='ltr'><strong>ἐμαυτοῦ...</strong></span> <span class='ocrx_word' id='word_1_168' title='bbox 1424 1646 1507 1691; x_wconf 87' lang='lat' dir='ltr'><strong>est</strong></span> <span class='ocrx_word' id='word_1_169' title='bbox 1539 1655 1553 1691; x_wconf 87' lang='lat'><strong>:</strong></span> <span class='ocrx_word' id='word_1_170' title='bbox 1596 1654 1614 1687; x_wconf 77' lang='grc' dir='ltr'><strong>ι</strong></span> <span class='ocrx_word' id='word_1_171' title='bbox 1637 1636 1772 1705; x_wconf 86' lang='lat' dir='ltr'><strong>Sup-</strong></span> 
     </span>
    </p>
   </div>
   <div class='ocr_carea' id='block_1_22' title="bbox 196 1707 1769 1777">
    <p class='ocr_par' dir='ltr' id='par_1_22' title="bbox 196 1707 1769 1777">
     <span class='ocr_line' id='line_1_23' title="bbox 196 1707 1769 1777; baseline -0.002 -16"><span class='ocrx_word' id='word_1_172' title='bbox 196 1709 346 1777; x_wconf 90' lang='lat' dir='ltr'><strong>plico</strong></span> <span class='ocrx_word' id='word_1_173' title='bbox 374 1722 472 1773; x_wconf 90' lang='lat' dir='ltr'><strong>pro</strong></span> <span class='ocrx_word' id='word_1_174' title='bbox 508 1721 590 1759; x_wconf 91' lang='lat' dir='ltr'><strong>me</strong></span> <span class='ocrx_word' id='word_1_175' title='bbox 626 1710 759 1776; x_wconf 90' lang='lat' dir='ltr'><strong>ipso,</strong></span> <span class='ocrx_word' id='word_1_176' title='bbox 786 1716 839 1759; x_wconf 89' lang='lat' dir='ltr'><strong>et</strong></span> <span class='ocrx_word' id='word_1_177' title='bbox 862 1722 959 1775; x_wconf 91' lang='lat' dir='ltr'><strong>pro</strong></span> <span class='ocrx_word' id='word_1_178' title='bbox 1001 1707 1065 1760; x_wconf 79' lang='lat' dir='ltr'><strong>iis</strong></span> <span class='ocrx_word' id='word_1_179' title='bbox 1124 1708 1212 1775; x_wconf 92' lang='lat' dir='ltr'><strong>qui</strong></span> <span class='ocrx_word' id='word_1_180' title='bbox 1249 1707 1356 1761; x_wconf 89' lang='lat' dir='ltr'><strong>nati</strong></span> <span class='ocrx_word' id='word_1_181' title='bbox 1386 1714 1620 1777; x_wconf 78' lang='lat' dir='ltr'><strong>suntex</strong></span> <span class='ocrx_word' id='word_1_182' title='bbox 1664 1722 1769 1777; x_wconf 83' lang='lat' dir='ltr'><strong>me,</strong></span> 
     </span>
    </p>
   </div>
   <div class='ocr_carea' id='block_1_23' title="bbox 1871 524 3439 590">
    <p class='ocr_par' dir='ltr' id='par_1_23' title="bbox 1871 524 3439 590">
     <span class='ocr_line' id='line_1_24' title="bbox 1871 524 3439 590; baseline 0.003 -15"><span class='ocrx_word' id='word_1_183' title='bbox 1871 534 2136 590; x_wconf 86' lang='lat' dir='ltr'><strong>superest,</strong></span> <span class='ocrx_word' id='word_1_184' title='bbox 2195 539 2300 590; x_wconf 82' lang='lat' dir='ltr'><strong>quo</strong></span> <span class='ocrx_word' id='word_1_185' title='bbox 2353 524 2643 589; x_wconf 80' lang='lat' dir='ltr'><strong>mediante,</strong></span> <span class='ocrx_word' id='word_1_186' title='bbox 2702 526 2745 578; x_wconf 89' lang='lat' dir='ltr'><strong>si</strong></span> <span class='ocrx_word' id='word_1_187' title='bbox 2804 525 2961 588; x_wconf 78' lang='lat' dir='ltr'><strong>forte,</strong></span> <span class='ocrx_word' id='word_1_188' title='bbox 3020 525 3161 579; x_wconf 84' lang='lat' dir='ltr'><strong>sicut</strong></span> <span class='ocrx_word' id='word_1_189' title='bbox 3216 525 3439 580; x_wconf 85' lang='lat' dir='ltr'><strong>credere</strong></span> 
     </span>
    </p>
   </div>
   <div class='ocr_carea' id='block_1_24' title="bbox 1870 591 3438 663">
    <p class='ocr_par' dir='ltr' id='par_1_24' title="bbox 1870 591 3438 663">
     <span class='ocr_line' id='line_1_25' title="bbox 1870 591 3438 663; baseline 0 -16"><span class='ocrx_word' id='word_1_190' title='bbox 1870 591 2017 658; x_wconf 90' lang='lat' dir='ltr'><strong>licet,</strong></span> <span class='ocrx_word' id='word_1_191' title='bbox 2057 594 2108 663; x_wconf 87' lang='lat' dir='ltr'><strong>in</strong></span> <span class='ocrx_word' id='word_1_192' title='bbox 2141 594 2320 661; x_wconf 88' lang='lat' dir='ltr'><strong>aliqua</strong></span> <span class='ocrx_word' id='word_1_193' title='bbox 2355 595 2580 663; x_wconf 70' lang='lat' dir='ltr'><strong>Europa:</strong></span> <span class='ocrx_word' id='word_1_194' title='bbox 2624 594 2949 649; x_wconf 83' lang='lat' dir='ltr'><strong>bibliotheca</strong></span> <span class='ocrx_word' id='word_1_195' title='bbox 2988 593 3254 663; x_wconf 80' lang='lat' dir='ltr'><strong>quoddam</strong></span> <span class='ocrx_word' id='word_1_196' title='bbox 3305 594 3438 647; x_wconf 56' lang='lat' dir='ltr'><strong>alte.</strong></span> 
     </span>
    </p>
   </div>
   <div class='ocr_carea' id='block_1_25' title="bbox 1874 662 3441 733">
    <p class='ocr_par' dir='ltr' id='par_1_25' title="bbox 1874 662 3441 733">
     <span class='ocr_line' id='line_1_26' title="bbox 1874 662 3441 733; baseline 0.003 -20"><span class='ocrx_word' id='word_1_197' title='bbox 1874 678 1990 733; x_wconf 85' lang='lat' dir='ltr'><strong>r_um</strong></span> <span class='ocrx_word' id='word_1_198' title='bbox 2020 662 2178 730; x_wconf 85' lang='lat' dir='ltr'><strong>hujus</strong></span> <span class='ocrx_word' id='word_1_199' title='bbox 2205 663 2395 731; x_wconf 89' lang='lat' dir='ltr'><strong>Operis</strong></span> <span class='ocrx_word' id='word_1_200' title='bbox 2419 662 2697 733; x_wconf 75' lang='lat' dir='ltr'><strong>exemplar</strong></span> <span class='ocrx_word' id='word_1_201' title='bbox 2723 664 3162 733; x_wconf 84' lang='lat' dir='ltr'><strong>absconderetur,</strong></span> <span class='ocrx_word' id='word_1_202' title='bbox 3174 662 3287 730; x_wconf 89' lang='lat' dir='ltr'><strong>jam</strong></span> <span class='ocrx_word' id='word_1_203' title='bbox 3312 663 3441 717; x_wconf 90' lang='lat' dir='ltr'><strong>illud</strong></span> 
     </span>
    </p>
   </div>
   <div class='ocr_carea' id='block_1_26' title="bbox 1871 731 3444 803">
    <p class='ocr_par' dir='ltr' id='par_1_26' title="bbox 1871 731 3444 803">
     <span class='ocr_line' id='line_1_27' title="bbox 1871 731 3444 803; baseline 0.001 -17"><span class='ocrx_word' id='word_1_204' title='bbox 1871 731 2085 803; x_wconf 69' lang='lat' dir='ltr'><strong>facilius</strong></span> <span class='ocrx_word' id='word_1_205' title='bbox 2126 734 2454 803; x_wconf 74' lang='lat' dir='ltr'><strong>detegiaut</strong></span> <span class='ocrx_word' id='word_1_206' title='bbox 2520 731 2745 787; x_wconf 86' lang='lat' dir='ltr'><strong>inveniri</strong></span> <span class='ocrx_word' id='word_1_207' title='bbox 2795 741 2998 803; x_wconf 80' lang='lat' dir='ltr'><strong>posset.</strong></span> <span class='ocrx_word' id='word_1_208' title='bbox 3044 732 3178 803; x_wconf 81' lang='lat' dir='ltr'><strong>Nam</strong></span> <span class='ocrx_word' id='word_1_209' title='bbox 3233 732 3444 803; x_wconf 84' lang='lat' dir='ltr'><strong>primus</strong></span> 
     </span>
    </p>
   </div>
   <div class='ocr_carea' id='block_1_27' title="bbox 1873 801 3445 873">
    <p class='ocr_par' dir='ltr' id='par_1_27' title="bbox 1873 801 3445 873">
     <span class='ocr_line' id='line_1_28' title="bbox 1873 801 3445 873; baseline -0.001 -19"><span class='ocrx_word' id='word_1_210' title='bbox 1873 801 2008 856; x_wconf 85' lang='lat' dir='ltr'><strong>liber</strong></span> <span class='ocrx_word' id='word_1_211' title='bbox 2054 803 2145 873; x_wconf 75' lang='lat' dir='ltr'><strong>bis</strong></span> <span class='ocrx_word' id='word_1_212' title='bbox 2165 802 2522 873; x_wconf 85' lang='lat' dir='ltr'><strong>_c0ncluditur</strong></span> <span class='ocrx_word' id='word_1_213' title='bbox 2571 804 2750 858; x_wconf 87' lang='lat' dir='ltr'><strong>verbis</strong></span> <span class='ocrx_word' id='word_1_214' title='bbox 2784 801 2807 855; x_wconf 38' lang='lat'><strong>:_</strong></span> <span class='ocrx_word' id='word_1_215' title='bbox 2843 804 2930 866; x_wconf 84' lang='grc' dir='ltr'><em>Ὠς</em></span> <span class='ocrx_word' id='word_1_216' title='bbox 2972 804 3042 856; x_wconf 84' lang='grc' dir='ltr'><strong>τὰ</strong></span> <span class='ocrx_word' id='word_1_217' title='bbox 3080 802 3188 857; x_wconf 83' lang='grc' dir='ltr'>τῶν</span> <span class='ocrx_word' id='word_1_218' title='bbox 3233 801 3445 873; x_wconf 76' lang='grc' dir='ltr'><strong>ἀνθρώ-</strong></span> 
     </span>
    </p>
   </div>
   <div class='ocr_carea' id='block_1_28' title="bbox 1872 871 3441 941">
    <p class='ocr_par' dir='ltr' id='par_1_28' title="bbox 1872 871 3441 941">
     <span class='ocr_line' id='line_1_29' title="bbox 1872 871 3441 941; baseline -0.001 -17"><span class='ocrx_word' id='word_1_219' title='bbox 1872 888 2009 934; x_wconf 79' lang='grc' dir='ltr'><strong>πων,</strong></span> <span class='ocrx_word' id='word_1_220' title='bbox 2038 881 2092 925; x_wconf 90' lang='lat' dir='ltr'><strong>et</strong></span> <span class='ocrx_word' id='word_1_221' title='bbox 2116 871 2185 926; x_wconf 79' lang='lat'><strong>36</strong></span> <span class='ocrx_word' id='word_1_222' title='bbox 2213 873 2386 940; x_wconf 87' lang='lat' dir='ltr'><strong>capita</strong></span> <span class='ocrx_word' id='word_1_223' title='bbox 2429 872 2610 934; x_wconf 89' lang='lat' dir='ltr'><strong>habet,</strong></span> <span class='ocrx_word' id='word_1_224' title='bbox 2647 888 2873 940; x_wconf 88' lang='lat' dir='ltr'><strong>quormu</strong></span> <span class='ocrx_word' id='word_1_225' title='bbox 2902 888 2995 926; x_wconf 86' lang='lat' dir='ltr'><strong>sex</strong></span> <span class='ocrx_word' id='word_1_226' title='bbox 3023 874 3195 940; x_wconf 89' lang='lat' dir='ltr'><strong>prima</strong></span> <span class='ocrx_word' id='word_1_227' title='bbox 3229 871 3441 941; x_wconf 77' lang='lat' dir='ltr'><strong>integra</strong></span> 
     </span>
    </p>
   </div>
   <div class='ocr_carea' id='block_1_29' title="bbox 1873 942 3439 1010">
    <p class='ocr_par' dir='ltr' id='par_1_29' title="bbox 1873 942 3439 1010">
     <span class='ocr_line' id='line_1_30' title="bbox 1873 942 3439 1010; baseline -0.002 -15"><span class='ocrx_word' id='word_1_228' title='bbox 1873 942 2066 996; x_wconf 91' lang='lat' dir='ltr'><strong>desunt</strong></span> <span class='ocrx_word' id='word_1_229' title='bbox 2122 942 2173 996; x_wconf 91' lang='lat' dir='ltr'><strong>in</strong></span> <span class='ocrx_word' id='word_1_230' title='bbox 2247 956 2365 996; x_wconf 88' lang='lat' dir='ltr'><strong>meo</strong></span> <span class='ocrx_word' id='word_1_231' title='bbox 2405 942 2721 1009; x_wconf 87' lang='lat' dir='ltr'><strong>exemplari,</strong></span> <span class='ocrx_word' id='word_1_232' title='bbox 2756 953 2809 996; x_wconf 90' lang='lat' dir='ltr'><strong>et</strong></span> <span class='ocrx_word' id='word_1_233' title='bbox 2861 944 3195 1010; x_wconf 84' lang='lat' dir='ltr'><strong>sequentium</strong></span> <span class='ocrx_word' id='word_1_234' title='bbox 3246 957 3439 1009; x_wconf 87' lang='lat' dir='ltr'><strong>magna</strong></span> 
     </span>
    </p>
   </div>
   <div class='ocr_carea' id='block_1_30' title="bbox 1872 1011 3443 1080">
    <p class='ocr_par' dir='ltr' id='par_1_30' title="bbox 1872 1011 3443 1080">
     <span class='ocr_line' id='line_1_31' title="bbox 1872 1011 3443 1080; baseline -0.001 -16"><span class='ocrx_word' id='word_1_235' title='bbox 1872 1026 1998 1080; x_wconf 88' lang='lat' dir='ltr'><strong>pars</strong></span> <span class='ocrx_word' id='word_1_236' title='bbox 2045 1026 2215 1077; x_wconf 92' lang='lat' dir='ltr'><strong>usque</strong></span> <span class='ocrx_word' id='word_1_237' title='bbox 2255 1013 2318 1064; x_wconf 89' lang='lat' dir='ltr'><strong>ad</strong></span> <span class='ocrx_word' id='word_1_238' title='bbox 2358 1011 2603 1080; x_wconf 85' lang='lat' dir='ltr'><strong>quintum</strong></span> <span class='ocrx_word' id='word_1_239' title='bbox 2653 1014 2940 1080; x_wconf 86' lang='lat' dir='ltr'><strong>decimum.</strong></span> <span class='ocrx_word' id='word_1_240' title='bbox 2988 1012 3268 1066; x_wconf 88' lang='lat' dir='ltr'><strong>Secundus</strong></span> <span class='ocrx_word' id='word_1_241' title='bbox 3309 1011 3443 1065; x_wconf 89' lang='lat' dir='ltr'><strong>liber</strong></span> 
     </span>
    </p>
   </div>
   <div class='ocr_carea' id='block_1_31' title="bbox 1872 1079 3445 1149">
    <p class='ocr_par' dir='ltr' id='par_1_31' title="bbox 1872 1079 3445 1149">
     <span class='ocr_line' id='line_1_32' title="bbox 1872 1079 3445 1149; baseline -0.001 -17"><span class='ocrx_word' id='word_1_242' title='bbox 1872 1081 1951 1133; x_wconf 90' lang='lat' dir='ltr'><strong>sic</strong></span> <span class='ocrx_word' id='word_1_243' title='bbox 1983 1080 2209 1149; x_wconf 83' lang='lat' dir='ltr'><strong>incipit:</strong></span> <span class='ocrx_word' id='word_1_244' title='bbox 2244 1082 2306 1133; x_wconf 72' lang='grc' dir='ltr'><strong>Οἱ</strong></span> <span class='ocrx_word' id='word_1_245' title='bbox 2350 1079 2741 1146; x_wconf 28' lang='grc' dir='ltr'><strong>σίπουδάζοντες</strong></span> <span class='ocrx_word' id='word_1_246' title='bbox 2770 1079 2904 1135; x_wconf 79' lang='grc' dir='ltr'>εἶναι</span> <span class='ocrx_word' id='word_1_247' title='bbox 2950 1083 3075 1145; x_wconf 81' lang='grc' dir='ltr'>ναὸς</span> <span class='ocrx_word' id='word_1_248' title='bbox 3121 1080 3222 1135; x_wconf 84' lang='grc' dir='ltr'><strong>κᾶν</strong></span> <span class='ocrx_word' id='word_1_249' title='bbox 3262 1081 3445 1143; x_wconf 80' lang='grc' dir='ltr'>ποσῶς</span> 
     </span>
    </p>
   </div>
   <div class='ocr_carea' id='block_1_32' title="bbox 1872 1149 3442 1219">
    <p class='ocr_par' dir='ltr' id='par_1_32' title="bbox 1872 1149 3442 1219">
     <span class='ocr_line' id='line_1_33' title="bbox 1872 1149 3442 1219; baseline 0 -17"><span class='ocrx_word' id='word_1_250' title='bbox 1872 1149 2039 1213; x_wconf 82' lang='grc' dir='ltr'><strong>ἄξιος,</strong></span> <span class='ocrx_word' id='word_1_251' title='bbox 2085 1161 2137 1203; x_wconf 90' lang='lat' dir='ltr'><strong>et</strong></span> <span class='ocrx_word' id='word_1_252' title='bbox 2176 1151 2417 1205; x_wconf 80' lang='lat' dir='ltr'><strong>continet</strong></span> <span class='ocrx_word' id='word_1_253' title='bbox 2453 1151 2520 1203; x_wconf 71' lang='lat'>27</span> <span class='ocrx_word' id='word_1_254' title='bbox 2562 1153 2756 1219; x_wconf 83' lang='lat' dir='ltr'><strong>capita.</strong></span> <span class='ocrx_word' id='word_1_255' title='bbox 2808 1154 3049 1206; x_wconf 84' lang='lat' dir='ltr'><strong>&#39;l‘ertium</strong></span> <span class='ocrx_word' id='word_1_256' title='bbox 3106 1152 3184 1204; x_wconf 90' lang='lat' dir='ltr'><strong>sic</strong></span> <span class='ocrx_word' id='word_1_257' title='bbox 3236 1152 3442 1219; x_wconf 87' lang='lat' dir='ltr'><strong>incipit,</strong></span> 
     </span>
    </p>
   </div>
   <div class='ocr_carea' id='block_1_33' title="bbox 1872 1219 3441 1293">
    <p class='ocr_par' dir='ltr' id='par_1_33' title="bbox 1872 1219 3441 1293">
     <span class='ocr_line' id='line_1_34' title="bbox 1872 1219 3441 1293; baseline -0.001 -21"><span class='ocrx_word' id='word_1_258' title='bbox 1872 1220 2032 1291; x_wconf 77' lang='grc' dir='ltr'><strong>Ψυχὴ</strong></span> <span class='ocrx_word' id='word_1_259' title='bbox 2071 1220 2191 1293; x_wconf 36' lang='lat' dir='ltr'><strong>atate?</strong></span> <span class='ocrx_word' id='word_1_260' title='bbox 2218 1220 2384 1293; x_wconf 55' lang='lat' dir='ltr'><strong>ctua-qv</strong></span> <span class='ocrx_word' id='word_1_261' title='bbox 2416 1221 2473 1273; x_wconf 84' lang='grc' dir='ltr'><strong>ὲν</strong></span> <span class='ocrx_word' id='word_1_262' title='bbox 2509 1221 2587 1289; x_wconf 86' lang='grc' dir='ltr'><strong>τῷ</strong></span> <span class='ocrx_word' id='word_1_263' title='bbox 2632 1222 2804 1293; x_wconf 66' lang='grc' dir='ltr'><strong>νοητῷ</strong></span> <span class='ocrx_word' id='word_1_264' title='bbox 2846 1221 3059 1292; x_wconf 81' lang='grc' dir='ltr'>ἀπαθὴς</span> <span class='ocrx_word' id='word_1_265' title='bbox 3099 1219 3441 1293; x_wconf 59' lang='grc' dir='ltr'>ὑπάρχουσα,</span> 
     </span>
    </p>
   </div>
   <div class='ocr_carea' id='block_1_34' title="bbox 1872 1291 3441 1359">
    <p class='ocr_par' dir='ltr' id='par_1_34' title="bbox 1872 1291 3441 1359">
     <span class='ocr_line' id='line_1_35' title="bbox 1872 1291 3441 1359; baseline 0 -18"><span class='ocrx_word' id='word_1_266' title='bbox 1872 1300 1927 1359; x_wconf 86' lang='lat' dir='ltr'><strong>et</strong></span> <span class='ocrx_word' id='word_1_267' title='bbox 1957 1291 2266 1343; x_wconf 87' lang='lat' dir='ltr'><strong>continebat</strong></span> <span class='ocrx_word' id='word_1_268' title='bbox 2290 1291 2358 1344; x_wconf 70' lang='lat'><strong>42</strong></span> <span class='ocrx_word' id='word_1_269' title='bbox 2385 1293 2560 1358; x_wconf 77' lang='lat' dir='ltr'><strong>capita</strong></span> <span class='ocrx_word' id='word_1_270' title='bbox 2579 1291 2941 1356; x_wconf 89' lang='lat' dir='ltr'><strong>solummodo,</strong></span> <span class='ocrx_word' id='word_1_271' title='bbox 2968 1293 3115 1359; x_wconf 89' lang='lat' dir='ltr'><strong>quia,</strong></span> <span class='ocrx_word' id='word_1_272' title='bbox 3150 1292 3273 1343; x_wconf 88' lang='lat' dir='ltr'><strong>licet</strong></span> <span class='ocrx_word' id='word_1_273' title='bbox 3307 1307 3441 1358; x_wconf 90' lang='lat' dir='ltr'><strong>qua-</strong></span> 
     </span>
    </p>
   </div>
   <div class='ocr_carea' id='block_1_35' title="bbox 1875 1358 3444 1430">
    <p class='ocr_par' dir='ltr' id='par_1_35' title="bbox 1875 1358 3444 1430">
     <span class='ocr_line' id='line_1_36' title="bbox 1875 1358 3444 1430; baseline 0 -18"><span class='ocrx_word' id='word_1_274' title='bbox 1875 1358 2237 1427; x_wconf 84' lang='lat' dir='ltr'><strong>dragesimum</strong></span> <span class='ocrx_word' id='word_1_275' title='bbox 2305 1363 2595 1414; x_wconf 89' lang='lat' dir='ltr'><strong>secundum</strong></span> <span class='ocrx_word' id='word_1_276' title='bbox 2654 1358 3023 1430; x_wconf 78' lang='lat' dir='ltr'><strong>imperfectum</strong></span> <span class='ocrx_word' id='word_1_277' title='bbox 3077 1361 3149 1414; x_wconf 85' lang='lat' dir='ltr'><strong>sit</strong></span> <span class='ocrx_word' id='word_1_278' title='bbox 3191 1361 3257 1430; x_wconf 88' lang='lat' dir='ltr'><strong>in</strong></span> <span class='ocrx_word' id='word_1_279' title='bbox 3324 1375 3444 1413; x_wconf 85' lang='lat' dir='ltr'><strong>meo</strong></span> 
     </span>
    </p>
   </div>
   <div class='ocr_carea' id='block_1_36' title="bbox 1874 1429 3446 1499">
    <p class='ocr_par' dir='ltr' id='par_1_36' title="bbox 1874 1429 3446 1499">
     <span class='ocr_line' id='line_1_37' title="bbox 1874 1429 3446 1499; baseline 0.002 -20"><span class='ocrx_word' id='word_1_280' title='bbox 1874 1429 2203 1499; x_wconf 78' lang='lat' dir='ltr'><strong>exemplari,</strong></span> <span class='ocrx_word' id='word_1_281' title='bbox 2245 1430 2615 1483; x_wconf 81' lang='lat' dir='ltr'><strong>deﬁcientibus</strong></span> <span class='ocrx_word' id='word_1_282' title='bbox 2664 1429 2983 1497; x_wconf 81' lang='lat' dir='ltr'><strong>quibusdam</strong></span> <span class='ocrx_word' id='word_1_283' title='bbox 3044 1429 3289 1499; x_wconf 89' lang='lat' dir='ltr'><strong>partibus</strong></span> <span class='ocrx_word' id='word_1_284' title='bbox 3343 1436 3446 1483; x_wconf 90' lang='lat' dir='ltr'><strong>sub</strong></span> 
     </span>
    </p>
   </div>
   <div class='ocr_carea' id='block_1_37' title="bbox 1874 1496 3442 1570">
    <p class='ocr_par' dir='ltr' id='par_1_37' title="bbox 1874 1496 3442 1570">
     <span class='ocr_line' id='line_1_38' title="bbox 1874 1496 3442 1570; baseline 0 -20"><span class='ocrx_word' id='word_1_285' title='bbox 1874 1496 2002 1559; x_wconf 82' lang='lat' dir='ltr'><strong>line,</strong></span> <span class='ocrx_word' id='word_1_286' title='bbox 2038 1500 2594 1570; x_wconf 79' lang='lat' dir='ltr'><strong>tamencapitulorum</strong></span> <span class='ocrx_word' id='word_1_287' title='bbox 2621 1496 2780 1568; x_wconf 84' lang='lat' dir='ltr'><strong>atque</strong></span> <span class='ocrx_word' id='word_1_288' title='bbox 2808 1496 3246 1570; x_wconf 82' lang='lat' dir='ltr'><strong>argumentorum</strong></span> <span class='ocrx_word' id='word_1_289' title='bbox 3284 1499 3442 1553; x_wconf 76' lang='lat' dir='ltr'><strong>index</strong></span> 
     </span>
    </p>
   </div>
   <div class='ocr_carea' id='block_1_38' title="bbox 1874 1568 3437 1639">
    <p class='ocr_par' dir='ltr' id='par_1_38' title="bbox 1874 1568 3437 1639">
     <span class='ocr_line' id='line_1_39' title="bbox 1874 1568 3437 1639; baseline 0 -20"><span class='ocrx_word' id='word_1_290' title='bbox 1874 1569 2017 1639; x_wconf 84' lang='lat' dir='ltr'><strong>quod</strong></span> <span class='ocrx_word' id='word_1_291' title='bbox 2066 1568 2333 1639; x_wconf 86' lang='lat' dir='ltr'><strong>reperitur</strong></span> <span class='ocrx_word' id='word_1_292' title='bbox 2413 1570 2466 1622; x_wconf 91' lang='lat' dir='ltr'><strong>in</strong></span> <span class='ocrx_word' id='word_1_293' title='bbox 2518 1570 2669 1639; x_wconf 88' lang='lat' dir='ltr'><strong>initio</strong></span> <span class='ocrx_word' id='word_1_294' title='bbox 2722 1568 2892 1639; x_wconf 75' lang='lat' dir='ltr'><strong>primi</strong></span> <span class='ocrx_word' id='word_1_295' title='bbox 2916 1572 3057 1624; x_wconf 89' lang='lat' dir='ltr'><strong>sicut</strong></span> <span class='ocrx_word' id='word_1_296' title='bbox 3110 1580 3162 1623; x_wconf 89' lang='lat' dir='ltr'><strong>et</strong></span> <span class='ocrx_word' id='word_1_297' title='bbox 3219 1570 3437 1621; x_wconf 85' lang='lat' dir='ltr'><strong>secundi</strong></span> 
     </span>
    </p>
   </div>
   <div class='ocr_carea' id='block_1_39' title="bbox 1874 1637 3448 1708">
    <p class='ocr_par' dir='ltr' id='par_1_39' title="bbox 1874 1637 3448 1708">
     <span class='ocr_line' id='line_1_40' title="bbox 1874 1637 3448 1708; baseline 0.001 -19"><span class='ocrx_word' id='word_1_298' title='bbox 1874 1637 2020 1708; x_wconf 81' lang='lat' dir='ltr'><strong>libri,</strong></span> <span class='ocrx_word' id='word_1_299' title='bbox 2069 1638 2400 1708; x_wconf 79' lang='lat' dir='ltr'><strong>demonstrat</strong></span> <span class='ocrx_word' id='word_1_300' title='bbox 2447 1654 2554 1693; x_wconf 92' lang='lat' dir='ltr'><strong>non</strong></span> <span class='ocrx_word' id='word_1_301' title='bbox 2598 1637 2746 1706; x_wconf 75' lang='lat' dir='ltr'><strong>plura</strong></span> <span class='ocrx_word' id='word_1_302' title='bbox 2795 1640 2962 1695; x_wconf 85' lang='lat' dir='ltr'><strong>fuisse</strong></span> <span class='ocrx_word' id='word_1_303' title='bbox 3003 1653 3167 1708; x_wconf 84' lang='lat' dir='ltr'><strong>quam</strong></span> <span class='ocrx_word' id='word_1_304' title='bbox 3215 1639 3448 1708; x_wconf 88' lang='lat' dir='ltr'><strong>quadra-</strong></span> 
     </span>
    </p>
   </div>
   <div class='ocr_carea' id='block_1_40' title="bbox 1876 1706 2392 1775">
    <p class='ocr_par' dir='ltr' id='par_1_40' title="bbox 1876 1706 2392 1775">
     <span class='ocr_line' id='line_1_41' title="bbox 1876 1706 2392 1775; baseline 0.004 -18"><span class='ocrx_word' id='word_1_305' title='bbox 1876 1706 2021 1775; x_wconf 81' lang='lat' dir='ltr'><strong>ginta</strong></span> <span class='ocrx_word' id='word_1_306' title='bbox 2060 1706 2167 1760; x_wconf 90' lang='lat' dir='ltr'><strong>duo</strong></span> <span class='ocrx_word' id='word_1_307' title='bbox 2196 1708 2392 1775; x_wconf 85' lang='lat' dir='ltr'><strong>capita.</strong></span> 
     </span>
    </p>
   </div>
   <div class='ocr_carea' id='block_1_41' title="bbox 193 1775 3446 1846">
    <p class='ocr_par' dir='ltr' id='par_1_41' title="bbox 193 1775 3446 1846">
     <span class='ocr_line' id='line_1_42' title="bbox 193 1775 3446 1846; baseline -0.002 -14"><span class='ocrx_word' id='word_1_308' title='bbox 193 1775 254 1832; x_wconf 76' lang='lat' dir='ltr'><strong>et</strong></span> <span class='ocrx_word' id='word_1_309' title='bbox 280 1792 387 1846; x_wconf 87' lang='lat' dir='ltr'><strong>pro</strong></span> <span class='ocrx_word' id='word_1_310' title='bbox 447 1777 512 1831; x_wconf 89' lang='lat' dir='ltr'><strong>iis</strong></span> <span class='ocrx_word' id='word_1_311' title='bbox 562 1778 653 1845; x_wconf 85' lang='lat' dir='ltr'><strong>qui</strong></span> <span class='ocrx_word' id='word_1_312' title='bbox 694 1777 805 1829; x_wconf 90' lang='lat' dir='ltr'><strong>nati</strong></span> <span class='ocrx_word' id='word_1_313' title='bbox 838 1785 962 1831; x_wconf 88' lang='lat' dir='ltr'><strong>sunt</strong></span> <span class='ocrx_word' id='word_1_314' title='bbox 989 1788 1044 1831; x_wconf 88' lang='lat' dir='ltr'><strong>et</strong></span> <span class='ocrx_word' id='word_1_315' title='bbox 1073 1787 1362 1846; x_wconf 82' lang='lat' dir='ltr'><strong>nascentur</strong></span> <span class='ocrx_word' id='word_1_316' title='bbox 1399 1776 1466 1829; x_wconf 90' lang='lat' dir='ltr'><strong>ab</strong></span> <span class='ocrx_word' id='word_1_317' title='bbox 1510 1776 1632 1838; x_wconf 91' lang='lat' dir='ltr'><strong>illis,</strong></span> <span class='ocrx_word' id='word_1_318' title='bbox 1670 1775 1777 1827; x_wconf 91' lang='lat' dir='ltr'><strong>imo</strong></span> <span class='ocrx_word' id='word_1_319' title='bbox 1811 1784 1851 1840; x_wconf 66' lang='grc' dir='ltr'>ις</span> <span class='ocrx_word' id='word_1_320' title='bbox 1952 1775 2075 1830; x_wconf 68' lang='lat' dir='ltr'><strong>Haec</strong></span> <span class='ocrx_word' id='word_1_321' title='bbox 2102 1786 2236 1831; x_wconf 87' lang='lat' dir='ltr'><strong>sunt</strong></span> <span class='ocrx_word' id='word_1_322' title='bbox 2268 1792 2432 1845; x_wconf 85' lang='lat' dir='ltr'><strong>pauca</strong></span> <span class='ocrx_word' id='word_1_323' title='bbox 2472 1791 2590 1844; x_wconf 83' lang='lat' dir='ltr'><strong>quae</strong></span> <span class='ocrx_word' id='word_1_324' title='bbox 2622 1776 2736 1841; x_wconf 83' lang='lat' dir='ltr'><strong>tibi,</strong></span> <span class='ocrx_word' id='word_1_325' title='bbox 2787 1777 3010 1831; x_wconf 87' lang='lat' dir='ltr'><strong>Domine</strong></span> <span class='ocrx_word' id='word_1_326' title='bbox 3054 1777 3144 1838; x_wconf 92' lang='lat' dir='ltr'><strong>mi,</strong></span> <span class='ocrx_word' id='word_1_327' title='bbox 3176 1790 3446 1845; x_wconf 79' lang='lat' dir='ltr'><strong>exponere</strong></span> 
     </span>
    </p>
   </div>
   <div class='ocr_carea' id='block_1_42' title="bbox 192 1845 1773 1913">
    <p class='ocr_par' dir='ltr' id='par_1_42' title="bbox 192 1845 1773 1913">
     <span class='ocr_line' id='line_1_43' title="bbox 192 1845 1773 1913; baseline -0.003 -11"><span class='ocrx_word' id='word_1_328' title='bbox 192 1845 374 1902; x_wconf 78' lang='lat' dir='ltr'><strong>etiam</strong></span> <span class='ocrx_word' id='word_1_329' title='bbox 401 1861 498 1913; x_wconf 92' lang='lat' dir='ltr'><strong>pro</strong></span> <span class='ocrx_word' id='word_1_330' title='bbox 526 1846 796 1911; x_wconf 86' lang='lat' dir='ltr'><strong>omnibus,</strong></span> <span class='ocrx_word' id='word_1_331' title='bbox 820 1847 1078 1901; x_wconf 89' lang='lat' dir='ltr'><strong>obedieus</strong></span> <span class='ocrx_word' id='word_1_332' title='bbox 1116 1845 1383 1900; x_wconf 91' lang='lat' dir='ltr'><strong>Salvatori</strong></span> <span class='ocrx_word' id='word_1_333' title='bbox 1411 1846 1654 1907; x_wconf 85' lang='lat' dir='ltr'><strong>Christo,</strong></span> <span class='ocrx_word' id='word_1_334' title='bbox 1686 1846 1773 1912; x_wconf 89' lang='lat' dir='ltr'><strong>qui</strong></span> 
     </span>
    </p>
   </div>
   <div class='ocr_carea' id='block_1_43' title="bbox 194 1914 1776 1986">
    <p class='ocr_par' dir='ltr' id='par_1_43' title="bbox 194 1914 1776 1986">
     <span class='ocr_line' id='line_1_44' title="bbox 194 1914 1776 1986; baseline -0.003 -14"><span class='ocrx_word' id='word_1_335' title='bbox 194 1918 373 1986; x_wconf 83' lang='lat' dir='ltr'><strong>jussit</strong></span> <span class='ocrx_word' id='word_1_336' title='bbox 419 1931 515 1986; x_wconf 88' lang='lat' dir='ltr'><strong>nos</strong></span> <span class='ocrx_word' id='word_1_337' title='bbox 541 1930 700 1971; x_wconf 90' lang='lat' dir='ltr'><strong>orare</strong></span> <span class='ocrx_word' id='word_1_338' title='bbox 737 1916 962 1986; x_wconf 86' lang='lat' dir='ltr'><strong>alterum</strong></span> <span class='ocrx_word' id='word_1_339' title='bbox 1016 1932 1111 1982; x_wconf 83' lang='lat' dir='ltr'><strong>pro</strong></span> <span class='ocrx_word' id='word_1_340' title='bbox 1161 1916 1351 1970; x_wconf 89' lang='lat' dir='ltr'><strong>altero.</strong></span> <span class='ocrx_word' id='word_1_341' title='bbox 1379 1934 1397 1967; x_wconf 80' lang='grc' dir='ltr'><strong>ι</strong></span> <span class='ocrx_word' id='word_1_342' title='bbox 1451 1914 1689 1986; x_wconf 83' lang='lat' dir='ltr'><strong>Denique</strong></span> <span class='ocrx_word' id='word_1_343' title='bbox 1724 1916 1776 1968; x_wconf 91' lang='lat' dir='ltr'><strong>in</strong></span> 
     </span>
    </p>
   </div>
   <div class='ocr_carea' id='block_1_44' title="bbox 196 1984 1777 2058">
    <p class='ocr_par' dir='ltr' id='par_1_44' title="bbox 196 1984 1777 2058">
     <span class='ocr_line' id='line_1_45' title="bbox 196 1984 1777 2058; baseline -0.005 -15"><span class='ocrx_word' id='word_1_344' title='bbox 196 1984 322 2055; x_wconf 80' lang='lat' dir='ltr'><strong>cap.</strong></span> <span class='ocrx_word' id='word_1_345' title='bbox 370 1986 407 2038; x_wconf 76' lang='grc'>2</span> <span class='ocrx_word' id='word_1_346' title='bbox 437 1985 529 2058; x_wconf 84' lang='lat' dir='ltr'><strong>lib.</strong></span> <span class='ocrx_word' id='word_1_347' title='bbox 566 2001 625 2039; x_wconf 89' lang='grc' dir='ltr'><strong>ιιι</strong></span> <span class='ocrx_word' id='word_1_348' title='bbox 653 2003 682 2058; x_wconf 24' lang='grc' dir='ltr'><strong>ς,</strong></span> <span class='ocrx_word' id='word_1_349' title='bbox 709 1986 800 2055; x_wconf 85' lang='grc' dir='ltr'><strong>Τῷ</strong></span> <span class='ocrx_word' id='word_1_350' title='bbox 832 1985 889 2038; x_wconf 82' lang='grc' dir='ltr'><strong>δὲ</strong></span> <span class='ocrx_word' id='word_1_351' title='bbox 926 1986 1140 2058; x_wconf 61' lang='grc' dir='ltr'><strong>θεῷ...</strong></span> <span class='ocrx_word' id='word_1_352' title='bbox 1172 1985 1223 2058; x_wconf 90' lang='lat' dir='ltr'><strong>id</strong></span> <span class='ocrx_word' id='word_1_353' title='bbox 1249 1995 1389 2058; x_wconf 13' lang='lat' dir='ltr'><strong>gest:</strong></span> <span class='ocrx_word' id='word_1_354' title='bbox 1421 2003 1439 2035; x_wconf 73' lang='grc' dir='ltr'><strong>ι</strong></span> <span class='ocrx_word' id='word_1_355' title='bbox 1468 1984 1575 2039; x_wconf 87' lang='lat' dir='ltr'><strong>Deo</strong></span> <span class='ocrx_word' id='word_1_356' title='bbox 1599 1994 1777 2058; x_wconf 81' lang='lat' dir='ltr'><strong>autem</strong></span> 
     </span>
    </p>
   </div>
   <div class='ocr_carea' id='block_1_45' title="bbox 197 2054 1778 2123">
    <p class='ocr_par' dir='ltr' id='par_1_45' title="bbox 197 2054 1778 2123">
     <span class='ocr_line' id='line_1_46' title="bbox 197 2054 1778 2123; baseline -0.004 -12"><span class='ocrx_word' id='word_1_357' title='bbox 197 2054 400 2111; x_wconf 81' lang='lat' dir='ltr'><strong>rursus</strong></span> <span class='ocrx_word' id='word_1_358' title='bbox 439 2056 495 2109; x_wconf 85' lang='lat' dir='ltr'><strong>in</strong></span> <span class='ocrx_word' id='word_1_359' title='bbox 516 2054 781 2109; x_wconf 85' lang='lat' dir='ltr'><strong>omnibus</strong></span> <span class='ocrx_word' id='word_1_360' title='bbox 812 2054 1067 2120; x_wconf 81' lang='lat' dir='ltr'><strong>conﬁsus,</strong></span> <span class='ocrx_word' id='word_1_361' title='bbox 1112 2057 1200 2123; x_wconf 88' lang='lat' dir='ltr'><strong>qui</strong></span> <span class='ocrx_word' id='word_1_362' title='bbox 1241 2054 1431 2110; x_wconf 83' lang='lat' dir='ltr'><strong>ﬂuctus</strong></span> <span class='ocrx_word' id='word_1_363' title='bbox 1469 2055 1778 2120; x_wconf 84' lang='lat' dir='ltr'><strong>compescit,</strong></span> 
     </span>
    </p>
   </div>
   <div class='ocr_carea' id='block_1_46' title="bbox 195 2124 1777 2195">
    <p class='ocr_par' dir='ltr' id='par_1_46' title="bbox 195 2124 1777 2195">
     <span class='ocr_line' id='line_1_47' title="bbox 195 2124 1777 2195; baseline -0.003 -15"><span class='ocrx_word' id='word_1_364' title='bbox 195 2136 253 2181; x_wconf 86' lang='lat' dir='ltr'><strong>et</strong></span> <span class='ocrx_word' id='word_1_365' title='bbox 287 2139 610 2194; x_wconf 84' lang='lat' dir='ltr'><strong>prosperam</strong></span> <span class='ocrx_word' id='word_1_366' title='bbox 654 2124 1047 2195; x_wconf 80' lang='lat' dir='ltr'><strong>navigationem</strong></span> <span class='ocrx_word' id='word_1_367' title='bbox 1100 2128 1308 2180; x_wconf 88' lang='lat' dir='ltr'><strong>dat.....</strong></span> <span class='ocrx_word' id='word_1_368' title='bbox 1350 2126 1664 2195; x_wconf 86' lang='lat' dir='ltr'><strong>progredior</strong></span> <span class='ocrx_word' id='word_1_369' title='bbox 1712 2124 1777 2176; x_wconf 92' lang='lat' dir='ltr'><strong>ad</strong></span> 
     </span>
    </p>
   </div>
   <div class='ocr_carea' id='block_1_47' title="bbox 196 2193 1778 2265">
    <p class='ocr_par' dir='ltr' id='par_1_47' title="bbox 196 2193 1778 2265">
     <span class='ocr_line' id='line_1_48' title="bbox 196 2193 1778 2265; baseline -0.006 -13"><span class='ocrx_word' id='word_1_370' title='bbox 196 2193 515 2265; x_wconf 73' lang='lat' dir='ltr'><strong>sequentia.</strong></span> <span class='ocrx_word' id='word_1_371' title='bbox 559 2193 804 2259; x_wconf 67' lang='lat' dir='ltr'><strong>credens;</strong></span> <span class='ocrx_word' id='word_1_372' title='bbox 839 2196 978 2263; x_wconf 89' lang='lat' dir='ltr'><strong>quod</strong></span> <span class='ocrx_word' id='word_1_373' title='bbox 1004 2236 1018 2257; x_wconf 88' lang='lat'><strong>,</strong></span> <span class='ocrx_word' id='word_1_374' title='bbox 1060 2197 1372 2265; x_wconf 80' lang='lat' dir='ltr'><strong>priusquam</strong></span> <span class='ocrx_word' id='word_1_375' title='bbox 1424 2193 1633 2263; x_wconf 80' lang='lat' dir='ltr'><strong>loquar,</strong></span> <span class='ocrx_word' id='word_1_376' title='bbox 1675 2208 1778 2246; x_wconf 87' lang='lat' dir='ltr'><strong>una</strong></span> 
     </span>
    </p>
   </div>
   <div class='ocr_carea' id='block_1_48' title="bbox 197 2264 1781 2333">
    <p class='ocr_par' dir='ltr' id='par_1_48' title="bbox 197 2264 1781 2333">
     <span class='ocr_line' id='line_1_49' title="bbox 197 2264 1781 2333; baseline -0.004 -12"><span class='ocrx_word' id='word_1_377' title='bbox 197 2264 326 2321; x_wconf 83' lang='lat' dir='ltr'><strong>cum</strong></span> <span class='ocrx_word' id='word_1_378' title='bbox 356 2265 483 2319; x_wconf 74' lang='lat' dir='ltr'><strong>filiis</strong></span> <span class='ocrx_word' id='word_1_379' title='bbox 538 2265 678 2333; x_wconf 86' lang='lat' dir='ltr'><strong>quod</strong></span> <span class='ocrx_word' id='word_1_380' title='bbox 708 2265 852 2318; x_wconf 87' lang='lat' dir='ltr'><strong>dedit</strong></span> <span class='ocrx_word' id='word_1_381' title='bbox 874 2265 1027 2329; x_wconf 83' lang='lat' dir='ltr'><strong>mihi,</strong></span> <span class='ocrx_word' id='word_1_382' title='bbox 1061 2264 1115 2319; x_wconf 85' lang='lat' dir='ltr'><strong>et</strong></span> <span class='ocrx_word' id='word_1_383' title='bbox 1144 2267 1268 2319; x_wconf 88' lang='lat' dir='ltr'><strong>liliis</strong></span> <span class='ocrx_word' id='word_1_384' title='bbox 1292 2264 1541 2327; x_wconf 77' lang='lat' dir='ltr'><strong>filiorum,</strong></span> <span class='ocrx_word' id='word_1_385' title='bbox 1567 2272 1781 2333; x_wconf 87' lang='lat' dir='ltr'><strong>propter</strong></span> 
     </span>
    </p>
   </div>
   <div class='ocr_carea' id='block_1_49' title="bbox 197 2335 1778 2404">
    <p class='ocr_par' dir='ltr' id='par_1_49' title="bbox 197 2335 1778 2404">
     <span class='ocr_line' id='line_1_50' title="bbox 197 2335 1778 2404; baseline -0.004 -14"><span class='ocrx_word' id='word_1_386' title='bbox 197 2350 341 2404; x_wconf 86' lang='lat' dir='ltr'><strong>quos</strong></span> <span class='ocrx_word' id='word_1_387' title='bbox 386 2335 549 2389; x_wconf 85' lang='lat' dir='ltr'><strong>etiam</strong></span> <span class='ocrx_word' id='word_1_388' title='bbox 594 2335 834 2389; x_wconf 54' lang='lat' dir='ltr'><strong>viventes</strong></span> <span class='ocrx_word' id='word_1_389' title='bbox 875 2335 1203 2401; x_wconf 80' lang='lat' dir='ltr'><strong>laboramus,</strong></span> <span class='ocrx_word' id='word_1_390' title='bbox 1254 2350 1315 2388; x_wconf 90' lang='lat' dir='ltr'><strong>ac</strong></span> <span class='ocrx_word' id='word_1_391' title='bbox 1352 2343 1778 2404; x_wconf 82' lang='lat' dir='ltr'><strong>praetereacum</strong></span> 
     </span>
    </p>
   </div>
   <div class='ocr_carea' id='block_1_50' title="bbox 194 2403 1773 2473">
    <p class='ocr_par' dir='ltr' id='par_1_50' title="bbox 194 2403 1773 2473">
     <span class='ocr_line' id='line_1_51' title="bbox 194 2403 1773 2473; baseline -0.006 -11"><span class='ocrx_word' id='word_1_392' title='bbox 194 2403 481 2470; x_wconf 80' lang='lat' dir='ltr'><strong>omnibus,</strong></span> <span class='ocrx_word' id='word_1_393' title='bbox 520 2419 653 2473; x_wconf 90' lang='lat' dir='ltr'><strong>quos</strong></span> <span class='ocrx_word' id='word_1_394' title='bbox 688 2403 772 2457; x_wconf 92' lang='lat' dir='ltr'><strong>ille</strong></span> <span class='ocrx_word' id='word_1_395' title='bbox 798 2405 964 2467; x_wconf 89' lang='lat' dir='ltr'><strong>novit,</strong></span> <span class='ocrx_word' id='word_1_396' title='bbox 997 2405 1224 2473; x_wconf 82' lang='lat' dir='ltr'><strong>gratiam</strong></span> <span class='ocrx_word' id='word_1_397' title='bbox 1250 2413 1566 2473; x_wconf 80' lang='lat' dir='ltr'><strong>accepturus</strong></span> <span class='ocrx_word' id='word_1_398' title='bbox 1596 2403 1719 2473; x_wconf 90' lang='lat' dir='ltr'><strong>sim.</strong></span> <span class='ocrx_word' id='word_1_399' title='bbox 1746 2420 1773 2473; x_wconf 13' lang='grc' dir='ltr'>γι</span> 
     </span>
    </p>
   </div>
   <div class='ocr_carea' id='block_1_51' title="bbox 271 2472 1780 2544">
    <p class='ocr_par' dir='ltr' id='par_1_51' title="bbox 271 2472 1780 2544">
     <span class='ocr_line' id='line_1_52' title="bbox 271 2472 1780 2544; baseline -0.004 -15"><span class='ocrx_word' id='word_1_400' title='bbox 271 2472 551 2529; x_wconf 66' lang='grc' dir='ltr'>Τετιὶιιιιι</span> <span class='ocrx_word' id='word_1_401' title='bbox 575 2473 784 2544; x_wconf 66' lang='lat' dir='ltr'><strong>signum</strong></span> <span class='ocrx_word' id='word_1_402' title='bbox 812 2472 1078 2542; x_wconf 81' lang='lat' dir='ltr'><strong>colligitur</strong></span> <span class='ocrx_word' id='word_1_403' title='bbox 1104 2489 1135 2527; x_wconf 91' lang='lat' dir='ltr'><strong>e</strong></span> <span class='ocrx_word' id='word_1_404' title='bbox 1159 2490 1280 2544; x_wconf 91' lang='lat' dir='ltr'><strong>cap.</strong></span> <span class='ocrx_word' id='word_1_405' title='bbox 1308 2474 1377 2528; x_wconf 77' lang='lat'><strong>26</strong></span> <span class='ocrx_word' id='word_1_406' title='bbox 1412 2488 1447 2526; x_wconf 91' lang='grc' dir='ltr'><strong>ιι</strong></span> <span class='ocrx_word' id='word_1_407' title='bbox 1494 2472 1638 2544; x_wconf 83' lang='lat' dir='ltr'><strong>libri,</strong></span> <span class='ocrx_word' id='word_1_408' title='bbox 1668 2472 1780 2534; x_wconf 88' lang='lat' dir='ltr'><strong>ubi,</strong></span> 
     </span>
    </p>
   </div>
   <div class='ocr_carea' id='block_1_52' title="bbox 198 2542 1782 2611">
    <p class='ocr_par' dir='ltr' id='par_1_52' title="bbox 198 2542 1782 2611">
     <span class='ocr_line' id='line_1_53' title="bbox 198 2542 1782 2611; baseline -0.004 -12"><span class='ocrx_word' id='word_1_409' title='bbox 198 2542 647 2599; x_wconf 58' lang='lat' dir='ltr'><strong>sanctissimam&#39;</strong></span> <span class='ocrx_word' id='word_1_410' title='bbox 688 2543 1006 2598; x_wconf 88' lang='lat' dir='ltr'><strong>Trinitatem</strong></span> <span class='ocrx_word' id='word_1_411' title='bbox 1091 2542 1415 2608; x_wconf 81' lang='lat' dir='ltr'><strong>obSecrans,</strong></span> <span class='ocrx_word' id='word_1_412' title='bbox 1508 2542 1782 2611; x_wconf 87' lang='lat' dir='ltr'><strong>tnultaque</strong></span> 
     </span>
    </p>
   </div>
   <div class='ocr_carea' id='block_1_53' title="bbox 199 2612 1783 2684">
    <p class='ocr_par' dir='ltr' id='par_1_53' title="bbox 199 2612 1783 2684">
     <span class='ocr_line' id='line_1_54' title="bbox 199 2612 1783 2684; baseline -0.003 -15"><span class='ocrx_word' id='word_1_413' title='bbox 199 2628 435 2684; x_wconf 81' lang='lat' dir='ltr'><strong>rogans,</strong></span> <span class='ocrx_word' id='word_1_414' title='bbox 465 2615 604 2667; x_wconf 91' lang='lat' dir='ltr'><strong>inter</strong></span> <span class='ocrx_word' id='word_1_415' title='bbox 627 2612 744 2684; x_wconf 87' lang='lat' dir='ltr'><strong>alia</strong></span> <span class='ocrx_word' id='word_1_416' title='bbox 767 2614 904 2668; x_wconf 91' lang='lat' dir='ltr'><strong>hanc</strong></span> <span class='ocrx_word' id='word_1_417' title='bbox 941 2612 1006 2667; x_wconf 89' lang='lat' dir='ltr'><strong>ab</strong></span> <span class='ocrx_word' id='word_1_418' title='bbox 1041 2628 1103 2667; x_wconf 91' lang='lat' dir='ltr'><strong>ea</strong></span> <span class='ocrx_word' id='word_1_419' title='bbox 1148 2612 1685 2684; x_wconf 15' lang='lat' dir='ltr'><strong>postulatrgt‘atiam,</strong></span> <span class='ocrx_word' id='word_1_420' title='bbox 1727 2620 1783 2664; x_wconf 90' lang='lat' dir='ltr'><strong>ut</strong></span> 
     </span>
    </p>
   </div>
   <div class='ocr_carea' id='block_1_54' title="bbox 197 2683 1786 2752">
    <p class='ocr_par' dir='ltr' id='par_1_54' title="bbox 197 2683 1786 2752">
     <span class='ocr_line' id='line_1_55' title="bbox 197 2683 1786 2752; baseline -0.005 -14"><span class='ocrx_word' id='word_1_421' title='bbox 197 2683 363 2738; x_wconf 71' lang='lat' dir='ltr'><strong>Nilus</strong></span> <span class='ocrx_word' id='word_1_422' title='bbox 394 2684 550 2751; x_wconf 87' lang='lat' dir='ltr'><strong>aquis</strong></span> <span class='ocrx_word' id='word_1_423' title='bbox 576 2683 838 2749; x_wconf 82' lang='lat' dir='ltr'><strong>abundet;</strong></span> <span class='ocrx_word' id='word_1_424' title='bbox 891 2698 1008 2751; x_wconf 70' lang='lat' dir='ltr'><strong>qua:</strong></span> <span class='ocrx_word' id='word_1_425' title='bbox 1034 2684 1269 2752; x_wconf 86' lang='lat' dir='ltr'><strong>precatio</strong></span> <span class='ocrx_word' id='word_1_426' title='bbox 1301 2683 1539 2736; x_wconf 88' lang='lat' dir='ltr'><strong>indicare</strong></span> <span class='ocrx_word' id='word_1_427' title='bbox 1572 2683 1786 2752; x_wconf 81' lang='lat' dir='ltr'><strong>videtur</strong></span> 
     </span>
    </p>
   </div>
   <div class='ocr_carea' id='block_1_55' title="bbox 199 2750 1785 2822">
    <p class='ocr_par' dir='ltr' id='par_1_55' title="bbox 199 2750 1785 2822">
     <span class='ocr_line' id='line_1_56' title="bbox 199 2750 1785 2822; baseline -0.003 -14"><span class='ocrx_word' id='word_1_428' title='bbox 199 2754 363 2809; x_wconf 86' lang='lat' dir='ltr'><strong>illum</strong></span> <span class='ocrx_word' id='word_1_429' title='bbox 450 2750 686 2822; x_wconf 77' lang='lat' dir='ltr'><strong>regionis</strong></span> <span class='ocrx_word' id='word_1_430' title='bbox 739 2752 841 2807; x_wconf 85' lang='lat' dir='ltr'><strong>Nili</strong></span> <span class='ocrx_word' id='word_1_431' title='bbox 875 2750 1062 2806; x_wconf 68' lang='lat' dir='ltr'><strong>vicina:</strong></span> <span class='ocrx_word' id='word_1_432' title='bbox 1148 2752 1317 2808; x_wconf 85' lang='lat' dir='ltr'><strong>fuisse</strong></span> <span class='ocrx_word' id='word_1_433' title='bbox 1372 2752 1627 2822; x_wconf 81' lang='lat' dir='ltr'><strong>incolam.</strong></span> <span class='ocrx_word' id='word_1_434' title='bbox 1674 2750 1785 2804; x_wconf 75' lang='grc' dir='ltr'><strong>Καὶ</strong></span> 
     </span>
    </p>
   </div>
   <div class='ocr_carea' id='block_1_56' title="bbox 198 2821 1783 2894">
    <p class='ocr_par' dir='ltr' id='par_1_56' title="bbox 198 2821 1783 2894">
     <span class='ocr_line' id='line_1_57' title="bbox 198 2821 1783 2894; baseline -0.001 -18"><span class='ocrx_word' id='word_1_435' title='bbox 198 2822 448 2894; x_wconf 72' lang='grc' dir='ltr'><strong>εὐαρχίσι</strong></span> <span class='ocrx_word' id='word_1_436' title='bbox 500 2821 691 2893; x_wconf 64' lang='grc' dir='ltr'><strong>μένα..</strong></span> <span class='ocrx_word' id='word_1_437' title='bbox 738 2823 790 2877; x_wconf 92' lang='lat' dir='ltr'><strong>id</strong></span> <span class='ocrx_word' id='word_1_438' title='bbox 833 2833 910 2877; x_wconf 74' lang='grc' dir='ltr'><strong>εει</strong></span> <span class='ocrx_word' id='word_1_439' title='bbox 948 2836 963 2874; x_wconf 89' lang='lat'><strong>:</strong></span> <span class='ocrx_word' id='word_1_440' title='bbox 1000 2822 1111 2877; x_wconf 69' lang='lat' dir='ltr'><strong>(Et</strong></span> <span class='ocrx_word' id='word_1_441' title='bbox 1163 2833 1307 2877; x_wconf 89' lang='lat' dir='ltr'><strong>recta</strong></span> <span class='ocrx_word' id='word_1_442' title='bbox 1366 2821 1783 2894; x_wconf 84' lang='lat' dir='ltr'><strong>administratio,</strong></span> 
     </span>
    </p>
   </div>
   <div class='ocr_carea' id='block_1_57' title="bbox 200 2892 1787 2963">
    <p class='ocr_par' dir='ltr' id='par_1_57' title="bbox 200 2892 1787 2963">
     <span class='ocr_line' id='line_1_58' title="bbox 200 2892 1787 2963; baseline -0.001 -16"><span class='ocrx_word' id='word_1_443' title='bbox 200 2909 265 2949; x_wconf 90' lang='lat' dir='ltr'><strong>ac</strong></span> <span class='ocrx_word' id='word_1_444' title='bbox 312 2892 586 2963; x_wconf 80' lang='lat' dir='ltr'><strong>profunda</strong></span> <span class='ocrx_word' id='word_1_445' title='bbox 631 2908 733 2961; x_wconf 92' lang='lat' dir='ltr'><strong>pax</strong></span> <span class='ocrx_word' id='word_1_446' title='bbox 784 2908 883 2961; x_wconf 90' lang='lat' dir='ltr'><strong>per</strong></span> <span class='ocrx_word' id='word_1_447' title='bbox 928 2901 1089 2946; x_wconf 90' lang='lat' dir='ltr'><strong>totam</strong></span> <span class='ocrx_word' id='word_1_448' title='bbox 1125 2902 1319 2963; x_wconf 82' lang='lat' dir='ltr'><strong>terram</strong></span> <span class='ocrx_word' id='word_1_449' title='bbox 1373 2907 1437 2946; x_wconf 91' lang='lat' dir='ltr'><strong>ac</strong></span> <span class='ocrx_word' id='word_1_450' title='bbox 1489 2907 1640 2963; x_wconf 81' lang='lat' dir='ltr'><strong>mare</strong></span> <span class='ocrx_word' id='word_1_451' title='bbox 1680 2892 1787 2946; x_wconf 78' lang='lat' dir='ltr'><strong>erit</strong></span> 
     </span>
    </p>
   </div>
   <div class='ocr_carea' id='block_1_58' title="bbox 197 2960 1786 3031">
    <p class='ocr_par' dir='ltr' id='par_1_58' title="bbox 197 2960 1786 3031">
     <span class='ocr_line' id='line_1_59' title="bbox 197 2960 1786 3031; baseline -0.004 -12"><span class='ocrx_word' id='word_1_452' title='bbox 197 2960 357 3019; x_wconf 75' lang='lat' dir='ltr'><strong>omni</strong></span> <span class='ocrx_word' id='word_1_453' title='bbox 421 2964 578 3017; x_wconf 88' lang='lat' dir='ltr'><strong>modo</strong></span> <span class='ocrx_word' id='word_1_454' title='bbox 616 2960 670 3016; x_wconf 86' lang='lat' dir='ltr'><strong>et</strong></span> <span class='ocrx_word' id='word_1_455' title='bbox 713 2960 965 3017; x_wconf 88' lang='lat' dir='ltr'><strong>ratione:</strong></span> <span class='ocrx_word' id='word_1_456' title='bbox 997 2973 1051 3016; x_wconf 93' lang='lat' dir='ltr'><strong>et</strong></span> <span class='ocrx_word' id='word_1_457' title='bbox 1087 2963 1188 3016; x_wconf 81' lang='lat' dir='ltr'><strong>Nili</strong></span> <span class='ocrx_word' id='word_1_458' title='bbox 1230 2962 1427 3016; x_wconf 78' lang='lat' dir='ltr'><strong>fluenta</strong></span> <span class='ocrx_word' id='word_1_459' title='bbox 1482 2960 1676 3031; x_wconf 87' lang='lat' dir='ltr'><strong>plena;</strong></span> <span class='ocrx_word' id='word_1_460' title='bbox 1731 2972 1786 3015; x_wconf 92' lang='lat' dir='ltr'><strong>et</strong></span> 
     </span>
    </p>
   </div>
   <div class='ocr_carea' id='block_1_59' title="bbox 202 3031 1785 3103">
    <p class='ocr_par' dir='ltr' id='par_1_59' title="bbox 202 3031 1785 3103">
     <span class='ocr_line' id='line_1_60' title="bbox 202 3031 1785 3103; baseline -0.003 -15"><span class='ocrx_word' id='word_1_461' title='bbox 202 3033 449 3088; x_wconf 84' lang='lat' dir='ltr'><strong>maxima</strong></span> <span class='ocrx_word' id='word_1_462' title='bbox 480 3042 719 3103; x_wconf 83' lang='lat' dir='ltr'><strong>segetum</strong></span> <span class='ocrx_word' id='word_1_463' title='bbox 744 3034 936 3101; x_wconf 87' lang='lat' dir='ltr'><strong>copia;</strong></span> <span class='ocrx_word' id='word_1_464' title='bbox 971 3047 1160 3101; x_wconf 89' lang='lat' dir='ltr'><strong>magna</strong></span> <span class='ocrx_word' id='word_1_465' title='bbox 1200 3048 1360 3096; x_wconf 86' lang='lat' dir='ltr'><strong>vero,</strong></span> <span class='ocrx_word' id='word_1_466' title='bbox 1390 3040 1445 3103; x_wconf 77' lang='lat' dir='ltr'><strong>et</strong></span> <span class='ocrx_word' id='word_1_467' title='bbox 1477 3031 1785 3103; x_wconf 82' lang='lat' dir='ltr'><strong>omnitnoda</strong></span> 
     </span>
    </p>
   </div>
   <div class='ocr_carea' id='block_1_60' title="bbox 202 3100 1787 3173">
    <p class='ocr_par' dir='ltr' id='par_1_60' title="bbox 202 3100 1787 3173">
     <span class='ocr_line' id='line_1_61' title="bbox 202 3100 1787 3173; baseline -0.001 -16"><span class='ocrx_word' id='word_1_468' title='bbox 202 3100 620 3173; x_wconf 80' lang='lat' dir='ltr'><strong>ambitiosormn</strong></span> <span class='ocrx_word' id='word_1_469' title='bbox 666 3100 919 3173; x_wconf 82' lang='lat' dir='ltr'><strong>penuria;</strong></span> <span class='ocrx_word' id='word_1_470' title='bbox 966 3100 1083 3157; x_wconf 68' lang='lat' dir='ltr'><strong>nec</strong></span> <span class='ocrx_word' id='word_1_471' title='bbox 1114 3105 1214 3156; x_wconf 90' lang='lat' dir='ltr'><strong>iam</strong></span> <span class='ocrx_word' id='word_1_472' title='bbox 1261 3100 1490 3171; x_wconf 84' lang='lat' dir='ltr'><strong>amplius</strong></span> <span class='ocrx_word' id='word_1_473' title='bbox 1538 3100 1674 3156; x_wconf 88' lang='lat' dir='ltr'><strong>alter</strong></span> <span class='ocrx_word' id='word_1_474' title='bbox 1717 3102 1787 3155; x_wconf 92' lang='lat' dir='ltr'><strong>ob</strong></span> 
     </span>
    </p>
   </div>
   <div class='ocr_carea' id='block_1_61' title="bbox 1882 1846 3449 1969">
    <p class='ocr_par' dir='ltr' id='par_1_61' title="bbox 1882 1846 3449 1969">
     <span class='ocr_line' id='line_1_62' title="bbox 1882 1846 3449 1916; baseline -0.002 -17"><span class='ocrx_word' id='word_1_475' title='bbox 1882 1846 2027 1913; x_wconf 86' lang='lat' dir='ltr'><strong>potui</strong></span> <span class='ocrx_word' id='word_1_476' title='bbox 2079 1846 2143 1900; x_wconf 90' lang='lat' dir='ltr'><strong>de</strong></span> <span class='ocrx_word' id='word_1_477' title='bbox 2177 1846 2412 1901; x_wconf 82' lang='lat' dir='ltr'><strong>Auctore</strong></span> <span class='ocrx_word' id='word_1_478' title='bbox 2466 1848 2516 1900; x_wconf 89' lang='lat' dir='ltr'><strong>di</strong></span> <span class='ocrx_word' id='word_1_479' title='bbox 2560 1847 2802 1909; x_wconf 91' lang='lat' dir='ltr'><strong>nissimo,</strong></span> <span class='ocrx_word' id='word_1_480' title='bbox 2852 1863 2937 1900; x_wconf 89' lang='lat' dir='ltr'><strong>me</strong></span> <span class='ocrx_word' id='word_1_481' title='bbox 2962 1847 3162 1916; x_wconf 86' lang='lat' dir='ltr'><strong>judice,</strong></span> <span class='ocrx_word' id='word_1_482' title='bbox 3217 1847 3362 1914; x_wconf 88' lang='lat' dir='ltr'><strong>quia</strong></span> <span class='ocrx_word' id='word_1_483' title='bbox 3398 1856 3449 1897; x_wconf 84' lang='lat' dir='ltr'><strong>te</strong></span> 
     </span>
     <span class='ocr_line' id='line_1_63' title="bbox 1882 1863 3445 1969; baseline 0.001 -2"><span class='ocrx_word' id='word_1_484' title='bbox 1882 1925 2210 1969; x_wconf 87' lang='lat' dir='ltr'><strong>nosceretur.</strong></span> <span class='ocrx_word' id='word_1_485' title='bbox 2251 1916 2462 1969; x_wconf 84' lang='lat' dir='ltr'><strong>Utinam</strong></span> <span class='ocrx_word' id='word_1_486' title='bbox 2497 1863 2653 1969; x_wconf 50' lang='lat' dir='ltr'><strong>alter.</strong></span> <span class='ocrx_word' id='word_1_487' title='bbox 2707 1932 2820 1969; x_wconf 90' lang='lat' dir='ltr'><strong>mea</strong></span> <span class='ocrx_word' id='word_1_488' title='bbox 2862 1918 3083 1969; x_wconf 78' lang='lat' dir='ltr'><strong>epistola</strong></span> <span class='ocrx_word' id='word_1_489' title='bbox 3116 1915 3445 1969; x_wconf 68' lang='lat' dir='ltr'><strong>stimulatus.</strong></span> 
     </span>
    </p>
   </div>
   <div class='ocr_carea' id='block_1_62' title="bbox 1882 1915 3445 1985">
    <p class='ocr_par' dir='ltr' id='par_1_62' title="bbox 1882 1915 3445 1985">
     <span class='ocr_line' id='line_1_64' title="bbox 1882 1915 3445 1985; baseline -0.003 -17"><span class='ocrx_word' id='word_1_490' title='bbox 1882 1925 2210 1969; x_wconf 87' lang='lat' dir='ltr'><strong>nosceretur.</strong></span> <span class='ocrx_word' id='word_1_491' title='bbox 2251 1916 2462 1971; x_wconf 84' lang='lat' dir='ltr'><strong>Utinam</strong></span> <span class='ocrx_word' id='word_1_492' title='bbox 2497 1915 2653 1978; x_wconf 92' lang='lat' dir='ltr'><strong>alter,</strong></span> <span class='ocrx_word' id='word_1_493' title='bbox 2707 1932 2820 1970; x_wconf 90' lang='lat' dir='ltr'><strong>mea</strong></span> <span class='ocrx_word' id='word_1_494' title='bbox 2862 1918 3083 1985; x_wconf 84' lang='lat' dir='ltr'><strong>epistola</strong></span> <span class='ocrx_word' id='word_1_495' title='bbox 3116 1915 3445 1977; x_wconf 68' lang='lat' dir='ltr'><strong>stimulatus,</strong></span> 
     </span>
    </p>
   </div>
   <div class='ocr_carea' id='block_1_63' title="bbox 1881 1985 3445 2056">
    <p class='ocr_par' dir='ltr' id='par_1_63' title="bbox 1881 1985 3445 2056">
     <span class='ocr_line' id='line_1_65' title="bbox 1881 1985 3445 2056; baseline 0 -19"><span class='ocrx_word' id='word_1_496' title='bbox 1881 1985 2123 2056; x_wconf 3' lang='lat' dir='ltr'><strong>alterum,</strong></span> <span class='ocrx_word' id='word_1_497' title='bbox 2159 1987 2435 2053; x_wconf 84' lang='lat' dir='ltr'><strong>exemplar</strong></span> <span class='ocrx_word' id='word_1_498' title='bbox 2479 1988 2691 2056; x_wconf 86' lang='lat' dir='ltr'><strong>detegat</strong></span> <span class='ocrx_word' id='word_1_499' title='bbox 2736 1986 2877 2039; x_wconf 90' lang='lat' dir='ltr'><strong>inter</strong></span> <span class='ocrx_word' id='word_1_500' title='bbox 2913 1987 3164 2055; x_wconf 83' lang='lat' dir='ltr'><strong>antiquos</strong></span> <span class='ocrx_word' id='word_1_501' title='bbox 3212 1986 3445 2045; x_wconf 85' lang='lat' dir='ltr'><strong>codices,</strong></span> 
     </span>
    </p>
   </div>
   <div class='ocr_carea' id='block_1_64' title="bbox 1881 2055 3450 2124">
    <p class='ocr_par' dir='ltr' id='par_1_64' title="bbox 1881 2055 3450 2124">
     <span class='ocr_line' id='line_1_66' title="bbox 1881 2055 3450 2124; baseline 0.002 -20"><span class='ocrx_word' id='word_1_502' title='bbox 1881 2056 2021 2121; x_wconf 90' lang='lat' dir='ltr'><strong>quod</strong></span> <span class='ocrx_word' id='word_1_503' title='bbox 2060 2055 2345 2123; x_wconf 87' lang='lat' dir='ltr'><strong>aliquando</strong></span> <span class='ocrx_word' id='word_1_504' title='bbox 2377 2057 2427 2108; x_wconf 89' lang='lat' dir='ltr'><strong>in</strong></span> <span class='ocrx_word' id='word_1_505' title='bbox 2462 2055 2635 2108; x_wconf 87' lang='lat' dir='ltr'><strong>lucem</strong></span> <span class='ocrx_word' id='word_1_506' title='bbox 2678 2056 2761 2107; x_wconf 89' lang='lat' dir='ltr'><strong>edi</strong></span> <span class='ocrx_word' id='word_1_507' title='bbox 2799 2056 2967 2124; x_wconf 89' lang='lat' dir='ltr'><strong>possit</strong></span> <span class='ocrx_word' id='word_1_508' title='bbox 2995 2073 3009 2108; x_wconf 93' lang='lat'><strong>:</strong></span> <span class='ocrx_word' id='word_1_509' title='bbox 3037 2062 3148 2123; x_wconf 86' lang='lat' dir='ltr'><strong>jam</strong></span> <span class='ocrx_word' id='word_1_510' title='bbox 3179 2072 3283 2108; x_wconf 92' lang='lat' dir='ltr'><strong>non</strong></span> <span class='ocrx_word' id='word_1_511' title='bbox 3326 2064 3450 2107; x_wconf 85' lang='lat' dir='ltr'><strong>tunc</strong></span> 
     </span>
    </p>
   </div>
   <div class='ocr_carea' id='block_1_65' title="bbox 1880 2124 3451 2194">
    <p class='ocr_par' dir='ltr' id='par_1_65' title="bbox 1880 2124 3451 2194">
     <span class='ocr_line' id='line_1_67' title="bbox 1880 2124 3451 2194; baseline -0.001 -18"><span class='ocrx_word' id='word_1_512' title='bbox 1880 2124 2242 2178; x_wconf 82' lang='lat' dir='ltr'><strong>existimarem</strong></span> <span class='ocrx_word' id='word_1_513' title='bbox 2293 2140 2464 2178; x_wconf 91' lang='lat' dir='ltr'><strong>meam</strong></span> <span class='ocrx_word' id='word_1_514' title='bbox 2526 2125 2806 2191; x_wconf 87' lang='lat' dir='ltr'><strong>epistolam</strong></span> <span class='ocrx_word' id='word_1_515' title='bbox 2868 2140 3318 2194; x_wconf 85' lang='lat' dir='ltr'><strong>snpervacaueam</strong></span> <span class='ocrx_word' id='word_1_516' title='bbox 3387 2139 3451 2176; x_wconf 83' lang='lat' dir='ltr'><strong>ac</strong></span> 
     </span>
    </p>
   </div>
   <div class='ocr_carea' id='block_1_66' title="bbox 1880 2193 3448 2263">
    <p class='ocr_par' dir='ltr' id='par_1_66' title="bbox 1880 2193 3448 2263">
     <span class='ocr_line' id='line_1_68' title="bbox 1880 2193 3448 2263; baseline -0.001 -17"><span class='ocrx_word' id='word_1_517' title='bbox 1880 2193 2026 2247; x_wconf 91' lang='lat' dir='ltr'><strong>omni</strong></span> <span class='ocrx_word' id='word_1_518' title='bbox 2078 2193 2305 2247; x_wconf 90' lang='lat' dir='ltr'><strong>utilitate</strong></span> <span class='ocrx_word' id='word_1_519' title='bbox 2345 2194 2678 2249; x_wconf 88' lang='lat' dir='ltr'><strong>destitutam.</strong></span> <span class='ocrx_word' id='word_1_520' title='bbox 2731 2196 2785 2248; x_wconf 85' lang='lat' dir='ltr'><strong>Si</strong></span> <span class='ocrx_word' id='word_1_521' title='bbox 2829 2193 3003 2249; x_wconf 90' lang='lat' dir='ltr'><strong>tamen</strong></span> <span class='ocrx_word' id='word_1_522' title='bbox 3034 2197 3084 2249; x_wconf 89' lang='lat' dir='ltr'><strong>in</strong></span> <span class='ocrx_word' id='word_1_523' title='bbox 3110 2210 3170 2248; x_wconf 84' lang='lat' dir='ltr'><strong>ea</strong></span> <span class='ocrx_word' id='word_1_524' title='bbox 3196 2195 3448 2263; x_wconf 86' lang='lat' dir='ltr'><strong>quiddam</strong></span> 
     </span>
    </p>
   </div>
   <div class='ocr_carea' id='block_1_67' title="bbox 1882 2262 3453 2332">
    <p class='ocr_par' dir='ltr' id='par_1_67' title="bbox 1882 2262 3453 2332">
     <span class='ocr_line' id='line_1_69' title="bbox 1882 2262 3453 2332; baseline -0.002 -16"><span class='ocrx_word' id='word_1_525' title='bbox 1882 2262 2025 2316; x_wconf 88' lang='lat' dir='ltr'><strong>haud</strong></span> <span class='ocrx_word' id='word_1_526' title='bbox 2054 2263 2422 2332; x_wconf 88' lang='lat' dir='ltr'><strong>injttcundum,</strong></span> <span class='ocrx_word' id='word_1_527' title='bbox 2451 2265 2589 2318; x_wconf 91' lang='lat' dir='ltr'><strong>sicut</strong></span> <span class='ocrx_word' id='word_1_528' title='bbox 2616 2263 2843 2317; x_wconf 85' lang='lat' dir='ltr'><strong>libenter</strong></span> <span class='ocrx_word' id='word_1_529' title='bbox 2873 2266 3093 2319; x_wconf 86' lang='lat' dir='ltr'><strong>credere</strong></span> <span class='ocrx_word' id='word_1_530' title='bbox 3131 2262 3273 2324; x_wconf 84' lang='lat' dir='ltr'><strong>amo,</strong></span> <span class='ocrx_word' id='word_1_531' title='bbox 3300 2279 3453 2332; x_wconf 78' lang='lat' dir='ltr'><strong>repe-</strong></span> 
     </span>
    </p>
   </div>
   <div class='ocr_carea' id='block_1_68' title="bbox 1884 2330 3455 2402">
    <p class='ocr_par' dir='ltr' id='par_1_68' title="bbox 1884 2330 3455 2402">
     <span class='ocr_line' id='line_1_70' title="bbox 1884 2330 3455 2402; baseline 0 -17"><span class='ocrx_word' id='word_1_532' title='bbox 1884 2330 2192 2402; x_wconf 80' lang='lat' dir='ltr'><strong>rieris,jarn</strong></span> <span class='ocrx_word' id='word_1_533' title='bbox 2224 2349 2357 2387; x_wconf 71' lang='lat' dir='ltr'><strong>mea:</strong></span> <span class='ocrx_word' id='word_1_534' title='bbox 2376 2349 2554 2402; x_wconf 82' lang='lat' dir='ltr'><strong>opera:</strong></span> <span class='ocrx_word' id='word_1_535' title='bbox 2582 2350 2645 2388; x_wconf 90' lang='lat' dir='ltr'><strong>ac</strong></span> <span class='ocrx_word' id='word_1_536' title='bbox 2664 2334 2865 2388; x_wconf 75' lang='lat' dir='ltr'><strong>laboris</strong></span> <span class='ocrx_word' id='word_1_537' title='bbox 2906 2334 3204 2388; x_wconf 85' lang='lat' dir='ltr'><strong>mercedem</strong></span> <span class='ocrx_word' id='word_1_538' title='bbox 3229 2330 3455 2402; x_wconf 74' lang='lat' dir='ltr'><strong>adeptus</strong></span> 
     </span>
    </p>
   </div>
   <div class='ocr_carea' id='block_1_69' title="bbox 1882 2401 3455 2473">
    <p class='ocr_par' dir='ltr' id='par_1_69' title="bbox 1882 2401 3455 2473">
     <span class='ocr_line' id='line_1_71' title="bbox 1882 2401 3455 2473; baseline -0.001 -18"><span class='ocrx_word' id='word_1_539' title='bbox 1882 2416 2023 2456; x_wconf 88' lang='lat' dir='ltr'><strong>sum.</strong></span> <span class='ocrx_word' id='word_1_540' title='bbox 2072 2401 2214 2473; x_wconf 72' lang='lat' dir='ltr'><strong>Nihil</strong></span> <span class='ocrx_word' id='word_1_541' title='bbox 2252 2401 2571 2457; x_wconf 28' lang='lat' dir='ltr'><strong>enim’milti</strong></span> <span class='ocrx_word' id='word_1_542' title='bbox 2607 2404 2777 2473; x_wconf 78' lang='lat' dir='ltr'><strong>magis</strong></span> <span class='ocrx_word' id='word_1_543' title='bbox 2818 2406 2963 2458; x_wconf 88' lang='lat' dir='ltr'><strong>cordi</strong></span> <span class='ocrx_word' id='word_1_544' title='bbox 2998 2415 3105 2468; x_wconf 88' lang='lat' dir='ltr'><strong>est,</strong></span> <span class='ocrx_word' id='word_1_545' title='bbox 3141 2419 3300 2473; x_wconf 84' lang='lat' dir='ltr'><strong>quam</strong></span> <span class='ocrx_word' id='word_1_546' title='bbox 3337 2401 3455 2455; x_wconf 84' lang='lat' dir='ltr'><strong>ali-</strong></span> 
     </span>
    </p>
   </div>
   <div class='ocr_carea' id='block_1_70' title="bbox 1884 2472 3450 2541">
    <p class='ocr_par' dir='ltr' id='par_1_70' title="bbox 1884 2472 3450 2541">
     <span class='ocr_line' id='line_1_72' title="bbox 1884 2472 3450 2541; baseline 0 -18"><span class='ocrx_word' id='word_1_547' title='bbox 1884 2473 2011 2539; x_wconf 90' lang='lat' dir='ltr'><strong>quid</strong></span> <span class='ocrx_word' id='word_1_548' title='bbox 2042 2472 2136 2525; x_wconf 89' lang='lat' dir='ltr'><strong>tibi</strong></span> <span class='ocrx_word' id='word_1_549' title='bbox 2178 2483 2386 2541; x_wconf 88' lang='lat' dir='ltr'><strong>gratum</strong></span> <span class='ocrx_word' id='word_1_550' title='bbox 2454 2473 2650 2527; x_wconf 86' lang='lat' dir='ltr'><strong>facere.</strong></span> <span class='ocrx_word' id='word_1_551' title='bbox 2707 2472 2828 2527; x_wconf 90' lang='lat' dir='ltr'><strong>Tibi</strong></span> <span class='ocrx_word' id='word_1_552' title='bbox 2870 2485 3047 2527; x_wconf 89' lang='lat' dir='ltr'><strong>autem</strong></span> <span class='ocrx_word' id='word_1_553' title='bbox 3083 2473 3327 2541; x_wconf 85' lang='lat' dir='ltr'><strong>placeat,</strong></span> <span class='ocrx_word' id='word_1_554' title='bbox 3396 2486 3450 2524; x_wconf 89' lang='lat' dir='ltr'><strong>ut</strong></span> 
     </span>
    </p>
   </div>
   <div class='ocr_carea' id='block_1_71' title="bbox 1884 2540 3456 2597">
    <p class='ocr_par' dir='ltr' id='par_1_71' title="bbox 1884 2540 3456 2597">
     <span class='ocr_line' id='line_1_73' title="bbox 1884 2540 3456 2597; baseline -0.001 -4"><span class='ocrx_word' id='word_1_555' title='bbox 1884 2542 2015 2594; x_wconf 88' lang='lat' dir='ltr'><strong>mihi</strong></span> <span class='ocrx_word' id='word_1_556' title='bbox 2047 2540 2195 2595; x_wconf 88' lang='lat' dir='ltr'><strong>tuam</strong></span> <span class='ocrx_word' id='word_1_557' title='bbox 2222 2543 2546 2597; x_wconf 89' lang='lat' dir='ltr'><strong>sententiam</strong></span> <span class='ocrx_word' id='word_1_558' title='bbox 2582 2557 2642 2596; x_wconf 88' lang='lat' dir='ltr'><strong>ea</strong></span> <span class='ocrx_word' id='word_1_559' title='bbox 2674 2544 2738 2596; x_wconf 90' lang='lat' dir='ltr'><strong>de</strong></span> <span class='ocrx_word' id='word_1_560' title='bbox 2762 2557 2821 2595; x_wconf 90' lang='lat' dir='ltr'><strong>re</strong></span> <span class='ocrx_word' id='word_1_561' title='bbox 2861 2540 3126 2597; x_wconf 85' lang='lat' dir='ltr'><strong>remittas.</strong></span> <span class='ocrx_word' id='word_1_562' title='bbox 3159 2540 3293 2596; x_wconf 87' lang='lat' dir='ltr'><strong>Cum</strong></span> <span class='ocrx_word' id='word_1_563' title='bbox 3347 2556 3456 2594; x_wconf 84' lang='lat' dir='ltr'><strong>ma-</strong></span> 
     </span>
    </p>
   </div>
   <div class='ocr_carea' id='block_1_72' title="bbox 1884 2610 3454 2687">
    <p class='ocr_par' dir='ltr' id='par_1_72' title="bbox 1884 2610 3454 2687">
     <span class='ocr_line' id='line_1_74' title="bbox 1884 2610 3454 2687; baseline 0 -24"><span class='ocrx_word' id='word_1_564' title='bbox 1884 2610 1966 2687; x_wconf 81' lang='lat' dir='ltr'><strong>gis</strong></span> <span class='ocrx_word' id='word_1_565' title='bbox 2002 2626 2066 2687; x_wconf 89' lang='lat' dir='ltr'><strong>a_c_</strong></span> <span class='ocrx_word' id='word_1_566' title='bbox 2106 2613 2276 2687; x_wconf 81' lang='lat' dir='ltr'><strong>magis</strong></span> <span class='ocrx_word' id='word_1_567' title='bbox 2305 2613 2387 2687; x_wconf 88' lang='lat' dir='ltr'><strong>__in</strong></span> <span class='ocrx_word' id='word_1_568' title='bbox 2419 2613 2534 2687; x_wconf 76' lang='lat' dir='ltr'><strong>dies</strong></span> <span class='ocrx_word' id='word_1_569' title='bbox 2567 2624 2776 2687; x_wconf 83' lang='lat' dir='ltr'><strong>crescat</strong></span> <span class='ocrx_word' id='word_1_570' title='bbox 2809 2614 3008 2682; x_wconf 88' lang='lat' dir='ltr'><strong>optima</strong></span> <span class='ocrx_word' id='word_1_571' title='bbox 3042 2613 3223 2680; x_wconf 92' lang='lat' dir='ltr'><strong>opinio</strong></span> <span class='ocrx_word' id='word_1_572' title='bbox 3253 2610 3317 2665; x_wconf 85' lang='lat' dir='ltr'><strong>ile</strong></span> <span class='ocrx_word' id='word_1_573' title='bbox 3351 2612 3454 2687; x_wconf 42' lang='lat' dir='ltr'><strong>lu‘is</strong></span> 
     </span>
    </p>
   </div>
   <div class='ocr_carea' id='block_1_73' title="bbox 1884 2680 3453 2750">
    <p class='ocr_par' dir='ltr' id='par_1_73' title="bbox 1884 2680 3453 2750">
     <span class='ocr_line' id='line_1_75' title="bbox 1884 2680 3453 2750; baseline -0.003 -16"><span class='ocrx_word' id='word_1_574' title='bbox 1884 2680 2098 2734; x_wconf 88' lang='lat' dir='ltr'><strong>eximiis</strong></span> <span class='ocrx_word' id='word_1_575' title='bbox 2136 2680 2421 2735; x_wconf 82' lang='lat' dir='ltr'><strong>virtutibus</strong></span> <span class='ocrx_word' id='word_1_576' title='bbox 2447 2681 2761 2748; x_wconf 88' lang='lat' dir='ltr'><strong>jamdudum</strong></span> <span class='ocrx_word' id='word_1_577' title='bbox 2813 2680 2970 2735; x_wconf 81' lang='lat' dir='ltr'><strong>ante</strong></span> <span class='ocrx_word' id='word_1_578' title='bbox 3013 2691 3298 2750; x_wconf 89' lang='lat' dir='ltr'><strong>concepta,</strong></span> <span class='ocrx_word' id='word_1_579' title='bbox 3342 2680 3453 2733; x_wconf 84' lang='lat' dir='ltr'><strong>toio</strong></span> 
     </span>
    </p>
   </div>
   <div class='ocr_carea' id='block_1_74' title="bbox 1887 2750 3455 2820">
    <p class='ocr_par' dir='ltr' id='par_1_74' title="bbox 1887 2750 3455 2820">
     <span class='ocr_line' id='line_1_76' title="bbox 1887 2750 3455 2820; baseline -0.003 -16"><span class='ocrx_word' id='word_1_580' title='bbox 1887 2750 2049 2804; x_wconf 88' lang='lat' dir='ltr'><strong>corde</strong></span> <span class='ocrx_word' id='word_1_581' title='bbox 2084 2750 2176 2804; x_wconf 91' lang='lat' dir='ltr'><strong>tibi</strong></span> <span class='ocrx_word' id='word_1_582' title='bbox 2218 2752 2396 2806; x_wconf 92' lang='lat' dir='ltr'><strong>omnia</strong></span> <span class='ocrx_word' id='word_1_583' title='bbox 2434 2751 2608 2805; x_wconf 85' lang='lat' dir='ltr'><strong>fausta</strong></span> <span class='ocrx_word' id='word_1_584' title='bbox 2654 2766 2847 2818; x_wconf 88' lang='lat' dir='ltr'><strong>precor</strong></span> <span class='ocrx_word' id='word_1_585' title='bbox 2890 2752 3247 2820; x_wconf 91' lang='lat' dir='ltr'><strong>omnibusque</strong></span> <span class='ocrx_word' id='word_1_586' title='bbox 3299 2750 3455 2804; x_wconf 77' lang='lat' dir='ltr'><strong>ditiu-</strong></span> 
     </span>
    </p>
   </div>
   <div class='ocr_carea' id='block_1_75' title="bbox 1885 2820 3453 2893">
    <p class='ocr_par' dir='ltr' id='par_1_75' title="bbox 1885 2820 3453 2893">
     <span class='ocr_line' id='line_1_77' title="bbox 1885 2820 3453 2893; baseline -0.001 -19"><span class='ocrx_word' id='word_1_587' title='bbox 1885 2820 2045 2875; x_wconf 90' lang='lat' dir='ltr'><strong>sioris</strong></span> <span class='ocrx_word' id='word_1_588' title='bbox 2089 2821 2331 2893; x_wconf 77' lang='lat' dir='ltr'><strong>obsequii</strong></span> <span class='ocrx_word' id='word_1_589' title='bbox 2377 2822 2693 2893; x_wconf 78' lang='lat' dir='ltr'><strong>testimoniis</strong></span> <span class='ocrx_word' id='word_1_590' title='bbox 2747 2822 2961 2876; x_wconf 83' lang='lat' dir='ltr'><strong>omissis</strong></span> <span class='ocrx_word' id='word_1_591' title='bbox 3011 2821 3115 2893; x_wconf 38' lang='lat' dir='ltr'><strong>(ea~</strong></span> <span class='ocrx_word' id='word_1_592' title='bbox 3149 2822 3293 2875; x_wconf 85' lang='lat' dir='ltr'><strong>enim</strong></span> <span class='ocrx_word' id='word_1_593' title='bbox 3351 2839 3453 2873; x_wconf 82' lang='lat' dir='ltr'><strong>nou</strong></span> 
     </span>
    </p>
   </div>
   <div class='ocr_carea' id='block_1_76' title="bbox 1887 2891 3455 2962">
    <p class='ocr_par' dir='ltr' id='par_1_76' title="bbox 1887 2891 3455 2962">
     <span class='ocr_line' id='line_1_78' title="bbox 1887 2891 3455 2962; baseline -0.002 -19"><span class='ocrx_word' id='word_1_594' title='bbox 1887 2900 2201 2962; x_wconf 80' lang='lat' dir='ltr'><strong>acceptarcs</strong></span> <span class='ocrx_word' id='word_1_595' title='bbox 2231 2908 2260 2943; x_wconf 90' lang='lat' dir='ltr'><strong>a</strong></span> <span class='ocrx_word' id='word_1_596' title='bbox 2291 2891 2491 2962; x_wconf 76' lang='lat' dir='ltr'><strong>famulo</strong></span> <span class='ocrx_word' id='word_1_597' title='bbox 2522 2891 2615 2946; x_wconf 88' lang='lat' dir='ltr'><strong>tibi</strong></span> <span class='ocrx_word' id='word_1_598' title='bbox 2650 2892 2999 2946; x_wconf 84' lang='lat' dir='ltr'><strong>devotissitno</strong></span> <span class='ocrx_word' id='word_1_599' title='bbox 3023 2891 3229 2962; x_wconf 40' lang='lat' dir='ltr'><strong>‘tuique</strong></span> <span class='ocrx_word' id='word_1_600' title='bbox 3271 2907 3455 2944; x_wconf 85' lang='lat' dir='ltr'><strong>aman-</strong></span> 
     </span>
    </p>
   </div>
   <div class='ocr_carea' id='block_1_77' title="bbox 1889 2959 3457 3029">
    <p class='ocr_par' dir='ltr' id='par_1_77' title="bbox 1889 2959 3457 3029">
     <span class='ocr_line' id='line_1_79' title="bbox 1889 2959 3457 3029; baseline 0.001 -17"><span class='ocrx_word' id='word_1_601' title='bbox 1889 2959 2153 3029; x_wconf 81' lang='lat' dir='ltr'><strong>tissimo),</strong></span> <span class='ocrx_word' id='word_1_602' title='bbox 2197 2968 2247 3015; x_wconf 91' lang='lat' dir='ltr'><strong>te</strong></span> <span class='ocrx_word' id='word_1_603' title='bbox 2300 2960 2536 3014; x_wconf 87' lang='lat' dir='ltr'><strong>maxima</strong></span> <span class='ocrx_word' id='word_1_604' title='bbox 2595 2963 2896 3016; x_wconf 87' lang='lat' dir='ltr'><strong>reverentia</strong></span> <span class='ocrx_word' id='word_1_605' title='bbox 2939 2959 3160 3027; x_wconf 66' lang='lat' dir='ltr'><strong>colens;</strong></span> <span class='ocrx_word' id='word_1_606' title='bbox 3214 2974 3304 3018; x_wconf 75' lang='lat' dir='ltr'><strong>me</strong></span> <span class='ocrx_word' id='word_1_607' title='bbox 3354 2972 3457 3014; x_wconf 78' lang='lat' dir='ltr'><strong>ttae</strong></span> 
     </span>
    </p>
   </div>
   <div class='ocr_carea' id='block_1_78' title="bbox 1889 3028 3015 3107">
    <p class='ocr_par' dir='ltr' id='par_1_78' title="bbox 1889 3028 3015 3107">
     <span class='ocr_line' id='line_1_80' title="bbox 1889 3028 3015 3107; baseline 0.002 -24"><span class='ocrx_word' id='word_1_608' title='bbox 1889 3028 2510 3107; x_wconf 31' lang='lat' dir='ltr'><strong>benigttissimajﬁgratite</strong></span> <span class='ocrx_word' id='word_1_609' title='bbox 2537 3034 3015 3107; x_wconf 71' lang='lat' dir='ltr'><strong>t_u_:e_commendo.</strong></span> 
     </span>
    </p>
   </div>
   <div class='ocr_carea' id='block_1_79' title="bbox 1969 3098 2691 3165">
    <p class='ocr_par' dir='ltr' id='par_1_79' title="bbox 1969 3098 2691 3165">
     <span class='ocr_line' id='line_1_81' title="bbox 1969 3098 2691 3165; baseline 0 -12"><span class='ocrx_word' id='word_1_610' title='bbox 1969 3098 2226 3165; x_wconf 70' lang='lat' dir='ltr'><strong>Venetiis,</strong></span> <span class='ocrx_word' id='word_1_611' title='bbox 2254 3099 2325 3154; x_wconf 83' lang='lat'><strong>&#39;50</strong></span> <span class='ocrx_word' id='word_1_612' title='bbox 2361 3098 2504 3155; x_wconf 76' lang='lat' dir='ltr'><strong>Junii</strong></span> <span class='ocrx_word' id='word_1_613' title='bbox 2536 3100 2691 3153; x_wconf 70' lang='lat'><strong>1705.</strong></span> 
     </span>
    </p>
   </div>
   <div class='ocr_carea' id='block_1_80' title="bbox 209 3172 733 3239">
    <p class='ocr_par' dir='ltr' id='par_1_80' title="bbox 209 3172 733 3239">
     <span class='ocr_line' id='line_1_82' title="bbox 209 3172 733 3239; baseline -0.004 -14"><span class='ocrx_word' id='word_1_614' title='bbox 209 3175 447 3229; x_wconf 85' lang='lat' dir='ltr'><strong>alterum</strong></span> <span class='ocrx_word' id='word_1_615' title='bbox 479 3172 675 3239; x_wconf 77' lang='lat' dir='ltr'><strong>lugeat.</strong></span> <span class='ocrx_word' id='word_1_616' title='bbox 714 3191 733 3223; x_wconf 79' lang='grc' dir='ltr'><strong>ι</strong></span> 
     </span>
    </p>
   </div>
   <div class='ocr_carea' id='block_1_81' title="bbox 216 3295 519 3306">
    <p class='ocr_par' dir='ltr' id='par_1_81' title="bbox 216 3295 519 3306">
     <span class='ocr_line' id='line_1_83' title="bbox 216 3295 519 3306; baseline 0 -2"><span class='ocrx_word' id='word_1_617' title='bbox 216 3295 451 3306; x_wconf 56' lang='lat'><strong>——.—._.</strong></span> <span class='ocrx_word' id='word_1_618' title='bbox 486 3297 519 3304; x_wconf 45' lang='grc' dir='ltr'><strong>γ-</strong></span> 
     </span>
    </p>
   </div>
   <div class='ocr_carea' id='block_1_82' title="bbox 396 3387 3270 3465">
    <p class='ocr_par' dir='ltr' id='par_1_82' title="bbox 396 3387 3270 3465">
     <span class='ocr_line' id='line_1_84' title="bbox 396 3387 3270 3465; baseline -0.001 -14"><span class='ocrx_word' id='word_1_619' title='bbox 396 3387 504 3451; x_wconf 89' lang='grc' dir='ltr'><strong>ΙΝ</strong></span> <span class='ocrx_word' id='word_1_620' title='bbox 536 3387 1081 3465; x_wconf 85' lang='lat' dir='ltr'><strong>SEQUENTEM</strong></span> <span class='ocrx_word' id='word_1_621' title='bbox 1113 3388 1449 3450; x_wconf 86' lang='lat' dir='ltr'><strong>LIBRUM</strong></span> <span class='ocrx_word' id='word_1_622' title='bbox 1483 3388 1808 3449; x_wconf 83' lang='lat' dir='ltr'><strong>DIDYMI</strong></span> <span class='ocrx_word' id='word_1_623' title='bbox 1845 3388 1964 3448; x_wconf 89' lang='lat' dir='ltr'><strong><em>DE</em></strong></span> <span class='ocrx_word' id='word_1_624' title='bbox 2004 3388 2355 3452; x_wconf 82' lang='lat' dir='ltr'><strong>SPIRITU</strong></span> <span class='ocrx_word' id='word_1_625' title='bbox 2392 3389 2724 3452; x_wconf 84' lang='lat' dir='ltr'><strong>SANCTO</strong></span> <span class='ocrx_word' id='word_1_626' title='bbox 2762 3389 3270 3452; x_wconf 83' lang='lat' dir='ltr'><strong>ADMONITIO.</strong></span> 
     </span>
    </p>
   </div>
   <div class='ocr_carea' id='block_1_83' title="bbox 1326 3532 2350 3605">
    <p class='ocr_par' dir='ltr' id='par_1_83' title="bbox 1326 3532 2350 3605">
     <span class='ocr_line' id='line_1_85' title="bbox 1326 3532 2350 3605; baseline -0.003 -15"><span class='ocrx_word' id='word_1_627' title='bbox 1326 3532 1487 3605; x_wconf 89' lang='lat' dir='ltr'><strong>(Opp.</strong></span> <span class='ocrx_word' id='word_1_628' title='bbox 1520 3534 1582 3590; x_wconf 86' lang='lat' dir='ltr'><strong>S.</strong></span> <span class='ocrx_word' id='word_1_629' title='bbox 1614 3533 1925 3605; x_wconf 88' lang='lat' dir='ltr'><strong>llieronymi</strong></span> <span class='ocrx_word' id='word_1_630' title='bbox 1949 3535 2036 3589; x_wconf 92' lang='lat' dir='ltr'><strong>ed.</strong></span> <span class='ocrx_word' id='word_1_631' title='bbox 2074 3532 2350 3590; x_wconf 74' lang='lat' dir='ltr'><strong>\‘allarsi.l</strong></span> 
     </span>
    </p>
   </div>
   <div class='ocr_carea' id='block_1_84' title="bbox 306 3671 3459 3746">
    <p class='ocr_par' dir='ltr' id='par_1_84' title="bbox 306 3671 3459 3746">
     <span class='ocr_line' id='line_1_86' title="bbox 306 3671 3459 3746; baseline -0 -17"><span class='ocrx_word' id='word_1_632' title='bbox 306 3674 564 3744; x_wconf 83' lang='lat' dir='ltr'><strong>Didymus</strong></span> <span class='ocrx_word' id='word_1_633' title='bbox 589 3672 1002 3739; x_wconf 79' lang='lat' dir='ltr'><strong>Alexandrinus,</strong></span> <span class='ocrx_word' id='word_1_634' title='bbox 1035 3672 1127 3743; x_wconf 91' lang='lat' dir='ltr'><strong>qui</strong></span> <span class='ocrx_word' id='word_1_635' title='bbox 1158 3671 1474 3728; x_wconf 88' lang='lat' dir='ltr'><strong>miraculum</strong></span> <span class='ocrx_word' id='word_1_636' title='bbox 1500 3671 1584 3728; x_wconf 88' lang='lat' dir='ltr'><strong>sui</strong></span> <span class='ocrx_word' id='word_1_637' title='bbox 1606 3671 1852 3743; x_wconf 76' lang='lat' dir='ltr'><strong>prmbuit,</strong></span> <span class='ocrx_word' id='word_1_638' title='bbox 1884 3673 2028 3743; x_wconf 89' lang='lat' dir='ltr'><strong>quod</strong></span> <span class='ocrx_word' id='word_1_639' title='bbox 2064 3684 2252 3745; x_wconf 86' lang='lat' dir='ltr'><strong>captus</strong></span> <span class='ocrx_word' id='word_1_640' title='bbox 2285 3689 2313 3728; x_wconf 91' lang='lat' dir='ltr'><strong>a</strong></span> <span class='ocrx_word' id='word_1_641' title='bbox 2352 3689 2510 3744; x_wconf 87' lang='lat' dir='ltr'><strong>parva</strong></span> <span class='ocrx_word' id='word_1_642' title='bbox 2544 3684 2701 3730; x_wconf 75' lang='lat' dir='ltr'><strong>zetate</strong></span> <span class='ocrx_word' id='word_1_643' title='bbox 2731 3676 2926 3743; x_wconf 90' lang='lat' dir='ltr'><strong>oculis,</strong></span> <span class='ocrx_word' id='word_1_644' title='bbox 2970 3677 3316 3746; x_wconf 85' lang='lat' dir='ltr'><strong>ipsorumque</strong></span> <span class='ocrx_word' id='word_1_645' title='bbox 3348 3675 3459 3729; x_wconf 81' lang='lat' dir='ltr'><strong>ele-</strong></span> 
     </span>
    </p>
   </div>
   <div class='ocr_carea' id='block_1_85' title="bbox 220 3765 3459 3836">
    <p class='ocr_par' dir='ltr' id='par_1_85' title="bbox 220 3765 3459 3836">
     <span class='ocr_line' id='line_1_87' title="bbox 220 3765 3459 3836; baseline -0.001 -17"><span class='ocrx_word' id='word_1_646' title='bbox 220 3776 522 3822; x_wconf 75' lang='lat' dir='ltr'><strong>mentorum</strong></span> <span class='ocrx_word' id='word_1_647' title='bbox 558 3767 797 3836; x_wconf 84' lang='lat' dir='ltr'><strong>ignarus,</strong></span> <span class='ocrx_word' id='word_1_648' title='bbox 832 3767 974 3821; x_wconf 92' lang='lat' dir='ltr'><strong>omni</strong></span> <span class='ocrx_word' id='word_1_649' title='bbox 1008 3777 1185 3822; x_wconf 89' lang='lat' dir='ltr'><strong>tamen</strong></span> <span class='ocrx_word' id='word_1_650' title='bbox 1218 3765 1569 3821; x_wconf 89' lang='lat' dir='ltr'><strong>scientiarum</strong></span> <span class='ocrx_word' id='word_1_651' title='bbox 1600 3779 1819 3835; x_wconf 89' lang='lat' dir='ltr'><strong>genere,</strong></span> <span class='ocrx_word' id='word_1_652' title='bbox 1837 3766 2013 3836; x_wconf 89' lang='lat' dir='ltr'><strong>iisque</strong></span> <span class='ocrx_word' id='word_1_653' title='bbox 2030 3767 2194 3821; x_wconf 89' lang='lat' dir='ltr'><strong>etiam</strong></span> <span class='ocrx_word' id='word_1_654' title='bbox 2216 3782 2335 3835; x_wconf 66' lang='lat' dir='ltr'><strong>qum</strong></span> <span class='ocrx_word' id='word_1_655' title='bbox 2358 3768 2591 3821; x_wconf 79' lang='lat' dir='ltr'><strong>maxime</strong></span> <span class='ocrx_word' id='word_1_656' title='bbox 2627 3768 2742 3822; x_wconf 89' lang='lat' dir='ltr'><strong>visu</strong></span> <span class='ocrx_word' id='word_1_657' title='bbox 2774 3768 3036 3835; x_wconf 83' lang='lat' dir='ltr'><strong>indigent,</strong></span> <span class='ocrx_word' id='word_1_658' title='bbox 3074 3767 3234 3821; x_wconf 85' lang='lat' dir='ltr'><strong>fuerit</strong></span> <span class='ocrx_word' id='word_1_659' title='bbox 3256 3769 3459 3836; x_wconf 83' lang='lat' dir='ltr'><strong>expoli-</strong></span> 
     </span>
    </p>
   </div>
   <div class='ocr_carea' id='block_1_86' title="bbox 215 3855 3458 3929">
    <p class='ocr_par' dir='ltr' id='par_1_86' title="bbox 215 3855 3458 3929">
     <span class='ocr_line' id='line_1_88' title="bbox 215 3855 3458 3929; baseline -0.001 -18"><span class='ocrx_word' id='word_1_660' title='bbox 215 3870 323 3923; x_wconf 85' lang='lat' dir='ltr'><strong>tus,</strong></span> <span class='ocrx_word' id='word_1_661' title='bbox 363 3858 509 3913; x_wconf 89' lang='lat' dir='ltr'><strong>inter</strong></span> <span class='ocrx_word' id='word_1_662' title='bbox 538 3868 734 3914; x_wconf 76' lang='lat' dir='ltr'><strong>ctetera</strong></span> <span class='ocrx_word' id='word_1_663' title='bbox 771 3874 892 3929; x_wconf 74' lang='lat' dir='ltr'><strong>quae</strong></span> <span class='ocrx_word' id='word_1_664' title='bbox 922 3858 1121 3925; x_wconf 84' lang='lat' dir='ltr'><strong>ingenii</strong></span> <span class='ocrx_word' id='word_1_665' title='bbox 1146 3858 1228 3912; x_wconf 92' lang='lat' dir='ltr'><strong>sui</strong></span> <span class='ocrx_word' id='word_1_666' title='bbox 1260 3856 1476 3927; x_wconf 90' lang='lat' dir='ltr'><strong>reliquit</strong></span> <span class='ocrx_word' id='word_1_667' title='bbox 1507 3864 1876 3924; x_wconf 87' lang='lat' dir='ltr'><strong>monumenta,</strong></span> <span class='ocrx_word' id='word_1_668' title='bbox 1915 3859 2055 3912; x_wconf 90' lang='lat' dir='ltr'><strong>hunc</strong></span> <span class='ocrx_word' id='word_1_669' title='bbox 2091 3856 2163 3912; x_wconf 85' lang='lat' dir='ltr'><strong>De</strong></span> <span class='ocrx_word' id='word_1_670' title='bbox 2222 3857 2424 3928; x_wconf 80' lang='lat' dir='ltr'><strong>Spiritu</strong></span> <span class='ocrx_word' id='word_1_671' title='bbox 2478 3871 2658 3913; x_wconf 82' lang='lat' dir='ltr'><strong>sancto</strong></span> <span class='ocrx_word' id='word_1_672' title='bbox 2718 3858 2911 3913; x_wconf 88' lang='lat' dir='ltr'><strong>librum</strong></span> <span class='ocrx_word' id='word_1_673' title='bbox 2942 3858 3206 3927; x_wconf 81' lang='lat' dir='ltr'><strong>frequenti</strong></span> <span class='ocrx_word' id='word_1_674' title='bbox 3235 3855 3458 3911; x_wconf 81' lang='lat' dir='ltr'><strong>fratrum</strong></span> 
     </span>
    </p>
   </div>
   <div class='ocr_carea' id='block_1_87' title="bbox 210 3948 3460 4019">
    <p class='ocr_par' dir='ltr' id='par_1_87' title="bbox 210 3948 3460 4019">
     <span class='ocr_line' id='line_1_89' title="bbox 210 3948 3460 4019; baseline -0.001 -13"><span class='ocrx_word' id='word_1_675' title='bbox 210 3951 600 4007; x_wconf 78' lang='lat' dir='ltr'><strong>exhortatione</strong></span> <span class='ocrx_word' id='word_1_676' title='bbox 631 3952 943 4019; x_wconf 87' lang='lat' dir='ltr'><strong>compulsus</strong></span> <span class='ocrx_word' id='word_1_677' title='bbox 970 3959 1053 4005; x_wconf 89' lang='lat' dir='ltr'><strong>est</strong></span> <span class='ocrx_word' id='word_1_678' title='bbox 1075 3950 1338 4016; x_wconf 90' lang='lat' dir='ltr'><strong>scribere,</strong></span> <span class='ocrx_word' id='word_1_679' title='bbox 1366 3958 1424 4003; x_wconf 92' lang='lat' dir='ltr'><strong>ut</strong></span> <span class='ocrx_word' id='word_1_680' title='bbox 1452 3948 1832 4004; x_wconf 90' lang='lat' dir='ltr'><strong>nonnullorum</strong></span> <span class='ocrx_word' id='word_1_681' title='bbox 1879 3958 2183 4005; x_wconf 91' lang='lat' dir='ltr'><strong>commenta</strong></span> <span class='ocrx_word' id='word_1_682' title='bbox 2236 3949 2500 4006; x_wconf 83' lang='lat' dir='ltr'><strong>refelleret</strong></span> <span class='ocrx_word' id='word_1_683' title='bbox 2550 3952 2691 4006; x_wconf 86' lang='lat' dir='ltr'><strong>circa</strong></span> <span class='ocrx_word' id='word_1_684' title='bbox 2735 3950 2993 4019; x_wconf 87' lang='lat' dir='ltr'><strong>Spiritum</strong></span> <span class='ocrx_word' id='word_1_685' title='bbox 3033 3958 3303 4016; x_wconf 89' lang='lat' dir='ltr'><strong>sanctum,</strong></span> <span class='ocrx_word' id='word_1_686' title='bbox 3342 3965 3460 4019; x_wconf 69' lang='lat' dir='ltr'><strong>quae</strong></span> 
     </span>
    </p>
   </div>
   <div class='ocr_carea' id='block_1_88' title="bbox 208 4040 3459 4114">
    <p class='ocr_par' dir='ltr' id='par_1_88' title="bbox 208 4040 3459 4114">
     <span class='ocr_line' id='line_1_90' title="bbox 208 4040 3459 4114; baseline -0.001 -17"><span class='ocrx_word' id='word_1_687' title='bbox 208 4058 401 4111; x_wconf 85' lang='lat' dir='ltr'><strong>neque</strong></span> <span class='ocrx_word' id='word_1_688' title='bbox 432 4043 486 4096; x_wconf 92' lang='lat' dir='ltr'><strong>in</strong></span> <span class='ocrx_word' id='word_1_689' title='bbox 522 4041 824 4113; x_wconf 89' lang='lat' dir='ltr'><strong>Scripturis</strong></span> <span class='ocrx_word' id='word_1_690' title='bbox 858 4043 1017 4107; x_wconf 91' lang='lat' dir='ltr'><strong>lecta,</strong></span> <span class='ocrx_word' id='word_1_691' title='bbox 1042 4057 1219 4114; x_wconf 90' lang='lat' dir='ltr'><strong>neque</strong></span> <span class='ocrx_word' id='word_1_692' title='bbox 1242 4058 1272 4096; x_wconf 92' lang='lat' dir='ltr'><strong>a</strong></span> <span class='ocrx_word' id='word_1_693' title='bbox 1301 4056 1575 4111; x_wconf 90' lang='lat' dir='ltr'><strong>quoquam</strong></span> <span class='ocrx_word' id='word_1_694' title='bbox 1605 4040 2100 4097; x_wconf 90' lang='lat' dir='ltr'><strong>ecclesiasticorum</strong></span> <span class='ocrx_word' id='word_1_695' title='bbox 2142 4051 2384 4097; x_wconf 78' lang='lat' dir='ltr'><strong>veterum</strong></span> <span class='ocrx_word' id='word_1_696' title='bbox 2419 4043 2632 4098; x_wconf 81' lang='lat' dir='ltr'><strong>fuerant</strong></span> <span class='ocrx_word' id='word_1_697' title='bbox 2658 4051 2937 4112; x_wconf 82' lang='lat' dir='ltr'><strong>usurpata.</strong></span> <span class='ocrx_word' id='word_1_698' title='bbox 2968 4041 3345 4111; x_wconf 82' lang='lat' dir='ltr'><strong>Hieronymus,</strong></span> <span class='ocrx_word' id='word_1_699' title='bbox 3368 4045 3459 4111; x_wconf 74' lang='lat' dir='ltr'><strong>qui</strong></span> 
     </span>
    </p>
   </div>
   <div class='ocr_carea' id='block_1_89' title="bbox 212 4129 3459 4204">
    <p class='ocr_par' dir='ltr' id='par_1_89' title="bbox 212 4129 3459 4204">
     <span class='ocr_line' id='line_1_91' title="bbox 212 4129 3459 4204; baseline 0 -18"><span class='ocrx_word' id='word_1_700' title='bbox 212 4133 437 4204; x_wconf 83' lang='lat' dir='ltr'><strong>Didymi</strong></span> <span class='ocrx_word' id='word_1_701' title='bbox 470 4134 827 4189; x_wconf 89' lang='lat' dir='ltr'><strong>eruditionem</strong></span> <span class='ocrx_word' id='word_1_702' title='bbox 857 4148 979 4188; x_wconf 92' lang='lat' dir='ltr'><strong>cum</strong></span> <span class='ocrx_word' id='word_1_703' title='bbox 1007 4133 1197 4203; x_wconf 85' lang='lat' dir='ltr'><strong>primis</strong></span> <span class='ocrx_word' id='word_1_704' title='bbox 1226 4142 1311 4187; x_wconf 88' lang='lat' dir='ltr'><strong>est</strong></span> <span class='ocrx_word' id='word_1_705' title='bbox 1345 4131 1663 4195; x_wconf 87' lang='lat' dir='ltr'><strong>admiratus,</strong></span> <span class='ocrx_word' id='word_1_706' title='bbox 1707 4145 1879 4200; x_wconf 89' lang='lat' dir='ltr'><strong>eoque</strong></span> <span class='ocrx_word' id='word_1_707' title='bbox 1906 4132 2167 4201; x_wconf 84' lang='lat' dir='ltr'><strong>magistro</strong></span> <span class='ocrx_word' id='word_1_708' title='bbox 2211 4148 2338 4186; x_wconf 88' lang='lat' dir='ltr'><strong>usus</strong></span> <span class='ocrx_word' id='word_1_709' title='bbox 2366 4132 2726 4199; x_wconf 82' lang='lat' dir='ltr'><strong>Alexandriae,</strong></span> <span class='ocrx_word' id='word_1_710' title='bbox 2758 4133 2991 4201; x_wconf 89' lang='lat' dir='ltr'><strong>primum</strong></span> <span class='ocrx_word' id='word_1_711' title='bbox 3016 4131 3234 4201; x_wconf 88' lang='lat' dir='ltr'><strong>quidem</strong></span> <span class='ocrx_word' id='word_1_712' title='bbox 3267 4129 3459 4200; x_wconf 74' lang='lat' dir='ltr'><strong>impei~</strong></span> 
     </span>
    </p>
   </div>
   <div class='ocr_carea' id='block_1_90' title="bbox 204 4218 3464 4299">
    <p class='ocr_par' dir='ltr' id='par_1_90' title="bbox 204 4218 3464 4299">
     <span class='ocr_line' id='line_1_92' title="bbox 204 4218 3464 4299; baseline -0.002 -18"><span class='ocrx_word' id='word_1_713' title='bbox 204 4226 369 4281; x_wconf 85' lang='lat' dir='ltr'><strong>lente</strong></span> <span class='ocrx_word' id='word_1_714' title='bbox 398 4224 627 4279; x_wconf 88' lang='lat' dir='ltr'><strong>Damaso</strong></span> <span class='ocrx_word' id='word_1_715' title='bbox 658 4223 900 4279; x_wconf 80' lang='lat' dir='ltr'><strong>Romano</strong></span> <span class='ocrx_word' id='word_1_716' title='bbox 932 4222 1205 4294; x_wconf 82' lang='lat' dir='ltr'><strong>pontiﬁce,</strong></span> <span class='ocrx_word' id='word_1_717' title='bbox 1243 4238 1365 4278; x_wconf 93' lang='lat' dir='ltr'><strong>cum</strong></span> <span class='ocrx_word' id='word_1_718' title='bbox 1399 4221 1585 4277; x_wconf 73' lang='lat' dir='ltr'><strong>Romae</strong></span> <span class='ocrx_word' id='word_1_719' title='bbox 1618 4231 1827 4290; x_wconf 86' lang='lat' dir='ltr'><strong>ageret,</strong></span> <span class='ocrx_word' id='word_1_720' title='bbox 1853 4222 2062 4299; x_wconf 86' lang='lat' dir='ltr'><strong>Latinis</strong></span> <span class='ocrx_word' id='word_1_721' title='bbox 2088 4223 2238 4276; x_wconf 92' lang='lat' dir='ltr'><strong>illum</strong></span> <span class='ocrx_word' id='word_1_722' title='bbox 2271 4222 2450 4278; x_wconf 86' lang='lat' dir='ltr'><strong>verbis</strong></span> <span class='ocrx_word' id='word_1_723' title='bbox 2470 4220 3014 4293; x_wconf 71' lang='lat' dir='ltr'><strong>cmperatexplicare,</strong></span> <span class='ocrx_word' id='word_1_724' title='bbox 3043 4220 3233 4276; x_wconf 91' lang='lat' dir='ltr'><strong>deinde</strong></span> <span class='ocrx_word' id='word_1_725' title='bbox 3255 4218 3464 4277; x_wconf 77' lang='lat' dir='ltr'><strong>Jeroso-</strong></span> 
     </span>
    </p>
   </div>
   <div class='ocr_carea' id='block_1_91' title="bbox 208 4313 2863 4389">
    <p class='ocr_par' dir='ltr' id='par_1_91' title="bbox 208 4313 2863 4389">
     <span class='ocr_line' id='line_1_93' title="bbox 208 4313 2863 4389; baseline 0.001 -20"><span class='ocrx_word' id='word_1_726' title='bbox 208 4314 423 4389; x_wconf 79' lang='lat' dir='ltr'><strong>lymam</strong></span> <span class='ocrx_word' id='word_1_727' title='bbox 454 4317 785 4386; x_wconf 87' lang='lat' dir='ltr'><strong>postliminio</strong></span> <span class='ocrx_word' id='word_1_728' title='bbox 819 4330 1093 4379; x_wconf 88' lang='lat' dir='ltr'><strong>reversus,</strong></span> <span class='ocrx_word' id='word_1_729' title='bbox 1119 4314 1427 4369; x_wconf 89' lang='lat' dir='ltr'><strong>Pauliniani</strong></span> <span class='ocrx_word' id='word_1_730' title='bbox 1457 4313 1645 4368; x_wconf 81' lang='lat' dir='ltr'><strong>fratris</strong></span> <span class='ocrx_word' id='word_1_731' title='bbox 1677 4316 1916 4379; x_wconf 88' lang='lat' dir='ltr'><strong>hortatu,</strong></span> <span class='ocrx_word' id='word_1_732' title='bbox 1947 4327 2015 4367; x_wconf 84' lang='lat' dir='ltr'><strong>ex</strong></span> <span class='ocrx_word' id='word_1_733' title='bbox 2058 4315 2270 4383; x_wconf 82' lang='lat' dir='ltr'><strong>integro</strong></span> <span class='ocrx_word' id='word_1_734' title='bbox 2300 4315 2463 4369; x_wconf 90' lang='lat' dir='ltr'><strong>vertit</strong></span> <span class='ocrx_word' id='word_1_735' title='bbox 2487 4324 2647 4383; x_wconf 88' lang='lat' dir='ltr'><strong>atque</strong></span> <span class='ocrx_word' id='word_1_736' title='bbox 2676 4313 2863 4371; x_wconf 90' lang='lat' dir='ltr'><strong>edidit.</strong></span> 
     </span>
    </p>
   </div>
   <div class='ocr_carea' id='block_1_92' title="bbox 287 4401 3458 4477">
    <p class='ocr_par' dir='ltr' id='par_1_92' title="bbox 287 4401 3458 4477">
     <span class='ocr_line' id='line_1_94' title="bbox 287 4401 3458 4477; baseline -0.001 -16"><span class='ocrx_word' id='word_1_737' title='bbox 287 4406 603 4476; x_wconf 82' lang='lat' dir='ltr'><strong>Singularis</strong></span> <span class='ocrx_word' id='word_1_738' title='bbox 655 4422 815 4477; x_wconf 91' lang='lat' dir='ltr'><strong>porro</strong></span> <span class='ocrx_word' id='word_1_739' title='bbox 864 4414 949 4461; x_wconf 91' lang='lat' dir='ltr'><strong>est</strong></span> <span class='ocrx_word' id='word_1_740' title='bbox 1004 4404 1158 4469; x_wconf 90' lang='lat' dir='ltr'><strong>liber,</strong></span> <span class='ocrx_word' id='word_1_741' title='bbox 1216 4403 1667 4474; x_wconf 76' lang='lat' dir='ltr'><strong>quemadmodum</strong></span> <span class='ocrx_word' id='word_1_742' title='bbox 1725 4411 1780 4456; x_wconf 91' lang='lat' dir='ltr'><strong>et</strong></span> <span class='ocrx_word' id='word_1_743' title='bbox 1836 4401 2194 4473; x_wconf 76' lang='lat' dir='ltr'><strong>Hieronymus</strong></span> <span class='ocrx_word' id='word_1_744' title='bbox 2246 4405 2359 4472; x_wconf 91' lang='lat' dir='ltr'><strong>ipse</strong></span> <span class='ocrx_word' id='word_1_745' title='bbox 2384 4405 2594 4473; x_wconf 89' lang='lat' dir='ltr'><strong>quoties</strong></span> <span class='ocrx_word' id='word_1_746' title='bbox 2644 4420 2766 4459; x_wconf 88' lang='lat' dir='ltr'><strong>eum</strong></span> <span class='ocrx_word' id='word_1_747' title='bbox 2802 4403 3013 4468; x_wconf 72' lang='lat' dir='ltr'><strong>laudat,</strong></span> <span class='ocrx_word' id='word_1_748' title='bbox 3034 4412 3092 4459; x_wconf 93' lang='lat' dir='ltr'><strong>ut</strong></span> <span class='ocrx_word' id='word_1_749' title='bbox 3128 4404 3180 4459; x_wconf 90' lang='lat' dir='ltr'><strong>in</strong></span> <span class='ocrx_word' id='word_1_750' title='bbox 3209 4406 3458 4476; x_wconf 81' lang='lat' dir='ltr'><strong>Catalago</strong></span> 
     </span>
    </p>
   </div>
   <div class='ocr_carea' id='block_1_93' title="bbox 207 4492 3458 4569">
    <p class='ocr_par' dir='ltr' id='par_1_93' title="bbox 207 4492 3458 4569">
     <span class='ocr_line' id='line_1_95' title="bbox 207 4492 3458 4569; baseline -0.001 -16"><span class='ocrx_word' id='word_1_751' title='bbox 207 4514 343 4569; x_wconf 78' lang='lat' dir='ltr'><strong>cap.</strong></span> <span class='ocrx_word' id='word_1_752' title='bbox 389 4497 513 4561; x_wconf 79' lang='grc'><strong>109,</strong></span> <span class='ocrx_word' id='word_1_753' title='bbox 536 4508 591 4551; x_wconf 89' lang='lat' dir='ltr'><strong>et</strong></span> <span class='ocrx_word' id='word_1_754' title='bbox 614 4498 753 4552; x_wconf 92' lang='lat' dir='ltr'><strong>libro</strong></span> <span class='ocrx_word' id='word_1_755' title='bbox 784 4512 821 4551; x_wconf 88' lang='grc' dir='ltr'><strong>ιι</strong></span> <span class='ocrx_word' id='word_1_756' title='bbox 857 4497 909 4550; x_wconf 87' lang='lat' dir='ltr'><strong>in</strong></span> <span class='ocrx_word' id='word_1_757' title='bbox 944 4494 1217 4562; x_wconf 78' lang='lat' dir='ltr'><strong>Ruﬁnum,</strong></span> <span class='ocrx_word' id='word_1_758' title='bbox 1250 4503 1305 4548; x_wconf 93' lang='lat' dir='ltr'><strong>et</strong></span> <span class='ocrx_word' id='word_1_759' title='bbox 1330 4508 1462 4548; x_wconf 87' lang='lat' dir='ltr'><strong>mss.</strong></span> <span class='ocrx_word' id='word_1_760' title='bbox 1488 4494 1699 4546; x_wconf 88' lang='lat' dir='ltr'><strong>codices</strong></span> <span class='ocrx_word' id='word_1_761' title='bbox 1725 4500 1987 4561; x_wconf 89' lang='lat' dir='ltr'><strong>quotquot</strong></span> <span class='ocrx_word' id='word_1_762' title='bbox 2018 4493 2353 4563; x_wconf 88' lang='lat' dir='ltr'><strong>inspeximus</strong></span> <span class='ocrx_word' id='word_1_763' title='bbox 2382 4492 2690 4547; x_wconf 89' lang='lat' dir='ltr'><strong>testimonio</strong></span> <span class='ocrx_word' id='word_1_764' title='bbox 2716 4502 2859 4547; x_wconf 90' lang='lat' dir='ltr'><strong>sunt.</strong></span> <span class='ocrx_word' id='word_1_765' title='bbox 2891 4494 3221 4563; x_wconf 83' lang='lat' dir='ltr'><strong>Augustinus</strong></span> <span class='ocrx_word' id='word_1_766' title='bbox 3246 4510 3458 4565; x_wconf 86' lang='lat' dir='ltr'><strong>quoque</strong></span> 
     </span>
    </p>
   </div>
   <div class='ocr_carea' id='block_1_94' title="bbox 205 4583 3460 4657">
    <p class='ocr_par' dir='ltr' id='par_1_94' title="bbox 205 4583 3460 4657">
     <span class='ocr_line' id='line_1_96' title="bbox 205 4583 3460 4657; baseline -0.002 -10"><span class='ocrx_word' id='word_1_767' title='bbox 205 4594 312 4655; x_wconf 80' lang='lat' dir='ltr'><strong>lib.</strong></span> <span class='ocrx_word' id='word_1_768' title='bbox 349 4606 394 4647; x_wconf 81' lang='grc' dir='ltr'><strong>ιι</strong></span> <span class='ocrx_word' id='word_1_769' title='bbox 431 4590 787 4655; x_wconf 73' lang='lat' dir='ltr'><strong>Qumtionum</strong></span> <span class='ocrx_word' id='word_1_770' title='bbox 810 4590 867 4643; x_wconf 79' lang='lat' dir='ltr'><strong>iu</strong></span> <span class='ocrx_word' id='word_1_771' title='bbox 897 4588 1307 4656; x_wconf 74' lang='lat' dir='ltr'><strong>Exodum,&#39;cap.</strong></span> <span class='ocrx_word' id='word_1_772' title='bbox 1338 4587 1430 4651; x_wconf 72' lang='lat'><strong>25,</strong></span> <span class='ocrx_word' id='word_1_773' title='bbox 1453 4585 1840 4657; x_wconf 84' lang='lat' dir='ltr'><strong>Nicephorusl.</strong></span> <span class='ocrx_word' id='word_1_774' title='bbox 1881 4601 1960 4652; x_wconf 81' lang='lat' dir='ltr'><strong>ix,</strong></span> <span class='ocrx_word' id='word_1_775' title='bbox 1984 4601 2103 4655; x_wconf 91' lang='lat' dir='ltr'><strong>cap.</strong></span> <span class='ocrx_word' id='word_1_776' title='bbox 2137 4586 2224 4650; x_wconf 81' lang='lat' dir='ltr'><strong>l7,</strong></span> <span class='ocrx_word' id='word_1_777' title='bbox 2256 4597 2307 4640; x_wconf 92' lang='lat' dir='ltr'><strong>et</strong></span> <span class='ocrx_word' id='word_1_778' title='bbox 2337 4584 2794 4653; x_wconf 81' lang='lat' dir='ltr'><strong>Ratramnus,qui</strong></span> <span class='ocrx_word' id='word_1_779' title='bbox 2827 4583 3293 4655; x_wconf 83' lang='lat' dir='ltr'><strong>Hieronymianam</strong></span> <span class='ocrx_word' id='word_1_780' title='bbox 3322 4587 3460 4640; x_wconf 82' lang='lat' dir='ltr'><strong>hanc</strong></span> 
     </span>
    </p>
   </div>
   <div class='ocr_carea' id='block_1_95' title="bbox 204 4677 3464 4758">
    <p class='ocr_par' dir='ltr' id='par_1_95' title="bbox 204 4677 3464 4758">
     <span class='ocr_line' id='line_1_97' title="bbox 204 4677 3464 4758; baseline -0.003 -16"><span class='ocrx_word' id='word_1_781' title='bbox 204 4688 397 4758; x_wconf 88' lang='lat' dir='ltr'><strong>ipsam</strong></span> <span class='ocrx_word' id='word_1_782' title='bbox 431 4684 728 4738; x_wconf 75' lang='lat' dir='ltr'><strong>versionem</strong></span> <span class='ocrx_word' id='word_1_783' title='bbox 760 4683 908 4753; x_wconf 88' lang='lat' dir='ltr'><strong>legit,</strong></span> <span class='ocrx_word' id='word_1_784' title='bbox 945 4693 1127 4735; x_wconf 85' lang='lat' dir='ltr'><strong>contra</strong></span> <span class='ocrx_word' id='word_1_785' title='bbox 1162 4677 1371 4735; x_wconf 75' lang='lat' dir='ltr'><strong>Graecos</strong></span> <span class='ocrx_word' id='word_1_786' title='bbox 1400 4680 1494 4736; x_wconf 90' lang='lat' dir='ltr'><strong>lib.</strong></span> <span class='ocrx_word' id='word_1_787' title='bbox 1534 4696 1733 4748; x_wconf 87' lang='lat' dir='ltr'><strong>tt,cap.</strong></span> <span class='ocrx_word' id='word_1_788' title='bbox 1763 4681 1818 4746; x_wconf 82' lang='lat'><strong>5,</strong></span> <span class='ocrx_word' id='word_1_789' title='bbox 1852 4682 2068 4736; x_wconf 91' lang='lat' dir='ltr'><strong>unicum</strong></span> <span class='ocrx_word' id='word_1_790' title='bbox 2100 4680 2290 4735; x_wconf 90' lang='lat' dir='ltr'><strong>librum</strong></span> <span class='ocrx_word' id='word_1_791' title='bbox 2320 4692 2552 4744; x_wconf 86' lang='lat' dir='ltr'><strong>vocant;</strong></span> <span class='ocrx_word' id='word_1_792' title='bbox 2580 4680 2794 4735; x_wconf 89' lang='lat' dir='ltr'><strong>necnisi</strong></span> <span class='ocrx_word' id='word_1_793' title='bbox 2820 4681 3156 4735; x_wconf 88' lang='lat' dir='ltr'><strong>incommoda</strong></span> <span class='ocrx_word' id='word_1_794' title='bbox 3175 4682 3464 4754; x_wconf 76' lang='grc' dir='ltr'>περιεργξᾳ</span> 
     </span>
    </p>
   </div>
   <div class='ocr_carea' id='block_1_96' title="bbox 207 4772 3459 4844">
    <p class='ocr_par' dir='ltr' id='par_1_96' title="bbox 207 4772 3459 4844">
     <span class='ocr_line' id='line_1_98' title="bbox 207 4772 3459 4844; baseline -0.001 -14"><span class='ocrx_word' id='word_1_795' title='bbox 207 4777 423 4831; x_wconf 81' lang='lat' dir='ltr'><strong>factum</strong></span> <span class='ocrx_word' id='word_1_796' title='bbox 452 4784 557 4838; x_wconf 90' lang='lat' dir='ltr'><strong>est,</strong></span> <span class='ocrx_word' id='word_1_797' title='bbox 592 4783 649 4828; x_wconf 89' lang='lat' dir='ltr'><strong>ut</strong></span> <span class='ocrx_word' id='word_1_798' title='bbox 686 4784 877 4829; x_wconf 90' lang='lat' dir='ltr'><strong>contra</strong></span> <span class='ocrx_word' id='word_1_799' title='bbox 907 4773 1148 4829; x_wconf 90' lang='lat' dir='ltr'><strong>auctoris</strong></span> <span class='ocrx_word' id='word_1_800' title='bbox 1182 4783 1345 4841; x_wconf 87' lang='lat' dir='ltr'><strong>atque</strong></span> <span class='ocrx_word' id='word_1_801' title='bbox 1369 4773 1687 4844; x_wconf 88' lang='lat' dir='ltr'><strong>interpretis</strong></span> <span class='ocrx_word' id='word_1_802' title='bbox 1719 4783 1950 4828; x_wconf 88' lang='lat' dir='ltr'><strong>mentem</strong></span> <span class='ocrx_word' id='word_1_803' title='bbox 1979 4774 2048 4827; x_wconf 88' lang='lat' dir='ltr'><strong>ad</strong></span> <span class='ocrx_word' id='word_1_804' title='bbox 2077 4775 2215 4829; x_wconf 90' lang='lat' dir='ltr'><strong>hanc</strong></span> <span class='ocrx_word' id='word_1_805' title='bbox 2244 4790 2412 4842; x_wconf 87' lang='lat' dir='ltr'><strong>usque</strong></span> <span class='ocrx_word' id='word_1_806' title='bbox 2447 4776 2587 4828; x_wconf 90' lang='lat' dir='ltr'><strong>diem</strong></span> <span class='ocrx_word' id='word_1_807' title='bbox 2623 4772 2690 4826; x_wconf 88' lang='lat' dir='ltr'><strong>ab</strong></span> <span class='ocrx_word' id='word_1_808' title='bbox 2738 4773 3035 4827; x_wconf 86' lang='lat' dir='ltr'><strong>editoribus</strong></span> <span class='ocrx_word' id='word_1_809' title='bbox 3070 4772 3382 4844; x_wconf 88' lang='lat' dir='ltr'><strong>criticisque</strong></span> <span class='ocrx_word' id='word_1_810' title='bbox 3406 4776 3459 4827; x_wconf 87' lang='lat' dir='ltr'><strong>in</strong></span> 
     </span>
    </p>
   </div>
   <div class='ocr_carea' id='block_1_97' title="bbox 214 4864 3461 4941">
    <p class='ocr_par' dir='ltr' id='par_1_97' title="bbox 214 4864 3461 4941">
     <span class='ocr_line' id='line_1_99' title="bbox 214 4864 3461 4941; baseline -0.003 -17"><span class='ocrx_word' id='word_1_811' title='bbox 214 4878 340 4924; x_wconf 80' lang='lat' dir='ltr'><strong>tres</strong></span> <span class='ocrx_word' id='word_1_812' title='bbox 375 4867 545 4922; x_wconf 89' lang='lat' dir='ltr'><strong>libros</strong></span> <span class='ocrx_word' id='word_1_813' title='bbox 572 4866 728 4937; x_wconf 83' lang='lat' dir='ltr'><strong>vulgo</strong></span> <span class='ocrx_word' id='word_1_814' title='bbox 757 4865 924 4921; x_wconf 86' lang='lat' dir='ltr'><strong>fuerit</strong></span> <span class='ocrx_word' id='word_1_815' title='bbox 950 4865 1288 4935; x_wconf 88' lang='lat' dir='ltr'><strong>dispertitus.</strong></span> <span class='ocrx_word' id='word_1_816' title='bbox 1327 4864 1447 4935; x_wconf 85' lang='lat' dir='ltr'><strong>Ipsa</strong></span> <span class='ocrx_word' id='word_1_817' title='bbox 1470 4867 1633 4920; x_wconf 90' lang='lat' dir='ltr'><strong>etiam</strong></span> <span class='ocrx_word' id='word_1_818' title='bbox 1665 4867 1925 4920; x_wconf 87' lang='lat' dir='ltr'><strong>librorum</strong></span> <span class='ocrx_word' id='word_1_819' title='bbox 1952 4865 2225 4920; x_wconf 88' lang='lat' dir='ltr'><strong>distinctio</strong></span> <span class='ocrx_word' id='word_1_820' title='bbox 2249 4865 2465 4920; x_wconf 82' lang='lat' dir='ltr'><strong>fortuita</strong></span> <span class='ocrx_word' id='word_1_821' title='bbox 2484 4877 2564 4920; x_wconf 89' lang='lat' dir='ltr'><strong>est</strong></span> <span class='ocrx_word' id='word_1_822' title='bbox 2592 4875 2751 4933; x_wconf 89' lang='lat' dir='ltr'><strong>atque</strong></span> <span class='ocrx_word' id='word_1_823' title='bbox 2782 4864 3026 4929; x_wconf 89' lang='lat' dir='ltr'><strong>inutilis;</strong></span> <span class='ocrx_word' id='word_1_824' title='bbox 3056 4880 3202 4930; x_wconf 89' lang='lat' dir='ltr'><strong>nam,</strong></span> <span class='ocrx_word' id='word_1_825' title='bbox 3234 4868 3461 4941; x_wconf 68' lang='lat' dir='ltr'><strong>exempli</strong></span> 
     </span>
    </p>
   </div>
   <div class='ocr_carea' id='block_1_98' title="bbox 210 4956 3463 5031">
    <p class='ocr_par' dir='ltr' id='par_1_98' title="bbox 210 4956 3463 5031">
     <span class='ocr_line' id='line_1_100' title="bbox 210 4956 3463 5031; baseline -0.002 -17"><span class='ocrx_word' id='word_1_826' title='bbox 210 4962 425 5031; x_wconf 75' lang='lat' dir='ltr'><strong>gratia,</strong></span> <span class='ocrx_word' id='word_1_827' title='bbox 463 4958 651 5014; x_wconf 87' lang='lat' dir='ltr'><strong>tertius</strong></span> <span class='ocrx_word' id='word_1_828' title='bbox 689 4959 822 5013; x_wconf 90' lang='lat' dir='ltr'><strong>liber</strong></span> <span class='ocrx_word' id='word_1_829' title='bbox 853 4972 882 5012; x_wconf 91' lang='lat' dir='ltr'><strong>e</strong></span> <span class='ocrx_word' id='word_1_830' title='bbox 904 4957 1079 5011; x_wconf 87' lang='lat' dir='ltr'><strong>media</strong></span> <span class='ocrx_word' id='word_1_831' title='bbox 1115 4957 1413 5027; x_wconf 91' lang='lat' dir='ltr'><strong>prophetici</strong></span> <span class='ocrx_word' id='word_1_832' title='bbox 1451 4956 1557 5011; x_wconf 89' lang='lat' dir='ltr'><strong>loci</strong></span> <span class='ocrx_word' id='word_1_833' title='bbox 1592 4957 2159 5027; x_wconf 82' lang='lat' dir='ltr'><strong>expositioneinitium</strong></span> <span class='ocrx_word' id='word_1_834' title='bbox 2187 4957 2370 5025; x_wconf 87' lang='lat' dir='ltr'><strong>jussus</strong></span> <span class='ocrx_word' id='word_1_835' title='bbox 2387 4966 2470 5012; x_wconf 83' lang='lat' dir='ltr'><strong>est</strong></span> <span class='ocrx_word' id='word_1_836' title='bbox 2496 4970 2729 5022; x_wconf 90' lang='lat' dir='ltr'><strong>sumere,</strong></span> <span class='ocrx_word' id='word_1_837' title='bbox 2755 4957 2898 5025; x_wconf 88' lang='lat' dir='ltr'><strong>quod</strong></span> <span class='ocrx_word' id='word_1_838' title='bbox 2926 4956 3116 5010; x_wconf 90' lang='lat' dir='ltr'><strong>vitium</strong></span> <span class='ocrx_word' id='word_1_839' title='bbox 3147 4967 3229 5011; x_wconf 85' lang='lat' dir='ltr'><strong>est</strong></span> <span class='ocrx_word' id='word_1_840' title='bbox 3251 4958 3317 5011; x_wconf 88' lang='lat' dir='ltr'><strong>ab</strong></span> <span class='ocrx_word' id='word_1_841' title='bbox 3336 4972 3463 5013; x_wconf 76' lang='lat' dir='ltr'><strong>eru-</strong></span> 
     </span>
    </p>
   </div>
   <div class='ocr_carea' id='block_1_99' title="bbox 208 5046 3465 5121">
    <p class='ocr_par' dir='ltr' id='par_1_99' title="bbox 208 5046 3465 5121">
     <span class='ocr_line' id='line_1_101' title="bbox 208 5046 3465 5121; baseline -0.002 -14"><span class='ocrx_word' id='word_1_842' title='bbox 208 5053 321 5107; x_wconf 86' lang='lat' dir='ltr'><strong>diti</strong></span> <span class='ocrx_word' id='word_1_843' title='bbox 341 5051 625 5119; x_wconf 87' lang='lat' dir='ltr'><strong>scriptoris</strong></span> <span class='ocrx_word' id='word_1_844' title='bbox 640 5052 855 5121; x_wconf 87' lang='lat' dir='ltr'><strong>ingenio</strong></span> <span class='ocrx_word' id='word_1_845' title='bbox 872 5049 1286 5105; x_wconf 89' lang='lat' dir='ltr'><strong>alienissimum.</strong></span> <span class='ocrx_word' id='word_1_846' title='bbox 1309 5048 1415 5104; x_wconf 89' lang='lat' dir='ltr'><strong>Sed</strong></span> <span class='ocrx_word' id='word_1_847' title='bbox 1430 5048 1489 5107; x_wconf 85' lang='lat' dir='ltr'><strong>iu</strong></span> <span class='ocrx_word' id='word_1_848' title='bbox 1506 5056 1614 5102; x_wconf 88' lang='lat' dir='ltr'><strong>tres</strong></span> <span class='ocrx_word' id='word_1_849' title='bbox 1627 5049 1849 5117; x_wconf 82' lang='lat' dir='ltr'><strong>quidem</strong></span> <span class='ocrx_word' id='word_1_850' title='bbox 1867 5056 2048 5119; x_wconf 85' lang='lat' dir='ltr'><strong>partes</strong></span> <span class='ocrx_word' id='word_1_851' title='bbox 2081 5059 2173 5104; x_wconf 88' lang='lat' dir='ltr'><strong>aut</strong></span> <span class='ocrx_word' id='word_1_852' title='bbox 2188 5050 2365 5118; x_wconf 87' lang='lat' dir='ltr'><strong>capita</strong></span> <span class='ocrx_word' id='word_1_853' title='bbox 2384 5048 2662 5103; x_wconf 90' lang='lat' dir='ltr'><strong>commode</strong></span> <span class='ocrx_word' id='word_1_854' title='bbox 2678 5048 2845 5116; x_wconf 87' lang='lat' dir='ltr'><strong>possit</strong></span> <span class='ocrx_word' id='word_1_855' title='bbox 2862 5046 3132 5121; x_wconf 82' lang='lat' dir='ltr'><strong>distribui;</strong></span> <span class='ocrx_word' id='word_1_856' title='bbox 3152 5063 3274 5102; x_wconf 89' lang='lat' dir='ltr'><strong>nam</strong></span> <span class='ocrx_word' id='word_1_857' title='bbox 3292 5051 3465 5118; x_wconf 90' lang='lat' dir='ltr'><strong>primo</strong></span> 
     </span>
    </p>
   </div>
   <div class='ocr_carea' id='block_1_100' title="bbox 208 5136 3465 5213">
    <p class='ocr_par' dir='ltr' id='par_1_100' title="bbox 208 5136 3465 5213">
     <span class='ocr_line' id='line_1_102' title="bbox 208 5136 3465 5213; baseline -0.002 -15"><span class='ocrx_word' id='word_1_858' title='bbox 208 5142 490 5213; x_wconf 82' lang='lat' dir='ltr'><strong>Spiritum</strong></span> <span class='ocrx_word' id='word_1_859' title='bbox 522 5151 764 5196; x_wconf 90' lang='lat' dir='ltr'><strong>sanctum</strong></span> <span class='ocrx_word' id='word_1_860' title='bbox 797 5141 1025 5195; x_wconf 70' lang='lat' dir='ltr'><strong>diversa:</strong></span> <span class='ocrx_word' id='word_1_861' title='bbox 1054 5140 1122 5194; x_wconf 87' lang='lat' dir='ltr'><strong>ab</strong></span> <span class='ocrx_word' id='word_1_862' title='bbox 1161 5138 1369 5208; x_wconf 86' lang='lat' dir='ltr'><strong>angelis</strong></span> <span class='ocrx_word' id='word_1_863' title='bbox 1400 5148 1606 5193; x_wconf 66' lang='lat' dir='ltr'><strong>natura:</strong></span> <span class='ocrx_word' id='word_1_864' title='bbox 1637 5153 1757 5193; x_wconf 90' lang='lat' dir='ltr'><strong>esse</strong></span> <span class='ocrx_word' id='word_1_865' title='bbox 1784 5138 1967 5193; x_wconf 92' lang='lat' dir='ltr'><strong>multis</strong></span> <span class='ocrx_word' id='word_1_866' title='bbox 1995 5138 2328 5208; x_wconf 78' lang='lat' dir='ltr'><strong>argumentis</strong></span> <span class='ocrx_word' id='word_1_867' title='bbox 2358 5153 2421 5192; x_wconf 89' lang='lat' dir='ltr'><strong>ac</strong></span> <span class='ocrx_word' id='word_1_868' title='bbox 2443 5136 2768 5191; x_wconf 89' lang='lat' dir='ltr'><strong>testimoniis</strong></span> <span class='ocrx_word' id='word_1_869' title='bbox 2802 5137 3114 5201; x_wconf 89' lang='lat' dir='ltr'><strong>constituit;</strong></span> <span class='ocrx_word' id='word_1_870' title='bbox 3141 5139 3333 5193; x_wconf 89' lang='lat' dir='ltr'><strong>deinde</strong></span> <span class='ocrx_word' id='word_1_871' title='bbox 3347 5136 3465 5206; x_wconf 85' lang='lat' dir='ltr'><strong>ejus</strong></span> 
     </span>
    </p>
   </div>
   <div class='ocr_carea' id='block_1_101' title="bbox 206 5227 3463 5303">
    <p class='ocr_par' dir='ltr' id='par_1_101' title="bbox 206 5227 3463 5303">
     <span class='ocr_line' id='line_1_103' title="bbox 206 5227 3463 5303; baseline -0.002 -15"><span class='ocrx_word' id='word_1_872' title='bbox 206 5249 442 5303; x_wconf 82' lang='lat' dir='ltr'><strong>quoque</strong></span> <span class='ocrx_word' id='word_1_873' title='bbox 467 5232 702 5288; x_wconf 87' lang='lat' dir='ltr'><strong>nominis</strong></span> <span class='ocrx_word' id='word_1_874' title='bbox 725 5233 1124 5288; x_wconf 86' lang='lat' dir='ltr'><strong>invocationem</strong></span> <span class='ocrx_word' id='word_1_875' title='bbox 1156 5231 1210 5285; x_wconf 94' lang='lat' dir='ltr'><strong>in</strong></span> <span class='ocrx_word' id='word_1_876' title='bbox 1238 5230 1503 5299; x_wconf 88' lang='lat' dir='ltr'><strong>baptismo</strong></span> <span class='ocrx_word' id='word_1_877' title='bbox 1530 5229 1897 5284; x_wconf 85' lang='lat' dir='ltr'><strong>necessariam</strong></span> <span class='ocrx_word' id='word_1_878' title='bbox 1924 5231 2139 5298; x_wconf 90' lang='lat' dir='ltr'><strong>probat,</strong></span> <span class='ocrx_word' id='word_1_879' title='bbox 2163 5227 2551 5296; x_wconf 73' lang='lat' dir='ltr'><strong>ut‘imperl‘ecte</strong></span> <span class='ocrx_word' id='word_1_880' title='bbox 2576 5228 2833 5296; x_wconf 86' lang='lat' dir='ltr'><strong>baptizet,</strong></span> <span class='ocrx_word' id='word_1_881' title='bbox 2852 5241 3029 5295; x_wconf 86' lang='lat' dir='ltr'><strong>neque</strong></span> <span class='ocrx_word' id='word_1_882' title='bbox 3046 5229 3222 5282; x_wconf 88' lang='lat' dir='ltr'><strong>adeoa</strong></span> <span class='ocrx_word' id='word_1_883' title='bbox 3244 5241 3463 5296; x_wconf 85' lang='lat' dir='ltr'><strong>peccato</strong></span> 
     </span>
    </p>
   </div>
   <div class='ocr_carea' id='block_1_102' title="bbox 208 5319 3461 5392">
    <p class='ocr_par' dir='ltr' id='par_1_102' title="bbox 208 5319 3461 5392">
     <span class='ocr_line' id='line_1_104' title="bbox 208 5319 3461 5392; baseline -0.001 -12"><span class='ocrx_word' id='word_1_884' title='bbox 208 5326 443 5389; x_wconf 87' lang='lat' dir='ltr'><strong>liberet,</strong></span> <span class='ocrx_word' id='word_1_885' title='bbox 479 5324 570 5392; x_wconf 90' lang='lat' dir='ltr'><strong>qui</strong></span> <span class='ocrx_word' id='word_1_886' title='bbox 598 5323 919 5387; x_wconf 89' lang='lat' dir='ltr'><strong>reticuerit;</strong></span> <span class='ocrx_word' id='word_1_887' title='bbox 955 5322 1113 5378; x_wconf 86' lang='lat' dir='ltr'><strong>tertio</strong></span> <span class='ocrx_word' id='word_1_888' title='bbox 1140 5321 1525 5376; x_wconf 89' lang='lat' dir='ltr'><strong>indivisibilem</strong></span> <span class='ocrx_word' id='word_1_889' title='bbox 1559 5336 1680 5375; x_wconf 91' lang='lat' dir='ltr'><strong>esse</strong></span> <span class='ocrx_word' id='word_1_890' title='bbox 1713 5321 1889 5386; x_wconf 90' lang='lat' dir='ltr'><strong>illum,</strong></span> <span class='ocrx_word' id='word_1_891' title='bbox 1914 5332 2077 5391; x_wconf 87' lang='lat' dir='ltr'><strong>atque</strong></span> <span class='ocrx_word' id='word_1_892' title='bbox 2101 5320 2513 5391; x_wconf 89' lang='lat' dir='ltr'><strong>impassibilem,</strong></span> <span class='ocrx_word' id='word_1_893' title='bbox 2549 5319 2700 5375; x_wconf 87' lang='lat' dir='ltr'><strong>Patri</strong></span> <span class='ocrx_word' id='word_1_894' title='bbox 2732 5335 2796 5376; x_wconf 89' lang='lat' dir='ltr'><strong>ac</strong></span> <span class='ocrx_word' id='word_1_895' title='bbox 2825 5320 2962 5375; x_wconf 85' lang='lat' dir='ltr'><strong>Filio</strong></span> <span class='ocrx_word' id='word_1_896' title='bbox 2982 5320 3461 5392; x_wconf 53' lang='grc' dir='ltr'><strong>ὀμοούσιονμιιψιθ</strong></span> 
     </span>
    </p>
   </div>
   <div class='ocr_carea' id='block_1_103' title="bbox 206 5413 1719 5482">
    <p class='ocr_par' dir='ltr' id='par_1_103' title="bbox 206 5413 1719 5482">
     <span class='ocr_line' id='line_1_105' title="bbox 206 5413 1719 5482; baseline -0.002 -12"><span class='ocrx_word' id='word_1_897' title='bbox 206 5416 312 5470; x_wconf 80' lang='lat' dir='ltr'><strong>alii</strong></span> <span class='ocrx_word' id='word_1_898' title='bbox 338 5415 531 5470; x_wconf 77' lang='lat' dir='ltr'><strong>divina:</strong></span> <span class='ocrx_word' id='word_1_899' title='bbox 562 5414 880 5471; x_wconf 63' lang='lat' dir='ltr'><strong>substantiae</strong></span> <span class='ocrx_word' id='word_1_900' title='bbox 909 5414 1184 5469; x_wconf 87' lang='lat' dir='ltr'><strong>attributis</strong></span> <span class='ocrx_word' id='word_1_901' title='bbox 1225 5413 1511 5482; x_wconf 72' lang='lat' dir='ltr'><strong>praeditum</strong></span> <span class='ocrx_word' id='word_1_902' title='bbox 1542 5414 1719 5468; x_wconf 87' lang='lat' dir='ltr'><strong>docet.</strong></span> 
     </span>
    </p>
   </div>
   <div class='ocr_carea' id='block_1_104' title="bbox 297 5503 3468 5577">
    <p class='ocr_par' dir='ltr' id='par_1_104' title="bbox 297 5503 3468 5577">
     <span class='ocr_line' id='line_1_106' title="bbox 297 5503 3468 5577; baseline -0.001 -16"><span class='ocrx_word' id='word_1_903' title='bbox 297 5507 522 5562; x_wconf 72' lang='lat' dir='ltr'><strong>Graecus</strong></span> <span class='ocrx_word' id='word_1_904' title='bbox 546 5505 754 5577; x_wconf 86' lang='lat' dir='ltr'><strong>Didymi</strong></span> <span class='ocrx_word' id='word_1_905' title='bbox 793 5514 971 5561; x_wconf 87' lang='lat' dir='ltr'><strong>textus</strong></span> <span class='ocrx_word' id='word_1_906' title='bbox 1003 5504 1300 5572; x_wconf 88' lang='lat' dir='ltr'><strong>intercidit,</strong></span> <span class='ocrx_word' id='word_1_907' title='bbox 1325 5518 1560 5573; x_wconf 90' lang='lat' dir='ltr'><strong>eumque</strong></span> <span class='ocrx_word' id='word_1_908' title='bbox 1589 5504 1820 5559; x_wconf 88' lang='lat' dir='ltr'><strong>fortasse</strong></span> <span class='ocrx_word' id='word_1_909' title='bbox 1848 5504 2129 5560; x_wconf 87' lang='lat' dir='ltr'><strong>doctorum</strong></span> <span class='ocrx_word' id='word_1_910' title='bbox 2162 5506 2416 5559; x_wconf 90' lang='lat' dir='ltr'><strong>manibus</strong></span> <span class='ocrx_word' id='word_1_911' title='bbox 2447 5505 2689 5561; x_wconf 84' lang='lat' dir='ltr'><strong>excussit</strong></span> <span class='ocrx_word' id='word_1_912' title='bbox 2722 5505 2833 5575; x_wconf 87' lang='lat' dir='ltr'><strong>ipsa</strong></span> <span class='ocrx_word' id='word_1_913' title='bbox 2866 5503 3173 5576; x_wconf 85' lang='lat' dir='ltr'><strong>Hieronymi</strong></span> <span class='ocrx_word' id='word_1_914' title='bbox 3202 5506 3468 5575; x_wconf 81' lang='lat' dir='ltr'><strong>interpre-</strong></span> 
     </span>
    </p>
   </div>
   <div class='ocr_carea' id='block_1_105' title="bbox 203 5596 3471 5668">
    <p class='ocr_par' dir='ltr' id='par_1_105' title="bbox 203 5596 3471 5668">
     <span class='ocr_line' id='line_1_107' title="bbox 203 5596 3471 5668; baseline -0.003 -9"><span class='ocrx_word' id='word_1_915' title='bbox 203 5604 394 5667; x_wconf 74' lang='lat' dir='ltr'><strong>tatio;</strong></span> <span class='ocrx_word' id='word_1_916' title='bbox 424 5600 493 5656; x_wconf 88' lang='lat' dir='ltr'><strong>de</strong></span> <span class='ocrx_word' id='word_1_917' title='bbox 520 5599 673 5668; x_wconf 86' lang='lat' dir='ltr'><strong>cujus</strong></span> <span class='ocrx_word' id='word_1_918' title='bbox 698 5610 880 5654; x_wconf 88' lang='lat' dir='ltr'><strong>tamen</strong></span> <span class='ocrx_word' id='word_1_919' title='bbox 914 5596 1172 5652; x_wconf 82' lang='lat' dir='ltr'><strong>fidelitate</strong></span> <span class='ocrx_word' id='word_1_920' title='bbox 1194 5614 1299 5653; x_wconf 91' lang='lat' dir='ltr'><strong>non</strong></span> <span class='ocrx_word' id='word_1_921' title='bbox 1323 5598 1456 5653; x_wconf 89' lang='lat' dir='ltr'><strong>satis</strong></span> <span class='ocrx_word' id='word_1_922' title='bbox 1478 5597 1720 5652; x_wconf 86' lang='lat' dir='ltr'><strong>consulte</strong></span> <span class='ocrx_word' id='word_1_923' title='bbox 1746 5598 1995 5652; x_wconf 90' lang='lat' dir='ltr'><strong>videntur</strong></span> <span class='ocrx_word' id='word_1_924' title='bbox 2014 5596 2254 5652; x_wconf 92' lang='lat' dir='ltr'><strong>nonnulli</strong></span> <span class='ocrx_word' id='word_1_925' title='bbox 2281 5597 2593 5664; x_wconf 88' lang='lat' dir='ltr'><strong>detrahere,</strong></span> <span class='ocrx_word' id='word_1_926' title='bbox 2626 5600 2751 5652; x_wconf 92' lang='lat' dir='ltr'><strong>dum</strong></span> <span class='ocrx_word' id='word_1_927' title='bbox 2777 5598 2967 5663; x_wconf 88' lang='lat' dir='ltr'><strong>multa,</strong></span> <span class='ocrx_word' id='word_1_928' title='bbox 2998 5613 3118 5667; x_wconf 67' lang='lat' dir='ltr'><strong>quae</strong></span> <span class='ocrx_word' id='word_1_929' title='bbox 3151 5599 3217 5652; x_wconf 89' lang='lat' dir='ltr'><strong>ab</strong></span> <span class='ocrx_word' id='word_1_930' title='bbox 3238 5599 3471 5660; x_wconf 72' lang='lat' dir='ltr'><strong>Alexan,</strong></span> 
     </span>
    </p>
   </div>
   <div class='ocr_carea' id='block_1_106' title="bbox 204 5687 3467 5759">
    <p class='ocr_par' dir='ltr' id='par_1_106' title="bbox 204 5687 3467 5759">
     <span class='ocr_line' id='line_1_108' title="bbox 204 5687 3467 5759; baseline -0.001 -14"><span class='ocrx_word' id='word_1_931' title='bbox 204 5691 381 5745; x_wconf 81' lang='lat' dir='ltr'><strong>drino</strong></span> <span class='ocrx_word' id='word_1_932' title='bbox 410 5700 632 5746; x_wconf 87' lang='lat' dir='ltr'><strong>auctore</strong></span> <span class='ocrx_word' id='word_1_933' title='bbox 662 5689 802 5745; x_wconf 87' lang='lat' dir='ltr'><strong>haud</strong></span> <span class='ocrx_word' id='word_1_934' title='bbox 826 5687 1209 5758; x_wconf 89' lang='lat' dir='ltr'><strong>processerint,</strong></span> <span class='ocrx_word' id='word_1_935' title='bbox 1249 5698 1450 5755; x_wconf 90' lang='lat' dir='ltr'><strong>assuta,</strong></span> <span class='ocrx_word' id='word_1_936' title='bbox 1486 5687 1761 5755; x_wconf 85' lang='lat' dir='ltr'><strong>multaque</strong></span> <span class='ocrx_word' id='word_1_937' title='bbox 1784 5688 1909 5755; x_wconf 90' lang='lat' dir='ltr'><strong>alia,</strong></span> <span class='ocrx_word' id='word_1_938' title='bbox 1934 5698 1989 5744; x_wconf 90' lang='lat' dir='ltr'><strong>et</strong></span> <span class='ocrx_word' id='word_1_939' title='bbox 2017 5688 2285 5759; x_wconf 66' lang='lat' dir='ltr'><strong>praecipue</strong></span> <span class='ocrx_word' id='word_1_940' title='bbox 2334 5688 2643 5758; x_wconf 88' lang='lat' dir='ltr'><strong>Origeniani</strong></span> <span class='ocrx_word' id='word_1_941' title='bbox 2674 5689 2946 5759; x_wconf 85' lang='lat' dir='ltr'><strong>dogmatis</strong></span> <span class='ocrx_word' id='word_1_942' title='bbox 2973 5688 3061 5745; x_wconf 90' lang='lat' dir='ltr'><strong>cui</strong></span> <span class='ocrx_word' id='word_1_943' title='bbox 3085 5699 3203 5745; x_wconf 86' lang='lat' dir='ltr'><strong>erat</strong></span> <span class='ocrx_word' id='word_1_944' title='bbox 3223 5689 3467 5744; x_wconf 87' lang='lat' dir='ltr'><strong>addictus</strong></span> 
     </span>
    </p>
   </div>
   <div class='ocr_carea' id='block_1_107' title="bbox 213 5781 3468 5856">
    <p class='ocr_par' dir='ltr' id='par_1_107' title="bbox 213 5781 3468 5856">
     <span class='ocr_line' id='line_1_109' title="bbox 213 5781 3468 5856; baseline -0.001 -15"><span class='ocrx_word' id='word_1_945' title='bbox 213 5785 423 5841; x_wconf 84' lang='lat' dir='ltr'><strong>menda</strong></span> <span class='ocrx_word' id='word_1_946' title='bbox 450 5794 704 5856; x_wconf 85' lang='lat' dir='ltr'><strong>purgata,</strong></span> <span class='ocrx_word' id='word_1_947' title='bbox 730 5783 797 5840; x_wconf 88' lang='lat' dir='ltr'><strong>ab</strong></span> <span class='ocrx_word' id='word_1_948' title='bbox 816 5783 1115 5855; x_wconf 88' lang='lat' dir='ltr'><strong>interprete</strong></span> <span class='ocrx_word' id='word_1_949' title='bbox 1134 5781 1639 5841; x_wconf 88' lang='lat' dir='ltr'><strong>comminiscuntur.</strong></span> <span class='ocrx_word' id='word_1_950' title='bbox 1675 5781 1937 5851; x_wconf 82' lang='lat' dir='ltr'><strong>Exiguam</strong></span> <span class='ocrx_word' id='word_1_951' title='bbox 1972 5797 2102 5842; x_wconf 85' lang='lat' dir='ltr'><strong>sane</strong></span> <span class='ocrx_word' id='word_1_952' title='bbox 2121 5782 2382 5842; x_wconf 86' lang='lat' dir='ltr'><strong>rationem</strong></span> <span class='ocrx_word' id='word_1_953' title='bbox 2412 5796 2533 5842; x_wconf 80' lang='lat' dir='ltr'><strong>esse</strong></span> <span class='ocrx_word' id='word_1_954' title='bbox 2564 5784 2723 5842; x_wconf 85' lang='lat' dir='ltr'><strong>velim</strong></span> <span class='ocrx_word' id='word_1_955' title='bbox 2752 5782 2892 5855; x_wconf 76' lang='lat' dir='ltr'><strong>ejus,</strong></span> <span class='ocrx_word' id='word_1_956' title='bbox 2920 5782 3061 5853; x_wconf 87' lang='lat' dir='ltr'><strong>quod</strong></span> <span class='ocrx_word' id='word_1_957' title='bbox 3082 5792 3261 5841; x_wconf 85' lang='lat' dir='ltr'><strong>tamen</strong></span> <span class='ocrx_word' id='word_1_958' title='bbox 3275 5781 3468 5853; x_wconf 82' lang='lat' dir='ltr'><strong>praeci-</strong></span> 
     </span>
    </p>
   </div>
  </div>
