4042 6404
522 348 654 405 1051
1791 333 2028 394 DlDYMl
2065 329 2539 390 ALEXANDRINI
3640 317 3790 374 £053

519 474 684 530 puum
708 467 810 523 est,
833 459 1135 529 argumenti
1155 473 1218 513 ex
1244 458 1554 530 ὀμοουσίου,
1579 453 2004 523 ριὰνομοουσίου
2029 465 2117 506 vot

2238 464 2270 512 =,
2287 464 2314 501 a
2337 448 2533 517 quibus
2548 449 2854 503 Adamantii
2875 455 3169 504 sectatores
3185 445 3413 503 multum
3437 443 3779 500 contendunt

520 552 894 608 abhorruisse.
930 552 1064 606 Nam
1101 567 1271 621 neque
1308 551 1381 605 ita
1417 547 1642 618 singulis
1696 544 2040 614 Origenianre
2079 541 2364 595 sententia:
2407 540 2673 610 capitibus
2727 539 2985 610 Didymus
3015 538 3177 593 fuerit
3226 536 3520 593 obstrictus
3550 543 3608 588 ut
3638 534 3785 588 nihil

521 645 688 701 licere
721 644 823 698 sibi
852 644 1146 714 putaverit,
1176 657 1348 712 neque
1376 642 1420 696 si
1465 639 1595 692 nihil
1629 646 1890 706 prteterea
1919 649 2083 688 ausus
2125 640 2231 693 est,
2261 631 2477 700 quando
2517 629 2632 696 ejus
2665 627 2910 684 Graecum
2941 628 3221 698 exemplar
3244 625 3602 686 desideratur,
3641 635 3799 690 pro-

520 737 638 792 bari
675 737 796 790 ullo
828 735 990 790 modo
1010 737 1198 804 possit.
1223 737 1428 789 Caetera
1457 746 1579 802 quae
1611 732 1662 784 in
1701 745 1818 784 eam
1855 743 1967 783 rem
2021 726 2366 779 adducuntur
2405 723 2563 792 longe
2592 731 2720 776 sunt
2755 722 3076 776 infirmiora.

595 827 853 898 Tempus,
877 829 962 882 cui
996 826 1305 897 Hieronymi
1335 826 1510 879 versio
1533 825 1717 878 istbaec
1746 822 1815 876 sit
1837 819 2308 887 ascribenda,jnon
2330 831 2435 870 uno
2462 817 2676 884 proprie
2706 830 2847 869 anno
2879 813 3235 874 concluditur,
3267 821 3327 865 ut
3347 812 3556 865 caeteris
3585 818 3807 861 tracta-

527 921 670 974 tibus
703 921 872 975 ferme
899 921 1170 975 usuvcnit.
1201 921 1412 987 lncepta
1441 933 1634 987 nempe
1667 925 1751 971 est
1779 917 1963 968 Romae
1998 927 2143 966 anno
2171 911 2297 974 584,
2329 918 2388 962 ιιι
2417 925 2480 963 ex
2502 909 2670 978 ipsius
2708 907 3036 963 Praefatione
3064 905 3378 976 planissime
3403 911 3634 964 constat,
3659 915 3802 954 cum

528 1012 791 1067 Damasus
818 1013 994 1067 adhuc
1015 1013 1241 1077 viveret,
1266 1008 1475 1080 quisub
1487 1009 1727 1078 ejusdem
1751 1007 1876 1062 anni
1904 1006 2062 1059 finem
2091 1005 2230 1058 diem
2250 1003 2406 1056 obiit.
2425 1002 2586 1055 Certe
2611 1015 2716 1054 non
2743 1000 2888 1054 aliud
2905 1001 2970 1053 ab
2990 1000 3092 1054 isto
3108 997 3318 1066 Didymi
3336 994 3617 1064 opusculo,
3639 991 3806 1061 quod

531 1105 634 1161 sibi
677 1105 1112 1160 transferendum
1153 1104 1542 1174 proposuisset,
1578 1101 1791 1154 videtur
1815 1097 1973 1151 nobis
2007 1097 2257 1157 innuere,
2283 1108 2402 1147 cum
2437 1093 2512 1145 ait
2535 1092 2594 1146 S.
2630 1093 2842 1152 Doctor,
2875 1109 2893 1142 ι
2924 1090 3133 1160 garrire
3173 1103 3232 1142 se
3264 1087 3467 1156 aliquid
3496 1105 3514 1137 ι
3551 1083 3811 1137 voluisse

533 1216 553 1249 ι
582 1197 651 1251 de
671 1184 875 1266 Spiritu
898 1206 1105 1264 sancto,
1129 1205 1183 1270 ej.
1224 1193 1793 1264 cmptumopusculum
1813 1189 2051 1258 ejusdem
2071 1187 2371 1258 (Romamn)
2396 1185 2544 1238 urbis
2562 1184 2802 1254 pontifici
2827 1185 3098 1238 dedit-are.
3127 1202 3143 1233 ι
3175 1182 3278 1235 Sed
3298 1196 3404 1234 non
3431 1187 3550 1232 ante
3580 1193 3810 1231 annum

527 1290 632 1346 589
652 1291 865 1344 videtur
892 1290 1161 1351 absoluta,
1193 1289 1675 1351 cum,a-mulornm
1713 1285 1970 1339 invidiam
2002 1283 2302 1344 declinans,
2328 1279 2675 1348 Jerosolynize
2697 1292 2755 1332 se
2779 1277 3089 1346 recepisset,
3123 1277 3432 1343 pariterque
3451 1284 3589 1328 esset
3620 1272 3814 1327 Betti-

529 1383 653 1437 lemi
689 1400 807 1438 cum
839 1383 1154 1438 Pauliniano
1192 1382 1376 1447 fratre,
1404 1380 1572 1434 Paula
1601 1387 1654 1431 et
1685 1375 2000 1430 Eustochio.
2034 1372 2294 1426 Eumdetn
2324 1371 2442 1440 plus
2468 1372 2645 1425 minus
2663 1383 2862 1422 annum
2891 1367 3094 1421 indicat
3130 1366 3182 1419 iit
3207 1365 3484 1434 Catalogo,
3521 1365 3606 1418 ubi
3645 1365 3818 1420 inter

532 1472 912 1527 Habt-uicorum
942 1474 1233 1526 Nontt’nttm
1268 1473 1490 1533 librutn,
1519 1479 1573 1524 et
1610 1466 1874 1522 liomilias
1907 1466 1958 1518 t'tt
1993 1465 2190 1518 Lucam
2231 1478 2298 1518 ex
2335 1462 2589 1530 Origene,
2621 1461 2861 1514 laborem
2902 1460 3044 1513 hunc
3075 1468 3362 1512 memorat.

601 1566 755 1631 Quod
789 1565 1052 1633 reliquum
1079 1575 1181 1628 est,
1219 1563 1511 1618 editionem
1540 1562 1680 1614 hanc
1717 1569 1956 1614 nostram
1987 1557 2051 1610 ad
2084 1557 2243 1609 trium
2285 1570 2416 1608 mss.
2455 1553 2612 1606 fidem
2651 1552 3091 1606 emcndavimus:
3121 1566 3314 1620 nempe
3344 1551 3504 1606 unius
3543 1550 3819 1604 Vaticani

530 1657 672 1710 4945
699 1675 714 1724 ;
743 1667 850 1710 tum
885 1656 1110 1710 alterius
1136 1653 1551 1724 elegantissimi,
1573 1668 1732 1722 quem
1763 1653 1814 1706 in
1848 1649 2173 1704 bibliotheca
2209 1647 2438 1701 Romani
2475 1647 2686 1713 collegii
2713 1645 2930 1698 Patrum
2957 1646 3261 1699 .Societatis
3289 1643 3414 1700 Jesu
3441 1647 3818 1710 invenimus;

533 1747 765 1815 denique
793 1746 1068 1809 Tolosani,
1105 1762 1132 1798 a
1171 1761 1277 1814 quo
1313 1753 1597 1812 excerptas
1634 1742 1908 1796 variantes
1934 1741 2190 1794 lectiones
2211 1737 2554 1792 Martianteus
2571 1737 2832 1804 rejceerat
2852 1737 2904 1790 in
2934 1737 3056 1790 libri
3076 1736 3296 1794 calcem.
3325 1738 3400 1791 Ex
3432 1739 3819 1804 editionibus,

533 1852 653 1907 quae
682 1847 804 1890 ante
842 1837 1216 1891 Erasmianam
1252 1835 1628 1892 collectionem
1653 1833 1922 1901 prodiere,
1952 1831 2006 1885 in
2033 1831 2317 1885 consilium
2351 1829 2698 1883 adhibuimus
2726 1843 2866 1896 saepe
2891 1828 3122 1897 priorem
3145 1827 3287 1881 illam
3314 1843 3402 1881 an.
3425 1829 3561 1883 H96
3582 1830 3828 1900 absque

537 1933 638 1988 loci
673 1933 905 1994 nomine,
947 1939 1059 1984 tum
1092 1928 1375 1994 Venetam,
1406 1942 1570 1997 quam
1603 1925 1856 1980 Barthius
1891 1927 1941 1978 in
1975 1923 2297 1978 Adversarii:
2329 1921 2544 1983 laudat;
2577 1924 2728 1990 cujus
2753 1920 2878 1974 item
2905 1919 3111 1974 Barthii
3135 1918 3477 1988 conjecturas
3504 1921 3719 1989 aliquot
3761 1925 3826 1977 in

537 2029 680 2082 hunc
711 2027 910 2081 librum
944 2025 1319 2094 expendimus,
1351 2021 1520 2077 sicubi
1552 2021 1725 2075 visum
1756 2030 1838 2074 est
1866 2033 2042 2087 operte
2075 2017 2306 2087 pretium
2340 2029 2479 2069 esse.
2517 2014 2654 2067 Sunt
2698 2025 2877 2068 autem
2933 2013 3053 2066 alite
3106 2011 3263 2079 hujus
3289 2013 3469 2081 operis
3500 2014 3825 2083 editiones,

535 2135 671 2189 quas
702 2119 1014 2189 singillatim
1049 2130 1338 2172 recensere
1361 2129 1466 2168 non
1497 2122 1674 2178 vacat,
1710 2121 1766 2164 et
1797 2111 1942 2164 nullo
1970 2111 2184 2181 negotio
2219 2109 2361 2177 apud
2405 2107 2818 2176 Bibliographos
2851 2105 3097 2159 invenias
3133 2104 3227 2174 (a).

546 2241 3802 2266 Mm

1311 2353 1741 2414 HIERONYMI
1782 2350 2174 2412 ΡΒίΕῈΛΤΙΟ
2215 2348 2313 2409 AD
2349 2343 2876 2407 PAULINIANUM

607 2565 740 2622 Cum
776 2565 827 2620 in
867 2563 1134 2633 Babylone
1166 2563 1304 2637 [scil.
1335 2561 1544 2635 Romze]
1569 2576 1818 2616 versarer
1852 2578 1866 2616 :
1898 2571 1953 2616 ct
1982 2575 2114 2629 pur-
2145 2563 2188 2620 Α
2217 2557 2430 2613 Christo
2457 2576 2470 2612 :
2509 2566 2615 2611 tam
2646 2565 2737 2612 tuo
2777 2572 2940 2627 quam
2977 2557 3364 2612 venerabilium
3397 2559 3550 2621 mihi,
3581 2561 3835 2616 ancilla-

539 2669 747 2732 paratae
782 2657 1087 2713 meretricis
1128 2669 1303 2710 essem
1355 2654 1576 2710 colonus
1611 2693 1626 2718 ,
1677 2660 1732 2706 et
1762 2650 1885 2719 jure
1937 2649 2124 2716 Quirio
2226 2664 2345 2702 rum
2380 2647 2797 2714 Christi,Paul:e
2823 2657 2876 2702 et
2908 2648 3182 2702 Eustochii
3226 2665 3372 2704 nunc
3405 2651 3624 2721 adjutus
3645 2667 3833 2708 oratu

542 2763 652 2805 tum
685 2752 942 2811 viverem,
973 2747 1118 2803 volui
1142 2745 1350 2816 garrire
1369 2743 1572 2814 aliquid
1597 2745 1664 2796 de
1683 2741 1887 2811 Spiritu
1910 2749 2120 2804 sancto,
2234 2738 2347 2812 ιαι.
2385 2742 2599 2794 hortatu
2627 2738 2646 2810 ]
2675 2757 2691 2795 :
2717 2741 2988 2794 canticum
3021 2743 3159 2809 quod
3191 2751 3408 2797 cantare
3431 2759 3535 2798 non
3565 2748 3733 2814 potui
3768 2749 3830 2802 in

539 2853 594 2897 et
621 2852 857 2911 emptum
890 2839 1230 2909 opuseulum,
1256 2837 1496 2908 ejusdem
1525 2834 1676 2888 urbis
1698 2833 1938 2903 pontifici
1975 2832 2128 2885 dcdi-
2229 2840 2369 2886 terra
2399 2832 2600 2898 aliena,
2627 2832 2716 2887 hic
2747 2848 2776 2886 a
2834 2833 2988 2886 vobis
3025 2835 3076 2886 in
3109 2832 3290 2888 Judzea
3325 2848 3652 2905 provocatus
3713 2839 3836 2894 im—

542 2950 688 2990 care.
721 2934 782 2988 Et
821 2948 947 2988 ecce
991 2931 1100 2987 olla
1133 2931 1366 2997 illa,qu:e
1389 2926 1444 2982 in
1468 2925 1700 2980 .Ieremia
1729 2934 1848 2994 post
1877 2923 2124 2978 baculum
2227 2939 2538 2992 murmuro;
2565 2925 2930 2994 augustiorem
2957 2926 3127 2980 multo
3150 2926 3324 2982 locum
3348 2929 3702 2995 existimans,
3724 2933 3835 3002 qui

545 3026 788 3078 cernitur
821 3039 851 3078 a
884 3022 1022 3077 facie
1041 3021 1331 3091 aquilonis,
1364 3017 1778 3089 empitardere:
1810 3025 1866 3070 et
1896 3014 2126 3087 (c)Pha-
2227 3015 2564 3071 Salvatorem
2594 3016 2805 3084 mundi,
2836 3033 2999 3088 quam
3056 3020 3145 3088 qui
3210 3006 3398 3074 fratris
3439 3021 3626 3091 genuit
3692 3039 3838 3094 par-

547 3117 828 3170 rismorum
888 3113 1248 3168 conclamavit
1302 3110 1408 3182 [al
1487 3107 1882 3180 conclamare}
1957 3108 2126 3162 Seua-
2226 3109 2476 3165 ricidam.
2542 3109 2610 3164 Et
2681 3120 2742 3166 ut
2838 3121 3115 3166 auctorem
3173 3110 3328 3166 titulo
3383 3111 3594 3166 fatear:
3639 3114 3839 3170 malui

549 3215 636 3260 tus
714 3214 768 3260 et
809 3203 987 3258 nullus
1015 3204 1195 3258 scriba
1226 3201 1308 3257 vel
1343 3200 1499 3257 ﬁctus
1527 3201 1631 3274 (ά),
1663 3201 1756 3256 sed
1772 3199 1948 3254 omnis
1968 3195 2124 3269 quasi
2229 3201 2390 3256 alieni
2422 3203 2602 3272 operis
2633 3203 2899 3273 interpres
2926 3203 3215 3268 exsistere,
3273 3219 3435 3273 quam
3467 3207 3547 3269 (ut
3576 3205 3839 3274 quidam

545 3298 749 3352 indicto
783 3295 886 3350 sibi
910 3295 1094 3364 praelio
1122 3293 1490 3349 doctrinarum
1514 3333 1530 3359 ,
1563 3293 1848 3347 adversum
1891 3307 1975 3344 me
2019 3291 2124 3344 ini-
2232 3292 2461 3364 faciunt)
2490 3294 2736 3348 informis
2763 3294 3064 3358 cornicula,
3087 3295 3282 3350 alienis
3305 3312 3389 3350 me
3406 3295 3693 3350 coloribus
3720 3300 3838 3352 ad-

545 3389 846 3459 peritiaafe)
873 3386 1034 3442 factio
1071 3387 1395 3456 coniuravit.
1432 3383 1581 3439 Illico
1632 3399 1767 3454 ego,
1803 3384 1950 3439 velut
1977 3395 2127 3454 post-
2230 3400 2448 3440 ornare.
2480 3383 2608 3455 Legi
2645 3387 2846 3440 dudum
2879 3387 3153 3455 cujusdam
3191 3387 3276 3456 lg)
3318 3387 3524 3450 libellos
3573 3387 3643 3442 de
3686 3389 3844 3460 Spi-

549 3480 783 3543 liminio,
811 3477 1202 3546 Jerosolyniain
1234 3493 1354 3532 sum
1377 3493 1624 3532 reversus
1648 3493 1662 3531 :
1686 3488 1738 3531 et
1764 3487 1883 3546 post
1911 3476 2123 3532 Romuli
2225 3476 2331 3529 ritu
2357 3484 2545 3530 sancto
2569 3493 2584 3529 :
2612 3486 2666 3529 et
2691 3476 2846 3544 juxta
2877 3475 3082 3531 Comici
3117 3474 3258 3547 [st-if.
3296 3474 3558 3547 Terentii]
3582 3489 3840 3534 sentcn-

547 3574 832 3640 easamm,
850 3580 902 3625 et
918 3570 1162 3624 ludorum
1184 3569 1525 3640 Lupercalia,
1545 3571 1902 3624 diversorium
1923 3569 2121 3634 Marize,
2227 3569 2356 3623 tiam
2382 3568 2664 3624 exGraz-cis
2689 3569 2866 3634 bonis,
2886 3567 3078 3622 Latina
3105 3569 3210 3622 vidi
3249 3585 3352 3623 non
3377 3569 3532 3622 bona.
3552 3567 3716 3625 Nihil
3758 3574 3840 3628 ibi

548 3675 604 3720 et
637 3663 940 3718 Salvatoris
973 3662 1284 3732 speluncam
1333 3661 1542 3730 aspexi.
1599 3661 1803 3732 itaque,
1841 3663 1912 3716 mi
1948 3663 2124 3716 Pauli-
2225 3661 2595 3722 dialecticum,
2637 3662 2772 3715 nihil
2797 3661 2952 3716 virile
2974 3672 3135 3729 atque
3175 3661 3502 3725 districtum,
3541 3665 3704 3730 quod
3749 3666 3841 3720 le-

550 3756 712 3809 niane
760 3753 860 3826 [αι.
896 3751 1162 3824 Pauline],
1199 3754 1385 3817 frater,
1429 3753 1554 3823 quia
1601 3754 1938 3823 supradictus
1981 3754 2125 3809 Pon-
2224 3758 2427 3806 ctorem
2456 3751 2539 3806 vel
2567 3751 2794 3821 ingratis
2827 3752 2879 3806 in
2926 3766 3204 3807 assensum
3241 3752 3450 3805 trahat:
3496 3753 3592 3807 sed
3633 3761 3839 3810 totum

551 3845 679 3900 tifex
721 3845 1009 3910 Damasus,
1039 3845 1130 3914 qui
1163 3858 1248 3898 me
1280 3844 1347 3898 ad
1377 3844 1479 3899 hoc
1525 3859 1659 3914 opus
1710 3846 1920 3914 primus
1950 3845 2124 3915 impu-
2226 3843 2536 3908 ﬂaccidum,
2558 3843 2739 3906 molle,
2773 3843 3022 3908 nitidum,
3058 3853 3220 3912 atque
3257 3843 3572 3909 formosum,
3621 3856 3687 3900 et
3728 3864 3838 3904 ex-

548 3936 708 4002 lerat,
725 3935 1073 4006 jamdortnit
1107 3933 1225 4006 [αι.
1272 3933 1614 3988 obdormivit
1665 3933 1719 3988 in
1777 3933 2038 4007 Domino]
2067 3935 2119 3990 in
2155 3935 2198 3995 Β
2226 3935 2442 4006 quisitis
2458 3935 2724 3990 hincinde
2741 3935 3000 3990 odoribus
3022 3933 3100 4005 (It)
3121 3934 3838 4008 pigmentatum.Didymus

621 4072 696 4145 (a)
727 4071 990 4145 Pleraque
1027 4069 1237 4145 Didymi
1265 4071 1440 4145 Opera
1483 4067 1536 4122 in
1559 4067 1768 4145 __Grmco
1820 4083 1924 4122 ms.
1969 4070 2118 4123 card.

551 4140 830 4199 Pass'ionei
860 4141 1490 4210 bibliothecareperisse
1540 4140 1760 4203 dicitur,
1825 4154 2122 4200 eorumque

549 4213 772 4269 editioni
801 4214 1053 4268 insudare
1079 4210 1148 4266 cl.
1177 4208 1546 4279 Mittgarellius
1579 4210 1827 4264 canonic.
1886 4210 2120 4278 regular.

549 4284 827 4346 Bononite,
855 4293 961 4336 etc.

621 4354 695 4424 (ὁ)
727 4353 974 4407 Fratrem
1003 4351 1423 4424 suumscilicet,
1487 4349 1620 4424 falso
1647 4349 1885 4424 enimad
1925 4368 1944 4400 ί
1978 4347 2122 4424 Daui-

550 4419 719 4478 linum
745 4442 764 4475 ι
789 4436 1022 4490 eumque
1043 4439 1061 4472 ‹
1087 4420 1400 4490 Nolanum!
1426 4420 1745 4473 vetustiores
1774 4420 1978 4487 aliquot
1999 4419 2120 4472 libri

551 4494 857 4549 inscribunt
879 4507 894 4555 ;
915 4489 1222 4559 adduntque
1248 4491 1339 4545 abs
1360 4489 1702 4559 Hieronymo,
1735 4507 1753 4540 ι
1783 4489 2123 4558 propteritn-

551 4564 802 4634 peritiam
829 4561 1104 4634 cujusdam
1142 4562 1232 4634 qui
1255 4563 1326 4634 de
1361 4561 1567 4629 Spiritu
1592 4570 1781 4615 sancto
1803 4561 2120 4630 scripserat,

552 4631 866 4688 translatum
896 4647 1029 4698 Opus
1058 4631 1111 4683 in
1150 4631 1417 4684 Latinum.
1461 4650 1478 4679 ι

2229 4071 2403 4138 fictus,
2435 4090 2453 4122 ι
2486 4070 2590 4138 legi
2618 4085 2724 4124 uno
2753 4089 2771 4122 ‹
2802 4069 2882 4124 vel
2909 4071 3120 4134 ficatns,
3144 4088 3162 4120 ι
3200 4069 3342 4139 quod
3383 4077 3464 4123 est
3495 4086 3513 4117 ι
3555 4068 3832 4136 favens.)

2225 4153 2320 4196 aut
2347 4161 2364 4192 ι
2401 4143 2640 4195 studiose
2671 4143 2997 4206 obsequens,
3021 4161 3039 4192 ι
3076 4151 3202 4194 tunc
3233 4141 3375 4193 enim
3397 4141 3831 4208 elegantissime

2229 4213 2388 4265 alteri
2428 4212 2673 4265 membro
2706 4221 3008 4280 Opponetur
3043 4210 3292 4274 alterum,
3338 4225 3636 4277 senSusque
3680 4217 3832 4278 erit,

2230 4286 2501 4336 neminem
2545 4298 2604 4335 se
2637 4282 2712 4336 illi
2747 4281 3039 4350 aequiorem
3085 4282 3434 4351 pra:buisse,__
3457 4283 3548 4333 sed
3576 4285 3834 4351 causpi-

2229 4367 2383 4406 rasse
2417 4367 2610 4405 omnes
2640 4348 2850 4406 contra.
2878 4353 3065 4406 Cicero
3089 4348 3151 4404 in
3184 4353 3346 4417 epist.
3382 4348 3462 4403 Ne
3501 4348 3832 4418 veliﬁcatus

2227 4421 2388 4474 alicui
2414 4423 2634 4484 dicaris,
2665 4434 2770 4476 etc.
2802 4421 2920 4476 Vid.
2945 4423 3103 4490 epist.
3153 4421 3274 4486 127,
3312 4439 3365 4474 n.
3395 4422 3447 4485 9,
3482 4418 3560 4474 De
3590 4426 3831 4476 turbata

2229 4490 2619 4544 Pharisworum
2649 4492 2845 4545 srltola.

2301 4560 2369 4632 (δ)
2395 4563 2492 4614 Ms.
2559 4563 2776 4630 quidam
2810 4562 3067 4618 Tolosan.
3108 4576 3270 4630 penes
3301 4560 3566 4632 Martian._
3592 4563 3697 4628 qui
3726 4579 3830 4618 va-

2229 4630 2435 4685 riantes
2455 4647 2519 4684 ex
2552 4647 2617 4684 eo
2653 4634 2912 4687 lectiones
2935 4636 3000 4687 ad
3031 4634 3148 4685 libri
3173 4632 3374 4686 calcem
3412 4630 3831 4698 rejecitJiabet

2230 4701 2319 4754 hic
2349 4701 2446 4753 loci
2479 4719 2496 4750 ι
2539 4702 2789 4771 impetus.
2817 4723 2836 4754 ι
2868 4703 3031 4758 Vetus
3050 4703 3177 4756 edit.
3213 4721 3232 4754 ς
3268 4700 3552 4772 imperitia:
3577 4709 3830 4758 convin-

2231 4773 2458 4825 cendum
2480 4772 2662 4835 factio,
2685 4784 2790 4825 etc.
2841 4792 2860 4823 ι

2304 4841 2520 4910 (“llaec
2555 4843 2608 4895 itt
2671 4841 2787 4894 Vita
2840 4843 3014 4896 fusius
3065 4843 3426 4911 disputantur.
3482 4841 3556 4895 De
3585 4839 3827 4898 Romuli

2227 4923 2403 4964 autem
2439 4927 2559 4966 casa
2590 4913 2808 4966 consule
2836 4913 2990 4968 Ovid.
3015 4930 3073 4968 ιιι
3107 4913 3318 4968 Fauor.
3341 4928 3481 4966 vers.
3508 4913 3633 4965 185.
3669 4914 3827 4968 Pru-

2226 4987 2439 5035 dentius
2467 4979 2501 5034 Ι.
2535 4998 2624 5037 xt:

2328 5050 2452 5123 Ipsa
2483 5068 2632 5104 casus
2657 5051 2834 5121 fragili
2859 5062 2995 5108 texat
3027 5070 3148 5123 gens
3176 5052 3399 5106 Romula
3424 5052 3618 5116 culmo,

2331 5120 2419 5175 Stc
2457 5125 2670 5175 tradunt
2707 5120 2969 5178 habitasse
3009 5120 3370 5187 licmum,etc.

2300 5195 2373 5261 (ξι)
2415 5191 2474 5247 S.
2531 5194 2876 5266 Ambrosium
2926 5209 3218 5266 suppresso
3257 5193 3477 5249 nomine
3527 5196 3814 5266 sugillari,

2224 5278 2456 5331 euntque
2505 5263 2669 5331 plagii
2717 5265 2964 5318 accusari
3020 5264 3247 5318 Rufinus
3305 5263 3814 5321 contendit'lib."

2215 5336 2436 5404 Apalag.
2468 5345 2520 5386 et
2542 5335 2981 5388 criminationem
3010 5338 3191 5388 hacde
3218 5350 3384 5388 causa
3415 5338 3816 5404 gravissimam

2216 5403 2270 5457 iii
2297 5401 2685 5474 Hieronymum
2703 5404 2968 5472 jitttetttat.
3003 5404 3107 5458 Sed
3132 5422 3238 5459 non
3256 5420 3377 5458 eam
3407 5401 3584 5462 fuisse
3608 5409 3671 5461 S.
3708 5409 3820 5461 Du-

2217 5475 2389 5547 etoris
2419 5483 2686 5547 mentem.
2708 5475 3046 5547 argumentis
3077 5475 3230 5547 haud
3250 5490 3383 5547 sane
3410 5477 3642 5531 infirmis
3678 5495 3818 5547 pro-

2219 5541 2337 5595 bari
2370 5552 2562 5610 potest.
2595 5542 2712 5597 V'id.
2740 5541 3122 5598 Prtefationem
3165 5545 3268 5599 PP.
3295 5541 3710 5603 Benedictinor‘.
3757 5567 3816 5604 ιιι

2219 5613 2486 5684 At'nhrosii
2514 5616 2680 5668 libros
2712 5613 2786 5668 De
2819 5615 3026 5682 Spiritu
3060 5631 3331 5684 sancto,p.
3362 5617 3492 5672 598.

2298 5683 2374 5753 (It)
2418 5683 2672 5738 Fortasse
2706 5702 2725 5735 ι
2758 5686 3031 5740 coloribus
3058 5705 3076 5738 ι
3097 5683 3819 5745 rescribenduuiest.Ccrte

2227 5753 2302 5808 ita
2337 5753 2564 5810 Rufinus
2585 5755 2712 5812 olim
2746 5756 2878 5826 legit
2911 5757 3002 5810 lib.
3030 5771 3102 5810 xi.
3277 5779 3304 5820 ρ

623 4705 694 4772 lc)
737 4701 960 4756 Videtur
994 4716 1031 4772 a7
1055 4712 1384 4772 praeceptore
1426 4702 1551 4754 olim
1593 4716 1690 4772 suo
1717 4700 1978 4772 Gregorio
2017 4698 2123 4772 Naf

565 4770 828 4828 ziatizeno
857 4771 1151 4834 accepisse,
1210 4771 1301 4837 qui
1328 4771 1479 4824 ()rat.
1530 4772 1599 4825 '5').
1631 4770 1860 4825 Romani
1884 4771 2120 4838 episcopi

551 4843 738 4897 luxum
780 4841 1189 4910 perstringit,et
1213 4841 1532 4895 clericorum
1579 4841 1700 4910 ejus
1739 4851 1941 4896 emtum
1969 4859 1988 4891 ι
2025 4840 2118 4894 Se-

550 4924 736 4967 natum
771 4911 1165 4964 Pharisaeorum
1192 4930 1211 4962 ι
1238 4921 1411 4964 vocat.

625 4982 701 5052 (Δ)
741 4982 815 5035 De
833 4980 1416 5052 corrupta__locihujus
1469 4979 1694 5034 lectione
1737 4997 1839 5035 non
1872 4979 2004 5035 levis
2027 4996 2120 5033 sn-

550 5049 723 5122 Spicio
751 5061 853 5105 est.
883 5049 1014 5106 Cod.
1051 5049 1189 5122 Nat.
1221 5050 1444 5122 4945,}
1476 5052 1678 5122 nullum
1721 5053 1900 5105 scriba
1940 5054 2020 5122 vel
2053 5053 2118 5102 li-

552 5120 730 5188 cium;
761 5141 779 5171 ι
809 5131 964 5175 vetns
997 5121 1162 5174 editio
1194 5137 1284 5176 an.
1314 5120 1473 5183 N96,
1505 5139 1522 5171 ε
1558 5121 1735 5174 nullus
1755 5123 1931 5175 scriba
1956 5121 2007 5174 iit
2040 5124 2119 5176 eis

555 5194 731 5245 fictus.
760 5210 778 5242 ι
811 5191 1061 5244 Barthius
1083 5195 1161 5246 sic
1186 5201 1335 5260 putat
1361 5191 1773 5257 restituendum,
1806 5210 1824 5242 ι
1852 5203 1910 5244 ιιι
1939 5192 2118 5245 nullus

554 5263 745 5316 scribae
779 5262 830 5314 itt
861 5262 939 5314 eis
973 5263 1045 5314 sit
1074 5261 1212 5316 ictus
1244 5281 1256 5316 :
1287 5281 1305 5312 ι
1345 5271 1401 5315 ιιι
1451 5276 1643 5314 sensus
1698 5263 1788 5326 sit,
1848 5262 2114 5315 neminem

553 5333 814 5400 singulari
871 5332 1238 5384 admonitione
1290 5332 1343 5384 iii
1401 5331 1784 5402 Hieronymum
1817 5333 2020 5400 aliquid
2049 5334 2115 5388 de

555 5403 759 5472 Spiritu
790 5410 980 5472 sancto
1029 5404 1236 5472 garrire
1294 5402 1576 5472 volentem
1613 5403 1780 5457 fuisse
1822 5403 2115 5464 invectum,

551 5470 647 5542 sed
674 5485 864 5526 omnes
895 5471 1039 5542 illico
1066 5471 1266 5526 indicto
1289 5473 1471 5540 praelio
1513 5470 1581 5542 ad
1610 5473 1967 5526 damnandam
1998 5475 2114 5542 ejus

553 5541 1272 5614 imperitiamconsensisse.
1301 5543 1429 5608 Quae
1451 5541 1614 5614 nobis
1630 5544 1895 5614 expositio
1925 5541 2036 5596 vix’
2065 5553 2120 5596 at

555 5627 625 5666 ne
655 5614 742 5665 vix
777 5613 994 5680 quidem
1034 5613 1342 5667 emendatio
1371 5614 1564 5682 placet.
1600 5613 1847 5682 Suntqui
1877 5614 2114 5679 mallent,

561 5699 580 5732 ι
611 5682 788 5738 nullus
809 5683 984 5738 scriba
1015 5682 1252 5746 relictus,
1281 5706 1300 5734 ›
1328 5684 1470 5752 quod
1499 5698 1652 5751 atque
1682 5699 1869 5750 parum
1891 5686 2113 5738 arridet.

556 5751 853 5828 Eapropter
890 5754 1032 5823 vide,
1055 5768 1180 5809 num
1201 5751 1416 5822 praestet
1443 5769 1538 5822 pro
1559 5755 1764 5810 duobus
1792 5755 1968 5811 verbis
1993 5772 2011 5805 ι
2035 5754 2118 5809 vel

4000 165 4032 375 ξ
