4042 6404
246 356 391 413 1053

1375 353 1580 409 LIBER
1619 352 1708 407 DE
1746 352 2020 409 SPlBlTU
2064 350 2355 407 SANCTO.

3346 348 3486 404 1054

244 493 380 532 vero
409 489 584 539 meus,
610 473 823 530 oculum
864 472 1068 527 habens
1099 486 1314 540 sponsa:
1333 470 1401 526 de
1430 470 1657 526 Cantica
1683 485 1807 525 can-
1843 490 1889 534 Α
1915 471 2059 526 furta
2093 476 2384 539 cognoscet
2408 485 2424 533 ;
2456 476 2512 523 et
2538 474 2848 523 contemnet
2871 466 3093 529 rivulos,
3117 479 3237 521 cum
3265 468 3493 535 cmperit

252 568 513 626 ticorum.
534 576 589 621 et
619 566 704 619 illa
734 565 938 619 lumina
967 580 1087 633 qua:
1113 564 1165 617 in
1187 564 1479 619 candentes
1500 563 1581 635 (a)
1612 573 1821 632 segetes

251 659 531 713 sublimari
564 655 720 711 Jesus
776 655 1075 725 przecepit‘,
1108 653 1293 722 procul
1340 653 1501 707 altius
1529 654 1765 707 intuetur
1802 671 1816 707 :

247 760 302 804 et
327 751 607 819 antiquum
637 748 791 804 nobis
823 762 1026 801 morent
1057 745 1320 809 reddidit;
1356 755 1415 797 ut
1446 743 1643 798 Videtis
1674 759 1822 798 voce-

254 851 344 895 tur
365 841 652 909 propheta.
705 839 864 894 Certe
904 837 995 907 qui
1050 838 1193 892 hunc
1241 836 1456 906 legerit,
1504 834 1818 890 Latinorum

325 1016 558 1073 ‘Mattb.
608 1031 729 1082 xui,
789 1016 891 1084 l6;
953 1014 1110 1071 Joan.
1157 1028 1232 1084 tv,
1275 1013 1367 1069 35.

320 1204 401 1277 (a)
428 1202 724 1277 lnrongrue
747 1202 880 1256 satis
900 1199 1242 1277 candelabra,
1266 1192 1810 1277 qure‘plurimisiocis

246 1262 484 1330 insertas
519 1262 772 1326 candelas
794 1287 989 1339 capere
1040 1262 1302 1339 valerent;
1357 1262 1611 1339 Barthius
1655 1262 1813 1317 intel—

248 1347 410 1401 lexit.
438 1343 726 1396 Enimvero
764 1335 952 1396 alludit
997 1339 1145 1394 Hier.
1180 1337 1402 1392 Joannis
1455 1353 1528 1400 tv,
1576 1335 1630 1398 9,
1655 1348 1814 1403 quem

250 1417 431 1469 locum
460 1415 510 1465 in
534 1412 933 1466 commentariis
959 1412 1012 1463 in
1069 1409 1375 1463 Matthwum
1415 1423 1533 1475 cap.
1596 1407 1813 1459 laudato

248 1499 548 1554 exponens,
585 1501 604 1533 ι
639 1481 807 1554 Beati,
843 1482 1033 1550 inquit.
1070 1480 1233 1554 oculi,
1268 1494 1404 1546 quos
1454 1477 1633 1554 levari
1656 1475 1813 1554 {esus

251 1557 307 1607 in
324 1545 565 1608 sublime
589 1553 860 1621 pnecepit,
892 1545 945 1603 ιιί
973 1551 1263 1621 candentes
1284 1545 1491 1621 segetes
1521 1545 1808 1614 aspiciant.

255 1625 380 1679 th.
406 1625 564 1692 epist.
590 1618 698 1686 ‘76,
733 1618 800 1674 ad
830 1620 1108 1690 Abiguunt,
1137 1636 1191 1672 ιι.
1216 1618 1272 1683 2,
1295 1618 1348 1671 in
1368 1618 1493 1672 line.

259 1804 2833 1834 Mm

1925 563 2145 618 haurire
2167 563 2236 617 de
2285 560 2545 616 fontibus.
2579 560 2860 628 lmperitus
2907 573 3157 613 sermone
3184 568 3290 623 est,
3314 567 3368 611 et
3392 557 3491 629 [αι.

1927 652 2046 725 sed]
2087 667 2193 706 non
2224 651 2480 706 scientia:
2510 651 2860 721 apostolicum
2891 648 3067 703 virum
3098 663 3165 703 ex
3222 647 3341 716 ipso
3378 662 3495 701 ser-

1926 756 2084 799 mone
2136 741 2260 813 ίαι.
2294 740 2477 812 stylo]
2542 741 2871 809 exprimens.
2930 749 3038 793 tam
3100 752 3355 793 sensuum
3416 736 3496 791 lu-

1926 833 2072 890 mine
2100 831 2175 903 (ὁ)
2202 846 2364 899 quam
2403 830 2749 899 simplicitate
2793 830 3104 885 verborum.

1992 1191 2065 1263 (ὁ)
2102 1189 2194 1246 Sic
2218 1203 2282 1243 ex
2309 1189 2426 1263 Vat.
2457 1204 2557 1244 ms.
2591 1202 2655 1243 ac
2681 1189 2850 1263 veteri
2875 1188 3111 1243 editione
3140 1190 3340 1263 Veneta
3360 1189 3495 1260 legi-

1922 1260 2077 1315 mus:
2111 1271 2268 1313 antea
2301 1260 2444 1312 enim
2480 1268 2596 1313 erat
2623 1278 2641 1309 ‹
2691 1261 2942 1323 nomine;
2984 1277 3003 1310 ι
3035 1260 3492 1326 quemadmodum

1924 1342 1978 1385 et
2007 1332 2059 1384 in
2097 1333 2255 1397 epist.
2282 1329 2372 1391 65,
2399 1344 2545 1382 nunt.
2574 1328 2665 1391 l9,
2702 1329 2887 1383 haberi
2923 1346 3025 1382 non
3059 1329 3369 1393 dillitemur,
3402 1329 3492 1383 ubi

1923 1401 2381 1474 pulchritudinem
2433 1398 2565 1474 dicit
2612 1418 2631 1450 ί
2663 1399 2894 1474 positam
2950 1400 3120 1474 magis
3154 1400 3206 1452 in
3232 1413 3490 1474 sensuum

1920 1468 2159 1538 nomine,
2189 1490 2346 1542 quam
2373 1475 2421 1527 in
2438 1470 2565 1527 liora
2582 1470 2888 1528 verborum.
2904 1488 2921 1523 ι
2950 1468 3346 1542 Beautemipsa
3370 1488 3497 1523 neu-

1923 1556 2062 1599 trum
2109 1541 2239 1598 satis
2294 1546 2514 1598 arridet.
2578 1544 2673 1596 Ms.
2723 1544 2933 1614 collegii
2973 1547 3131 1601 item.
3192 1541 3490 1597 Societath

1918 1615 2067 1679 Jesu,
2105 1633 2122 1665 ι
2158 1624 2263 1667 tant
2297 1630 2393 1667 suo
2426 1615 2662 1671 nomine.
2700 1633 2718 1664 ι

2836 1806 3490 1830 —--————-————

533 1968 835 2047 LIBER
876 1966 1250 2044 DIDYMI
1292 1953 1371 2025 (υ
1414 1962 2110 2043 ALEXANDBINI
2159 1964 2285 2038 DE
2345 1962 2760 2040 SPIRITU
2802 1962 3221 2056 SANCTO,

1377 2179 1434 2232 S.
1475 2170 1877 2229 IllEBONYMO
1916 2164 2374 2228 lNTEBPRETE.

327 2484 383 2538 1.
404 2482 666 2539 Omnibus
692 2482 904 2549 quidem
927 2496 1047 2551 qua:
1071 2481 1249 2537 divina
1280 2491 1427 2547 sunt,
1447 2497 1568 2536 cum
1587 2497 1833 2538 reveren-
1864 2491 1905 2546 Β
1935 2481 2212 2549 ignoratur
2259 2483 2348 2550 qui
2397 2491 2548 2538 extra
2600 2496 2809 2536 sacram
2872 2482 3201 2553 Scripturam
3256 2489 3494 2554 philoso-

249 2577 326 2631 tia
358 2586 412 2629 et
439 2573 742 2627 vehementi
759 2587 886 2626 cura
915 2580 1122 2642 oportet
1140 2571 1416 2626 intendere
1440 2589 1453 2624 :
1474 2573 1705 2624 maxime
1728 2586 1827 2623 att-

251 2678 364 2721 tetn
380 2666 465 2719 his
481 2680 597 2735 qua:
620 2665 684 2718 de
710 2663 1051 2735 Spiritus[al.
1077 2664 1247 2718 sancti
1274 2661 1529 2734 Spiritus]
1550 2662 1827 2717 divinitate

252 2763 532 2821 dicuntur,
567 2758 866 2824 praesertim
897 2771 1018 2808 cum
1062 2754 1393 2823 blasphemia
1444 2753 1499 2806 in
1563 2767 1684 2807 eum
1713 2750 1828 2804 sine

252 2853 415 2906 venia
443 2850 513 2903 sit
545 2848 622 2919 (2)
653 2865 665 2900 :
697 2848 769 2902 ita
811 2856 866 2900 ut
906 2845 1330 2914 blaspltemantis
1361 2858 1521 2915 poena
1574 2843 1827 2898 tendatur

252 2957 366 2996 non
406 2938 577 2993 solutn
606 2939 657 2991 in
690 2950 849 2991 omne
872 2950 1110 3005 praesens
1139 2933 1416 2994 saeculum,
1449 2933 1543 2987 sed
1574 2932 1737 2987 etiam
1772 2933 1822 2986 iu

252 3036 527 3088 futurum.
552 3032 640 3084 Ait
668 3030 866 3099 quippe
902 3027 1168 3087 Salvator,
1192 3025 1581 3095 blasphemanti
1606 3024 1657 3078 in
1699 3022 1825 3092 Spi-

252 3130 420 3180 ritum
446 3134 693 3178 sanctum
745 3137 847 3176 non
907 3135 1029 3175 esse
1084 3119 1476 3179 remissionem.
1516 3136 1534 3168 ι
1564 3130 1738 3184 neque
1772 3115 1825 3169 iit

251 3218 363 3271 isto
387 3214 607 3278 szeculo,
650 3226 821 3280 neque
880 3212 934 3264 in
988 3210 1168 3263 futuro
1201 3208 1242 3261 ⁸.
1276 3228 1294 3261 ι
1359 3207 1507 3263 Unde
1560 3205 1733 3275 magis
1764 3220 1827 3260 ac

252 3307 433 3375 magis
462 3312 678 3373 oportet
708 3303 1005 3365 intendere,
1060 3316 1181 3371 quae
1236 3300 1635 3367 Scripturarum
1671 3298 1736 3351 de
1762 3311 1827 3351 eo

255 3397 451 3452 relatio
485 3395 584 3447 sit:
630 3407 696 3445 ne
729 3392 779 3445 in
807 3390 1040 3460 aliquem
1071 3391 1260 3444 saltem
1294 3391 1370 3458 (5)
1427 3405 1521 3457 per
1575 3389 1827 3458 ignoran-

266 3486 393 3536 tiam
430 3481 780 3549 blasphetnize
807 3495 958 3534 error
980 3481 1222 3548 obrepat.
1261 3478 1583 3548 Expedierat
1608 3478 1824 3546 quidem

269 3577 427 3640 fideli,
456 3586 512 3632 et
540 3574 748 3636 timido,
792 3572 1092 3626 moderauti
1147 3573 1293 3625 vires
1325 3586 1471 3636 suas,
1500 3568 1827 3639 magnitudi-

265 3684 383 3720 nem
409 3665 690 3737 prresentis
713 3665 1023 3733 quaestionis
1058 3662 1272 3717 silentio
1296 3658 1570 3730 praeterire
1596 3676 1608 3710 :
1637 3669 1691 3712 et
1712 3674 1822 3712 rem

258 3760 471 3828 plenam
504 3757 745 3827 periculo
804 3771 907 3808 non
943 3756 995 3809 in
1024 3769 1178 3809 suum
1210 3751 1498 3806 discrimen
1528 3749 1822 3804 attrahere.

1929 2575 2181 2640 phantur.
2216 2572 2563 2627 Solutnmodo
2591 2573 2731 2625 enim
2781 2574 2833 2626 itt
2884 2578 3211 2631 nostratibus
3240 2578 3492 2648 Litteris;

1926 2670 1980 2715 et
2012 2663 2156 2716 notio
2187 2660 2303 2729 ejus
2330 2673 2383 2717 et
2417 2663 2730 2717 vocabulum
2762 2663 3012 2727 refertur,
3067 2678 3171 2721 tam
3230 2670 3279 2723 in
3332 2669 3498 2728 Novis

1928 2768 2087 2821 quam
2121 2753 2171 2806 in
2196 2754 2496 2808 Veteribus.
2524 2752 2732 2808 Veteris
2759 2755 2955 2826 quippe
2980 2755 3305 2815 Testantenti
3337 2762 3497 2817 homo

1938 2843 2127 2905 David,
2159 2847 2428 2914 particeps
2455 2847 2571 2914 ejus
2604 2845 2846 2913 ell'ectus,
2876 2849 3064 2901 orahat
3097 2860 3153 2903 ut
3193 2852 3245 2905 in
3278 2867 3338 2906 se
3376 2869 3499 2923 per-

1932 2946 2195 3000 maneret,
2226 2936 2409 2991 dicens
2437 2953 2451 2990 :
2501 2956 2519 2988 ι
2548 2936 2805 3005 Spiritum
2849 2952 2997 2994 tuum
3027 2953 3269 2997 sanctum
3303 2962 3370 3000 ne
3395 2962 3495 2999 au-

1931 3024 2072 3081 feras
2104 3044 2131 3080 a
2160 3042 2244 3081 me
2266 3027 2311 3081 ³.
2342 3047 2361 3079 ι
2396 3028 2461 3082 Ει
2510 3029 2709 3084 Danieli
2772 3032 2948 3085 adhuc
2993 3048 3159 3101 puero
3210 3036 3499 3091 suscitasse

1928 3120 2125 3175 dicitur
2152 3122 2292 3177 Deus
2337 3121 2597 3190 Spiritum
2634 3123 2938 3186 sanctum‘,
2976 3128 3128 3194 quasi
3174 3127 3285 3197 jam
3338 3130 3495 3187 habi—

1930 3222 2131 3267 tantem
2162 3214 2212 3268 iu
2249 3230 2333 3270 eo.
2374 3213 2484 3269 Nec
2520 3230 2623 3268 non
2662 3216 2823 3269 etiam
2873 3217 2925 3271 in
2960 3216 3107 3273 Novo
3150 3219 3496 3279 Testamento

1927 3303 1981 3357 bi
2015 3304 2112 3356 viri
2144 3304 2233 3372 qui
2266 3303 2373 3358 Deo
2401 3304 2671 3372 placuisse
2711 3304 3038 3372 referuntur,
3073 3308 3274 3377 Spiritu
3308 3323 3497 3367 sancto

1928 3394 2068 3464 pleni
2098 3402 2244 3450 sunt.
2284 3393 2520 3448 Joannes
2549 3395 2743 3463 quippe
2770 3397 2946 3451 adhuc
3007 3398 3057 3450 iu
3105 3403 3292 3455 matris
3344 3413 3498 3458 utero

1928 3486 2295 3541 sanctificatus
2318 3487 2596 3550 exsultat',
2621 3498 2675 3541 et
2700 3484 2854 3542 Iesus
2877 3504 2906 3542 a
2936 3492 3161 3547 mortuis
3192 3508 3495 3563 resurgens,

1929 3594 2047 3630 cum
2082 3576 2401 3631 insulilassct
2425 3577 2476 3630 in
2503 3577 2691 3631 faciem
2715 3578 3119 3647 discipulorum,
3153 3584 3263 3637 ait:
3299 3603 3317 3635 ‹
3344 3586 3498 3640 Acci-

1929 3667 2037 3735 pite
2060 3665 2317 3733 Spiritmtt
2333 3678 2577 3720 sanctum
2599 3669 2640 3722 ⁸.
2672 3687 2690 3721 ι
2715 3668 2874 3722 Plena
2905 3681 3029 3724 sunt
3062 3673 3332 3728 volumina
3361 3676 3500 3730 divi-

1930 3773 2119 3810 narum
2149 3758 2551 3825 Scripturarum
2590 3758 2675 3812 his
2725 3762 3066 3817 sermonibus
3112 3779 3337 3833 quorum
3369 3782 3499 3822 cou-

257 3850 461 3905 Verum
491 3848 743 3917 quoniam
768 3846 983 3916 quidam
1016 3844 1111 3916 [al.
1143 3843 1359 3912 quidam
1409 3840 1552 3912 cum]
1607 3841 1823 3895 tetueri-
1851 3844 1891 3901 C
1926 3848 2124 3919 geriem
2146 3850 2197 3901 in
2222 3849 2468 3918 prazsenti
2492 3864 2654 3917 opere
2675 3850 2918 3919 digerere
2943 3856 3215 3923 supersedi
3238 3856 3345 3929 (4):
3373 3860 3497 3927 quia

255 3946 369 3989 tate
397 3934 597 4002 potius,
633 3949 793 4001 quam
849 3942 994 3986 recta
1043 3932 1126 3984 via
1175 3931 1337 3985 etiam
1368 3930 1421 3983 in
1454 3945 1684 3999 Sttperna
1718 3929 1826 3983 eri-

250 4038 482 4097 guntur,
519 4037 573 4079 et
596 4026 707 4080 haec
736 4027 800 4079 de
824 4023 1027 4093 Spiritu
1062 4033 1253 4077 sancto
1281 4022 1694 4091 jactitant,qua’.
1726 4039 1822 4077 ne-

248 4134 362 4189 que
394 4120 447 4172 in
472 4117 769 4187 Scripturis
790 4116 951 4180 lecta,
984 4130 1161 4184 neque
1198 4130 1228 4170 a
1260 4130 1529 4184 quoquam
1563 4114 1824 4169 ecclesia-

248 4212 518 4265 sticorum
564 4219 805 4263 veterum
859 4215 1111 4275 usurpata
1157 4216 1305 4266 sunt.
1352 4206 1612 4276 compulsi
1641 4221 1826 4261 sumus

246 4300 603 4356 creberrima:
630 4298 992 4355 exhortatiuni
1045 4297 1270 4352 fratrum
1311 4300 1506 4353 cedere
1549 4314 1565 4351 :
1600 4313 1826 4368 qumque

245 4392 325 4445 sit
349 4399 531 4444 nostra
562 4391 626 4444 de
654 4405 720 4444 eo
772 4388 974 4459 opinio,
1018 4387 1180 4442 etiam
1231 4385 1635 4454 Scripturarum
1675 4384 1824 4437 testi-

248 4482 458 4537 moniis
489 4483 840 4551 comprobare
873 4499 887 4534 :
922 4496 989 4534 ne
1034 4478 1305 4548 imperitia
1345 4478 1479 4531 tanti
1531 4476 1821 4545 dogmatis,

248 4576 307 4630 bi
338 4575 434 4643 qui
466 4574 734 4627 contraria
783 4583 1082 4643 opponunt,
1112 4572 1398 4640 decipiant
1438 4585 1532 4625 eos
1560 4569 1674 4638 qui,
1709 4570 1826 4622 sine

246 4666 594 4722 discussione
622 4665 877 4729 sollicita,
934 4664 988 4719 in
1022 4664 1455 4719 adversariorum
1494 4660 1823 4716 sententiam

245 4757 442 4813 statim
470 4756 876 4825 pertrahuntur.

318 4848 383 4904 2.
417 4847 714 4917 Appellatio
742 4846 973 4917 Spiritus
1004 4846 1200 4910 sancti,
1232 4853 1285 4899 et
1311 4860 1373 4899 ea
1406 4858 1526 4913 quae
1558 4851 1825 4897 monstra-

246 4947 341 4993 tur
368 4953 434 4993 ex
469 4939 578 5001 ipsa
610 4939 967 5010 appellatione
994 4938 1291 4994 substantia
1349 4937 1560 4993 penitus
1615 4933 1684 4988 ab
1739 4935 1824 4989 bis

322 5084 349 5114 ’
374 5079 542 5134 Marc.
570 5095 652 5145 tu,
692 5078 781 5135 29.

325 5239 401 5308 (Ι)
442 5236 498 5289 In
520 5236 721 5303 aliquot
743 5235 900 5308 libris
938 5233 1375 5308 legiturLSancti
1415 5234 1812 5308 DidymiGrzeci
1852 5247 1892 5301 ι)

250 5304 505 5363 monachi
534 5306 931 5360 Alexandrini.)
978 5304 1106 5360 Vide
1151 5305 1370 5360 Hieron.
1412 5306 1480 5358 ad
1520 5304 1811 5359 Lacinium

247 5382 408 5448 epist.
439 5378 526 5439 7|,
561 5392 708 5448 nunt:
740 5375 793 5429 5.

326 5448 644 5518 (2)00usule
668 5446 725 5499 S.
757 5446 1021 5518 Ambrosii
1040 5446 1116 5518 De
1136 5443 1336 5518 Spiritu
1360 5454 1537 5518 structa
1570 5444 1660 5499 lib.
1715 5462 1811 5518 vti,

252 5534 304 5586 p.
337 5515 466 5583 till,
507 5518 597 5571 ubi
627 5518 693 5570 de
721 5516 1105 5570 irremissibilis
1131 5515 1474 5583 blasphemiae
1505 5528 1666 5569 sensu
1697 5517 1813 5586 agi-

250 5602 399 5723 ωἷίῑ)
442 5655 614 5710 Vatic.
651 5670 771 5710 cum
818 5655 979 5709 editis
1018 5653 1425 5717 vetustioribus,
1463 5674 1482 5706 ι
1517 5670 1582 5711 ne
1622 5655 1820 5726 aliquis

250 5733 465 5791 saltent,
490 5747 510 5779 ι
542 5740 650 5781 etc.

652 5824 920 5885 ΡΑτιιοι.
969 5824 1086 5884 Gn.
1136 5824 1435 5884 XXXIX.

893 5077 913 5108 ³
953 5077 1096 5132 Psal.
1140 5092 1193 5142 ι,
1234 5076 1323 5130 1⁸5.
1397 5075 1419 5106 ⁸
1460 5075 1591 5130 Dan.
1660 5091 1779 5143 xtu,
1819 5076 1908 5132 45.
1982 5080 2003 5111 ⁸
2042 5078 2173 5134 Luc.
2223 5094 2262 5145 ι,
2290 5078 2382 5135 44.

1933 3939 2146 3995 dilIicile
2180 3956 2284 3995 non
2318 3951 2398 3995 est
2427 3956 2493 3996 ex
2548 3942 2633 3998 his
2676 3959 2797 4014 quas
2845 3948 3255 4016 assumpsimus,
3307 3966 3496 4005 unum—

1931 4046 2203 4102 quemque
2225 4032 2481 4087 lectorem
2513 4033 2612 4088 sibi
2646 4034 2841 4089 similia
2872 4038 3128 4104 reperire.

1999 4122 2053 4177 '5.
2093 4122 2263 4177 Nemo
2300 4133 2477 4176 autem
2518 4127 2822 4194 suspicetur
2868 4126 3030 4180 alium
3082 4127 3338 4198 Spiritum
3374 4145 3497 4184 san-

1932 4227 2081 4270 etum
2115 4213 2278 4269 fuisse
2307 4215 2359 4269 in
2384 4218 2587 4270 sant-tis
2613 4218 2743 4271 viris
2774 4228 2899 4271 ante
2939 4220 3225 4274 adventum
3260 4221 3491 4287 Domini,

1934 4316 1988 4358 et
2023 4307 2186 4360 alium
2221 4306 2273 4360 in
2300 4308 2560 4376 apostolis
2585 4310 2898 4376 czeterisque
2923 4311 3221 4381 discipulis,
3255 4321 3309 4366 et
3341 4316 3493 4381 quasi

1931 4397 2315 4467 homonymum
2354 4398 2430 4467 (5)
2483 4398 2533 4451 in
2567 4399 2937 4454 diﬂ’erentibus
2976 4417 3099 4457 esse
3158 4405 3493 4461 substantiis.

1929 4487 2216 4542 Possumus
2237 4490 2450 4558 quidem
2485 4492 2791 4545 testimonia
2821 4494 2888 4547 de
2918 4495 3115 4550 divinis
3142 4495 3360 4551 Litteris
3408 4513 3497 4552 ex-

1924 4577 2130 4644 bihere,
2164 4579 2289 4646 quia
2340 4580 2475 4633 idem
2501 4580 2731 4649 Spiritus
2750 4590 2804 4636 et
2831 4583 2881 4635 itt
2914 4585 3173 4653 apostolis
3206 4597 3259 4640 et
3292 4588 3341 4641 in
3373 4604 3496 4657 pro-

1923 4668 2099 4737 phetis
2148 4667 2328 4723 fuerit.
2360 4668 2554 4724 Paulus
2590 4671 2641 4723 in
2680 4672 2911 4741 Epistola
2964 4691 3122 4744 quam
3156 4677 3220 4731 ad
3245 4676 3495 4736 Hebraaos

1930 4760 2145 4823 scribit,
2168 4760 2234 4814 de
2259 4754 2593 4814 PSalmorum
2632 4763 2905 4819 volumine
2955 4768 3317 4822 testimonium
3372 4788 3496 4840 pro-

1931 4849 2131 4914 ferens,
2162 4866 2193 4904 a
2217 4851 2418 4920 Spiritu
2433 4863 2622 4907 sancto
2646 4853 2695 4906 id
2718 4855 2917 4909 dictum
2944 4872 3061 4911 esse
3078 4872 3490 4915 commemorat:

1936 4958 1954 4991 ι
1986 4941 2050 4994 Ει
2076 4941 2217 4994 sicut
2250 4942 2380 4996 dicit
2420 4942 2505 4996 hic
2535 4941 2609 5010 (6)
2665 4943 2901 5013 Spiritus
2943 4956 3203 5003 sanctus:
3249 4948 3417 5005 Hodie
3448 4951 3494 5005 si

2459 5081 2481 5112 '
2516 5080 2671 5136 Joan.
2715 5099 2807 5148 xx,
2845 5081 2935 5137 22.

1992 5235 2069 5322 (4)
2100 5240 2230 5322 qod.
2278 5240 2632 5309 Tholosanus,
2688 5263 2707 5295 ι
2738 5244 3063 5316 superfluum
3085 5256 3186 5312 est,
3249 5248 3293 5303 si
3342 5248 3496 5304 facile

1918 5318 2001 5361 est
2029 5326 2091 5363 ex
2124 5312 2225 5377 his,
2256 5331 2273 5359 ι
2311 5321 2416 5366 etc.

1990 5380 2064 5449 (5)
2096 5381 2171 5434 Ex
2230 5381 2398 5436 Vatic.
2454 5394 2507 5437 et
2553 5383 2776 5438 Romani
2818 5384 3037 5455 Collegii
3088 5402 3215 5441 mss.
3272 5389 3494 5443 fecimus

1926 5468 1945 5501 ι
1972 5452 2376 5520 homonymum,
2408 5472 2426 5504 ι
2461 5469 2581 5506 cum
2601 5455 2790 5509 vitiose
2806 5452 3130 5511 antea—esset
3164 5476 3182 5507 ι
3214 5460 3446 5511 u0mina.
3469 5480 3487 5509 ι

1995 5522 2070 5592 (6)
2108 5523 2377 5576 Articulus
2412 5541 2429 5572 ι
2463 5525 2545 5576 hic
2578 5543 2595 5574 ι
2637 5526 2767 5579 alias
2821 5528 3023 5589 deerat,
3071 5539 3124 5580 et
3174 5530 3225 5580 itt
3290 5528 3496 5583 Latinis

1926 5607 2140 5662 quoque
2168 5594 2563 5657 exemplaribus
2593 5594 2964 5662 desideratur;
3003 5597 3153 5653 illum
3185 5612 3362 5652 autem
3393 5615 3485 5651 ur-

1927 5661 2013 5731 get
2047 5661 2277 5715 maxime
2310 5665 2578 5732 Didymus.

3112 5825 3183 5885 33
