4042 6404
328 354 465 409 105¹1

1458 350 1659 407 LIBER
1696 350 1785 404 DE
1825 350 2095 408 SPIRITU
2138 352 2427 411 SANCTO.

3431 360 3455 414 1
3466 358 3569 414 058

324 480 383 524 et
405 485 512 523 non
527 482 714 538 capax.
745 467 1059 536 Unigenitus
1078 482 1290 537 quoque
1316 468 1503 533 Filius,
1533 470 1648 538 ejus
1676 470 1887 539 sapien-
1917 479 1961 533 Α
1988 470 2146 526 Jesus
2177 472 2559 541 praedicatores
2588 469 2846 526 doctrinae
2878 486 3009 537 suae,
3059 472 3283 542 replevit
3326 488 3419 528 eos
3453 475 3572 543 Spi.

326 562 403 614 tia
452 569 508 614 et
557 559 933 622 sanctiﬁcatio.
997 575 1101 613 non
1140 559 1199 612 lit
1239 560 1471 628 sapiens,
1500 565 1592 615 sed
1622 564 1889 629 sapientes

329 650 487 716 iacit;
518 660 573 703 et
600 666 704 704 non
732 650 1121 716 sanetilicatur,
1159 650 1250 704 sed
1300 650 1621 705 sanctiﬁcat.
1657 650 1808 706 Unde
1838 640 1912 706 et.

323 737 444 807 ipse
476 739 735 809 capabilis
770 750 875 804 est,
907 749 961 793 et
991 755 1096 793 non
1129 755 1320 808 capax.
1376 740 1508 794 Cum
1561 742 1719 811 igitur
1754 743 1882 796 invi-

324 829 502 884 sibilis
535 840 805 897 creatura,
836 846 996 899 quam
1018 830 1385 884 rationabilem
1416 839 1471 885 et
1505 832 1890 899 incorporalem

322 919 680 974 substantiam
709 920 889 974 vocari
924 918 1327 973 consuetudinis
1350 929 1454 985 est,
1490 934 1593 972 non
1630 921 1699 973 sit
1736 935 1892 987 capa-

324 1008 469 1073 bilis,
517 1009 610 1063 sed
660 1024 870 1077 capax:
927 1009 974 1062 si
1027 1008 1170 1061 enim
1224 1008 1480 1077 capabilis
1509 1016 1670 1073 esset,
1700 1010 1893 1063 nullius

322 1099 451 1153 boni
478 1115 649 1169 capax
680 1109 841 1163 esset,
879 1115 973 1168 per
1000 1114 1061 1154 se
1093 1098 1320 1168 simplex
1345 1099 1458 1167 ipsa
1488 1101 1808 1165 subsistens,
1838 1110 1893 1154 et

321 1191 546 1245 alterius
571 1191 690 1245 boni
721 1191 1080 1260 receptatrix;
1113 1190 1524 1260 participatione
1561 1191 1758 1245 habeat
1796 1193 1893 1245 bo-

322 1296 474 1344 num,
511 1290 564 1334 et
595 1296 697 1334 non
734 1283 799 1335 de
840 1282 923 1335 his
954 1296 1073 1350 quae
1100 1283 1365 1335 habentur
1393 1283 1460 1336 ab
1510 1282 1655 1347 aliis,
1701 1284 1794 1337 sed
1830 1283 1896 1337 de

321 1370 410 1424 his
438 1386 558 1440 qua:
588 1372 784 1425 habent
806 1372 904 1425 alia
937 1374 1283 1441 intelligatur,
1344 1372 1505 1429 Patre
1552 1383 1607 1428 et
1636 1374 1771 1429 Filio
1799 1376 1894 1429 ha-

320 1462 451 1515 bitis
499 1463 669 1532 magis
719 1478 875 1531 quam
928 1463 1283 1528 habentibus;
1336 1474 1580 1518 creatura
1635 1480 1763 1519 vero
1795 1466 1893 1520 ha-

321 1553 508 1617 bente,
541 1564 593 1607 et
623 1569 728 1607 non
765 1554 940 1607 habita
973 1572 986 1607 :
1019 1554 1085 1608 de
1115 1554 1315 1622 Spiritu
1351 1569 1563 1623 quoque
1597 1565 1786 1611 sancto
1813 1571 1899 1610 re-

322 1654 620 1698 tractemus
657 1644 788 1716 (12),
815 1654 867 1698 et
897 1648 939 1699 si
972 1646 1185 1715 quidem
1224 1647 1336 1715 ipse
1366 1661 1575 1715 quoque
1608 1647 1896 1716 participa-

322 1736 470 1790 tione
496 1737 715 1790 alterius
745 1738 1114 1791 sanctimonia:
1140 1748 1360 1792 sanctus
1392 1746 1493 1803 est,
1533 1752 1895 1792 connumere-

1993 565 2129 628 ritu;
2150 562 2493 618 etinsumans
2515 564 2564 617 in
2590 563 2779 618 faciem
2806 578 2988 618 eorum
3018 566 3333 635 :(Accipite.
3373 567 3572 637 inquit.

1993 653 2249 720 Spiritum
2299 663 2539 706 sanctum
2569 653 2632 717 ",
2668 671 2687 704 ι
2763 664 2837 715 et,
2872 671 2891 703 r
2931 653 3149 713 Euntes.
3176 655 3365 708 docete
3385 670 3574 709 omnes

1993 743 2253 812 gentes",
2296 760 2315 793 ›
2346 743 2499 811 quasi
2527 756 2714 796 omnes
2762 743 2971 796 cunctis
3020 742 3265 811 gentibus
3313 743 3571 806 mitteret,

1994 832 2175 900 Neque
2202 831 2343 885 enim
2364 846 2553 885 omnes
2601 831 2823 898 apostoli
2860 833 2925 884 ad
2952 846 3138 885 omnes
3166 843 3351 900 gentes
3374 835 3575 901 pariter

1994 931 2121 974 sunt
2172 920 2437 989 profecti,‘
2470 920 2563 975 sed
2610 924 2829 989 quidam
2879 921 2931 972 in
2994 921 3199 983 Asiam,
3234 921 3452 988 quidam
3511 922 3564 974 in

1997 1011 2293 1082 Scythiam,
2321 1021 2376 1066 et
2411 1011 2497 1065 alii
2536 1012 2590 1065 in
2617 1012 2753 1065 alias
2786 1012 3019 1080 dispersi
3058 1012 3334 1077 nationes;
3369 1029 3567 1067 secun-

1989 1103 2123 1155 dum
2163 1103 2615 1171 dispensationem
2649 1103 2791 1156 illius
2848 1118 3007 1171 quem
3061 1119 3242 1157 secum
3294 1106 3565 1159 habebant

1998 1190 2231 1260 Spiritus
2274 1192 2465 1253 sancti,
2492 1206 2598 1260 quo
2632 1192 2788 1245 modo
2825 1200 2879 1244 et
2930 1191 3211 1245 Dominum
3264 1194 3567 1259 dicentem,

2004 1301 2024 1333 ι
2094 1282 2375 1337 Vobiscum
2446 1299 2563 1337 sum
2601 1283 2849 1337 omnibus
2895 1283 3079 1338 diebus
3126 1299 3290 1353 usque
3330 1286 3397 1338 ad
3442 1302 3573 1340 con-

2001 1373 2415 1426 summationem
2482 1372 2796 1426 saeculi“.o
2860 1370 2954 1426 His
2984 1381 3039 1425 et
3100 1372 3226 1424 illud
3283 1374 3567 1442 congruit:

2006 1480 2025 1513 ι
2056 1462 2345 1531 Accipietis
2388 1462 2642 1515 virtutem
2689 1462 3113 1526 supervenientis
3167 1460 3264 1532 [αι.
3316 1476 3573 1529 superve-

2000 1550 2259 1621 nientem]
2290 1550 2521 1619 Spiritus
2554 1551 2725 1603 sancti
2754 1551 2805 1603 in
2839 1566 2969 1616 vos;
2996 1561 3049 1604 et
3078 1552 3227 1604 eritis
3252 1561 3415 1605 testes
3438 1553 3567 1605 mihi

2001 1642 2055 1696 in
2090 1641 2409 1706 Jerusalem,
2438 1645 2566 1695 etin
2590 1643 2734 1695 omni
2773 1640 2950 1695 Judae‘a
2974 1652 3026 1695 et
3056 1641 3325 1705 Samaria,
3383 1653 3435 1695 et
3479 1658 3570 1696 us—

2003 1748 2109 1803 que
2139 1736 2204 1786 ad
2233 1743 2530 1787 extremum
2568 1743 2724 1787 terra;
2748 1736 2821 1786 ’°.
2853 1753 2871 1784 ›
2906 1733 2961 1785 Si
2988 1747 3113 1801 ergo
3147 1733 3197 1785 bl
3233 1734 3283 1785 in
3311 1735 3570 1787 extremis

320 1837 415 1881 tur
439 1829 646 1883 caeteris
673 1829 952 1883 creaturis.
992 1829 1048 1882 Si
1077 1844 1202 1883 vero
1236 1838 1451 1884 sanctos
1499 1829 1628 1883 facit
1667 1844 1893 1899 capaces
1926 1809 1966 1864 Β
2000 1826 2194 1879 ﬁnibus
2226 1835 2382 1878 terra:
2406 1828 2473 1877 ob
2497 1823 2594 1895 [aL
2623 1824 2943 1896 secundum]
2970 1826 3335 1878 teStimonium
3358 1824 3565 1881 Domini

315 1919 429 1983 sui,
487 1935 606 1973 cum
656 1918 814 1973 Patre
872 1930 1103 1988 ponatur
1154 1928 1207 1972 et
1243 1919 1397 1975 Filio.
1428 1919 1579 1985 Quod
1619 1930 1796 1975 autem
1828 1922 1897 1976 ab

316 2011 447 2064 aliis
478 2011 723 2079 capiatur
751 2010 982 2078 Spiritus
1019 2022 1260 2076 sanctus,
1297 2022 1352 2065 et
1381 2027 1488 2065 non
1542 2012 1645 2065 alia
1696 2013 1894 2082 capiat,

317 2110 381 2155 et
409 2116 570 2163 nunc,
600 2109 655 2154 et
683 2101 734 2153 in
762 2098 1036 2154 Sectarum
1064 2100 1338 2155 volumine
1378 2102 1557 2171 (prout
1593 2102 1892 2172 potuimus)

317 2192 687 2260 expressimus
708 2191 857 2262 (l5):
888 2201 940 2247 et
968 2206 1030 2244 ex
1062 2192 1207 2245 omni
1257 2193 1533 2263 Scriptura
1586 2209 1891 2252 sermonem

316 2292 566 2337 nostrum
619 2282 885 2337 allirmare
940 2281 1191 2352 perfacile
1257 2293 1357 2337 est.
1427 2283 1621 2339 Beatus
1681 2300 1896 2356 quoque

326 2375 624 2444 Apostolus
668 2374 734 2429 ad
790 2374 1046 2444 Ephesios
1103 2374 1343 2430 scribens
1386 2376 1503 2429 ait:
1556 2394 1575 2427 ι
1608 2375 1663 2430 In
1713 2393 1818 2448 quo
1843 2386 1898 2432 et

320 2469 615 2521 credentes
656 2467 848 2534 signati
875 2466 1007 2520 estis
1042 2464 1243 2534 Spiritu
1276 2467 1644 2534 promissionis
1685 2479 1896 2535 sancto,

315 2557 415 2625 qui
467 2566 553 2610 est
599 2557 787 2625 pignus
833 2556 1158 2611 haereditatis
1204 2568 1405 2611 nostra:
1428 2557 1494 2610 ¹⁸.
1520 2576 1539 2608 ι
1567 2556 1623 2611 Si
1653 2558 1793 2612 enim
1822 2558 1896 2613 si-

316 2657 561 2718 gnantur
592 2648 808 2716 quidam
837 2647 1039 2717 Spiritu
1071 2656 1280 2713 sancto,
1305 2648 1533 2702 formam
1564 2657 1619 2701 et
1653 2648 1894 2715 speciem

315 2741 443 2810 ejus
472 2750 847 2795 assumentes:
887 2755 953 2795 ex
990 2740 1071 2793 his
1096 2750 1179 2795 est
1211 2740 1444 2809 Spiritus
1485 2750 1722 2805 sanctus,
1777 2755 1895 2808 qua:

319 2830 608 2894 habentur,
643 2841 831 2884 etnon
860 2829 1091 2885 habent:
1135 2831 1461 2885 habentibus
1516 2829 1664 2883 illum
1714 2830 1896 2899 signa-

315 2922 445 2975 culo
472 2922 585 2989 ejus
618 2923 911 2989 impressis.
942 2923 1021 2975 Ad
1067 2921 1375 2976 Corinthios
1425 2919 1729 2993 [Ephesios]
1761 2936 1895 2990 quo-

314 3027 427 3080 que
456 3012 592 3065 idem
619 3012 879 3076 scribens,
928 3032 947 3063 ε
975 3011 1167 3075 Nolite,
1201 3030 1219 3062 ι
1272 3012 1463 3081 inquit,
1524 3028 1543 3062 ι
1572 3014 1894 3066 contristare

314 3100 584 3171 Spiritum
611 3111 878 3169 sanctum,
906 3102 959 3156 in
994 3117 1100 3170 quo
1129 3103 1322 3172 signati
1349 3104 1479 3157 estis
1502 3103 1567 3166 “,
1603 3121 1622 3153 ι
1656 3104 1893 3173 signatos

312 3210 443 3249 esse
469 3203 776 3249 contestans
801 3209 896 3248 eos
923 3195 1011 3263 qui
1039 3204 1388 3261 susceperant
1443 3196 1879 3249 communionem

315 3287 558 3355 Spiritus
590 3286 785 3340 sancti.
816 3285 939 3351 Quo
967 3286 1125 3341 modo
1156 3287 1298 3341 enim
1332 3285 1621 3356 disciplina:
1652 3297 1705 3340 et
1733 3286 1896 3341 virtu-

315 3379 391 3432 tis
420 3388 723 3447 assumptor
785 3378 1116 3449 signaculum
1146 3388 1200 3432 et
1232 3381 1453 3448 liguram
1483 3378 1563 3447 (ut
1589 3377 1658 3431 ita
1694 3377 1892 3448 dicam)

321 3450 391 3523 in.
439 3485 597 3524 suum
644 3484 859 3524 sensum
912 3472 1102 3539 recipit
1144 3470 1260 3537 ejus
1306 3471 1561 3534 scientize,
1612 3484 1771 3537 quam
1807 3484 1894 3523 as-

329 3560 587 3627 sumpsit:
623 3561 702 3615 sic
729 3570 782 3615 et
810 3560 857 3615 is
880 3562 968 3631 qui
1003 3561 1234 3630 Spiritus
1268 3562 1440 3616 sancti
1481 3560 1747 3629 particeps
1777 3559 1893 3613 elﬁ-

323 3650 482 3715 citur,
520 3665 614 3719 per
650 3653 1081 3708 communionem
1115 3653 1234 3723 ejus
1268 3652 1325 3707 ﬁt
1364 3651 1662 3710 soiritualis
1688 3652 1892 3721 pariter

316 3749 374 3795 et
402 3750 626 3794 sanctus
652 3739 787 3812 (M).

391 3832 445 3887 6.
480 3831 596 3901 Ipse
627 3847 754 3887 vero
787 3832 1020 3902 Spiritus
1066 3844 1306 3901 sanctus,
1347 3833 1391 3889 si
1433 3849 1571 3889 unus
1627 3833 1694 3888 de
1746 3846 1900 3888 crea-

322 3925 466 3977 turis
534 3933 697 3987 esset,
742 3923 929 3977 saltem
982 3925 1439 3992 circumscriptam
1498 3924 1717 3979 haberet
1770 3924 1902 3978 sub-

320 4014 615 4082 stantiam,
647 4015 783 4069 sicut
814 4016 1058 4069 universa
1088 4030 1206 4084 quae
1238 4015 1376 4069 facta
1402 4025 1545 4069 sunt.
1600 4012 1732 4068 Nam
1787 4015 1897 4069 etsi

311 4122 429 4163 non
483 4107 992 4163 circumscribantur
1048 4107 1165 4163 loco
1224 4118 1279 4162 et
1341 4109 1537 4163 ﬁnibus
1588 4108 1889 4163 invisibiles

310 4209 605 4263 creaturae,
644 4208 819 4254 tamen
874 4204 1202 4269 proprietate
1246 4202 1559 4255 substantiae
1609 4200 1889 4253 liniuntur.

312 4291 558 4360 Spiritus
586 4301 763 4346 autem
801 4301 1041 4357 sanctus,
1078 4306 1198 4345 cum
1250 4291 1302 4345 in
1349 4291 1589 4360 plurjbus
1633 4290 1722 4355 sit,
1780 4304 1889 4342 non

312 4384 489 4439 habet
508 4382 859 4437 substantiam
894 4383 1378 4452 circumscriptam.
1431 4381 1647 4437 Mittens
1695 4380 1895 4450 quippe

395 4588 437 4618 "
479 4586 746 4650 Ephesi,
814 4588 901 4640 15.
980 4586 1023 4617 η
1068 4585 1264 4650 Ephes.
1340 4600 1413 4647 tv,
1472 4585 1561 4639 50.
1640 4587 1682 4617 "’
1720 4585 1873 4640 Joan.

312 4674 360 4724 ι,
389 4660 442 4712 8.
519 4660 560 4688 ’⁸
590 4656 719 4712 Luc.
753 4673 830 4720 Ix,
858 4656 949 4710 26.
1024 4657 1069 4688 ’⁸

1340 4600 1413 4647 tv,
1472 4585 1561 4639 50.

1151 4602 1264 4638 nes.
1340 4602 1413 4647 tv,
1472 4602 1561 4639 ou.
1641 4602 1678 4617 ι’
1720 4602 1873 4640 Joan.
1949 4602 2042 4650 xx,

1145 4665 1286 4720 ct.x,
1317 4655 1405 4709 22.
1482 4656 1528 4687 ³³
1555 4654 1713 4709 Joan.
1739 4671 1870 4719 xvn,
1902 4657 1988 4711 11.

1997 1917 2294 1981 constituti,
2352 1917 2625 1970 distabant
2688 1918 2829 1970 inter
2884 1932 2942 1971 se
2975 1916 3299 1984 longissimis
3348 1918 3557 1985 spatiis,

1996 2012 2182 2063 aderat
2224 2019 2400 2064 autem
2435 2009 2514 2063 eis
2576 2010 2905 2063 inhabitator
2935 2010 3163 2078 Spiritus
3200 2022 3439 2074 sanctus,
3488 2012 3568 2064 in-

1996 2100 2467 2165 circumscriptam
2522 2098 2725 2153 habens
2767 2101 3158 2165 substantiam,
3214 2102 3567 2155 demonstra-

1999 2188 2216 2260 tur(15)
2253 2190 2489 2258 angelica
2527 2191 2697 2243 virtus
2745 2190 2812 2242 ab
2844 2190 2945 2243 hoc
2976 2206 3194 2257 prorsus
3234 2191 3426 2245 aliena.
3454 2194 3563 2244 An-

1998 2281 2145 2351 gelus
2174 2281 2370 2350 quippe
2400 2281 2490 2351 qui
2522 2280 2727 2343 aderat,
2771 2281 2916 2334 verbi
2949 2283 3117 2349 gratia
3151 2321 3166 2345 ,
3221 2282 3463 2351 apostolo
3512 2284 3565 2336 in

1994 2374 2120 2427 Asia
2174 2374 2368 2437 oranti,
2426 2388 2528 2427 non
2602 2382 2813 2441 poterat
2881 2373 3038 2427 simul
3090 2378 3277 2428 eodem
3328 2386 3567 2446 tempore

1995 2465 2185 2520 adesse
2212 2465 2416 2519 aliisin
2466 2466 2674 2519 caneris
2716 2465 2956 2534 partibus
3018 2468 3196 2519 mundi
3237 2470 3561 2523 constitutis.

1996 2554 2230 2627 Spiritus
2275 2565 2450 2608 autem
2494 2564 2710 2607 sanctus
2762 2570 2864 2607 nou
2919 2555 3104 2641 solum
3162 2556 3470 2625 sejunctisa
3504 2573 3564 2612 se

1998 2644 2303 2699 hominibus
2333 2656 2530 2714 praesto
2550 2656 2652 2710 cst,
2684 2640 2775 2699 sed
2803 2655 2856 2698 et
2884 2640 3114 2714 singulis
3141 2649 3436 2717 quibusque
3462 2665 3560 2702 an-

1998 2736 2153 2804 gelis,
2188 2737 2603 2805 principatibus,
2660 2738 2891 2800 throuis,
2920 2738 3373 2794 dominationibus
3413 2742 3567 2795 inha-

1996 2827 2195 2879 bitator
2222 2827 2427 2880 assistit
2451 2843 2465 2892 ;
2496 2836 2549 2878 et
2576 2836 2630 2878 ut
2659 2826 2905 2879 homines
2941 2827 3307 2890 sanctiﬁcans.
3341 2830 3563 2883 alterius

1995 2930 2155 2984 quam
2189 2925 2311 2970 sunt
2352 2916 2618 2976 homines.
2669 2927 2753 2969 est
2783 2926 3017 2979 naturae;
3054 2917 3131 2970 sic
3157 2927 3210 2970 et
3240 2920 3372 2972 alias
3406 2935 3564 2973 crea-

1998 3018 2145 3061 turas
2172 3007 2540 3071 sanctiﬁcans,
2577 3008 2713 3059 alius
2746 3007 2813 3060 ab
2871 3023 3056 3061 earum
3107 3019 3189 3061 est
3236 3011 3560 3075 substantia,

1996 3101 2247 3170 quoniam
2278 3101 2453 3155 omnis
2482 3112 2729 3155 creatura
2766 3117 2868 3153 non
2897 3116 2959 3154 ex
2986 3117 3079 3155 sua
3105 3104 3424 3169 substantia,
3466 3107 3562 3160 sed

1999 3205 2063 3242 ex
2093 3190 2467 3244 communione
2496 3191 2718 3243 alterius
2771 3193 3075 3246 sanctitatis
3116 3206 3301 3249 sancta
3350 3196 3564 3264 pertici-

1996 3289 2102 3334 tur.

2067 3372 2116 3424 7.
2162 3371 2297 3425 Dicti
2340 3382 2463 3427 sunt
2512 3373 2726 3442 quidem
2754 3375 2923 3429 sancti
2961 3376 3132 3444 angeli
3167 3376 3218 3429 in
3252 3377 3563 3449 Evangelio,

1998 3464 2279 3518 Salvatore
2326 3465 2558 3529 dicente,
2608 3474 2890 3518 venturum
2932 3482 3052 3521 esse
3111 3466 3304 3521 Filium
3333 3471 3566 3525 hominis

1996 3554 2049 3607 in
2100 3554 2377 3622 majestate
2426 3570 2521 3607 sua
2572 3563 2626 3608 et
2674 3555 2871 3621 Patris,
2918 3568 2973 3610 et
3009 3568 3316 3613 sanctorum
3345 3562 3563 3629 angelo-

1997 3660 2114 3696 rum
2148 3645 2214 3697 ³¹.
2249 3646 2309 3697 Et
2355 3646 2634 3700 Cornelius
2667 3648 2716 3700 in
2743 3648 2967 3702 Actibus
2997 3650 3355 3717 apostolorum
3379 3668 3406 3704 a
3436 3668 3563 3706 san-

1996 3744 2082 3790 cto
2122 3738 2310 3806 angelo
2353 3739 2607 3790 scribitur
2661 3737 2757 3809 [αι.
2800 3740 3105 3814 subjicitur]
3170 3744 3440 3812 accepisse
3470 3760 3558 3800 re-

1999 3844 2258 3898 sponsum
2282 3830 2353 3891 “,
2397 3839 2451 3883 ut
2498 3828 2719 3883 Petrum
2780 3831 2846 3884 ad
2889 3846 2947 3885 se
2996 3831 3195 3886 Christi
3241 3834 3559 3904 discipulum

1997 3931 2239 3975 vocaret.
2306 3919 2500 3974 Verum
2558 3922 2728 3975 sancti
2773 3931 2899 3975 sunt
2945 3922 3118 3991 angeli
3150 3923 3561 3993 participatione

1999 4010 2235 4082 Spiritus
2281 4012 2474 4073 sancti,
2518 4020 2571 4065 et
2624 4012 3012 4066 inhabitatione
3050 4011 3147 4083 [aL
3184 4016 3553 4068 communica-

1996 4102 2161 4174 tione]
2199 4104 2458 4173 unigeniti
2488 4103 2603 4157 Filii
2633 4103 2744 4165 Dei,
2779 4103 2870 4173 qui
2911 4107 3168 4159 sanctitas
3202 4112 3302 4167 cst.
3335 4116 3388 4159 et
3408 4120 3561 4159 com-

1994 4196 2288 4252 municatio
2313 4196 2487 4249 Patris
2511 4195 2645 4267 (16).
2673 4195 2748 4249 De
2781 4210 2887 4264 quo
2916 4196 3165 4250 Salvator
3188 4198 3262 4251 ait
3293 4215 3305 4250 :
3345 4216 3364 4247 ‹
3397 4195 3560 4252 Pater

1995 4299 2181 4344 sancte
2200 4288 2299 4340 ⁸³.»
2328 4287 2383 4341 Si
2408 4288 2572 4357 igitur
2605 4288 2775 4357 angeli
2816 4304 2918 4341 non
2955 4303 3020 4342 ex
3055 4291 3268 4358 propria
3307 4292 3561 4343 substan—

1997 4381 2067 4433 tia
2097 4380 2267 4433 sancti
2292 4388 2436 4443 sunt,
2472 4379 2563 4433 sed
2600 4393 2665 4433 ex
2696 4378 3106 4447 participatione
3142 4392 3342 4434 sauctze
3378 4379 3563 4433 Trini-

2105 4584 2196 4637 22.
2274 4584 2316 4615 ’⁸
2354 4582 2543 4637 Matth.
2577 4596 2768 4646 xxmt,
2794 4581 2881 4637 l9.
2959 4584 3001 4615 "
3041 4583 3170 4638 ibid.
3205 4583 3295 4639 20.
3371 4585 3414 4615 ὀ
3431 4585 3554 4640 Act.

312 4807 426 4862 que
480 4805 543 4843 ex
587 4806 646 4845 se
707 4790 925 4862 habere,
971 4800 1131 4862 atque
1180 4790 1311 4862 adeo
1352 4790 1886 4862 possegquandoque

1993 4787 2084 4841 des
2106 4787 2157 4839 in
2182 4782 2628 4862 Paradiso,_§ap.
2684 4781 2753 4835 ιι
2800 4780 3180 4862 mas-imevero
3234 4780 3456 4862 l_lierou.
3502 4782 3554 4835 in

314 4858 592 4926 amittere,
642 4861 785 4929 quod
834 4860 1120 4929 aliquando
1150 4860 1402 4925 cepisset.
1466 4878 1484 4910 ι
1513 4858 1824 4926 Capabilem
1858 4880 1877 4911 ι

312 4947 451 4985 vero
480 4930 596 4983 ideo
623 4930 971 4992 credendum,
995 4932 1246 4999 quoniam
1268 4929 1497 4999 implere
1527 4930 1672 4981 illum
1697 4930 1880 4994 corda,

315 5011 489 5068 atque
523 5000 732 5053 animas
764 4996 1209 5051 lidelimn'multis
1263 4996 1396 5051 locis
1440 4996 1727 5064 Scriptum:
1803 5009 1883 5051 te-

314 5080 551 5125 SIantur.
579 5070 881 5123 Consonaut
904 5068 993 5121 alii
1027 5068 1231 5121 Patres.
1258 5070 1459 5121 Auctor
1502 5068 1873 5120 Allercalionis

313 5156 440 5193 cum
474 5138 746 5191 l’ascentio
772 5139 966 5190 Ariano
989 5139 1118 5191 olim
1146 5138 1285 5190 inter
1305 5136 1530 5204 August.
1560 5139 1717 5202 epist.
1748 5138 1879 5192 177:

319 5227 342 5259 ι
382 5207 478 5261 Est
537 5208 851 5276 incapabilis
927 5207 1117 5271 Pater,
1175 5222 1333 5271 quem
1389 5209 1531 5273 capit
1584 5205 1751 5260 Filius
1803 5218 1883 5259 to-

317 5290 432 5332 tum
452 5279 541 5333 ?...
577 5297 595 5329 ι
638 5290 772 5342 tum,
822 5278 1139 5345 quibusdam
1195 5276 1507 5341 interiectis,
1562 5294 1580 5326 ι
1612 5279 1698 5343 qui
1740 5278 1883 5345 capit

315 5352 523 5414 omnia,
550 5364 707 5415 quem
741 5358 881 5413 caput
913 5363 1097 5409 nemo;
1124 5347 1216 5400 sed
1263 5348 1558 5407 hominum,
1590 5362 1710 5415 nam
1741 5357 1882 5399 totus

318 5412 582 5485 capitnra
608 5416 760 5470 Filio.
798 5436 816 5468 ι
849 5415 903 5469 in
928 5417 1144 5468 Arnobit’
1182 5425 1231 5467 et
1280 5416 1582 5480 Serapionis
1622 5412 1881 5483 Con/licia

318 5488 623 5558 pasta}:
654 5505 671 5535 ι
704 5488 840 5558 Deus
867 5502 1053 5554 capax,
1095 5502 1197 5558 non
1217 5486 1502 5558 capabilis.
1533 5504 1550 5534 ι

391 5556 503 5625 (Ι2ι)
534 5556 697 5619 Olim,
729 5574 747 5605 ι
780 5557 851 5608 De
867 5567 1053 5609 sancto
1088 5556 1287 5625 Spiritu
1319 5564 1629 5625 tracteums.
1666 5574 1683 5605 ›

397 5624 509 5695 (15)
562 5625 688 5693 Ejus
729 5626 846 5677 libri
897 5626 1057 5695 etiam
1114 5624 1269 5692 paulo
1312 5624 1447 5695 infra
1504 5626 1759 5695 meminit,
1791 5625 1879 5679 ubi

325 5714 346 5747 ι
378 5698 443 5750 de
472 5693 686 5764 quibus,
718 5712 736 5745 ι
764 5695 954 5761 inquit,
982 5711 1000 5743 ‹
1022 5694 1498 5764 ,ἱπηᾼεώηιιάίδιιιρτ
1528 5694 1578 5745 iu
1606 5693 1879 5764 sectarum

320 5762 594 5821 volumine
624 5766 1031 5833 disputavimus.
1064 5782 1082 5815 ›
1116 5762 1351 5817 Meminit
1395 5776 1604 5831 quoque
1649 5762 1885 5818 Heracli-

1977 4856 2248 4924 Catalogo,
2294 4850 2592 4924 ιεξψηιθ9ἱ
2633 4866 2660 4901 a
2709 4866 2842 4924 iquo
2891 4851 3064 4924 _libcrg
3105 4849 3179 4903 De
3224 4851 3554 4924 dogmatibus

1978 4919 2295 4994 appellatur,
2322 4921 2492 4994 lacile_
2509 4920 2650 4994 enim
2697 4919 2835 4987 Περὶ
2859 4920 3187 4994 Δδογμάτων
3223 4919 3555 4994 inscribeba-

1980 4990 2085 5060 tut",
2119 5005 2174 5046 ut
2200 5008 2266 5045 ex
2315 4994 2429 5057 ipso
2469 4991 2691 5058 Didymo
2751 4990 2905 5055 paulo
2962 4993 3183 5042 interius
3244 4990 3369 5043 licet
3401 4992 3553 5045 colli-

1977 5080 2125 5132 gere,
2177 5063 2289 5132 ubi_
2326 5079 2344 5111 ι
2378 5060 2634 5127 Spiritum
2670 5073 2938 5132 _sanctum
2982 5060 3292 5132 Creatorem
3328 5080 3345 5111 ι
3402 5078 3550 5123 esse,

1984 5127 2140 5203 ijatn
2173 5134 2223 5184 in
2256 5130 2570 5197 Dogmatum
2602 5127 2867 5203 volumine
2899 5148 2916 5177 ι
2962 5144 3038 5203 se
3092 5130 3226 5181 dicit
3268 5148 3285 5179 ι
3320 5132 3553 5203 breviter

1976 5196 2274 5257 ostendisse
2304 5217 2318 5264 ;
2344 5196 2369 5250 ί»
2405 5212 2550 5268 certe
2578 5214 2681 5268 non
2728 5197 2865 5263 Περὶ
2915 5196 3217 5263 αΙρέσεως.
3257 5209 3312 5251 ut
3337 5202 3553 5268 quidam

1978 5272 2188 5342 Opinati
2242 5280 2383 5325 sunt.
2437 5265 2551 5321 Vid.
2583 5266 2982 5321 Theodoretqu
3041 5269 3093 5321 in
3158 5268 3295 5321 Hist.
3354 5265 3554 5333 iib.tv,

1982 5341 2423 5481 caaﬁg’l‘holos.
2454 5422 2581 5470 ms.,
2621 5425 2639 5457 ι
2666 5406 2965 5475 spiritualis
3007 5407 3278 5476 particeps
3326 5416 3380 5459 et
3432 5424 3557 5461 san-

1978 5491 2173 5617 cm(sl.5;
2214 5548 2521 5614 Perperam,
2556 5556 2612 5598 ut
2638 5544 2896 5617 pleraque
2920 5544 3042 5609 alia,
3068 5545 3401 5599 Tholosanus
3429 5564 3553 5606 IIIS..

1988 5616 2521 5687 t|incircumscripta
2574 5616 2895 5669 inhabitauti
2944 5618 3245 5669 substantia
3316 5617 3543 5669 demun-

1978 5699 2377 5828 Slri‘iiili.ilctus
2412 5757 2596 5820 editio,
2648 5774 2665 5806 ι
2688 5764 2744 5809 et
2781 5756 3264 5810 communicatione
3300 5754 3495 5809 Patris.
3526 5772 3545 5803 ι
