4042 6404
582 321 602 372 l
615 319 716 373 039

1804 303 2037 361 DIDYMI
2076 303 2547 360 ALEXANDRINI

3655 309 3767 363 1040

581 434 703 487 tatis
725 473 740 498 ,
786 443 888 484 ana
934 427 1247 496 angelorum
1294 423 1597 480 ostenditur
1646 439 1674 476 δ
1717 421 1981 476 Trinitate
2030 435 2150 475 esse
2179 426 2220 482 Α
2255 422 2518 493 sciplinze,
2550 435 2654 476 non
2690 421 2741 476 in
2771 422 2938 477 cassis
2972 423 3278 479 nominibus
3304 425 3534 480 scientia:
3557 427 3772 483 substan-

576 521 895 576 snbstantia.
939 518 1009 574 Ut
1036 518 1179 572 enim
1211 517 1370 572 Pater
1401 511 1765 575 sanctiﬁcans,
1797 512 1933 564 alius
1968 521 2049 565 est
2075 511 2141 564 ab

578 614 661 668 his
692 611 784 682 qui
835 609 1280 672 sanctiﬁcantur;
1319 615 1374 659 et
1427 604 1595 658 Filius
1647 610 1729 656 est
1772 600 1906 655 alius
1954 600 2022 653 ab
2059 601 2144 656 his

575 720 709 772 quos
733 703 896 756 cllicit
935 710 1151 754 sanctos
1179 717 1193 751 :
1222 697 1291 750 ita
1324 706 1378 750 et
1408 695 1642 763 Spiritus
1669 701 1890 746 sanctus
1921 691 2143 745 alterius

578 806 666 850 est
696 792 1011 848 substantiae
1039 791 1108 846 ab
1146 789 1232 844 his
1261 803 1397 857 quos
1443 787 1524 841 sui
1563 784 1848 854 largitione
1897 783 2142 838 sanctiﬁ-

578 898 682 943 cat.
729 887 784 942 Si
811 901 938 940 vero
979 881 1214 940 haeretici
1249 878 1654 949 proposuerint,
1694 890 1759 930 ex
1800 883 1987 929 natura
2013 889 2144 928 con-

577 977 796 1034 ditionis
855 990 966 1030 sua:
1022 971 1241 1040 angelos
1295 976 1514 1024 sanctos
1565 972 2145 1031 essezconsequenter

573 1079 839 1141 coguntur
877 1069 1058 1122 dicere
1099 1062 1389 1135 ὁμουσίους
1414 1075 1533 1115 esse
1562 1055 1838 1119 Trinitati,
1878 1065 1932 1110 et
1955 1056 2142 1110 incon-

580 1161 901 1217 vertibiliter
931 1172 1026 1212 eos
1053 1154 1208 1222 juxta
1255 1150 1612 1208 substantiam
1661 1157 1877 1204 sanctos
1902 1161 2040 1202 esse.
2082 1145 2140 1199 Si

574 1263 752 1308 autem
781 1253 878 1306 hoc
904 1248 1248 1316 refugientes,
1298 1243 1554 1306 dixerint,
1598 1241 1757 1296 unius
1794 1241 2008 1310 quidem
2046 1252 2142 1290 na-

577 1354 708 1398 tura:
735 1357 852 1397 esse
879 1355 998 1395 cum
1028 1337 1239 1393 caeteris
1279 1334 1569 1398 creaturis,
1619 1349 1722 1388 non
1766 1341 1942 1386 tamen
1993 1344 2143 1383 eam-

575 1437 695 1492 dem
743 1436 944 1490 habere
995 1431 1356 1493 sanctitatem,
1389 1444 1551 1494 quam
1597 1426 1844 1481 homines
1887 1424 2136 1478 habent:

576 1527 881 1582 necessario
907 1525 1198 1578 deducetur
1227 1519 1362 1593 (i7),
1387 1529 1446 1574 ut
1474 1519 1652 1573 dicant
1693 1517 1861 1571 multo
1903 1514 2140 1570 melioris

574 1619 820 1674 homines
841 1631 961 1671 esse
983 1615 1314 1678 substantiae;
1339 1626 1459 1666 cum
1489 1611 1542 1665 hi
1579 1625 1674 1678 per
1702 1607 2133 1663 communionem

578 1708 860 1762 Trinitatis
883 1706 1116 1760 habeant
1137 1703 1504 1766 sanctitatem,
1522 1712 1575 1754 et
1595 1698 2015 1770 angeli,pr0pria
2044 1712 2140 1750 na-

2251 515 2378 568 tiam
2434 515 2704 585 possidet;
2761 516 2854 568 sed
2911 531 3006 584 per
3063 526 3310 571 naturam
3365 518 3773 588 sanctiﬁCantem,

2253 614 2307 659 et
2349 605 2659 674 implentem
2705 604 2859 660 bonis
2898 606 3172 670 universa,
3213 608 3384 662 bonus
3413 608 3520 677 ipse
3544 610 3773 676 subsistit,

2245 694 2396 763 juxta
2439 709 2598 763 quam
2633 706 2688 749 et
2722 695 2908 762 repleti
2954 693 3170 763 quidam
3220 695 3420 764 Spiritu
3462 710 3636 752 sancto
3677 713 3776 754 esse

2250 785 2522 851 dicuntur,
2565 796 2626 840 ut
2669 787 2720 841 in
2765 787 2988 841 Actibus
3036 787 3400 855 apostolorum
3429 790 3668 858 scriptum
3693 802 3775 856 est,

2254 895 2272 926 ε
2299 877 2364 931 Et
2395 877 2578 946 repleti
2615 889 2740 931 sunt
2767 893 2955 932 omnes
2985 879 3187 947 Spiritu
3219 890 3422 944 sancto,
3453 890 3504 935 et
3525 880 3778 948 loqueban-

2250 976 2336 1020 tur
2360 970 2580 1023 verbum
2601 969 2692 1022 Dei
2725 985 2846 1023 cum
2868 969 3059 1022 ﬁducia
3089 971 3155 1022 ”.
3187 989 3206 1022 ι
3242 971 3358 1036 Quo
3381 971 3532 1026 modo
3559 971 3686 1026 enim
3705 972 3778 1041 qui

2247 1055 2425 1125 aliqua
2461 1056 2741 1124 disciplina
2776 1057 2964 1125 plenus
2985 1067 3088 1124 est,
3117 1059 3208 1127 qui
3237 1060 3470 1130 perfecte
3495 1075 3605 1115 eam
3625 1060 3776 1123 habet,

2246 1148 2454 1200 erudite
2479 1156 2534 1200 et
2561 1147 2827 1201 subtiliter
2838 1158 3012 1218 potest
3033 1151 3098 1204 de
3120 1165 3183 1204 ea
3205 1149 3446 1218 proferre
3467 1165 3738 1206 sermonem
3763 1170 3775 1206 :

2247 1239 2326 1292 sic
2366 1237 2456 1306 qui
2497 1235 2755 1307 Spiritum
2805 1248 3047 1292 sanctum
3090 1250 3457 1295 consummate
3493 1242 3777 1310 acceperint,

2249 1330 2323 1384 ita
2345 1337 2400 1382 ut
2421 1329 2742 1398 impleantur
2765 1342 2849 1393 eo,
2875 1345 2998 1384 cum
3028 1330 3215 1384 ﬁducia
3239 1333 3456 1388 verbum
3484 1331 3570 1384 Dei
3596 1330 3780 1400 loquuno

2249 1429 2354 1485 tur,
2370 1419 2492 1488 quia
2517 1434 2751 1486 praesens
2775 1417 3009 1489 Spiritus
3037 1430 3256 1476 sanctus
3277 1423 3489 1490 dignam
3508 1423 3609 1476 Deo
3626 1435 3778 1475 vocem

2253 1512 2545 1565 ministrat.
2596 1509 2734 1564 Hinc
2772 1510 2988 1580 quidam
3033 1509 3130 1582 [αι.
3163 1509 3316 1566 Unde
3347 1524 3401 1566 et
3427 1509 3656 1582 quidam]
3680 1525 3779 1564 cum

2246 1605 2533 1674 supercilio
2589 1605 2706 1660 ait:
2747 1624 2766 1658 ί
2793 1605 2917 1660 llaec
2964 1607 3096 1660 dicit
3139 1605 3372 1675 Spiritus
3427 1614 3632 1660 sanctus
3664 1604 3774 1670 ³⁹;ι

2246 1709 2302 1754 et
2351 1699 2682 1769 Apostolus:
2737 1699 2902 1754 «Sed
2966 1699 3298 1769 implemini,
3349 1699 3555 1769 inquit,
3610 1697 3781 1767 Spiritu

577 1813 692 1855 tura
713 1798 908 1862 sancti,
935 1797 1002 1851 ab
1024 1811 1083 1849 ea
1110 1796 1218 1850 sint
1243 1794 1421 1848 alieni.
1445 1793 1550 1848 Sed
1572 1801 1692 1845 vota
1715 1801 1837 1846 sunt
1858 1790 2133 1845 hominum
2167 1798 2209 1855 Β
2237 1801 2424 1846 saneto
2449 1792 2529 1858 ³¹;
2557 1811 2574 1843 ι
2606 1801 2662 1846 et
2690 1791 2741 1845 in
2769 1791 2952 1846 multis
2998 1791 3128 1846 locis
3173 1792 3407 1846 Actuum
3440 1790 3778 1860 apostolorum,

575 1890 979 1958 perfectorum,
1037 1895 1090 1940 et
1141 1885 1207 1938 ad
1261 1883 1782 1938 consummationem
1837 1881 2137 1935 sanctitatis

574 1979 938 2040 venientium,
1009 1975 1241 2044 aequales
1293 1974 1498 2044 angelis
1571 1972 1684 2026 ﬁeri
1751 1970 1883 2042 (l8).
1949 1970 2138 2041 Angeli

575 2069 770 2137 quippe
817 2067 1142 2130 hominibus,
1187 2075 1240 2120 et
1291 2079 1395 2118 non
1449 2064 1694 2119 homines
1743 2062 1946 2132 angelis
1979 2062 2136 2115 auxi-

575 2160 704 2213 lium
741 2158 978 2211 tribuunt
1006 2198 1020 2222 ,
1065 2155 1431 2208 ministrantes
1457 2155 1536 2208 eis
1564 2153 1818 2215 salutem,
1842 2162 1896 2206 et
1931 2167 2139 2206 annuu-

576 2249 774 2300 tiantes
822 2246 900 2298 eis
951 2244 1180 2310 largiora
1227 2243 1318 2297 Dei
1366 2241 1628 2297 beneﬁcia
1658 2241 1792 2311 (l9).
1822 2243 1897 2296 Ex
1935 2257 2043 2311 quo
2073 2244 2140 2296 li-

579 2337 742 2405 quido
772 2333 1078 2389 ostenditur
1125 2332 1552 2386 honorabiliores
1591 2342 1646 2387 et
1689 2332 1853 2388 multo
1891 2334 2142 2389 meliores

578 2443 700 2482 esse
729 2425 946 2495 angelos
975 2424 1301 2489 hominibus,
1350 2436 1445 2491 per
1488 2425 1905 2493 germaniorem,
1960 2432 2018 2478 ut
2065 2424 2138 2478 ita

575 2521 772 2581 dicam,
798 2527 852 2571 et
881 2516 1172 2586 pleniorem
1191 2514 1471 2568 Trinitatis
1499 2515 1940 2584 assumptionem.

615 2659 618 2662 .
645 2609 698 2663 8.
740 2607 1076 2676 Quapropter
1099 2620 1221 2660 cum
1251 2605 1496 2658 alius'sit
1528 2604 1762 2674 Spiritus
1806 2616 2025 2660 sanctus
2057 2607 2126 2661 ab

577 2701 660 2756 his
686 2716 804 2769 quae
830 2700 941 2768 ipse
968 2697 1290 2760 sanctiﬁcat,
1320 2711 1422 2750 non
1450 2705 1534 2749 est
1567 2696 1726 2749 unius
1759 2705 1984 2759 naturae,
2015 2711 2138 2750 cum

575 2793 786 2848 cmteris
815 2791 1078 2846 creaturis
1113 2804 1230 2860 qua:
1267 2805 1387 2843 eum
1417 2789 1703 2858 recipiunt.
1752 2789 1807 2843 Si
1849 2798 2025 2843 autem
2065 2789 2142 2842 al-

578 2886 747 2940 terius
775 2892 857 2938 est
888 2891 1092 2936 natura:
1116 2896 1146 2934 a
1167 2879 1456 2944 creaturis,
1488 2890 1542 2934 et
1575 2880 1627 2933 in
1654 2881 1864 2949 propria
1902 2881 2147 2934 subsistit

579 2977 835 3040 essentia,
895 2975 1168 3028 increatus
1199 2983 1252 3026 et
1286 2971 1564 3026 inelfectus
1607 2972 1931 3027 ostenditur.
1969 2971 2145 3028 Multae

581 3069 873 3136 Scriptura:
912 3077 1058 3129 sunt,
1106 3081 1224 3135 qua:
1279 3064 1399 3120 sine
1439 3065 1790 3134 ambiguitate
1823 3066 2146 3120 convincant

2247 1881 2387 1948 pleni
2449 1881 2614 1936 fuisse
2661 1881 2866 1948 Spiritu
2916 1891 3106 1936 sancto
3159 1881 3406 1951 discipuli
3443 1881 3781 1935 Dominiscri-

2246 1969 2446 2024 buntur
2473 1988 2488 2025 :
2526 1989 2545 2023 ‹
2576 1971 2925 2025 Considerate
2949 1986 3103 2040 ergo,
3140 1969 3357 2036 fratres,
3382 1972 3530 2027 viros
3569 1986 3628 2024 ex
3660 1969 3784 2024 vobis

2251 2063 2608 2118 tesﬁmonium
2672 2063 2934 2118 habentes
2974 2071 3200 2133 septem,
3236 2064 3423 2133 plenos
3451 2064 3643 2133 Spiritu
3670 2077 3777 2117 sanr

2247 2162 2336 2208 ctu
2362 2163 2415 2208 et
2451 2153 2710 2220 sapientia
2745 2155 2823 2220 ³²;
2847 2173 2865 2206 ι
2910 2163 2965 2208 et
3010 2156 3077 2208 de
3118 2153 3390 2223 Stephano
3421 2173 3435 2209 :
3476 2173 3496 2206 ι
3551 2154 3673 2209 Cum
3709 2168 3784 2207 au-

2249 2253 2357 2298 tem
2414 2243 2604 2312 plenus
2657 2253 2803 2298 esset
2845 2244 3046 2312 Spiritu
3099 2256 3306 2309 sancto,
3346 2249 3560 2300 intuens
3610 2247 3658 2299 in
3694 2260 3783 2299 caa-

2250 2335 2380 2400 lum,
2411 2336 2544 2390 vidit
2577 2335 2804 2405 gloriam
2845 2336 2956 2400 Dei,
2987 2344 3039 2391 et
3067 2336 3252 2392 Jesum
3279 2347 3515 2393 stantem
3547 2354 3574 2392 a
3609 2337 3783 2392 dextris

2255 2426 2342 2479 Dei
2367 2426 2462 2489 ³⁸;›
2485 2438 2539 2480 et
2562 2427 2627 2480 de
2650 2426 2930 2480 electionis
2952 2442 3079 2482 vase
3102 2427 3296 2482 dicitur
3319 2440 3336 2481 :
3363 2427 3587 2481 «Saulus
3609 2436 3780 2489 autem,

2250 2514 2420 2581 quiet
2463 2515 2680 2579 Paulus,
2734 2516 2924 2582 plenus
2977 2515 3180 2586 Spiritu
3231 2527 3444 2584 sancto,
3502 2519 3700 2572 intuens
3742 2517 3781 2570 in

2250 2619 2370 2656 eum
2399 2604 2472 2657 ait
2497 2604 2571 2669 “.;
2598 2624 2616 2656 ι
2655 2614 2710 2658 et
2751 2606 2803 2658 in
2837 2620 3123 2660 commune
3149 2606 3214 2661 de
3243 2607 3509 2662 universis
3549 2605 3779 2662 credenti-

2251 2694 2350 2747 bus
2379 2705 2670 2747 annotatur
2698 2713 2712 2749 :
2749 2713 2767 2745 ι
2798 2695 3050 2763 Discipuli
3079 2710 3292 2766 quoque
3321 2697 3656 2764 replebantur
3675 2711 3781 2764 gau-

2250 2783 2337 2836 dio
2383 2797 2436 2838 et
2489 2785 2689 2854 Spiritu
2725 2794 2911 2840 sancto
2936 2786 3000 2840 ³⁸.
3044 2805 3063 2838 ι
3095 2787 3279 2856 Angeli
3301 2799 3484 2843 autem
3513 2794 3780 2858 praesentia,

2250 2874 2365 2928 sive
2407 2874 2636 2944 alicujus
2677 2876 2899 2931 alterius
2927 2877 3237 2933 excellentis
3269 2889 3501 2942 natura},
3530 2895 3640 2948 quae
3669 2878 3781 2931 facta

2250 2973 2353 3028 est,
2389 2982 2489 3019 non
2516 2967 2698 3036 implet
2730 2980 2966 3023 mentem
3007 2978 3167 3039 atque
3197 2985 3449 3038 sensum;
3483 2973 3600 3040 quia
3625 2982 3672 3025 et
3697 2971 3786 3040 ipsa

2250 3058 2462 3113 aliunde
2513 3060 2826 3128 completur.
2858 3062 2973 3127 Quo
3002 3064 3158 3115 modo
3218 3062 3359 3116 enim
3395 3078 3462 3116 ex
3501 3063 3788 3133 plenitudine

583 3154 802 3212 alterius
852 3167 973 3206 eum
1025 3168 1053 3206 a
1098 3153 1306 3206 cunctis
1350 3152 1744 3207 conditionibus
1772 3168 1892 3207 esse
1918 3163 2142 3208 naturae.
2172 3155 2213 3212 C
2250 3149 2370 3216 quis
2421 3151 2690 3217 accipiens
2737 3150 3054 3214 Salvatoris,
3104 3150 3292 3219 plenus
3345 3150 3573 3205 edicitur
3609 3150 3788 3219 sapien-

582 3244 808 3310 Quidam
842 3244 1002 3297 etiam
1054 3243 1257 3312 Spiritu
1319 3253 1504 3297 sancto
1541 3243 1679 3312 pleni
1714 3259 1836 3298 esse
1861 3245 2143 3310 dicuntur;

583 3351 740 3389 nemo
787 3344 964 3388 antem
1007 3335 1119 3388 sive
1153 3333 1203 3386 in
1247 3334 1561 3401 Scripturis,
1607 3335 1720 3390 sive
1763 3336 1814 3390 in
1860 3345 2148 3390 consuetu-

582 3425 751 3488 dine,
809 3424 996 3493 plenus
1046 3433 1301 3490 creatura
1353 3425 1566 3478 dicitur.
1625 3425 1810 3495 Neque
1865 3427 2004 3481 enim
2056 3435 2148 3480 aut

584 3514 866 3582 Scriptura
911 3513 1011 3566 sibi
1055 3513 1155 3567 hoc
1196 3513 1450 3592 vin‘dicat,
1481 3524 1572 3566 aut
1603 3531 1782 3569 sermo
1826 3516 2144 3581 communis,

586 3617 646 3661 ut
683 3606 828 3659 dicas
856 3604 1067 3674 plenum
1098 3618 1216 3658 esse
1239 3607 1543 3673 quempiam
1571 3607 1779 3674 angelo,
1814 3609 2026 3673 throno,
2055 3609 2150 3662 do-

583 3698 912 3762 minatione;
943 3695 1038 3749 soli
1065 3697 1260 3765 quippe
1299 3696 1491 3749 divina:
1538 3707 1742 3751 naturae
1782 3696 1872 3751 hic
1902 3699 2152 3752 convenit

585 3800 786 3842 sermo.
829 3785 1060 3838 Dicimus
1083 3796 1265 3838 autem
1303 3784 1515 3836 virtutis
1555 3793 1608 3837 et
1647 3784 1942 3851 diSciplina:
1985 3800 2149 3853 quos-

587 3881 708 3933 dam
760 3893 879 3930 esse
927 3875 1238 3945 plenoszut
1275 3873 1402 3928 illud
1483 3893 1500 3926 ι
1528 3873 1779 3941 Repletus
1816 3884 1899 3927 est
1948 3873 2149 3944 Spiritu

585 3981 770 4025 sancto
801 3967 877 4034 νος
900 3987 920 4020 ι
953 3983 1055 4020 non
1088 3967 1229 4020 aliud
1262 3964 1624 4034 signiﬁcantes
1644 3980 1800 4033 quam
1828 3965 2013 4034 plenos
2033 3980 2153 4020 esse

585 4073 968 4119 consummata:
995 4071 1152 4128 atque
1185 4058 1436 4127 perfecta:
1464 4057 1698 4111 virtutis.
1759 4056 2028 4125 Scriptum
2065 4064 2148 4108 est

587 4155 653 4208 de
689 4152 933 4208 Joanne:
969 4167 988 4200 ‹
1017 4149 1083 4201 Et
1139 4146 1340 4215 Spiritu
1392 4152 1583 4200 sancto
1626 4143 1938 4212 implebitur
1971 4142 2146 4196 adhuc

583 4259 650 4297 ex
689 4253 840 4296 utero
883 4241 1068 4293 matris
1102 4253 1210 4292 sua:
1239 4237 1284 4266 ³⁵
1305 4275 1320 4299 ,
1347 4254 1364 4288 ι
1405 4246 1461 4289 et
1496 4235 1686 4287 iterum
1714 4251 1728 4288 :
1766 4251 1784 4284 ι
1808 4231 2026 4301 Repleta
2073 4239 2156 4285 est

587 4329 786 4396 Spiritu
817 4335 1004 4380 sancto
1035 4322 1306 4376 Elisabeth
1335 4321 1455 4390 ³⁸;;›
1492 4328 1546 4373 et
1583 4328 1702 4388 post
1733 4318 1834 4371 alia
1862 4334 1875 4370 :
1907 4317 1996 4370 «Et
2025 4315 2149 4385 Spi-

589 4419 692 4472 ritu
742 4425 929 4471 sancto
971 4413 1201 4484 repletus
1249 4423 1330 4467 est
1385 4409 1674 4464 Zacharias
1697 4419 1848 4479 pater
1891 4410 2086 4478 ejus".
2130 4427 2148 4460 ι

2253 3240 2349 3303 tia,
2379 3252 2429 3294 et
2461 3241 2654 3294 virtute
2695 3240 2826 3311 (20),
2857 3251 2904 3294 et
2926 3241 3155 3309 justitia,
3191 3252 3247 3297 et
3288 3257 3539 3298 sermone
3573 3242 3692 3297 Dei:
3725 3240 3786 3292 sic

2253 3332 2341 3400 qui
2373 3331 2573 3402 Spiritu
2605 3345 2790 3386 sancto
2820 3334 3011 3402 plenus
3055 3343 3158 3400 est,
3210 3335 3392 3387 statim
3429 3333 3684 3389 universis
3709 3331 3789 3384 do-

2254 3423 2560 3478 nationibus
2584 3423 2677 3478 Dei
2705 3425 2964 3494 repletur,
2995 3425 3278 3495 sapientia,
3305 3425 3556 3490 scientia,
3583 3425 3790 3485 ﬁdena-

2253 3515 2486 3585 terisque
2512 3517 2814 3574 virtutibus.
2841 3517 2940 3584 Qui
2971 3519 3132 3589 igitur
3155 3519 3339 3589 implet
3372 3523 3646 3574 universas
3664 3530 3790 3570 crea-

2255 3615 2420 3673 turas,
2454 3621 2572 3675 qua:
2610 3619 2785 3662 tamen
2822 3619 3044 3679 possunt
3077 3610 3189 3680 (‘21)
3224 3611 3506 3676 virtutem,
3533 3619 3586 3664 et
3613 3607 3790 3676 sapien-

2254 3696 2385 3749 tiam
2419 3712 2612 3766 capere
2650 3739 2665 3763 ,
2705 3715 2806 3753 non
2840 3712 2922 3754 est
2955 3717 3018 3754 ex
3053 3702 3135 3754 his
3166 3716 3285 3770 qum
3315 3703 3434 3770 ipse
3463 3700 3696 3770 complet.
3727 3695 3785 3750 Et

2254 3800 2362 3854 quo
2410 3788 2684 3855 colligitur
2730 3789 2954 3844 alterius
2986 3801 3106 3843 eum
3141 3805 3260 3844 esse
3293 3792 3624 3854 substantiae,
3658 3799 3787 3856 quam

2256 3888 2384 3931 sunt
2411 3894 2600 3934 onmes
2618 3891 2898 3935 creaturae.
2928 3882 3171 3936 Diximus
3199 3892 3256 3936 et
3288 3883 3444 3947 alibi,
3477 3885 3598 3952 quia
3635 3891 3788 3948 supcr-

2255 3968 2585 4040 intelligatur
2618 3971 2670 4025 in
2704 3971 2872 4026 sancti
2909 3973 3142 4042 Spiritus
3185 3976 3488 4030 substantia
3516 3976 3666 4030 etiam
3699 3971 3788 4040 ple

2255 4061 2439 4114 nitudo
2467 4079 2746 4116 munerum
2783 4065 3107 4121 divinorum.

2325 4151 2380 4206 9.
2422 4153 2663 4218 Denique
2711 4155 3040 4225 impossibile
3086 4168 3170 4212 est
3213 4168 3445 4228 gratiam
3501 4161 3591 4214 Dei
3639 4153 3786 4214 sortiri

2255 4245 2584 4313 quempiam,
2629 4245 2676 4321 si
2725 4261 2830 4300 non
2884 4246 3079 4302 habeat
3135 4249 3395 4318 Spiritum
3451 4259 3717 4306 sanctum:
3747 4247 3786 4298 in

2259 4349 2368 4403 quo
2393 4337 2753 4404 approbantus
2783 4337 2894 4408 (22)
2933 4350 3125 4394 cuncta
3178 4341 3275 4394 Dei
3322 4343 3463 4397 dona
3511 4346 3786 4397 consistere.

2257 4425 2407 4490 Quod
2444 4441 2571 4481 vero
2603 4428 2646 4480 is
2675 4430 2764 4497 qui
2811 4429 3009 4483 habeat
3058 4447 3203 4497 eum,
3260 4448 3565 4489 sermonem
3603 4443 3781 4502 quoque

593 4509 743 4564 llaud
785 4507 1025 4571 dubium,
1082 4505 1209 4574 quin
1256 4515 1310 4558 et
1345 4501 1579 4557 Joannes
1619 4500 1976 4570 prophetarit.
2020 4498 2145 4552 Nec-

2263 4517 2560 4586 sapientize,
2580 4529 2634 4571 et
2657 4519 2859 4590 reliqua
2887 4520 3022 4575 bona
3053 4523 3286 4591 perfecte
3310 4535 3633 4581 consecutus
3650 4525 3790 4577 sitzet

597 4617 698 4655 non
738 4602 789 4654 in
824 4599 1045 4654 Actibus
1081 4596 1440 4664 apostolorum
1471 4594 1540 4647 ’de
1583 4592 1766 4646 multis
1815 4592 2157 4645 credentibus

593 4691 682 4760 qui
717 4690 769 4742 in
802 4703 962 4740 unum
997 4689 1392 4749 convenerant,
1431 4681 1701 4735 refertur:
1744 4698 1762 4730 ι
1791 4679 1995 4748 Repleti
2033 4689 2157 4734 sunt

592 4783 795 4854 Spiritu
846 4791 1032 4837 sancto
1074 4779 1139 4833 ’⁸.
1171 4797 1189 4830 ι
1247 4779 1380 4833 Cum
1429 4786 1607 4830 autem
1647 4772 2033 4842 participabilis
2085 4773 2156 4828 sit

589 4877 822 4947 Spiritus
849 4883 1090 4937 sanctus,
1121 4871 1189 4925 ad
1232 4867 1636 4924 similitudinem
1667 4865 1943 4934 sapientiae
1975 4879 2038 4921 ac
2068 4865 2152 4920 di-

657 5058 704 5090 "
739 5055 906 5111 Exod.
939 5069 1090 5120 xxxn,
1120 5052 1174 5106 5.
1250 5052 1296 5084 ”
1326 5049 1457 5104 Luc.
1482 5065 1520 5112 ι,
1551 5049 1657 5120 ιε)Ἀ
1704 5048 1758 5120 *⁸⁸
1789 5047 1896 5102 ibid
1936 5047 2026 5120 4i.

588 5130 632 5161 ³¹
663 5129 857 5196 Ephes.
894 5141 943 5190 v,
982 5119 1081 5178 18.
1144 5122 1189 5154 ³¹
1224 5123 1342 5174 Act.
1379 5135 1454 5188 Vl,
1488 5119 1543 5173 5.

659 5248 774 5319 (17)
816 5245 1026 5310 Scribe,
1058 5245 1230 5314 inquit
1268 5241 1541 5306 Barthius,
1589 5239 1934 5295 «necessario
1970 5257 2036 5296 eo
2059 5243 2152 5298 de-

588 5319 872 5380 ducentur,
902 5334 921 5367 ι
953 5327 1054 5370 etc.

665 5389 777 5457 (18)
816 5378 1014 5441 Contra
1050 5380 1544 5457 Orlgenes__angeli_s
1567 5390 1621 5434 et
1644 5378 1953 5457 hominibus
1985 5397 2146 5457 unam

593 5451 948 5524 eamdemque
983 5451 1224 5507 naturam
1256 5453 1457 5524 tribuit,
1507 5453 1570 5524 iis
1595 5453 1800 5524 saltem
1829 5451 1918 5524 qui
1949 5454 2150 5524 sancti-

597 5529 724 5580 tatis
753 5520 960 5595 apicem
991 5533 1193 5595 essenb
1222 5523 1478 5595 assecuti.
1511 5521 1792 5595 Didymus,
1825 5520 1916 5595 qui
1955 5522 2148 5595 Orige-

599 5599 755 5650 niana
785 5590 1030 5664 dogmata
1057 5592 1254 5662 passim
1286 5594 1483 5664 dicitur
1516 5591 1800 5664 recepisse,
1833 5590 1954 5664 vide
1985 5591 2054 5646 ab
2085 5607 2146 5644 ea

597 5659 1162 5733 doctrina'qttatttum
1216 5663 1526 5733 abhorreat.
1579 5659 1776 5733 Cottler
1823 5663 1984 5733 etiam
2029 5677 2148 5730 qua:

600 5746 729 5791 tom.
753 5735 772 5789 Ι
799 5729 956 5807 [Opp.
991 5730 1322 5802 llieron.|ad
1337 5733 1656 5801 Synodicam
1683 5729 1982 5800 'l'heOphili,
2012 5729 2064 5785 et
2096 5734 2146 5785 in

1975 5052 2026 5130 lu.
2106 5052 2152 5130 '_'_
2189 5053 2319 5130 ibid.
2379 5053 2468 5108 67.
2507 5055 2587 5130 f‘
2622 5054 2976 5130 Acidim}.

1617 5117 1662 5149 ³³
1687 5117 1807 5172 Act.
1835 5133 1929 5183 vn,
1953 5119 2041 5173 55.
2118 5121 2163 5153 ³⁸
2195 5127 2315 5178 Act.
2351 5140 2467 5188 xm,
2500 5125 2554 5180 9.

2267 4623 2406 4661 nunc
2455 4609 2741 4665 manifeste
2788 4627 2968 4666 sermo
3012 4619 3368 4679 demonstrat,
3410 4627 3466 4669 et
3503 4615 3650 4686 paulo
3692 4621 3789 4665 ante

2261 4691 2514 4757 diximus,
2538 4695 2885 4750 substantiam
2908 4705 3162 4752 bonorum
3185 4701 3274 4755 Dei
3298 4703 3559 4771 Spiritum
3580 4710 3785 4756 sanctum

2258 4795 2411 4849 esse;
2444 4799 2563 4837 cum
2605 4789 2881 4854 posuimus
2915 4791 3242 4861 exemplum,
3289 4812 3307 4843 ι
3333 4793 3492 4848 Dabit
3522 4794 3671 4848 Pater
3687 4789 3780 4857 Spi-

2259 4872 2421 4926 ritqu
2465 4886 2708 4930 sanctum
2731 4879 3041 4947 petentibus
3073 4895 3131 4936 se
3158 4879 3204 4912 “
3223 4898 3236 4911 ο
3263 4899 3284 4935 ι
3315 4891 3409 4936 et:
3440 4900 3460 4934 ι
3486 4883 3634 4937 Dabit
3663 4877 3790 4932 Pater

3147 5060 3278 5118 Ibid.
3353 5061 3400 5093 ’°
3436 5061 3555 5117 Act.
3587 5075 3689 5127 nt,
3722 5054 3782 5111 ll.

2631 5125 2678 5158 ³⁸
2707 5127 2836 5181 ibid.
2865 5127 2955 5186 52.
3031 5127 3076 5159 ³⁸
3127 5128 3259 5185 Luc.
3286 5147 3362 5198 ιι,
3396 5133 3484 5188 13.

2256 5245 2406 5314 Epist
2439 5246 2506 5300 ad
2538 5247 2754 5300 Avitum
2785 5246 3184 5301 annotavimus.

2329 5320 2439 5387 (l9)
2479 5314 2651 5370 Vatic.
2687 5333 2789 5371 ms.
2818 5333 2937 5387 cum
2963 5319 3180 5385 antiqua
3213 5318 3366 5382 edit.,
3395 5337 3414 5370 ς
3441 5313 3786 5371 annuntiantes

2253 5385 2344 5441 eis
2363 5387 2668 5453 largitorem
2700 5388 2836 5454 ejus.
2863 5385 2938 5438 Ex
2963 5402 3089 5454 quo,
3128 5405 3147 5438 ι
3189 5401 3296 5442 etc.

2326 5457 2434 5525 (‘20)
2462 5460 2572 5509 Duo
2600 5472 2726 5510 mss.
2766 5473 2886 5509 eum
2914 5457 3082 5508 veteri
3112 5458 3366 5523 editione,
3403 5476 3422 5509 ‹
3449 5467 3504 5512 et
3528 5457 3780 5511 veritate!

2328 5527 2438 5590 ('2!)
2485 5527 2646 5580 Vetus
2699 5529 2887 5580 eadem
2929 5525 3116 5592 editio,
3177 5545 3196 5577 ι
3223 5539 3522 5592 creaturas,
3564 5531 3785 5594 quantum

2253 5605 2502 5668 possunt,
2532 5615 2555 5668 γ»
2587 5607 2692 5651 etc.

2326 5667 2439 5732 (22)
2480 5656 2562 5718 ΑΙ·
2614 5684 2630 5714 ι
2658 5666 3081 5744 approbantur,»
3137 5674 3194 5719 et
3248 5682 3368 5722 nios
3412 5666 3626 5722 Tbolos.
3669 5656 3788 5716 cod.»

2259 5755 2277 5788 ι
2290 5751 2636 5806 consurgere,
2650 5755 2668 5788 Ι
2704 5751 2798 5806 ιηηο
2827 5755 2845 5787 ι
2867 5745 3191 5793 αοιιειειθτθ.
3205 5755 3224 5788 ι
