4042 6404
270 371 401 424 1011

1403 368 1605 423 LIBER
1654 366 1742 420 DE
1783 361 2048 419 SPIBITU
2092 360 2380 416 SANCTO.

3382 355 3520 412 1οιιὲ

268 492 410 544 bona
459 498 765 559 petentibus
798 481 855 544 se
881 492 948 543 ⁸⁷.
981 508 1000 544 ι
1057 489 1168 545 Nec
1197 491 1514 546 existimare
1548 492 1826 555 debemus,
1858 498 1905 550 Α
1933 485 2198 555 spondere
2217 483 2263 515 “
2289 524 2304 537 .
2335 504 2352 535 ι
2387 481 2586 552 Spiritu
2613 494 2740 534 vero
2766 487 2955 533 sancto
2979 479 3243 533 tribuente
3268 480 3518 549 apostolis

275 584 539 651 Spiritum
590 592 834 635 sanctum
869 583 1158 637 secundum
1190 583 1519 638 substantias
1564 582 1661 654 [αι.
1712 584 1842 637 sub-

267 672 552 743 stantiam]
596 688 715 727 esse
754 674 1003 734 divisum,
1056 674 1179 741 quia
1230 672 1518 727 multitudo
1578 672 1843 725 bonorum

268 763 483 816 dicatur
526 780 541 816 :
579 764 925 833 impassibilis
985 765 1173 828 enim,
1233 773 1288 818 et
1349 763 1692 817 indivisibilis
1763 774 1845 816 at-

269 869 375 921 que
432 854 780 908 immutabilis
838 865 967 920 est;
1035 857 1128 910 sed
1170 855 1320 921 juxta
1375 853 1681 908 dill‘ereutes
1733 852 1847 908 elli-

270 946 499 999 cientias
537 987 552 1011 ,
609 956 663 1001 et
715 947 1060 1010 intellectus,
1125 947 1304 999 multis
1364 947 1622 1000 bonorum
1684 959 1846 999 voca-

270 1038 412 1090 bulis
500 1048 887 1106 nuncupatur;
963 1038 1087 1105 quia
1174 1038 1466 1105 participes
1533 1051 1662 1091 suos
1738 1051 1843 1091 non

262 1130 418 1196 juxta
453 1145 612 1182 unam
661 1130 1015 1198 eamdemque
1053 1131 1305 1183 virtutem
1339 1131 1718 1183 communione
1759 1129 1839 1182 sui

266 1224 468 1285 donet,
520 1222 719 1290 quippe
775 1238 894 1275 cum
946 1222 1012 1275 ad
1078 1222 1361 1275 utilitatem
1428 1223 1845 1289 uniuscujusque

266 1322 426 1379 aptus
467 1313 557 1376 sit,
608 1324 662 1366 et
710 1312 911 1381 repleat
957 1313 1112 1367 bonis
1141 1326 1257 1377 eos,
1303 1311 1499 1382 quibus
1538 1312 1742 1379 judicat
1786 1327 1865 1366 se

271 1403 469 1455 adesse
530 1404 745 1456 debere.
807 1402 1050 1471 Denique
1110 1402 1417 1470 Stephanus
1489 1403 1698 1472 primus
1756 1402 1844 1458 ille

266 1494 424 1548 testis
479 1495 737 1560 veritatis,
770 1502 825 1547 et
858 1494 1047 1563 dignus
1093 1509 1191 1547 suo
1238 1495 1451 1548 nomine
1488 1494 1624 1565 (2'5),
1656 1495 1844 1562 plenus

266 1584 564 1652 sapientia,
605 1597 658 1639 et
704 1585 907 1655 Spiritu
968 1597 1157 1641 sancto
1197 1570 1387 1642 dictus.
1419 1598 1543 1643 est:
1579 1588 1841 1658 sapientia

270 1687 664 1745 consequenter
706 1693 866 1748 super
902 1678 1195 1742 intellecta,
1261 1690 1631 1735 commorante
1678 1679 1730 1734 in
1778 1695 1842 1734 eo

272 1770 482 1837 Spiritu
517 1780 725 1834 sancto,
775 1772 915 1825 sicut
946 1771 1185 1839 loquitur
1210 1769 1490 1841 Scriptura
1518 1787 1533 1825 :
1572 1789 1592 1822 ι
1623 1771 1688 1824 Ει
1730 1770 1841 1824 ele-

1947 579 2111 633 verba
2143 577 2404 632 adversus
2432 592 2524 631 eos
2548 577 2639 645 qui
2673 573 2967 642 Evangelio
2993 575 3353 637 contraibant,
3390 577 3521 628 dilu—

1946 669 2064 723 cide
2106 669 2402 723 oSteuditur
2432 668 2483 720 in
2552 666 2849 719 substantia
2879 665 3405 735 ejus-superintelligi
3437 682 3523 719 sa-

1945 760 2159 829 pientis:
2226 768 2283 813 et
2350 759 2590 812 scientia:
2642 771 2966 810 sermonem.
3017 755 3292 820 Quomodo
3341 769 3520 811 autem

1948 850 2199 905 Salvator
2242 850 2294 903 in
2360 849 2444 903 illa
2486 850 2618 903 hora
2665 864 2725 901 os
2777 858 2832 901 et
2882 848 3195 915 sapientiam
3246 848 3522 916 discipulis

1944 942 2223 1013 largiatur,
2272 942 2467 1009 quibus
2517 940 2887 995 contradicere
2944 957 3047 993 non
3098 949 3316 1008 queant,
3360 955 3427 993 ne
3464 940 3520 993 hi

1943 1034 2161 1104 quidem
2213 1034 2303 1102 qui
2346 1034 2483 1103 apud
2518 1032 2763 1087 homines
2795 1032 3219 1102 eloquentissimi
3246 1042 3517 1099 putantur,

1944 1140 2050 1177 non
2078 1134 2159 1178 est
2192 1123 2350 1191 hujus
2379 1124 2640 1191 temporis
2666 1124 2934 1178 disserere
2954 1163 2968 1187 ,
3001 1124 3128 1192 quia
3162 1140 3303 1178 nunc
3325 1139 3520 1192 propo-

1942 1217 2147 1269 suimus
2182 1217 2465 1269 ostendere
2517 1214 2904 1281 superintelligi
2948 1229 3162 1282 semper
3209 1216 3258 1267 iu
3316 1216 3519 1284 Spiritu

1942 1315 2132 1360 sancto
2166 1306 2303 1360 dona
2334 1308 2628 1372 virtutum;
2664 1306 2735 1359 ita
2767 1314 2822 1358 nt
2855 1306 2897 1359 is
2932 1309 3019 1374 qui
3048 1320 3168 1359 eum
3202 1307 3382 1369 habet,
3424 1309 3520 1361 do-

1947 1395 2255 1450 nationibus
2304 1395 2396 1449 Dei
2454 1396 2641 1464 plenus
2685 1396 2967 1450 habeatur.
3006 1394 3156 1449 Unde
3184 1397 3319 1449 etin
3360 1395 3517 1461 Isaia,

1947 1485 2061 1554 ipse
2114 1486 2256 1540 Deus
2294 1487 2503 1540 cuidam
2537 1487 2709 1541 dicit:
2750 1487 2988 1541 «Ponam
3037 1486 3293 1555 Spiritum
3340 1504 3518 1542 meum

1941 1598 2102 1652 super
2139 1598 2320 1638 semen
2369 1592 2541 1649 tuum,
2596 1593 2651 1639 et
2704 1585 3105 1640 henedictiones
3148 1597 3296 1636 meas
3357 1596 3521 1649 super

1944 1674 2079 1730 filios
2107 1684 2227 1730 tuos
2249 1676 2316 1732 "5.
2346 1695 2364 1728 ι
2396 1674 2678 1745 Nunquam
2706 1679 2847 1730 enim
2883 1677 3075 1745 accipit
3105 1676 3384 1745 quisquam
3411 1674 3520 1742 spi-

1943 1768 2164 1822 rituales
2215 1767 2617 1822 henedictioues
2666 1768 2783 1833 Dei,
2840 1769 2937 1822 nisi
2982 1766 3315 1837 praecesserit
3350 1763 3520 1857 Spiri-

266 1870 465 1929 gerunt
512 1861 842 1931 Stephanum
883 1864 1096 1932 plenum
1142 1863 1243 1918 [ide
1288 1873 1342 1919 et
1406 1862 1607 1931 Spiritu
1652 1873 1838 1916 sancto
1874 1853 1915 1907 Β
1944 1870 2027 1912 tus
2059 1868 2299 1915 sanctus.
2328 1860 2426 1925 Qui
2454 1859 2592 1912 enim
2623 1859 2890 1927 acceperit
2938 1858 3195 1925 Spiritum
3250 1853 3517 1917 sanctum,

263 1953 498 2021 aposwli
525 1954 603 2020 '3;
634 1973 653 2005 ι
674 1964 756 2008 et:
790 1954 1126 2023 «Stephanus
1154 1965 1353 2021 autem,
1388 1955 1576 2025 plenus
1601 1955 1771 2024 gratia
1789 1963 1843 2009 et

262 2048 487 2109 virtute,
521 2044 752 2099 faciebat
781 2048 1021 2117 prodigia
1074 2048 1187 2117 (‘24)
1239 2057 1295 2101 et
1344 2048 1494 2116 signa
1545 2062 1739 2116 magna
1790 2048 1841 2100 in

263 2137 467 2205 populo
496 2137 561 2192 ³⁹.
594 2156 612 2189 ι
650 2139 716 2191 Et
754 2140 928 2193 adhuc
948 2141 1011 2193 de
1043 2142 1229 2194 eodem
1271 2160 1283 2195 :
1316 2160 1334 2191 ι
1366 2141 1430 2195 Et
1462 2156 1565 2194 non
1592 2141 1842 2194 valebant

267 2229 531 2283 resistere
580 2230 874 2297 sapientiae,
906 2240 959 2284 et
992 2230 1246 2300 Spiritui,
1277 2232 1367 2301 qui
1418 2231 1739 2301 loquebatur
1786 2232 1837 2283 in

269 2320 363 2374 illo
392 2319 458 2373 ⁸⁸.
493 2338 511 2372 ι
558 2320 751 2375 Plenus
782 2321 924 2375 enim
960 2321 1161 2390 Spiritu
1204 2332 1391 2378 sancto
1421 2325 1504 2376 vir
1534 2323 1742 2386 beatus,
1786 2330 1842 2376 et

262 2409 393 2463 lidei
434 2408 654 2463 enectus
694 2417 777 2463 est
829 2411 1119 2481 particeps,
1152 2427 1272 2480 quae
1315 2426 1381 2466 ex
1418 2411 1621 2480 Spiritu
1654 2422 1839 2465 sancto

260 2496 437 2559 venit,
462 2496 612 2563 juxta
646 2497 799 2563 illud,
835 2515 853 2549 ι
878 2498 978 2552 Alii
1009 2508 1186 2554 autem
1214 2501 1370 2567 ﬁdes,
1404 2501 1456 2553 in
1486 2502 1674 2556 eodem
1716 2501 1841 2572 Spi-

260 2588 371 2640 ritu
400 2586 466 2639 δι.
498 2606 517 2639 ι
560 2587 620 2641 Et
652 2590 881 2657 gratiam
917 2599 1080 2660 atque
1112 2592 1363 2647 virtutem
1403 2593 1556 2663 juxta
1590 2597 1836 2650 eumdem

259 2678 523 2744 Spiritum
580 2678 805 2744 habens,
836 2680 986 2751 signa
1025 2694 1078 2736 et
1100 2684 1337 2753 prodigia
1380 2701 1569 2754 magna
1610 2685 1839 2740 faciebat

258 2772 313 2824 in
366 2770 581 2840 pOpulo.
624 2770 837 2827 Necnon
885 2784 939 2829 et
987 2774 1091 2829 illis
1130 2777 1511 2832 donationibus
1541 2779 1833 2833 secundum

256 2865 511 2919 eumdem
558 2865 817 2934 Spiritum
845 2866 1113 2935 allluebat,
1145 2884 1263 2937 quae
1299 2882 1560 2926 vocantur
1594 2874 1832 2927 curatio-

259 2970 394 3008 num
439 2957 626 3023 gratia:
652 2967 813 3026 atque
844 2961 1088 3015 virtutes.
1127 2961 1191 3014 Et
1224 2963 1334 3015 hch
1362 2964 1504 3017 enim
1537 2964 1588 3016 in
1623 2979 1837 3019 enume-

258 3046 481 3101 ratione
534 3049 794 3101 donorum
845 3048 959 3114 Dei,
1008 3053 1100 3120 qui
1151 3052 1375 3121 Spiritu,
1430 3064 1482 3108 et
1534 3056 1828 3110 secundum

260 3136 559 3206 Spiritum,
597 3140 647 3193 in
690 3141 864 3209 prima
893 3144 1120 3210 apostoli
1156 3143 1304 3199 Pauli
1348 3147 1583 3216 Epistola
1618 3150 1682 3202 ad
1723 3147 1828 3203 Co-

260 3232 499 3286 rinthios
548 3232 879 3288 collocantur
909 3235 974 3287 ⁸³.
1003 3235 1269 3291 lutantum
1307 3250 1482 3293 autem
1528 3240 1835 3309 Stephanus

255 3322 442 3376 divina
476 3324 648 3393 gratia
676 3324 1005 3391 abundabat,
1043 3338 1099 3381 ut
1138 3346 1295 3385 nemo
1328 3334 1830 3399 contradicentium,

258 3425 313 3467 et
357 3431 546 3469 eorum
587 3416 675 3484 qui
725 3417 980 3473 adversus
1009 3436 1130 3474 eum
1182 3424 1550 3492 disputabant,
1595 3426 1834 3481 valerent

271 3506 521 3560 resistere
567 3508 864 3577 sapientia,
899 3520 953 3565 et
999 3510 1221 3581 Spiritui
1272 3516 1359 3583 qui
1414 3516 1732 3584 loquebatur
1778 3518 1831 3572 in

271 3594 375 3649 illo.
407 3597 537 3651 Erat
580 3600 776 3667 quippe
822 3614 853 3653 e
908 3601 1112 3669 Spiritu
1163 3615 1353 3659 sancto
1405 3607 1622 3673 sapiens
1684 3607 1820 3678 (25).

274 3686 419 3743 Unde
458 3697 515 3743 et
552 3690 617 3742 ad
667 3691 959 3760 discipulos
1013 3709 1141 3748 suos
1184 3694 1339 3750 Jesus
1385 3698 1674 3767 perspicue
1709 3715 1835 3768 pro-

262 3779 465 3834 clamat
500 3797 515 3834 :
557 3780 687 3835 Cum
724 3783 1007 3839 introducti
1046 3786 1261 3842 fueritis
1294 3789 1359 3843 ad
1391 3789 1741 3859 principatus,
1782 3799 1835 3846 et

256 3884 580 3943 potestates,
627 3883 681 3929 et
728 3877 974 3943 concilia,
1030 3889 1085 3933 et
1129 3896 1449 3952 synagogas,
1502 3884 1665 3938 nolite
1712 3899 1833 3940 esse

197 3960 205 3969 ’
257 3967 481 4021 solliciti
526 3969 653 4037 quid
708 3984 801 4025 vos
836 3982 1084 4043 oporteat
1113 3974 1317 4042 dicere,
1359 3982 1451 4028 aut
1487 3975 1615 4044 quid
1640 3975 1834 4045 loqua-

253 4062 388 4115 mini
422 4062 479 4115 in
510 4063 600 4118 illo
633 4074 894 4133 tempore.
940 4065 1221 4120 Dabuntur
1247 4068 1391 4121 enim
1445 4068 1599 4123 vobis
1632 4085 1661 4121 a
1704 4069 1830 4137 Spi-

258 4153 369 4206 ritu
404 4163 598 4207 sancto
642 4169 919 4245 sermopes
949 4156 1245 4223 sapientiaz,
1270 4156 1466 4225 quibus
1492 4173 1599 4212 non
1631 4167 1834 4228 queant

249 4244 652 4311 contradicere,
681 4234 749 4302 ne
776 4234 838 4302 hi.
855 4249 1069 4319 quidem
1092 4248 1183 4317 qui
1209 4251 1557 4304 vehementer
1579 4251 1633 4305 in
1658 4252 1834 4322 dispu-

256 4336 567 4391 tationibus
597 4338 815 4394 callent.

325 4425 416 4480 10.
464 4426 570 4481 Sed
618 4444 883 4497 ponamus
927 4431 1098 4500 ipsum
1146 4430 1530 4495 testimonium,
1578 4433 1719 4502 quod
1761 4433 1831 4487 ita

249 4518 571 4571 contexitur
614 4538 628 4574 :

248 4626 561 4681 synagogas
592 4612 658 4666 ad
689 4614 1022 4682 principatus
1053 4623 1107 4668 et
1141 4623 1453 4682 patestates,
1492 4615 1655 4671 nolite
1684 4617 1831 4672 solli-

248 4707 344 4759 citi
393 4719 517 4759 esse
550 4708 817 4773 quomodo
845 4714 939 4759 aut
972 4708 1099 4775 quid
1152 4709 1544 4776 respondeatis,
1590 4709 1829 4777 Spiritus

249 4796 394 4849 enim
409 4803 630 4849 sanctus
661 4796 1044 4850 docebitvosin
1066 4797 1252 4850 eadem
1280 4799 1410 4849 hora
1438 4811 1556 4864 quae
1584 4806 1827 4865 oporteat

247 4888 434 4939 dicere
464 4885 532 4937 ⁸³.
573 4903 593 4938 ι
629 4886 695 4940 Et
746 4888 801 4942 iu
854 4888 958 4941 alio
986 4888 1272 4959 Evangelia
1329 4908 1349 4944 :7
1413 4908 1434 4942 ι
1476 4889 1665 4946 Ponite
1706 4906 1833 4962 ergo

249 4978 303 5031 in
348 4977 608 5033 cordibus
660 4982 857 5035 vestris
900 4996 1003 5034 non
1048 4982 1432 5051 praemeditari,
1478 4985 1830 5051 quemadmo-

250 5073 379 5122 dum
417 5070 970 5141 respondeatis:Ego
1006 5073 1202 5142 quippe
1255 5074 1393 5128 dabo
1441 5075 1593 5130 vobis
1643 5090 1724 5140 os,
1777 5088 1832 5129 et

250 5161 578 5232 sapientiam
629 5163 715 5217 cui
773 5178 881 5218 non
931 5165 1145 5218 valeant
1196 5167 1588 5231 contradicere,
1622 5182 1716 5222 aut
1746 5183 1833 5223 re-

321 5318 365 5349 ⁸⁷
402 5315 706 5376 Matth.vtt.
740 5318 825 5370 ll.

1945 1961 2333 2019 consequenter
2368 1951 2585 2004 habebit
2635 1950 3055 2015 benedictiones,
3088 1949 3138 2003 id
3170 1958 3269 2012 est,
3307 1946 3521 2014 sapien-

1948 2044 2094 2107 tiam,
2122 2052 2175 2097 et
2205 2043 2551 2107 intellectura,
2580 2051 2631 2096 et
2659 2052 2872 2106 cratera,
2902 2041 2967 2095 de
2994 2042 3187 2109 quibus
3226 2040 3297 2092 ita
3330 2034 3518 2092 scribit

1944 2136 2231 2204 Apostolus
2269 2158 2280 2190 ;
2324 2155 2341 2186 ι
2367 2134 2593 2204 PrOpter
2636 2135 2737 2188 hoc
2781 2144 2835 2188 et
2876 2148 2994 2197 nos,
3027 2148 3089 2186 ex
3115 2147 3221 2202 quo
3252 2131 3336 2185 die
3366 2131 3520 2183 audi-

1943 2229 2135 2292 vimus,
2178 2244 2281 2282 nou
2323 2242 2595 2281 cessamus
2627 2238 2842 2282 orantes
2883 2243 2977 2296 pro
3021 2227 3192 2291 vobis,
3229 2233 3279 2279 et
3310 2225 3503 2293 depre-

1945 2327 2152 2383 cantes,
2211 2329 2272 2374 ut
2326 2319 2656 2388 impleamini
2708 2320 3018 2387 cognitione
3076 2317 3366 2371 voluntatis
3403 2314 3519 2383 ejus

1946 2408 1997 2461 in
2036 2408 2179 2462 omni
2215 2410 2502 2478 sapientia,
2554 2420 2609 2464 et
2658 2409 3012 2478 intelligentia
3064 2407 3330 2478 spirituali
3360 2426 3373 2460 :
3406 2422 3522 2459 am-

1941 2498 2186 2554 bnlantes
2241 2500 2398 2569 digne
2462 2501 2569 2555 Deo
2615 2500 2682 2553 “.
2722 2520 2740 2553 ι
2818 2500 2924 2555 Eos
2989 2500 3134 2553 enim
3202 2499 3294 2567 qui
3359 2498 3519 2566 digne

1941 2592 2041 2644 sibi
2076 2589 2172 2661 [αι.
2207 2592 2386 2665 bonis]
2437 2610 2532 2663 per
2571 2609 2756 2660 opera,
2786 2604 2841 2649 et
2871 2608 3169 2655 sermones,
3200 2601 3254 2647 et
3283 2592 3519 2661 pruden-

1944 2684 2071 2735 tiam
2119 2684 2397 2751 incedunt,
2422 2685 2655 2755 {impleri
2686 2687 2763 2739 ait
2790 2685 3069 2739 voluntate
3113 2682 3231 2748 Dei,
3270 2683 3519 2753 ponentis

1939 2790 2100 2843 super
2122 2791 2213 2830 eos
2249 2776 2511 2844 Spiritum
2546 2788 2820 2842 sanctum,
2852 2786 2913 2832 ut
2945 2778 3269 2848 impleantur
3298 2776 3517 2845 sapien-

1939 2865 2007 2918 tia
2050 2875 2105 2920 et
2153 2868 2447 2933 intellectu,
2494 2878 2550 2923 et
2601 2869 2817 2938 reliquis
2872 2868 3246 2938 spiritualibus
3321 2868 3515 2933 bonis;

1940 2959 2202 3025 sapientia
2259 2970 2481 3026 autem,
2539 2971 2593 3016 et
2644 2962 2968 3026 intellectus,
3025 2977 3144 3031 quae
3200 2962 3252 3015 in
3314 2958 3516 3029 Spiritu

1933 3059 2122 3104 sancto
2141 3059 2330 3116 sunt,a
2360 3052 2468 3105 Deo
2489 3053 2683 3106 dantur
2708 3053 2840 3124 (26).
2870 3072 2889 3105 ε
2942 3052 3218 3117 Dominus,
3266 3071 3285 3104 ι
3324 3053 3516 3122 inquit,

1945 3143 2125 3197 «dabit
2147 3144 2507 3213 sapientiam;
2529 3156 2582 3200 et
2613 3162 2639 3199 a
2660 3146 2795 3200 facie
2817 3145 2932 3214 ejus
2966 3147 3249 3214 sapientia,
3282 3154 3335 3200 et
3364 3145 3521 3200 intel-

1943 3237 2112 3291 lectus
2155 3237 2396 3306 procedit
2423 3238 2507 3303 "’;
2540 3257 2557 3289 ι
2596 3254 2718 3292 cum
2761 3253 2821 3293 ea
2873 3238 3134 3307 sapientia
3166 3252 3285 3306 quae
3317 3237 3384 3289 ab
3422 3236 3520 3290 ho-

1944 3328 2179 3383 minibus
2232 3330 2399 3394 venit,
2444 3346 2547 3384 non
2589 3331 2660 3384 sit
2710 3330 3025 3400 spiritualis,
3083 3329 3177 3383 sed
3224 3343 3418 3383 carnea
3465 3335 3520 3382 et

1941 3417 2196 3473 humana.
2231 3420 2305 3473 De
2358 3422 2459 3475 hac
2511 3423 2692 3490 itaque
2738 3421 3027 3489 Apostolus
3079 3419 3314 3474 scribit:
3351 3439 3368 3470 ι
3399 3418 3514 3471 Non

1944 3508 1995 3561 in
2044 3510 2308 3577 sapientia
2362 3510 2589 3575 carnali,
2644 3510 2738 3565 sed
2786 3510 2838 3563 in
2879 3510 3055 3580 gratia
3089 3509 3180 3563 Dei
3209 3507 3515 3563 conversati

1942 3614 2126 3655 sumus
2154 3601 2207 3653 in
2238 3600 2332 3672 [αι.
2369 3602 2419 3654 in
2451 3600 2572 3672 hoc]
2611 3601 2805 3655 mundo
2831 3601 2912 3666 ‘3;
2942 3619 2961 3652 ι
2997 3600 3267 3654 carnalem
3299 3600 3518 3667 sapien-

1944 3694 2069 3747 tiam
2114 3694 2323 3757 dicens,
2374 3709 2492 3763 quae
2544 3695 2595 3747 in
2641 3695 2802 3748 rebus
2851 3693 3124 3761 corporeis
3166 3707 3232 3746 ex
3282 3693 3519 3745 humano

1941 3784 2185 3840 subsistit
2203 3788 2435 3855 cogitatu
2463 3786 2593 3858 (27').
2624 3786 2792 3840 Porro
2819 3786 3116 3855 spiritualis
3141 3784 3411 3852 sapientia
3460 3794 3516 3838 et

1942 3877 2345 3944 intellectualis,
2400 3879 2547 3933 circa
2590 3879 2885 3933 invisibilia
2931 3888 2987 3933 et
3042 3876 3420 3932 intellectualia
3457 3891 3517 3930 se

1945 3975 2151 4031 tenens,
2188 3985 2283 4039 per
2310 3970 2684 4038 operationem
2716 3970 2954 4039 Spiritus
2982 3971 3154 4024 sancti
3178 3970 3517 4039 capientibus

1942 4076 2001 4115 se
2052 4061 2135 4115 sui
2187 4064 2530 4131 praesentiam
2583 4063 2795 4117 tribuit.
2836 4062 2892 4116 ln
2936 4062 3121 4117 multis
3149 4076 3364 4131 quoque
3394 4060 3515 4116 aliis

1941 4154 2075 4209 locis
2099 4153 2389 4223 Apostolus
2420 4164 2686 4209 memorat
2715 4154 2768 4208 iu
2801 4154 3040 4222 Spiritus
3063 4153 3234 4208 sancti
3267 4154 3516 4207 substan-

1944 4246 2013 4298 tia
2042 4245 2132 4299 Dei
2161 4260 2383 4300 munera
2408 4247 2726 4301 commorari
2760 4244 2856 4317 [αι.
2885 4243 3351 4316 commemorari];
3377 4245 3515 4298 sicut

1943 4340 1994 4393 in
2029 4340 2118 4394 illo
2147 4357 2160 4393 :
2196 4339 2369 4394 «Deus
2394 4350 2573 4393 autem
2595 4340 2708 4409 spei
2746 4339 2951 4408 repleat
2998 4353 3093 4393 vos
3128 4340 3274 4392 omni
3300 4338 3514 4407 gaudio,

1941 4441 1994 4485 et
2018 4446 2150 4501 pace
2176 4431 2229 4486 in
2256 4431 2544 4497 credendo,
2573 4440 2629 4485 ut
2692 4430 2974 4486 abundelis
3003 4429 3057 4484 in
3087 4443 3203 4499 spe,
3234 4440 3288 4483 et
3320 4428 3517 4483 virtute

684 4538 709 4571 ι
734 4520 867 4574 Cum
925 4533 1105 4575 autem
1159 4522 1559 4578 introduxerint
1618 4540 1717 4587 vos
1778 4526 1829 4579 in
1865 4555 1908 4610 ι)
1944 4520 2177 4593 Spiritus
2206 4525 2377 4579 sancti
2405 4523 2475 4579 ".
2506 4542 2533 4575 ιν

2010 4616 2096 4670 11.
2143 4618 2280 4671 Deus
2318 4626 2497 4670 autem
2541 4614 2765 4685 largitor
2802 4616 3063 4669 bonorum
3092 4652 3108 4677 ,
3149 4626 3298 4681 spem
3343 4625 3505 4681 quam

1938 4708 2229 4779 promisit,
2270 4709 2461 4763 reddet
2508 4705 2635 4777 [αι.
2679 4704 2901 4778 reddit]
2951 4705 3005 4759 in
3045 4705 3245 4759 virtute
3284 4703 3515 4773 Spiritus

1946 4800 2120 4854 sancti
2147 4840 2161 4865 ,
2201 4799 2286 4854 bis
2314 4800 2405 4869 qui
2435 4800 2638 4853 habent
2667 4798 2817 4853 illum
2846 4814 2862 4863 ;
2895 4797 3087 4864 gaudio
3120 4805 3174 4851 et
3202 4811 3332 4865 pace
3360 4812 3511 4850 com-

1938 4891 2047 4960 plet
2085 4907 2177 4946 eos
2229 4893 2319 4961 qui
2383 4892 2830 4961 imperturbatam
2867 4899 2923 4944 et
2956 4891 3195 4943 sedatam
3233 4889 3516 4958 cogitatio-

1936 5000 2058 5037 nem
2089 4986 2459 5052 possidentes,
2493 4985 2642 5040 lzetas
2680 4984 2880 5038 habent
2911 4990 3151 5046 mentes,
3186 4990 3240 5037 et
3271 4980 3337 5036 ab
3365 4980 3513 5035 onmi

1936 5078 2401 5145 perturbationum
2448 5084 2767 5146 tempestate
2808 5073 3163 5144 tranquillas..
3191 5072 3290 5138 Qui
3332 5081 3509 5125 autem

1940 5166 1992 5219 iu
2021 5167 2218 5221 virtute
2245 5164 2481 5229 Spiritus
2507 5166 2679 5221 sancti
2708 5165 2961 5236 praedicta
2991 5166 3135 5219 bona
3161 5164 3361 5218 fuerint
3386 5177 3515 5217 con-

904 5318 949 5350 ³⁸
976 5318 1093 5371 Act.
1129 5332 1202 5383 vr,
1228 5318 1281 5373 5.
1356 5317 1401 5351 ‘9
1434 5318 1563 5374 ibid.
1587 5319 1640 5373 8.
1715 5319 2004 5376 “ibitlJO.
2080 5321 2122 5352 “
2149 5322 2167 5375 Ι
2194 5322 2318 5377 Cor.
2357 5320 2518 5383 xn,9.
2597 5318 2886 5375 “ibid.lO.
2964 5318 3010 5350 "
3027 5316 3158 5372 Luc.
3196 5316 3397 5380 3",“,
3424 5312 3511 5368 12.

252 5388 299 5418 ⁸⁸
334 5387 471 5443 Luc.
500 5402 612 5455 χιι,
668 5388 755 5454 14,
802 5387 892 5444 15.
964 5389 1009 5422 υ
1048 5388 1154 5443 lsa.
1196 5404 1343 5455 thv,
1374 5389 1429 5445 5.
1505 5390 1552 5421 ’⁸⁸
1580 5391 1786 5447 Coloss.
1817 5409 1837 5446 r

1972 5393 2016 5426 ⁸⁷
2048 5390 2215 5447 Eccli.
2241 5397 2359 5459 1,0.
2432 5392 2478 5423 ⁴⁸
2516 5392 2560 5445 ΙΙ
2591 5390 2715 5446 Cor.
2753 5405 2807 5458 ι,
2847 5388 2937 5445 12.
3013 5388 3061 5420 ⁵⁸
3098 5388 3257 5443 Rom.
3294 5402 3383 5451 av,
3420 5385 3506 5437 15.

308 5508 441 5605 ¹(25)
473 5533 669 5590 Notum
696 5555 715 5587 ι
730 5534 1085 5605 Stephanum,
1102 5556 1120 5589 ι
1138 5536 1323 5593 Crtece
1334 5538 1628 5608 Στέφανον,
1645 5538 1837 5596 Latine

258 5623 505 5658 coronam
532 5608 895 5675 interpretari.
1629 5652 1633 5658 λ

330 5677 444 5745 (21)
485 5677 808 5746 Constanter
842 5678 1037 5731 habent
1064 5692 1217 5742 mss.,
1255 5688 1583 5746 «portenta.»

332 5747 473 5821 (9.5)-
490 5745 689 5813 Vatic,
709 5747 933 5821 'llholos.
968 5759 1021 5802 et
1045 5758 1197 5801 vetus
1226 5745 1407 5821 ed’it.,r
1436 5769 1454 5800 ι
1484 5760 1601 5804 erat
1638 5751 1838 5821 quippe

261 5816 411 5883 juxta
446 5818 609 5871 Deum
642 5826 697 5872 et
731 5817 993 5886 Spiritum
1033 5826 1274 5874 sanctum
1301 5820 1535 5889 sapiens.
1570 5840 1589 5873 ι
1625 5816 1731 5875 etc.

2015 5540 2126 5613 (26)
2182 5541 2424 5613 Tholos._,
2498 5550 2601 5613 rut
2654 5538 2918 5613 impleant
2960 5537 3222 5609 sapientia
3265 5541 3319 5587 et
3358 5532 3516 5586 intel-

1944 5610 2113 5671 lectu.
2146 5625 2268 5678 qua!
2300 5612 2352 5664 in
2383 5610 2587 5681 Spiritu
2616 5619 2803 5664 sancto
2830 5625 2859 5663 a
2892 5610 3314 5681 Deodonantur.
3350 5622 3369 5653 ›

2017 5682 2129 5752 (27)
2165 5675 2344 5744 idem,
2376 5700 2394 5731 ‹
2425 5675 2543 5750 quae
2574 5682 2766 5737 horum
2798 5680 3153 5749 corporibus,
3188 5685 3242 5731 et
3278 5675 3516 5728 humano

1945 5752 2248 5809 subsistunt
2274 5755 2505 5823 cogitatu
2526 5792 2540 5819 ,
2579 5769 2603 5803 ι
2631 5762 2739 5807 etc.
