4042 6404
252 337 392 395 ιθιιὸ

1378 334 1579 390 LIBER
1618 334 1705 389 DE
1744 334 2016 393 SPIRITU
2060 335 2351 397 SANCTO.

3348 339 3489 397 1046

248 461 472 527 propter
488 449 631 523 quod
648 464 819 521 neque
830 450 1214 521 sempiternum
1228 459 1330 507 est.
1345 450 1463 508 Non
1481 452 1653 508 solum
1668 451 1828 521 igitur
1856 455 1904 514 Α
1932 466 2123 507 nomen
2145 452 2455 523 signiﬁcans
2477 453 2716 508 omnium
2744 453 3104 511 substantiam
3131 452 3488 510 invisilibium

250 545 395 615 quod
442 544 494 597 in
546 542 853 598 hominibus
898 553 982 598 est
1015 541 1309 612 rationale,
1358 546 1715 611 convertitur,
1766 553 1822 598 et

250 648 494 702 creatur,
555 652 739 691 verum
787 638 948 692 etiam
998 636 1050 690 in
1101 638 1350 693 omnibus
1396 638 1660 693 creaturis
1704 637 1820 691 haec

247 730 435 784 eadem
464 729 751 784 conversio
785 728 1070 798 reperitur.
1102 727 1236 783 Nam
1267 740 1323 783 et
1348 728 1657 798 angelorum
1688 741 1820 782 con-

253 822 529 875 versiones
580 830 635 874 et
689 821 874 875 ruinas
920 820 1099 875 divina
1154 820 1364 889 eloquia
1425 820 1820 874 demonstrant.

251 912 406 967 Licet
435 914 577 967 enim
610 912 897 967 multitudo
924 914 1235 982 angelorum
1262 952 1277 977 ,
1304 923 1358 968 et
1386 913 1614 967 aliarum
1643 910 1824 968 excel-

250 1006 481 1060 lentium
508 1008 767 1059 virtutum
785 1046 802 1071 ,
828 1006 880 1059 in
905 1005 1233 1061 beatitudine
1257 1016 1311 1060 et
1333 1006 1686 1061 sanctimonia
1709 1020 1825 1074 per-

250 1105 541 1162 severent,
577 1105 755 1150 tamen
801 1112 919 1151 cum
965 1096 1018 1151 in
1064 1111 1126 1151 ea
1172 1112 1292 1165 quae
1335 1095 1567 1150 similem
1625 1094 1826 1150 habent

252 1196 504 1241 naturam
528 1201 790 1242 conversa
818 1186 957 1250 sint,
982 1188 1215 1242 dilucide
1239 1188 1542 1243 ostenditur
1569 1187 1621 1241 in
1652 1186 1824 1257 primo

254 1291 352 1331 eos
376 1286 516 1331 statu
553 1292 659 1329 non
692 1292 788 1345 per
814 1277 1297 1331 immutabilitatem
1331 1293 1442 1331 suae
1469 1277 1820 1345 substantiae,

206 1350 207 1353 η
252 1365 350 1419 sed
383 1381 481 1435 per
515 1365 796 1421 sollicitius
830 1367 881 1420 in
924 1365 1153 1421 Domino
1177 1367 1454 1421 servitium
1485 1381 1821 1433 permanere.

254 1452 444 1523 Neque
471 1455 613 1509 enim
640 1464 815 1525 potest
843 1454 1190 1524 coaequalium
1220 1456 1429 1509 diversa
1460 1469 1581 1509 esse
1608 1464 1820 1509 natura.

262 1544 402 1599 Nam
439 1546 567 1613 quia
602 1560 761 1599 omne
798 1560 966 1614 genus
1006 1545 1276 1598 hominum
1319 1546 1545 1630 mortale
1598 1555 1713 1609 est,
1768 1553 1823 1601 et

252 1637 458 1706 singuli
488 1636 732 1692 homines
762 1637 1012 1691 mortales
1038 1646 1160 1691 sunt
1180 1678 1196 1703 ,
1228 1645 1287 1690 ut
1310 1652 1340 1691 e
1369 1637 1580 1691 diverso
1608 1652 1821 1707 quoque

252 1725 299 1779 si
336 1740 441 1794 qua
483 1724 548 1779 de
585 1725 957 1794 superioribus
986 1725 1306 1779 immortalia
1345 1735 1506 1789 sunt,
1543 1726 1682 1780 haud
1716 1727 1816 1781 du-

1928 552 2322 598 creaturarum.
2344 542 2528 612 Neque
2552 545 2695 599 enim
2722 545 2815 599 ulli
2838 546 3053 615 quidem
3078 546 3410 617 angelorum,
3436 556 3491 601 et

1920 634 2041 689 alia:
2070 635 2281 690 cuidam
2310 636 2612 690 rationabili
2647 648 2911 693 creatura:
2943 640 3077 693 dixit
3108 641 3279 694 Deus:
3303 658 3321 691 ι
3351 640 3489 693 Sede

1920 740 1952 779 a
1977 726 2181 781 dextris
2206 725 2361 780 meis.
2393 744 2412 777 ι
2441 724 2496 779 ln
2525 740 2808 783 commune
2837 729 3018 798 itaque
3047 744 3224 783 sermo
3253 744 3492 798 pronun-

1924 818 2022 871 tiat
2042 856 2057 881 ρ
2088 833 2193 871 non
2225 832 2349 872 esse
2377 818 2582 872 dictum
2628 819 2876 887 cuiquam
2922 829 3211 884 creaturas,
3241 838 3260 871 ‹
3289 820 3427 874 Sede
3457 834 3487 871 a

1923 911 2126 965 dextris
2154 910 2306 965 meis.
2342 928 2361 962 ι
2394 909 2459 963 Ει
2490 912 2590 965 hoc
2623 911 2676 965 in
2709 926 2995 966 commune
3024 912 3091 967 de
3118 920 3384 966 creatura.
3426 912 3490 964 Et

1924 1003 2281 1071 pronuntians
2311 1005 2377 1057 de
2409 1006 2659 1061 omnibus
2689 1005 3051 1061 invisiliilibus
3082 1006 3348 1061 creaturis
3370 1046 3383 1068 ,
3414 1008 3491 1059 ait

1923 1109 2018 1148 eas
2045 1108 2165 1149 esse
2186 1095 2649 1152 administratores
2670 1098 2907 1167 spiritus.
2940 1099 3164 1167 Propter
3186 1099 3325 1167 quod
3354 1098 3486 1150 snh~

1918 1181 2087 1251 jecit:
2122 1200 2140 1235 ι
2171 1181 2358 1238 Nonne
2402 1200 2587 1239 omnes
2636 1195 2764 1240 sunt
2811 1186 3275 1245 administraturcs
3323 1186 3487 1254 spiri-

1926 1284 2043 1340 tus,
2075 1274 2130 1328 in
2162 1276 2523 1330 ministerium
2554 1276 2750 1332 missi?
2778 1296 2797 1328 ›
2826 1276 2974 1331 Licet
2999 1277 3141 1331 enim
3172 1292 3273 1330 non
3301 1291 3489 1330 omnes

1923 1364 2232 1433 singillatim
2261 1365 2555 1421 invisibiles
2574 1377 2838 1421 creatura
2855 1368 3031 1421 missa:
3058 1376 3180 1421 sunt
3205 1364 3299 1436 [αι.
3325 1365 3487 1437 sint],

1924 1463 2102 1511 tamen
2130 1458 2253 1526 quia
2301 1458 2540 1527 ejusdem
2582 1459 2795 1528 generis
2828 1471 2880 1513 et
2909 1459 3131 1513 honoris
3162 1459 3277 1512 alia:
3312 1459 3494 1511 missa

1922 1556 2079 1612 sunt,
2105 1549 2499 1617 quodammodo
2521 1559 2574 1603 et
2600 1550 2726 1618 ipsae
2749 1551 3100 1618 possibilitate
3122 1562 3246 1605 sunt
3274 1552 3477 1605 missa):

1922 1640 2207 1694 missarum
2258 1650 2541 1695 consortes
2581 1642 2905 1711 aequalisque
2982 1642 3315 1697 substantiae.
3369 1642 3485 1707 Quo

1921 1730 2081 1785 modo
2103 1731 2263 1801 igitur
2285 1730 2419 1786 alius
2441 1740 2523 1786 est
2546 1732 2610 1785 ab
2638 1734 2903 1788 universis
2926 1735 3190 1789 creaturis
3214 1735 3491 1797 Dominus,

258 1818 412 1872 bium
440 1857 455 1882 ,
491 1816 617 1885 quin
657 1816 835 1869 omnia
873 1814 925 1869 in
955 1818 1141 1871 eodem
1171 1830 1368 1884 genere
1399 1824 1455 1870 et
1484 1816 1663 1886 specie
1690 1833 1820 1873 con—
1851 1796 1893 1855 Β
1928 1838 2026 1894 per
2056 1796 2215 1893 quem
2247 1823 2575 1892 principium
2616 1826 2680 1877 ad
2728 1826 3050 1895 loquendum
3091 1836 3369 1894 acceperat
3405 1796 3493 1879 illa

254 1913 445 1965 stituta
473 1947 489 1972 ,
525 1909 634 1962 sint
671 1907 1017 1962 immortalia.

327 2001 417 2054 i3.
455 2000 588 2055 Cum
614 2009 791 2054 autem
820 2000 933 2054 haec
958 2013 1016 2053 se
1040 1999 1111 2053 ita
1138 1998 1404 2063 habeant,
1428 1998 1591 2052 etiam
1619 1998 1663 2052 si
1691 2014 1827 2054 unus

257 2091 486 2161 angelus
506 2088 875 2145 convertibilis
895 2088 1226 2158 apparuerit,
1242 2103 1429 2142 onmes
1453 2088 1827 2143 convertibiles

254 2192 440 2247 erunt,
464 2181 589 2236 licet
614 2196 715 2236 non
740 2181 847 2252 sint
868 2179 1113 2235 conversi
1142 2180 1194 2234 in
1224 2180 1553 2235 beatitudine
1576 2193 1825 2250 perseve-

257 2283 481 2339 rantes;
515 2273 783 2343 quomodo
814 2280 867 2327 et
903 2280 1095 2327 cuncta
1122 2272 1400 2325 hominum
1433 2286 1658 2341 corpora
1694 2266 1832 2326 divi-i

258 2365 440 2419 sibilia
471 2375 616 2427 sunt,
641 2378 945 2433 quanquam
976 2378 1081 2417 non
1109 2363 1286 2417 omnia
1316 2362 1644 2417 dividantur.
1668 2361 1826 2429 Quae-

255 2454 382 2508 dam
429 2454 571 2508 enim
617 2468 803 2508 eorum
838 2467 994 2523 passa
1029 2452 1341 2507 divisionem
1363 2493 1379 2519 ,
1408 2462 1462 2507 et
1490 2453 1820 2524 reliquorum

256 2545 516 2599 similium
548 2545 668 2609 sui,
702 2554 946 2599 naturam
978 2544 1422 2613 interpretantur.
1460 2543 1553 2600 His
1579 2546 1652 2599 ita
1684 2544 1829 2599 edis-

256 2636 451 2700 sertis,
475 2636 692 2691 alterius
719 2636 1034 2691 substantia:
1061 2650 1091 2690 a
1118 2636 1418 2691 visibilibus
1450 2636 1502 2690 in
1542 2635 1828 2690 invisibili-

257 2729 363 2784 bus
387 2728 653 2782 creaturis
685 2726 917 2797 Spiritus
941 2736 1158 2783 sanctus
1193 2726 1515 2781 ostenditur.
1551 2725 1608 2782 Si
1647 2736 1825 2781 autem

256 2822 365 2877 hoc
388 2836 573 2875 verum
599 2830 717 2885 est,
745 2821 1059 2891 impiissime
1090 2820 1305 2903 quidam
1330 2819 1469 2874 inter
1490 2819 1671 2875 omnia
1697 2834 1827 2874 con-

258 2923 553 2969 numerant
593 2914 854 2983 Spiritum
887 2924 1132 2969 sanctum
1161 2954 1177 2979 ,
1213 2912 1456 2967 dicentes
1491 2912 1544 2967 in
1584 2925 1649 2965 eo
1680 2909 1825 2980 quod

259 3004 448 3057 omnia
484 3018 579 3072 per
608 3002 839 3058 Verbum
870 3018 898 3056 a
928 3001 1036 3057 Deo
1063 3004 1203 3057 facta
1236 3010 1396 3068 sunt,
1423 3001 1584 3056 etiam
1620 3001 1827 3068 signiti-

256 3096 374 3150 cari
408 3094 642 3164 Spiritus
671 3094 842 3150 sancti
872 3093 1154 3149 facturam.
1186 3093 1369 3161 Neque
1394 3094 1537 3147 enim
1567 3108 1728 3145 unum
1759 3106 1825 3146 ex

256 3186 514 3242 omnibus
535 3227 551 3248 .
576 3188 669 3240 sed
697 3186 840 3239 aliud
871 3196 1019 3241 extra
1047 3184 1225 3238 omnia
1258 3199 1353 3253 per
1380 3185 1732 3239 substantiam
1762 3198 1829 3237 ex

258 3286 496 3346 utroque
528 3277 921 3330 demonstratus
954 3282 1037 3331 est
1066 3274 1299 3343 Spiritus
1334 3285 1574 3329 sanctus.
1611 3272 1743 3327 Nam
1779 3273 1828 3327 si

260 3376 512 3422 creatura
533 3406 553 3433 ,
584 3375 638 3421 ut
672 3367 916 3434 superius
942 3366 1275 3422 ostendimus
1295 3406 1308 3427 ,
1342 3365 1596 3419 dividitur
1626 3366 1676 3418 in
1710 3380 1833 3419 cor-

268 3458 507 3526 poralia,
543 3467 597 3512 et
632 3456 1028 3525 incorporalia:
1074 3466 1127 3510 et
1178 3456 1427 3511 conditus
1470 3464 1555 3509 est
1601 3454 1833 3523 Spiritus

284 3558 491 3602 sanctus
518 3547 703 3617 utique
734 3557 825 3604 aut
858 3548 1114 3613 visibilis,
1151 3555 1242 3601 aut
1276 3546 1557 3599 invisibilis
1587 3557 1832 3599 creatura

279 3639 416 3702 crit,
461 3639 511 3692 id
551 3647 634 3693 est
660 3678 676 3704 ,
719 3640 1049 3709 corporalis,
1089 3652 1183 3692 aut
1221 3636 1596 3707 incorporalis.
1634 3635 1831 3692 Verum

238 3766 243 3769 -
272 3744 469 3799 corpus
505 3744 841 3799 nequaquam
882 3731 1019 3793 erit,
1063 3730 1201 3784 sicut
1235 3730 1383 3798 prius
1415 3728 1646 3782 diximus
1667 3768 1681 3793 ,
1714 3742 1831 3781 cum

274 3820 499 3885 doceat,
536 3831 590 3875 et
620 3820 902 3875 scientiam
937 3829 1189 3890 praestet,
1224 3827 1279 3874 et
1308 3835 1337 3872 a
1375 3833 1531 3873 sensu
1567 3827 1620 3873 et
1652 3818 1832 3871 anima

264 3914 533 3981 Capiatur.
589 3912 694 3966 Sed
747 3926 919 3980 neque
960 3910 1245 3965 invisibilis
1285 3920 1535 3964 creatura
1586 3909 1726 3973 erit,
1777 3918 1835 3962 ut

265 4001 429 4071 paulo
458 4010 584 4055 ante
610 4002 676 4055 de
708 4016 771 4055 eo
804 4002 1215 4076 disputavimus.
1254 3999 1404 4056 Unde
1444 4012 1497 4053 et
1536 3999 1829 4069 Apostolus

264 4094 320 4151 iu
361 4093 598 4162 Epistola
638 4107 797 4161 quam
837 4093 902 4145 ad
944 4091 1196 4147 Hebraeos
1230 4090 1483 4159 scripsit,
1515 4091 1678 4143 alium
1709 4105 1831 4143 eum

262 4198 391 4237 esse
425 4182 493 4235 ab
517 4184 765 4236 omnibus
793 4180 999 4252 angelis
1028 4184 1398 4247 demonstrat,
1434 4182 1615 4235 dicens
1644 4198 1657 4235 :
1691 4197 1709 4231 ι
1735 4178 1832 4233 Cui

264 4277 415 4331 enim
464 4276 774 4345 angelorum
822 4276 959 4329 dixit
1005 4275 1331 4342 aliquando:
1387 4275 1525 4328 Sede
1559 4288 1588 4326 a
1627 4272 1833 4327 dextris

266 4368 409 4422 meis
428 4407 444 4431 ,
475 4367 643 4421 donec
671 4382 861 4433 ponam
894 4367 1140 4420 inimicos
1167 4375 1287 4420 tuos
1317 4365 1609 4420 scabellum
1638 4364 1831 4433 pedum

1927 1929 2117 1984 magna
2151 1914 2339 1980 salus,
2392 1912 2543 1981 cujus
2594 1915 2929 1985 negligentes
2972 1916 3260 1987 Apostolus
3305 1917 3493 1972 nolens

1925 2020 2023 2061 nos
2048 2021 2196 2071 esse,
2241 2005 2405 2063 aitzt
2437 2007 2713 2071 Quomodo
2764 2023 2861 2063 nos
2916 2008 3232 2080 eﬂugiemus
3286 2019 3488 2064 tantam

1926 2097 2256 2167 negligentes
2281 2100 2511 2156 salutem
2538 2137 2553 2161 ,
2586 2114 2706 2167 quae
2750 2100 3076 2169 principium
3116 2100 3389 2169 accipiens
3418 2102 3488 2155 ad

1925 2188 2247 2259 loquendum
2280 2206 2376 2261 per
2405 2190 2690 2247 Dominum
2716 2228 2734 2255 ,
2768 2191 2836 2244 ab
2873 2190 2957 2245 bis
2983 2192 3071 2258 qui
3109 2193 3396 2245 audierunt
3434 2192 3488 2245 iu

1926 2295 2025 2335 nos
2057 2283 2373 2337 confirmata
2402 2286 2527 2340 est?
2555 2304 2574 2337 ι
2609 2284 2701 2339 sed
2738 2290 2795 2335 et
2827 2282 2968 2336 Deus
2996 2282 3087 2351 qui
3126 2283 3492 2337 testimonium

1924 2370 2170 2440 perhibet
2198 2372 2362 2442 signis
2394 2384 2447 2429 et
2480 2376 2741 2444 portentis
2776 2372 2863 2429 isti
2896 2371 3103 2437 saluti,
3137 2373 3274 2429 alius
3304 2383 3385 2427 est
3420 2375 3489 2427 ab

1925 2460 2172 2516 omnibus
2202 2462 2680 2518 administratoriis
2707 2461 2988 2533 spiritibus
3016 2480 3030 2518 :
3064 2462 3144 2516 sic
3175 2472 3229 2517 et
3258 2462 3491 2531 Spiritus

1926 2561 2181 2617 sanctus,
2216 2553 2365 2622 cujus
2416 2555 2774 2609 divisionibus
2810 2556 2965 2626 juxta
3009 2561 3337 2610 voluntatem
3378 2556 3495 2626 ejus

1928 2644 2288 2699 testimonium
2321 2646 2567 2715 perhibet
2607 2646 2747 2702 Deus
2769 2686 2786 2710 .
2819 2647 3152 2704 distribuens
3184 2660 3307 2703 eum
3331 2685 3347 2712 ,
3385 2662 3493 2701 non

1925 2750 2022 2805 per
2046 2736 2369 2791 concisionis
2400 2747 2611 2807 partes,
2643 2741 2735 2794 sed
2762 2755 2858 2809 per
2892 2743 3326 2796 communionem
3365 2739 3491 2810 qui-

1927 2829 2027 2883 bus
2073 2844 2195 2883 cum
2232 2840 2491 2898 praestare
2540 2831 2879 2886 decreverit:
2913 2832 3135 2887 alterius
3162 2841 3245 2887 est
3286 2840 3341 2887 et
3380 2832 3497 2902 ipse

1925 2920 2235 2976 substantiae
2259 2923 2324 2975 ab
2358 2921 2443 2976 his
2478 2922 2530 2975 in
2559 2936 2679 2990 qua:
2707 2922 3030 2992 dispartitur
3060 2921 3279 2977 eﬂ'usus.

1996 3009 2082 3062 14.
2124 3008 2291 3077 Igitur
2322 3010 2574 3077 quoniam
2614 3010 3028 3079 approbavimus
3053 3011 3209 3079 juxta
3247 3010 3493 3081 Scriptu-

1854 3137 1895 3194 Ο
1929 3113 2110 3152 rarum
2143 3114 2355 3153 sensum
2379 3139 2393 3162 ,
2422 3098 2585 3152 alium
2616 3109 2769 3153 extra
2799 3114 3011 3154 omnem
3039 3110 3341 3155 creaturam
3371 3116 3495 3157 esse

1939 3188 2196 3257 Spiritum
2229 3199 2513 3254 sanctum,
2559 3189 2829 3243 incassum
2856 3228 2873 3255 ,
2916 3189 3025 3244 imo
3068 3190 3229 3260 impie
3274 3191 3493 3259 quidam

1937 3289 2173 3332 creatum
2202 3293 2323 3332 eum
2352 3294 2471 3333 esse
2512 3280 2803 3334 ostendere
2853 3280 3098 3336 volentes
3122 3319 3139 3347 ,
3190 3283 3500 3338 testimonio

1936 3380 2178 3435 utuntur,
2208 3385 2315 3438 quo
2359 3371 2541 3424 omnia
2575 3386 2670 3440 per
2701 3370 2937 3426 Verbum
2974 3371 3113 3426 facta
3153 3370 3499 3440 referuntur;

1936 3472 1993 3516 ut
2024 3462 2229 3516 scilicet
2254 3462 2307 3515 in
2336 3462 2588 3516 omnibus
2616 3462 2780 3517 etiam
2813 3470 3017 3517 aeterna
3043 3463 3341 3518 substantia
3370 3478 3501 3517 con-

1937 3552 2191 3607 tineatur.
2223 3551 2291 3606 Et
2318 3551 2441 3619 quia
2472 3552 2538 3606 ad
2566 3552 2930 3606 conditionem
2957 3551 3077 3620 ejus
3100 3552 3499 3621 approbandam

1935 3646 2099 3699 etiam
2153 3644 2527 3712 propheticum
2588 3657 2893 3697 sermonem
2941 3652 3239 3712 usurpant,
3294 3643 3505 3697 dicente

1940 3736 2066 3803 Deo,
2090 3753 2107 3785 ι
2130 3733 2268 3789 Creo
2291 3734 2548 3804 Spiritum
2572 3750 2587 3787 :
2625 3752 2643 3785 ι
2671 3734 2835 3787 etiam
2864 3734 2916 3788 in
2943 3734 3045 3788 hoc
3073 3748 3165 3789 eos
3196 3743 3505 3789 monstrare

1935 3825 2195 3880 debemus
2222 3839 2450 3893 prorsus
2481 3824 2549 3877 ah
2579 3822 2851 3878 intellectu
2886 3824 3127 3879 veritatis
3154 3824 3379 3878 alienos.
3408 3821 3505 3879 Nec

1937 3931 2041 3986 que
2072 3916 2215 3971 enim
2250 3916 2315 3970 de
2351 3915 2553 3985 Spiritu
2592 3926 2781 3970 sancto
2823 3914 3127 3985 propositus
3156 3929 3334 3969 sermo
3366 3930 3497 3982 pro-

1938 4008 2111 4077 phetae
2142 4004 2268 4071 fuit,
2300 4012 2359 4059 ut
2405 4020 2471 4060 ex
2501 4004 2616 4074 ipsa
2644 4004 2783 4058 serie
2815 4013 2869 4058 et
2895 4012 3149 4057 contextu
3187 4001 3384 4070 eloquii
3417 4002 3506 4055 in-

1941 4094 2215 4163 telligitur.
2241 4092 2515 4163 Siquidem
2546 4092 2711 4146 Amos
2754 4091 3014 4160 propheta
3042 4106 3109 4145 ex
3136 4104 3361 4159 persona
3386 4088 3504 4154 Dei,

1945 4203 1963 4237 ς
1993 4185 2356 4255 Ριπεξρθιιετθρ
2396 4184 2596 4254 inquit,
2630 4184 2727 4238 «ad
2754 4183 3110 4238 invocandum
3136 4182 3297 4236 Deum
3324 4192 3503 4246 tuum,

1940 4291 1971 4329 ο
1998 4276 2164 4331 Israel
2193 4293 2207 4329 :
2245 4276 2495 4344 quoniam
2531 4290 2628 4345 ego
2663 4290 2779 4331 sum
2810 4275 3034 4328 ﬁrmans
3086 4274 3377 4328 tonitruum
3401 4282 3508 4339 ,et

1939 4382 2127 4421 creans
2148 4366 2392 4433 spiritum
2415 4405 2428 4424 ,
2455 4374 2506 4419 et
2531 4364 2855 4418 annuntians
2881 4364 2931 4417 in
2958 4363 3202 4417 homines
3230 4360 3507 4416 Christum

268 4458 535 4512 tuorum?
572 4456 757 4512 Nonne
786 4475 976 4513 omnes
1008 4470 1133 4513 sunt
1167 4458 1635 4512 administratores
1671 4455 1831 4524 spiri-
1868 4475 1911 4533 ι)
1940 4472 2094 4511 suum
2124 4475 2136 4510 :
2167 4456 2368 4510 faciens
2398 4454 2689 4509 diluculum
2721 4462 2777 4509 et
2805 4453 3054 4507 nebulam
3074 4492 3091 4519 ,
3120 4461 3176 4508 et
3208 4452 3508 4506 ascendens

270 4559 397 4614 tus,
431 4550 483 4602 in
526 4550 875 4603 ministerium
911 4550 1092 4611 missi,
1128 4560 1346 4620 propter
1401 4564 1493 4605 eos
1546 4550 1635 4618 qui
1674 4564 1834 4603 acce-

268 4642 415 4710 pturi
452 4650 608 4694 erant
641 4641 869 4695 salutem
904 4641 991 4694 “?
1025 4660 1045 4694 ι
1073 4641 1135 4697 Ει
1172 4653 1295 4713 post
1326 4640 1428 4694 alia
1456 4659 1471 4695 :
1504 4659 1523 4693 ‹
1556 4639 1837 4707 Quomodo

272 4748 374 4788 nos
404 4732 727 4802 eﬂ‘ugiemus
768 4743 969 4788 tantam
1023 4734 1352 4804 negligentes
1396 4733 1671 4788 salutem?
1710 4731 1840 4799 Quae

269 4825 603 4894 principium
636 4826 906 4895 accipiens
940 4825 1003 4877 ad
1036 4824 1359 4893 loquendum
1391 4840 1486 4894 per
1518 4824 1797 4878 Dominum
1822 4865 1836 4889 ,

272 4918 345 4968 ab
375 4915 459 4970 his
483 4916 573 4984 qui
604 4916 890 4969 audierunt
921 4917 971 4968 in
1001 4930 1095 4970 nos
1123 4916 1435 4970 conﬁrmata
1461 4925 1573 4979 est,
1606 4916 1841 4970 testimo-

272 5008 425 5061 nium
460 5008 621 5061 dante
652 5008 757 5062 Deo
788 5009 956 5079 signis
978 5049 993 5073 ,
1027 5019 1081 5063 et
1112 5008 1368 5077 prodigiis
1392 5017 1444 5062 et
1472 5009 1640 5063 variis
1668 5008 1839 5061 virtu-

275 5100 421 5154 tibus
442 5141 457 5166 ,
482 5108 537 5154 et
564 5098 796 5169 Spiritus
822 5102 1002 5157 sancti
1023 5102 1371 5155 divisionibus
1395 5100 1546 5169 juxta
1573 5114 1723 5155 suam
1754 5114 1845 5151 vo-

274 5190 542 5246 luntatem
566 5195 633 5247 “.
663 5212 680 5246 ι
713 5193 822 5248 Hoc
844 5194 987 5249 enim
1016 5195 1154 5261 quod
1184 5195 1294 5257 ait,
1320 5213 1338 5243 ε
1362 5192 1447 5246 cui
1473 5190 1837 5259 angelorum,»

274 5299 431 5356 atque
457 5285 736 5355 accipitur,
773 5302 836 5343 ac
865 5287 911 5342 si
940 5286 1173 5351 diceret,
1205 5286 1332 5340 nulli
1360 5302 1373 5339 :
1412 5300 1508 5356 per
1540 5283 1841 5352 angelicum

345 5485 396 5519 “
440 5484 602 5538 Hebr.
633 5499 649 5535 ι
708 5482 919 5545 13.14:
986 5482 1129 5539 Psal.
1161 5499 1245 5539 cxx
1268 5524 1282 5542 .
1317 5484 1367 5537 1.

352 5625 467 5697 (32)
509 5624 744 5690 Vitiose,
777 5634 831 5680 et
876 5634 1061 5680 contra
1106 5617 1384 5694 scriptoris
1427 5638 1658 5684 mentem
1685 5667 1700 5688 .
1725 5636 1842 5680 erat

282 5709 443 5751 antea
483 5713 506 5746 ι
540 5698 854 5760 concedere,
890 5715 910 5747 ι
956 5698 1095 5762 quod
1129 5713 1191 5751 ex
1232 5697 1404 5751 Vatic.
1450 5717 1549 5752 ms.
1583 5699 1839 5750 emenda-

288 5784 430 5835 ums,
458 5767 549 5837 qui
594 5767 720 5822 item
750 5780 851 5835 pro
882 5768 1061 5823 verbis
1096 5785 1112 5819 ι
1166 5780 1219 5825 et
1265 5770 1439 5826 facere
1475 5789 1492 5822 ι
1537 5769 1696 5825 habet
1732 5768 1843 5824 fere

1447 5483 1492 5515 ⁸⁸
1525 5482 1689 5537 Hebr.
1728 5498 1801 5547 ll,
1837 5485 1891 5550 '5,
1922 5485 1976 5537 4.

1942 4564 2104 4619 super
2128 4548 2340 4603 excelsa
2363 4556 2519 4601 terrae
2549 4564 2562 4600 :
2600 4546 2852 4601 Dominus
2874 4544 3019 4599 Deus
3043 4545 3379 4614 omnipotens
3414 4557 3509 4597 no-

1943 4657 2066 4696 men
2102 4639 2217 4708 ejus
2242 4641 2308 4694 “.
2345 4658 2363 4691 ι
2393 4640 2535 4693 Deus
2570 4639 2712 4694 enim
2742 4636 2833 4706 qui
2862 4651 2919 4690 se
2963 4635 3207 4706 spiritum
3237 4634 3347 4705 (32)
3376 4647 3507 4689 con-

1938 4734 2063 4788 dere
2088 4732 2259 4787 fuerat
2281 4733 2600 4801 praelocutus
2618 4772 2634 4797 ,
2656 4740 2710 4785 et
2734 4730 2916 4784 facere
2938 4746 2953 4783 :
2982 4737 3037 4782 et
3060 4728 3349 4781 tonitruum
3374 4726 3512 4780 dixit

1939 4824 2158 4879 ﬁrmare
2184 4833 2239 4879 et
2268 4824 2556 4879 diluculum
2587 4833 2641 4877 et
2667 4821 2889 4877 nebulas
2917 4820 3117 4874 facere.
3153 4818 3208 4872 Si
3261 4818 3423 4887 igitur
3454 4818 3512 4871 in

1946 4917 2197 4986 praedicta
2234 4915 2543 4970 narratione
2573 4928 2981 4984 perseveramus
3003 4954 3019 4977 ,
3054 4911 3105 4965 id
3137 4921 3253 4978 est,
3287 4910 3339 4964 in
3372 4909 3512 4964 toni-

1944 5017 2065 5062 truo
2104 5015 2155 5061 et
2185 5006 2416 5061 diluculo
2460 5014 2514 5061 et
2560 5005 2828 5070 nubibus,
2886 5004 3135 5059 eumdem
3186 5002 3514 5056 narrationis

1947 5099 2189 5154 ordinem
2212 5100 2375 5153 etiam
2402 5100 2452 5152 in
2480 5098 2669 5167 spiritu
2696 5106 2883 5153 tenere
2904 5098 3159 5152 debemus
3178 5136 3192 5160 ,
3221 5104 3278 5149 ut
3299 5094 3350 5148 id
3372 5094 3515 5162 quod

1946 5189 2145 5243 dicitur
2164 5203 2193 5242 a
2223 5190 2330 5243 Deo
2357 5188 2463 5243 tale
2488 5189 2559 5243 sit
2584 5206 2596 5242 :
2622 5186 2693 5243 Ut
2718 5189 2933 5242 invoces
2964 5200 3069 5253 me,
3095 5186 3182 5255 qui
3211 5185 3349 5239 Deus
3372 5199 3514 5247 sum,

1949 5280 2037 5349 qui
2075 5281 2326 5337 universa
2357 5294 2585 5336 orocuro
2605 5320 2619 5346 ,
2650 5278 2743 5351 qui
2773 5289 2828 5335 et
2856 5287 3067 5337 creator
3093 5293 3213 5332 sum
3238 5274 3477 5331 omnimu
3499 5312 3516 5338 ,

2054 5483 2099 5514 “
2137 5483 2300 5535 Amos
2328 5495 2401 5545 IV,
2438 5478 2526 5547 12,
2560 5480 2648 5533 15‘.

1946 5624 2294 5688 concinnius,
2351 5641 2370 5674 ‹
2412 5623 2614 5690 pariter
2660 5620 2884 5685 effatus,
2925 5641 2943 5673 ι
2994 5630 3097 5675 etc.
3144 5620 3262 5674 Mox
3292 5619 3511 5675 Tbolos.

1955 5715 1972 5746 ι
2012 5695 2246 5748 formare
2286 5712 2304 5744 ι
2352 5694 2481 5762 legit
2510 5708 2607 5760 pro
2643 5711 2659 5743 ι
2701 5693 2941 5763 lirmare,
2991 5712 3008 5743 ι
3038 5696 3177 5763 quod
3212 5694 3519 5761 promiscue

1951 5768 2089 5820 intra
2116 5766 2207 5819 alii
2237 5767 2398 5821 etiam
2437 5778 2565 5819 mss.
2600 5762 2909 5833 praeferunt.
