4042 6404
548 253 685 308 1047
1786 263 2019 320 DIDYMI
2061 264 2133 320 AI

2231 261 2526 320 LANDRINI
3643 265 3758 327 1348

548 371 640 439 qui
671 371 827 424 firmo
861 369 1188 438 tonitruum,
1212 383 1268 428 et
1296 377 1473 432 condo
1501 378 1788 446 spiritum,
1833 383 1926 451 qui
1973 382 2117 437 dilu-
2148 396 2194 449 Α
2225 383 2431 438 dictum
2456 391 2562 444 est,
2604 397 2624 432 ι
2657 381 2749 450 qui
2775 395 2922 445 creo,
2959 397 2980 434 ι
3007 382 3132 450 quia
3166 395 3270 437 non
3305 384 3466 438 semel
3494 370 3628 442 venti
3649 389 3754 445 facti

545 457 724 514 culum
755 471 812 516 et
835 462 1080 517 nebulam
1109 465 1174 518 ad
1199 468 1458 534 quasdam
1491 470 1749 527 utilitates
1776 472 1916 530 facio
1943 475 2120 530 honii-
2225 479 2376 535 sunt,
2410 469 2503 523 sed
2535 469 2586 522 in
2614 482 2679 522 eo
2708 471 2851 538 quod
2874 470 3200 537 subsistunt,
3227 472 3470 541 quotidie
3497 473 3640 529 liunt.
3668 477 3758 533 Ne-

545 568 670 604 nnm
697 570 713 620 ;
744 569 1065 624 pra-parare,
1097 567 1156 610 ut
1183 558 1430 625 invoces,
1460 577 1493 614 ο
1517 563 1678 618 Israel
1703 581 1717 630 ;
1747 573 1805 619 ut
1837 582 1956 620 cum
1983 583 2122 637 pm-
2229 575 2336 630 que
2369 559 2515 615 enim
2552 558 2751 614 frustra
2797 561 2914 615 sine
2942 562 3186 625 articulo,
3223 565 3314 631 qui
3358 564 3410 617 in
3444 565 3628 620 Graeco
3655 583 3757 620 ser-

545 655 765 711 varalﬂs
807 644 974 701 fueris
1001 649 1066 700 ad
1115 650 1503 717 iuvocandum,
1531 663 1587 708 et
1615 669 1700 710 me
1723 657 1993 723 oraveris,
2027 659 2117 727 qui
2225 666 2384 706 mone
2430 651 2829 721 singularitatis
2867 653 3206 719 significatur
3243 664 3358 719 est,
3395 671 3533 710 nunc
3564 659 3760 726 spiritus

543 738 848 806 supradicta
880 743 1177 806 constituo,
1225 743 1483 802 felicitate
1524 759 1821 818 temporum
1841 791 1859 820 ,
1888 760 1943 806 et
1981 752 2120 806 alio.
2225 753 2442 798 creatus
2467 743 2686 808 dicitur,
2711 744 2967 812 quoniam
2994 760 3100 798 non
3129 755 3212 800 est
3236 756 3476 810 sanctus,
3506 763 3621 802 cum
3645 765 3762 817 pene

543 844 663 884 rum
693 833 956 887 bonorum
1000 834 1371 906 largitionibus
1409 838 1742 909 perfruaris,
1778 857 1863 897 me
1899 842 1992 897 tibi
2025 858 2123 910 per
2223 850 2440 905 semper
2481 833 2718 904 Spiritus
2773 847 2992 889 sanctus
3035 851 3157 890 cum
3205 837 3434 892 articulo
3463 841 3759 905 nominetur,

543 921 786 992 singulos
825 941 996 980 annos
1021 929 1198 980 omnia
1230 930 1382 995 juxta
1430 940 1636 985 natura:
1672 933 1916 987 ordinem
1955 935 2119 988 mini-
2221 939 2280 981 ut
2311 929 2362 982 in
2401 929 2495 982 illo
2517 927 2651 981 αὐτὸ
2679 927 2741 980 τὸ
2773 927 3018 997 Πνεῦμα,
3046 929 3098 982 id
3127 939 3210 983 est
3251 947 3269 980 ι
3306 930 3417 998 ipse
3449 931 3669 1000 Spiritus
3699 940 3762 986 te-

544 1021 782 1077 strante,
815 1024 871 1067 ut
900 1014 1124 1070 fecunde
1151 1033 1325 1072 annus
1354 1018 1523 1086 ﬂuat,
1557 1031 1613 1073 ut
1645 1023 1759 1077 suis
1787 1024 1979 1092 spatiis
2022 1025 2121 1078 lto-
2221 1020 2534 1074 stimonium
2573 1020 2823 1088 perhibet
2864 1020 3076 1088 spiritui
3125 1029 3306 1074 nostro
3352 1021 3434 1086 ⁶⁸ς
3471 1040 3491 1074 ι
3546 1033 3600 1076 et
3621 1022 3758 1088 alibi,

546 1116 730 1156 rarum
759 1114 1028 1161 momenta
1054 1107 1377 1174 decurrant,
1404 1120 1460 1163 ut
1483 1128 1582 1166 suo
1613 1121 1853 1182 tempore
1884 1115 2119 1170 tonitrua

2231 1111 2396 1174 Αὐτός
2415 1113 2561 1166 ἐστιν
2585 1111 2646 1164 τὸ
2671 1111 2966 1176 ζωοποιοῦν
2988 1112 3122 1182 ('54),
3145 1113 3194 1167 id
3216 1124 3346 1179 esl,t
3369 1117 3479 1184 ipse
3502 1125 3578 1170 est
3593 1117 3677 1185 qui
3702 1117 3765 1168 vi-

551 1198 827 1265 mugiant,
875 1208 933 1252 ut
969 1202 1227 1256 salutaris
1258 1217 1386 1255 aura
1418 1206 1737 1272 opportunis
1780 1205 1995 1261 ﬂatibus
2037 1208 2122 1261 in-
2223 1201 2404 1256 Vilica!
2433 1202 2532 1256 ⁸⁸.»
2568 1200 2632 1254 Et
2663 1216 2908 1254 rursum:
2937 1219 2954 1252 ι
2995 1201 3085 1257 Sic
3111 1210 3166 1256 ei
3191 1217 3310 1270 quae
3339 1204 3428 1257 Dei
3465 1214 3604 1267 sunt,
3631 1219 3764 1259 nemo

547 1289 734 1358 Spiret.
765 1290 822 1344 Si
851 1306 980 1346 vero
1006 1308 1101 1362 per
1137 1293 1448 1363 allegoriam
1474 1337 1490 1362 ,
1542 1298 1838 1351 tonitruum
1888 1308 1944 1352 et
1983 1299 2122 1353 diln-
2222 1293 2476 1360 cognovit
2507 1294 2608 1346 nisi
2639 1292 2700 1345 τὸ
2728 1291 2974 1364 Πνεῦμα,
3014 1312 3034 1345 ι
3070 1294 3122 1346 id
3153 1302 3237 1346 est
3270 1311 3287 1344 ι
3325 1293 3562 1364 Spiritus
3589 1295 3670 1348 Dei
3701 1312 3713 1348 :
3743 1311 3759 1346 ι

547 1378 756 1443 culum,
793 1391 844 1433 et
875 1381 1100 1448 nebula,
1133 1393 1187 1436 et
1222 1385 1429 1438 creatio
1476 1386 1698 1454 spiritus
1732 1386 2117 1456 intelligantur,
2220 1383 2281 1436 τὸ
2328 1382 2438 1454 γὰρ
2464 1383 2713 1454 Πνεῦμα,
2748 1384 2849 1437 hoc
2871 1393 2976 1445 est,
3019 1402 3037 1435 ι
3077 1385 3315 1450 Spiritus
3349 1387 3495 1439 enim
3521 1395 3764 1440 scrutatur

548 1485 654 1523 non
694 1470 1049 1526 substantiam
1106 1474 1220 1540 rei,
1265 1477 1358 1530 sed
1391 1477 1673 1548 figuratam
1716 1479 2122 1550 interpretatio-
2222 1478 2428 1542 omnia,
2474 1478 2636 1530 etiam
2666 1477 2773 1530 alta
2810 1478 2901 1530 Dei
2939 1478 3006 1531 ⁷ο.
3053 1497 3072 1530 ι
3114 1479 3177 1532 Ει
3201 1483 3369 1534 multa
3401 1496 3520 1546 quia
3543 1481 3606 1534 de
3642 1480 3766 1535 Scri-

548 1574 668 1612 ncm
699 1561 1095 1630 signiﬁcabant.
2229 1566 2406 1632 pluris
2446 1566 2623 1620 sacris
2657 1581 2951 1635 excerpere
2991 1568 3250 1634 possibile
3287 1580 3394 1624 est.
3431 1571 3580 1638 Quod
3619 1571 3762 1626 sicubi

620 1652 708 1708 15.
763 1654 914 1719 Quod
950 1656 1061 1710 sie
1100 1656 1317 1712 diverso
1349 1660 1664 1728 opposuerit
1712 1660 2002 1717 manifeste
2054 1663 2121 1718 de
2225 1670 2349 1710 raro
2414 1655 2531 1710 sine
2594 1655 2825 1710 articulo
2884 1657 3197 1710 nominatur
3251 1656 3487 1727 Spiritus
3541 1670 3763 1724 sanctus,

547 1741 750 1813 Spiritu
784 1755 973 1801 sancto
1019 1749 1136 1803 haec
1162 1749 1290 1814 dici,
1323 1753 1448 1820 quia
1483 1751 1749 1808 inferatur
1774 1754 1840 1807 ad
1889 1755 2122 1809 creatio.
2153 1732 2196 1787 Β
2231 1748 2514 1802 sciendum
2536 1757 2620 1801 est
2647 1761 2769 1801 cum
2791 1749 3163 1802 additamento
3183 1763 3304 1803 eum
3341 1751 3604 1804 nominari
3625 1751 3764 1821 signi-

548 1851 670 1890 ncm
706 1837 980 1906 Spiritus,
1019 1839 1149 1894 illud
1195 1843 1339 1910 quod
1395 1845 1643 1913 sequitur
1677 1863 1693 1899 :
1731 1862 1751 1897 ι
1803 1845 1871 1899 Ει
1917 1862 2126 1902 annon-
2227 1841 2422 1893 licante
2462 1837 2915 1908 magniﬁcentiam
2957 1839 3096 1908 ejus.
3137 1839 3418 1909 Siquidem
3454 1843 3646 1896 dicitur
3686 1842 3767 1894 ali-

550 1930 694 1984 tians
726 1930 779 1984 in
815 1947 1007 1986 omnes
1045 1932 1159 2004 (55)
1187 1934 1434 1989 homines
1475 1935 1747 1994 Christum
1780 1954 1968 2006 suum;
2011 1957 2030 1990 ι
2069 1940 2122 1992 in
2224 1932 2441 2000 quando
2469 1939 2525 1986 et
2558 1931 2675 1986 sine
2701 1931 2930 1986 articulo
2954 1972 2968 1996 ,
3003 1947 3125 1986 cum
3160 1947 3265 1986 non
3301 1933 3418 2000 ipse
3452 1948 3547 2002 per
3576 1947 3662 1998 se,
3690 1933 3764 1987 sed

549 2018 778 2076 Hebraeo
805 2023 1058 2089 habetur,
1081 2036 1109 2076 ἰ
1145 2026 1433 2080 annuntiat
1460 2028 1514 2080 in
1551 2028 1824 2084 hominem
1857 2030 2123 2099 loquelam
2227 2026 2573 2095 participatio
2603 2025 2720 2095 ejus
2767 2025 3076 2080 ostenditur
3126 2043 3141 2080 :
3195 2035 3254 2079 ut
3303 2035 3456 2095 puta,
3495 2044 3513 2076 ι
3563 2026 3767 2096 Spiritus

547 2128 739 2178 suam;
776 2135 795 2165 ι
833 2119 978 2184 quod
1011 2117 1222 2172 scilicet
1252 2118 1342 2196 qui
1371 2129 1587 2175 creator
1608 2132 1693 2175 est
1721 2123 1984 2187 omnium,
2015 2123 2128 2191 ipse

2231 2119 2356 2173 Elite
2386 2119 2468 2183 ⁷¹;
2502 2137 2521 2170 ι
2553 2127 2628 2183 et,
2664 2137 2683 2169 ι
2721 2117 2929 2185 Spiritu
2969 2118 3244 2173 ambulate
3273 2119 3341 2185 τ’,
3376 2137 3396 2170 ι
3446 2125 3502 2173 et
3543 2133 3766 2186 quaecun-

550 2206 716 2260 etiam
767 2208 1046 2276 prophetis
1086 2208 1183 2280 [aL
1223 2209 1541 2284 praphetas]
1592 2213 1853 2283 inspiret,
1885 2223 1940 2267 et
1970 2229 2124 2268 suam
2226 2225 2331 2278 que
2363 2209 2448 2262 his
2479 2207 2674 2261 similia
2709 2218 2855 2260 sunt.

555 2313 655 2366 per
683 2313 776 2352 eos
816 2299 1126 2354 hominibus
1174 2301 1374 2356 indicet
1402 2303 1758 2359 voluntatem.
1810 2306 1876 2358 Et
1910 2307 1976 2360 ad
2027 2306 2129 2360 hoc

2303 2301 2390 2354 i6.
2434 2299 2698 2366 QuOniam
2736 2299 2897 2368 igitur
2925 2314 2990 2353 cx
3018 2299 3123 2363 his,
3152 2314 3273 2368 qua:
3305 2299 3616 2357 memoravi.
3644 2307 3691 2353 et
3713 2313 3764 2352 ex

550 2391 990 2458 respondendum
1021 2403 1121 2454 est,
1152 2395 1280 2463 quia
1313 2394 1532 2464 quidam
1567 2397 1805 2451 haeretici
1834 2397 1996 2452 alium
2033 2414 2129 2454 ex-
2227 2392 2412 2447 multis
2467 2391 2609 2456 aliis,
2647 2406 2751 2444 non
2812 2405 2934 2445 esse
3003 2401 3306 2444 creaturam
3371 2389 3626 2460 Spiritum
3663 2404 3767 2441 san-

559 2495 644 2536 ll‘a
675 2491 976 2539 creatorem
1023 2484 1310 2540 Dominum
1357 2487 1578 2543 Patrem
1626 2478 1928 2545 Saluatoris
1973 2508 2127 2546 nien.
2240 2496 2387 2539 ctum
2443 2485 2874 2537 demonstratum
2915 2493 3032 2547 est,
3073 2497 3340 2549 nusquam
3399 2480 3766 2535 conditionibus

552 2573 783 2638 tiuntur,
818 2575 920 2629 hoc
951 2575 1270 2644 impiissime
1301 2579 1658 2645 praedicantes
1689 2597 1703 2633 :
1740 2596 1847 2634 non
1888 2583 2124 2636 scelera-
2233 2585 2660 2632 connumeratus
2696 2585 2799 2636 est,
2837 2575 2931 2628 sed
2966 2587 3180 2640 semper
3213 2588 3334 2625 eum
3374 2571 3537 2625 Patre
3577 2582 3626 2625 et
3655 2568 3766 2622 Filio

555 2674 662 2719 tam
692 2680 881 2720 eorum
917 2667 1284 2734 suspicionem
1320 2669 1670 2736 providentes
1701 2686 1729 2722 a
1759 2671 1869 2725 Deo
1896 2673 2126 2740 percuti,
2227 2669 2438 2737 positus
2472 2687 2484 2721 :
2519 2682 2665 2720 nunc
2691 2666 2972 2720 videamus
2996 2680 3158 2735 quam
3191 2679 3312 2718 cum
3347 2673 3578 2732 utroque
3606 2661 3768 2716 habeat

549 2757 765 2812 dicente
797 2774 810 2810 :
843 2757 958 2828 Ego
986 2758 1228 2814 formans
1258 2757 1468 2831 [Vatic.
1506 2759 1757 2833 ﬁrmans]
1803 2764 2127 2830 tonitruum,
2231 2758 2654 2814 indili'ereutiam
2693 2756 2794 2828 [αι.
2832 2753 3244 2828 diﬂ‘erentiam].
3295 2755 3353 2809 1ιι
3403 2756 3509 2810 line
3552 2753 3768 2824 Epistolis

552 2860 607 2903 et
646 2865 843 2904 creans
869 2852 1120 2918 spiritum
1149 2862 1206 2906 et
1238 2852 1374 2906 alias
1401 2854 1586 2906 mundi
1617 2864 1799 2921 partes
1842 2854 2046 2908 faciens
2075 2865 2130 2908 et
2231 2854 2512 2916 secundm,
2547 2868 2708 2922 quam
2743 2852 2808 2905 ad
2839 2851 3151 2906 Corinthios
3185 2849 3379 2905 scribit
3412 2849 3625 2912 Paulus,
3667 2846 3727 2899 ait
3755 2862 3767 2897 :

553 2936 888 3003 gubernans,
929 2937 1197 2990 annuntio
1229 2938 1283 2990 in
1331 2936 1584 2992 homines
1614 2938 1891 2991 Christum
1927 2955 2126 2992 meum.
2237 2963 2255 2997 ι
2295 2944 2482 3000 Gratia
2533 2943 2746 2998 Domini
2790 2943 2961 2997 nostri
3009 2941 3136 2996 Jesn
3186 2941 3432 3008 Christi,
3481 2949 3535 2996 et
3568 2939 3771 2994 charitas

551 3026 619 3081 Et
654 3029 758 3084 hoc
792 3031 936 3083 enim
987 3030 1345 3100 providentia:
1387 3045 1522 3086 mete
1559 3045 1693 3100 opus
1740 3047 1905 3100 super
1939 3033 2121 3086 omnia
2160 3093 2194 3104 Α
2229 3036 2362 3100 Dei,
2397 3044 2452 3089 et
2487 3035 2910 3090 communicatio
2945 3036 3118 3090 sancti
3158 3033 3434 3104 Spiritus,
3475 3031 3545 3086 sit
3590 3041 3772 3097 semper

552 3136 716 3189 opera
741 3137 859 3176 mea
891 3132 998 3188 est,
1035 3133 1094 3176 ut
1117 3138 1222 3177 non
1255 3123 1428 3177 solum
1457 3139 1645 3179 eorum
1670 3140 1789 3193 quae
1815 3125 1947 3179 foris
1975 3137 2120 3193 sunt,
2154 3123 2196 3150 υ
2232 3143 2354 3182 cum
2387 3128 2640 3180 omnibus
2668 3127 2820 3182 vobis
2841 3127 2906 3179 ⁷³.
2949 3145 2968 3179 ι
3003 3126 3324 3181 Ostenditur
3354 3126 3556 3194 quippe
3584 3138 3640 3176 ex
3673 3135 3768 3175 ser-

556 3215 649 3269 sed
680 3225 736 3270 et
761 3231 885 3286 quae
918 3217 986 3272 ad
1011 3215 1439 3271 emolumentum
1476 3216 1672 3271 animm
1700 3227 1756 3270 et
1790 3217 1988 3271 mentis
2015 3217 2122 3270 uti-
2233 3235 2395 3274 mone
2443 3218 2696 3286 praesenti
2741 3234 2848 3273 una
2889 3217 3175 3272 Trinitatis
3217 3217 3520 3286 assumptio
3554 3233 3566 3269 :
3599 3227 3706 3267 cum
3736 3210 3772 3263 is

556 3309 762 3362 litatem
808 3307 906 3380 [αι.
963 3307 1348 3380 humilitatem]
1383 3308 1693 3378 pertinent,
1726 3323 1889 3363 causa
1948 3309 2124 3364 subsi-
2235 3311 2325 3381 qui
2362 3312 2591 3381 gratiam
2637 3311 2837 3366 Christi
2878 3310 3124 3380 accepit,
3174 3308 3375 3364 habeat
3405 3323 3523 3362 eam
3554 3313 3654 3358 tam
3692 3314 3770 3370 per

555 3409 721 3453 stam.
765 3397 876 3468 Ego
913 3399 1019 3453 hoc
1051 3399 1195 3468 quod
1230 3399 1466 3464 dicitur,
1504 3417 1523 3450 ι
1561 3397 1701 3453 Creo
1760 3398 2046 3467 spiritum,
2101 3416 2120 3449 ι
2233 3401 2755 3457 administrationem
2781 3399 2980 3467 Patris,
3005 3416 3165 3470 quam
3189 3415 3285 3469 per
3313 3399 3646 3469 largitionem
3673 3392 3771 3461 Spi-

555 3504 709 3560 aeque
737 3491 976 3546 arbitror
1006 3493 1265 3563 positum,
1294 3506 1360 3546 ac
1386 3492 1430 3546 si
1460 3490 1757 3556 diceretur,
1776 3505 1971 3546 creans
1999 3505 2130 3544 ven-
2231 3495 2370 3549 ritus
2411 3493 2606 3548 sancti.
2648 3494 2817 3548 Datur
2846 3493 2989 3548 enim
3021 3509 3049 3546 a
3083 3493 3191 3547 Deo
3218 3492 3382 3546 Patre
3426 3502 3480 3546 et
3511 3490 3602 3564 [αι.
3628 3503 3655 3540 a
3686 3485 3770 3538 Do-

561 3592 698 3637 tum.
727 3583 868 3638 Deus
898 3584 1098 3654 quippe
1127 3581 1290 3638 ﬂatus
1321 3583 1456 3650 hos,
1489 3584 1580 3653 qui
1609 3597 1705 3652 per
1747 3583 1890 3637 aeris
1925 3592 2127 3636 motum
2233 3584 2404 3658 mino]
2431 3584 2556 3640 Jesu
2590 3585 2827 3650 Christo,
2849 3583 3002 3654 juxta
3031 3583 3158 3638 illud
3190 3602 3204 3640 :
3237 3601 3255 3635 ι
3288 3582 3478 3652 Gratia
3505 3581 3766 3639 vobiscum,

558 3671 900 3742 elﬁciuntur,
933 3673 1293 3745 dispositione
1327 3688 1425 3728 sua
1460 3674 1631 3739 ducit,
1668 3670 2131 3728 secundumtillud
2231 3687 2285 3734 et
2314 3693 2415 3748 pax
2449 3692 2478 3731 a
2521 3678 2628 3731 Deo
2661 3675 2841 3744 Patre,
2885 3686 2940 3731 et,
2987 3677 3216 3731 Domino
3265 3673 3396 3729 Jesu
3431 3675 3637 3730 Christo
3660 3669 3718 3732 7",
3748 3685 3764 3719 ι

559 3767 703 3834 quod
734 3765 865 3821 alibi
897 3765 1130 3836 legimus
1160 3781 1176 3819 :
1209 3785 1227 3818 ι
1268 3766 1371 3833 Qui
1405 3765 1658 3837 producit
1684 3775 1874 3820 ventos
1903 3764 1970 3838 de
2007 3763 2130 3817 the-
2236 3785 2341 3823 non
2373 3768 2535 3822 aliam
2571 3769 2734 3822 dante
2765 3768 2994 3835 gratiam
3028 3766 3187 3822 Patre
3221 3777 3275 3822 et
3305 3766 3469 3821 aliam
3501 3765 3764 3820 Salvatore.

559 3858 735 3911 sauris
777 3856 891 3912 suis
917 3857 986 3912 ".
1019 3877 1039 3910 ι
1072 3857 1216 3912 Bene
1247 3868 1431 3912 autem
1463 3857 1605 3928 quod
1636 3859 1688 3912 in
1717 3857 1831 3928 ipsa
1863 3856 2131 3911 sententia
2235 3857 2512 3927 Siquidem
2558 3867 2613 3911 et
2658 3871 2687 3909 a
2729 3854 2890 3911 Patre
2935 3865 2988 3911 et
3032 3854 3257 3909 Domino
3284 3853 3416 3910 Jesu
3447 3853 3652 3909 Christo
3673 3859 3767 3901 eam

557 3965 664 4006 non
698 3950 812 4014 ait;
854 3948 948 4019 qui
983 3950 1164 4003 creavi
1196 3967 1211 4003 :
1243 3949 1337 4004 sed
1372 3965 1393 4000 ι
1436 3951 1528 4019 qui
1560 3963 1687 4004 creo
1713 3949 1984 4020 spiritum.
2017 3967 2035 4001 ι
2071 3948 2129 4003 Si
2233 3950 2350 4006 dari
2376 3949 2642 4005 describit
2672 3947 2877 4020 [Vatia
2909 3947 3151 4020 scribit],
3187 3947 3429 4016 Spiritus
3456 3945 3619 4001 sancti
3647 3952 3767 3994 com-

555 4043 702 4108 enim
730 4042 796 4097 de
820 4041 1281 4097 substantialitate
1303 4042 1542 4112 Spiritus
1565 4046 1736 4097 sancti
1761 4047 1940 4097 sermo
1962 4050 2127 4107 esset,
2233 4043 2601 4098 nutricatione
2624 4041 2966 4112 completam.
2998 4041 3131 4095 Nam
3158 4051 3211 4096 et
3235 4041 3349 4109 ipse
3374 4038 3602 4108 Spiritus
3625 4033 3767 4086 dictus

557 4140 789 4194 dixisset
837 4135 1060 4203 utique,
1105 4135 1195 4203 qui
1243 4134 1447 4190 creavi.
1494 4133 1680 4204 Neque
1724 4135 1867 4190 enim
1917 4149 2132 4204 semper
2233 4143 2316 4189 est
2346 4115 2545 4206 gi-atia,
2573 4135 2871 4188 secundum
2903 4133 3073 4186 illud:
3111 4151 3130 4183 ι
3169 4132 3236 4186 Ει
3263 4131 3480 4201 spiritui
3512 4121 3766 4199 gratiieitt-

2154 3093 2196 3150 (ἶ

555 4231 801 4286 eumdem
845 4233 1020 4285 creat.
1057 4223 1211 4280 Nunc
1241 4234 1420 4280 autem
1463 4235 1864 4296 consequenter
1903 4225 1973 4280 de
1999 4224 2126 4280 ﬂatu

2227 4225 2430 4295 juriam
2461 4225 2689 4290 faciens,
2717 4225 2769 4280 in
2805 4240 2913 4295 quo
2947 4225 3316 4280 sanctiticatus
3345 4234 3434 4278 eat
3454 4223 3521 4275 ⁷³.
3560 4239 3578 4273 ι
3610 4218 3660 4271 ιιι
3686 4212 3765 4268 Zat—

624 4405 671 4440 "’
703 4405 846 4461 Psal.
874 4418 1094 4470 cxxxw,
1124 4403 1180 4458 7.
1255 4399 1303 4436 ⁸⁸
1339 4398 1501 4471 Rom.
1533 4401 1759 4471 vtn,l6.
1798 4469 1807 4471 _
1833 4401 1878 4433 ⁶⁹
1902 4400 2133 4455 Joan.vr.

2237 4441 2250 4454 .
2327 4401 2374 4433 ’°
2413 4399 2582 4456 lCor.
2609 4415 2670 4462 ιι.
2699 4400 2798 4471 io.
2861 4400 2905 4430 '”
2947 4397 3014 4471 lli
3041 4399 3172 4471 Reg.
3198 4415 3258 4466 ιι,
3291 4399 3384 4453 15.
3460 4398 3506 4431 τ’
3542 4393 3762 4453 Calai.“

558 4479 644 4534 16.
719 4479 767 4510 ⁷³
794 4477 837 4532 ιι
861 4479 986 4535 Cor.
1016 4490 1140 4541 xm,
1175 4475 1266 4530 1'5.

1348 4471 1397 4502 ⁷⁸
1435 4470 1592 4526 Rom.
1632 4487 1670 4538 ι,
1701 4470 1762 4537 7;
1793 4469 1810 4525 l
1836 4472 1962 4527 Cor.
1996 4489 2032 4535 ι,
2060 4471 2129 4538 3;
2157 4473 2364 4527 Coloss.
2392 4487 2428 4535 ι.
2457 4472 2512 4526 3.

2622 4471 2668 4502 "
2709 4469 2873 4526 Hebr.
2903 4485 2959 4527 ιι.
2985 4469 3076 4524 29.

630 4618 746 4689 (35)
790 4618 985 4676 Vocem
1023 4637 1043 4671 ι
1080 4634 1270 4676 omnes
1297 4638 1317 4672 ι
1360 4634 1538 4690 neque
1567 4636 1696 4677 mss.
1728 4621 1923 4682 nostri,
1954 4618 2130 4690 neque
2159 4623 2207 4682 ι)
2231 4633 2386 4690 suum
2456 4611 2601 4690 quod
2664 4613 2929 4668 llebraice
2997 4612 3196 4668 dicitur
3272 4611 3501 4678 Messio,
3548 4605 3764 4690 scribitur

557 4691 741 4744 Ληιυεί
770 4701 948 4744 textus
982 4691 1200 4756 habent,
1235 4705 1464 4757 eamque
1495 4705 1625 4745 Sane
1655 4692 1838 4747 malim
1869 4691 2126 4760 expungi.

557 4762 1182 4832 Annotationemuporro
1238 4775 1301 4816 ex
1355 4761 1584 4816 Hebraeo
1640 4777 1746 4816 non
1805 4778 1868 4814 ex
1921 4761 2129 4832 Didymi

561 4830 801 4903 ingenio,
831 4831 926 4900 qui
970 4829 1267 4903 Hebraicas
1312 4832 1526 4903 litteras
1566 4833 1784 4903 penitus
1824 4829 2131 4903 ignarabat,

563 4900 657 4972 sed
690 4901 976 4972 u_t_ique¥ex
1025 4901 1355 4971 Hieronymo
1383 4900 1696 4972 profecisse.
1741 4902 1870 4958 mihi
1911 4917 2135 4972 persua-

562 4971 684 5042 deo.
719 4969 854 5023 Nam
885 4970 944 5025 S.
980 4986 1193 5039 quoque
1226 4969 1548 5028 Ambrosius
1581 4974 1670 5042 qui
1703 4972 1796 5027 lib.
1830 4987 1868 5026 tt
1900 4969 1978 5025 De
2009 4971 2132 5040 Spi-

563 5040 673 5094 ritu
701 5050 882 5094 sancto
909 5043 1032 5094 huic
1061 5057 1126 5095 ex
1155 5044 1339 5097 Amosi
1366 5043 1485 5098 loco
1510 5040 1798 5111 olijectioni
1827 5045 2130 5111 respondet,

567 5112 708 5165 hanc
733 5114 874 5182 apud
901 5111 1185 5182 Didymum
1208 5113 1534 5168 solutionem
1560 5129 1624 5168 ex
1661 5113 1885 5167 Hebraeo
1915 5128 1976 5166 se
2004 5112 2136 5165 india

567 5191 656 5234 cat
681 5196 786 5234 non
802 5181 1015 5250 legisse,
1036 5197 1160 5236 cum
1184 5183 1327 5237 illam
1347 5185 1569 5238 omnino
1593 5183 1913 5238 dissimulet.
1932 5184 2137 5248 Argue-

569 5251 700 5304 bant
745 5259 921 5322 autem
969 5252 1204 5322 hmretici
1241 5269 1307 5308 ex
1350 5270 1414 5309 eo
1452 5254 1601 5316 loco,
1657 5253 1828 5307 creari
1871 5251 2135 5322 Spiritum

2231 4703 2327 4758 per
2358 4685 2710 4758 ha_s__l_itteras
2767 4701 2779 4736 :
2837 4698 3128 4758 IEI,_S_IN,
3183 4699 3299 4747 ιοι),
3349 4699 3513 4758 ιιετιι.
3556 4687 3762 4758 ebrii”.

2228 4747 2370 4826 quod
2419 4753 2563 4826 LXX
2619 4765 2963 4826 putaverunt.
2994 4753 3088 4807 Sin
3141 4767 3316 4826 autem
3373 4766 3432 4826 ut
3475 4747 3758 4826 inilebrft}.

2227 4819 2277 4882 et
2305 4826 2446 4895 apud
2491 4819 2717 4895 reliquos
2770 4824 3076 4892 interpretes
3121 4835 3224 4889 est,
3274 4825 3358 4879 his
3390 4823 3576 4878 litteris
3604 4819 3760 4895 scribi:

2231 4881 2350 4959 tur:
2403 4911 2536 4956 usit,
2587 4881 2678 4960 tiE,
2731 4895 2871 4962 quod
2908 4881 3017 4948 'est
3077 4910 3171 4963 tu,
3212 4881 3354 4949 'hoc
3407 4903 3488 4948 est
3530 4881 3759 4960 quodﬂei

2228 4968 2374 5038 quid.
2438 4967 2638 5038 Deinde
2706 4981 2811 5038 Sta.
2847 4981 2961 5021 tuo.
3005 4981 3188 5038 umn,
3225 4966 3384 5038 quod
3422 4964 3634 5032 legimus
3676 4967 3757 5038 su.

2229 5025 2281 5094 i'd
2323 5047 2405 5091 est
2429 5035 2714 5106 eloquium.
2755 5035 2831 5107 0“
2859 5038 3018 5104 igitur
3051 5025 3190 5107 quod
3223 5025 3586 5107 scribitur'per
3620 5025 3756 5107 solani

2235 5111 2471 5162 litteram
2514 5093 2639 5166 itu.
2667 5093 2963 5166 αὑτοῦ,”ιι1
2983 5093 3082 5160 est.
3106 5106 3242 5172 ejus,
3279 5093 3562 5168 signilieat,
3599 5093 3755 5172 simul:

2235 5193 2339 5245 que
2384 5163 2725 5232 commistum
2775 5163 2970 5242 legitur
3021 5163 3266 5230 ηιαέὶοά
3319 5163 3472 5229 Unde
3527 5163 3756 5224 concludit

2238 5251 2404 5303 Deum
2455 5263 2549 5315 per
2584 5247 2876 5313 prophetas
2941 5248 3179 5300 indicare
3232 5247 3554 5299 voluntatem
3578 5246 3754 5315 _sua_llli

571 5320 842 5383 sanctum,
883 5330 940 5374 ut
969 5321 1277 5376 hominibus
1305 5309 1653 5378 annuntiaret
1681 5309 1977 5377 Christum.
2009 5323 2140 5387 Qui-
2233 5309 2710 5387 eosque-turpiter
2749 5333 2955 5378 errare,
3009 5318 3100 5385 qui
3149 5318 3310 5370 alium
3367 5326 3515 5387 extra
3571 5309 3756 5387 Creato:

570 5392 672 5464 lius
697 5402 753 5444 ut
774 5400 999 5464 reponat
1022 5391 1401 5464 Hieronymus,
1428 5410 1531 5464 non
1562 5396 1633 5446 ita
1659 5395 1709 5446 in
1738 5391 1964 5447 Hebraeo
1990 5390 2137 5464 loute

571 5462 673 5528 legi
709 5461 926 5524 asserit,
958 5477 1020 5514 ac
1057 5463 1196 5530 apud
1227 5461 1400 5528 LXX,
1437 5463 1530 5518 sed
1565 5465 1749 5518 haberi
1781 5481 1801 5514 ι
1851 5462 2137 5517 annuntiat

572 5532 626 5612 in
681 5531 1252 5612 hpmineuiloquelam
1295 5551 1475 5612 suam.
1520 5552 1539 5585 ι
1583 5533 1760 5612 Atque
1812 5534 1882 5588 ita
1919 5533 2133 5611 quidem

574 5603 1101 5672 ipseinterpretatus
1127 5612 1233 5672 est,
1255 5604 1613 5672 exposuitque
1637 5606 1688 5658 iu
1709 5603 2134 5667 Commentariis,

574 5673 665 5725 ubi
697 5669 1013 5743 LXXAverbi
1046 5669 1396 5727 similitudine
1424 5683 1477 5728 et
1509 5669 1860 5743 ambiguitate
1882 5676 2136 5743 deceptos

578 5751 750 5798 notat.
781 5765 800 5793 ι
837 5741 1094 5806 Sienim,
1147 5760 1165 5794 ι
1210 5745 1402 5814 inquit,
1475 5762 1494 5795 ι
1541 5741 1806 5813 legamus,
1863 5742 2136 5799 Christum

2238 5373 2374 5450 rem',
2415 5373 2626 5441 l‘atrein
2659 5387 2859 5440 Christi
2902 5373 3250 5450 inducebant,
3279 5401 3399 5439 cum
3421 5385 3578 5436 Amos
3594 5390 3684 5450 non
3683 5373 3754 5450 “de.

2242 5441 2447 5527 Spiritu
2487 5460 2581 5510 sed
2619 5457 2685 5509 de
2709 5466 2886 5523 vento,
2912 5472 3087 5527 neque
3108 5441 3175 5513 de
3214 5441 3448 5521 Christo,
3479 5451 3565 5506 sed
3595 5448 3651 5502 de
3680 5441 3753 5495 Dei

2244 5526 2593 5581 meditatione
2624 5526 2892 5594 loquatur.

2312 5597 2424 5668 (δι)
2450 5597 2558 5668 Sic
2586 5591 2833 5668 equidem
2857 5596 2985 5651 editi
3015 5598 3218 5652 habent
3235 5607 3290 5652 et
3317 5591 3749 5668 ιιιεεηξεάηνεὶβθζ

2244 5659 2658 5722 τιιιίι.ἘιιιειιιΙ;ι
2691 5682 2758 5720 ex
2806 5667 2922 5734 ipso
2971 5668 3192 5723 Joannis
3251 5679 3417 5731 textu,
3453 5664 3512 5734 τὸ
3562 5659 3750 5722 Πνεῦμα

2243 5737 2361 5793 ἐστὶ
2387 5736 2448 5791 τὸ
2478 5735 2797 5806 ζωοποιοῦν,
2829 5755 2849 5788 ι
2883 5737 3116 5808 Spiritus
3140 5748 3242 5806 est,
3265 5737 3354 5809 qui
3380 5733 3617 5791 viviﬁcat.
3642 5746 3659 5778 ι
