4042 6404
238 348 378 405 1049

1372 353 1577 413 LIBER
1618 356 1707 413 DE
1748 357 2020 415 SPilllTU
2064 358 2352 416 SANC'I‘O.

3346 360 3484 417 1050

234 466 427 522 cliaria
452 480 669 537 quoque
697 466 1025 537 rcpromittit
1051 466 1191 524 Deus
1210 467 1505 526 el'l'usurum
1529 488 1608 538 se,
1633 472 1812 538 idest,
1844 478 1891 535 Α
1919 491 2037 544 quae
2075 475 2248 529 eidem
2285 474 2399 546 (57)
2441 472 2757 530 substantiae
2802 476 3031 547 ὁμουσια
3072 485 3226 542 sunt,
3270 481 3484 535 easdem

237 558 712 613 abundantissime
732 561 1056 613 tributurmn
1080 558 1379 615 Jerusalem
1411 564 1660 631 Spiritum
1691 580 1810 634 gra-

237 649 325 703 tiae
348 657 401 703 et
422 650 873 705 miserationis".
897 650 1028 704 Cum
1058 652 1201 705 enim
1230 652 1353 721 quis
1375 652 1612 723 Spiritus
1635 655 1806 711 sancti

236 734 513 802 acceperit
541 735 795 801 gratiam,
829 735 1045 789 habebit
1075 752 1193 789 eam
1220 737 1402 792 datam
1431 754 1460 793 a
1491 739 1601 795 Deo
1625 739 1806 807 Patre,

236 831 292 875 et
321 838 351 875 a
376 820 503 878 Jesu
531 824 748 878 Christo
772 822 1002 877 Domino
1027 836 1234 880 nostro.
1267 823 1384 880 Una
1410 826 1573 899 igitur
1604 831 1801 899 gratia,

236 913 414 969 Patris
435 925 488 969 et
504 914 645 982 Filii,
664 926 718 971 et
736 915 968 984 Spiritus
992 919 1163 971 sancti
1184 917 1499 986 operatione
1515 922 1806 991 completa,

242 1004 487 1058 Trinitas
532 1004 692 1058 unius
743 1006 1059 1059 substantia:
1107 1005 1534 1063 demonstratur.
1586 1009 1644 1063 in
1697 1012 1804 1066 alio

235 1112 460 1166 quoque
495 1098 614 1152 loco
655 1113 670 1150 :
706 1114 724 1148 ι
767 1097 1039 1161 Charitas,
1080 1116 1097 1147 ι
1143 1099 1315 1167 inquit
1354 1099 1421 1164 ⁷⁷,
1471 1117 1491 1151 ι
1539 1100 1629 1155 Dei
1681 1115 1804 1156 cum

237 1191 497 1244 omnibus
525 1190 699 1254 vobis,
745 1208 763 1242 ι
803 1204 923 1258 qua:
952 1206 981 1243 a
1024 1188 1293 1245 Trinitate
1337 1200 1392 1246 et
1431 1194 1708 1257 tribuitur,
1755 1203 1811 1249 et

236 1283 508 1335 tirmatur.
553 1281 643 1334 Ait
671 1279 869 1349 quippe
901 1279 1197 1336 Salvator:
1233 1299 1253 1334 ι
1308 1282 1411 1349 Qui
1453 1284 1605 1338 audit
1645 1284 1809 1338 verba

236 1389 382 1438 mea,
414 1386 469 1428 et
499 1385 681 1428 servat
713 1388 774 1427 ea
804 1372 940 1444 (35),
977 1373 1065 1429 hic
1094 1385 1177 1430 est
1220 1378 1311 1447 qui
1346 1378 1523 1448 diligit
1559 1390 1664 1431 me.
1707 1376 1809 1444 Qui

231 1475 417 1520 autem
452 1464 622 1535 diligit
653 1480 760 1528 me,
795 1464 1047 1535 diligetur
1079 1483 1109 1520 a
1146 1467 1308 1521 Patre
1336 1483 1479 1534 meo,
1504 1478 1561 1522 et
1588 1484 1687 1537 ego
1723 1469 1809 1523 di-

231 1563 397 1631 ligam
426 1576 547 1614 eum
576 1561 645 1615 ".
680 1580 697 1613 ι
735 1560 919 1632 Neque
941 1564 1084 1619 enim
1116 1561 1217 1615 alia
1250 1562 1467 1617 dilectio
1496 1573 1579 1618 est
1608 1562 1803 1617 Salva-

236 1654 378 1708 toris
406 1665 569 1722 super
600 1652 689 1707 bis
713 1653 804 1721 qui
834 1666 1108 1720 amantur,
1142 1664 1197 1707 et
1229 1654 1331 1709 alia
1365 1654 1581 1710 dilectio
1614 1653 1810 1709 Patris.

231 1746 380 1800 Deus
407 1746 553 1800 enim
575 1745 749 1814 diligit
788 1746 841 1800 in
871 1745 1121 1810 salutem,
1147 1746 1273 1817 quia
1306 1766 1325 1798 ‹
1359 1747 1439 1801 sic
1461 1747 1650 1800 dilexit
1670 1746 1811 1801 Deus

1916 567 2116 621 habent
2162 565 2539 636 operationes;
2567 574 2619 620 et
2644 581 2763 635 quae
2789 566 3009 620 alterius
3048 568 3390 635 substantiae,
3432 582 3488 625 et

1924 661 2248 731 ἀνομούσια,
2285 661 2499 715 dissona
2533 672 2694 729 atque
2724 661 2933 715 diversa
2960 670 3103 716 sunt.

1985 755 2081 810 18.
2124 754 2310 823 Neque
2336 752 2477 807 enim
2512 767 2577 806 ex
2610 752 2695 805 his
2724 760 2930 805 tantum
2959 767 3077 820 qua:
3107 753 3483 821 prmmtsintus,

1921 846 2205 903 Trinitatis
2242 846 2423 900 unitas
2462 846 2722 898 docetur:
2759 846 2853 897 sed
2900 860 2964 898 ex
3006 846 3486 901 innumerabilibus

1914 935 2059 1000 aliis,
2094 935 2159 989 de
2211 934 2410 1004 quibus
2454 949 2668 987 rursum
2706 934 3000 987 secundmn
3040 950 3193 987 suum
3240 936 3483 990 ordinem

1918 1041 2089 1094 pauca
2150 1040 2433 1096 ponemus.
2478 1024 2727 1092 Arguens
2768 1024 2957 1079 Petrus
2993 1026 3287 1092 Auaniam,
3330 1028 3380 1079 in
3423 1042 3487 1082 eo

1915 1116 2055 1185 quod
2110 1117 2162 1169 in
2209 1116 2518 1169 venditione
2552 1116 2702 1184 agri,
2740 1117 2892 1184 cujus
2935 1132 2992 1170 se
3030 1128 3203 1172 totmn
3254 1119 3484 1187 pretium

1916 1206 2176 1262 obtulisse
2223 1206 2459 1272 dicebat,
2501 1206 2745 1261 fraudem
2798 1208 3011 1262 iecisset
3051 1223 3082 1262 e
3125 1208 3300 1264 medio
3338 1210 3482 1281 (58);

1914 1299 2094 1354 sancti
2150 1296 2387 1369 Spiritus
2420 1298 2680 1353 unitatem
2720 1298 2786 1353 ad
2826 1300 3015 1367 Deum,
3053 1316 3158 1355 non
3190 1302 3485 1356 secundum

1913 1409 2232 1460 numerum,
2267 1395 2361 1449 sed
2394 1392 2549 1463 juxta
2583 1393 2934 1449 substantiam
2970 1398 3359 1467 comprobavit,
3404 1399 3487 1453 di-

1914 1501 2045 1540 cens
2071 1502 2087 1539 :
2123 1505 2140 1536 ι
2174 1485 2407 1553 Auania,
2437 1500 2605 1555 quare
2634 1486 2922 1556 complevit
2945 1487 3174 1543 Satanas
3194 1504 3289 1543 cor
3313 1500 3483 1554 tuum,

1916 1587 1975 1632 ut
2023 1578 2336 1632 mentireris
2384 1579 2608 1650 Spiritui
2652 1590 2876 1644 sancto,
2925 1590 2981 1634 et
3020 1578 3379 1636 absconderes
3421 1582 3486 1635 de

1916 1668 2091 1738 pretio
2137 1668 2295 1739 agri?
2327 1666 2515 1724 Nonne
2556 1685 2783 1725 manens
2820 1671 2916 1725 tibi
2954 1671 3227 1737 manebat,
3266 1682 3319 1725 et
3357 1687 3489 1726 ven-

1916 1760 2085 1813 ditutn
2111 1759 2164 1813 in
2204 1770 2289 1814 tua
2315 1771 2433 1814 erat
2459 1761 2768 1829 potestate?
2794 1762 2971 1828 Quare
2994 1764 3216 1829 posuisti
3242 1764 3292 1817 in
3324 1763 3486 1818 corde

235 1839 528 1905 mundum,
556 1848 616 1890 ut
640 1836 833 1891 Filium
862 1853 1016 1891 suum
1047 1838 1381 1906 unigenitum
1410 1839 1593 1892 daret:
1618 1847 1675 1892 ut
1702 1852 1813 1892 om-
1842 1846 1886 1903 Β
1917 1861 2008 1904 tuo
2056 1850 2196 1906 hanc
2246 1852 2403 1906 rem?
2442 1852 2556 1907 Non
2590 1854 2899 1909 hominibus
2948 1855 3205 1910 ιηρηιίιυε
3253 1872 3342 1921 es,
3392 1854 3485 1910 sed

230 1930 321 1983 nis
366 1929 457 1998 qui
497 1930 671 1983 credit
714 1929 766 1984 in
815 1929 986 1999 ipsum
1025 1927 1121 2000 [αι.
1165 1928 1417 1998 Filium),
1450 1944 1553 1983 non
1590 1939 1806 1999 pereat,

232 2019 334 2073 sed
369 2019 565 2073 habeat
593 2020 756 2074 vitam
795 2030 1051 2075 aeternam
1084 2021 1153 2076 "’.
1186 2039 1205 2073 ι
1239 2019 1503 2075 Similiter
1533 2030 1584 2076 et
1618 2022 1805 2087 Filius,

232 2110 331 2180 qui
364 2109 473 2163 vita
505 2119 610 2177 est,
640 2119 697 2164 ut
731 2111 930 2165 tribuat
962 2112 1124 2165 vitam
1157 2120 1210 2166 et
1234 2113 1487 2178 salutem,
1520 2113 1692 2183 diligit
1718 2129 1811 2169 eos

235 2216 382 2269 quos
419 2201 531 2255 vult
567 2201 681 2254 lieri
714 2200 987 2257 meliores.
1024 2200 1180 2256 Unde
1220 2217 1405 2257 amare
1434 2218 1492 2257 se.
1523 2203 1654 2258 dicit
1686 2219 1808 2258 eum

225 2293 324 2361 qui
367 2303 579 2347 amatur
605 2310 634 2347 a
663 2294 843 2348 Patre.
878 2294 942 2347 Et
974 2293 1040 2347 de
1070 2308 1135 2347 eo
1165 2295 1379 2364 ponitur
1418 2296 1469 2348 iu
1498 2297 1757 2366 propheta
1791 2314 1806 2353 :

237 2402 259 2434 ι
295 2384 367 2438 Et
401 2385 514 2454 ipse
538 2385 768 2441 salvabit
797 2386 936 2451 illos,
963 2385 1086 2454 quia
1123 2386 1309 2441 dilexit
1339 2387 1458 2444 illos
1488 2388 1555 2441 ⁸⁰.
1600 2408 1619 2441 ι

304 2477 396 2531 Π.
429 2474 581 2531 Hanc
593 2477 960 2544 dilectionem,
977 2477 1212 2532 fructum
1226 2493 1346 2533 esse
1363 2477 1595 2549 Spiritus
1610 2480 1806 2544 sancti,

228 2578 575 2623 contestatur
601 2569 920 2640 Apostolus,
952 2571 1089 2625 sicut
1112 2580 1165 2624 et
1192 2570 1467 2641 gaudium,
1499 2581 1555 2626 et
1582 2588 1797 2642 pacein,

245 2674 374 2729 quae
398 2676 427 2715 a
453 2660 613 2716 Patre
640 2661 980 2717 ministratur
1008 2672 1062 2717 et
1082 2661 1241 2729 Filio,
1272 2663 1459 2718 dicens
1486 2682 1499 2718 :
1533 2682 1551 2715 ι
1581 2663 1812 2720 Fructus

228 2763 419 2806 autem
454 2754 698 2822 spiritus,
736 2754 1014 2825 gaudium,
1060 2770 1188 2824 pax,
1224 2756 1466 2811 charitas
1499 2756 1566 2810 “.
1624 2775 1645 2809 ι
1683 2758 1811 2823 Quae

228 2845 481 2900 eharitas
540 2844 705 2901 ell‘usa
762 2856 844 2902 est
896 2848 948 2902 in
1019 2848 1275 2904 cordibus
1328 2850 1663 2904 credentium
1717 2866 1812 2919 per

229 2934 497 3003 Spiritum
546 2946 813 2989 sanctum.
866 2954 885 2987 ι
943 2934 1196 2992 Charitas
1264 2937 1495 3007 quippe,
1538 2938 1653 3003 ait,
1717 2938 1809 2993 Dei

228 3025 431 3081 diii'usa
476 3037 559 3081 est
598 3027 650 3081 in
706 3027 958 3083 cordibus
1002 3028 1200 3083 vestris
1255 3027 1434 3101 [ΤΙιοι.
1483 3029 1709 3103 nostris]
1757 3031 1807 3085 in

228 3121 443 3190 Spiritu
485 3133 674 3176 saneto
698 3121 766 3176 θ’.
804 3140 823 3173 ι
854 3120 1041 3177 Omnis
1076 3122 1277 3192 quippe
1308 3123 1399 3193 qui
1438 3124 1806 3178 communicat

1914 1944 2022 1998 Deo
2052 1943 2126 1996 ⁸⁸.
2167 1962 2185 1996 ι
2225 1941 2282 1997 Si
2316 1945 2459 1999 enim
2496 1947 2586 2013 qui
2624 1947 2851 2000 Domino
2898 1949 3155 2002 mentitur
3178 1988 3193 2015 ,
3228 1949 3488 2003 mentitur

1911 2036 2136 2108 Spiritui
2196 2047 2418 2107 sancto;
2452 2049 2505 2093 et
2559 2040 2649 2109 qui
2696 2040 2921 2110 Spiritui
2970 2051 3158 2095 sancto
3208 2041 3485 2107 mentitur,

1913 2129 2177 2182 mentitur
2206 2129 2315 2184 Deo
2344 2148 2357 2185 :
2393 2129 2526 2183 nulli
2562 2131 2782 2185 dubium
2817 2140 2919 2195 est,
2953 2130 3284 2185 consortium
3316 2129 3489 2199 Spiri-

1913 2229 2000 2274 tus
2049 2220 2221 2273 sancti
2269 2236 2389 2276 esse
2434 2238 2557 2276 cum
2606 2222 2734 2278 Deo.
2785 2222 2851 2277 Et
2885 2238 2993 2292 quo
3022 2223 3179 2276 modo
3230 2222 3489 2277 sanmitas

1911 2310 2162 2364 subsistit
2192 2310 2244 2363 in
2288 2312 2417 2375 Deo,
2454 2312 2641 2367 eodem
2673 2313 2832 2367 modo
2868 2321 2920 2366 et
2955 2312 3132 2367 deitas
3165 2311 3262 2384 [aL
3290 2312 3487 2366 divini-

1914 2400 2021 2473 tas]
2057 2402 2380 2473 intelligitur
2416 2401 2467 2456 in
2518 2402 2722 2470 Spiritu
2755 2412 2967 2457 sancto.
3004 2402 3109 2459 Iste
3138 2414 3318 2457 autem
3361 2402 3485 2474 Spi—

1912 2496 2049 2548 ritus
2084 2503 2322 2557 sanctus,
2356 2509 2517 2561 quem
2549 2494 2785 2549 diximus
2830 2494 3071 2563 ejusdem
3115 2506 3320 2549 natura:
3363 2511 3487 2551 esse

1915 2600 2037 2639 cum
2081 2582 2266 2650 Patre,
2312 2587 2474 2640 etiam
2503 2602 2529 2638 a
2560 2586 2678 2640 Filii
2705 2587 2986 2642 divinitate
3015 2604 3117 2643 non
3149 2586 3348 2655 iliﬂ‘ert,
3377 2587 3492 2643 Sal-

1910 2685 2102 2731 vatore
2136 2676 2347 2731 dicente
2380 2675 2662 2746 discipulis
2692 2699 2704 2734 :
2739 2696 2757 2728 ι
2795 2677 2932 2733 Cutn
2964 2678 3015 2732 in
3053 2680 3389 2749 Synagogam
3419 2679 3485 2734 ad

1915 2766 2257 2836 principatus
2303 2778 2358 2823 et
2392 2778 2693 2839 potestates
2737 2769 3139 2826 introduxerint
3167 2788 3285 2836 vos,
3321 2772 3487 2827 nolite

1914 2858 2132 2914 solliciti
2165 2873 2308 2924 esse,
2341 2862 2631 2929 quomodo,
2655 2870 2748 2914 aut
2779 2862 2907 2932 quid
2940 2863 3332 2932 respondeatis.
3367 2863 3488 2933 Spi-

1919 2950 2056 3005 ritus
2086 2951 2230 3004 enim
2285 2960 2508 3007 sanctus
2547 2951 2763 3005 docebit
2811 2968 2904 3007 vos
2946 2952 2999 3007 in
3050 2953 3139 3007 illa
3179 2956 3311 3008 hora
3357 2955 3485 3024 quid

1912 3043 2157 3097 debeatis
2206 3042 2391 3098 dicere
2429 3043 2496 3099 ⁸³.
2539 3042 2729 3098 Ponite
2760 3045 2810 3098 in
2851 3045 3106 3100 cordibus
3141 3047 3335 3102 veStris
3378 3063 3485 3101 non

1916 3134 2280 3203 prtemeditari
2314 3135 2380 3189 ad
2425 3136 2880 3205 respondendum.
2912 3136 3022 3206 Ego
3053 3138 3195 3191 enim
3223 3138 3362 3193 dabo
3395 3153 3484 3191 vo.

236 3213 471 3284 Spiritui
501 3224 710 3279 sancto,
738 3228 836 3282 per
861 3213 1329 3283 participationem
1359 3214 1475 3283 ejus
1500 3215 1805 3270 communi-

1912 3228 1995 3283 bis
2031 3244 2093 3284 os
2125 3238 2180 3283 et
2212 3203 2533 3297 sapientiam
2566 3228 2701 3299 (59),
2743 3230 2827 3283 cui
2880 3203 2985 3283 non
3033 3240 3293 3298 poterunt
3349 3232 3487 3286 resi-

230 3316 340 3371 cat,
368 3305 525 3375 juxta
555 3304 684 3357 illud
723 3324 737 3359 :
770 3322 788 3355 ι
828 3302 893 3357 Ει
920 3305 1340 3359 communicatio
1362 3307 1534 3360 sancti
1567 3306 1805 3375 Spiritus

232 3395 303 3447 sit
327 3408 546 3464 semper
573 3409 694 3447 cum
718 3395 968 3448 omnibus
998 3397 1151 3449 vobis
1174 3394 1242 3448 ⁸³.
1278 3413 1297 3446 ι
1327 3395 1393 3449 Et
1419 3396 1475 3450 in
1509 3397 1616 3452 alio
1647 3398 1765 3454 loco
1791 3412 1806 3451 :

248 3507 267 3538 ι
298 3487 356 3541 Si
380 3503 484 3557 qua
523 3488 945 3544 communicatio
982 3487 1216 3554 Spiritus
1242 3485 1311 3541 “.
1359 3506 1378 3540 ι
1427 3488 1562 3543 Cum
1601 3489 1807 3543 habue-

252 3578 318 3631 rit
350 3579 668 3649 sapientiam
705 3579 795 3633 Dei
830 3591 885 3633 et
908 3594 1236 3646 sermonem,
1267 3588 1321 3635 et
1348 3579 1402 3633 in
1438 3580 1691 3635 omnibus
1718 3595 1811 3635 ve-

244 3669 447 3723 ritatem
486 3684 500 3721 :
530 3668 750 3723 habebit
782 3684 997 3739 quoque
1030 3670 1364 3726 consortium
1400 3671 1711 3727 sanctitatis
1755 3672 1806 3725 in

236 3758 428 3828 Patre,
464 3771 517 3814 et
555 3758 725 3826 Filio,
762 3770 817 3814 et
844 3760 1049 3830 Spiritu
1080 3771 1287 3816 sancto.
1338 3780 1356 3813 ι
1388 3758 1585 3817 Fidelis
1628 3772 1808 3816 autem

234 3853 396 3919 Dens,
440 3868 535 3921 per
563 3842 721 3923 quem
761 3854 937 3910 vocati
973 3854 1173 3909 estisin
1209 3855 1319 3925 (56)
1369 3857 1812 3911 communicatio-

231 3962 363 4004 nem
394 3946 516 4005 Filii
548 3945 665 4015 ejus
707 3947 772 4000 ⁸⁵.
810 3967 828 4001 ι
881 3947 1084 4003 Scribit
1116 3958 1171 4003 et
1212 3948 1448 4003 Joannes
1487 3949 1553 4002 de
1586 3948 1751 4003 Patre
1789 3966 1804 4003 :

227 4064 247 4094 ι
288 4043 351 4100 Si
381 4045 436 4098 in
472 4041 673 4100 lumine
704 4040 1062 4107 ambulamus,
1087 4045 1227 4097 sicut
1254 4045 1369 4113 ipse
1390 4056 1471 4097 est
1503 4045 1555 4097 in
1587 4045 1805 4113 lumine,

222 4140 782 4194 communicationem
814 4136 1077 4191 habemus
1098 4152 1218 4191 cum
1248 4136 1337 4192 illo
1355 4136 1422 4193 ⁸⁸.
1454 4156 1473 4190 ι
1508 4137 1571 4191 Ει
1599 4138 1805 4193 adhuc:

234 4254 253 4284 ι
287 4231 728 4286 Commuuicatio
758 4242 938 4286 autem
988 4237 1172 4283 nostra
1214 4244 1337 4284 cum
1377 4227 1539 4284 Patre
1577 4239 1631 4283 et
1675 4228 1810 4283 Filio

230 4326 357 4391 ejus
396 4321 527 4379 Jesu
558 4322 773 4379 Christo
806 4323 873 4377 ⁸⁷.
908 4342 928 4375 ι
967 4318 1137 4392 Igitur
1166 4320 1475 4391 quicunque
1510 4321 1809 4376 communi-

221 4428 318 4472 cat
370 4417 603 4485 Spiritui
653 4428 864 4482 sancto,
914 4417 1098 4472 statim
1130 4414 1501 4471 communicat
1549 4412 1698 4468 Patri
1754 4423 1811 4469 et

221 4513 388 4567 Filio.
420 4511 505 4580 ,Et
537 4512 627 4580 qui
676 4511 1000 4566 charitatem
1038 4510 1201 4565 habet
1233 4508 1437 4574 Patris,
1487 4508 1651 4563 habet
1686 4522 1806 4562 eam

220 4624 251 4658 a
283 4604 447 4670 Filio,
485 4604 850 4661 contributam
886 4619 984 4674 per
1014 4602 1277 4673 Spiritum
1315 4611 1586 4658 sanctum.
1615 4600 1723 4655 Sed
1751 4609 1807 4656 et

220 4699 317 4766 qui
355 4697 633 4768 particeps
658 4707 741 4752 est
773 4697 964 4767 gratiae
985 4693 1117 4750 Jesu
1146 4694 1374 4761 Christi,
1404 4692 1651 4749 eamdem
1678 4708 1804 4762 gra-

227 4792 362 4844 tiam
392 4788 581 4853 habet,
610 4788 793 4844 datam
823 4803 854 4842 a
898 4786 1060 4841 Patre
1104 4802 1200 4856 per
1239 4785 1502 4857 Spiritum
1532 4794 1801 4842 sanctum.

221 4883 281 4937 in
313 4880 571 4937 omnibus
600 4880 744 4935 enim
781 4880 1112 4948 approbatur
1151 4879 1395 4932 eamdem
1433 4880 1804 4947 operationem

221 4988 352 5028 esse
390 4970 594 5037 Patris,
644 4979 700 5023 et
744 4968 889 5031 Filii,
938 4976 994 5021 et
1034 4967 1272 5037 Spiritus
1316 4969 1515 5026 sancti.
1562 4968 1803 5035 Quorum

220 5078 409 5121 autem
446 5080 553 5118 una
576 5073 661 5119 est
685 5062 954 5132 operatio,
986 5076 1089 5113 una
1120 5068 1205 5115 est
1227 5070 1281 5115 et
1302 5061 1604 5115 substantia
1635 5080 1649 5116 :
1675 5062 1803 5131 quia

296 5224 342 5254 ⁷³
380 5218 616 5274 Lachar.
654 5232 753 5279 xn,
795 5215 881 5271 l0.
958 5215 1002 5246 ""
1040 5213 1363 5276 lICor.xtu,
1389 5216 1477 5270 15.
1551 5216 1598 5247 ⁷⁸
1626 5214 1778 5270 Joan.

312 5293 468 5321 (ἀι-ιι
525 5304 554 5321 υ
600 5287 668 5321 ος)
765 5287 977 5321 81η..ηι
1052 5302 1079 5321 υ
1158 5286 1189 5321 Κ
1283 5287 1331 5319 ιι
1383 5287 1418 5321 ΙΙ
1473 5285 1577 5321 nm
1626 5302 1718 5321 rm
1796 5290 1806 5321 i

1911 5217 2024 5281 ,2I.
2102 5220 2148 5250 7°

1956 5290 2003 5321 οι
2035 5290 2165 5321 nhil:

626 5287 690 5340 θ.
765 5287 811 5318 ⁸⁸
843 5287 999 5339 lium.
1052 5302 1104 5349 ν,
1156 5286 1210 5338 5.
1283 5287 1331 5319 ⁸⁸
1382 5287 1419 5339 il
1473 5285 1743 5349 Commi,
1796 5290 1806 5341 l

626 5358 672 5389 ⁸⁸
711 5358 833 5412 Act.
878 5372 930 5423 v,
972 5357 1028 5421 5,
1066 5356 1121 5410 4.
1194 5356 1239 5387 ⁸³
1314 5356 1445 5411 Luc.
1475 5372 1571 5421 xu,
1606 5360 1687 5421 ll,
1735 5358 1801 5412 12

1956 5290 2003 5321 ⁸⁵
2034 5290 2262 5357 Philipp.
2302 5306 2361 5353 II,
2403 5289 2454 5342 1.

1911 5361 1943 5392 ’θ
1983 5361 2115 5415 Luc.
2145 5375 2258 5425 xxi,
2298 5360 2385 5425 M,
2426 5358 2513 5414 15.

218 5295 269 5324 ⁸¹
312 5293 493 5347 Gaiat.
525 5287 690 5352 v,‘2?..
765 5287 811 5318 ⁸⁸
843 5287 999 5339 lium.
1052 5302 1104 5349 v,
1156 5286 1210 5338 5.

218 5364 268 5393 ⁸⁷
310 5362 444 5417 ibid.
483 5360 540 5414 3.

1910 3331 2077 3388 stere,
2108 3332 2200 3376 aut
2229 3321 2690 3377 contradicere”.
2727 3340 2744 3373 ι
2776 3321 2841 3374 Ει
2869 3323 2920 3374 in
2948 3322 3030 3375 his
3054 3322 3249 3391 quippe
3269 3322 3478 3387 dicens,

1912 3428 2020 3469 non
2065 3412 2264 3467 debere
2293 3427 2387 3467 eos
2432 3426 2555 3467 esse
2601 3411 2899 3479 sollicitos,
2946 3412 3076 3481 quid
3122 3412 3486 3480 respondeant

1911 3505 2429 3569 contradicentibus,
2479 3505 2605 3573 quia
2648 3504 2702 3558 in
2734 3504 2923 3558 eadem
2963 3504 3095 3558 hora
3129 3505 3423 3559 doceantur
3454 3520 3487 3559 a

1912 3595 2119 3665 Spiritu
2149 3604 2342 3650 sancto
2370 3595 2497 3664 quid
2527 3596 2762 3649 debeant
2796 3594 3123 3664 respondere
3151 3613 3165 3649 :
3192 3597 3376 3649 statim
3406 3611 3490 3649 tn-

1913 3688 2032 3744 tulit
2065 3704 2185 3760 qua:
2208 3687 2281 3743 sit
2311 3703 2477 3742 causa
2508 3687 2741 3751 ﬁducia,
2776 3704 2795 3738 ι
2833 3686 3043 3754 Ponite,
3084 3706 3104 3740 ι
3142 3689 3349 3754 dicens,
3382 3707 3401 3740 ι
3434 3689 3485 3743 in

1911 3780 2166 3835 cordibus
2190 3779 2386 3834 vestris
2411 3793 2516 3833 non
2542 3777 2908 3848 praemeditari
2932 3778 2997 3832 ad
3018 3779 3484 3849 respondendum:

1911 3885 2012 3940 ego
2039 3871 2184 3925 enim
2212 3869 2352 3925 dabo
2381 3870 2541 3926 vobis
2573 3885 2636 3925 os
2664 3879 2720 3924 et
2748 3870 3097 3939 sapientiam,
3138 3871 3224 3925 cui
3252 3886 3357 3925 non
3385 3886 3486 3942 po-

1913 3971 2092 4017 terunt
2131 3963 2404 4030 resistere,
2445 3973 2539 4016 aut
2572 3962 2971 4017 contradicere.
3004 3981 3025 4013 »
3054 3962 3188 4017 Cum
3215 3963 3359 4019 enim
3401 3963 3485 4019 di-

1910 4056 2071 4118 xerit,
2102 4054 2154 4108 in
2196 4063 2440 4122 tempore
2472 4055 2837 4122 respondendi
2875 4054 3055 4110 doceri
3084 4070 3179 4111 eos
3211 4071 3240 4109 a
3278 4054 3483 4125 Spiritu

1910 4157 2099 4203 sancto
2123 4147 2249 4217 quid
2285 4149 2515 4203 debeant
2542 4147 2891 4218 respondere,
2914 4164 2968 4202 in
3007 4147 3355 4217 sequentibus
3378 4149 3483 4204 ait:

1915 4256 1935 4290 ι
1977 4238 2087 4306 Ego
2121 4237 2265 4292 enim
2313 4238 2454 4293 dabo
2489 4238 2643 4293 vobis
2682 4252 2743 4292 os
2782 4247 2837 4292 et
2874 4238 3219 4308 sapientiam,
3254 4257 3274 4290 ι
3305 4247 3411 4293 etc.

1980 4331 2069 4387 l9.
2124 4331 2203 4386 Ex
2235 4331 2430 4402 quibus
2465 4331 2769 4387 ostenditur
2796 4330 3117 4402 sapientiam
3162 4346 3282 4401 quae
3319 4330 3484 4387 disci-

1910 4422 2051 4493 pulis
2077 4423 2238 4478 datur
2261 4439 2290 4478 a
2318 4422 2459 4478 Filio
2484 4422 2723 4492 Spiritus
2750 4422 2925 4477 sancti
2956 4436 3077 4477 esse
3108 4421 3431 4490 sapientiam
3458 4438 3475 4475 :

1837 4544 1883 4598 ι)
1911 4526 1966 4571 et
1994 4515 2302 4570 doctrinam
2346 4514 2580 4579 Spiritus
2622 4513 2823 4581 sancti,
2858 4513 3071 4567 Domini
3112 4527 3235 4567 esse
3284 4512 3489 4566 doctri~

1915 4622 2041 4663 nam
2079 4625 2093 4661 :
2132 4620 2411 4676 unumque
2443 4614 2651 4659 natura:
2679 4614 2734 4658 et
2767 4603 3065 4658 voluntatis
3098 4616 3220 4657 esse
3257 4616 3486 4657 consor-

1914 4699 2050 4754 tium
2101 4696 2339 4767 Spiritus
2372 4694 2549 4751 sancti
2597 4710 2720 4750 cum
2754 4692 2911 4748 Filio.
2966 4692 3033 4747 Et
3075 4693 3201 4762 quia
3236 4690 3493 4760 superius

1913 4793 2342 4847 demonstratum
2382 4799 2467 4845 est
2497 4789 2707 4844 socium
2754 4802 2875 4842 esse
2905 4801 3003 4855 per
3034 4795 3283 4839 naturam
3315 4782 3489 4851 Spiris

1912 4892 2025 4936 tum
2065 4878 2356 4950 Unigenito
2404 4878 2535 4942 Dei,
2582 4887 2638 4932 et
2673 4877 2783 4931 Deo
2823 4875 2973 4929 Patri
3008 4891 3023 4928 :
3054 4873 3224 4927 Filius
3264 4887 3392 4926 vero
3431 4883 3487 4927 et

1911 4972 2077 5028 Pater
2108 4988 2270 5026 unum
2302 4980 2450 5037 sunt,
2474 4969 2627 5038 juxta
2660 4969 2788 5023 illud
2815 4986 2829 5022 :
2867 4986 2888 5019 ι
2922 4967 3035 5035 Ego
3057 4976 3112 5020 et
3135 4964 3295 5019 Pater
3318 4979 3485 5017 unum

1913 5080 2101 5120 sumus
2128 5064 2172 5098 “
2199 5106 2214 5121 .
2257 5082 2276 5115 ι
2322 5078 2429 5117 non
2465 5061 2638 5116 divisa
2683 5058 2783 5132 [αι.
2817 5056 3080 5129 indivisa}
3107 5066 3163 5111 et
3203 5057 3487 5125 insepara-

2102 5216 2336 5297 7-f_loan.
2360 5232 2441 5297 ιιι,
2468 5215 2577 5297 l6:_
2614 5214 2840 5297 _3°nisai.
2872 5228 3071 5297 ιιιιιιιιιιι
3095 5211 3193 5297 (ζὲξ
3229 5227 3393 5272 xxxv,

2530 5287 2577 5319 ⁸⁸
2614 5287 2629 5339 l
2674 5286 2796 5341 Cor.
2827 5300 2867 5350 I,
2899 5286 2952 5339 9.
3026 5284 3073 5315 ”
3114 5284 3131 5336 Ι
3168 5283 3322 5337 Joan.
3354 5298 3393 5347 ι,
3428 5283 3482 5335 7.

2590 5357 2633 5389 ³³
2673 5357 2828 5412 Joan.
2875 5371 2930 5416 χ,
2958 5354 3045 5408 50.

299 5482 413 5551 (35)
458 5478 678 5534 Tholos.
718 5492 847 5544 ms.,
879 5495 901 5530 ι
939 5477 1042 5544 Qui
1074 5476 1237 5531 habet
1278 5481 1531 5533 mandata
1568 5492 1711 5545 mea,
1753 5487 1811 5534 et
1906 5481 1997 5550 qui
2042 5491 2221 5536 tamen
2266 5479 2407 5537 haud
2445 5488 2596 5534 recte
2624 5493 2749 5537 mox
2786 5478 2947 5531 habet
2979 5474 3205 5530 ἁνούσια
3240 5488 3335 5543 pro
3362 5473 3485 5527 ἀνο-

225 5562 433 5616 ιῖιιτηι,
470 5569 489 5601 ι
532 5559 637 5604 etc.

300 5622 412 5693 (36)
456 5620 631 5675 V'atic.
662 5621 750 5675 hic
785 5629 952 5693 atque
986 5617 1127 5693 inira
1161 5627 1532 5693 constanter}
1561 5633 1805 5693 commu-

223 5688 448 5747 nionem
473 5710 492 5742 ι
516 5705 613 5760 pro
633 5708 654 5743 ι
683 5691 1229 5745 communicationem
1256 5708 1274 5741 ι
1304 5689 1453 5757 legit.
1479 5688 1595 5743 Mox
1627 5707 1649 5740 r
1676 5692 1801 5757 quia

221 5765 396 5831 igitur
430 5763 757 5832 quicunque,
799 5781 817 5813 ι
850 5772 958 5815 etc.

312 5832 424 5902 (57)
452 5828 790 5888 ‘Autea'erat
819 5851 839 5885 ι
871 5832 1133 5900 ejusdem,
1173 5850 1192 5885 ι
1241 5830 1591 5888 dissentiente
1623 5828 1797 5886 Vatic.

1907 5556 2126 5623 μούσια.

1974 5623 2087 5691 (58)
2130 5621 2296 5678 Vetus
2326 5622 2494 5678 editio
2533 5639 2553 5674 ι
2588 5636 2658 5679 ex
2681 5618 2980 5691 dimidim)
3032 5616 3373 5691 concinnius.

1971 5686 2083 5762 (59)
2124 5693 2287 5749 Addit
2330 5694 2503 5752 Vatic.
2532 5707 2660 5748 cum
2695 5691 2866 5749 veteri
2881 5686 3038 5756 edit.,
3076 5705 3097 5740 ι
3133 5686 3184 5741 id
3228 5696 3331 5749 est,
3364 5698 3483 5737 scr-

1902 5779 2136 5821 nionem.
2180 5782 2205 5817 ι
