  <div class='ocr_page' id='page_1' title='image "/cluster/home/n/w/nwhite01/storage/ocr_20150623/39/hvd.32044037979440/537.png"; bbox 0 0 4042 6404; ppageno 0'>
   <div class='ocr_carea' id='block_1_1' title="bbox 657 261 788 317">
    <p class='ocr_par' dir='ltr' id='par_1_1' title="bbox 657 261 788 317">
     <span class='ocr_line' id='line_1_1' title="bbox 657 261 788 317; baseline -0.008 0"><span class='ocrx_word' id='word_1_1' title='bbox 657 261 788 317; x_wconf 72' lang='grc'><strong>1051</strong></span> 
     </span>
    </p>
   </div>
   <div class='ocr_carea' id='block_1_2' title="bbox 1880 266 2623 328">
    <p class='ocr_par' dir='ltr' id='par_1_2' title="bbox 1880 266 2623 328">
     <span class='ocr_line' id='line_1_2' title="bbox 1880 266 2623 328; baseline 0.009 -6"><span class='ocrx_word' id='word_1_2' title='bbox 1880 266 2114 325; x_wconf 76' lang='grc' dir='ltr'><strong>ΒΙΒΥΜΙ</strong></span> <span class='ocrx_word' id='word_1_3' title='bbox 2151 268 2623 328; x_wconf 76' lang='lat' dir='ltr'><strong>ALEXANDRINI</strong></span> 
     </span>
    </p>
   </div>
   <div class='ocr_carea' id='block_1_3' title="bbox 3698 290 3798 349">
    <p class='ocr_par' dir='ltr' id='par_1_3' title="bbox 3698 290 3798 349">
     <span class='ocr_line' id='line_1_3' title="bbox 3698 290 3798 349; baseline 0.05 -5"><span class='ocrx_word' id='word_1_4' title='bbox 3698 290 3798 349; x_wconf 71' lang='grc'><strong>1052</strong></span> 
     </span>
    </p>
   </div>
   <div class='ocr_carea' id='block_1_4' title="bbox 660 378 3802 460">
    <p class='ocr_par' dir='ltr' id='par_1_4' title="bbox 660 378 3802 460">
     <span class='ocr_line' id='line_1_4' title="bbox 660 378 3802 460; baseline 0.006 -26"><span class='ocrx_word' id='word_1_5' title='bbox 660 380 806 446; x_wconf 82' lang='lat' dir='ltr'><strong>bilis,</strong></span> <span class='ocrx_word' id='word_1_6' title='bbox 847 378 1142 434; x_wconf 86' lang='lat' dir='ltr'><strong>secundum</strong></span> <span class='ocrx_word' id='word_1_7' title='bbox 1182 388 1455 444; x_wconf 87' lang='lat' dir='ltr'><strong>naturam,</strong></span> <span class='ocrx_word' id='word_1_8' title='bbox 1489 388 1704 434; x_wconf 85' lang='lat' dir='ltr'><strong>ostensa</strong></span> <span class='ocrx_word' id='word_1_9' title='bbox 1739 389 1823 434; x_wconf 90' lang='lat' dir='ltr'><strong>est</strong></span> <span class='ocrx_word' id='word_1_10' title='bbox 1859 381 2118 436; x_wconf 88' lang='lat' dir='ltr'><strong>Trinitas.</strong></span> <span class='ocrx_word' id='word_1_11' title='bbox 2162 380 2217 436; x_wconf 87' lang='lat' dir='ltr'><strong>In</strong></span> <span class='ocrx_word' id='word_1_12' title='bbox 2248 387 2294 442; x_wconf 80' lang='grc' dir='ltr'>Α</span> <span class='ocrx_word' id='word_1_13' title='bbox 2323 385 2390 436; x_wconf 91' lang='lat' dir='ltr'><strong>ab</strong></span> <span class='ocrx_word' id='word_1_14' title='bbox 2427 382 2533 436; x_wconf 86' lang='lat' dir='ltr'><strong>alio</strong></span> <span class='ocrx_word' id='word_1_15' title='bbox 2578 382 2897 452; x_wconf 84' lang='lat' dir='ltr'><strong>sapientiam</strong></span> <span class='ocrx_word' id='word_1_16' title='bbox 2929 422 2942 436; x_wconf 93' lang='lat'><strong>.</strong></span> <span class='ocrx_word' id='word_1_17' title='bbox 3001 397 3174 454; x_wconf 86' lang='lat' dir='ltr'><strong>neque</strong></span> <span class='ocrx_word' id='word_1_18' title='bbox 3203 399 3299 455; x_wconf 85' lang='lat' dir='ltr'><strong>per</strong></span> <span class='ocrx_word' id='word_1_19' title='bbox 3331 385 3588 456; x_wconf 86' lang='lat' dir='ltr'><strong>cujusdam</strong></span> <span class='ocrx_word' id='word_1_20' title='bbox 3629 395 3802 460; x_wconf 73' lang='lat' dir='ltr'><strong>alterius</strong></span> 
     </span>
    </p>
   </div>
   <div class='ocr_carea' id='block_1_5' title="bbox 651 469 2218 541">
    <p class='ocr_par' dir='ltr' id='par_1_5' title="bbox 651 469 2218 541">
     <span class='ocr_line' id='line_1_5' title="bbox 651 469 2218 541; baseline 0 -14"><span class='ocrx_word' id='word_1_21' title='bbox 651 473 758 527; x_wconf 89' lang='lat' dir='ltr'><strong>alio</strong></span> <span class='ocrx_word' id='word_1_22' title='bbox 788 486 998 541; x_wconf 75' lang='lat' dir='ltr'><strong>queque</strong></span> <span class='ocrx_word' id='word_1_23' title='bbox 1027 469 1314 540; x_wconf 80' lang='lat' dir='ltr'><strong>Evangelia</strong></span> <span class='ocrx_word' id='word_1_24' title='bbox 1344 470 1542 526; x_wconf 91' lang='lat' dir='ltr'><strong>dicitur</strong></span> <span class='ocrx_word' id='word_1_25' title='bbox 1571 487 1586 524; x_wconf 92' lang='lat'><strong>:</strong></span> <span class='ocrx_word' id='word_1_26' title='bbox 1614 489 1632 523; x_wconf 83' lang='lat' dir='ltr'><strong>t</strong></span> <span class='ocrx_word' id='word_1_27' title='bbox 1676 471 1790 526; x_wconf 84' lang='lat' dir='ltr'><strong>Non</strong></span> <span class='ocrx_word' id='word_1_28' title='bbox 1809 474 1952 527; x_wconf 88' lang='lat' dir='ltr'><strong>enim</strong></span> <span class='ocrx_word' id='word_1_29' title='bbox 1974 489 2069 528; x_wconf 89' lang='lat' dir='ltr'><strong>vos</strong></span> <span class='ocrx_word' id='word_1_30' title='bbox 2086 475 2218 527; x_wconf 87' lang='lat' dir='ltr'><strong>estis</strong></span> 
     </span>
    </p>
   </div>
   <div class='ocr_carea' id='block_1_6' title="bbox 647 559 2214 633">
    <p class='ocr_par' dir='ltr' id='par_1_6' title="bbox 647 559 2214 633">
     <span class='ocr_line' id='line_1_6' title="bbox 647 559 2214 633; baseline 0.001 -17"><span class='ocrx_word' id='word_1_31' title='bbox 647 563 739 632; x_wconf 88' lang='lat' dir='ltr'><strong>qui</strong></span> <span class='ocrx_word' id='word_1_32' title='bbox 773 561 1072 631; x_wconf 81' lang='lat' dir='ltr'><strong>loquimini,</strong></span> <span class='ocrx_word' id='word_1_33' title='bbox 1121 562 1212 616; x_wconf 91' lang='lat' dir='ltr'><strong>sed</strong></span> <span class='ocrx_word' id='word_1_34' title='bbox 1249 559 1480 630; x_wconf 85' lang='lat' dir='ltr'><strong>Spiritus</strong></span> <span class='ocrx_word' id='word_1_35' title='bbox 1503 560 1679 617; x_wconf 92' lang='lat' dir='ltr'><strong>Patris</strong></span> <span class='ocrx_word' id='word_1_36' title='bbox 1716 563 1878 617; x_wconf 88' lang='lat' dir='ltr'><strong>vestri</strong></span> <span class='ocrx_word' id='word_1_37' title='bbox 1900 565 1992 633; x_wconf 92' lang='lat' dir='ltr'><strong>qui</strong></span> <span class='ocrx_word' id='word_1_38' title='bbox 2043 563 2214 633; x_wconf 91' lang='lat' dir='ltr'><strong>loqui-</strong></span> 
     </span>
    </p>
   </div>
   <div class='ocr_carea' id='block_1_7' title="bbox 649 653 2216 726">
    <p class='ocr_par' dir='ltr' id='par_1_7' title="bbox 649 653 2216 726">
     <span class='ocr_line' id='line_1_7' title="bbox 649 653 2216 726; baseline 0.001 -18"><span class='ocrx_word' id='word_1_39' title='bbox 649 665 739 708; x_wconf 90' lang='lat' dir='ltr'><strong>tur</strong></span> <span class='ocrx_word' id='word_1_40' title='bbox 762 655 812 707; x_wconf 91' lang='lat' dir='ltr'><strong>in</strong></span> <span class='ocrx_word' id='word_1_41' title='bbox 837 653 985 708; x_wconf 80' lang='lat' dir='ltr'><strong>vobis</strong></span> <span class='ocrx_word' id='word_1_42' title='bbox 1011 655 1081 708; x_wconf 80' lang='lat'><strong>“.</strong></span> <span class='ocrx_word' id='word_1_43' title='bbox 1115 673 1134 707; x_wconf 75' lang='grc' dir='ltr'><strong>ι</strong></span> <span class='ocrx_word' id='word_1_44' title='bbox 1160 653 1217 708; x_wconf 90' lang='lat' dir='ltr'><strong>Si</strong></span> <span class='ocrx_word' id='word_1_45' title='bbox 1241 669 1371 724; x_wconf 86' lang='lat' dir='ltr'><strong>ergo</strong></span> <span class='ocrx_word' id='word_1_46' title='bbox 1396 655 1629 725; x_wconf 79' lang='lat' dir='ltr'><strong>Spiritus</strong></span> <span class='ocrx_word' id='word_1_47' title='bbox 1662 653 1840 709; x_wconf 86' lang='lat' dir='ltr'><strong>Patris</strong></span> <span class='ocrx_word' id='word_1_48' title='bbox 1875 654 1928 709; x_wconf 92' lang='lat' dir='ltr'><strong>in</strong></span> <span class='ocrx_word' id='word_1_49' title='bbox 1962 656 2216 726; x_wconf 87' lang='lat' dir='ltr'><strong>apostolis</strong></span> 
     </span>
    </p>
   </div>
   <div class='ocr_carea' id='block_1_8' title="bbox 646 746 2216 816">
    <p class='ocr_par' dir='ltr' id='par_1_8' title="bbox 646 746 2216 816">
     <span class='ocr_line' id='line_1_8' title="bbox 646 746 2216 816; baseline 0.002 -16"><span class='ocrx_word' id='word_1_50' title='bbox 646 746 902 816; x_wconf 86' lang='lat' dir='ltr'><strong>loquitur,</strong></span> <span class='ocrx_word' id='word_1_51' title='bbox 949 746 1145 802; x_wconf 87' lang='lat' dir='ltr'><strong>docens</strong></span> <span class='ocrx_word' id='word_1_52' title='bbox 1184 761 1277 801; x_wconf 89' lang='lat' dir='ltr'><strong>eos</strong></span> <span class='ocrx_word' id='word_1_53' title='bbox 1308 762 1427 816; x_wconf 79' lang='lat' dir='ltr'><strong>qua</strong></span> <span class='ocrx_word' id='word_1_54' title='bbox 1464 746 1692 801; x_wconf 83' lang='lat' dir='ltr'><strong>debeant</strong></span> <span class='ocrx_word' id='word_1_55' title='bbox 1747 748 2107 816; x_wconf 88' lang='lat' dir='ltr'><strong>respondere,</strong></span> <span class='ocrx_word' id='word_1_56' title='bbox 2160 759 2216 803; x_wconf 86' lang='lat' dir='ltr'><strong>et</strong></span> 
     </span>
    </p>
   </div>
   <div class='ocr_carea' id='block_1_9' title="bbox 647 837 2210 908">
    <p class='ocr_par' dir='ltr' id='par_1_9' title="bbox 647 837 2210 908">
     <span class='ocr_line' id='line_1_9' title="bbox 647 837 2210 908; baseline 0.003 -19"><span class='ocrx_word' id='word_1_57' title='bbox 647 854 767 906; x_wconf 84' lang='lat' dir='ltr'><strong>qua</strong></span> <span class='ocrx_word' id='word_1_58' title='bbox 821 840 1084 894; x_wconf 83' lang='lat' dir='ltr'><strong>docentur</strong></span> <span class='ocrx_word' id='word_1_59' title='bbox 1137 853 1166 892; x_wconf 90' lang='lat' dir='ltr'><strong>a</strong></span> <span class='ocrx_word' id='word_1_60' title='bbox 1223 837 1424 906; x_wconf 85' lang='lat' dir='ltr'><strong>Spiritu</strong></span> <span class='ocrx_word' id='word_1_61' title='bbox 1461 838 1723 908; x_wconf 86' lang='lat' dir='ltr'><strong>sapientia</strong></span> <span class='ocrx_word' id='word_1_62' title='bbox 1768 849 1872 901; x_wconf 90' lang='lat' dir='ltr'><strong>est,</strong></span> <span class='ocrx_word' id='word_1_63' title='bbox 1905 853 2065 908; x_wconf 87' lang='lat' dir='ltr'><strong>quam</strong></span> <span class='ocrx_word' id='word_1_64' title='bbox 2106 855 2210 894; x_wconf 92' lang='lat' dir='ltr'><strong>non</strong></span> 
     </span>
    </p>
   </div>
   <div class='ocr_carea' id='block_1_10' title="bbox 644 928 2211 1000">
    <p class='ocr_par' dir='ltr' id='par_1_10' title="bbox 644 928 2211 1000">
     <span class='ocr_line' id='line_1_10' title="bbox 644 928 2211 1000; baseline 0.002 -16"><span class='ocrx_word' id='word_1_65' title='bbox 644 946 929 1000; x_wconf 87' lang='lat' dir='ltr'><strong>possumus</strong></span> <span class='ocrx_word' id='word_1_66' title='bbox 964 931 1123 985; x_wconf 78' lang='lat' dir='ltr'><strong>aliam</strong></span> <span class='ocrx_word' id='word_1_67' title='bbox 1159 939 1351 999; x_wconf 84' lang='lat' dir='ltr'><strong>prater</strong></span> <span class='ocrx_word' id='word_1_68' title='bbox 1392 928 1584 984; x_wconf 91' lang='lat' dir='ltr'><strong>Filium</strong></span> <span class='ocrx_word' id='word_1_69' title='bbox 1615 930 1948 1000; x_wconf 73' lang='lat' dir='ltr'><strong>intelligere,</strong></span> <span class='ocrx_word' id='word_1_70' title='bbox 2009 931 2211 1000; x_wconf 89' lang='lat' dir='ltr'><strong>liquido</strong></span> 
     </span>
    </p>
   </div>
   <div class='ocr_carea' id='block_1_11' title="bbox 644 1018 2206 1092">
    <p class='ocr_par' dir='ltr' id='par_1_11' title="bbox 644 1018 2206 1092">
     <span class='ocr_line' id='line_1_11' title="bbox 644 1018 2206 1092; baseline 0.006 -22"><span class='ocrx_word' id='word_1_71' title='bbox 644 1028 866 1086; x_wconf 84' lang='lat' dir='ltr'><strong>apparet</strong></span> <span class='ocrx_word' id='word_1_72' title='bbox 909 1019 1145 1089; x_wconf 83' lang='lat' dir='ltr'><strong>ejusdem</strong></span> <span class='ocrx_word' id='word_1_73' title='bbox 1179 1029 1383 1074; x_wconf 83' lang='lat' dir='ltr'><strong>natura</strong></span> <span class='ocrx_word' id='word_1_74' title='bbox 1415 1018 1674 1088; x_wconf 89' lang='lat' dir='ltr'><strong>Spiritum</strong></span> <span class='ocrx_word' id='word_1_75' title='bbox 1705 1037 1827 1077; x_wconf 87' lang='lat' dir='ltr'><strong>esse</strong></span> <span class='ocrx_word' id='word_1_76' title='bbox 1867 1038 1989 1077; x_wconf 92' lang='lat' dir='ltr'><strong>cum</strong></span> <span class='ocrx_word' id='word_1_77' title='bbox 2030 1023 2206 1092; x_wconf 81' lang='lat' dir='ltr'><strong>Filio,</strong></span> 
     </span>
    </p>
   </div>
   <div class='ocr_carea' id='block_1_12' title="bbox 641 1107 2208 1179">
    <p class='ocr_par' dir='ltr' id='par_1_12' title="bbox 641 1107 2208 1179">
     <span class='ocr_line' id='line_1_12' title="bbox 641 1107 2208 1179; baseline 0.006 -18"><span class='ocrx_word' id='word_1_78' title='bbox 641 1118 845 1162; x_wconf 92' lang='lat' dir='ltr'><strong>etcum</strong></span> <span class='ocrx_word' id='word_1_79' title='bbox 897 1107 1089 1175; x_wconf 84' lang='lat' dir='ltr'><strong>Patre,</strong></span> <span class='ocrx_word' id='word_1_80' title='bbox 1136 1110 1288 1177; x_wconf 88' lang='lat' dir='ltr'><strong>cujus</strong></span> <span class='ocrx_word' id='word_1_81' title='bbox 1341 1107 1574 1179; x_wconf 87' lang='lat' dir='ltr'><strong>Spiritus</strong></span> <span class='ocrx_word' id='word_1_82' title='bbox 1630 1119 1733 1166; x_wconf 85' lang='lat' dir='ltr'><strong>est.</strong></span> <span class='ocrx_word' id='word_1_83' title='bbox 1772 1111 1939 1167; x_wconf 90' lang='lat' dir='ltr'><strong>Porro</strong></span> <span class='ocrx_word' id='word_1_84' title='bbox 1961 1111 2120 1169; x_wconf 89' lang='lat' dir='ltr'><strong>Pater</strong></span> <span class='ocrx_word' id='word_1_85' title='bbox 2153 1125 2208 1170; x_wconf 89' lang='lat' dir='ltr'><strong>et</strong></span> 
     </span>
    </p>
   </div>
   <div class='ocr_carea' id='block_1_13' title="bbox 640 1197 2204 1272">
    <p class='ocr_par' dir='ltr' id='par_1_13' title="bbox 640 1197 2204 1272">
     <span class='ocr_line' id='line_1_13' title="bbox 640 1197 2204 1272; baseline 0.005 -20"><span class='ocrx_word' id='word_1_86' title='bbox 640 1197 810 1254; x_wconf 84' lang='lat' dir='ltr'><strong>Filius</strong></span> <span class='ocrx_word' id='word_1_87' title='bbox 849 1215 1011 1252; x_wconf 91' lang='lat' dir='ltr'><strong>unum</strong></span> <span class='ocrx_word' id='word_1_88' title='bbox 1047 1209 1192 1255; x_wconf 91' lang='lat' dir='ltr'><strong>sunt.</strong></span> <span class='ocrx_word' id='word_1_89' title='bbox 1248 1200 1414 1272; x_wconf 90' lang='lat' dir='ltr'><strong>Igitur</strong></span> <span class='ocrx_word' id='word_1_90' title='bbox 1455 1201 1695 1259; x_wconf 81' lang='lat' dir='ltr'><strong>Trinitas</strong></span> <span class='ocrx_word' id='word_1_91' title='bbox 1739 1203 2053 1260; x_wconf 91' lang='lat' dir='ltr'><strong>substantia</strong></span> <span class='ocrx_word' id='word_1_92' title='bbox 2084 1206 2204 1260; x_wconf 91' lang='lat' dir='ltr'><strong>uni-</strong></span> 
     </span>
    </p>
   </div>
   <div class='ocr_carea' id='block_1_14' title="bbox 643 1291 1046 1344">
    <p class='ocr_par' dir='ltr' id='par_1_14' title="bbox 643 1291 1046 1344">
     <span class='ocr_line' id='line_1_14' title="bbox 643 1291 1046 1344; baseline 0 0"><span class='ocrx_word' id='word_1_93' title='bbox 643 1299 693 1344; x_wconf 94' lang='lat' dir='ltr'><strong>ta</strong></span> <span class='ocrx_word' id='word_1_94' title='bbox 702 1300 752 1343; x_wconf 92' lang='lat' dir='ltr'><strong>te</strong></span> <span class='ocrx_word' id='word_1_95' title='bbox 793 1291 1046 1344; x_wconf 75' lang='lat' dir='ltr'><strong>sociatur.</strong></span> 
     </span>
    </p>
   </div>
   <div class='ocr_carea' id='block_1_15' title="bbox 714 1381 2200 1458">
    <p class='ocr_par' dir='ltr' id='par_1_15' title="bbox 714 1381 2200 1458">
     <span class='ocr_line' id='line_1_15' title="bbox 714 1381 2200 1458; baseline 0.005 -24"><span class='ocrx_word' id='word_1_96' title='bbox 714 1381 804 1436; x_wconf 74' lang='lat' dir='ltr'><strong>2t).</strong></span> <span class='ocrx_word' id='word_1_97' title='bbox 845 1381 948 1436; x_wconf 89' lang='lat' dir='ltr'><strong>Per</strong></span> <span class='ocrx_word' id='word_1_98' title='bbox 974 1383 1113 1436; x_wconf 84' lang='lat' dir='ltr'><strong>aliud</strong></span> <span class='ocrx_word' id='word_1_99' title='bbox 1163 1399 1378 1453; x_wconf 87' lang='lat' dir='ltr'><strong>quoque</strong></span> <span class='ocrx_word' id='word_1_100' title='bbox 1407 1383 1806 1454; x_wconf 89' lang='lat' dir='ltr'><strong>Scripturarnm</strong></span> <span class='ocrx_word' id='word_1_101' title='bbox 1857 1387 2160 1458; x_wconf 78' lang='lat' dir='ltr'><strong>exemplum</strong></span> <span class='ocrx_word' id='word_1_102' title='bbox 2184 1427 2200 1454; x_wconf 99' lang='lat'><strong>,</strong></span> 
     </span>
    </p>
   </div>
   <div class='ocr_carea' id='block_1_16' title="bbox 641 1471 2204 1548">
    <p class='ocr_par' dir='ltr' id='par_1_16' title="bbox 641 1471 2204 1548">
     <span class='ocr_line' id='line_1_16' title="bbox 641 1471 2204 1548; baseline 0.005 -22"><span class='ocrx_word' id='word_1_103' title='bbox 641 1471 927 1529; x_wconf 87' lang='lat' dir='ltr'><strong>Trinitatis</strong></span> <span class='ocrx_word' id='word_1_104' title='bbox 980 1477 1156 1530; x_wconf 90' lang='lat' dir='ltr'><strong>unitas</strong></span> <span class='ocrx_word' id='word_1_105' title='bbox 1197 1485 1252 1530; x_wconf 90' lang='lat' dir='ltr'><strong>et</strong></span> <span class='ocrx_word' id='word_1_106' title='bbox 1288 1487 1480 1530; x_wconf 90' lang='lat' dir='ltr'><strong>natura</strong></span> <span class='ocrx_word' id='word_1_107' title='bbox 1511 1477 1644 1548; x_wconf 71' lang='grc'>(40),</span> <span class='ocrx_word' id='word_1_108' title='bbox 1678 1487 1733 1532; x_wconf 91' lang='grc' dir='ltr'><strong>ει</strong></span> <span class='ocrx_word' id='word_1_109' title='bbox 1765 1478 1936 1534; x_wconf 90' lang='lat' dir='ltr'><strong>virtus</strong></span> <span class='ocrx_word' id='word_1_110' title='bbox 1964 1481 2204 1535; x_wconf 90' lang='lat' dir='ltr'><strong>ostendi-</strong></span> 
     </span>
    </p>
   </div>
   <div class='ocr_carea' id='block_1_17' title="bbox 640 1564 2201 1634">
    <p class='ocr_par' dir='ltr' id='par_1_17' title="bbox 640 1564 2201 1634">
     <span class='ocr_line' id='line_1_17' title="bbox 640 1564 2201 1634; baseline 0.005 -17"><span class='ocrx_word' id='word_1_111' title='bbox 640 1572 747 1618; x_wconf 85' lang='lat' dir='ltr'><strong>tur.</strong></span> <span class='ocrx_word' id='word_1_112' title='bbox 771 1564 940 1619; x_wconf 90' lang='lat' dir='ltr'><strong>Filins</strong></span> <span class='ocrx_word' id='word_1_113' title='bbox 967 1575 1020 1620; x_wconf 90' lang='lat' dir='ltr'><strong>et</strong></span> <span class='ocrx_word' id='word_1_114' title='bbox 1061 1581 1274 1632; x_wconf 91' lang='lat' dir='ltr'><strong>manus,</strong></span> <span class='ocrx_word' id='word_1_115' title='bbox 1315 1575 1370 1621; x_wconf 90' lang='lat' dir='ltr'><strong>et</strong></span> <span class='ocrx_word' id='word_1_116' title='bbox 1409 1567 1650 1634; x_wconf 82' lang='lat' dir='ltr'><strong>dextera,</strong></span> <span class='ocrx_word' id='word_1_117' title='bbox 1693 1578 1749 1623; x_wconf 90' lang='lat' dir='ltr'><strong>et</strong></span> <span class='ocrx_word' id='word_1_118' title='bbox 1787 1571 2066 1625; x_wconf 84' lang='lat' dir='ltr'><strong>brachium</strong></span> <span class='ocrx_word' id='word_1_119' title='bbox 2095 1570 2201 1625; x_wconf 87' lang='lat' dir='ltr'><strong>Pa-</strong></span> 
     </span>
    </p>
   </div>
   <div class='ocr_carea' id='block_1_18' title="bbox 636 1657 2200 1728">
    <p class='ocr_par' dir='ltr' id='par_1_18' title="bbox 636 1657 2200 1728">
     <span class='ocr_line' id='line_1_18' title="bbox 636 1657 2200 1728; baseline 0.004 -16"><span class='ocrx_word' id='word_1_120' title='bbox 636 1658 738 1712; x_wconf 83' lang='lat' dir='ltr'><strong>tris</strong></span> <span class='ocrx_word' id='word_1_121' title='bbox 787 1657 1002 1712; x_wconf 90' lang='lat' dir='ltr'><strong>dicitur.</strong></span> <span class='ocrx_word' id='word_1_122' title='bbox 1059 1658 1210 1713; x_wconf 89' lang='lat' dir='ltr'><strong>Sicut</strong></span> <span class='ocrx_word' id='word_1_123' title='bbox 1247 1659 1437 1714; x_wconf 92' lang='lat' dir='ltr'><strong>crebro</strong></span> <span class='ocrx_word' id='word_1_124' title='bbox 1484 1661 1798 1728; x_wconf 90' lang='lat' dir='ltr'><strong>docuimus,</strong></span> <span class='ocrx_word' id='word_1_125' title='bbox 1829 1678 1894 1717; x_wconf 81' lang='lat' dir='ltr'><strong>ex</strong></span> <span class='ocrx_word' id='word_1_126' title='bbox 1929 1664 2008 1720; x_wconf 90' lang='lat' dir='ltr'><strong>his</strong></span> <span class='ocrx_word' id='word_1_127' title='bbox 2040 1680 2200 1720; x_wconf 90' lang='lat' dir='ltr'><strong>voca-</strong></span> 
     </span>
    </p>
   </div>
   <div class='ocr_carea' id='block_1_19' title="bbox 2320 474 3802 548">
    <p class='ocr_par' dir='ltr' id='par_1_19' title="bbox 2320 474 3802 548">
     <span class='ocr_line' id='line_1_19' title="bbox 2320 474 3802 548; baseline 0.007 -21"><span class='ocrx_word' id='word_1_128' title='bbox 2320 474 2597 544; x_wconf 87' lang='lat' dir='ltr'><strong>sapientia</strong></span> <span class='ocrx_word' id='word_1_129' title='bbox 2645 476 3111 546; x_wconf 86' lang='lat' dir='ltr'><strong>participationem</strong></span> <span class='ocrx_word' id='word_1_130' title='bbox 3137 517 3154 544; x_wconf 95' lang='lat'><strong>,</strong></span> <span class='ocrx_word' id='word_1_131' title='bbox 3192 479 3404 547; x_wconf 86' lang='lat' dir='ltr'><strong>sapiens</strong></span> <span class='ocrx_word' id='word_1_132' title='bbox 3431 485 3710 544; x_wconf 78' lang='lat' dir='ltr'><strong>nominatur.</strong></span> <span class='ocrx_word' id='word_1_133' title='bbox 3736 493 3802 548; x_wconf 80' lang='lat' dir='ltr'><strong>Si.</strong></span> 
     </span>
    </p>
   </div>
   <div class='ocr_carea' id='block_1_20' title="bbox 2318 567 3799 639">
    <p class='ocr_par' dir='ltr' id='par_1_20' title="bbox 2318 567 3799 639">
     <span class='ocr_line' id='line_1_20' title="bbox 2318 567 3799 639; baseline 0.012 -19"><span class='ocrx_word' id='word_1_134' title='bbox 2318 569 2532 637; x_wconf 85' lang='lat' dir='ltr'><strong>quidem</strong></span> <span class='ocrx_word' id='word_1_135' title='bbox 2583 567 2735 624; x_wconf 91' lang='lat' dir='ltr'><strong>multi</strong></span> <span class='ocrx_word' id='word_1_136' title='bbox 2784 569 3052 639; x_wconf 81' lang='lat' dir='ltr'><strong>sapientes</strong></span> <span class='ocrx_word' id='word_1_137' title='bbox 3085 570 3357 629; x_wconf 89' lang='lat' dir='ltr'><strong>dicuntur.</strong></span> <span class='ocrx_word' id='word_1_138' title='bbox 3403 588 3500 627; x_wconf 90' lang='lat' dir='ltr'><strong>non</strong></span> <span class='ocrx_word' id='word_1_139' title='bbox 3544 591 3598 630; x_wconf 74' lang='lat' dir='ltr'><strong>ex</strong></span> <span class='ocrx_word' id='word_1_140' title='bbox 3631 595 3709 634; x_wconf 88' lang='lat' dir='ltr'><strong>sua</strong></span> <span class='ocrx_word' id='word_1_141' title='bbox 3734 600 3799 638; x_wconf 86' lang='lat' dir='ltr'><strong>na-</strong></span> 
     </span>
    </p>
   </div>
   <div class='ocr_carea' id='block_1_21' title="bbox 2317 661 3804 734">
    <p class='ocr_par' dir='ltr' id='par_1_21' title="bbox 2317 661 3804 734">
     <span class='ocr_line' id='line_1_21' title="bbox 2317 661 3804 734; baseline 0.011 -19"><span class='ocrx_word' id='word_1_142' title='bbox 2317 669 2474 728; x_wconf 89' lang='lat' dir='ltr'><strong>tura,</strong></span> <span class='ocrx_word' id='word_1_143' title='bbox 2527 661 2624 716; x_wconf 90' lang='lat' dir='ltr'><strong>sed</strong></span> <span class='ocrx_word' id='word_1_144' title='bbox 2683 674 2750 715; x_wconf 79' lang='lat' dir='ltr'><strong>ex</strong></span> <span class='ocrx_word' id='word_1_145' title='bbox 2827 662 3311 719; x_wconf 89' lang='lat' dir='ltr'><strong>communicatione</strong></span> <span class='ocrx_word' id='word_1_146' title='bbox 3380 667 3646 734; x_wconf 68' lang='lat' dir='ltr'><strong>sapientiae.</strong></span> <span class='ocrx_word' id='word_1_147' title='bbox 3695 671 3804 732; x_wconf 86' lang='lat' dir='ltr'><strong>Deus</strong></span> 
     </span>
    </p>
   </div>
   <div class='ocr_carea' id='block_1_22' title="bbox 2315 751 3801 827">
    <p class='ocr_par' dir='ltr' id='par_1_22' title="bbox 2315 751 3801 827">
     <span class='ocr_line' id='line_1_22' title="bbox 2315 751 3801 827; baseline 0.011 -23"><span class='ocrx_word' id='word_1_148' title='bbox 2315 766 2443 806; x_wconf 89' lang='lat' dir='ltr'><strong>vero</strong></span> <span class='ocrx_word' id='word_1_149' title='bbox 2508 767 2614 807; x_wconf 92' lang='lat' dir='ltr'><strong>non</strong></span> <span class='ocrx_word' id='word_1_150' title='bbox 2693 751 2915 807; x_wconf 88' lang='lat' dir='ltr'><strong>alterius</strong></span> <span class='ocrx_word' id='word_1_151' title='bbox 2993 753 3269 822; x_wconf 88' lang='lat' dir='ltr'><strong>sapientia</strong></span> <span class='ocrx_word' id='word_1_152' title='bbox 3314 758 3687 827; x_wconf 86' lang='lat' dir='ltr'><strong>participatione</strong></span> <span class='ocrx_word' id='word_1_153' title='bbox 3729 782 3801 820; x_wconf 87' lang='lat' dir='ltr'><strong>ne-</strong></span> 
     </span>
    </p>
   </div>
   <div class='ocr_carea' id='block_1_23' title="bbox 2312 842 3803 915">
    <p class='ocr_par' dir='ltr' id='par_1_23' title="bbox 2312 842 3803 915">
     <span class='ocr_line' id='line_1_23' title="bbox 2312 842 3803 915; baseline 0.014 -22"><span class='ocrx_word' id='word_1_154' title='bbox 2312 858 2417 912; x_wconf 88' lang='lat' dir='ltr'><strong>que</strong></span> <span class='ocrx_word' id='word_1_155' title='bbox 2471 842 2685 898; x_wconf 88' lang='lat' dir='ltr'><strong>aliunde</strong></span> <span class='ocrx_word' id='word_1_156' title='bbox 2735 845 2951 914; x_wconf 85' lang='lat' dir='ltr'><strong>sapiens</strong></span> <span class='ocrx_word' id='word_1_157' title='bbox 3002 844 3248 914; x_wconf 74' lang='lat' dir='ltr'><strong>effectus,</strong></span> <span class='ocrx_word' id='word_1_158' title='bbox 3332 849 3501 908; x_wconf 89' lang='lat' dir='ltr'><strong>dictus</strong></span> <span class='ocrx_word' id='word_1_159' title='bbox 3571 864 3643 909; x_wconf 89' lang='lat' dir='ltr'><strong>est</strong></span> <span class='ocrx_word' id='word_1_160' title='bbox 3692 861 3803 915; x_wconf 84' lang='lat' dir='ltr'><strong>solus</strong></span> 
     </span>
    </p>
   </div>
   <div class='ocr_carea' id='block_1_24' title="bbox 2311 933 3801 1006">
    <p class='ocr_par' dir='ltr' id='par_1_24' title="bbox 2311 933 3801 1006">
     <span class='ocr_line' id='line_1_24' title="bbox 2311 933 3801 1006; baseline 0.011 -18"><span class='ocrx_word' id='word_1_161' title='bbox 2311 933 2565 1003; x_wconf 87' lang='lat' dir='ltr'><strong>sapiens,</strong></span> <span class='ocrx_word' id='word_1_162' title='bbox 2635 942 2691 989; x_wconf 91' lang='lat' dir='ltr'><strong>et</strong></span> <span class='ocrx_word' id='word_1_163' title='bbox 2739 950 3006 998; x_wconf 78' lang='lat' dir='ltr'><strong>generans</strong></span> <span class='ocrx_word' id='word_1_164' title='bbox 3061 937 3375 1006; x_wconf 86' lang='lat' dir='ltr'><strong>sapientiam</strong></span> <span class='ocrx_word' id='word_1_165' title='bbox 3406 979 3424 1006; x_wconf 90' lang='lat'><strong>,</strong></span> <span class='ocrx_word' id='word_1_166' title='bbox 3487 952 3540 998; x_wconf 86' lang='lat' dir='ltr'><strong>et</strong></span> <span class='ocrx_word' id='word_1_167' title='bbox 3580 946 3694 1002; x_wconf 86' lang='lat' dir='ltr'><strong>alios</strong></span> <span class='ocrx_word' id='word_1_168' title='bbox 3731 949 3801 1004; x_wconf 83' lang='lat' dir='ltr'><strong>fa-</strong></span> 
     </span>
    </p>
   </div>
   <div class='ocr_carea' id='block_1_25' title="bbox 2308 1022 3804 1098">
    <p class='ocr_par' dir='ltr' id='par_1_25' title="bbox 2308 1022 3804 1098">
     <span class='ocr_line' id='line_1_25' title="bbox 2308 1022 3804 1098; baseline 0.011 -20"><span class='ocrx_word' id='word_1_169' title='bbox 2308 1022 2460 1078; x_wconf 87' lang='lat' dir='ltr'><strong>ciens</strong></span> <span class='ocrx_word' id='word_1_170' title='bbox 2495 1023 2790 1093; x_wconf 87' lang='lat' dir='ltr'><strong>sapientes.</strong></span> <span class='ocrx_word' id='word_1_171' title='bbox 2829 1025 2960 1093; x_wconf 86' lang='lat' dir='ltr'><strong>Qna</strong></span> <span class='ocrx_word' id='word_1_172' title='bbox 3013 1031 3273 1098; x_wconf 83' lang='lat' dir='ltr'><strong>sapientia</strong></span> <span class='ocrx_word' id='word_1_173' title='bbox 3327 1029 3574 1090; x_wconf 83' lang='lat' dir='ltr'><strong>Dominus</strong></span> <span class='ocrx_word' id='word_1_174' title='bbox 3616 1046 3687 1091; x_wconf 87' lang='lat' dir='ltr'><strong>est</strong></span> <span class='ocrx_word' id='word_1_175' title='bbox 3733 1056 3804 1094; x_wconf 79' lang='lat' dir='ltr'><strong>no-</strong></span> 
     </span>
    </p>
   </div>
   <div class='ocr_carea' id='block_1_26' title="bbox 2307 1113 3800 1190">
    <p class='ocr_par' dir='ltr' id='par_1_26' title="bbox 2307 1113 3800 1190">
     <span class='ocr_line' id='line_1_26' title="bbox 2307 1113 3800 1190; baseline 0.011 -21"><span class='ocrx_word' id='word_1_176' title='bbox 2307 1123 2420 1169; x_wconf 87' lang='lat' dir='ltr'><strong>ster</strong></span> <span class='ocrx_word' id='word_1_177' title='bbox 2449 1113 2605 1170; x_wconf 84' lang='lat' dir='ltr'><strong>Jesus</strong></span> <span class='ocrx_word' id='word_1_178' title='bbox 2653 1115 2901 1172; x_wconf 87' lang='lat' dir='ltr'><strong>Christus</strong></span> <span class='ocrx_word' id='word_1_179' title='bbox 2931 1118 3022 1187; x_wconf 93' lang='lat' dir='ltr'><strong>qui</strong></span> <span class='ocrx_word' id='word_1_180' title='bbox 3053 1118 3251 1174; x_wconf 92' lang='lat' dir='ltr'><strong>dicitur</strong></span> <span class='ocrx_word' id='word_1_181' title='bbox 3289 1121 3380 1178; x_wconf 89' lang='lat' dir='ltr'><strong>Dei</strong></span> <span class='ocrx_word' id='word_1_182' title='bbox 3433 1125 3611 1190; x_wconf 87' lang='lat' dir='ltr'><strong>virtus,</strong></span> <span class='ocrx_word' id='word_1_183' title='bbox 3639 1138 3687 1182; x_wconf 90' lang='lat' dir='ltr'><strong>et</strong></span> <span class='ocrx_word' id='word_1_184' title='bbox 3729 1128 3800 1185; x_wconf 86' lang='lat' dir='ltr'><strong>Dei</strong></span> 
     </span>
    </p>
   </div>
   <div class='ocr_carea' id='block_1_27' title="bbox 2305 1207 3796 1280">
    <p class='ocr_par' dir='ltr' id='par_1_27' title="bbox 2305 1207 3796 1280">
     <span class='ocr_line' id='line_1_27' title="bbox 2305 1207 3796 1280; baseline 0.009 -19"><span class='ocrx_word' id='word_1_185' title='bbox 2305 1207 2571 1275; x_wconf 80' lang='lat' dir='ltr'><strong>sapientia</strong></span> <span class='ocrx_word' id='word_1_186' title='bbox 2605 1208 2674 1263; x_wconf 80' lang='grc'><strong>’⁸.</strong></span> <span class='ocrx_word' id='word_1_187' title='bbox 2741 1208 2974 1280; x_wconf 87' lang='lat' dir='ltr'><strong>Spiritus</strong></span> <span class='ocrx_word' id='word_1_188' title='bbox 3003 1226 3218 1280; x_wconf 85' lang='lat' dir='ltr'><strong>quoque</strong></span> <span class='ocrx_word' id='word_1_189' title='bbox 3268 1226 3482 1270; x_wconf 89' lang='lat' dir='ltr'><strong>sanctus</strong></span> <span class='ocrx_word' id='word_1_190' title='bbox 3534 1217 3706 1273; x_wconf 90' lang='lat' dir='ltr'><strong>dicitur</strong></span> <span class='ocrx_word' id='word_1_191' title='bbox 3731 1237 3796 1275; x_wconf 85' lang='lat' dir='ltr'><strong>sa-</strong></span> 
     </span>
    </p>
   </div>
   <div class='ocr_carea' id='block_1_28' title="bbox 2303 1300 3800 1372">
    <p class='ocr_par' dir='ltr' id='par_1_28' title="bbox 2303 1300 3800 1372">
     <span class='ocr_line' id='line_1_28' title="bbox 2303 1300 3800 1372; baseline 0.009 -19"><span class='ocrx_word' id='word_1_192' title='bbox 2303 1300 2500 1368; x_wconf 90' lang='lat' dir='ltr'><strong>pientia</strong></span> <span class='ocrx_word' id='word_1_193' title='bbox 2539 1300 2674 1372; x_wconf 70' lang='grc'><strong>(42).</strong></span> <span class='ocrx_word' id='word_1_194' title='bbox 2719 1301 2994 1372; x_wconf 85' lang='lat' dir='ltr'><strong>Siquidem</strong></span> <span class='ocrx_word' id='word_1_195' title='bbox 3026 1313 3081 1358; x_wconf 90' lang='lat' dir='ltr'><strong>et</strong></span> <span class='ocrx_word' id='word_1_196' title='bbox 3117 1306 3169 1360; x_wconf 91' lang='lat' dir='ltr'><strong>in</strong></span> <span class='ocrx_word' id='word_1_197' title='bbox 3207 1309 3470 1362; x_wconf 80' lang='lat' dir='ltr'><strong>veteribus</strong></span> <span class='ocrx_word' id='word_1_198' title='bbox 3495 1309 3632 1364; x_wconf 89' lang='lat' dir='ltr'><strong>libris</strong></span> <span class='ocrx_word' id='word_1_199' title='bbox 3670 1312 3800 1366; x_wconf 85' lang='lat' dir='ltr'><strong>refer-</strong></span> 
     </span>
    </p>
   </div>
   <div class='ocr_carea' id='block_1_29' title="bbox 2306 1393 3802 1472">
    <p class='ocr_par' dir='ltr' id='par_1_29' title="bbox 2306 1393 3802 1472">
     <span class='ocr_line' id='line_1_29' title="bbox 2306 1393 3802 1472; baseline 0.008 -27"><span class='ocrx_word' id='word_1_200' title='bbox 2306 1401 2430 1456; x_wconf 91' lang='lat' dir='ltr'><strong>tur,</strong></span> <span class='ocrx_word' id='word_1_201' title='bbox 2468 1393 2726 1461; x_wconf 90' lang='lat' dir='ltr'><strong>repletum</strong></span> <span class='ocrx_word' id='word_1_202' title='bbox 2752 1409 2873 1450; x_wconf 83' lang='lat' dir='ltr'><strong>esse</strong></span> <span class='ocrx_word' id='word_1_203' title='bbox 2921 1394 3103 1451; x_wconf 86' lang='lat' dir='ltr'><strong>Jesum</strong></span> <span class='ocrx_word' id='word_1_204' title='bbox 3151 1395 3294 1452; x_wconf 85' lang='lat' dir='ltr'><strong>Nave</strong></span> <span class='ocrx_word' id='word_1_205' title='bbox 3331 1414 3361 1452; x_wconf 91' lang='lat' dir='ltr'><strong>a</strong></span> <span class='ocrx_word' id='word_1_206' title='bbox 3396 1399 3610 1455; x_wconf 86' lang='lat' dir='ltr'><strong>Domino</strong></span> <span class='ocrx_word' id='word_1_207' title='bbox 3653 1405 3802 1472; x_wconf 85' lang='lat' dir='ltr'><strong>spiritu</strong></span> 
     </span>
    </p>
   </div>
   <div class='ocr_carea' id='block_1_30' title="bbox 2301 1482 3803 1560">
    <p class='ocr_par' dir='ltr' id='par_1_30' title="bbox 2301 1482 3803 1560">
     <span class='ocr_line' id='line_1_30' title="bbox 2301 1482 3803 1560; baseline 0.009 -23"><span class='ocrx_word' id='word_1_208' title='bbox 2301 1483 2598 1551; x_wconf 78' lang='lat' dir='ltr'><strong>sapientia.</strong></span> <span class='ocrx_word' id='word_1_209' title='bbox 2636 1482 2785 1540; x_wconf 92' lang='lat' dir='ltr'><strong>Sicut</strong></span> <span class='ocrx_word' id='word_1_210' title='bbox 2811 1503 2942 1556; x_wconf 87' lang='lat' dir='ltr'><strong>ergo</strong></span> <span class='ocrx_word' id='word_1_211' title='bbox 2970 1488 3115 1544; x_wconf 91' lang='lat' dir='ltr'><strong>solus</strong></span> <span class='ocrx_word' id='word_1_212' title='bbox 3158 1491 3373 1560; x_wconf 86' lang='lat' dir='ltr'><strong>sapiens</strong></span> <span class='ocrx_word' id='word_1_213' title='bbox 3415 1491 3576 1558; x_wconf 88' lang='lat' dir='ltr'><strong>Deus,</strong></span> <span class='ocrx_word' id='word_1_214' title='bbox 3617 1511 3706 1549; x_wconf 84' lang='lat' dir='ltr'><strong>non</strong></span> <span class='ocrx_word' id='word_1_215' title='bbox 3737 1512 3803 1550; x_wconf 87' lang='lat' dir='ltr'><strong>ac-</strong></span> 
     </span>
    </p>
   </div>
   <div class='ocr_carea' id='block_1_31' title="bbox 2299 1573 3804 1650">
    <p class='ocr_par' dir='ltr' id='par_1_31' title="bbox 2299 1573 3804 1650">
     <span class='ocr_line' id='line_1_31' title="bbox 2299 1573 3804 1650; baseline 0.009 -24"><span class='ocrx_word' id='word_1_216' title='bbox 2299 1573 2508 1642; x_wconf 82' lang='lat' dir='ltr'><strong>cipiens</strong></span> <span class='ocrx_word' id='word_1_217' title='bbox 2535 1575 2749 1630; x_wconf 78' lang='lat' dir='ltr'><strong>aliunde</strong></span> <span class='ocrx_word' id='word_1_218' title='bbox 2776 1580 3120 1647; x_wconf 89' lang='lat' dir='ltr'><strong>sapientiam,</strong></span> <span class='ocrx_word' id='word_1_219' title='bbox 3147 1581 3240 1636; x_wconf 90' lang='lat' dir='ltr'><strong>sed</strong></span> <span class='ocrx_word' id='word_1_220' title='bbox 3268 1583 3535 1650; x_wconf 87' lang='lat' dir='ltr'><strong>sapientes</strong></span> <span class='ocrx_word' id='word_1_221' title='bbox 3564 1584 3740 1642; x_wconf 89' lang='lat' dir='ltr'><strong>faciens</strong></span> <span class='ocrx_word' id='word_1_222' title='bbox 3763 1594 3804 1641; x_wconf 77' lang='lat' dir='ltr'><strong>et</strong></span> 
     </span>
    </p>
   </div>
   <div class='ocr_carea' id='block_1_32' title="bbox 2302 1667 3802 1742">
    <p class='ocr_par' dir='ltr' id='par_1_32' title="bbox 2302 1667 3802 1742">
     <span class='ocr_line' id='line_1_32' title="bbox 2302 1667 3802 1742; baseline 0.011 -26"><span class='ocrx_word' id='word_1_223' title='bbox 2302 1679 2571 1734; x_wconf 81' lang='lat' dir='ltr'><strong>generans</strong></span> <span class='ocrx_word' id='word_1_224' title='bbox 2600 1667 2916 1736; x_wconf 87' lang='lat' dir='ltr'><strong>sapientiam</strong></span> <span class='ocrx_word' id='word_1_225' title='bbox 2951 1688 2966 1724; x_wconf 91' lang='lat'><strong>:</strong></span> <span class='ocrx_word' id='word_1_226' title='bbox 2995 1671 3139 1726; x_wconf 90' lang='lat' dir='ltr'><strong>solus</strong></span> <span class='ocrx_word' id='word_1_227' title='bbox 3167 1681 3252 1727; x_wconf 91' lang='lat' dir='ltr'><strong>est</strong></span> <span class='ocrx_word' id='word_1_228' title='bbox 3285 1675 3515 1742; x_wconf 83' lang='lat' dir='ltr'><strong>sapiens,</strong></span> <span class='ocrx_word' id='word_1_229' title='bbox 3547 1688 3681 1730; x_wconf 81' lang='lat' dir='ltr'><strong>extra</strong></span> <span class='ocrx_word' id='word_1_230' title='bbox 3709 1694 3802 1732; x_wconf 88' lang='lat' dir='ltr'><strong>om-</strong></span> 
     </span>
    </p>
   </div>
   <div class='ocr_carea' id='block_1_33' title="bbox 635 1724 3805 1836">
    <p class='ocr_par' dir='ltr' id='par_1_33' title="bbox 635 1724 3805 1836">
     <span class='ocr_line' id='line_1_33' title="bbox 635 1724 3805 1836; baseline 0.006 -34"><span class='ocrx_word' id='word_1_231' title='bbox 635 1748 797 1814; x_wconf 90' lang='lat' dir='ltr'><strong>bulis,</strong></span> <span class='ocrx_word' id='word_1_232' title='bbox 837 1749 996 1803; x_wconf 90' lang='lat' dir='ltr'><strong>unius</strong></span> <span class='ocrx_word' id='word_1_233' title='bbox 1037 1759 1243 1804; x_wconf 79' lang='lat' dir='ltr'><strong>natura</strong></span> <span class='ocrx_word' id='word_1_234' title='bbox 1278 1749 1637 1806; x_wconf 80' lang='lat' dir='ltr'><strong>indifferentia</strong></span> <span class='ocrx_word' id='word_1_235' title='bbox 1671 1755 2074 1811; x_wconf 86' lang='lat' dir='ltr'><strong>demonstratur</strong></span> <span class='ocrx_word' id='word_1_236' title='bbox 2100 1757 2196 1829; x_wconf 85' lang='grc' dir='ltr'><strong>[αι.</strong></span> <span class='ocrx_word' id='word_1_237' title='bbox 2231 1724 2273 1778; x_wconf 77' lang='grc' dir='ltr'><strong>Β</strong></span> <span class='ocrx_word' id='word_1_238' title='bbox 2303 1770 2398 1811; x_wconf 88' lang='lat' dir='ltr'><strong>nes</strong></span> <span class='ocrx_word' id='word_1_239' title='bbox 2449 1758 2540 1826; x_wconf 85' lang='lat' dir='ltr'><strong>qui</strong></span> <span class='ocrx_word' id='word_1_240' title='bbox 2573 1774 2668 1827; x_wconf 86' lang='lat' dir='ltr'><strong>per</strong></span> <span class='ocrx_word' id='word_1_241' title='bbox 2698 1762 3146 1831; x_wconf 89' lang='lat' dir='ltr'><strong>nuncupationem</strong></span> <span class='ocrx_word' id='word_1_242' title='bbox 3198 1764 3316 1829; x_wconf 90' lang='lat' dir='ltr'><strong>ejus</strong></span> <span class='ocrx_word' id='word_1_243' title='bbox 3363 1769 3622 1836; x_wconf 89' lang='lat' dir='ltr'><strong>sapientes</strong></span> <span class='ocrx_word' id='word_1_244' title='bbox 3658 1769 3805 1822; x_wconf 85' lang='lat' dir='ltr'><strong>dicun-</strong></span> 
     </span>
    </p>
   </div>
   <div class='ocr_carea' id='block_1_34' title="bbox 635 1838 2194 1915">
    <p class='ocr_par' dir='ltr' id='par_1_34' title="bbox 635 1838 2194 1915">
     <span class='ocr_line' id='line_1_34' title="bbox 635 1838 2194 1915; baseline 0.006 -23"><span class='ocrx_word' id='word_1_245' title='bbox 635 1838 1053 1894; x_wconf 79' lang='lat' dir='ltr'><strong>indilIcrentiam</strong></span> <span class='ocrx_word' id='word_1_246' title='bbox 1119 1841 1524 1915; x_wconf 88' lang='lat' dir='ltr'><strong>demonstrari].</strong></span> <span class='ocrx_word' id='word_1_247' title='bbox 1585 1844 1820 1912; x_wconf 90' lang='lat' dir='ltr'><strong>Spiritus</strong></span> <span class='ocrx_word' id='word_1_248' title='bbox 1855 1848 2020 1901; x_wconf 89' lang='lat' dir='ltr'><strong>etiam</strong></span> <span class='ocrx_word' id='word_1_249' title='bbox 2065 1865 2194 1904; x_wconf 86' lang='lat' dir='ltr'><strong>san-</strong></span> 
     </span>
    </p>
   </div>
   <div class='ocr_carea' id='block_1_35' title="bbox 633 1929 2194 2002">
    <p class='ocr_par' dir='ltr' id='par_1_35' title="bbox 633 1929 2194 2002">
     <span class='ocr_line' id='line_1_35' title="bbox 633 1929 2194 2002; baseline 0.007 -19"><span class='ocrx_word' id='word_1_250' title='bbox 633 1941 773 1992; x_wconf 84' lang='lat' dir='ltr'><strong>etus,</strong></span> <span class='ocrx_word' id='word_1_251' title='bbox 807 1929 1002 1999; x_wconf 88' lang='lat' dir='ltr'><strong>tligittts</strong></span> <span class='ocrx_word' id='word_1_252' title='bbox 1041 1929 1159 1996; x_wconf 87' lang='lat' dir='ltr'><strong>Dei,</strong></span> <span class='ocrx_word' id='word_1_253' title='bbox 1195 1933 1489 1986; x_wconf 87' lang='lat' dir='ltr'><strong>secundum</strong></span> <span class='ocrx_word' id='word_1_254' title='bbox 1521 1933 1950 2002; x_wconf 90' lang='lat' dir='ltr'><strong>conjunctionem</strong></span> <span class='ocrx_word' id='word_1_255' title='bbox 1987 1950 2194 1994; x_wconf 84' lang='lat' dir='ltr'><strong>natura</strong></span> 
     </span>
    </p>
   </div>
   <div class='ocr_carea' id='block_1_36' title="bbox 635 2020 2194 2095">
    <p class='ocr_par' dir='ltr' id='par_1_36' title="bbox 635 2020 2194 2095">
     <span class='ocr_line' id='line_1_36' title="bbox 635 2020 2194 2095; baseline 0.007 -20"><span class='ocrx_word' id='word_1_256' title='bbox 635 2020 812 2075; x_wconf 83' lang='lat' dir='ltr'><strong>Patris</strong></span> <span class='ocrx_word' id='word_1_257' title='bbox 870 2030 920 2075; x_wconf 91' lang='lat' dir='ltr'><strong>et</strong></span> <span class='ocrx_word' id='word_1_258' title='bbox 970 2020 1090 2075; x_wconf 86' lang='lat' dir='ltr'><strong>Filii</strong></span> <span class='ocrx_word' id='word_1_259' title='bbox 1139 2023 1468 2078; x_wconf 84' lang='lat' dir='ltr'><strong>nominatur.</strong></span> <span class='ocrx_word' id='word_1_260' title='bbox 1527 2025 1801 2095; x_wconf 87' lang='lat' dir='ltr'><strong>Siquidem</strong></span> <span class='ocrx_word' id='word_1_261' title='bbox 1865 2031 1915 2083; x_wconf 92' lang='lat' dir='ltr'><strong>in</strong></span> <span class='ocrx_word' id='word_1_262' title='bbox 1970 2047 2077 2088; x_wconf 90' lang='lat' dir='ltr'><strong>uno</strong></span> <span class='ocrx_word' id='word_1_263' title='bbox 2126 2033 2194 2086; x_wconf 89' lang='lat' dir='ltr'><strong>de</strong></span> 
     </span>
    </p>
   </div>
   <div class='ocr_carea' id='block_1_37' title="bbox 636 2111 2197 2188">
    <p class='ocr_par' dir='ltr' id='par_1_37' title="bbox 636 2111 2197 2188">
     <span class='ocr_line' id='line_1_37' title="bbox 636 2111 2197 2188; baseline 0.008 -22"><span class='ocrx_word' id='word_1_264' title='bbox 636 2111 937 2181; x_wconf 82' lang='lat' dir='ltr'><strong>Evangeliis</strong></span> <span class='ocrx_word' id='word_1_265' title='bbox 968 2114 1225 2168; x_wconf 89' lang='lat' dir='ltr'><strong>adversus</strong></span> <span class='ocrx_word' id='word_1_266' title='bbox 1251 2132 1342 2171; x_wconf 89' lang='lat' dir='ltr'><strong>eos</strong></span> <span class='ocrx_word' id='word_1_267' title='bbox 1369 2119 1458 2187; x_wconf 89' lang='lat' dir='ltr'><strong>qui</strong></span> <span class='ocrx_word' id='word_1_268' title='bbox 1487 2119 1654 2188; x_wconf 82' lang='lat' dir='ltr'><strong>signis</strong></span> <span class='ocrx_word' id='word_1_269' title='bbox 1686 2122 1895 2176; x_wconf 91' lang='lat' dir='ltr'><strong>Domini</strong></span> <span class='ocrx_word' id='word_1_270' title='bbox 1936 2123 2197 2179; x_wconf 88' lang='lat' dir='ltr'><strong>detrahe-</strong></span> 
     </span>
    </p>
   </div>
   <div class='ocr_carea' id='block_1_38' title="bbox 632 2204 2189 2281">
    <p class='ocr_par' dir='ltr' id='par_1_38' title="bbox 632 2204 2189 2281">
     <span class='ocr_line' id='line_1_38' title="bbox 632 2204 2189 2281; baseline 0.009 -24"><span class='ocrx_word' id='word_1_271' title='bbox 632 2204 792 2268; x_wconf 86' lang='lat' dir='ltr'><strong>bant,</strong></span> <span class='ocrx_word' id='word_1_272' title='bbox 821 2205 1060 2261; x_wconf 88' lang='lat' dir='ltr'><strong>dicentes</strong></span> <span class='ocrx_word' id='word_1_273' title='bbox 1090 2225 1104 2262; x_wconf 89' lang='lat'><strong>:</strong></span> <span class='ocrx_word' id='word_1_274' title='bbox 1141 2223 1160 2257; x_wconf 83' lang='lat' dir='ltr'><strong>t</strong></span> <span class='ocrx_word' id='word_1_275' title='bbox 1203 2207 1260 2261; x_wconf 89' lang='lat' dir='ltr'><strong>In</strong></span> <span class='ocrx_word' id='word_1_276' title='bbox 1286 2207 1584 2265; x_wconf 81' lang='lat' dir='ltr'><strong>Beelzebub</strong></span> <span class='ocrx_word' id='word_1_277' title='bbox 1615 2212 1854 2281; x_wconf 89' lang='lat' dir='ltr'><strong>principe</strong></span> <span class='ocrx_word' id='word_1_278' title='bbox 1897 2215 2189 2270; x_wconf 72' lang='lat' dir='ltr'><strong>damonio~</strong></span> 
     </span>
    </p>
   </div>
   <div class='ocr_carea' id='block_1_39' title="bbox 633 2297 2192 2368">
    <p class='ocr_par' dir='ltr' id='par_1_39' title="bbox 633 2297 2192 2368">
     <span class='ocr_line' id='line_1_39' title="bbox 633 2297 2192 2368; baseline 0.01 -20"><span class='ocrx_word' id='word_1_279' title='bbox 633 2311 750 2349; x_wconf 88' lang='lat' dir='ltr'><strong>rum</strong></span> <span class='ocrx_word' id='word_1_280' title='bbox 797 2297 941 2367; x_wconf 81' lang='lat' dir='ltr'><strong>rjicit</strong></span> <span class='ocrx_word' id='word_1_281' title='bbox 987 2299 1244 2354; x_wconf 87' lang='lat' dir='ltr'><strong>damonia</strong></span> <span class='ocrx_word' id='word_1_282' title='bbox 1277 2300 1354 2368; x_wconf 80' lang='lat'><strong>&quot;,</strong></span> <span class='ocrx_word' id='word_1_283' title='bbox 1394 2319 1413 2352; x_wconf 74' lang='grc' dir='ltr'><strong>ι</strong></span> <span class='ocrx_word' id='word_1_284' title='bbox 1461 2301 1748 2359; x_wconf 88' lang='lat' dir='ltr'><strong>sciscitans</strong></span> <span class='ocrx_word' id='word_1_285' title='bbox 1779 2303 2026 2362; x_wconf 74' lang='lat' dir='ltr'><strong>Salvator</strong></span> <span class='ocrx_word' id='word_1_286' title='bbox 2069 2309 2143 2362; x_wconf 89' lang='lat' dir='ltr'><strong>ait</strong></span> <span class='ocrx_word' id='word_1_287' title='bbox 2176 2326 2192 2364; x_wconf 89' lang='lat'><strong>:</strong></span> 
     </span>
    </p>
   </div>
   <div class='ocr_carea' id='block_1_40' title="bbox 635 2386 2193 2462">
    <p class='ocr_par' dir='ltr' id='par_1_40' title="bbox 635 2386 2193 2462">
     <span class='ocr_line' id='line_1_40' title="bbox 635 2386 2193 2462; baseline 0.011 -25"><span class='ocrx_word' id='word_1_288' title='bbox 635 2405 653 2437; x_wconf 70' lang='grc' dir='ltr'><em>α</em></span> <span class='ocrx_word' id='word_1_289' title='bbox 686 2386 740 2442; x_wconf 90' lang='lat' dir='ltr'><strong>Si</strong></span> <span class='ocrx_word' id='word_1_290' title='bbox 771 2403 870 2457; x_wconf 91' lang='lat' dir='ltr'><strong>ego</strong></span> <span class='ocrx_word' id='word_1_291' title='bbox 910 2389 962 2442; x_wconf 91' lang='lat' dir='ltr'><strong>in</strong></span> <span class='ocrx_word' id='word_1_292' title='bbox 989 2388 1286 2447; x_wconf 83' lang='lat' dir='ltr'><strong>Beelzebub</strong></span> <span class='ocrx_word' id='word_1_293' title='bbox 1318 2391 1476 2461; x_wconf 89' lang='lat' dir='ltr'><strong>ejicio</strong></span> <span class='ocrx_word' id='word_1_294' title='bbox 1508 2393 1793 2462; x_wconf 84' lang='lat' dir='ltr'><strong>damonia,</strong></span> <span class='ocrx_word' id='word_1_295' title='bbox 1819 2396 1909 2452; x_wconf 88' lang='lat' dir='ltr'><strong>filii</strong></span> <span class='ocrx_word' id='word_1_296' title='bbox 1939 2399 2102 2453; x_wconf 82' lang='lat' dir='ltr'><strong>vestri</strong></span> <span class='ocrx_word' id='word_1_297' title='bbox 2141 2399 2193 2454; x_wconf 93' lang='lat' dir='ltr'><strong>in</strong></span> 
     </span>
    </p>
   </div>
   <div class='ocr_carea' id='block_1_41' title="bbox 628 2479 2190 2560">
    <p class='ocr_par' dir='ltr' id='par_1_41' title="bbox 628 2479 2190 2560">
     <span class='ocr_line' id='line_1_41' title="bbox 628 2479 2190 2560; baseline 0.011 -30"><span class='ocrx_word' id='word_1_298' title='bbox 628 2493 736 2547; x_wconf 90' lang='lat' dir='ltr'><strong>quo</strong></span> <span class='ocrx_word' id='word_1_299' title='bbox 761 2479 1022 2550; x_wconf 78' lang='lat' dir='ltr'><strong>ejiciunt?</strong></span> <span class='ocrx_word' id='word_1_300' title='bbox 1050 2479 1106 2536; x_wconf 92' lang='lat' dir='ltr'><strong>Si</strong></span> <span class='ocrx_word' id='word_1_301' title='bbox 1134 2492 1307 2538; x_wconf 86' lang='lat' dir='ltr'><strong>autem</strong></span> <span class='ocrx_word' id='word_1_302' title='bbox 1337 2500 1437 2556; x_wconf 85' lang='lat' dir='ltr'><strong>ego</strong></span> <span class='ocrx_word' id='word_1_303' title='bbox 1485 2486 1537 2540; x_wconf 94' lang='lat' dir='ltr'><strong>in</strong></span> <span class='ocrx_word' id='word_1_304' title='bbox 1566 2487 1730 2556; x_wconf 77' lang='lat' dir='ltr'><strong>digito</strong></span> <span class='ocrx_word' id='word_1_305' title='bbox 1763 2489 1854 2543; x_wconf 92' lang='lat' dir='ltr'><strong>Dei</strong></span> <span class='ocrx_word' id='word_1_306' title='bbox 1882 2491 2040 2560; x_wconf 84' lang='lat' dir='ltr'><strong>ejicio</strong></span> <span class='ocrx_word' id='word_1_307' title='bbox 2080 2492 2190 2547; x_wconf 78' lang='lat' dir='ltr'><strong>da-</strong></span> 
     </span>
    </p>
   </div>
   <div class='ocr_carea' id='block_1_42' title="bbox 631 2570 2186 2649">
    <p class='ocr_par' dir='ltr' id='par_1_42' title="bbox 631 2570 2186 2649">
     <span class='ocr_line' id='line_1_42' title="bbox 631 2570 2186 2649; baseline 0.009 -27"><span class='ocrx_word' id='word_1_308' title='bbox 631 2570 809 2623; x_wconf 87' lang='lat' dir='ltr'><strong>tnonia</strong></span> <span class='ocrx_word' id='word_1_309' title='bbox 866 2588 880 2624; x_wconf 90' lang='lat'><strong>:</strong></span> <span class='ocrx_word' id='word_1_310' title='bbox 933 2585 1062 2643; x_wconf 91' lang='lat' dir='ltr'><strong>ergo</strong></span> <span class='ocrx_word' id='word_1_311' title='bbox 1095 2577 1404 2642; x_wconf 89' lang='lat' dir='ltr'><strong>supervenit</strong></span> <span class='ocrx_word' id='word_1_312' title='bbox 1458 2576 1508 2629; x_wconf 93' lang='lat' dir='ltr'><strong>in</strong></span> <span class='ocrx_word' id='word_1_313' title='bbox 1563 2592 1655 2632; x_wconf 90' lang='lat' dir='ltr'><strong>vos</strong></span> <span class='ocrx_word' id='word_1_314' title='bbox 1699 2595 1920 2649; x_wconf 82' lang='lat' dir='ltr'><strong>regnum</strong></span> <span class='ocrx_word' id='word_1_315' title='bbox 1948 2583 2038 2638; x_wconf 82' lang='lat' dir='ltr'><strong>Dei</strong></span> <span class='ocrx_word' id='word_1_316' title='bbox 2068 2583 2136 2639; x_wconf 77' lang='lat'><strong>“.</strong></span> <span class='ocrx_word' id='word_1_317' title='bbox 2166 2602 2186 2636; x_wconf 75' lang='grc' dir='ltr'><strong>ι</strong></span> 
     </span>
    </p>
   </div>
   <div class='ocr_carea' id='block_1_43' title="bbox 630 2658 2192 2742">
    <p class='ocr_par' dir='ltr' id='par_1_43' title="bbox 630 2658 2192 2742">
     <span class='ocr_line' id='line_1_43' title="bbox 630 2658 2192 2742; baseline 0.012 -29"><span class='ocrx_word' id='word_1_318' title='bbox 630 2658 784 2717; x_wconf 85' lang='lat' dir='ltr'><strong>Hunc</strong></span> <span class='ocrx_word' id='word_1_319' title='bbox 841 2665 1087 2719; x_wconf 89' lang='lat' dir='ltr'><strong>eumdem</strong></span> <span class='ocrx_word' id='word_1_320' title='bbox 1149 2665 1365 2731; x_wconf 86' lang='lat' dir='ltr'><strong>locum,</strong></span> <span class='ocrx_word' id='word_1_321' title='bbox 1420 2667 1556 2722; x_wconf 89' lang='lat' dir='ltr'><strong>alius</strong></span> <span class='ocrx_word' id='word_1_322' title='bbox 1624 2672 1949 2742; x_wconf 85' lang='lat' dir='ltr'><strong>evangelista</strong></span> <span class='ocrx_word' id='word_1_323' title='bbox 1997 2677 2192 2730; x_wconf 87' lang='lat' dir='ltr'><strong>descri-</strong></span> 
     </span>
    </p>
   </div>
   <div class='ocr_carea' id='block_1_44' title="bbox 633 2749 2189 2835">
    <p class='ocr_par' dir='ltr' id='par_1_44' title="bbox 633 2749 2189 2835">
     <span class='ocr_line' id='line_1_44' title="bbox 633 2749 2189 2835; baseline 0.013 -33"><span class='ocrx_word' id='word_1_324' title='bbox 633 2749 800 2815; x_wconf 88' lang='lat' dir='ltr'><strong>bens,</strong></span> <span class='ocrx_word' id='word_1_325' title='bbox 828 2751 1132 2820; x_wconf 89' lang='lat' dir='ltr'><strong>loquentem</strong></span> <span class='ocrx_word' id='word_1_326' title='bbox 1165 2755 1342 2811; x_wconf 87' lang='lat' dir='ltr'><strong>intulit</strong></span> <span class='ocrx_word' id='word_1_327' title='bbox 1376 2757 1568 2814; x_wconf 87' lang='lat' dir='ltr'><strong>Filium</strong></span> <span class='ocrx_word' id='word_1_328' title='bbox 1600 2778 1616 2814; x_wconf 90' lang='lat'><strong>:</strong></span> <span class='ocrx_word' id='word_1_329' title='bbox 1655 2778 1672 2812; x_wconf 75' lang='grc' dir='ltr'><strong>ι</strong></span> <span class='ocrx_word' id='word_1_330' title='bbox 1709 2759 1764 2815; x_wconf 89' lang='lat' dir='ltr'><strong>Si</strong></span> <span class='ocrx_word' id='word_1_331' title='bbox 1798 2773 1975 2817; x_wconf 91' lang='lat' dir='ltr'><strong>autem</strong></span> <span class='ocrx_word' id='word_1_332' title='bbox 2005 2781 2104 2835; x_wconf 86' lang='lat' dir='ltr'><strong>ego</strong></span> <span class='ocrx_word' id='word_1_333' title='bbox 2138 2767 2189 2822; x_wconf 93' lang='lat' dir='ltr'><strong>in</strong></span> 
     </span>
    </p>
   </div>
   <div class='ocr_carea' id='block_1_45' title="bbox 631 2838 2190 2921">
    <p class='ocr_par' dir='ltr' id='par_1_45' title="bbox 631 2838 2190 2921">
     <span class='ocr_line' id='line_1_45' title="bbox 631 2838 2190 2921; baseline 0.013 -29"><span class='ocrx_word' id='word_1_334' title='bbox 631 2838 832 2908; x_wconf 92' lang='lat' dir='ltr'><strong>Spiritu</strong></span> <span class='ocrx_word' id='word_1_335' title='bbox 885 2843 973 2896; x_wconf 85' lang='lat' dir='ltr'><strong>Dei</strong></span> <span class='ocrx_word' id='word_1_336' title='bbox 1023 2844 1179 2913; x_wconf 90' lang='lat' dir='ltr'><strong>ejicio</strong></span> <span class='ocrx_word' id='word_1_337' title='bbox 1211 2846 1473 2903; x_wconf 70' lang='lat' dir='ltr'><strong>daemonia</strong></span> <span class='ocrx_word' id='word_1_338' title='bbox 1504 2852 1572 2904; x_wconf 81' lang='lat'><strong>”.</strong></span> <span class='ocrx_word' id='word_1_339' title='bbox 1616 2870 1635 2902; x_wconf 74' lang='grc' dir='ltr'><strong>ι</strong></span> <span class='ocrx_word' id='word_1_340' title='bbox 1669 2851 1744 2905; x_wconf 84' lang='lat' dir='ltr'><strong>Ex</strong></span> <span class='ocrx_word' id='word_1_341' title='bbox 1776 2854 1973 2921; x_wconf 87' lang='lat' dir='ltr'><strong>quibus</strong></span> <span class='ocrx_word' id='word_1_342' title='bbox 2010 2868 2190 2911; x_wconf 83' lang='lat' dir='ltr'><strong>osten-</strong></span> 
     </span>
    </p>
   </div>
   <div class='ocr_carea' id='block_1_46' title="bbox 633 2929 2189 3022">
    <p class='ocr_par' dir='ltr' id='par_1_46' title="bbox 633 2929 2189 3022">
     <span class='ocr_line' id='line_1_46' title="bbox 633 2929 2189 3022; baseline 0.014 -39"><span class='ocrx_word' id='word_1_343' title='bbox 633 2929 779 2984; x_wconf 87' lang='lat' dir='ltr'><strong>ditur</strong></span> <span class='ocrx_word' id='word_1_344' title='bbox 810 2931 1034 3003; x_wconf 88' lang='lat' dir='ltr'><strong>digitum</strong></span> <span class='ocrx_word' id='word_1_345' title='bbox 1071 2934 1164 2990; x_wconf 91' lang='lat' dir='ltr'><strong>Dei</strong></span> <span class='ocrx_word' id='word_1_346' title='bbox 1197 2953 1316 2992; x_wconf 86' lang='lat' dir='ltr'><strong>esse</strong></span> <span class='ocrx_word' id='word_1_347' title='bbox 1357 2938 1616 3009; x_wconf 90' lang='lat' dir='ltr'><strong>Spiritum</strong></span> <span class='ocrx_word' id='word_1_348' title='bbox 1660 2954 1925 2999; x_wconf 86' lang='lat' dir='ltr'><strong>sanctum.</strong></span> <span class='ocrx_word' id='word_1_349' title='bbox 1965 2945 2020 3001; x_wconf 92' lang='lat' dir='ltr'><strong>Si</strong></span> <span class='ocrx_word' id='word_1_350' title='bbox 2061 2964 2189 3022; x_wconf 87' lang='lat' dir='ltr'><strong>ergo</strong></span> 
     </span>
    </p>
   </div>
   <div class='ocr_carea' id='block_1_47' title="bbox 624 3019 2187 3108">
    <p class='ocr_par' dir='ltr' id='par_1_47' title="bbox 624 3019 2187 3108">
     <span class='ocr_line' id='line_1_47' title="bbox 624 3019 2187 3108; baseline 0.015 -36"><span class='ocrx_word' id='word_1_351' title='bbox 624 3019 942 3087; x_wconf 90' lang='lat' dir='ltr'><strong>conjunctns</strong></span> <span class='ocrx_word' id='word_1_352' title='bbox 980 3033 1063 3076; x_wconf 89' lang='lat' dir='ltr'><strong>est</strong></span> <span class='ocrx_word' id='word_1_353' title='bbox 1103 3024 1300 3092; x_wconf 87' lang='lat' dir='ltr'><strong>digitus</strong></span> <span class='ocrx_word' id='word_1_354' title='bbox 1353 3029 1555 3094; x_wconf 89' lang='lat' dir='ltr'><strong>manui,</strong></span> <span class='ocrx_word' id='word_1_355' title='bbox 1604 3042 1657 3084; x_wconf 90' lang='lat' dir='ltr'><strong>et</strong></span> <span class='ocrx_word' id='word_1_356' title='bbox 1692 3048 1880 3090; x_wconf 88' lang='lat' dir='ltr'><strong>manus</strong></span> <span class='ocrx_word' id='word_1_357' title='bbox 1933 3036 1980 3090; x_wconf 90' lang='lat' dir='ltr'><strong>ei</strong></span> <span class='ocrx_word' id='word_1_358' title='bbox 2035 3019 2187 3108; x_wconf 83' lang='lat' dir='ltr'><strong>cujus</strong></span> 
     </span>
    </p>
   </div>
   <div class='ocr_carea' id='block_1_48' title="bbox 624 3115 2186 3196">
    <p class='ocr_par' dir='ltr' id='par_1_48' title="bbox 624 3115 2186 3196">
     <span class='ocr_line' id='line_1_48' title="bbox 624 3115 2186 3196; baseline 0.017 -36"><span class='ocrx_word' id='word_1_359' title='bbox 624 3122 814 3164; x_wconf 88' lang='lat' dir='ltr'><strong>manus</strong></span> <span class='ocrx_word' id='word_1_360' title='bbox 843 3121 960 3177; x_wconf 91' lang='lat' dir='ltr'><strong>est;</strong></span> <span class='ocrx_word' id='word_1_361' title='bbox 1015 3123 1069 3166; x_wconf 89' lang='lat' dir='ltr'><strong>et</strong></span> <span class='ocrx_word' id='word_1_362' title='bbox 1114 3115 1315 3185; x_wconf 84' lang='lat' dir='ltr'><strong>digitus</strong></span> <span class='ocrx_word' id='word_1_363' title='bbox 1347 3119 1464 3174; x_wconf 90' lang='lat' dir='ltr'><strong>sine</strong></span> <span class='ocrx_word' id='word_1_364' title='bbox 1491 3119 1652 3178; x_wconf 89' lang='lat' dir='ltr'><strong>dubio</strong></span> <span class='ocrx_word' id='word_1_365' title='bbox 1689 3125 1754 3179; x_wconf 90' lang='lat' dir='ltr'><strong>ad</strong></span> <span class='ocrx_word' id='word_1_366' title='bbox 1787 3126 1904 3196; x_wconf 88' lang='lat' dir='ltr'><strong>ejus</strong></span> <span class='ocrx_word' id='word_1_367' title='bbox 1933 3130 2186 3186; x_wconf 85' lang='lat' dir='ltr'><strong>substan-</strong></span> 
     </span>
    </p>
   </div>
   <div class='ocr_carea' id='block_1_49' title="bbox 629 3199 1581 3281">
    <p class='ocr_par' dir='ltr' id='par_1_49' title="bbox 629 3199 1581 3281">
     <span class='ocr_line' id='line_1_49' title="bbox 629 3199 1581 3281; baseline 0.018 -30"><span class='ocrx_word' id='word_1_368' title='bbox 629 3199 756 3254; x_wconf 87' lang='lat' dir='ltr'><strong>tiam</strong></span> <span class='ocrx_word' id='word_1_369' title='bbox 783 3201 1034 3269; x_wconf 82' lang='lat' dir='ltr'><strong>refertur,</strong></span> <span class='ocrx_word' id='word_1_370' title='bbox 1067 3205 1220 3275; x_wconf 91' lang='lat' dir='ltr'><strong>cujus</strong></span> <span class='ocrx_word' id='word_1_371' title='bbox 1249 3209 1445 3281; x_wconf 84' lang='lat' dir='ltr'><strong>digitus</strong></span> <span class='ocrx_word' id='word_1_372' title='bbox 1479 3225 1581 3269; x_wconf 90' lang='lat' dir='ltr'><strong>est.</strong></span> 
     </span>
    </p>
   </div>
   <div class='ocr_carea' id='block_1_50' title="bbox 693 3291 2191 3381">
    <p class='ocr_par' dir='ltr' id='par_1_50' title="bbox 693 3291 2191 3381">
     <span class='ocr_line' id='line_1_50' title="bbox 693 3291 2191 3381; baseline 0.018 -37"><span class='ocrx_word' id='word_1_373' title='bbox 693 3291 787 3351; x_wconf 75' lang='lat'><strong>2|.</strong></span> <span class='ocrx_word' id='word_1_374' title='bbox 824 3295 1022 3350; x_wconf 85' lang='lat' dir='ltr'><strong>Verum</strong></span> <span class='ocrx_word' id='word_1_375' title='bbox 1056 3313 1187 3355; x_wconf 88' lang='lat' dir='ltr'><strong>cave</strong></span> <span class='ocrx_word' id='word_1_376' title='bbox 1219 3317 1286 3355; x_wconf 90' lang='lat' dir='ltr'><strong>ne</strong></span> <span class='ocrx_word' id='word_1_377' title='bbox 1315 3305 1381 3358; x_wconf 90' lang='lat' dir='ltr'><strong>ad</strong></span> <span class='ocrx_word' id='word_1_378' title='bbox 1434 3306 1656 3363; x_wconf 91' lang='lat' dir='ltr'><strong>humilia</strong></span> <span class='ocrx_word' id='word_1_379' title='bbox 1692 3310 1951 3381; x_wconf 90' lang='lat' dir='ltr'><strong>dejectus,</strong></span> <span class='ocrx_word' id='word_1_380' title='bbox 1979 3324 2032 3370; x_wconf 95' lang='lat' dir='ltr'><strong>et</strong></span> <span class='ocrx_word' id='word_1_381' title='bbox 2055 3315 2191 3370; x_wconf 86' lang='lat' dir='ltr'><strong>obli-</strong></span> 
     </span>
    </p>
   </div>
   <div class='ocr_carea' id='block_1_51' title="bbox 630 3393 2189 3477">
    <p class='ocr_par' dir='ltr' id='par_1_51' title="bbox 630 3393 2189 3477">
     <span class='ocr_line' id='line_1_51' title="bbox 630 3393 2189 3477; baseline 0.017 -41"><span class='ocrx_word' id='word_1_382' title='bbox 630 3393 715 3440; x_wconf 85' lang='lat' dir='ltr'><strong>tus</strong></span> <span class='ocrx_word' id='word_1_383' title='bbox 749 3393 1053 3455; x_wconf 90' lang='lat' dir='ltr'><strong>sermonis,</strong></span> <span class='ocrx_word' id='word_1_384' title='bbox 1090 3393 1158 3447; x_wconf 91' lang='lat' dir='ltr'><strong>de</strong></span> <span class='ocrx_word' id='word_1_385' title='bbox 1214 3410 1322 3464; x_wconf 91' lang='lat' dir='ltr'><strong>quo</strong></span> <span class='ocrx_word' id='word_1_386' title='bbox 1349 3413 1490 3453; x_wconf 93' lang='lat' dir='ltr'><strong>nunc</strong></span> <span class='ocrx_word' id='word_1_387' title='bbox 1549 3400 1874 3471; x_wconf 90' lang='lat' dir='ltr'><strong>disputatur,</strong></span> <span class='ocrx_word' id='word_1_388' title='bbox 1936 3406 2189 3477; x_wconf 80' lang='lat' dir='ltr'><strong>depingas</strong></span> 
     </span>
    </p>
   </div>
   <div class='ocr_carea' id='block_1_52' title="bbox 623 3475 2181 3563">
    <p class='ocr_par' dir='ltr' id='par_1_52' title="bbox 623 3475 2181 3563">
     <span class='ocr_line' id='line_1_52' title="bbox 623 3475 2181 3563; baseline 0.015 -33"><span class='ocrx_word' id='word_1_389' title='bbox 623 3475 675 3530; x_wconf 93' lang='lat' dir='ltr'><strong>in</strong></span> <span class='ocrx_word' id='word_1_390' title='bbox 708 3479 886 3535; x_wconf 91' lang='lat' dir='ltr'><strong>animo</strong></span> <span class='ocrx_word' id='word_1_391' title='bbox 937 3492 1027 3537; x_wconf 88' lang='lat' dir='ltr'><strong>tuo</strong></span> <span class='ocrx_word' id='word_1_392' title='bbox 1056 3488 1414 3554; x_wconf 87' lang='lat' dir='ltr'><strong>corporalium</strong></span> <span class='ocrx_word' id='word_1_393' title='bbox 1449 3503 1662 3547; x_wconf 91' lang='lat' dir='ltr'><strong>artuum</strong></span> <span class='ocrx_word' id='word_1_394' title='bbox 1693 3496 2033 3553; x_wconf 89' lang='lat' dir='ltr'><strong>diversitates</strong></span> <span class='ocrx_word' id='word_1_395' title='bbox 2061 3516 2076 3563; x_wconf 90' lang='lat'><strong>;</strong></span> <span class='ocrx_word' id='word_1_396' title='bbox 2126 3510 2181 3554; x_wconf 86' lang='lat' dir='ltr'><strong>et</strong></span> 
     </span>
    </p>
   </div>
   <div class='ocr_carea' id='block_1_53' title="bbox 622 3569 2185 3657">
    <p class='ocr_par' dir='ltr' id='par_1_53' title="bbox 622 3569 2185 3657">
     <span class='ocr_line' id='line_1_53' title="bbox 622 3569 2185 3657; baseline 0.017 -37"><span class='ocrx_word' id='word_1_397' title='bbox 622 3569 846 3638; x_wconf 90' lang='lat' dir='ltr'><strong>incipias</strong></span> <span class='ocrx_word' id='word_1_398' title='bbox 909 3574 1002 3629; x_wconf 90' lang='lat' dir='ltr'><strong>tibi</strong></span> <span class='ocrx_word' id='word_1_399' title='bbox 1065 3580 1480 3648; x_wconf 87' lang='lat' dir='ltr'><strong>magnitudines,</strong></span> <span class='ocrx_word' id='word_1_400' title='bbox 1531 3595 1585 3639; x_wconf 89' lang='lat' dir='ltr'><strong>et</strong></span> <span class='ocrx_word' id='word_1_401' title='bbox 1641 3587 2072 3657; x_wconf 70' lang='lat' dir='ltr'><strong>inaequalitates.</strong></span> <span class='ocrx_word' id='word_1_402' title='bbox 2130 3601 2185 3645; x_wconf 90' lang='lat' dir='ltr'><strong>et</strong></span> 
     </span>
    </p>
   </div>
   <div class='ocr_carea' id='block_1_54' title="bbox 619 3669 2186 3737">
    <p class='ocr_par' dir='ltr' id='par_1_54' title="bbox 619 3669 2186 3737">
     <span class='ocr_line' id='line_1_54' title="bbox 619 3669 2186 3737; baseline 0.015 -25"><span class='ocrx_word' id='word_1_403' title='bbox 619 3672 812 3714; x_wconf 80' lang='lat' dir='ltr'><strong>catera</strong></span> <span class='ocrx_word' id='word_1_404' title='bbox 853 3677 1138 3732; x_wconf 88' lang='lat' dir='ltr'><strong>corporum</strong></span> <span class='ocrx_word' id='word_1_405' title='bbox 1171 3669 1374 3737; x_wconf 88' lang='lat' dir='ltr'><strong>majora</strong></span> <span class='ocrx_word' id='word_1_406' title='bbox 1422 3673 1505 3728; x_wconf 87' lang='lat' dir='ltr'><strong>vel</strong></span> <span class='ocrx_word' id='word_1_407' title='bbox 1547 3675 1754 3731; x_wconf 91' lang='lat' dir='ltr'><strong>minora</strong></span> <span class='ocrx_word' id='word_1_408' title='bbox 1791 3680 2030 3732; x_wconf 88' lang='lat' dir='ltr'><strong>membra</strong></span> <span class='ocrx_word' id='word_1_409' title='bbox 2055 3694 2186 3734; x_wconf 88' lang='lat' dir='ltr'><strong>con-</strong></span> 
     </span>
    </p>
   </div>
   <div class='ocr_carea' id='block_1_55' title="bbox 620 3749 2185 3836">
    <p class='ocr_par' dir='ltr' id='par_1_55' title="bbox 620 3749 2185 3836">
     <span class='ocr_line' id='line_1_55' title="bbox 620 3749 2185 3836; baseline 0.017 -35"><span class='ocrx_word' id='word_1_410' title='bbox 620 3749 860 3818; x_wconf 82' lang='lat' dir='ltr'><strong>fingere;</strong></span> <span class='ocrx_word' id='word_1_411' title='bbox 913 3754 1098 3811; x_wconf 90' lang='lat' dir='ltr'><strong>dicens</strong></span> <span class='ocrx_word' id='word_1_412' title='bbox 1149 3759 1374 3830; x_wconf 87' lang='lat' dir='ltr'><strong>digitum</strong></span> <span class='ocrx_word' id='word_1_413' title='bbox 1438 3779 1470 3818; x_wconf 89' lang='lat' dir='ltr'><strong>a</strong></span> <span class='ocrx_word' id='word_1_414' title='bbox 1524 3781 1723 3836; x_wconf 90' lang='lat' dir='ltr'><strong>manu,</strong></span> <span class='ocrx_word' id='word_1_415' title='bbox 1770 3777 1824 3824; x_wconf 90' lang='lat' dir='ltr'><strong>et</strong></span> <span class='ocrx_word' id='word_1_416' title='bbox 1865 3785 2081 3825; x_wconf 89' lang='lat' dir='ltr'><strong>manum</strong></span> <span class='ocrx_word' id='word_1_417' title='bbox 2119 3774 2185 3828; x_wconf 87' lang='lat' dir='ltr'><strong>ab</strong></span> 
     </span>
    </p>
   </div>
   <div class='ocr_carea' id='block_1_56' title="bbox 618 3842 2188 3923">
    <p class='ocr_par' dir='ltr' id='par_1_56' title="bbox 618 3842 2188 3923">
     <span class='ocr_line' id='line_1_56' title="bbox 618 3842 2188 3923; baseline 0.015 -29"><span class='ocrx_word' id='word_1_418' title='bbox 618 3855 686 3895; x_wconf 89' lang='lat' dir='ltr'><strong>eo</strong></span> <span class='ocrx_word' id='word_1_419' title='bbox 710 3842 865 3910; x_wconf 92' lang='lat' dir='ltr'><strong>cujus</strong></span> <span class='ocrx_word' id='word_1_420' title='bbox 891 3855 974 3899; x_wconf 90' lang='lat' dir='ltr'><strong>est</strong></span> <span class='ocrx_word' id='word_1_421' title='bbox 1006 3860 1201 3902; x_wconf 89' lang='lat' dir='ltr'><strong>manus</strong></span> <span class='ocrx_word' id='word_1_422' title='bbox 1221 3889 1236 3914; x_wconf 93' lang='lat'><strong>,</strong></span> <span class='ocrx_word' id='word_1_423' title='bbox 1261 3851 1439 3906; x_wconf 88' lang='lat' dir='ltr'><strong>multis</strong></span> <span class='ocrx_word' id='word_1_424' title='bbox 1482 3853 1932 3923; x_wconf 83' lang='lat' dir='ltr'><strong>inaequalitatibus</strong></span> <span class='ocrx_word' id='word_1_425' title='bbox 1982 3862 2188 3917; x_wconf 75' lang='lat' dir='ltr'><strong>disere-</strong></span> 
     </span>
    </p>
   </div>
   <div class='ocr_carea' id='block_1_57' title="bbox 618 3936 2186 4019">
    <p class='ocr_par' dir='ltr' id='par_1_57' title="bbox 618 3936 2186 4019">
     <span class='ocr_line' id='line_1_57' title="bbox 618 3936 2186 4019; baseline 0.015 -34"><span class='ocrx_word' id='word_1_426' title='bbox 618 3947 748 4001; x_wconf 87' lang='lat' dir='ltr'><strong>pare</strong></span> <span class='ocrx_word' id='word_1_427' title='bbox 775 3974 790 3999; x_wconf 92' lang='lat'><strong>,</strong></span> <span class='ocrx_word' id='word_1_428' title='bbox 845 3936 969 4005; x_wconf 88' lang='lat' dir='ltr'><strong>quia</strong></span> <span class='ocrx_word' id='word_1_429' title='bbox 998 3941 1064 3994; x_wconf 89' lang='lat' dir='ltr'><strong>de</strong></span> <span class='ocrx_word' id='word_1_430' title='bbox 1115 3941 1544 4010; x_wconf 89' lang='lat' dir='ltr'><strong>incorporalibus</strong></span> <span class='ocrx_word' id='word_1_431' title='bbox 1597 3963 1738 4002; x_wconf 87' lang='lat' dir='ltr'><strong>nunc</strong></span> <span class='ocrx_word' id='word_1_432' title='bbox 1778 3947 2059 4019; x_wconf 77' lang='lat' dir='ltr'><strong>Scriptura</strong></span> <span class='ocrx_word' id='word_1_433' title='bbox 2101 3953 2186 4008; x_wconf 88' lang='lat' dir='ltr'><strong>lo-</strong></span> 
     </span>
    </p>
   </div>
   <div class='ocr_carea' id='block_1_58' title="bbox 617 4024 2175 4100">
    <p class='ocr_par' dir='ltr' id='par_1_58' title="bbox 617 4024 2175 4100">
     <span class='ocr_line' id='line_1_58' title="bbox 617 4024 2175 4100; baseline 0.015 -26"><span class='ocrx_word' id='word_1_434' title='bbox 617 4024 822 4091; x_wconf 91' lang='lat' dir='ltr'><strong>quitur,</strong></span> <span class='ocrx_word' id='word_1_435' title='bbox 860 4029 1120 4083; x_wconf 89' lang='lat' dir='ltr'><strong>unitatem</strong></span> <span class='ocrx_word' id='word_1_436' title='bbox 1154 4041 1358 4087; x_wconf 90' lang='lat' dir='ltr'><strong>tantum</strong></span> <span class='ocrx_word' id='word_1_437' title='bbox 1409 4036 1612 4100; x_wconf 87' lang='lat' dir='ltr'><strong>volens,</strong></span> <span class='ocrx_word' id='word_1_438' title='bbox 1656 4054 1758 4091; x_wconf 93' lang='lat' dir='ltr'><strong>non</strong></span> <span class='ocrx_word' id='word_1_439' title='bbox 1812 4041 1974 4094; x_wconf 88' lang='lat' dir='ltr'><strong>etiam</strong></span> <span class='ocrx_word' id='word_1_440' title='bbox 2022 4058 2175 4097; x_wconf 92' lang='lat' dir='ltr'><strong>men-</strong></span> 
     </span>
    </p>
   </div>
   <div class='ocr_carea' id='block_1_59' title="bbox 618 4117 2186 4192">
    <p class='ocr_par' dir='ltr' id='par_1_59' title="bbox 618 4117 2186 4192">
     <span class='ocr_line' id='line_1_59' title="bbox 618 4117 2186 4192; baseline 0.012 -24"><span class='ocrx_word' id='word_1_441' title='bbox 618 4129 799 4168; x_wconf 84' lang='lat' dir='ltr'><strong>suram</strong></span> <span class='ocrx_word' id='word_1_442' title='bbox 844 4117 1160 4174; x_wconf 79' lang='lat' dir='ltr'><strong>substantia</strong></span> <span class='ocrx_word' id='word_1_443' title='bbox 1187 4124 1556 4192; x_wconf 83' lang='lat' dir='ltr'><strong>demonstrare</strong></span> <span class='ocrx_word' id='word_1_444' title='bbox 1591 4143 1606 4180; x_wconf 87' lang='lat'><strong>:</strong></span> <span class='ocrx_word' id='word_1_445' title='bbox 1651 4129 1787 4182; x_wconf 90' lang='lat' dir='ltr'><strong>sicut</strong></span> <span class='ocrx_word' id='word_1_446' title='bbox 1815 4133 1958 4184; x_wconf 88' lang='lat' dir='ltr'><strong>enim</strong></span> <span class='ocrx_word' id='word_1_447' title='bbox 1993 4147 2186 4188; x_wconf 88' lang='lat' dir='ltr'><strong>manus</strong></span> 
     </span>
    </p>
   </div>
   <div class='ocr_carea' id='block_1_60' title="bbox 619 4209 2187 4290">
    <p class='ocr_par' dir='ltr' id='par_1_60' title="bbox 619 4209 2187 4290">
     <span class='ocr_line' id='line_1_60' title="bbox 619 4209 2187 4290; baseline 0.012 -32"><span class='ocrx_word' id='word_1_448' title='bbox 619 4221 723 4261; x_wconf 90' lang='lat' dir='ltr'><strong>non</strong></span> <span class='ocrx_word' id='word_1_449' title='bbox 754 4209 1010 4264; x_wconf 86' lang='lat' dir='ltr'><strong>dividitur</strong></span> <span class='ocrx_word' id='word_1_450' title='bbox 1043 4227 1069 4264; x_wconf 92' lang='lat' dir='ltr'><strong>a</strong></span> <span class='ocrx_word' id='word_1_451' title='bbox 1101 4227 1349 4283; x_wconf 88' lang='lat' dir='ltr'><strong>corpore,</strong></span> <span class='ocrx_word' id='word_1_452' title='bbox 1387 4233 1482 4286; x_wconf 89' lang='lat' dir='ltr'><strong>per</strong></span> <span class='ocrx_word' id='word_1_453' title='bbox 1536 4235 1698 4286; x_wconf 85' lang='lat' dir='ltr'><strong>quam</strong></span> <span class='ocrx_word' id='word_1_454' title='bbox 1750 4231 1941 4274; x_wconf 89' lang='lat' dir='ltr'><strong>cuncta</strong></span> <span class='ocrx_word' id='word_1_455' title='bbox 1977 4222 2187 4290; x_wconf 85' lang='lat' dir='ltr'><strong>perficit</strong></span> 
     </span>
    </p>
   </div>
   <div class='ocr_carea' id='block_1_61' title="bbox 615 4303 2185 4376">
    <p class='ocr_par' dir='ltr' id='par_1_61' title="bbox 615 4303 2185 4376">
     <span class='ocr_line' id='line_1_61' title="bbox 615 4303 2185 4376; baseline 0.01 -24"><span class='ocrx_word' id='word_1_456' title='bbox 615 4308 670 4352; x_wconf 89' lang='lat' dir='ltr'><strong>et</strong></span> <span class='ocrx_word' id='word_1_457' title='bbox 699 4311 976 4366; x_wconf 90' lang='lat' dir='ltr'><strong>operatur,</strong></span> <span class='ocrx_word' id='word_1_458' title='bbox 1017 4311 1069 4357; x_wconf 91' lang='lat' dir='ltr'><strong>et</strong></span> <span class='ocrx_word' id='word_1_459' title='bbox 1105 4303 1156 4357; x_wconf 93' lang='lat' dir='ltr'><strong>in</strong></span> <span class='ocrx_word' id='word_1_460' title='bbox 1183 4321 1247 4359; x_wconf 92' lang='lat' dir='ltr'><strong>eo</strong></span> <span class='ocrx_word' id='word_1_461' title='bbox 1283 4315 1389 4373; x_wconf 89' lang='lat' dir='ltr'><strong>est,</strong></span> <span class='ocrx_word' id='word_1_462' title='bbox 1426 4307 1578 4376; x_wconf 84' lang='lat' dir='ltr'><strong>cujus</strong></span> <span class='ocrx_word' id='word_1_463' title='bbox 1609 4319 1692 4364; x_wconf 92' lang='lat' dir='ltr'><strong>est</strong></span> <span class='ocrx_word' id='word_1_464' title='bbox 1725 4325 1916 4367; x_wconf 91' lang='lat' dir='ltr'><strong>manus</strong></span> <span class='ocrx_word' id='word_1_465' title='bbox 1959 4330 1975 4368; x_wconf 89' lang='lat'><strong>:</strong></span> <span class='ocrx_word' id='word_1_466' title='bbox 2016 4315 2093 4367; x_wconf 91' lang='lat' dir='ltr'><strong>sic</strong></span> <span class='ocrx_word' id='word_1_467' title='bbox 2130 4323 2185 4368; x_wconf 89' lang='lat' dir='ltr'><strong>et</strong></span> 
     </span>
    </p>
   </div>
   <div class='ocr_carea' id='block_1_62' title="bbox 613 4389 2264 4480">
    <p class='ocr_par' dir='ltr' id='par_1_62' title="bbox 613 4389 2264 4480">
     <span class='ocr_line' id='line_1_62' title="bbox 613 4389 2264 4480; baseline 0.012 -38"><span class='ocrx_word' id='word_1_468' title='bbox 613 4389 812 4456; x_wconf 80' lang='lat' dir='ltr'><strong>digitus</strong></span> <span class='ocrx_word' id='word_1_469' title='bbox 874 4409 978 4447; x_wconf 92' lang='lat' dir='ltr'><strong>non</strong></span> <span class='ocrx_word' id='word_1_470' title='bbox 1031 4407 1316 4464; x_wconf 86' lang='lat' dir='ltr'><strong>separatur</strong></span> <span class='ocrx_word' id='word_1_471' title='bbox 1343 4414 1373 4453; x_wconf 93' lang='lat' dir='ltr'><strong>a</strong></span> <span class='ocrx_word' id='word_1_472' title='bbox 1409 4416 1591 4465; x_wconf 90' lang='lat' dir='ltr'><strong>manu,</strong></span> <span class='ocrx_word' id='word_1_473' title='bbox 1623 4401 1773 4469; x_wconf 91' lang='lat' dir='ltr'><strong>cujus</strong></span> <span class='ocrx_word' id='word_1_474' title='bbox 1817 4413 1899 4458; x_wconf 86' lang='lat' dir='ltr'><strong>est</strong></span> <span class='ocrx_word' id='word_1_475' title='bbox 1961 4404 2178 4475; x_wconf 83' lang='lat' dir='ltr'><strong>digitus.</strong></span> <span class='ocrx_word' id='word_1_476' title='bbox 2209 4417 2264 4480; x_wconf 77' lang='grc' dir='ltr'>ι)</span> 
     </span>
    </p>
   </div>
   <div class='ocr_carea' id='block_1_63' title="bbox 613 4479 2177 4559">
    <p class='ocr_par' dir='ltr' id='par_1_63' title="bbox 613 4479 2177 4559">
     <span class='ocr_line' id='line_1_63' title="bbox 613 4479 2177 4559; baseline 0.012 -25"><span class='ocrx_word' id='word_1_477' title='bbox 613 4479 796 4550; x_wconf 78' lang='lat' dir='ltr'><strong>itaque</strong></span> <span class='ocrx_word' id='word_1_478' title='bbox 844 4483 1006 4550; x_wconf 88' lang='lat' dir='ltr'><strong>rejice</strong></span> <span class='ocrx_word' id='word_1_479' title='bbox 1071 4487 1462 4557; x_wconf 52' lang='lat' dir='ltr'><strong>inatqualitales</strong></span> <span class='ocrx_word' id='word_1_480' title='bbox 1505 4501 1558 4546; x_wconf 88' lang='lat' dir='ltr'><strong>et</strong></span> <span class='ocrx_word' id='word_1_481' title='bbox 1591 4509 1899 4559; x_wconf 89' lang='lat' dir='ltr'><strong>mensuras,</strong></span> <span class='ocrx_word' id='word_1_482' title='bbox 1956 4511 2078 4549; x_wconf 91' lang='lat' dir='ltr'><strong>cutn</strong></span> <span class='ocrx_word' id='word_1_483' title='bbox 2113 4498 2177 4552; x_wconf 87' lang='lat' dir='ltr'><strong>de</strong></span> 
     </span>
    </p>
   </div>
   <div class='ocr_carea' id='block_1_64' title="bbox 614 4565 2186 4652">
    <p class='ocr_par' dir='ltr' id='par_1_64' title="bbox 614 4565 2186 4652">
     <span class='ocr_line' id='line_1_64' title="bbox 614 4565 2186 4652; baseline 0.01 -28"><span class='ocrx_word' id='word_1_484' title='bbox 614 4570 724 4626; x_wconf 90' lang='lat' dir='ltr'><strong>Deo</strong></span> <span class='ocrx_word' id='word_1_485' title='bbox 747 4565 980 4643; x_wconf 73' lang='lat' dir='ltr'><strong>cogitas,</strong></span> <span class='ocrx_word' id='word_1_486' title='bbox 1015 4585 1069 4630; x_wconf 89' lang='lat' dir='ltr'><strong>et</strong></span> <span class='ocrx_word' id='word_1_487' title='bbox 1106 4577 1344 4650; x_wconf 90' lang='lat' dir='ltr'><strong>intellige</strong></span> <span class='ocrx_word' id='word_1_488' title='bbox 1373 4581 1523 4652; x_wconf 84' lang='lat' dir='ltr'><strong>digiti</strong></span> <span class='ocrx_word' id='word_1_489' title='bbox 1561 4592 1614 4636; x_wconf 90' lang='lat' dir='ltr'><strong>ct</strong></span> <span class='ocrx_word' id='word_1_490' title='bbox 1646 4599 1834 4637; x_wconf 89' lang='lat' dir='ltr'><strong>manus</strong></span> <span class='ocrx_word' id='word_1_491' title='bbox 1859 4626 1874 4650; x_wconf 92' lang='lat'><strong>,</strong></span> <span class='ocrx_word' id='word_1_492' title='bbox 1929 4594 1984 4638; x_wconf 93' lang='lat' dir='ltr'><strong>et</strong></span> <span class='ocrx_word' id='word_1_493' title='bbox 2024 4588 2186 4640; x_wconf 87' lang='lat' dir='ltr'><strong>totius</strong></span> 
     </span>
    </p>
   </div>
   <div class='ocr_carea' id='block_1_65' title="bbox 613 4664 2183 4746">
    <p class='ocr_par' dir='ltr' id='par_1_65' title="bbox 613 4664 2183 4746">
     <span class='ocr_line' id='line_1_65' title="bbox 613 4664 2183 4746; baseline 0.01 -31"><span class='ocrx_word' id='word_1_494' title='bbox 613 4664 928 4720; x_wconf 88' lang='lat' dir='ltr'><strong>substantia</strong></span> <span class='ocrx_word' id='word_1_495' title='bbox 978 4671 1233 4724; x_wconf 89' lang='lat' dir='ltr'><strong>unitatem</strong></span> <span class='ocrx_word' id='word_1_496' title='bbox 1266 4689 1280 4725; x_wconf 89' lang='lat'><strong>:</strong></span> <span class='ocrx_word' id='word_1_497' title='bbox 1313 4687 1420 4742; x_wconf 91' lang='lat' dir='ltr'><strong>quo</strong></span> <span class='ocrx_word' id='word_1_498' title='bbox 1467 4673 1634 4742; x_wconf 86' lang='lat' dir='ltr'><strong>digito</strong></span> <span class='ocrx_word' id='word_1_499' title='bbox 1663 4676 1744 4728; x_wconf 80' lang='lat' dir='ltr'><strong>lex</strong></span> <span class='ocrx_word' id='word_1_500' title='bbox 1777 4675 1890 4746; x_wconf 73' lang='grc'><strong>(41)</strong></span> <span class='ocrx_word' id='word_1_501' title='bbox 1943 4675 1992 4728; x_wconf 91' lang='lat' dir='ltr'><strong>in</strong></span> <span class='ocrx_word' id='word_1_502' title='bbox 2033 4676 2183 4730; x_wconf 85' lang='lat' dir='ltr'><strong>tabu-</strong></span> 
     </span>
    </p>
   </div>
   <div class='ocr_carea' id='block_1_66' title="bbox 613 4752 2182 4837">
    <p class='ocr_par' dir='ltr' id='par_1_66' title="bbox 613 4752 2182 4837">
     <span class='ocr_line' id='line_1_66' title="bbox 613 4752 2182 4837; baseline 0.01 -30"><span class='ocrx_word' id='word_1_503' title='bbox 613 4752 681 4808; x_wconf 92' lang='lat' dir='ltr'><strong>lis</strong></span> <span class='ocrx_word' id='word_1_504' title='bbox 711 4756 934 4826; x_wconf 90' lang='lat' dir='ltr'><strong>lapideis</strong></span> <span class='ocrx_word' id='word_1_505' title='bbox 967 4761 1164 4829; x_wconf 90' lang='lat' dir='ltr'><strong>scripta</strong></span> <span class='ocrx_word' id='word_1_506' title='bbox 1194 4774 1299 4817; x_wconf 93' lang='lat' dir='ltr'><strong>est.</strong></span> <span class='ocrx_word' id='word_1_507' title='bbox 1330 4763 1433 4817; x_wconf 91' lang='lat' dir='ltr'><strong>Per</strong></span> <span class='ocrx_word' id='word_1_508' title='bbox 1457 4766 1617 4819; x_wconf 88' lang='lat' dir='ltr'><strong>aliam</strong></span> <span class='ocrx_word' id='word_1_509' title='bbox 1659 4782 1872 4835; x_wconf 88' lang='lat' dir='ltr'><strong>quoque</strong></span> <span class='ocrx_word' id='word_1_510' title='bbox 1932 4767 2182 4837; x_wconf 87' lang='lat' dir='ltr'><strong>Scriptu-</strong></span> 
     </span>
    </p>
   </div>
   <div class='ocr_carea' id='block_1_67' title="bbox 613 4847 2179 4925">
    <p class='ocr_par' dir='ltr' id='par_1_67' title="bbox 613 4847 2179 4925">
     <span class='ocr_line' id='line_1_67' title="bbox 613 4847 2179 4925; baseline 0.01 -28"><span class='ocrx_word' id='word_1_511' title='bbox 613 4859 775 4910; x_wconf 90' lang='lat' dir='ltr'><strong>ram,</strong></span> <span class='ocrx_word' id='word_1_512' title='bbox 814 4847 933 4902; x_wconf 84' lang='lat' dir='ltr'><strong>fidei</strong></span> <span class='ocrx_word' id='word_1_513' title='bbox 966 4861 1160 4905; x_wconf 84' lang='lat' dir='ltr'><strong>nostra</strong></span> <span class='ocrx_word' id='word_1_514' title='bbox 1189 4853 1557 4920; x_wconf 88' lang='lat' dir='ltr'><strong>probationem</strong></span> <span class='ocrx_word' id='word_1_515' title='bbox 1587 4863 1889 4910; x_wconf 90' lang='lat' dir='ltr'><strong>monstrare</strong></span> <span class='ocrx_word' id='word_1_516' title='bbox 1925 4857 2179 4925; x_wconf 79' lang='lat' dir='ltr'><strong>perfacile</strong></span> 
     </span>
    </p>
   </div>
   <div class='ocr_carea' id='block_1_68' title="bbox 615 4935 2178 5018">
    <p class='ocr_par' dir='ltr' id='par_1_68' title="bbox 615 4935 2178 5018">
     <span class='ocr_line' id='line_1_68' title="bbox 615 4935 2178 5018; baseline 0.01 -30"><span class='ocrx_word' id='word_1_517' title='bbox 615 4947 716 4989; x_wconf 91' lang='lat' dir='ltr'><strong>est.</strong></span> <span class='ocrx_word' id='word_1_518' title='bbox 753 4935 907 4992; x_wconf 87' lang='lat' dir='ltr'><strong>Solus</strong></span> <span class='ocrx_word' id='word_1_519' title='bbox 938 4942 1150 5007; x_wconf 88' lang='lat' dir='ltr'><strong>sapiens</strong></span> <span class='ocrx_word' id='word_1_520' title='bbox 1187 4943 1363 4998; x_wconf 89' lang='lat' dir='ltr'><strong>dictus</strong></span> <span class='ocrx_word' id='word_1_521' title='bbox 1398 4955 1479 4998; x_wconf 89' lang='lat' dir='ltr'><strong>est</strong></span> <span class='ocrx_word' id='word_1_522' title='bbox 1522 4944 1662 5000; x_wconf 83' lang='lat' dir='ltr'><strong>Dens</strong></span> <span class='ocrx_word' id='word_1_523' title='bbox 1711 4965 1724 5000; x_wconf 92' lang='lat'>:</span> <span class='ocrx_word' id='word_1_524' title='bbox 1767 4964 1871 5001; x_wconf 92' lang='lat' dir='ltr'><strong>non</strong></span> <span class='ocrx_word' id='word_1_525' title='bbox 1910 4949 2178 5018; x_wconf 88' lang='lat' dir='ltr'><strong>accipiens</strong></span> 
     </span>
    </p>
   </div>
   <div class='ocr_carea' id='block_1_69' title="bbox 679 5027 1715 5100">
    <p class='ocr_par' dir='ltr' id='par_1_69' title="bbox 679 5027 1715 5100">
     <span class='ocr_line' id='line_1_69' title="bbox 679 5027 1715 5100; baseline 0.014 -21"><span class='ocrx_word' id='word_1_526' title='bbox 679 5027 726 5058; x_wconf 83' lang='lat'><strong>&quot;</strong></span> <span class='ocrx_word' id='word_1_527' title='bbox 763 5028 946 5100; x_wconf 79' lang='lat' dir='ltr'><strong>Matth.</strong></span> <span class='ocrx_word' id='word_1_528' title='bbox 975 5049 1028 5095; x_wconf 76' lang='grc' dir='ltr'><strong>χ,</strong></span> <span class='ocrx_word' id='word_1_529' title='bbox 1062 5033 1154 5088; x_wconf 74' lang='grc'><strong>20.</strong></span> <span class='ocrx_word' id='word_1_530' title='bbox 1251 5037 1297 5067; x_wconf 76' lang='grc'><strong>⁸³</strong></span> <span class='ocrx_word' id='word_1_531' title='bbox 1344 5035 1472 5092; x_wconf 88' lang='lat' dir='ltr'><strong>Luc.</strong></span> <span class='ocrx_word' id='word_1_532' title='bbox 1516 5055 1591 5100; x_wconf 77' lang='lat' dir='ltr'><strong>x1,</strong></span> <span class='ocrx_word' id='word_1_533' title='bbox 1632 5040 1715 5093; x_wconf 79' lang='lat' dir='ltr'><strong>i5.</strong></span> 
     </span>
    </p>
   </div>
   <div class='ocr_carea' id='block_1_70' title="bbox 1802 5042 2252 5108">
    <p class='ocr_par' dir='ltr' id='par_1_70' title="bbox 1802 5042 2252 5108">
     <span class='ocr_line' id='line_1_70' title="bbox 1802 5042 2252 5108; baseline 0.011 -13"><span class='ocrx_word' id='word_1_534' title='bbox 1802 5042 1846 5074; x_wconf 76' lang='lat'><strong>“</strong></span> <span class='ocrx_word' id='word_1_535' title='bbox 1881 5043 2008 5099; x_wconf 86' lang='lat' dir='ltr'><strong>ibid.</strong></span> <span class='ocrx_word' id='word_1_536' title='bbox 2043 5045 2127 5108; x_wconf 73' lang='lat'><strong>19,</strong></span> <span class='ocrx_word' id='word_1_537' title='bbox 2162 5045 2252 5100; x_wconf 69' lang='lat'><strong>20.</strong></span> 
     </span>
    </p>
   </div>
   <div class='ocr_carea' id='block_1_71' title="bbox 2300 1847 3800 1925">
    <p class='ocr_par' dir='ltr' id='par_1_71' title="bbox 2300 1847 3800 1925">
     <span class='ocr_line' id='line_1_71' title="bbox 2300 1847 3800 1925; baseline 0.007 -27"><span class='ocrx_word' id='word_1_538' title='bbox 2300 1853 2388 1900; x_wconf 92' lang='lat' dir='ltr'><strong>tur</strong></span> <span class='ocrx_word' id='word_1_539' title='bbox 2415 1865 2427 1900; x_wconf 93' lang='lat'><strong>:</strong></span> <span class='ocrx_word' id='word_1_540' title='bbox 2454 1847 2762 1904; x_wconf 68' lang='lat' dir='ltr'><strong>«Multitudo</strong></span> <span class='ocrx_word' id='word_1_541' title='bbox 2783 1853 2977 1921; x_wconf 90' lang='lat' dir='ltr'><strong>quippe</strong></span> <span class='ocrx_word' id='word_1_542' title='bbox 3004 1855 3324 1922; x_wconf 90' lang='lat' dir='ltr'><strong>sapientium</strong></span> <span class='ocrx_word' id='word_1_543' title='bbox 3345 1859 3489 1914; x_wconf 89' lang='lat' dir='ltr'><strong>salus</strong></span> <span class='ocrx_word' id='word_1_544' title='bbox 3515 1859 3678 1913; x_wconf 89' lang='lat' dir='ltr'><strong>tnnndi</strong></span> <span class='ocrx_word' id='word_1_545' title='bbox 3699 1861 3754 1925; x_wconf 81' lang='lat'><strong>&quot;;</strong></span> <span class='ocrx_word' id='word_1_546' title='bbox 3787 1878 3800 1909; x_wconf 74' lang='grc' dir='ltr'><strong>ι</strong></span> 
     </span>
    </p>
   </div>
   <div class='ocr_carea' id='block_1_72' title="bbox 2298 1937 3806 2016">
    <p class='ocr_par' dir='ltr' id='par_1_72' title="bbox 2298 1937 3806 2016">
     <span class='ocr_line' id='line_1_72' title="bbox 2298 1937 3806 2016; baseline 0.007 -24"><span class='ocrx_word' id='word_1_547' title='bbox 2298 1947 2387 2000; x_wconf 86' lang='grc' dir='ltr'>ει,</span> <span class='ocrx_word' id='word_1_548' title='bbox 2423 1955 2442 1990; x_wconf 78' lang='grc' dir='ltr'><strong>ι</strong></span> <span class='ocrx_word' id='word_1_549' title='bbox 2490 1937 2590 2004; x_wconf 87' lang='lat' dir='ltr'><strong>Qui</strong></span> <span class='ocrx_word' id='word_1_550' title='bbox 2629 1942 2944 2011; x_wconf 89' lang='lat' dir='ltr'><strong>semetipsos</strong></span> <span class='ocrx_word' id='word_1_551' title='bbox 2983 1957 3342 2014; x_wconf 89' lang='lat' dir='ltr'><strong>cognoscunt,</strong></span> <span class='ocrx_word' id='word_1_552' title='bbox 3390 1949 3444 2004; x_wconf 90' lang='lat' dir='ltr'><strong>hi</strong></span> <span class='ocrx_word' id='word_1_553' title='bbox 3495 1960 3610 2005; x_wconf 89' lang='lat' dir='ltr'><strong>sunt</strong></span> <span class='ocrx_word' id='word_1_554' title='bbox 3642 1951 3806 2016; x_wconf 87' lang='lat' dir='ltr'><strong>sapien-</strong></span> 
     </span>
    </p>
   </div>
   <div class='ocr_carea' id='block_1_73' title="bbox 2300 2026 3803 2106">
    <p class='ocr_par' dir='ltr' id='par_1_73' title="bbox 2300 2026 3803 2106">
     <span class='ocr_line' id='line_1_73' title="bbox 2300 2026 3803 2106; baseline 0.006 -27"><span class='ocrx_word' id='word_1_555' title='bbox 2300 2034 2379 2081; x_wconf 88' lang='lat' dir='ltr'><strong>tes</strong></span> <span class='ocrx_word' id='word_1_556' title='bbox 2394 2026 2496 2091; x_wconf 79' lang='grc'><strong>⁹⁸;›</strong></span> <span class='ocrx_word' id='word_1_557' title='bbox 2531 2039 2584 2081; x_wconf 88' lang='grc' dir='ltr'><strong>ει</strong></span> <span class='ocrx_word' id='word_1_558' title='bbox 2626 2043 2834 2083; x_wconf 91' lang='lat' dir='ltr'><strong>rursum</strong></span> <span class='ocrx_word' id='word_1_559' title='bbox 2871 2050 2884 2085; x_wconf 89' lang='lat'>:</span> <span class='ocrx_word' id='word_1_560' title='bbox 2918 2049 2936 2081; x_wconf 77' lang='grc' dir='ltr'><strong>ι</strong></span> <span class='ocrx_word' id='word_1_561' title='bbox 2965 2030 3098 2086; x_wconf 89' lang='lat' dir='ltr'><strong>Cum</strong></span> <span class='ocrx_word' id='word_1_562' title='bbox 3126 2032 3291 2090; x_wconf 88' lang='lat' dir='ltr'><strong>fueris</strong></span> <span class='ocrx_word' id='word_1_563' title='bbox 3352 2052 3473 2091; x_wconf 88' lang='lat' dir='ltr'><strong>cum</strong></span> <span class='ocrx_word' id='word_1_564' title='bbox 3499 2037 3803 2106; x_wconf 86' lang='lat' dir='ltr'><strong>sapientibus,</strong></span> 
     </span>
    </p>
   </div>
   <div class='ocr_carea' id='block_1_74' title="bbox 2296 2116 3805 2194">
    <p class='ocr_par' dir='ltr' id='par_1_74' title="bbox 2296 2116 3805 2194">
     <span class='ocr_line' id='line_1_74' title="bbox 2296 2116 3805 2194; baseline 0.005 -23"><span class='ocrx_word' id='word_1_565' title='bbox 2296 2116 2508 2186; x_wconf 90' lang='lat' dir='ltr'><strong>sapiens</strong></span> <span class='ocrx_word' id='word_1_566' title='bbox 2541 2118 2649 2173; x_wconf 91' lang='lat' dir='ltr'><strong>eris</strong></span> <span class='ocrx_word' id='word_1_567' title='bbox 2674 2119 2755 2173; x_wconf 67' lang='grc' dir='ltr'><strong>’νε</strong></span> <span class='ocrx_word' id='word_1_568' title='bbox 2792 2139 2810 2172; x_wconf 78' lang='grc' dir='ltr'><strong>ι</strong></span> <span class='ocrx_word' id='word_1_569' title='bbox 2849 2121 2926 2176; x_wconf 88' lang='lat' dir='ltr'><strong>sic</strong></span> <span class='ocrx_word' id='word_1_570' title='bbox 2955 2131 3010 2176; x_wconf 92' lang='lat' dir='ltr'><strong>et</strong></span> <span class='ocrx_word' id='word_1_571' title='bbox 3039 2122 3268 2194; x_wconf 88' lang='lat' dir='ltr'><strong>Spiritus</strong></span> <span class='ocrx_word' id='word_1_572' title='bbox 3307 2141 3403 2182; x_wconf 90' lang='lat' dir='ltr'><strong>san</strong></span> <span class='ocrx_word' id='word_1_573' title='bbox 3417 2138 3531 2182; x_wconf 90' lang='lat' dir='ltr'><strong>ctus</strong></span> <span class='ocrx_word' id='word_1_574' title='bbox 3572 2143 3667 2181; x_wconf 90' lang='lat' dir='ltr'><strong>non</strong></span> <span class='ocrx_word' id='word_1_575' title='bbox 3697 2125 3805 2180; x_wconf 82' lang='lat' dir='ltr'><strong>acci-</strong></span> 
     </span>
    </p>
   </div>
   <div class='ocr_carea' id='block_1_75' title="bbox 2295 2207 3807 2284">
    <p class='ocr_par' dir='ltr' id='par_1_75' title="bbox 2295 2207 3807 2284">
     <span class='ocr_line' id='line_1_75' title="bbox 2295 2207 3807 2284; baseline 0.007 -24"><span class='ocrx_word' id='word_1_576' title='bbox 2295 2207 2448 2276; x_wconf 85' lang='lat' dir='ltr'><strong>piens</strong></span> <span class='ocrx_word' id='word_1_577' title='bbox 2500 2207 2714 2264; x_wconf 90' lang='lat' dir='ltr'><strong>aliunde</strong></span> <span class='ocrx_word' id='word_1_578' title='bbox 2746 2211 3064 2279; x_wconf 88' lang='lat' dir='ltr'><strong>sapientiam</strong></span> <span class='ocrx_word' id='word_1_579' title='bbox 3094 2253 3111 2280; x_wconf 91' lang='lat'><strong>,</strong></span> <span class='ocrx_word' id='word_1_580' title='bbox 3160 2214 3336 2269; x_wconf 91' lang='lat' dir='ltr'><strong>dictus</strong></span> <span class='ocrx_word' id='word_1_581' title='bbox 3383 2225 3468 2270; x_wconf 89' lang='lat' dir='ltr'><strong>est</strong></span> <span class='ocrx_word' id='word_1_582' title='bbox 3509 2217 3708 2284; x_wconf 88' lang='lat' dir='ltr'><strong>spiritus</strong></span> <span class='ocrx_word' id='word_1_583' title='bbox 3742 2230 3807 2270; x_wconf 86' lang='lat' dir='ltr'><strong>sa-</strong></span> 
     </span>
    </p>
   </div>
   <div class='ocr_carea' id='block_1_76' title="bbox 2293 2298 3802 2375">
    <p class='ocr_par' dir='ltr' id='par_1_76' title="bbox 2293 2298 3802 2375">
     <span class='ocr_line' id='line_1_76' title="bbox 2293 2298 3802 2375; baseline 0.007 -26"><span class='ocrx_word' id='word_1_584' title='bbox 2293 2298 2541 2367; x_wconf 80' lang='lat' dir='ltr'><strong>pientia;</strong></span> <span class='ocrx_word' id='word_1_585' title='bbox 2577 2300 2679 2354; x_wconf 90' lang='lat' dir='ltr'><strong>hoc</strong></span> <span class='ocrx_word' id='word_1_586' title='bbox 2725 2301 2868 2355; x_wconf 91' lang='lat' dir='ltr'><strong>enim</strong></span> <span class='ocrx_word' id='word_1_587' title='bbox 2921 2301 3090 2371; x_wconf 87' lang='lat' dir='ltr'><strong>ipsum</strong></span> <span class='ocrx_word' id='word_1_588' title='bbox 3131 2304 3274 2372; x_wconf 87' lang='lat' dir='ltr'><strong>quod</strong></span> <span class='ocrx_word' id='word_1_589' title='bbox 3324 2305 3594 2370; x_wconf 90' lang='lat' dir='ltr'><strong>subsistit,</strong></span> <span class='ocrx_word' id='word_1_590' title='bbox 3626 2305 3802 2375; x_wconf 85' lang='lat' dir='ltr'><strong>spiritus</strong></span> 
     </span>
    </p>
   </div>
   <div class='ocr_carea' id='block_1_77' title="bbox 2293 2387 3804 2461">
    <p class='ocr_par' dir='ltr' id='par_1_77' title="bbox 2293 2387 3804 2461">
     <span class='ocr_line' id='line_1_77' title="bbox 2293 2387 3804 2461; baseline 0.007 -21"><span class='ocrx_word' id='word_1_591' title='bbox 2293 2387 2567 2456; x_wconf 85' lang='lat' dir='ltr'><strong>sapientia</strong></span> <span class='ocrx_word' id='word_1_592' title='bbox 2611 2399 2731 2443; x_wconf 86' lang='lat' dir='ltr'><strong>est:</strong></span> <span class='ocrx_word' id='word_1_593' title='bbox 2761 2399 2814 2444; x_wconf 91' lang='lat' dir='ltr'><strong>et</strong></span> <span class='ocrx_word' id='word_1_594' title='bbox 2847 2402 3032 2444; x_wconf 88' lang='lat' dir='ltr'><strong>natura</strong></span> <span class='ocrx_word' id='word_1_595' title='bbox 3062 2392 3216 2461; x_wconf 87' lang='lat' dir='ltr'><strong>ejus,</strong></span> <span class='ocrx_word' id='word_1_596' title='bbox 3262 2396 3397 2450; x_wconf 88' lang='lat' dir='ltr'><strong>nihil</strong></span> <span class='ocrx_word' id='word_1_597' title='bbox 3429 2405 3511 2452; x_wconf 87' lang='lat' dir='ltr'><strong>est</strong></span> <span class='ocrx_word' id='word_1_598' title='bbox 3560 2397 3690 2450; x_wconf 92' lang='lat' dir='ltr'><strong>aliud</strong></span> <span class='ocrx_word' id='word_1_599' title='bbox 3729 2396 3804 2450; x_wconf 79' lang='lat' dir='ltr'><strong>nisi</strong></span> 
     </span>
    </p>
   </div>
   <div class='ocr_carea' id='block_1_78' title="bbox 2297 2473 3803 2555">
    <p class='ocr_par' dir='ltr' id='par_1_78' title="bbox 2297 2473 3803 2555">
     <span class='ocr_line' id='line_1_78' title="bbox 2297 2473 3803 2555; baseline 0.004 -25"><span class='ocrx_word' id='word_1_600' title='bbox 2297 2473 2534 2544; x_wconf 88' lang='lat' dir='ltr'><strong>Spiritus</strong></span> <span class='ocrx_word' id='word_1_601' title='bbox 2571 2479 2817 2532; x_wconf 86' lang='lat' dir='ltr'><strong>veritatis</strong></span> <span class='ocrx_word' id='word_1_602' title='bbox 2872 2493 2925 2535; x_wconf 91' lang='lat' dir='ltr'><strong>ct</strong></span> <span class='ocrx_word' id='word_1_603' title='bbox 2959 2480 3194 2551; x_wconf 87' lang='lat' dir='ltr'><strong>Spiritus</strong></span> <span class='ocrx_word' id='word_1_604' title='bbox 3229 2483 3346 2550; x_wconf 90' lang='lat' dir='ltr'><strong>Dei,</strong></span> <span class='ocrx_word' id='word_1_605' title='bbox 3385 2487 3454 2540; x_wconf 85' lang='lat' dir='ltr'><strong>de</strong></span> <span class='ocrx_word' id='word_1_606' title='bbox 3513 2487 3691 2555; x_wconf 88' lang='lat' dir='ltr'><strong>quibus</strong></span> <span class='ocrx_word' id='word_1_607' title='bbox 3720 2485 3803 2554; x_wconf 84' lang='lat' dir='ltr'><strong>jam</strong></span> 
     </span>
    </p>
   </div>
   <div class='ocr_carea' id='block_1_79' title="bbox 2292 2566 3806 2646">
    <p class='ocr_par' dir='ltr' id='par_1_79' title="bbox 2292 2566 3806 2646">
     <span class='ocr_line' id='line_1_79' title="bbox 2292 2566 3806 2646; baseline 0.009 -28"><span class='ocrx_word' id='word_1_608' title='bbox 2292 2566 2624 2622; x_wconf 86' lang='lat' dir='ltr'><strong>abundanter</strong></span> <span class='ocrx_word' id='word_1_609' title='bbox 2674 2569 2726 2623; x_wconf 93' lang='lat' dir='ltr'><strong>in</strong></span> <span class='ocrx_word' id='word_1_610' title='bbox 2771 2568 3044 2624; x_wconf 84' lang='lat' dir='ltr'><strong>Sectarum</strong></span> <span class='ocrx_word' id='word_1_611' title='bbox 3096 2574 3366 2630; x_wconf 82' lang='lat' dir='ltr'><strong>volumine</strong></span> <span class='ocrx_word' id='word_1_612' title='bbox 3451 2576 3806 2646; x_wconf 86' lang='lat' dir='ltr'><strong>disputavimus.</strong></span> 
     </span>
    </p>
   </div>
   <div class='ocr_carea' id='block_1_80' title="bbox 2297 2655 3804 2735">
    <p class='ocr_par' dir='ltr' id='par_1_80' title="bbox 2297 2655 3804 2735">
     <span class='ocr_line' id='line_1_80' title="bbox 2297 2655 3804 2735; baseline 0.005 -23"><span class='ocrx_word' id='word_1_613' title='bbox 2297 2655 2453 2712; x_wconf 82' lang='lat' dir='ltr'><strong>Unde</strong></span> <span class='ocrx_word' id='word_1_614' title='bbox 2485 2673 2552 2713; x_wconf 86' lang='lat' dir='ltr'><strong>ne</strong></span> <span class='ocrx_word' id='word_1_615' title='bbox 2599 2659 2784 2714; x_wconf 88' lang='lat' dir='ltr'><strong>eadem</strong></span> <span class='ocrx_word' id='word_1_616' title='bbox 2816 2662 3082 2731; x_wconf 87' lang='lat' dir='ltr'><strong>superflue</strong></span> <span class='ocrx_word' id='word_1_617' title='bbox 3117 2665 3457 2735; x_wconf 89' lang='lat' dir='ltr'><strong>replicemus,</strong></span> <span class='ocrx_word' id='word_1_618' title='bbox 3509 2668 3724 2723; x_wconf 87' lang='lat' dir='ltr'><strong>contenti</strong></span> <span class='ocrx_word' id='word_1_619' title='bbox 3747 2666 3804 2720; x_wconf 56' lang='lat' dir='ltr'><strong>sic</strong></span> 
     </span>
    </p>
   </div>
   <div class='ocr_carea' id='block_1_81' title="bbox 2291 2749 3117 2819">
    <p class='ocr_par' dir='ltr' id='par_1_81' title="bbox 2291 2749 3117 2819">
     <span class='ocr_line' id='line_1_81' title="bbox 2291 2749 3117 2819; baseline 0.006 -17"><span class='ocrx_word' id='word_1_620' title='bbox 2291 2763 2411 2802; x_wconf 88' lang='lat' dir='ltr'><strong>mus</strong></span> <span class='ocrx_word' id='word_1_621' title='bbox 2438 2749 2801 2818; x_wconf 89' lang='lat' dir='ltr'><strong>disputatione</strong></span> <span class='ocrx_word' id='word_1_622' title='bbox 2827 2753 3117 2819; x_wconf 80' lang='lat' dir='ltr'><strong>praterita.</strong></span> 
     </span>
    </p>
   </div>
   <div class='ocr_carea' id='block_1_82' title="bbox 2359 2840 3809 2918">
    <p class='ocr_par' dir='ltr' id='par_1_82' title="bbox 2359 2840 3809 2918">
     <span class='ocr_line' id='line_1_82' title="bbox 2359 2840 3809 2918; baseline 0.003 -23"><span class='ocrx_word' id='word_1_623' title='bbox 2359 2840 2451 2895; x_wconf 71' lang='lat'><strong>22.</strong></span> <span class='ocrx_word' id='word_1_624' title='bbox 2492 2841 2604 2910; x_wconf 76' lang='grc'><strong>(44)</strong></span> <span class='ocrx_word' id='word_1_625' title='bbox 2627 2840 2758 2908; x_wconf 87' lang='lat' dir='ltr'><strong>Quia</strong></span> <span class='ocrx_word' id='word_1_626' title='bbox 2801 2843 2964 2910; x_wconf 88' lang='lat' dir='ltr'><strong>igitur</strong></span> <span class='ocrx_word' id='word_1_627' title='bbox 2997 2843 3522 2918; x_wconf 80' lang='lat' dir='ltr'><strong>Spiritussaptentia</strong></span> <span class='ocrx_word' id='word_1_628' title='bbox 3540 2861 3590 2905; x_wconf 93' lang='lat' dir='ltr'><strong>et</strong></span> <span class='ocrx_word' id='word_1_629' title='bbox 3611 2846 3809 2905; x_wconf 81' lang='lat' dir='ltr'><strong>veritatis</strong></span> 
     </span>
    </p>
   </div>
   <div class='ocr_carea' id='block_1_83' title="bbox 2292 2931 3811 3014">
    <p class='ocr_par' dir='ltr' id='par_1_83' title="bbox 2292 2931 3811 3014">
     <span class='ocr_line' id='line_1_83' title="bbox 2292 2931 3811 3014; baseline 0.005 -28"><span class='ocrx_word' id='word_1_630' title='bbox 2292 2931 2724 3003; x_wconf 81' lang='lat' dir='ltr'><strong>inseparabiliter</strong></span> <span class='ocrx_word' id='word_1_631' title='bbox 2746 2950 2867 2991; x_wconf 87' lang='lat' dir='ltr'><strong>cum</strong></span> <span class='ocrx_word' id='word_1_632' title='bbox 2906 2935 3042 2992; x_wconf 84' lang='lat' dir='ltr'><strong>Filio</strong></span> <span class='ocrx_word' id='word_1_633' title='bbox 3067 2949 3147 2995; x_wconf 86' lang='lat' dir='ltr'><strong>est</strong></span> <span class='ocrx_word' id='word_1_634' title='bbox 3172 2981 3190 3006; x_wconf 95' lang='lat'><strong>,</strong></span> <span class='ocrx_word' id='word_1_635' title='bbox 3246 2943 3358 3012; x_wconf 87' lang='lat' dir='ltr'><strong>ipse</strong></span> <span class='ocrx_word' id='word_1_636' title='bbox 3403 2960 3611 3014; x_wconf 83' lang='lat' dir='ltr'><strong>quoque</strong></span> <span class='ocrx_word' id='word_1_637' title='bbox 3645 2943 3811 3012; x_wconf 87' lang='lat' dir='ltr'><strong>sapien-</strong></span> 
     </span>
    </p>
   </div>
   <div class='ocr_carea' id='block_1_84' title="bbox 2294 3024 3812 3106">
    <p class='ocr_par' dir='ltr' id='par_1_84' title="bbox 2294 3024 3812 3106">
     <span class='ocr_line' id='line_1_84' title="bbox 2294 3024 3812 3106; baseline 0.005 -28"><span class='ocrx_word' id='word_1_638' title='bbox 2294 3024 2363 3078; x_wconf 89' lang='lat' dir='ltr'><strong>tia</strong></span> <span class='ocrx_word' id='word_1_639' title='bbox 2387 3027 2633 3081; x_wconf 89' lang='lat' dir='ltr'><strong>subsistit</strong></span> <span class='ocrx_word' id='word_1_640' title='bbox 2669 3038 2722 3082; x_wconf 92' lang='lat' dir='ltr'><strong>et</strong></span> <span class='ocrx_word' id='word_1_641' title='bbox 2743 3031 2963 3086; x_wconf 90' lang='lat' dir='ltr'><strong>veritas.</strong></span> <span class='ocrx_word' id='word_1_642' title='bbox 3013 3030 3068 3086; x_wconf 93' lang='lat' dir='ltr'><strong>Si</strong></span> <span class='ocrx_word' id='word_1_643' title='bbox 3099 3035 3242 3088; x_wconf 90' lang='lat' dir='ltr'><strong>enim</strong></span> <span class='ocrx_word' id='word_1_644' title='bbox 3268 3039 3441 3106; x_wconf 71' lang='lat' dir='ltr'><strong>capax</strong></span> <span class='ocrx_word' id='word_1_645' title='bbox 3481 3046 3617 3093; x_wconf 89' lang='lat' dir='ltr'><strong>esset</strong></span> <span class='ocrx_word' id='word_1_646' title='bbox 3640 3035 3812 3105; x_wconf 81' lang='lat' dir='ltr'><strong>sapien-</strong></span> 
     </span>
    </p>
   </div>
   <div class='ocr_carea' id='block_1_85' title="bbox 2294 3115 3813 3194">
    <p class='ocr_par' dir='ltr' id='par_1_85' title="bbox 2294 3115 3813 3194">
     <span class='ocr_line' id='line_1_85' title="bbox 2294 3115 3813 3194; baseline 0.006 -26"><span class='ocrx_word' id='word_1_647' title='bbox 2294 3115 2380 3169; x_wconf 84' lang='lat' dir='ltr'><strong>tia</strong></span> <span class='ocrx_word' id='word_1_648' title='bbox 2408 3125 2461 3170; x_wconf 89' lang='lat' dir='ltr'><strong>et</strong></span> <span class='ocrx_word' id='word_1_649' title='bbox 2485 3118 2744 3186; x_wconf 86' lang='lat' dir='ltr'><strong>veritatis,</strong></span> <span class='ocrx_word' id='word_1_650' title='bbox 2774 3121 2825 3175; x_wconf 93' lang='lat' dir='ltr'><strong>in</strong></span> <span class='ocrx_word' id='word_1_651' title='bbox 2863 3123 2914 3176; x_wconf 87' lang='lat' dir='ltr'><strong>id</strong></span> <span class='ocrx_word' id='word_1_652' title='bbox 2937 3121 3230 3192; x_wconf 86' lang='lat' dir='ltr'><strong>aliquando</strong></span> <span class='ocrx_word' id='word_1_653' title='bbox 3274 3128 3639 3194; x_wconf 89' lang='lat' dir='ltr'><strong>descenderet,</strong></span> <span class='ocrx_word' id='word_1_654' title='bbox 3665 3134 3718 3180; x_wconf 92' lang='lat' dir='ltr'><strong>ut</strong></span> <span class='ocrx_word' id='word_1_655' title='bbox 3741 3125 3813 3178; x_wconf 88' lang='lat' dir='ltr'><strong>de-</strong></span> 
     </span>
    </p>
   </div>
   <div class='ocr_carea' id='block_1_86' title="bbox 2289 3207 3815 3288">
    <p class='ocr_par' dir='ltr' id='par_1_86' title="bbox 2289 3207 3815 3288">
     <span class='ocr_line' id='line_1_86' title="bbox 2289 3207 3815 3288; baseline 0.005 -28"><span class='ocrx_word' id='word_1_656' title='bbox 2289 3207 2492 3263; x_wconf 87' lang='lat' dir='ltr'><strong>sineret</strong></span> <span class='ocrx_word' id='word_1_657' title='bbox 2517 3209 2714 3266; x_wconf 88' lang='lat' dir='ltr'><strong>habere</strong></span> <span class='ocrx_word' id='word_1_658' title='bbox 2738 3215 2879 3281; x_wconf 90' lang='lat' dir='ltr'><strong>quod</strong></span> <span class='ocrx_word' id='word_1_659' title='bbox 2911 3215 3125 3272; x_wconf 87' lang='lat' dir='ltr'><strong>aliunde</strong></span> <span class='ocrx_word' id='word_1_660' title='bbox 3166 3233 3518 3288; x_wconf 87' lang='lat' dir='ltr'><strong>susceperat,</strong></span> <span class='ocrx_word' id='word_1_661' title='bbox 3573 3220 3623 3275; x_wconf 91' lang='lat' dir='ltr'><strong>id</strong></span> <span class='ocrx_word' id='word_1_662' title='bbox 3657 3226 3728 3273; x_wconf 90' lang='lat' dir='ltr'><strong>est</strong></span> <span class='ocrx_word' id='word_1_663' title='bbox 3753 3230 3815 3269; x_wconf 86' lang='lat' dir='ltr'><strong>sa-</strong></span> 
     </span>
    </p>
   </div>
   <div class='ocr_carea' id='block_1_87' title="bbox 2288 3296 3804 3380">
    <p class='ocr_par' dir='ltr' id='par_1_87' title="bbox 2288 3296 3804 3380">
     <span class='ocr_line' id='line_1_87' title="bbox 2288 3296 3804 3380; baseline 0.005 -30"><span class='ocrx_word' id='word_1_664' title='bbox 2288 3296 2544 3362; x_wconf 88' lang='lat' dir='ltr'><strong>pientiam</strong></span> <span class='ocrx_word' id='word_1_665' title='bbox 2569 3311 2624 3354; x_wconf 87' lang='lat' dir='ltr'><strong>et</strong></span> <span class='ocrx_word' id='word_1_666' title='bbox 2663 3303 2965 3360; x_wconf 85' lang='lat' dir='ltr'><strong>veritatem.</strong></span> <span class='ocrx_word' id='word_1_667' title='bbox 3009 3305 3074 3362; x_wconf 86' lang='lat' dir='ltr'><strong>Et</strong></span> <span class='ocrx_word' id='word_1_668' title='bbox 3111 3306 3276 3364; x_wconf 89' lang='lat' dir='ltr'><strong>Filius</strong></span> <span class='ocrx_word' id='word_1_669' title='bbox 3315 3313 3583 3380; x_wconf 88' lang='lat' dir='ltr'><strong>sapientia</strong></span> <span class='ocrx_word' id='word_1_670' title='bbox 3617 3321 3668 3366; x_wconf 90' lang='lat' dir='ltr'><strong>et</strong></span> <span class='ocrx_word' id='word_1_671' title='bbox 3691 3304 3804 3361; x_wconf 83' lang='lat' dir='ltr'><strong>veri-</strong></span> 
     </span>
    </p>
   </div>
   <div class='ocr_carea' id='block_1_88' title="bbox 2289 3389 3809 3469">
    <p class='ocr_par' dir='ltr' id='par_1_88' title="bbox 2289 3389 3809 3469">
     <span class='ocr_line' id='line_1_88' title="bbox 2289 3389 3809 3469; baseline 0.007 -29"><span class='ocrx_word' id='word_1_672' title='bbox 2289 3393 2374 3442; x_wconf 82' lang='lat' dir='ltr'><strong>tas</strong></span> <span class='ocrx_word' id='word_1_673' title='bbox 2407 3389 2522 3457; x_wconf 88' lang='lat' dir='ltr'><strong>ipse</strong></span> <span class='ocrx_word' id='word_1_674' title='bbox 2545 3392 2868 3459; x_wconf 84' lang='lat' dir='ltr'><strong>subsistens,</strong></span> <span class='ocrx_word' id='word_1_675' title='bbox 2901 3412 3006 3451; x_wconf 93' lang='lat' dir='ltr'><strong>non</strong></span> <span class='ocrx_word' id='word_1_676' title='bbox 3032 3410 3316 3468; x_wconf 85' lang='lat' dir='ltr'><strong>separatur</strong></span> <span class='ocrx_word' id='word_1_677' title='bbox 3342 3417 3372 3454; x_wconf 91' lang='lat' dir='ltr'><strong>a</strong></span> <span class='ocrx_word' id='word_1_678' title='bbox 3409 3401 3586 3465; x_wconf 88' lang='lat' dir='ltr'><strong>Patre,</strong></span> <span class='ocrx_word' id='word_1_679' title='bbox 3624 3401 3703 3469; x_wconf 91' lang='lat' dir='ltr'><strong>qui</strong></span> <span class='ocrx_word' id='word_1_680' title='bbox 3741 3410 3809 3450; x_wconf 88' lang='lat' dir='ltr'><strong>so-</strong></span> 
     </span>
    </p>
   </div>
   <div class='ocr_carea' id='block_1_89' title="bbox 2287 3477 3810 3558">
    <p class='ocr_par' dir='ltr' id='par_1_89' title="bbox 2287 3477 3810 3558">
     <span class='ocr_line' id='line_1_89' title="bbox 2287 3477 3810 3558; baseline 0.006 -27"><span class='ocrx_word' id='word_1_681' title='bbox 2287 3477 2370 3532; x_wconf 92' lang='lat' dir='ltr'><strong>lus</strong></span> <span class='ocrx_word' id='word_1_682' title='bbox 2411 3483 2624 3550; x_wconf 89' lang='lat' dir='ltr'><strong>sapiens</strong></span> <span class='ocrx_word' id='word_1_683' title='bbox 2655 3494 2706 3536; x_wconf 93' lang='lat' dir='ltr'><strong>et</strong></span> <span class='ocrx_word' id='word_1_684' title='bbox 2737 3486 2961 3554; x_wconf 90' lang='lat' dir='ltr'><strong>veritas,</strong></span> <span class='ocrx_word' id='word_1_685' title='bbox 3013 3486 3422 3558; x_wconf 88' lang='lat' dir='ltr'><strong>Scripturarnm</strong></span> <span class='ocrx_word' id='word_1_686' title='bbox 3456 3493 3664 3546; x_wconf 88' lang='lat' dir='ltr'><strong>vocibus</strong></span> <span class='ocrx_word' id='word_1_687' title='bbox 3703 3502 3810 3558; x_wconf 73' lang='lat' dir='ltr'><strong>pra:-</strong></span> 
     </span>
    </p>
   </div>
   <div class='ocr_carea' id='block_1_90' title="bbox 2288 3569 3812 3653">
    <p class='ocr_par' dir='ltr' id='par_1_90' title="bbox 2288 3569 3812 3653">
     <span class='ocr_line' id='line_1_90' title="bbox 2288 3569 3812 3653; baseline 0.004 -31"><span class='ocrx_word' id='word_1_688' title='bbox 2288 3569 2524 3628; x_wconf 89' lang='lat' dir='ltr'><strong>dicatur.</strong></span> <span class='ocrx_word' id='word_1_689' title='bbox 2560 3572 2819 3629; x_wconf 87' lang='lat' dir='ltr'><strong>Eumdem</strong></span> <span class='ocrx_word' id='word_1_690' title='bbox 2848 3578 3107 3632; x_wconf 91' lang='lat' dir='ltr'><strong>circulum</strong></span> <span class='ocrx_word' id='word_1_691' title='bbox 3138 3581 3359 3637; x_wconf 87' lang='lat' dir='ltr'><strong>unitatis</strong></span> <span class='ocrx_word' id='word_1_692' title='bbox 3401 3593 3564 3653; x_wconf 90' lang='lat' dir='ltr'><strong>atque</strong></span> <span class='ocrx_word' id='word_1_693' title='bbox 3601 3581 3812 3636; x_wconf 82' lang='lat' dir='ltr'><strong>substan-</strong></span> 
     </span>
    </p>
   </div>
   <div class='ocr_carea' id='block_1_91' title="bbox 2290 3661 3814 3744">
    <p class='ocr_par' dir='ltr' id='par_1_91' title="bbox 2290 3661 3814 3744">
     <span class='ocr_line' id='line_1_91' title="bbox 2290 3661 3814 3744; baseline 0.005 -28"><span class='ocrx_word' id='word_1_694' title='bbox 2290 3663 2378 3717; x_wconf 85' lang='lat' dir='ltr'><strong>tia</strong></span> <span class='ocrx_word' id='word_1_695' title='bbox 2406 3661 2639 3732; x_wconf 90' lang='lat' dir='ltr'><strong>Spiritus</strong></span> <span class='ocrx_word' id='word_1_696' title='bbox 2677 3671 2849 3722; x_wconf 88' lang='lat' dir='ltr'><strong>sancti</strong></span> <span class='ocrx_word' id='word_1_697' title='bbox 2877 3669 3000 3742; x_wconf 84' lang='lat' dir='ltr'><strong>[leg.</strong></span> <span class='ocrx_word' id='word_1_698' title='bbox 3033 3669 3289 3741; x_wconf 86' lang='lat' dir='ltr'><strong>Spiritum</strong></span> <span class='ocrx_word' id='word_1_699' title='bbox 3318 3672 3596 3744; x_wconf 86' lang='lat' dir='ltr'><strong>sanetum]</strong></span> <span class='ocrx_word' id='word_1_700' title='bbox 3622 3712 3635 3737; x_wconf 91' lang='lat'><strong>,</strong></span> <span class='ocrx_word' id='word_1_701' title='bbox 3664 3684 3814 3725; x_wconf 85' lang='lat' dir='ltr'><strong>secun-</strong></span> 
     </span>
    </p>
   </div>
   <div class='ocr_carea' id='block_1_92' title="bbox 2287 3754 3815 3837">
    <p class='ocr_par' dir='ltr' id='par_1_92' title="bbox 2287 3754 3815 3837">
     <span class='ocr_line' id='line_1_92' title="bbox 2287 3754 3815 3837; baseline 0.007 -30"><span class='ocrx_word' id='word_1_702' title='bbox 2287 3754 2410 3808; x_wconf 89' lang='lat' dir='ltr'><strong>dum</strong></span> <span class='ocrx_word' id='word_1_703' title='bbox 2448 3757 2498 3810; x_wconf 91' lang='lat' dir='ltr'><strong>id</strong></span> <span class='ocrx_word' id='word_1_704' title='bbox 2540 3760 2681 3826; x_wconf 92' lang='lat' dir='ltr'><strong>quod</strong></span> <span class='ocrx_word' id='word_1_705' title='bbox 2707 3761 2986 3829; x_wconf 87' lang='lat' dir='ltr'><strong>sapientia</strong></span> <span class='ocrx_word' id='word_1_706' title='bbox 3019 3772 3073 3817; x_wconf 88' lang='lat' dir='ltr'><strong>et</strong></span> <span class='ocrx_word' id='word_1_707' title='bbox 3101 3764 3344 3820; x_wconf 89' lang='lat' dir='ltr'><strong>veritatis</strong></span> <span class='ocrx_word' id='word_1_708' title='bbox 3391 3777 3476 3822; x_wconf 89' lang='lat' dir='ltr'><strong>est</strong></span> <span class='ocrx_word' id='word_1_709' title='bbox 3508 3759 3815 3837; x_wconf 76' lang='lat' dir='ltr'><strong>spiritus,vi-</strong></span> 
     </span>
    </p>
   </div>
   <div class='ocr_carea' id='block_1_93' title="bbox 2287 3844 3813 3925">
    <p class='ocr_par' dir='ltr' id='par_1_93' title="bbox 2287 3844 3813 3925">
     <span class='ocr_line' id='line_1_93' title="bbox 2287 3844 3813 3925; baseline 0.003 -27"><span class='ocrx_word' id='word_1_710' title='bbox 2287 3844 2476 3900; x_wconf 90' lang='lat' dir='ltr'><strong>demus</strong></span> <span class='ocrx_word' id='word_1_711' title='bbox 2511 3848 2711 3904; x_wconf 87' lang='lat' dir='ltr'><strong>habere</strong></span> <span class='ocrx_word' id='word_1_712' title='bbox 2750 3865 2871 3904; x_wconf 91' lang='lat' dir='ltr'><strong>cum</strong></span> <span class='ocrx_word' id='word_1_713' title='bbox 2919 3851 3056 3906; x_wconf 91' lang='lat' dir='ltr'><strong>Filio</strong></span> <span class='ocrx_word' id='word_1_714' title='bbox 3091 3853 3226 3925; x_wconf 70' lang='lat'><strong>(45),</strong></span> <span class='ocrx_word' id='word_1_715' title='bbox 3261 3867 3314 3910; x_wconf 89' lang='lat' dir='ltr'><strong>et</strong></span> <span class='ocrx_word' id='word_1_716' title='bbox 3339 3872 3559 3912; x_wconf 84' lang='lat' dir='ltr'><strong>rursum</strong></span> <span class='ocrx_word' id='word_1_717' title='bbox 3599 3855 3761 3910; x_wconf 75' lang='lat' dir='ltr'><strong>Filium</strong></span> <span class='ocrx_word' id='word_1_718' title='bbox 3789 3865 3813 3902; x_wconf 77' lang='grc' dir='ltr'><strong>ι</strong></span> 
     </span>
    </p>
   </div>
   <div class='ocr_carea' id='block_1_94' title="bbox 2285 3931 3815 4011">
    <p class='ocr_par' dir='ltr' id='par_1_94' title="bbox 2285 3931 3815 4011">
     <span class='ocr_line' id='line_1_94' title="bbox 2285 3931 3815 4011; baseline 0.01 -23"><span class='ocrx_word' id='word_1_719' title='bbox 2285 3931 2465 3990; x_wconf 89' lang='lat' dir='ltr'><strong>Patris</strong></span> <span class='ocrx_word' id='word_1_720' title='bbox 2493 3954 2596 3992; x_wconf 91' lang='lat' dir='ltr'><strong>non</strong></span> <span class='ocrx_word' id='word_1_721' title='bbox 2629 3940 2933 4011; x_wconf 88' lang='lat' dir='ltr'><strong>discrepare</strong></span> <span class='ocrx_word' id='word_1_722' title='bbox 2966 3947 3290 4001; x_wconf 90' lang='lat' dir='ltr'><strong>substantia.</strong></span> <span class='ocrx_word' id='word_1_723' title='bbox 3323 3947 3464 4005; x_wconf 88' lang='lat' dir='ltr'><strong>Cum</strong></span> <span class='ocrx_word' id='word_1_724' title='bbox 3492 3961 3660 4005; x_wconf 91' lang='lat' dir='ltr'><strong>autem</strong></span> <span class='ocrx_word' id='word_1_725' title='bbox 3683 3945 3815 4003; x_wconf 72' lang='lat' dir='ltr'><strong>Filius</strong></span> 
     </span>
    </p>
   </div>
   <div class='ocr_carea' id='block_1_95' title="bbox 2286 4024 3812 4102">
    <p class='ocr_par' dir='ltr' id='par_1_95' title="bbox 2286 4024 3812 4102">
     <span class='ocr_line' id='line_1_95' title="bbox 2286 4024 3812 4102; baseline 0.009 -24"><span class='ocrx_word' id='word_1_726' title='bbox 2286 4024 2462 4093; x_wconf 88' lang='lat' dir='ltr'><strong>imago</strong></span> <span class='ocrx_word' id='word_1_727' title='bbox 2498 4028 2568 4081; x_wconf 88' lang='lat' dir='ltr'><strong>sit</strong></span> <span class='ocrx_word' id='word_1_728' title='bbox 2593 4025 2686 4082; x_wconf 90' lang='lat' dir='ltr'><strong>Dei</strong></span> <span class='ocrx_word' id='word_1_729' title='bbox 2725 4030 3037 4098; x_wconf 87' lang='lat' dir='ltr'><strong>invisibilis,</strong></span> <span class='ocrx_word' id='word_1_730' title='bbox 3062 4040 3117 4087; x_wconf 89' lang='lat' dir='ltr'><strong>et</strong></span> <span class='ocrx_word' id='word_1_731' title='bbox 3166 4033 3334 4089; x_wconf 88' lang='lat' dir='ltr'><strong>forma</strong></span> <span class='ocrx_word' id='word_1_732' title='bbox 3372 4038 3680 4091; x_wconf 84' lang='lat' dir='ltr'><strong>substantia</strong></span> <span class='ocrx_word' id='word_1_733' title='bbox 3706 4033 3812 4102; x_wconf 68' lang='lat' dir='ltr'><strong>ejus.</strong></span> 
     </span>
    </p>
   </div>
   <div class='ocr_carea' id='block_1_96' title="bbox 2285 4117 3815 4196">
    <p class='ocr_par' dir='ltr' id='par_1_96' title="bbox 2285 4117 3815 4196">
     <span class='ocr_line' id='line_1_96' title="bbox 2285 4117 3815 4196; baseline 0.005 -29"><span class='ocrx_word' id='word_1_734' title='bbox 2285 4117 2592 4187; x_wconf 88' lang='lat' dir='ltr'><strong>quicunque</strong></span> <span class='ocrx_word' id='word_1_735' title='bbox 2640 4120 2706 4174; x_wconf 91' lang='lat' dir='ltr'><strong>ad</strong></span> <span class='ocrx_word' id='word_1_736' title='bbox 2739 4120 2883 4176; x_wconf 89' lang='lat' dir='ltr'><strong>hanc</strong></span> <span class='ocrx_word' id='word_1_737' title='bbox 2939 4123 3259 4196; x_wconf 90' lang='lat' dir='ltr'><strong>imaginem,</strong></span> <span class='ocrx_word' id='word_1_738' title='bbox 3288 4129 3380 4182; x_wconf 87' lang='lat' dir='ltr'><strong>vel</strong></span> <span class='ocrx_word' id='word_1_739' title='bbox 3423 4128 3646 4184; x_wconf 88' lang='lat' dir='ltr'><strong>formam</strong></span> <span class='ocrx_word' id='word_1_740' title='bbox 3673 4122 3815 4191; x_wconf 78' lang='lat' dir='ltr'><strong>imagi-</strong></span> 
     </span>
    </p>
   </div>
   <div class='ocr_carea' id='block_1_97' title="bbox 2286 4211 3811 4279">
    <p class='ocr_par' dir='ltr' id='par_1_97' title="bbox 2286 4211 3811 4279">
     <span class='ocr_line' id='line_1_97' title="bbox 2286 4211 3811 4279; baseline 0.005 -19"><span class='ocrx_word' id='word_1_741' title='bbox 2286 4217 2502 4274; x_wconf 91' lang='lat' dir='ltr'><strong>nantur,</strong></span> <span class='ocrx_word' id='word_1_742' title='bbox 2527 4219 2686 4279; x_wconf 89' lang='lat' dir='ltr'><strong>atque</strong></span> <span class='ocrx_word' id='word_1_743' title='bbox 2724 4211 3045 4279; x_wconf 80' lang='lat' dir='ltr'><strong>formantur,</strong></span> <span class='ocrx_word' id='word_1_744' title='bbox 3077 4216 3425 4274; x_wconf 90' lang='lat' dir='ltr'><strong>adducuntur</strong></span> <span class='ocrx_word' id='word_1_745' title='bbox 3454 4221 3506 4274; x_wconf 93' lang='lat' dir='ltr'><strong>in</strong></span> <span class='ocrx_word' id='word_1_746' title='bbox 3557 4215 3811 4274; x_wconf 85' lang='lat' dir='ltr'><strong>similitudi-</strong></span> 
     </span>
    </p>
   </div>
   <div class='ocr_carea' id='block_1_98' title="bbox 2287 4300 3814 4381">
    <p class='ocr_par' dir='ltr' id='par_1_98' title="bbox 2287 4300 3814 4381">
     <span class='ocr_line' id='line_1_98' title="bbox 2287 4300 3814 4381; baseline 0.009 -30"><span class='ocrx_word' id='word_1_747' title='bbox 2287 4313 2408 4353; x_wconf 90' lang='lat' dir='ltr'><strong>nem</strong></span> <span class='ocrx_word' id='word_1_748' title='bbox 2443 4300 2531 4355; x_wconf 91' lang='lat' dir='ltr'><strong>Dei</strong></span> <span class='ocrx_word' id='word_1_749' title='bbox 2570 4302 2752 4370; x_wconf 75' lang='lat' dir='ltr'><strong>:juxta</strong></span> <span class='ocrx_word' id='word_1_750' title='bbox 2787 4306 2930 4361; x_wconf 91' lang='lat' dir='ltr'><strong>vires</strong></span> <span class='ocrx_word' id='word_1_751' title='bbox 2966 4317 3142 4362; x_wconf 88' lang='lat' dir='ltr'><strong>tamen</strong></span> <span class='ocrx_word' id='word_1_752' title='bbox 3183 4311 3411 4367; x_wconf 81' lang='lat' dir='ltr'><strong>humani</strong></span> <span class='ocrx_word' id='word_1_753' title='bbox 3453 4306 3814 4381; x_wconf 83' lang='lat' dir='ltr'><strong>profectus,i5-</strong></span> 
     </span>
    </p>
   </div>
   <div class='ocr_carea' id='block_1_99' title="bbox 2290 4390 3813 4474">
    <p class='ocr_par' dir='ltr' id='par_1_99' title="bbox 2290 4390 3813 4474">
     <span class='ocr_line' id='line_1_99' title="bbox 2290 4390 3813 4474; baseline 0.005 -30"><span class='ocrx_word' id='word_1_754' title='bbox 2290 4390 2540 4446; x_wconf 88' lang='lat' dir='ltr'><strong>tiusmodi</strong></span> <span class='ocrx_word' id='word_1_755' title='bbox 2572 4393 2798 4449; x_wconf 85' lang='lat' dir='ltr'><strong>formam</strong></span> <span class='ocrx_word' id='word_1_756' title='bbox 2852 4406 2908 4452; x_wconf 87' lang='lat' dir='ltr'><strong>et</strong></span> <span class='ocrx_word' id='word_1_757' title='bbox 2942 4398 3225 4470; x_wconf 87' lang='lat' dir='ltr'><strong>imaginem</strong></span> <span class='ocrx_word' id='word_1_758' title='bbox 3251 4414 3659 4474; x_wconf 88' lang='lat' dir='ltr'><strong>consequentes.</strong></span> <span class='ocrx_word' id='word_1_759' title='bbox 3687 4396 3813 4453; x_wconf 88' lang='lat' dir='ltr'><strong>Simi-</strong></span> 
     </span>
    </p>
   </div>
   <div class='ocr_carea' id='block_1_100' title="bbox 2287 4482 3810 4566">
    <p class='ocr_par' dir='ltr' id='par_1_100' title="bbox 2287 4482 3810 4566">
     <span class='ocr_line' id='line_1_100' title="bbox 2287 4482 3810 4566; baseline 0.009 -31"><span class='ocrx_word' id='word_1_760' title='bbox 2287 4483 2414 4537; x_wconf 88' lang='lat' dir='ltr'><strong>liter</strong></span> <span class='ocrx_word' id='word_1_761' title='bbox 2434 4493 2490 4538; x_wconf 90' lang='lat' dir='ltr'><strong>et</strong></span> <span class='ocrx_word' id='word_1_762' title='bbox 2521 4482 2754 4554; x_wconf 90' lang='lat' dir='ltr'><strong>Spiritus</strong></span> <span class='ocrx_word' id='word_1_763' title='bbox 2786 4499 3005 4546; x_wconf 87' lang='lat' dir='ltr'><strong>sanctus</strong></span> <span class='ocrx_word' id='word_1_764' title='bbox 3049 4508 3171 4547; x_wconf 91' lang='lat' dir='ltr'><strong>cum</strong></span> <span class='ocrx_word' id='word_1_765' title='bbox 3222 4495 3293 4548; x_wconf 90' lang='lat' dir='ltr'><strong>sit</strong></span> <span class='ocrx_word' id='word_1_766' title='bbox 3348 4495 3674 4566; x_wconf 78' lang='lat' dir='ltr'><strong>signaculum</strong></span> <span class='ocrx_word' id='word_1_767' title='bbox 3715 4487 3810 4549; x_wconf 76' lang='lat' dir='ltr'><strong>Dei.</strong></span> 
     </span>
    </p>
   </div>
   <div class='ocr_carea' id='block_1_101' title="bbox 2285 4573 3810 4655">
    <p class='ocr_par' dir='ltr' id='par_1_101' title="bbox 2285 4573 3810 4655">
     <span class='ocr_line' id='line_1_101' title="bbox 2285 4573 3810 4655; baseline 0.008 -31"><span class='ocrx_word' id='word_1_768' title='bbox 2285 4573 2336 4626; x_wconf 91' lang='lat' dir='ltr'><strong>bi</strong></span> <span class='ocrx_word' id='word_1_769' title='bbox 2361 4575 2448 4643; x_wconf 91' lang='lat' dir='ltr'><strong>qui</strong></span> <span class='ocrx_word' id='word_1_770' title='bbox 2481 4574 2707 4630; x_wconf 88' lang='lat' dir='ltr'><strong>formam</strong></span> <span class='ocrx_word' id='word_1_771' title='bbox 2733 4586 2784 4631; x_wconf 91' lang='lat' dir='ltr'><strong>et</strong></span> <span class='ocrx_word' id='word_1_772' title='bbox 2812 4580 3098 4646; x_wconf 72' lang='lat' dir='ltr'><strong>imaginem</strong></span> <span class='ocrx_word' id='word_1_773' title='bbox 3125 4583 3216 4639; x_wconf 87' lang='lat' dir='ltr'><strong>Dei</strong></span> <span class='ocrx_word' id='word_1_774' title='bbox 3254 4588 3480 4655; x_wconf 87' lang='lat' dir='ltr'><strong>capiunt</strong></span> <span class='ocrx_word' id='word_1_775' title='bbox 3503 4629 3516 4650; x_wconf 89' lang='lat'><strong>,</strong></span> <span class='ocrx_word' id='word_1_776' title='bbox 3541 4585 3717 4655; x_wconf 84' lang='lat' dir='ltr'><strong>signati</strong></span> <span class='ocrx_word' id='word_1_777' title='bbox 3740 4595 3810 4648; x_wconf 83' lang='lat' dir='ltr'><strong>per</strong></span> 
     </span>
    </p>
   </div>
   <div class='ocr_carea' id='block_1_102' title="bbox 2280 4664 3810 4743">
    <p class='ocr_par' dir='ltr' id='par_1_102' title="bbox 2280 4664 3810 4743">
     <span class='ocr_line' id='line_1_102' title="bbox 2280 4664 3810 4743; baseline 0.007 -29"><span class='ocrx_word' id='word_1_778' title='bbox 2280 4677 2428 4729; x_wconf 91' lang='lat' dir='ltr'><strong>eum,</strong></span> <span class='ocrx_word' id='word_1_779' title='bbox 2468 4664 2518 4717; x_wconf 93' lang='lat' dir='ltr'><strong>in</strong></span> <span class='ocrx_word' id='word_1_780' title='bbox 2556 4679 2621 4719; x_wconf 83' lang='lat' dir='ltr'><strong>eo</strong></span> <span class='ocrx_word' id='word_1_781' title='bbox 2651 4667 2920 4723; x_wconf 81' lang='lat' dir='ltr'><strong>ducuntur</strong></span> <span class='ocrx_word' id='word_1_782' title='bbox 2951 4675 3013 4725; x_wconf 90' lang='lat' dir='ltr'><strong>ad</strong></span> <span class='ocrx_word' id='word_1_783' title='bbox 3043 4675 3377 4743; x_wconf 85' lang='lat' dir='ltr'><strong>signaculum</strong></span> <span class='ocrx_word' id='word_1_784' title='bbox 3416 4677 3614 4732; x_wconf 88' lang='lat' dir='ltr'><strong>Christi</strong></span> <span class='ocrx_word' id='word_1_785' title='bbox 3640 4674 3810 4743; x_wconf 85' lang='lat' dir='ltr'><strong>sapien-</strong></span> 
     </span>
    </p>
   </div>
   <div class='ocr_carea' id='block_1_103' title="bbox 2281 4753 3812 4833">
    <p class='ocr_par' dir='ltr' id='par_1_103' title="bbox 2281 4753 3812 4833">
     <span class='ocr_line' id='line_1_103' title="bbox 2281 4753 3812 4833; baseline 0.004 -27"><span class='ocrx_word' id='word_1_786' title='bbox 2281 4753 2369 4808; x_wconf 80' lang='lat' dir='ltr'><strong>tia</strong></span> <span class='ocrx_word' id='word_1_787' title='bbox 2395 4763 2450 4808; x_wconf 90' lang='lat' dir='ltr'><strong>et</strong></span> <span class='ocrx_word' id='word_1_788' title='bbox 2480 4755 2752 4823; x_wconf 86' lang='lat' dir='ltr'><strong>scientia,</strong></span> <span class='ocrx_word' id='word_1_789' title='bbox 2781 4761 3002 4830; x_wconf 87' lang='lat' dir='ltr'><strong>insuper</strong></span> <span class='ocrx_word' id='word_1_790' title='bbox 3031 4763 3135 4818; x_wconf 83' lang='lat' dir='ltr'><strong>ii‘de</strong></span> <span class='ocrx_word' id='word_1_791' title='bbox 3160 4765 3320 4833; x_wconf 82' lang='lat' dir='ltr'><strong>pleni.</strong></span> <span class='ocrx_word' id='word_1_792' title='bbox 3355 4786 3375 4818; x_wconf 74' lang='grc' dir='ltr'><strong>ι</strong></span> <span class='ocrx_word' id='word_1_793' title='bbox 3408 4768 3545 4822; x_wconf 84' lang='lat' dir='ltr'><strong>Nam</strong></span> <span class='ocrx_word' id='word_1_794' title='bbox 3570 4766 3812 4822; x_wconf 85' lang='lat' dir='ltr'><strong>divisiones</strong></span> 
     </span>
    </p>
   </div>
   <div class='ocr_carea' id='block_1_104' title="bbox 2283 4845 3808 4927">
    <p class='ocr_par' dir='ltr' id='par_1_104' title="bbox 2283 4845 3808 4927">
     <span class='ocr_line' id='line_1_104' title="bbox 2283 4845 3808 4927; baseline 0.009 -32"><span class='ocrx_word' id='word_1_795' title='bbox 2283 4847 2658 4913; x_wconf 83' lang='lat' dir='ltr'><strong>Operationum</strong></span> <span class='ocrx_word' id='word_1_796' title='bbox 2711 4859 2856 4915; x_wconf 86' lang='lat' dir='ltr'><strong>sunt,</strong></span> <span class='ocrx_word' id='word_1_797' title='bbox 2909 4852 3049 4906; x_wconf 90' lang='lat' dir='ltr'><strong>idem</strong></span> <span class='ocrx_word' id='word_1_798' title='bbox 3101 4867 3276 4910; x_wconf 86' lang='lat' dir='ltr'><strong>autem</strong></span> <span class='ocrx_word' id='word_1_799' title='bbox 3329 4858 3447 4927; x_wconf 91' lang='lat' dir='ltr'><strong>ipse</strong></span> <span class='ocrx_word' id='word_1_800' title='bbox 3494 4857 3711 4926; x_wconf 88' lang='lat' dir='ltr'><strong>Spiritus</strong></span> <span class='ocrx_word' id='word_1_801' title='bbox 3740 4845 3808 4917; x_wconf 78' lang='lat' dir='ltr'><strong>qui</strong></span> 
     </span>
    </p>
   </div>
   <div class='ocr_carea' id='block_1_105' title="bbox 2283 4938 3811 5016">
    <p class='ocr_par' dir='ltr' id='par_1_105' title="bbox 2283 4938 3811 5016">
     <span class='ocr_line' id='line_1_105' title="bbox 2283 4938 3811 5016; baseline 0.014 -30"><span class='ocrx_word' id='word_1_802' title='bbox 2283 4943 2536 5001; x_wconf 86' lang='lat' dir='ltr'><strong>operatur</strong></span> <span class='ocrx_word' id='word_1_803' title='bbox 2559 4938 2736 4992; x_wconf 91' lang='lat' dir='ltr'><strong>omnia</strong></span> <span class='ocrx_word' id='word_1_804' title='bbox 2771 4940 2828 4993; x_wconf 85' lang='lat' dir='ltr'><strong>in</strong></span> <span class='ocrx_word' id='word_1_805' title='bbox 2859 4943 3114 4997; x_wconf 91' lang='lat' dir='ltr'><strong>omnibus</strong></span> <span class='ocrx_word' id='word_1_806' title='bbox 3139 4945 3160 4975; x_wconf 77' lang='grc' dir='ltr'><strong>ι</strong></span> <span class='ocrx_word' id='word_1_807' title='bbox 3191 4945 3322 5016; x_wconf 64' lang='grc'><strong>(46).</strong></span> <span class='ocrx_word' id='word_1_808' title='bbox 3355 4966 3376 4999; x_wconf 69' lang='grc' dir='ltr'><strong>ι</strong></span> <span class='ocrx_word' id='word_1_809' title='bbox 3423 4947 3811 5016; x_wconf 64' lang='lat' dir='ltr'><strong>Operante-e&quot;!0</strong></span> 
     </span>
    </p>
   </div>
   <div class='ocr_carea' id='block_1_106' title="bbox 2365 5048 2890 5119">
    <p class='ocr_par' dir='ltr' id='par_1_106' title="bbox 2365 5048 2890 5119">
     <span class='ocr_line' id='line_1_106' title="bbox 2365 5048 2890 5119; baseline 0.015 -18"><span class='ocrx_word' id='word_1_810' title='bbox 2365 5048 2412 5081; x_wconf 83' lang='lat'><strong>&quot;</strong></span> <span class='ocrx_word' id='word_1_811' title='bbox 2439 5049 2628 5108; x_wconf 82' lang='lat' dir='ltr'><strong>Matth.</strong></span> <span class='ocrx_word' id='word_1_812' title='bbox 2669 5070 2768 5119; x_wconf 79' lang='lat' dir='ltr'><strong>xu,</strong></span> <span class='ocrx_word' id='word_1_813' title='bbox 2800 5053 2890 5110; x_wconf 76' lang='grc'><strong>28.</strong></span> 
     </span>
    </p>
   </div>
   <div class='ocr_carea' id='block_1_107' title="bbox 2985 5054 3806 5126">
    <p class='ocr_par' dir='ltr' id='par_1_107' title="bbox 2985 5054 3806 5126">
     <span class='ocr_line' id='line_1_107' title="bbox 2985 5054 3806 5126; baseline 0 -14"><span class='ocrx_word' id='word_1_814' title='bbox 2985 5054 3071 5112; x_wconf 76' lang='grc'><strong>’⁸1</strong></span> <span class='ocrx_word' id='word_1_815' title='bbox 3101 5056 3224 5113; x_wconf 92' lang='lat' dir='ltr'><strong>Cor.</strong></span> <span class='ocrx_word' id='word_1_816' title='bbox 3256 5074 3294 5117; x_wconf 82' lang='grc' dir='ltr'>ι.</span> <span class='ocrx_word' id='word_1_817' title='bbox 3327 5057 3422 5114; x_wconf 69' lang='grc'><strong>24.</strong></span> <span class='ocrx_word' id='word_1_818' title='bbox 3521 5057 3569 5090; x_wconf 78' lang='grc'><strong>’⁷</strong></span> <span class='ocrx_word' id='word_1_819' title='bbox 3605 5055 3720 5126; x_wconf 87' lang='lat' dir='ltr'><strong>Sap.</strong></span> <span class='ocrx_word' id='word_1_820' title='bbox 3750 5063 3806 5112; x_wconf 66' lang='grc' dir='ltr'><strong>τι,</strong></span> 
     </span>
    </p>
   </div>
   <div class='ocr_carea' id='block_1_108' title="bbox 607 5095 2278 5180">
    <p class='ocr_par' dir='ltr' id='par_1_108' title="bbox 607 5095 2278 5180">
     <span class='ocr_line' id='line_1_108' title="bbox 607 5095 2278 5180; baseline 0.014 -32"><span class='ocrx_word' id='word_1_821' title='bbox 607 5095 700 5149; x_wconf 76' lang='grc'><strong>26.</strong></span> <span class='ocrx_word' id='word_1_822' title='bbox 774 5099 820 5130; x_wconf 73' lang='grc'><strong>⁸⁸</strong></span> <span class='ocrx_word' id='word_1_823' title='bbox 855 5099 981 5168; x_wconf 87' lang='lat' dir='ltr'><strong>Sap.</strong></span> <span class='ocrx_word' id='word_1_824' title='bbox 1017 5119 1108 5168; x_wconf 79' lang='lat' dir='ltr'><strong>xv,</strong></span> <span class='ocrx_word' id='word_1_825' title='bbox 1134 5105 1190 5160; x_wconf 81' lang='grc'><strong>5.</strong></span> <span class='ocrx_word' id='word_1_826' title='bbox 1268 5107 1310 5138; x_wconf 86' lang='grc'><strong>⁹⁹</strong></span> <span class='ocrx_word' id='word_1_827' title='bbox 1330 5106 1491 5161; x_wconf 86' lang='lat' dir='ltr'><strong>Prov.</strong></span> <span class='ocrx_word' id='word_1_828' title='bbox 1525 5095 1648 5174; x_wconf 37' lang='lat' dir='ltr'><strong>xt&#39;tt,</strong></span> <span class='ocrx_word' id='word_1_829' title='bbox 1671 5115 1760 5166; x_wconf 78' lang='lat'><strong>20.</strong></span> <span class='ocrx_word' id='word_1_830' title='bbox 1841 5113 1855 5143; x_wconf 87' lang='grc'>¹</span> <span class='ocrx_word' id='word_1_831' title='bbox 1886 5111 1906 5165; x_wconf 83' lang='grc'><strong>1</strong></span> <span class='ocrx_word' id='word_1_832' title='bbox 1933 5095 2063 5169; x_wconf 66' lang='lat' dir='ltr'><strong>Cor.</strong></span> <span class='ocrx_word' id='word_1_833' title='bbox 2086 5095 2278 5180; x_wconf 37' lang='lat' dir='ltr'><strong>aliis.</strong></span> 
     </span>
    </p>
   </div>
   <div class='ocr_carea' id='block_1_109' title="bbox 611 5205 2172 5328">
    <p class='ocr_par' dir='ltr' id='par_1_109' title="bbox 611 5205 2172 5328">
     <span class='ocr_line' id='line_1_109' title="bbox 611 5205 2172 5328; baseline 0.017 -75"><span class='ocrx_word' id='word_1_834' title='bbox 611 5284 630 5328; x_wconf 60' lang='grc' dir='ltr'>ι</span> <span class='ocrx_word' id='word_1_835' title='bbox 681 5205 794 5277; x_wconf 79' lang='lat' dir='ltr'><strong>(t0)</strong></span> <span class='ocrx_word' id='word_1_836' title='bbox 835 5209 1000 5266; x_wconf 82' lang='lat' dir='ltr'><strong>Vetus</strong></span> <span class='ocrx_word' id='word_1_837' title='bbox 1037 5213 1170 5269; x_wconf 89' lang='lat' dir='ltr'><strong>edit.</strong></span> <span class='ocrx_word' id='word_1_838' title='bbox 1203 5229 1325 5269; x_wconf 90' lang='lat' dir='ltr'><strong>cum</strong></span> <span class='ocrx_word' id='word_1_839' title='bbox 1361 5216 1580 5272; x_wconf 87' lang='lat' dir='ltr'><strong>Tholos.</strong></span> <span class='ocrx_word' id='word_1_840' title='bbox 1620 5236 1743 5285; x_wconf 91' lang='lat' dir='ltr'><strong>ms.,</strong></span> <span class='ocrx_word' id='word_1_841' title='bbox 1791 5238 1811 5272; x_wconf 73' lang='grc' dir='ltr'><strong>ι</strong></span> <span class='ocrx_word' id='word_1_842' title='bbox 1852 5237 1955 5276; x_wconf 87' lang='lat' dir='ltr'><strong>una</strong></span> <span class='ocrx_word' id='word_1_843' title='bbox 1987 5233 2040 5278; x_wconf 91' lang='lat' dir='ltr'><strong>et</strong></span> <span class='ocrx_word' id='word_1_844' title='bbox 2075 5241 2172 5279; x_wconf 89' lang='lat' dir='ltr'><strong>na-</strong></span> 
     </span>
     <span class='ocr_line' id='line_1_110' title="bbox 635 5290 945 5328; baseline 0.006 -2"><span class='ocrx_word' id='word_1_845' title='bbox 635 5292 752 5328; x_wconf 82' lang='lat' dir='ltr'><strong>nra.</strong></span> <span class='ocrx_word' id='word_1_846' title='bbox 789 5296 805 5326; x_wconf 78' lang='grc'><strong>1</strong></span> <span class='ocrx_word' id='word_1_847' title='bbox 839 5290 945 5328; x_wconf 74' lang='lat' dir='ltr'><strong>CIC.</strong></span> 
     </span>
    </p>
   </div>
   <div class='ocr_carea' id='block_1_110' title="bbox 635 5290 945 5340">
    <p class='ocr_par' dir='ltr' id='par_1_110' title="bbox 635 5290 945 5340">
     <span class='ocr_line' id='line_1_111' title="bbox 635 5290 945 5340; baseline 0.019 -14"><span class='ocrx_word' id='word_1_848' title='bbox 635 5292 752 5340; x_wconf 84' lang='lat' dir='ltr'><strong>nra,</strong></span> <span class='ocrx_word' id='word_1_849' title='bbox 789 5296 805 5326; x_wconf 76' lang='grc' dir='ltr'><strong>ι</strong></span> <span class='ocrx_word' id='word_1_850' title='bbox 839 5290 945 5334; x_wconf 85' lang='lat' dir='ltr'><strong>etc.</strong></span> 
     </span>
    </p>
   </div>
   <div class='ocr_carea' id='block_1_111' title="bbox 681 5359 2171 5452">
    <p class='ocr_par' dir='ltr' id='par_1_111' title="bbox 681 5359 2171 5452">
     <span class='ocr_line' id='line_1_112' title="bbox 681 5359 2171 5452; baseline 0.012 -31"><span class='ocrx_word' id='word_1_851' title='bbox 681 5367 792 5440; x_wconf 73' lang='grc'><strong>(41)</strong></span> <span class='ocrx_word' id='word_1_852' title='bbox 819 5359 1031 5452; x_wconf 61' lang='lat' dir='ltr'><strong>Eadem</strong></span> <span class='ocrx_word' id='word_1_853' title='bbox 1063 5389 1182 5452; x_wconf 80' lang='lat' dir='ltr'><strong>cuin</strong></span> <span class='ocrx_word' id='word_1_854' title='bbox 1227 5376 1371 5443; x_wconf 86' lang='lat' dir='ltr'><strong>Vat.,</strong></span> <span class='ocrx_word' id='word_1_855' title='bbox 1425 5397 1444 5430; x_wconf 83' lang='grc'><strong>‹</strong></span> <span class='ocrx_word' id='word_1_856' title='bbox 1503 5380 1665 5436; x_wconf 93' lang='lat' dir='ltr'><strong>totius</strong></span> <span class='ocrx_word' id='word_1_857' title='bbox 1701 5383 1944 5452; x_wconf 91' lang='lat' dir='ltr'><strong>corporis</strong></span> <span class='ocrx_word' id='word_1_858' title='bbox 1987 5385 2171 5438; x_wconf 85' lang='lat' dir='ltr'><strong>unita-</strong></span> 
     </span>
    </p>
   </div>
   <div class='ocr_carea' id='block_1_112' title="bbox 614 5439 1478 5511">
    <p class='ocr_par' dir='ltr' id='par_1_112' title="bbox 614 5439 1478 5511">
     <span class='ocr_line' id='line_1_113' title="bbox 614 5439 1478 5511; baseline 0.019 -24"><span class='ocrx_word' id='word_1_859' title='bbox 614 5444 716 5491; x_wconf 79' lang='lat' dir='ltr'><strong>teni</strong></span> <span class='ocrx_word' id='word_1_860' title='bbox 749 5455 854 5506; x_wconf 82' lang='lat' dir='ltr'><strong>quo</strong></span> <span class='ocrx_word' id='word_1_861' title='bbox 884 5439 1053 5510; x_wconf 77' lang='lat' dir='ltr'><strong>digito</strong></span> <span class='ocrx_word' id='word_1_862' title='bbox 1079 5453 1133 5498; x_wconf 88' lang='lat' dir='ltr'><strong>et</strong></span> <span class='ocrx_word' id='word_1_863' title='bbox 1168 5443 1275 5511; x_wconf 78' lang='lat' dir='ltr'><strong>lex,</strong></span> <span class='ocrx_word' id='word_1_864' title='bbox 1319 5439 1478 5504; x_wconf 27' lang='lat' dir='ltr'><strong>rvetc.</strong></span> 
     </span>
    </p>
   </div>
   <div class='ocr_carea' id='block_1_113' title="bbox 677 5530 2093 5614">
    <p class='ocr_par' dir='ltr' id='par_1_113' title="bbox 677 5530 2093 5614">
     <span class='ocr_line' id='line_1_114' title="bbox 677 5530 2093 5614; baseline 0.012 -32"><span class='ocrx_word' id='word_1_865' title='bbox 677 5530 789 5601; x_wconf 66' lang='grc'><strong>(42)</strong></span> <span class='ocrx_word' id='word_1_866' title='bbox 827 5531 925 5586; x_wconf 75' lang='lat' dir='ltr'><strong>Ms.</strong></span> <span class='ocrx_word' id='word_1_867' title='bbox 953 5533 1199 5600; x_wconf 89' lang='lat' dir='ltr'><strong>Tholus.,</strong></span> <span class='ocrx_word' id='word_1_868' title='bbox 1240 5556 1258 5588; x_wconf 72' lang='grc' dir='ltr'>ς</span> <span class='ocrx_word' id='word_1_869' title='bbox 1289 5537 1520 5608; x_wconf 89' lang='lat' dir='ltr'><strong>Spiritus</strong></span> <span class='ocrx_word' id='word_1_870' title='bbox 1543 5542 1738 5598; x_wconf 91' lang='lat' dir='ltr'><strong>dicitur</strong></span> <span class='ocrx_word' id='word_1_871' title='bbox 1757 5543 2039 5614; x_wconf 88' lang='lat' dir='ltr'><strong>sapientia.</strong></span> <span class='ocrx_word' id='word_1_872' title='bbox 2073 5565 2093 5599; x_wconf 67' lang='grc' dir='ltr'><strong>ι</strong></span> 
     </span>
    </p>
   </div>
   <div class='ocr_carea' id='block_1_114' title="bbox 678 5623 2172 5706">
    <p class='ocr_par' dir='ltr' id='par_1_114' title="bbox 678 5623 2172 5706">
     <span class='ocr_line' id='line_1_115' title="bbox 678 5623 2172 5706; baseline 0.014 -31"><span class='ocrx_word' id='word_1_873' title='bbox 678 5623 891 5706; x_wconf 65' lang='grc' dir='ltr'><strong>(ιδομ)</strong></span> <span class='ocrx_word' id='word_1_874' title='bbox 913 5624 1046 5681; x_wconf 87' lang='lat' dir='ltr'><strong>Hinc</strong></span> <span class='ocrx_word' id='word_1_875' title='bbox 1067 5630 1362 5706; x_wconf 73' lang='lat' dir='ltr'><strong>secundum</strong></span> <span class='ocrx_word' id='word_1_876' title='bbox 1395 5632 1585 5706; x_wconf 77' lang='lat' dir='ltr'><strong>librum</strong></span> <span class='ocrx_word' id='word_1_877' title='bbox 1610 5637 1959 5706; x_wconf 88' lang='lat' dir='ltr'><strong>auspicantur</strong></span> <span class='ocrx_word' id='word_1_878' title='bbox 1982 5639 2172 5695; x_wconf 90' lang='lat' dir='ltr'><strong>hucus-</strong></span> 
     </span>
    </p>
   </div>
   <div class='ocr_carea' id='block_1_115' title="bbox 605 5695 2166 5777">
    <p class='ocr_par' dir='ltr' id='par_1_115' title="bbox 605 5695 2166 5777">
     <span class='ocr_line' id='line_1_116' title="bbox 605 5695 2166 5777; baseline 0.015 -34"><span class='ocrx_word' id='word_1_879' title='bbox 605 5706 711 5764; x_wconf 88' lang='lat' dir='ltr'><strong>que</strong></span> <span class='ocrx_word' id='word_1_880' title='bbox 753 5695 882 5752; x_wconf 84' lang='lat' dir='ltr'><strong>editi</strong></span> <span class='ocrx_word' id='word_1_881' title='bbox 917 5707 1102 5755; x_wconf 87' lang='lat' dir='ltr'><strong>contra</strong></span> <span class='ocrx_word' id='word_1_882' title='bbox 1137 5714 1241 5757; x_wconf 89' lang='lat' dir='ltr'><strong>ms.</strong></span> <span class='ocrx_word' id='word_1_883' title='bbox 1276 5701 1434 5760; x_wconf 81' lang='lat' dir='ltr'><strong>fidem</strong></span> <span class='ocrx_word' id='word_1_884' title='bbox 1469 5695 1748 5777; x_wconf 67' lang='lat' dir='ltr'><strong>ipsiusque</strong></span> <span class='ocrx_word' id='word_1_885' title='bbox 1777 5708 2052 5776; x_wconf 81' lang='lat' dir='ltr'><strong>auctoris,</strong></span> <span class='ocrx_word' id='word_1_886' title='bbox 2082 5723 2166 5766; x_wconf 83' lang='lat' dir='ltr'><strong>at-</strong></span> 
     </span>
    </p>
   </div>
   <div class='ocr_carea' id='block_1_116' title="bbox 2277 5223 3807 5302">
    <p class='ocr_par' dir='ltr' id='par_1_116' title="bbox 2277 5223 3807 5302">
     <span class='ocr_line' id='line_1_117' title="bbox 2277 5223 3807 5302; baseline 0.006 -27"><span class='ocrx_word' id='word_1_887' title='bbox 2277 5239 2382 5302; x_wconf 81' lang='lat' dir='ltr'><strong>que</strong></span> <span class='ocrx_word' id='word_1_888' title='bbox 2414 5223 2728 5302; x_wconf 75' lang='lat' dir='ltr'><strong>interpretis</strong></span> <span class='ocrx_word' id='word_1_889' title='bbox 2763 5237 3021 5286; x_wconf 88' lang='lat' dir='ltr'><strong>mentem.</strong></span> <span class='ocrx_word' id='word_1_890' title='bbox 3076 5229 3201 5287; x_wconf 72' lang='lat' dir='ltr'><strong>Vid.</strong></span> <span class='ocrx_word' id='word_1_891' title='bbox 3245 5234 3524 5302; x_wconf 77' lang='lat' dir='ltr'><strong>prafixam</strong></span> <span class='ocrx_word' id='word_1_892' title='bbox 3553 5232 3670 5286; x_wconf 85' lang='lat' dir='ltr'><strong>huic</strong></span> <span class='ocrx_word' id='word_1_893' title='bbox 3691 5223 3807 5297; x_wconf 79' lang='lat' dir='ltr'><strong>operi</strong></span> 
     </span>
    </p>
   </div>
   <div class='ocr_carea' id='block_1_117' title="bbox 2282 5295 2738 5350">
    <p class='ocr_par' dir='ltr' id='par_1_117' title="bbox 2282 5295 2738 5350">
     <span class='ocr_line' id='line_1_118' title="bbox 2282 5295 2738 5350; baseline 0.002 -1"><span class='ocrx_word' id='word_1_894' title='bbox 2282 5295 2738 5350; x_wconf 79' lang='lat' dir='ltr'><strong>Admonitionem.</strong></span> 
     </span>
    </p>
   </div>
   <div class='ocr_carea' id='block_1_118' title="bbox 2355 5363 3808 5440">
    <p class='ocr_par' dir='ltr' id='par_1_118' title="bbox 2355 5363 3808 5440">
     <span class='ocr_line' id='line_1_119' title="bbox 2355 5363 3808 5440; baseline -0.001 -24"><span class='ocrx_word' id='word_1_895' title='bbox 2355 5363 2468 5440; x_wconf 57' lang='grc'><strong>(45)</strong></span> <span class='ocrx_word' id='word_1_896' title='bbox 2515 5364 2655 5440; x_wconf 58' lang='lat' dir='ltr'><strong>plin!</strong></span> <span class='ocrx_word' id='word_1_897' title='bbox 2681 5376 2825 5440; x_wconf 71' lang='lat' dir='ltr'><strong>erat,</strong></span> <span class='ocrx_word' id='word_1_898' title='bbox 2858 5387 2879 5440; x_wconf 59' lang='grc' dir='ltr'><strong><em>ς</em></strong></span> <span class='ocrx_word' id='word_1_899' title='bbox 2915 5369 3158 5425; x_wconf 87' lang='lat' dir='ltr'><strong>videmus</strong></span> <span class='ocrx_word' id='word_1_900' title='bbox 3187 5370 3414 5434; x_wconf 82' lang='lat' dir='ltr'><strong>habere,</strong></span> <span class='ocrx_word' id='word_1_901' title='bbox 3443 5372 3693 5425; x_wconf 87' lang='lat' dir='ltr'><strong>habemus</strong></span> <span class='ocrx_word' id='word_1_902' title='bbox 3715 5376 3808 5440; x_wconf 61' lang='lat' dir='ltr'><strong>eum</strong></span> 
     </span>
    </p>
   </div>
   <div class='ocr_carea' id='block_1_119' title="bbox 2279 5431 3806 5519">
    <p class='ocr_par' dir='ltr' id='par_1_119' title="bbox 2279 5431 3806 5519">
     <span class='ocr_line' id='line_1_120' title="bbox 2279 5431 3806 5519; baseline 0.012 -35"><span class='ocrx_word' id='word_1_903' title='bbox 2279 5431 2469 5519; x_wconf 47' lang='lat' dir='ltr'><strong>Pilio.)</strong></span> <span class='ocrx_word' id='word_1_904' title='bbox 2492 5435 2656 5519; x_wconf 53' lang='lat' dir='ltr'><strong>Quod</strong></span> <span class='ocrx_word' id='word_1_905' title='bbox 2689 5437 2958 5519; x_wconf 79' lang='lat' dir='ltr'><strong>Barthius,</strong></span> <span class='ocrx_word' id='word_1_906' title='bbox 3006 5451 3272 5519; x_wconf 75' lang='lat' dir='ltr'><strong>expuncta</strong></span> <span class='ocrx_word' id='word_1_907' title='bbox 3300 5431 3693 5519; x_wconf 43' lang='lat' dir='ltr'><strong>pﬁflllﬂl‘ﬂvoce</strong></span> <span class='ocrx_word' id='word_1_908' title='bbox 3712 5433 3806 5519; x_wconf 63' lang='grc' dir='ltr'>5νῇ</span> 
     </span>
    </p>
   </div>
   <div class='ocr_carea' id='block_1_120' title="bbox 2277 5503 3808 5577">
    <p class='ocr_par' dir='ltr' id='par_1_120' title="bbox 2277 5503 3808 5577">
     <span class='ocr_line' id='line_1_121' title="bbox 2277 5503 3808 5577; baseline 0.001 -21"><span class='ocrx_word' id='word_1_909' title='bbox 2277 5503 2440 5577; x_wconf 75' lang='lat' dir='ltr'><strong>ritus,</strong></span> <span class='ocrx_word' id='word_1_910' title='bbox 2491 5504 2564 5577; x_wconf 78' lang='lat' dir='ltr'><strong>ita</strong></span> <span class='ocrx_word' id='word_1_911' title='bbox 2613 5508 2888 5561; x_wconf 87' lang='lat' dir='ltr'><strong>contendit</strong></span> <span class='ocrx_word' id='word_1_912' title='bbox 2940 5503 3357 5577; x_wconf 80' lang='lat' dir='ltr'><strong>emendandum,</strong></span> <span class='ocrx_word' id='word_1_913' title='bbox 3403 5529 3424 5563; x_wconf 84' lang='grc'><em>‹</em></span> <span class='ocrx_word' id='word_1_914' title='bbox 3474 5509 3692 5564; x_wconf 89' lang='lat' dir='ltr'><strong>vidimus</strong></span> <span class='ocrx_word' id='word_1_915' title='bbox 3712 5515 3808 5557; x_wconf 85' lang='lat' dir='ltr'><strong>eum</strong></span> 
     </span>
    </p>
   </div>
   <div class='ocr_carea' id='block_1_121' title="bbox 2277 5573 3706 5655">
    <p class='ocr_par' dir='ltr' id='par_1_121' title="bbox 2277 5573 3706 5655">
     <span class='ocr_line' id='line_1_122' title="bbox 2277 5573 3706 5655; baseline 0.003 -30"><span class='ocrx_word' id='word_1_916' title='bbox 2277 5573 2477 5655; x_wconf 63' lang='lat' dir='ltr'><strong>habere</strong></span> <span class='ocrx_word' id='word_1_917' title='bbox 2504 5573 2917 5655; x_wconf 59' lang='lat' dir='ltr'><strong>hactennscun}</strong></span> <span class='ocrx_word' id='word_1_918' title='bbox 2950 5578 3106 5655; x_wconf 61' lang='lat' dir='ltr'><strong>Filio.</strong></span> <span class='ocrx_word' id='word_1_919' title='bbox 3153 5597 3173 5630; x_wconf 71' lang='grc' dir='ltr'><strong>ι</strong></span> <span class='ocrx_word' id='word_1_920' title='bbox 3341 5573 3351 5577; x_wconf 67' lang='grc'><strong>⁷</strong></span> <span class='ocrx_word' id='word_1_921' title='bbox 3531 5648 3542 5655; x_wconf 30' lang='grc'><strong>⁸</strong></span> 
     </span>
    </p>
   </div>
   <div class='ocr_carea' id='block_1_122' title="bbox 2355 5641 3806 5712">
    <p class='ocr_par' dir='ltr' id='par_1_122' title="bbox 2355 5641 3806 5712">
     <span class='ocr_line' id='line_1_123' title="bbox 2355 5641 3806 5712; baseline -0.003 -16"><span class='ocrx_word' id='word_1_922' title='bbox 2355 5641 2471 5712; x_wconf 72' lang='grc'>(46)</span> <span class='ocrx_word' id='word_1_923' title='bbox 2504 5641 2722 5699; x_wconf 88' lang='lat' dir='ltr'><strong>Plenius</strong></span> <span class='ocrx_word' id='word_1_924' title='bbox 2779 5647 2830 5699; x_wconf 91' lang='lat' dir='ltr'><strong>in</strong></span> <span class='ocrx_word' id='word_1_925' title='bbox 2872 5645 3047 5702; x_wconf 84' lang='lat' dir='ltr'><strong>Vatic.</strong></span> <span class='ocrx_word' id='word_1_926' title='bbox 3101 5664 3207 5703; x_wconf 91' lang='lat' dir='ltr'><strong>ms.</strong></span> <span class='ocrx_word' id='word_1_927' title='bbox 3258 5663 3319 5703; x_wconf 90' lang='lat' dir='ltr'><strong>ac</strong></span> <span class='ocrx_word' id='word_1_928' title='bbox 3369 5648 3543 5703; x_wconf 89' lang='lat' dir='ltr'><strong>veteri</strong></span> <span class='ocrx_word' id='word_1_929' title='bbox 3592 5643 3806 5700; x_wconf 86' lang='lat' dir='ltr'><strong>editione,</strong></span> 
     </span>
    </p>
   </div>
   <div class='ocr_carea' id='block_1_123' title="bbox 2293 5712 3806 5789">
    <p class='ocr_par' dir='ltr' id='par_1_123' title="bbox 2293 5712 3806 5789">
     <span class='ocr_line' id='line_1_124' title="bbox 2293 5712 3806 5789; baseline -0.001 -25"><span class='ocrx_word' id='word_1_930' title='bbox 2293 5729 2312 5764; x_wconf 68' lang='grc' dir='ltr'><strong>ι</strong></span> <span class='ocrx_word' id='word_1_931' title='bbox 2349 5712 2651 5771; x_wconf 82' lang='lat' dir='ltr'><strong>Dinsioues</strong></span> <span class='ocrx_word' id='word_1_932' title='bbox 2706 5716 2902 5789; x_wconf 83' lang='lat' dir='ltr'><strong>quippe</strong></span> <span class='ocrx_word' id='word_1_933' title='bbox 2928 5718 3272 5775; x_wconf 88' lang='lat' dir='ltr'><strong>donationum</strong></span> <span class='ocrx_word' id='word_1_934' title='bbox 3306 5730 3457 5787; x_wconf 90' lang='lat' dir='ltr'><strong>sunt,</strong></span> <span class='ocrx_word' id='word_1_935' title='bbox 3501 5719 3634 5772; x_wconf 91' lang='lat' dir='ltr'><strong>idem</strong></span> <span class='ocrx_word' id='word_1_936' title='bbox 3659 5722 3806 5767; x_wconf 80' lang='lat' dir='ltr'><strong>autem</strong></span> 
     </span>
    </p>
   </div>
  </div>
