4042 6404
210 381 347 436 1053

1328 378 1529 434 LIBER
1566 378 1654 434 DE
1694 380 1965 440 SPlRITU
2007 379 2294 437 SANCTO.

3307 382 3445 439 1054

207 498 368 554 Patre
398 494 743 565 multiplicem
774 494 1164 551 charismatum
1190 495 1604 567 plenitudinem,
1635 499 1772 554 mul-
1798 520 1846 570 Α
1946 500 2045 555 24.
2091 501 2204 555 Non
2235 497 2467 552 arbitror
2492 508 2811 565 quemquam
2836 502 2944 549 tam
2978 496 3253 553 vecordem
3281 510 3444 571 atque

210 589 420 660 tiplicat
451 603 571 643 eam
600 585 770 641 Filius
799 587 1186 643 subsistentem
1229 603 1324 656 per
1356 588 1614 659 Spiritum
1644 605 1772 644 san-

206 692 373 736 ctum.
408 697 429 731 s
486 679 590 734 Alii
639 679 784 735 enim
818 694 913 748 per
962 678 1221 749 Spiritum
1259 682 1418 736 datur
1467 697 1646 738 sermo
1686 697 1774 737 sa-

206 771 443 841 pientiae.
499 771 605 825 Alii
648 784 777 825 vero
832 771 1102 836 scientiae,
1163 773 1459 828 secundum
1524 774 1771 829 eumdem

204 861 475 931 spiritum.
500 860 603 916 Alii
633 861 766 917 tides
815 862 869 916 in
915 862 1105 918 eodem
1152 864 1390 933 spiritu',
1430 882 1449 916 ι
1486 873 1541 919 et
1577 875 1769 920 caetera

204 968 330 1021 quae
359 953 428 1007 ab
460 952 713 1019 Apostolo
745 966 1060 1009 enumerata
1091 964 1218 1011 sunt
1248 953 1386 1011 dona
1405 996 1422 1019 ,
1451 958 1645 1027 quibus
1674 959 1770 1012 ad-

201 1045 399 1099 ditur:
435 1061 456 1095 s
498 1043 623 1099 Haac
667 1053 847 1099 autem
890 1046 1071 1100 omnia
1116 1056 1374 1114 operatur
1417 1063 1559 1103 unus
1611 1056 1773 1119 atque

202 1134 349 1189 idem
386 1132 618 1202 Spiritus
652 1151 667 1188 :
704 1134 948 1189 dividens
979 1135 1206 1206 singulis
1238 1146 1399 1206 prout
1429 1137 1543 1191 vult
1568 1137 1611 1193 ³.
1657 1155 1676 1190 s

273 1225 369 1282 23.
397 1223 554 1280 Unde
595 1226 837 1281 dicentes
861 1228 1241 1297 cperatricem,
1274 1236 1329 1283 et
1359 1228 1473 1301 (47)
1498 1237 1555 1283 ut
1584 1228 1655 1283 ita
1688 1228 1772 1283 di-

201 1314 790 1379 cam,distrlbutricem
834 1326 1081 1371 naturam
1120 1315 1354 1388 Spiritus
1392 1318 1585 1385 sancti,
1664 1335 1770 1375 non

202 1407 541 1461 abducamur
572 1408 641 1461 ab
672 1406 758 1462 his
787 1408 877 1477 qui
913 1409 1098 1465 dicunt
1138 1412 1509 1481 operationem
1535 1453 1552 1480 ,
1582 1422 1638 1469 et
1666 1428 1774 1469 non

200 1499 562 1555 substantiam
600 1500 695 1556 Dei
725 1515 846 1556 esse
876 1500 1137 1571 Spiritum
1168 1512 1434 1560 sanctum.
1462 1503 1528 1559 Et
1560 1519 1623 1562 ex
1652 1504 1773 1561 aliis

200 1605 418 1660 quoque
464 1591 710 1661 plurimis
760 1592 893 1648 locis
942 1593 1241 1651 subsistens
1300 1606 1490 1652 natura
1546 1597 1773 1653 demon-

197 1691 411 1737 stratur
463 1683 693 1753 Spiritus
730 1685 950 1753 sancti;
1016 1696 1076 1741 ut
1122 1689 1176 1741 in
1232 1688 1325 1743 illo
1362 1689 1502 1759 quod
1550 1689 1774 1759 apostoli

200 1773 498 1828 scribunt:
540 1792 558 1824 ι
584 1774 771 1829 Visum
802 1783 885 1830 est
910 1776 1052 1830 enim
1085 1774 1309 1846 Spiritui
1350 1786 1538 1833 sancto
1580 1784 1635 1833 et
1675 1793 1774 1832 no-

1875 595 2128 649 insanum
2153 594 2415 656 futurum,
2442 599 2500 643 ut
2547 588 2843 659 perfectum
2895 590 3160 660 baptisma
3190 603 3339 661 putet
3390 595 3442 648 id

1876 684 2020 753 quod
2065 684 2225 737 datur
2254 681 2307 734 in
2337 680 2553 735 nomine
2597 676 2776 734 Patris
2806 690 2859 734 et
2890 680 3035 750 Filii,
3085 683 3201 737 sine
3230 696 3444 737 assum-

1876 774 2061 845 ptione
2101 771 2333 843 Spiritus
2361 773 2570 840 sancti;
2601 782 2694 827 aut
2725 789 2912 828 rursus
2946 774 2996 827 in
3021 776 3233 828 nomine
3263 773 3442 829 Patris

1875 874 1930 919 et
1972 862 2204 932 Spiritus
2235 865 2431 929 sancti,
2465 864 2583 919 Filii
2614 866 2881 919 vocabulo
2910 867 3269 934 praetermisso
3303 884 3318 922 :
3351 878 3439 921 aut

1874 965 2023 1011 certe
2054 957 2110 1010 in
2136 957 2355 1012 nomine
2380 956 2501 1012 Filii
2528 968 2581 1012 et
2611 956 2844 1027 Spiritus
2884 958 3078 1023 Sancti,
3111 973 3214 1012 non
3238 974 3423 1030 ιιι-προ

1873 1048 1979 1102 sito
2029 1049 2292 1104 vocabulo
2317 1047 2515 1103 Patris.
2574 1049 2726 1104 Licet
2752 1051 2894 1104 enim
2927 1050 3048 1120 quis
3090 1051 3259 1119 possit
3294 1052 3441 1106 exsi-

1875 1146 2024 1193 stere
2053 1140 2202 1194 saxei
2239 1140 2321 1207 (ut
2346 1141 2417 1192 ita
2448 1138 2648 1212 dicam)
2672 1141 2888 1206 cordis,
2914 1149 2967 1195 et
3001 1141 3215 1211 penitus
3247 1143 3442 1197 mentis

1874 1227 2061 1284 alienre
2084 1269 2100 1295 ,
2126 1229 2215 1298 qui
2244 1229 2316 1283 ita
2356 1229 2633 1298 baptizare
2662 1238 2907 1294 conetur,
2938 1240 2997 1285 ut
3022 1246 3185 1285 unum
3219 1232 3283 1286 de
3310 1246 3447 1300 pra:-

1874 1319 2045 1388 ceptis
2078 1321 2383 1375 nominibus
2414 1323 2794 1391 praetermittat
2818 1363 2833 1388 ,
2860 1322 3116 1379 videlicet
3138 1323 3446 1379 contrarius

1875 1409 2149 1480 legislator
2195 1409 2433 1474 Christi;
2489 1422 2667 1468 tamen
2700 1414 2818 1468 sine
2856 1413 3185 1483 perfectione
3215 1413 3326 1483 (50)
3352 1413 3447 1466 ba-

1878 1500 2108 1570 ptizahit
2137 1542 2152 1567 ,
2184 1502 2290 1555 imo
2321 1503 2536 1571 penitus
2562 1519 2591 1557 a
2624 1506 2865 1573 peccatis
2892 1506 3124 1560 liberare
3145 1519 3252 1560 non
3301 1516 3448 1575 pote-

1878 1591 1967 1657 rit,
2000 1605 2136 1660 quos
2165 1608 2193 1645 λ
2222 1606 2282 1646 se
2310 1592 2614 1662 baptizatos
2650 1593 3065 1647 existimaverit.
3103 1590 3179 1645 Ex
3214 1592 3297 1646 his
3328 1590 3445 1646 col-

1882 1679 2084 1752 ligitur,
2121 1699 2281 1753 quam
2333 1683 2562 1739 indivisa
2596 1684 2668 1740 sit
2703 1684 3003 1739 substantia
3032 1681 3337 1749 Trinitatis,
3387 1691 3444 1737 et

1876 1771 2093 1827 Patrem
2160 1789 2286 1830 vere
2326 1773 2447 1829 Filii
2510 1790 2629 1830 esse
2658 1774 2916 1841 Patrem,
2968 1784 3022 1830 et
3078 1774 3271 1828 Filium
3307 1788 3446 1827 vere

198 1864 370 1929 bis‘,»
400 1865 523 1933 quia
556 1866 655 1921 hoc
681 1867 823 1936 quod
855 1868 1073 1934 dicitur,
1114 1870 1316 1924 (visum
1342 1880 1446 1936 est,
1479 1887 1614 1926 ,ηυη
1644 1885 1775 1942 ope.
1804 1909 1846 1964 Β
1877 1859 2051 1916 Patris
2074 1862 2266 1917 Filium
2288 1902 2303 1927 ,
2325 1874 2380 1916 et
2413 1862 2672 1931 Spiritum
2724 1870 2969 1916 sanctum
3003 1874 3129 1915 vere
3180 1858 3355 1913 Patris
3386 1870 3443 1912 et

200 1958 475 2013 rationem
520 1958 830 2027 signiﬁcat,
869 1963 964 2016 sed
1006 1974 1255 2016 naturam
1310 1980 1325 2019 :
1364 1964 1595 2019 maxime
1645 1980 1766 2019 cum

194 2058 258 2101 et
293 2050 365 2103 de
414 2049 641 2105 Domino
688 2051 863 2107 simile
908 2054 1036 2122 quid
1070 2056 1390 2123 reperiatur,
1423 2064 1519 2110 ut:
1560 2073 1579 2107 ι
1623 2055 1773 2112 Sicut

195 2137 435 2197 Domino
469 2141 645 2196 visum
686 2150 790 2206 est,
839 2142 912 2196 ita
953 2142 1154 2197 factum
1192 2154 1275 2200 est
1304 2143 1345 2196 '.
1379 2163 1396 2195 ι
1443 2144 1679 2216 Denique
1720 2156 1775 2201 et

194 2246 486 2288 sermones
539 2232 655 2300 ejus
706 2232 1003 2303 sarpissime
1044 2234 1394 2301 lectitantur,
1433 2245 1493 2291 ut
1542 2237 1596 2290 in
1632 2236 1769 2292 illo:

200 2342 221 2375 s
255 2322 637 2393 Jejunantibus
667 2325 745 2380 eis
780 2335 835 2379 et
884 2326 1333 2391 ministrantibus,
1400 2347 1419 2379 ι
1448 2327 1499 2381 id
1546 2337 1663 2393 est,
1692 2328 1776 2383 di-

195 2415 426 2485 scipulis
467 2416 697 2480 Christi,
740 2435 759 2469 ι
818 2416 955 2472 dixit
1012 2416 1246 2488 Spiritus
1295 2429 1512 2475 sanctus
1549 2438 1564 2474 :
1603 2419 1774 2489 Sepa—

198 2520 322 2563 rate
353 2508 484 2562 mihi
516 2506 819 2562 Barnabam
868 2519 923 2564 et
951 2508 1193 2576 Saulum,
1236 2510 1291 2565 in
1320 2527 1454 2582 opus
1511 2513 1577 2567 ad
1631 2514 1775 2582 quod

198 2600 391 2654 vocavi
421 2614 517 2655 eos
538 2601 578 2654 ⁸.
613 2619 632 2652 ι
666 2600 795 2667 Quae
833 2616 935 2657 vox
976 2603 1292 2658 .divinitatis
1339 2612 1395 2659 ct
1442 2605 1779 2660 auctoritatis

200 2694 409 2760 index,
448 2708 554 2749 non
608 2706 868 2761 creatam,
925 2696 1017 2750 sed
1064 2695 1358 2751 increatam
1420 2696 1777 2751 substantiam

205 2795 502 2842 monstrat.
531 2784 717 2857 Neque
763 2788 907 2843 enim
956 2786 1191 2857 Spiritus
1251 2797 1472 2843 sanctus
1531 2789 1587 2843 in
1635 2788 1780 2844 aliud

197 2880 477 2949 quoddam
516 2894 653 2949 opus
683 2880 895 2934 vocavit
934 2879 1232 2934 Barnabam
1258 2891 1315 2935 et
1352 2878 1574 2935 Paulum
1598 2920 1613 2946 ,
1641 2882 1780 2948 quod

197 2987 308 3025 non
350 2971 423 3026 sit
457 2970 635 3027 Patris
661 2982 715 3026 et
742 2971 897 3039 Filii,
939 2986 1061 3026 cum
1085 2972 1482 3037 ministerium,
1517 2974 1659 3042 quod
1704 2972 1784 3026 eis

196 3064 482 3118 commisit
529 3072 585 3119 et
623 3064 841 3119 tradidit
902 3063 1155 3135 Spiritus,
1211 3063 1388 3120 Patris
1440 3075 1497 3119 et
1547 3065 1665 3120 Filii
1716 3066 1785 3125 sit

200 3155 591 3209 ministerium.
656 3156 738 3210 Ad
800 3153 1018 3210 Galatas
1066 3154 1263 3211 Paulus
1310 3156 1583 3221 loquitur:
1623 3174 1641 3208 ι
1685 3156 1785 3223 Qui

1875 1952 1969 2009 Dei
2012 1969 2135 2009 esse
2195 1952 2450 2025 Spiritum
2499 1952 2635 2026 (51);
2671 1962 2726 2008 et
2779 1953 2997 2022 insuper
3046 1951 3327 2022 sapientia:
3391 1961 3445 2004 et

1876 2047 2150 2113 veritatis,
2208 2046 2259 2101 id
2302 2057 2413 2112 est,
2465 2045 2584 2100 Filii
2632 2046 2743 2100 Dei.
2785 2044 2910 2100 llaec
2962 2053 3047 2100 est
3113 2044 3257 2099 salus
3312 2057 3444 2113 ergo

1877 2141 2231 2201 credentium,
2262 2150 2317 2194 et
2354 2137 2682 2207 dispensatio
2732 2136 3108 2191 ecclesiastica:
3144 2134 3441 2204 disciplinae

1879 2230 1932 2286 in
1968 2231 2067 2286 hac
2091 2228 2357 2286 Trinitate
2376 2228 2671 2300 perﬁcitur.
2707 2228 2841 2282 Nam
2894 2242 3016 2283 cum
3061 2226 3311 2282 Salvator
3356 2224 3443 2279 di-

1882 2322 2118 2392 scipulos
2139 2336 2269 2376 suos
2299 2322 2365 2375 ad
2399 2319 2796 2391 praedicandum
2821 2319 3169 2388 Evangelium
3200 2316 3408 2370 miserit
3432 2353 3449 2377 ,

1879 2423 1935 2469 et
1966 2414 2033 2468 ad
2073 2414 2318 2485 dogmata
2356 2413 2601 2469 veritatis
2628 2409 2864 2466 docenda
2904 2408 3063 2464 Pater
3093 2406 3205 2480 (52)
3258 2406 3312 2461 in
3344 2404 3449 2461 Ec-

1884 2507 2048 2563 clesia
2104 2506 2449 2561 constituisse
2498 2505 2730 2568 dicatur,
2783 2503 2958 2573 primo
3009 2501 3303 2570 apostolos,
3360 2513 3448 2554 se-

1887 2599 2062 2655 cundo
2101 2599 2387 2669 praphetas
2417 2636 2434 2664 ,
2484 2596 2643 2652 tertio
2674 2594 2958 2665 magistros
2982 2630 3001 2658 ,
3050 2607 3213 2661 super
3254 2592 3353 2645 hac
3393 2604 3452 2645 re

1894 2691 2058 2747 etiam
2083 2690 2323 2762 Apostoli
2356 2699 2684 2759 congruente
2730 2687 2996 2742 sententia
3058 2707 3070 2741 :
3119 2702 3138 2736 ι
3197 2683 3265 2737 Et
3316 2684 3454 2738 sicut

1896 2782 2104 2853 probati
2160 2798 2345 2836 sumus
2400 2797 2430 2835 a
2466 2782 2575 2836 Deo
2605 2782 2671 2836 ad
2717 2780 3043 2835 credendum
3080 2775 3449 2846 Evangeiium,

1888 2875 1966 2929 sic
1995 2872 2302 2943 loquimur:
2342 2888 2447 2926 non
2480 2880 2537 2926 ut
2565 2871 2869 2926 hominibus
2905 2868 3199 2940 placentes,
3225 2868 3317 2921 sed
3344 2867 3454 2921 Deo

1890 2966 1980 3034 qui
2032 2964 2275 3034 probavit
2327 2963 2487 3017 corda
2528 2972 2711 3017 nostra
2750 2962 2836 3015 ‘°:
2883 2979 2901 3013 ι
2939 2961 3034 3015 hos
3072 2960 3287 3013 eosdem
3319 2972 3456 3027 quos

1891 3054 2138 3108 Christus
2188 3053 2472 3123 magistros
2526 3066 2645 3106 esse
2672 3050 2946 3120 praecepit,
2978 3061 3035 3105 et
3061 3047 3222 3102 Pater
3271 3046 3437 3115 proba

1892 3146 1990 3208 vit,
2022 3155 2074 3199 et
2103 3143 2334 3214 Spiritus
2364 3153 2579 3198 sanctus
2628 3144 3024 3211 dispensatores
3044 3152 3096 3195 et
3140 3139 3460 3210 praepositos

201 3248 348 3301 enim
375 3256 630 3317 Operatus
650 3254 731 3301 est
762 3245 989 3301 Petroin
1022 3247 1373 3317 apostolatum
1413 3247 1851 3323 CII‘CtlmClSlo-C
1894 3236 1945 3290 δη
2000 3235 2239 3292 Ευεὶεεῖθ
2287 3236 2627 3291 consumis-ie
2684 3233 2992 3304 Ρθτῆίδθῑυτ
3039 3230 3137 3302 [αι’
3187 3230 3455 3285 veraciter

205 3339 323 3401 nis,
368 3347 624 3407 cperatus
655 3345 737 3392 est
765 3344 819 3393 et
856 3337 1064 3405 mihiin
1096 3347 1281 3406 gentes
1309 3337 1445 3408 (48),
1473 3348 1527 3392 et
1574 3337 1778 3391 Barna-

212 3430 293 3483 ba:
319 3430 364 3481 ⁷.
394 3448 411 3480 ι
444 3428 656 3483 Pariter
681 3429 823 3484 enim
853 3430 918 3483 ad
946 3430 1194 3483 nationes
1226 3429 1461 3499 Spiritus
1482 3430 1651 3483 sancti
1684 3446 1782 3483 au-

224 3521 463 3575 ctoritate
492 3520 682 3575 directi
736 3530 881 3576 sunt.
914 3520 1131 3576 Christo
1171 3534 1383 3590 quoque
1421 3531 1677 3589 operante
1727 3520 1780 3574 in

226 3612 508 3679 apostolis,
543 3609 776 3679 Spiritus
798 3612 1122 3682 completum
1161 3622 1241 3665 est
1290 3613 1649 3665 ministerium
1672 3654 1686 3675 ,
1728 3620 1785 3665 ut

219 3702 316 3770 ipsi
346 3702 574 3773 apostoli
615 3704 939 3759 conﬁtentur
977 3719 1034 3759 se
1092 3704 1143 3758 in
1186 3703 1403 3758 Christo
1443 3703 1607 3772 loqui,
1639 3712 1695 3757 et
1734 3703 1786 3757 id

212 3794 355 3861 quod
389 3793 504 3849 suis
531 3793 701 3849 oculis
725 3794 988 3861 viderunt,
1011 3803 1065 3850 et
1093 3795 1323 3850 ministri
1351 3795 1475 3849 iacti
1509 3803 1633 3849 sunt
1676 3792 1786 3864 (49)

207 3884 481 3939 sermonis
506 3924 523 3949 ,
557 3884 609 3939 id
640 3893 740 3948 est,
772 3884 970 3940 Christi
996 3901 1013 3951 ;
1066 3894 1120 3941 et
1154 3887 1554 3955 dispensatores
1586 3894 1789 3954 myste-

210 3975 421 4028 riorum
460 3974 575 4029 Dei.
598 3973 838 4045 Denique
867 3974 1023 4044 quasi
1056 3976 1413 4045 principatum
1441 3976 1493 4029 in
1548 3976 1792 4030 sacerdo-

204 4067 284 4120 tio
330 4066 708 4135 possidentes,
756 4076 809 4122 et
840 4066 1137 4121 initiatores
1188 4067 1310 4122 ﬁdei
1361 4083 1391 4121 a
1421 4067 1638 4123 Christo
1668 4077 1795 4122 sunt

203 4160 597 4223 demonstrati,
625 4159 880 4215 dicente:
914 4161 1149 4215 (Euntes
1182 4161 1279 4225 ite,
1312 4168 1365 4215 et
1388 4161 1578 4215 docete
1603 4176 1795 4216 omnes

203 4265 438 4322 gentes,
468 4252 804 4321 baptizantes
832 4269 928 4308 eos
978 4254 1031 4307 in
1085 4252 1302 4307 nomine
1330 4250 1505 4307 Patris
1527 4293 1543 4318 ,
1572 4262 1624 4307 et
1654 4250 1796 4317 Filii,

202 4355 261 4399 et
289 4343 535 4413 Spiritus
559 4345 727 4399 sancti
744 4345 821 4398 ⁸.»
855 4345 919 4398 Et
944 4344 1083 4399 sicut
1133 4344 1419 4413 Apostolus
1473 4344 1662 4399 scribit
1708 4358 1799 4398 re-

202 4434 460 4489 ctissime
484 4452 498 4488 :
524 4454 543 4486 ι
567 4432 717 4489 Unus
741 4444 821 4490 est
841 4436 1113 4498 Dominus,
1141 4450 1243 4487 una
1263 4435 1413 4498 iides,
1439 4450 1602 4488 unum
1626 4435 1803 4503 bapti-

202 4542 328 4585 sma
360 4528 403 4579 ’.
435 4544 455 4577 ι
487 4525 618 4592 Quis
645 4541 748 4581 non
770 4541 835 4580 ex
867 4527 979 4595 ipsa
1016 4535 1240 4594 cogetur
1272 4526 1498 4580 veritate
1532 4528 1804 4595 suscipere

1883 3326 2241 3401 prohibetur].
2280 3327 2555 3397 Siquidem
2579 3340 2699 3381 cum
2726 3324 2962 3379 Miletum
2992 3323 3190 3377 Paulus
3236 3331 3450 3390 aposto-

1882 3420 1965 3474 lus
2013 3420 2354 3491 presbyteros
2405 3418 2471 3473 de
2522 3417 2749 3472 diversis
2786 3416 2915 3471 locis
2965 3426 3019 3470 et
3060 3414 3303 3482 plurimis
3342 3412 3452 3466 Ec-

1882 3512 2061 3581 clesiis
2091 3519 2468 3581 congregasset
2517 3527 2531 3564 :
2568 3527 2588 3561 ι
2622 3508 2918 3569 Attendite,
2957 3525 2977 3558 ι
3013 3505 3212 3575 inquit,
3246 3522 3265 3555 ι
3314 3504 3466 3558 vobis

1884 3614 1938 3659 et
1969 3604 2219 3658 universo
2258 3602 2444 3672 gregi,
2484 3616 2644 3669 super
2681 3614 2817 3669 quos
2845 3599 3077 3667 Spiritus
3108 3606 3327 3651 sanctus
3369 3610 3462 3663 po-

1887 3696 1994 3752 snit
2055 3711 2148 3749 vos
2202 3695 2482 3764 episcopos
2515 3693 2579 3747 ad
2612 3693 2894 3762 regendam
2926 3688 3217 3744 Ecclesium
3249 3684 3461 3739 Domini

1888 3803 2047 3859 quam
2082 3786 2367 3856 acquisivit
2400 3802 2494 3855 per
2529 3785 2841 3855 sanguinem
2876 3797 3034 3837 suum
3080 3781 3145 3832 ιι.
3196 3798 3213 3829 ι
3239 3777 3294 3832 Si
3318 3777 3463 3831 enim

1890 3896 2025 3952 quos
2058 3878 2304 3934 Christus
2352 3880 2417 3933 ad
2463 3876 2935 3945 evangelizandum
3002 3881 3057 3926 et
3114 3870 3466 3939 baptizandas

1893 3973 2138 4027 nationes
2179 3972 2364 4038 misit,
2419 3970 2659 4040 Spiritus
2703 3978 2923 4023 sanctus
2970 3964 3223 4019 Ecclesiae
3262 3975 3468 4031 praepo-

1895 4065 2023 4130 suit,
2059 4063 2235 4118 Patris
2279 4063 2546 4117 sententia
2575 4062 2871 4115 destinatos
2894 4076 2914 4124 ;
2940 4056 3068 4112 nulli
3095 4053 3314 4109 dubium
3342 4060 3424 4106 est
3450 4092 3469 4117 ,

1896 4170 2057 4209 unam
2076 4152 2273 4218 Patris,
2302 4164 2356 4208 et
2385 4152 2528 4217 Filii,
2562 4162 2618 4207 et
2646 4151 2877 4221 Spiritus
2898 4147 3068 4204 sancti
3095 4145 3463 4215 operationem

1898 4258 1953 4302 et
2008 4247 2380 4318 probationem
2439 4246 2552 4317 (55)
2580 4285 2596 4310 ,
2663 4254 2719 4299 et
2773 4248 3165 4311 consequenter
3226 4237 3470 4292 eamdem

1902 4336 2193 4392 Trinitatis
2228 4351 2347 4392 esse
2382 4338 2765 4390 substantiam.
2804 4332 3019 4387 Necnon
3066 4337 3120 4385 et
3163 4328 3293 4382 illud
3344 4342 3467 4381 con-

1906 4430 2282 4492 siderandum,
2312 4428 2455 4497 quod
2497 4427 2551 4481 in
2584 4427 2746 4481 corde
2784 4432 2838 4478 et
2869 4438 3028 4478 sensu
3071 4421 3314 4475 habitare
3364 4435 3472 4471 non

1908 4527 2086 4589 potest
2141 4525 2389 4572 creatura
2417 4557 2433 4581 ,
2492 4516 2595 4570 nisi
2640 4517 2782 4568 Deus
2812 4523 2864 4566 et
2907 4525 3086 4566 sermo
3113 4510 3229 4578 ejus
3274 4508 3327 4561 in
3363 4507 3471 4575 Spi-

202 4618 635 4679 Sndiﬂ‘erentiam
669 4627 867 4672 sanctae
906 4616 1210 4678 Trinitatis,
1258 4616 1384 4670 dum
1422 4631 1526 4670 una
1564 4616 1634 4669 sit
1671 4617 1802 4671 tides
1836 4618 1877 4671 D
1918 4614 2019 4665 ritu
2046 4619 2258 4673 sancto,
2290 4608 2430 4663 sicut
2459 4608 2522 4661 ad
2554 4607 2817 4676 quosdam
2850 4603 3086 4672 loquitur
3110 4601 3271 4654 Pater
3300 4617 3314 4654 :
3359 4596 3448 4651 «ιιι

202 4716 260 4769 in
298 4713 489 4777 Patre,
526 4720 579 4765 et
626 4708 761 4764 Filio
813 4717 866 4761 et
924 4706 1126 4776 Spiritu
1158 4716 1381 4772 sancto;
1424 4717 1479 4761 et
1527 4712 1796 4762 lavacrum

200 4808 374 4860 detur
412 4811 574 4869 atque
605 4799 848 4852 tinuetur
879 4797 932 4851 in
981 4796 1199 4851 nemine
1229 4794 1405 4849 Patris
1427 4835 1443 4861 ,
1478 4804 1534 4849 et
1572 4794 1691 4849 Filii
1742 4805 1797 4849 et

202 4897 456 4953 Soiritus
480 4888 691 4947 sancti?

277 5007 302 5036 ¹
344 5002 363 5055 l
393 5001 525 5056 Cor.
559 5016 654 5065 xu,
689 4999 743 5062 8,
778 4998 831 5052 9.
907 4997 929 5028 ³
965 4996 1092 5051 ibid.
1125 4996 1210 5049 11.
1288 4996 1451 5050 ‘Act.
1473 5011 1565 5060 xv,
1590 4995 1680 5050 98.

1770 4995 1792 5028 "
1828 4994 1993 5060 Jobt,
2030 4996 2124 5049 21.

1904 4704 2160 4765 habitabo
2210 4702 2263 4755 in
2314 4700 2414 4762 eis,
2469 4709 2524 4753 et
2571 4696 2911 4752 inambulabo
2951 4694 3015 4750 “.
3052 4712 3072 4746 ›
3106 4690 3172 4745 Ει
3202 4691 3268 4745 ad
3304 4692 3475 4759 ipsum

1902 4796 2118 4865 quidam
2148 4793 2328 4862 dirigit
2352 4804 2534 4845 vocem
2564 4828 2580 4851 ,
2613 4806 2633 4839 ι
2669 4786 2749 4841 Τιι
2779 4798 2957 4840 autem
2988 4787 3041 4838 in
3088 4794 3275 4837 sancto
3319 4782 3474 4836 habi-

1905 4895 2008 4949 tas,
2044 4884 2161 4938 laus
2198 4882 2361 4937 Israel
2388 4880 2452 4933 ¹³.
2498 4898 2516 4932 s
2543 4878 2701 4932 Altus
2752 4876 2947 4946 quippe
3007 4874 3061 4928 in
3109 4873 3233 4927 altis
3276 4872 3478 4925 habitat

2199 4993 2221 5025 ⁸
2249 4994 2369 5046 Act.
2418 5004 2541 5054 xttt,
2569 4988 2625 5042 2.
2699 4987 2919 5042 ’Galat.
2984 5001 3049 5047 tt,
3098 4981 3154 5037 8.
3193 4982 3251 5054 μδ
3289 4980 3478 5035 Matth.

196 5052 523 5139 xxv—11,19.
564 5052 850 5137 7°7'Ep'bes.
879 5082 953 5132 tv,
986 5066 1039 5121 5.
1120 5067 1161 5097 '°
1201 5066 1221 5120 l
1257 5065 1449 5122 Thess.
1480 5052 1626 5131 ιι,’4.
1706 5068 1746 5098 ¹¹
1773 5067 1894 5121 Act.
1926 5052 2022 5131 xx,
2048 5064 2138 5119 28.
2217 5063 2259 5095 "
2285 5061 2328 5116 ll
2359 5061 2484 5116 Cor.
2510 5052 2587 5125 vt,
2626 5058 2712 5113 16.
2791 5057 2835 5089 ³³
2858 5055 3002 5109 Psal.
3034 5069 3147 5117 xxi,
3179 5052 3233 5107 4.

200 5184 488 5256 Spiritus,
517 5188 573 5235 et
601 5179 891 5256 divisiones
922 5179 1341 5256 ministeriorum
1395 5187 1552 5242 sunt,
1583 5180 1787 5256 et_i_pse

196 5250 505 5316 Dominus,
534 5261 590 5304 et
634 5250 924 5304 divisiones
967 5250 1340 5317 operationum
1387 5260 1535 5311 sunt,
1564 5259 1617 5302 et
1647 5251 1787 5304 idem

196 5328 334 5397 ipse
360 5323 635 5397 Dominus
665 5320 757 5389 qui
791 5329 1046 5397 operatur
1079 5318 1259 5397 omnia
1290 5320 1655 5397 innomnibus.
1697 5340 1717 5372 ι

279 5395 404 5463 (47)
450 5386 707 5463 Voculam
742 5386 858 5443 «uti
895 5389 1260 5457 supplevimus
1284 5402 1315 5441 e
1339 5386 1508 5463 V__a_tic.

280 5456 406 5536 (48)
424 5462 646 5536 Tholos.
678 5476 805 5525 ms.,
844 5478 864 5511 ι
903 5456 1158 5536 operatus
1186 5459 1429 5536 est‘mihi
1458 5467 1512 5512 et
1538 5456 1797 5536 Darnaba

197 5538 262 5592 in
290 5529 627 5605 'ge'ntibus‘;
677 5550 696 5583 ι
742 5541 798 5584 et
848 5529 1289 5605 προς-,μιαίνειςιί
1323 5537 1450 5605 sunt
1477 5544 1505 5581 a
1538 5530 1796 5605 Christo,

196 5596 550 5673 cooperante
583 5596 637 5655 in
669 5601 925 5671 apostolis
947 5596 1176 5670 Spiritu,
1209 5603 1533 5668 completum
1587 5610 1671 5654 est
1705 5596 1801 5654 iui-

199 5675 532 5731 nisterium.
566 5689 585 5722 s

285 5743 411 5814 (ιθ)
433 5740 653 5815 Regina:
687 5738 983 5797 Succorum
1010 5754 1112 5793 ms.
1143 5754 1290 5815 num.
1309 5738 1425 5815 497_
1447 5747 1800 5815 praenotatos,

199 5808 557 5887 cujus'nunc
591 5812 806 5867 demum
832 5818 1124 5868 occurrunt
1150 5808 1283 5865 mihi
1315 5808 1586 5866 variantes
1616 5810 1802 5868 lectio-

1894 5195 1989 5234 nes
2019 5179 2073 5232 in
2109 5175 2384 5231 schedulis
2411 5182 2649 5243 excepta:
2670 5186 2816 5243 quas
2830 5171 3032 5243 passim
3054 5167 3191 5243 infra
3218 5165 3442 5243 laudabo
3462 5204 3478 5227 ,

1891 5250 1979 5305 hic
2008 5249 2195 5302 habetc
2209 5247 2473 5301 sermonis
2494 5235 2753 5317 Christi,»
2772 5235 2996 5317 absque,
3024 5240 3072 5291 id
3094 5235 3425 5317 estivocula;
3458 5255 3478 5285 ι

1890 5329 1944 5376 et
1974 5319 2130 5386 paulo
2159 5326 2286 5383 post
2317 5333 2337 5367 ι
2368 5317 2568 5386 Equites
2599 5315 2818 5377 docete,
2856 5330 2875 5363 s
2910 5312 3113 5386 absque
3150 5312 3320 5386 rite».

1965 5379 2075 5459 (50)
2104 5379 2392 5459 Perperam
2415 5384 2691 5459 Tholos.,r
2720 5393 2923 5459 tantum
2956 5382 3075 5459 sine
3102 5379 3478 5459 perrectipne.»

1967 5434 2079 5523 ig?)
2104 5434 2851 5522 Modo-laudatushlt'eginte7
2879 5450 2998 5505 cod.
3018 5493 3032 5511 ,
3068 5434 3114 5501 ι’
3141 5434 3274 5500 Vere
3305 5443 3484 5497 Patris

1897 5537 1952 5584 et
1982 5528 2101 5582 Filii
2126 5542 2248 5599 esse
2278 5524 2558 5599 Spiritum.
2582 5543 2601 5576 s
2901 5589 2931 5599 ,ν
2970 5587 3007 5599 _
3086 5587 3097 5599 ,

1976 5598 2090 5670 (se)
2125 5587 2334 5670 ﬁumen
2362 5613 2380 5646 ι
2411 5593 2593 5670 Pater,
2625 5612 2643 5646 s
2683 5589 2942 5661 expungit
2970 5587 3311 5670 Reginzems.

1979 5661 2091 5739 (55)
2132 5665 2385 5732 Tholos.,
2450 5683 2470 5716 ι
2520 5666 2599 5721 sic
2644 5679 2803 5720 unam
2850 5673 2973 5719 esse
3022 5661 3391 5729 operationem
3431 5661 3485 5704 et

1906 5739 2308 5813 probationem,
2352 5754 2372 5788 ι
2407 5747 2515 5793 etc.
