4042 6404
624 301 768 360 {0‘55

1901 303 1961 358 Dl
1973 303 2136 360 DYMI
2169 300 2635 359 ALEXANDBINI

3701 301 3811 356 1056

619 418 888 472 universae
931 415 1181 471 conditor
1217 422 1502 470 creatum.
1536 413 1754 470 Habitat
1815 430 1942 470 vero
1991 425 2046 470 et
2079 414 2198 469 uni-
2223 417 2270 474 Α
2302 415 2434 468 ritus
2468 413 2559 468 Dei
2604 413 2696 477 sit,
2731 399 2890 483 quem
2929 413 3083 468 exire
3139 413 3207 468 de
3252 411 3410 468 Patre
3455 411 3729 468 Salvatoris
3772 417 3813 470 in

618 505 828 571 genitus
852 502 1022 558 Filius
1053 503 1164 574 (54)
1198 503 1249 558 in
1277 513 1454 558 mente
1483 519 1611 572 pura
1633 544 1647 568 ,
1680 513 1734 557 et
1765 505 1926 559 corde
1958 504 2188 559 creden-

623 596 776 648 tium.
809 592 912 649 Per
943 593 1099 648 fidem
1133 596 1329 664 quippe
1359 594 1600 649 habitare
1631 594 1926 661 Christum,
1960 595 2010 649 in
2047 595 2190 650 inte-

621 687 753 740 riori
793 687 1037 750 homine,
1070 687 1122 740 in
1158 685 1361 754 Spiritu
1395 686 1471 740 ait
1495 687 1800 758 Apostolus,
1839 688 2194 742 itascribens:

623 795 642 826 ι
681 777 734 829 lu
772 776 997 844 Spiritu,
1044 776 1094 829 in
1131 777 1368 830 interiori
1406 777 1622 833 homine
1655 779 1898 835 habitare
1923 777 2195 834 Christum

619 882 714 935 per
737 867 890 920 fidem
909 867 960 920 in
995 868 1246 920 cordibus
1277 869 1470 922 vestris
1497 869 1558 921 “.
1604 887 1622 922 ι
1650 869 1767 938 ipse
1796 884 2007 938 quoque
2035 870 2101 924 de
2132 885 2191 924 se

624 957 857 1024 loquitur
883 957 954 1010 “z
978 955 1152 1008 «Vivit
1182 957 1234 1009 in
1265 973 1349 1009 me
1371 957 1650 1024 Christus;
1685 968 1775 1013 iet
1801 959 1991 1012 iterum
2019 977 2032 1014 :
2065 958 2198 1026 tQui

621 1047 674 1101 in
706 1049 1035 1116 tnelnquitur
1051 1047 1297 1102 Christus
1326 1048 1395 1108 ¹⁶;
1424 1067 1441 1098 ι
1461 1059 1514 1102 et
1535 1047 2192 1115 SalvatoruVeniemus,»

623 1137 912 1209 inquil",t
933 1155 1030 1209 ego
1053 1149 1106 1192 et
1129 1139 1310 1204 Pater,
1340 1159 1359 1191 ι
1379 1141 1518 1195 haud
1557 1142 1794 1209 dubium,
1825 1144 1954 1212 quin
1985 1145 2052 1198 ad
2075 1159 2196 1199 eum

623 1231 712 1296 qui
747 1241 1010 1300 praecepta
1033 1229 1147 1298 ejus
1177 1232 1506 1296 servaverit,
1551 1249 1570 1283 ι
1611 1243 1664 1286 et
1699 1235 2031 1288 mansionem
2061 1235 2200 1304 apud

625 1336 749 1374 eum
804 1319 1083 1378 faciemus.
1122 1339 1139 1372 ›
1168 1318 1338 1374 Porro
1363 1321 1441 1376 sic
1481 1336 1660 1376 sermo
1710 1322 1809 1376 iste
1857 1323 2197 1379 contexitur:

631 1429 650 1462 ‹
678 1410 734 1465 Si
768 1411 888 1478 quis
918 1409 1092 1478 diligit
1118 1425 1200 1464 me
1221 1409 1366 1480 (55),
1398 1424 1702 1466 sermonem
1735 1426 1910 1466 meum
1942 1410 2198 1467 servabit.

632 1501 697 1555 Et
748 1501 908 1556 Pater
939 1516 1089 1556 meus
1116 1502 1297 1572 diliget
1328 1517 1448 1556 eum
1477 1541 1492 1566 ,
1556 1487 1709 1557 et'ad
1739 1517 1862 1558 eum
1896 1504 2199 1570 veniemus,

627 1601 681 1645 ct
709 1594 1038 1647 mansionem
1065 1594 1201 1661 apud
1235 1608 1355 1647 eum
1378 1592 1636 1648 faciemus
1657 1595 1753 1649 ⁸⁸.»
1781 1595 1836 1648 In
1863 1594 1968 1650 alio
1990 1611 2204 1666 quoque

629 1683 764 1746 luco,
813 1685 988 1738 omnis
1044 1692 1233 1737 natura
1268 1683 1611 1738 rationalium
1657 1694 2068 1754 creaturarum,
2104 1685 2202 1741 do-

628 1788 746 1827 mus
773 1773 970 1827 dicitur
1005 1771 1325 1827 Salvatoris.

697 1864 788 1919 ‘25.
819 1866 968 1920 Sicut
1006 1875 1182 1920 autem
1213 1881 1373 1932 super
1395 1865 1610 1920 domum
1639 1881 1790 1921 suam
1821 1864 2085 1921 Dominus
2111 1865 2201 1921 Je-

627 1971 744 2022 sns,
782 1958 935 2026 cujus
959 1957 1148 2012 domus
1178 1974 1362 2013 sumus
1399 1973 1496 2012 nos
1533 1958 1641 2029 (56)
1672 1977 1688 2013 :
1717 1959 1786 2014 ita
1823 1961 2012 2014 domus
2047 1960 2205 2015 Chri-

629 2051 696 2104 sti
728 2051 980 2119 templum
1025 2050 1115 2105 Dei
1159 2061 1260 2116 est,
1299 2052 1349 2104 in
1384 2067 1491 2118 quo
1521 2050 1750 2120 Spiritus
1776 2051 2014 2120 ejusdem
2048 2053 2203 2107 inha-

630 2143 766 2195 bitat
804 2141 918 2198 Dei.
955 2142 1208 2197 Scribens
1244 2143 1438 2212 quippe
1477 2141 1772 2198 Corinthiis
1809 2143 2005 2198 Paulus
2056 2146 2132 2197 ait
2187 2162 2200 2197 :

637 2249 656 2282 ί
699 2231 924 2286 Nescitis
947 2232 1071 2301 quia
1107 2233 1361 2301 templum
1412 2233 1504 2286 Dei
1543 2234 1697 2298 estis,
1737 2244 1792 2288 et
1833 2232 2065 2305 Spiritus
2112 2234 2203 2288 Dei

633 2321 841 2377 habitat
868 2323 918 2376 in
950 2320 1100 2376 vobis
1134 2322 1216 2375 "‘i
1249 2341 1268 2376 ι
1308 2321 1362 2377 Si
1395 2335 1572 2378 autem
1607 2325 1658 2378 in
1700 2324 1859 2379 domo
1904 2333 1958 2379 et
1985 2325 2202 2395 templo,

633 2432 738 2486 quo
776 2415 934 2470 Pater
959 2426 1012 2471 et
1048 2415 1300 2472 Salvator
1328 2417 1613 2485 inhabitat,
1651 2418 1791 2472 illico
1842 2419 2116 2473 invenitur
2153 2427 2207 2470 et

635 2508 867 2575 Spiritus
888 2516 1126 2570 sanctus,
1157 2523 1224 2562 ex
1264 2508 1365 2562 hoc
1394 2508 1617 2561 indivisa
1640 2507 1922 2562 Trinitatis
1957 2509 2207 2562 substan-

634 2599 710 2653 tia
740 2601 1159 2654 demonstratur.
1197 2599 1258 2652 Et
1285 2607 1403 2669 post
1430 2615 1532 2654 non
1555 2599 1719 2653 multa
1737 2599 1969 2666 ejusdem
1995 2599 2208 2668 Episto-

633 2689 700 2745 ιω
737 2710 751 2746 :
791 2709 812 2742 ‹
857 2689 1103 2755 Nescitis,
1146 2691 1372 2759 Iil’iQUll,
1410 2709 1429 2742 ι
1452 2690 1573 2760 quia
1591 2706 1816 2760 corpora
1843 2703 2016 2746 vestra
2075 2703 2209 2745 tem-

635 2783 777 2851 plum
795 2781 1028 2850 Spiritus
1059 2781 1229 2834 sancti
1262 2790 1406 2844 sunt,
1434 2795 1590 2848 quem
1621 2781 1829 2835 habetis
1867 2796 1897 2834 a
1927 2782 2034 2835 Deo
2066 2781 2152 2835 "‘2
2183 2800 2201 2832 ι

635 2873 769 2926 Cum
801 2887 928 2942 ergo
967 2870 1202 2941 Spiritus
1253 2882 1494 2934 sanctus,
1548 2872 1795 2926 similiter
1836 2882 1893 2926 ut
1949 2872 2113 2927 Pater
2154 2884 2208 2928 et

635 2963 822 3028 Filius,
857 2973 1087 3018 mentem
1124 2973 1178 3018 et
1227 2963 1534 3018 interiorem
1591 2965 1861 3019 hominem
1900 2964 2206 3020 inhabitare

2296 503 2587 574 Evangelia
2610 504 2772 558 verba
2797 503 3092 560 declarant.
3129 524 3148 556 ι
3189 504 3323 559 Cum
3352 505 3572 568 venerit,
3613 522 3630 555 ι
3657 506 3814 573 inquit,

2302 614 2321 647 ι
2345 595 2683 658 Consolator,
2710 611 2867 664 quem
2895 609 2994 664 ego
3026 596 3234 650 mittam
3252 595 3421 662 vobis,
3439 596 3683 664 Spiritum
3709 600 3818 651 veri-

2299 688 2445 750 tatis,
2476 687 2620 755 quia
2654 686 2812 740 Patre
2843 688 3135 754 egreditur,
3177 687 3294 755 ipse
3327 687 3674 740 testimonium
3703 689 3818 740 dabit

2299 776 2363 830 de
2395 791 2478 830 me
2513 777 2579 829 ²¹.
2617 795 2635 828 θ
2689 775 3089 829 Consolatorem
3130 785 3308 829 autem
3343 780 3641 829 venientem
3685 775 3817 843 Spiri-

2301 875 2409 920 tum
2440 875 2684 920 sanctnm
2726 866 2875 929 dicit,
2903 867 2970 921 ab
3017 866 3327 933 operatione
3355 865 3402 921 ei
3452 881 3638 920 n-‘nten
3687 867 3818 933 impo-

2299 973 2466 1012 nens:
2493 958 2615 1027 quia
2642 973 2745 1011 non
2777 955 2948 1012 solum
2977 956 3285 1010 consolatur
3314 972 3406 1011 eos
3426 972 3559 1027 quos
3587 971 3641 1012 se
3672 957 3817 1025 dignos

2299 1047 2577 1115 repererit,
2610 1058 2663 1102 et
2689 1049 2755 1101 ab
2788 1048 2932 1101 omni
2975 1047 3189 1102 tristitia
3225 1058 3274 1102 et
3303 1048 3695 1117 perturbatione
3726 1048 3816 1101 red-

2299 1137 2377 1192 dit
2405 1137 2609 1192 alienos
2644 1155 2658 1192 :
2693 1153 2876 1192 verum
2933 1137 3248 1193 incredibile
3296 1137 3560 1208 quoddam
3611 1137 3816 1207 gaudium

2299 1239 2354 1286 et
2392 1230 2716 1285 hilaritatem
2749 1231 2829 1286 eis
2857 1231 3062 1295 tribuit,
3088 1230 3139 1284 in
3173 1240 3400 1295 tantum,
3437 1240 3495 1283 ut
3535 1231 3690 1300 possit
3729 1231 3818 1296 quis

2302 1322 2410 1377 Deo
2440 1323 2642 1392 gratias
2684 1322 2946 1387 referens,
2977 1323 3119 1393 quod
3162 1322 3253 1375 tali
3302 1323 3509 1391 hospite
3541 1322 3718 1392 dignus
3749 1321 3816 1373 ha-

2301 1413 2510 1480 beatur,
2543 1412 2756 1468 dicere:
2790 1433 2808 1466 ι
2841 1415 3037 1468 Dedisti
3066 1415 3304 1469 laetitiam
3341 1413 3392 1467 in
3419 1413 3580 1468 corde
3609 1428 3713 1466 meo
3731 1414 3814 1466 ".i

2301 1503 2636 1571 Sempiterna
2665 1505 2859 1575 quippe
2892 1505 3075 1560 laetitia
3103 1506 3154 1560 in
3193 1521 3377 1560 eorum
3408 1506 3569 1560 corde
3601 1516 3818 1569 versatur,

2300 1609 2528 1663 quorum
2562 1595 2795 1665 Spiritus
2836 1607 3054 1652 sanctus
3084 1598 3350 1652 habitator
3375 1607 3480 1653 est.
3511 1596 3612 1653 Iste
3636 1597 3821 1666 Spiritus

2305 1695 2523 1741 sanctus
2559 1687 2866 1742 consolator
2899 1703 2928 1741 a
2969 1687 3106 1744 Filio
3137 1689 3385 1757 mittitur,
3433 1703 3536 1743 non
3580 1691 3820 1744 secundum

2233 1757 2275 1811 Β
2304 1777 2635 1848 angelorum,
2675 1788 2766 1832 aut
2802 1780 3202 1848 prophetarum,
3240 1789 3333 1834 aut
3366 1780 3711 1849 apostolorum
3750 1779 3821 1831 mi-

2308 1867 2613 1931 nisterium,
2662 1869 2754 1922 sed
2801 1879 2858 1922 ut
2889 1870 3025 1923 mitti
3063 1872 3214 1925 decet
3264 1884 3296 1923 a
3341 1870 3600 1938 sapientia
3643 1878 3691 1922 et
3719 1868 3822 1919 veri-

2307 1965 2415 2012 tate
2447 1957 2706 2024 Spiritum
2742 1958 2858 2021 Dei,
2892 1959 3174 2012 indivisam
3217 1960 3504 2014 habentem
3536 1973 3650 2013 cum
3678 1957 3819 2010 eadem

2305 2049 2568 2117 sapientia
2595 2059 2650 2103 et
2681 2050 2910 2105 veritate
2950 2059 3214 2104 naturam.
3242 2049 3455 2105 Etenim
3491 2049 3648 2104 Filius
3672 2049 3820 2102 missus

2305 2155 2333 2192 a
2365 2139 2523 2194 Patre
2559 2155 2664 2194 non
2703 2151 3004 2210 separatur,
3034 2156 3133 2196 nec
3173 2141 3506 2212 disjungitur
3543 2141 3608 2195 ab
3637 2156 3712 2202 eo,
3746 2154 3821 2192 ma-

2306 2245 2440 2285 nens
2469 2240 2522 2284 et
2552 2231 2753 2285 habens
2779 2231 2924 2285 illum
2957 2233 3008 2286 in
3028 2233 3338 2301 semetipso.
3362 2231 3503 2298 Quin
3535 2231 3741 2298 Spiritus
3759 2243 3822 2282 te-

2308 2323 2482 2378 ritatis
2501 2325 2810 2392 supradicto
2843 2324 3002 2380 modo
3038 2325 3232 2378 missus
3259 2341 3286 2377 a
3308 2323 3448 2379 Filio
3471 2325 3536 2379 de
3551 2323 3822 2392 Patreegre-

2307 2417 2470 2483 ditur,
2497 2432 2602 2470 non
2636 2417 2850 2471 aliunde
2881 2418 2945 2471 ad
2969 2416 3070 2470 alia
3104 2418 3524 2487 transmigrans.
3547 2413 3822 2484 lmpossibile

2307 2510 2500 2578 quippe
2530 2509 2632 2564 hoc
2667 2509 2869 2578 pariter
2894 2517 2948 2563 et
2989 2509 3363 2590 blasphemum
3407 2518 3511 2564 est.
3549 2508 3604 2562 Si
3631 2509 3749 2560 enim
3776 2504 3822 2557 de

2308 2599 2424 2654 loco
2464 2599 2529 2653 ad
2561 2599 2736 2652 locum
2764 2599 3036 2669 egreditur
3066 2598 3319 2667 Spiritus,
3363 2608 3419 2653 et
3465 2600 3577 2668 ipse
3618 2599 3750 2652 Pater
3785 2596 3820 2648 in

2311 2692 2429 2745 loco
2463 2689 2785 2753 invenietur,
2823 2700 2878 2743 et
2901 2689 3136 2760 Spiritus
3170 2691 3417 2745 veritatis
3443 2691 3591 2760 juxta
3628 2700 3821 2744 naturam

2309 2798 2594 2852 corporum
2624 2793 2772 2838 certo
2795 2782 2970 2851 spatio
3012 2782 3476 2851 circumscriptus,
3523 2782 3672 2836 alium
3712 2781 3824 2835 dese

2311 2890 2434 2929 rens
2453 2875 2651 2940 locum,
2671 2876 2736 2928 ad
2757 2874 2920 2927 alium
2942 2873 3314 2942 commigrabit
3331 2871 3579 2945 (58).Sed
3601 2888 3691 2942 quo
3707 2869 3823 2924 modo

2309 2964 2470 3020 Pater
2511 2983 2613 3021 non
2645 2966 2946 3021 consistens
2978 2965 3028 3018 in
3065 2965 3204 3030 loco,
3247 2963 3389 3018 ultra
3432 2980 3637 3018 omnem
3680 2975 3824 3029 corpo-

637 3055 914 3118 doceatur,
944 3072 1046 3110 non
1078 3055 1254 3110 dicam
1283 3055 1545 3123 ineptum,
1577 3056 1669 3109 sed
1705 3055 1925 3124 impium
1961 3065 2044 3110 est
2085 3068 2205 3108 eum
2235 3089 2278 3147 ο
2315 3074 2430 3112 rum
2466 3067 2550 3112 est
2575 3065 2847 3118 naturam,
2901 3056 2971 3110 ita
3017 3064 3071 3109 et
3119 3052 3354 3123 Spiritus
3401 3054 3633 3108 veritatis
3672 3065 3826 3118 nequa-

638 3145 818 3199 diccre
847 3156 1172 3200 creaturam.
1216 3145 1536 3213 Disciplinas
1565 3145 1781 3215 quippe,
1824 3145 2052 3201 virtutes
2087 3145 2209 3202 dico

643 3245 699 3290 et
727 3246 892 3300 artes,
929 3245 984 3290 et
1033 3235 1118 3291 his
1152 3237 1448 3290 contrarias
1477 3237 1927 3306 perturbationes,
1956 3246 2009 3291 et
2038 3238 2209 3305 impe-

644 3327 815 3392 ritias,
847 3327 1212 3382 etaffectnsin
1239 3327 1521 3382 animabus
1546 3327 1787 3381 habitare
1815 3327 2067 3398 possibile
2096 3339 2178 3384 est
2191 3345 2208 3395 ;

642 3435 746 3473 non
778 3430 954 3473 tamen
981 3429 1036 3472 ut
1065 3419 1452 3484 substantivas,
1481 3418 1573 3473 sed
1607 3429 1664 3472 ut
1698 3419 2019 3474 accidentes.
2048 3419 2212 3475 Crea-

643 3521 748 3565 tam
777 3526 902 3565 vero
932 3521 1177 3564 naturam
1207 3511 1260 3564 in
1293 3525 1451 3565 sensu
1481 3510 1727 3566 habitare
1757 3511 2083 3580 impossibile
2105 3521 2208 3566 est.

641 3603 794 3668 Quod
819 3603 863 3657 si
899 3618 1080 3657 verum
1110 3613 1213 3670 est,
1241 3613 1294 3656 et
1339 3602 1575 3671 Spiritus
1617 3611 1839 3656 sanctus
1877 3603 2078 3672 absque
2106 3603 2210 3658 ulla

642 3696 990 3765 ambiguitate
1013 3695 1330 3762 subsistens,
1355 3696 1545 3749 anima:
1575 3703 1656 3748 est
1697 3694 1966 3748 habitator
1994 3704 2049 3748 et
2091 3710 2216 3750 cor-

644 3790 726 3843 dis
755 3806 769 3843 :
803 3788 927 3842 nulli
959 3789 1176 3842 dubium
1207 3798 1312 3853 est,
1345 3789 1471 3858 quin
1501 3803 1621 3842 cum
1647 3785 1809 3842 Patre
1836 3797 1888 3841 et
1908 3785 2041 3840 Filio
2066 3789 2212 3841 credi

644 3882 836 3936 debeat
866 3881 1156 3936 increatus.
1186 3879 1264 3934 Ex
1299 3880 1547 3933 omnibus
1578 3879 1740 3949 igitur
1767 3894 1884 3946 qua:
1913 3881 2216 3946 przucedens

645 3988 823 4028 sermo
870 3973 1112 4037 disserit,
1163 3971 1586 4042 incorruptibilis
1631 3981 1686 4024 et
1740 3970 2098 4039 sempiternus
2139 3986 2218 4025 se-

645 4065 876 4120 cundum
909 4075 1155 4119 naturam
1190 4064 1387 4130 Patris,
1431 4074 1483 4119 et
1519 4062 1662 4129 Filii,
1718 4064 1948 4132 Spiritus
2000 4073 2218 4119 sanctus

646 4161 1066 4222 demonstratus,
1116 4157 1419 4212 universam
1467 4159 1533 4210 de
1570 4172 1628 4212 se
1649 4155 2050 4224 ambiguitatem
2095 4155 2216 4211 abs-

649 4254 768 4306 tulit
790 4263 844 4308 et
871 4251 1251 4321 suspicionem,
1281 4267 1349 4306 ne
1374 4265 1515 4303 unus
1553 4250 1619 4302 de
1649 4251 1848 4303 creatis
1905 4247 2219 4302 substantiis

645 4344 1005 4399 existimetur.
1041 4341 1144 4395 Sed
1173 4350 1227 4395 et
1249 4340 1448 4412 ambigi
1482 4340 1689 4409 nequit,
1719 4339 1847 4410 quin
1883 4339 1994 4411 (57)
2030 4341 2074 4394 is
2098 4339 2218 4412 Spi-

720 4461 764 4493 “
787 4460 980 4530 Ephes.
1011 4475 1099 4530 nt,
1125 4457 1219 4530 l6,
1240 4458 1329 4530 i7.
1411 4458 1453 4490 “‘
1480 4457 1687 4530 Calan,
1709 4456 1799 4530 2t).

647 4533 695 4564 ¹⁶
733 4533 748 4586 Ι
779 4528 902 4585 Cor.
937 4546 1008 4594 vr,
1046 4528 1131 4584 i9.

1881 4455 1925 4488 ¹⁶
1959 4456 2000 4511 ll
2029 4457 2147 4513 Cor.
2185 4472 2279 4511 xm
2302 4499 2316 4521 ,
2352 4458 2406 4512 5.

1209 4529 1251 4559 ²¹
1289 4527 1442 4583 Joan.
1476 4543 1564 4592 xv,
1597 4528 1688 4584 ‘26.
1764 4527 1810 4559 “
1849 4525 1994 4580 Psal.
2031 4542 2102 4594 tv,
2135 4528 2185 4584 7.
2261 4528 2305 4558 "
2342 4526 2496 4582 Joan.
2529 4539 2645 4588 vtu,
2670 4523 2758 4580 4'2.

2311 3165 2470 3220 quam
2499 3150 2739 3204 locorum
2778 3148 2885 3202 fine
2913 3147 3201 3212 clauditur,
3224 3161 3346 3201 cum
3380 3147 3452 3201 sit
3490 3142 3823 3214 incorporalis:

2313 3251 2454 3296 etut
2504 3243 2681 3296 verius
2716 3242 2916 3308 dicam,
2963 3237 3231 3295 excellens
3289 3238 3594 3294 universam
3649 3234 3824 3291 rationa.

2310 3333 2415 3387 lem
2448 3342 2749 3387 creaturam
2777 3331 2911 3401 (59).

2379 3424 2468 3478 26.
2505 3423 2641 3489 Quia
2695 3438 2822 3494 ergo
2865 3419 3199 3490 impossibile
3226 3429 3329 3484 est,
3375 3429 3433 3475 et
3483 3420 3705 3489 impium,
3753 3413 3822 3468 ista

2313 3531 2430 3584 quae
2457 3515 2687 3568 diximus
2707 3512 2774 3567 de
2800 3511 3226 3580 incorporalibus
3249 3509 3360 3583 (60)
3382 3506 3766 3566 crederemxire
3777 3502 3822 3555 de

2315 3606 2472 3660 Patre
2535 3605 2794 3676 Spiritum
2845 3615 3091 3659 sanctum
3137 3604 3214 3656 sic
3246 3602 3661 3672 intelligendum,
3700 3607 3746 3652 ut
3783 3608 3822 3648 se

2316 3698 2561 3753 Salvator
2584 3699 2648 3753 de
2671 3697 2777 3751 Deo
2795 3697 2971 3751 exisse
2996 3705 3241 3760 testatur,
3269 3695 3480 3761 dicens,
3511 3713 3529 3746 ι
3555 3693 3654 3762 Ego
3679 3689 3731 3744 de
3747 3687 3822 3740 Deo

2315 3791 2454 3846 exivi
2485 3800 2539 3844 et
2564 3787 2681 3843 veni
2712 3787 2777 3841 ⁸³.
2811 3805 2830 3840 ι
2860 3786 2924 3840 Ει
2952 3787 3090 3840 sicut
3114 3787 3227 3840 loca
3260 3785 3742 3840 etcommutationes
3767 3778 3821 3828 lo-

2315 3895 2498 3935 corum
2531 3879 2597 3933 ab
2623 3875 3054 3946 incorporalibus
3077 3891 3416 3944 separamus,
3453 3876 3530 3931 sic
3549 3884 3600 3930 et
3630 3868 3840 3944 prolatae.

2319 3989 2414 4028 nes
2456 3973 2599 4026 intus
2639 3970 2758 4024 dico
2805 3979 2860 4022 et
2902 3969 3032 4023 foris
3089 3971 3157 4022 ab
3210 3968 3642 4023 intellectualinm
3681 3973 3819 4018 natura

2319 4063 2697 4126 discernimus,
2751 4061 2876 4131 quia
2941 4061 3058 4114 isne
3104 4075 3396 4130 corporum
3456 4069 3577 4116 sunt
3619 4055 3820 4123 recipien-

2321 4157 2450 4211 tium
2507 4153 2733 4219 factum,
2789 4163 2844 4207 et
2899 4152 3214 4207 habentium
3269 4155 3568 4207 vastitates.
3627 4140 3822 4202 lncflabili

2321 4246 2499 4316 itaque
2515 4257 2570 4302 et
2609 4245 2724 4302 sola
2749 4244 2853 4300 fide
2877 4243 2988 4315 (61)
3013 4254 3139 4299 noto
3158 4258 3410 4299 sermone
3437 4241 3730 4298 credendum
3747 4242 3820 4295 es"

2322 4340 2653 4394 Salvatorem
2688 4338 2888 4393 dictum
2922 4351 3045 4393 esse
3075 4338 3254 4391 exisse
3293 4351 3324 4389 a
3369 4335 3499 4400 Deo,
3537 4343 3584 4389 et
3623 4329 3819 4402 Spiritum

2485 4457 2527 4488 ¹⁷
2555 4451 2960 4519 Joan.x-tv,23.
3039 4451 3081 4484 ’°
3104 4451 3236 4508 ibid.
3315 4451 3358 4484 ι’
3417 4451 3437 4506 l
3490 4450 3609 4506 Cor.
3651 4459 3719 4510 tu,
3757 4435 3818 4492 ίῧο

718 4626 829 4696 (54)
872 4625 1047 4679 Voces
1077 4642 1095 4674 ‹
1131 4631 1183 4677 et
1209 4622 1512 4693 unigenitus
1549 4619 1742 4676 Filius»
1781 4621 1834 4675 in
1864 4621 2079 4691 Regina:
2107 4637 2210 4677 ms.
2244 4628 2287 4682 D
2321 4637 2443 4676 rcus
2497 4621 2720 4696 locu_m,_
2747 4617 2814 4672 ad
2861 4617 3023 4672 alium
3070 4616 3468 4696 commigravit.
3506 4633 3528 4665 ι
3574 4611 3669 4693 hiet:
3693 4601 3817 4696 fuit}:

648 4697 915 4750 delentur.

723 4765 832 4836 (55)
871 4764 1086 4818 Addunt
1119 4761 1297 4817 Vatic.
1327 4771 1382 4816 et
1417 4771 1570 4818 vetus
1603 4761 1758 4830 edit.,
1809 4778 1829 4812 ι
1854 4770 1911 4816 et
1945 4776 2043 4830 ego
2095 4761 2218 4816 dili-

649 4853 766 4906 gant
797 4837 1012 4906 illum._t

720 4906 830 4975 (56]
866 4907 916 4956 In
953 4903 1168 4970 Regina:
1200 4918 1325 4965 ms.,
1348 4920 1381 4975 _«
1409 4902 1600 4957 domus
1646 4901 1842 4955 dicitur
1890 4900 2216 4975 Salvatoris;

649 4971 896 5028 Christus
924 4985 1103 5027 autem
1143 4987 1304 5042 super
1329 4972 1548 5026 domum
1595 4987 1772 5035 suam,
1817 4971 1973 5040 cujus
2023 4971 2218 5026 domus

649 5059 834 5098 SIIIIHIS
866 5057 985 5102 nos,
1023 5062 1042 5095 ι
1071 5055 1181 5097 etc.
2137 5105 2140 5108 ,

721 5114 833 5182 (57)
863 5112 1181 5169 δυσεοὶιιιιιε
1206 5128 1271 5166 ex
1305 5111 1526 5181 Regina:
1555 5126 1657 5166 ms.
1715 5111 1903 5182 verba,
1929 5129 1974 5182 ί(
2004 5109 2110 5164 Sed
2161 5118 2217 5182 et

651 5180 847 5252 ambigi
891 5183 1092 5251 nequit,
1152 5183 1307 5252 quin,
1344 5201 1362 5234 ι
1393 5180 1601 5252 ίιιιβοιθ
1649 5180 1975 5252 perficiendo
2012 5181 2212 5252 sensui

653 5251 976 5314 necessaria,
1009 5251 1218 5306 tametsi
1255 5255 1304 5305 in
1343 5251 1560 5320 reliquis
1595 5266 1724 5306 mss.
1757 5251 2055 5320 etvulgatis
2079 5251 2205 5305 huc-

653 5340 820 5390 usque
855 5324 1002 5376 libris
1063 5325 1452 5378 desiderentur.

723 5388 833 5465 (58)
877 5391 1150 5465 Veriorem
1184 5393 1696 5465 concinnioremque
1729 5388 1952 5458 hujusce
2005 5388 2212 5465 periodi

654 5460 936 5517 lectionem
972 5461 1112 5515 hanc
1139 5476 1260 5515 esse
1299 5462 1623 5529 putavimus,
1651 5477 1808 5531 quam
1841 5475 1905 5513 ex
1943 5460 2108 5531 veteri
2135 5469 2215 5512 to-

656 5536 757 5588 ties
805 5532 1012 5584 laudata
1050 5532 1310 5591 editione.
1352 5540 1406 5585 et
1459 5531 1628 5585 Vatic.
1671 5530 1772 5584 ms.
1825 5530 2212 5596 expressimus.

656 5601 825 5658 Penes
863 5599 1252 5662 Martianmum,
1281 5603 1520 5668 aliosque
1547 5602 1744 5668 passim
1795 5600 2028 5654 editores
2057 5609 2170 5652 erat
2199 5615 2215 5651 :

661 5693 678 5724 ε
716 5673 770 5724 Si
797 5676 938 5725 enim
971 5671 1058 5724 hic
1091 5671 1328 5740 Spiritus
1367 5670 1783 5735 veritatisjuxta
1824 5679 2044 5740 naturas
2085 5683 2219 5740 Acor-

653 5758 849 5816 porum
881 5753 1030 5797 certo
1061 5737 1238 5812 spatio
1270 5743 1708 5809 circumscriptus
1732 5749 1838 5807 est,
1877 5739 2039 5794 alium
2065 5737 2219 5793 dese-

2323 4701 2468 4746 recte
2502 4691 2553 4743 in
2589 4678 2810 4742 Tholos.
2840 4705 2938 4741 ms.
2968 4707 2982 4742 :
3021 4706 3041 4734 ε
3080 4686 3135 4741 Si
3169 4678 3311 4741 enim
3343 4687 3410 4740 de
3442 4687 3553 4740 loco
3602 4682 3647 4735 in
3692 4678 3814 4730 locum

2327 4763 2619 4823 invenitur,
2652 4771 2704 4812 et
2735 4757 2972 4827 Spiritus
3004 4757 3249 4810 veritatis
3270 4754 3423 4822 juxta
3469 4763 3702 4827 naturam_
3733 4755 3816 4827 09f:

2328 4809 2966 4899 ibiéiiiif’éeiio'spaiib
3023 4809 3484 4899 circumscriptus,
3525 4843 3545 4876 ι
3571 4830 3664 4899 etc.
3690 4816 3732 4869 lu
3756 4809 3816 4899 illo

2323 4891 2502 4954 autem
2542 4900 2753 4966 Regina:
2775 4891 2940 4966 priori
2985 4898 3267 4951 obliterata
3305 4891 3532 4966 lectione
3577 4891 3730 4966 istm-rc
3753 4895 3816 4966 Ill:

2324 4971 2540 5040 ponitur
2563 4956 2997 5040 ad'iibri'oram:
3027 4984 3058 5040 Δι
3090 4967 3146 5020 Si
3180 4966 3322 5040 enim
3354 4967 3419 5019 de
3451 4965 3561 5016 loco
3599 4961 3644 5012 in
3689 4956 3813 5040 lotru‘m

2322 5033 2470 5093 venit
2496 5039 2730 5108 Spiritus
2756 5035 3175 5108 veritatisjuxta
3224 5035 3391 5105 legem
3436 5043 3632 5108 naturae
3669 5033 3811 5108 corripi:

2323 5126 2442 5162 reus
2469 5097 2618 5163 cei-to
2639 5108 2812 5176 spatio
2841 5097 3306 5175 circumscriptus:
3329 5124 3351 5176 ι
3375 5113 3476 5157 etc.
3503 5097 3814 5176 Quatnnlteflflf

2325 5159 3247 5248 reposuimusrlectionem,7,codices
3275 5159 3386 5229 suis
3410 5159 3612 5242 quoque
3635 5159 3813 5218 dissidiis

2359 5251 2568 5302 rohant.

2318 5266 2719 5387 ρΐῖἓδςηθειὶο.
2779 5325 2836 5371 ct
2890 5314 3136 5382 Tholos.,
3200 5333 3219 5366 ι
3255 5313 3518 5369 excellens
3568 5306 3809 5361 universam

2317 5390 2718 5445 ratinnabilium
2746 5396 3111 5442 creaturarum
3145 5387 3454 5439 essentiam.
3485 5399 3504 5430 ι
3767 5431 3788 5445 ν

2389 5431 3007 5530 21363"Viiras";;.;:,”;
3027 5431 3453 5524 assumas;
3482 5448 3558 5522 in_
3581 5431 3811 5510 corporali-

2325 5546 2441 5591 ΔΗΒ,
2479 5548 2499 5581 ι
2537 5541 2646 5584 θῑοο
3158 5595 3168 5596 7
3200 5594 3210 5596 Α
3253 5595 3261 5596 7
3701 5574 3812 5596 nam

2397 5574 2508 5671 ῐίῖίῖ)
2539 5574 2901 5671 ἰῐέἐίηωιίιρο.
2939 5594 3298 5671 «severae:
3329 5612 3348 5647 ι
3381 5599 3530 5671 ειεηο
3551 5574 3811 5671 ηεξ-εέἷὶἷὲ

2326 5654 2534 5738 egied'i,
2567 5654 2802 5738 utuillud,
2830 5654 3082 5738 loquente
3114 5654 3343 5735 Spiritu,
3377 5662 3466 5720 aui
3495 5675 3522 5712 a
3549 5654 3684 5709 Ρκιτε
3707 5654 3797 5708 95"“

2327 5741 2490 5795 ditur.
2522 5757 2542 5790 ι
