4042 6404
207 385 343 440 105Ἲ

1366 381 1572 438 LIBER
1609 382 1697 437 DE
1735 382 2007 440 SPlRlTU
2050 382 2339 439 SANCTO.

3330 391 3467 445 1038

202 506 451 560 veritatis
478 519 508 560 a
547 504 707 561 Patre
738 507 943 577 egredi,
984 506 1237 576 loquente
1286 506 1489 577 Spiritu
1520 507 1608 576 qui
1641 522 1670 561 a
1702 522 1789 560 me
1817 512 1863 568 Α
1894 508 2187 561 secundum
2235 506 2362 561 illttd
2394 520 2409 559 :
2439 524 2458 558 t
2486 505 2620 561 Cum
2650 515 2831 561 autem
2860 507 3067 561 venerit
3108 509 3195 564 ille
3228 508 3469 569 Parat-le-

202 598 481 664 egreditur
517 599 583 653 ³⁸.
642 598 775 653 Cum
829 601 973 653 enim
1005 600 1184 653 dicere
1214 608 1393 668 posset
1423 599 1486 653 de
1512 598 1642 664 Deo,
1668 597 1784 652 sive

211 689 275 741 de
307 688 555 753 Domino,
591 690 704 744 sive
730 692 794 744 de
821 689 1219 759 Omnipotente,
1266 689 1395 743 nihil
1432 689 1625 743 horum
1660 690 1783 744 teti-

202 791 277 848 gtt
307 798 322 833 :
352 780 447 833 sed
479 782 571 845 ait,
600 782 666 835 de
700 782 879 845 Patre,
916 798 1019 835 non
1065 782 1205 851 quod
1237 780 1395 835 Pater
1416 797 1443 833 a
1477 780 1587 837 Deo
1607 781 1784 835 omni-

204 883 429 939 potente
458 874 529 926 sit
554 873 692 927 altus
724 890 738 927 :
768 874 893 942 quia
912 874 1014 928 hoc
1034 873 1209 928 scelus
1245 882 1329 927 est
1374 874 1535 928 etiam
1577 875 1784 942 cogita-

204 978 291 1022 re;
327 964 420 1017 sed
440 965 735 1018 secundum
754 966 1131 1035 proprietatem
1160 976 1215 1019 et
1236 965 1559 1020 intellectum
1578 964 1781 1020 Paren-

206 1056 275 1106 tis
299 1054 413 1120 (62)
452 1057 630 1121 egredi
672 1058 738 1110 ab
772 1072 836 1110 eo
866 1056 1062 1110 dicitur
1085 1057 1315 1127 Spiritus
1338 1057 1599 1114 veritatis.
1633 1057 1783 1114 Licet

205 1149 351 1201 enim
380 1164 443 1202 ex
464 1148 572 1202 Deo
594 1150 903 1217 frequenter
918 1165 976 1205 se
999 1151 1139 1205 dicat
1160 1152 1338 1205 exisse
1367 1151 1636 1215 Salvator,
1665 1166 1783 1219 pro-

201 1241 488 1308 prietatem
528 1248 726 1304 tamen,
771 1249 826 1293 et
857 1249 915 1294 ut
964 1241 1033 1293 ita
1082 1241 1278 1307 dicam,
1337 1240 1777 1307 familiaritatem,

199 1332 269 1384 de
290 1346 393 1401 qua
419 1331 529 1397 jam
559 1345 700 1399 saepe
725 1333 1087 1399 tractavimus,
1111 1348 1174 1388 ex
1200 1332 1462 1387 vocabulo
1483 1334 1650 1404 magis
1677 1335 1776 1389 sibi

199 1422 379 1476 Patris
405 1424 653 1487 assumit,
680 1424 863 1477 dicens
896 1441 911 1478 :
948 1440 967 1474 ι
1006 1424 1115 1493 Ego
1153 1424 1204 1478 in
1232 1423 1416 1487 Patre,
1446 1436 1501 1480 et
1526 1424 1685 1479 Pater
1724 1426 1775 1479 in

195 1529 287 1567 me
321 1515 368 1545 ”
404 1531 420 1580 ;
461 1534 480 1566 ι
506 1524 559 1568 et
590 1515 717 1568 alibi
749 1532 764 1570 :
810 1535 830 1566 ‹
861 1515 970 1585 Ego
991 1529 1044 1571 et
1062 1516 1220 1571 Pater
1241 1532 1404 1571 unum
1431 1533 1616 1573 sumus
1634 1520 1718 1574 ’σι
1751 1539 1770 1573 ι

193 1618 253 1660 et
282 1606 450 1659 multa
480 1605 580 1659 alia
607 1607 690 1661 his
718 1608 939 1675 similia,
959 1609 1147 1677 quzein
1179 1609 1464 1679 Evangelio
1482 1611 1775 1666 observans

195 1697 370 1752 lector
404 1697 659 1753 inveniet.
703 1697 808 1751 Iste
846 1712 972 1765 ergo
1021 1697 1256 1766 Spiritus
1300 1708 1519 1754 sanctus
1571 1700 1663 1770 qui
1707 1700 1773 1755 de

193 1786 363 1842 Patre
411 1787 718 1856 egreditur,
774 1787 1181 1854 testificabitur,
1245 1789 1416 1859 inquit
1492 1790 1768 1857 Dominus,

192 1879 264 1932 de
333 1893 418 1931 me
471 1879 537 1942 ",
606 1879 970 1933 testimonium
1037 1880 1213 1935 simile
1257 1880 1434 1937 ferens
1492 1882 1541 1937 ei
1594 1881 1769 1938 Patris

191 1969 527 2033 testimonio,
567 1971 630 2024 de
655 1986 761 2039 quo
793 1972 905 2024 ait:
947 1988 967 2022 ι
1002 1968 1389 2026 Testimonium
1419 1973 1548 2027 dicit
1571 1977 1635 2028 de
1660 1990 1766 2039 me,

188 2062 287 2131 qui
328 2060 473 2116 m‘isit
503 2077 586 2116 me
618 2062 775 2117 Pater
813 2062 878 2119 ³⁸.
921 2081 939 2115 ι
975 2062 1215 2118 Mittente
1262 2075 1439 2119 autem
1475 2065 1611 2121 Filio
1647 2065 1770 2137 Spi-

187 2152 363 2205 ritum
388 2154 653 2217 veritatis,
682 2168 839 2221 quem
887 2152 1290 2208 Consolatoretn
1330 2156 1557 2219 vocavit,
1610 2153 1770 2209 simul

186 2244 363 2299 mittit
403 2254 459 2298 et
501 2243 678 2298 Pater.
717 2245 900 2313 Neque
941 2246 1084 2299 enim
1141 2244 1299 2300 Pater
1348 2246 1592 2301 mittente
1634 2246 1770 2303 Filio

187 2354 301 2391 non
334 2338 515 2402 mittit,
544 2352 662 2391 cum
700 2337 887 2391 eadem
915 2335 1192 2390 voluntate
1220 2335 1397 2392 Patris
1421 2348 1475 2392 et
1502 2337 1622 2392 Filii
1648 2338 1769 2408 Spi-

186 2431 334 2484 ritus
370 2431 567 2495 veniat,
603 2430 884 2484 Salvatore
924 2442 1137 2497 quoque
1197 2443 1291 2497 per
1339 2430 1652 2500 prapltetam
1694 2431 1770 2485 lo-

183 2532 394 2593 quente
429 2543 441 2576 :
472 2523 610 2576 sicut
637 2522 975 2575 manifestum
1000 2536 1119 2575 esse
1150 2522 1345 2590 poterit
1372 2522 1445 2585 ei,
1476 2523 1564 2591 qui
1600 2531 1767 2578 totum

184 2614 484 2684 perlegerit
524 2612 696 2666 locum
733 2613 864 2681 (65).
902 2630 921 2663 t
974 2610 1041 2665 Et
1089 2611 1342 2667 Dominus
1384 2612 1527 2666 misit
1575 2628 1679 2678 me,
1716 2622 1771 2668 et

186 2708 459 2775 Spiritum
500 2722 702 2760 suum:
743 2725 761 2758 ι
826 2705 1093 2776 siquidem
1145 2720 1253 2760 non
1316 2705 1488 2759 solum
1546 2706 1767 2773 Filium,

185 2799 286 2854 sed
308 2808 364 2854 et
395 2799 655 2868 Spiritum
683 2799 843 2851 mittit
880 2798 1040 2852 Deus.
1092 2795 1201 2852 Sed
1223 2808 1277 2851 et
1300 2797 1569 2865 apostolus
1600 2799 1771 2870 loqui-

184 2901 280 2946 tur
314 2909 331 2945 :
374 2910 393 2943 t
432 2890 561 2956 Quae
588 2904 727 2943 nunc
756 2888 1069 2942 annuntiata
1102 2899 1228 2944 sunt
1260 2890 1411 2943 vobis
1432 2904 1528 2959 per
1552 2905 1645 2945 eos
1677 2890 1767 2960 qui

185 2982 698 3051 evangelizaverunt
720 2982 889 3046 vobis,
922 2980 1126 3049 Spiritu
1156 2991 1346 3036 sancto
1377 2984 1541 3037 misso
1569 2982 1634 3036 de
1657 2995 1769 3035 ete-

185 3073 253 3127 lis
284 3073 356 3125 ".
398 3092 416 3123 ι
463 3070 526 3124 Et
547 3072 597 3124 itt
634 3071 769 3123 libro
792 3071 883 3139 qui
918 3069 1188 3138 Sapientia
1222 3071 1556 3138 inscribitur,
1595 3072 1769 3126 abhis

185 3159 277 3228 qui
308 3159 495 3211 divina
535 3158 860 3210 charismata
912 3157 1183 3210 consecuti
1230 3167 1373 3223 sunt,
1412 3172 1511 3210 vox
1564 3159 1766 3227 gratias

189 3252 300 3305 Deo
344 3250 624 3319 perferens
676 3250 995 3302 destinatur.
1030 3266 1049 3300 ι
1104 3247 1234 3314 Quae
1282 3259 1461 3302 autem
1507 3249 1561 3302 in
1609 3250 1765 3304 caelis

191 3352 336 3405 sunt,
388 3342 512 3411 quis
561 3338 934 3408 investigavit?
991 3340 1318 3395 voluntatem
1375 3355 1551 3394 autem
1620 3350 1763 3395 tuam

197 3434 317 3500 quis
343 3432 595 3500 cognovit
638 3449 652 3485 :
693 3433 793 3486 nisi
831 3433 973 3503 quod
1007 3442 1064 3486 tu
1105 3430 1294 3486 dedisti
1336 3432 1675 3501 sapientiam,
1713 3441 1767 3485 et

206 3524 453 3590 Spiritum
483 3532 725 3577 sanctum
752 3532 897 3576 tuum
925 3522 1119 3576 misisti
1157 3524 1222 3575 de
1269 3521 1531 3575 excelsis?
1584 3521 1647 3574 Et
1688 3522 1767 3575 sic

206 3624 450 3669 correcta:
474 3626 600 3668 sunt
621 3614 824 3668 semita:
847 3628 1054 3678 eorum,
1072 3614 1161 3682 qui
1186 3628 1344 3681 super
1360 3624 1556 3667 terram
1576 3623 1763 3667 erant:

200 3715 250 3759 et
280 3706 472 3775 placita
498 3707 591 3760 tibi
616 3707 789 3761 edocti
832 3715 957 3761 sunt
992 3706 1242 3761 homines
1286 3705 1351 3758 ³ο.
1383 3723 1402 3755 ι
1430 3704 1492 3757 Ει
1546 3706 1598 3757 itt
1630 3718 1767 3772 prae-

192 3798 331 3851 senti
364 3799 629 3866 siquidem
666 3798 915 3861 lectione,
946 3813 1052 3852 non
1094 3798 1205 3851 sola
1253 3796 1516 3865 sapientia
1550 3795 1665 3862 Dei,
1712 3795 1765 3849 id

188 3901 291 3957 est,
310 3890 623 3959 unigenitus
647 3889 813 3943 Filius
832 3888 951 3959 ejus
982 3889 1141 3944 datur
1169 3902 1199 3942 a
1228 3887 1407 3955 Patre,
1441 3888 1536 3944 sed
1564 3897 1619 3941 et
1641 3887 1765 3958 Spi-

184 3984 327 4037 ritus
360 3992 579 4037 sanctus
608 3984 854 4037 mittitur.

273 4074 351 4129 t7.
380 4073 437 4127 lu
481 4074 597 4142 ipso
628 4090 840 4144 quoque
880 4072 1175 4144 Evangelio
1208 4072 1324 4127 dari
1377 4072 1701 4142 praedicatur
1734 4087 1764 4127 a

184 4169 373 4232 Patre,
402 4178 458 4221 et
488 4168 623 4221 mitti
657 4167 890 4233 Spiritus
916 4176 1160 4229 sanctus,
1192 4165 1474 4219 Salvatore
1504 4164 1715 4218 dicente
1748 4181 1761 4217 :

186 4278 207 4311 ι
244 4260 314 4313 Ει
339 4273 440 4329 ego
470 4262 670 4327 rogabo
694 4257 905 4312 Patrem
940 4272 1139 4322 meum,
1173 4255 1403 4309 etalium
1429 4253 1764 4308 Paracletum

180 4351 339 4404 dabit
366 4349 539 4412 vobis,
570 4357 628 4401 ut
671 4349 741 4403 sit
782 4347 1061 4400 vobiscum
1097 4346 1148 4398 in
1174 4354 1456 4410 teternum,
1506 4342 1764 4411 Spiritum

183 4440 438 4493 veritatis
470 4438 545 4504 ³¹;
597 4457 614 4490 ι
654 4448 708 4492 et
740 4439 934 4491 iterum
976 4454 990 4492 :
1030 4454 1049 4488 ι
1094 4434 1406 4489 Paracletus
1440 4442 1618 4487 autem
1649 4431 1766 4501 Spi-

1891 608 1994 662 tus,
2029 613 2189 667 quem
2228 595 2438 650 mittam
2484 598 2634 651 vobis
2672 613 2700 650 a
2761 598 2941 662 Patre,
2968 599 3225 669 Spiritum
3271 607 3467 657 verita-

1890 688 1955 743 tis
1986 688 2076 741 ³⁵·.
2122 688 2336 755 »ριιειη
2386 689 2545 742 alium
2598 690 2928 757 paracletutn
2983 692 3299 754 nominavit,
3358 714 3465 750 non

1879 780 2030 851 juxta
2064 790 2270 835 natura:
2293 780 2672 843 differentiam,
2715 782 2807 836 sed
2857 785 3188 850 Operatimtis
3233 787 3462 840 diversi-

1884 880 2069 925 tatem.
2111 873 2242 927 Cttnt
2320 874 2461 927 enim
2501 874 2749 928 Salvator
2806 876 3119 931 mediatoris
3173 889 3227 933 et
3305 881 3459 946 legati

1880 980 2163 1033 personam
2213 964 2428 1029 habeat,
2468 975 2520 1020 et
2560 981 2664 1035 qua
2698 966 2807 1037 (64)
2851 968 3091 1037 pontifex
3142 970 3462 1040 deprecetur

1883 1067 1979 1121 pro
2004 1055 2241 1121 peccatis
2276 1055 2494 1116 nostris.
2543 1055 2758 1110 salvaus
2789 1056 2840 1110 itt
2900 1060 3288 1128 sempiternum
3342 1077 3458 1125 eos,

1881 1144 1970 1211 qui
2010 1158 2105 1212 per
2149 1144 2321 1214 ipsum
2361 1158 2711 1202 accesserunt
2755 1150 2819 1201 ad
2852 1149 3041 1213 Deum,
3083 1154 3206 1221 quia
3246 1169 3460 1221 semper

1882 1236 2069 1290 vivens
2104 1238 2407 1306 interpellat
2434 1256 2531 1307 pro
2557 1240 2635 1294 eis
2669 1239 2791 1312 [της.
2832 1241 3009 1313 nobis]
3041 1243 3289 1309 Patrem;
3336 1243 3458 1315 Spi-

1886 1328 2022 1381 ritus
2053 1340 2273 1382 sanctus
2303 1330 2597 1394 secundum
2641 1332 2799 1385 aliam
2838 1333 3250 1401 significautiam
3300 1350 3457 1404 para-

1879 1419 2068 1480 cletus,
2121 1419 2186 1472 ab
2224 1434 2289 1473 eo
2319 1422 2458 1488 quod
2497 1422 2808 1475 consolatur
2849 1422 2900 1475 itt
2950 1424 3161 1476 tristitia
3226 1425 3453 1493 positos,

1878 1515 2218 1576 nuncupatus
2265 1518 2367 1562 est.
2431 1508 2626 1564 Verum
2669 1510 2773 1565 noli
2827 1527 2893 1567 ex
2940 1513 3059 1566 Filii
3106 1525 3161 1567 et
3221 1515 3454 1584 Spiritus

1876 1600 2048 1653 sancti
2080 1601 2393 1670 operatione
2416 1602 2653 1670 diversa,
2689 1605 2867 1659 varias
2900 1606 3174 1661 testitttare
3209 1617 3449 1662 naturas.

1878 1690 2154 1760 Siquidem
2186 1693 2240 1747 in
2276 1694 2381 1748 alio
2411 1695 2527 1750 loco
2562 1698 2828 1765 reperitur
2851 1699 3153 1767 paracletus
3194 1698 3451 1769 Spiritus,

1874 1782 2037 1854 legati
2066 1786 2133 1840 ad
2162 1784 2376 1840 Patrem
2406 1802 2634 1856 persona
2662 1788 2830 1859 fungi,
2859 1800 2915 1843 ttt
2950 1792 3001 1845 itt
3039 1792 3128 1846 illo
3164 1811 3185 1855 Δε
3242 1811 3260 1843 t
3311 1793 3449 1858 Quid

1871 1878 2013 1931 enim
2042 1893 2261 1935 oremus
2283 1879 2440 1949 juxta
2471 1881 2521 1934 id
2558 1885 2699 1951 quod
2745 1895 2975 1954 oportet,
3016 1887 3307 1952 nescimus,
3356 1888 3449 1941 sed

1872 1968 1983 2037 ipse
2012 1969 2246 2039 Spiritus
2279 1972 2585 2041 interpellat
2614 1990 2710 2043 pro
2746 1976 2898 2031 nobis
2920 1980 3207 2046 gemitibus
3240 1981 3450 2033 inenar-

1871 2060 2153 2115 rabilibus.
2187 2063 2286 2129 Qui
2315 2074 2494 2118 autent
2526 2075 2801 2120 scrutatur
2827 2070 3009 2133 corda,
3041 2071 3143 2124 scit
3190 2072 3319 2139 quid
3356 2072 3451 2126 de-

1869 2149 2066 2205 sideret
2118 2151 2371 2222 Spiritus,
2426 2157 2692 2223 quomodo
2757 2157 2856 2231 [αι.
2938 2161 3083 2234 cum]
3150 2163 3445 2218 secundum

1871 2240 2038 2296 Deum
2068 2245 2301 2310 postulat
2334 2262 2431 2315 pro
2454 2250 2654 2305 sanctis
2689 2250 2756 2305 ³³.
2794 2270 2812 2303 ι

1939 2332 2028 2388 28.
2067 2333 2316 2390 Salvator
2346 2352 2560 2406 quoque
2594 2340 3016 2397 consolationem
3046 2358 3073 2397 a
3106 2360 3210 2413 qua
3258 2346 3437 2415 Spiri-

1871 2429 1955 2475 tus
1983 2433 2203 2477 sanctus
2232 2425 2536 2493 paracletus
2569 2439 2905 2497 nuncupatus
2939 2443 3045 2499 est,
3074 2446 3333 2504 operatur
3389 2441 3441 2495 in

1871 2511 2123 2567 cordibus
2146 2528 2331 2567 eorum
2351 2514 2440 2584 qui
2466 2529 2527 2569 ea
2549 2516 2810 2587 indigent.
2840 2519 3111 2590 Scriptum
3144 2536 3227 2579 est
3252 2526 3394 2580 enint
3424 2546 3442 2586 :

1875 2620 1894 2654 ι
1924 2603 1986 2657 Et
2013 2604 2242 2659 humiles
2271 2607 2448 2677 populi
2484 2609 2791 2665 consolatus
2817 2624 2901 2667 est
2923 2613 2988 2667 “.
3029 2634 3048 2666 ι
3089 2615 3235 2672 Unde
3262 2628 3315 2673 et
3356 2622 3441 2676 lns

1870 2695 1958 2764 qui
1983 2696 2085 2750 hoc
2116 2697 2434 2752 beneficium
2480 2699 2653 2754 fuerat
2692 2713 3035 2767 consecutus,
3083 2722 3203 2761 eum
3251 2712 3446 2777 praedi-

1870 2801 2023 2849 cans,
2060 2786 2380 2857 loquebatur
2411 2808 2425 2845 :
2471 2810 2489 2843 t
2524 2792 2765 2861 Domine,
2802 2797 3094 2851 secundum
3151 2801 3447 2855 multitudi-

1870 2892 1991 2932 nem
2027 2879 2269 2934 dolorum
2304 2897 2544 2936 meorum
2581 2884 2632 2938 itt
2661 2886 2822 2939 corde
2855 2904 2992 2953 meo,
3048 2892 3445 2949 consolationes

1873 2979 1976 3023 tua:
2004 2970 2405 3025 lzetiﬁcaverunt
2431 2988 2526 3028 cor
2551 2991 2725 3029 meutn
2755 2977 2832 3043 ³⁸;
2870 2996 2888 3028 ι
2916 2980 3046 3043 sive,
3088 2998 3107 3032 α
3143 2982 3447 3038 dilexerunt

1870 3060 2105 3113 animam
2140 3077 2312 3116 meam
2343 3062 2453 3135 (65)
2489 3081 2501 3118 :
2545 3082 2564 3117 ι
2600 3078 2831 3137 utroque
2863 3070 3005 3123 enim
3042 3072 3300 3141 scriptum
3324 3090 3446 3130 esse

1870 3153 2030 3208 modo
2088 3153 2140 3207 itt
2177 3154 2404 3209 diversis
2457 3158 2849 3226 exemplaribus
2882 3161 3177 3216 invenitur.
3224 3165 3329 3220 Sed
3388 3176 3445 3223 et

1868 3243 2043 3309 Pater,
2094 3246 2233 3301 Deus
2296 3248 2471 3303 omnis
2527 3251 2905 3307 consolationis
2959 3253 3155 3309 dicitur
3185 3256 3231 3287 ³⁸
3267 3275 3280 3312 :
3318 3273 3447 3312 coa-

1867 3336 2046 3391 solaus
2111 3353 2205 3393 eos
2248 3342 2337 3410 qui
2405 3342 2458 3395 in
2499 3343 2843 3398 tribulatione
2884 3356 3045 3413 sunt,
3097 3359 3152 3401 ut
3197 3363 3261 3402 ex
3318 3349 3445 3418 ipsis

1867 3430 2124 3499 angustiis
2173 3445 2270 3499 per
2324 3432 2634 3499 patientiam
2694 3433 2919 3488 salutem
2960 3437 3211 3504 primum,
3248 3440 3444 3496 dehinc

1867 3534 2117 3573 coronam
2148 3520 2330 3590 glorias
2382 3533 2798 3591 coasequantur.
2863 3522 3096 3591 Spiritus
3126 3528 3286 3595 igitur
3309 3544 3444 3584 cou-

1867 3612 2065 3667 solator
2118 3622 2174 3667 et
2257 3624 2523 3681 sanctus,
2591 3627 2640 3670 et
2702 3617 2934 3686 Spiritus
2994 3620 3237 3675 veritatis
3288 3622 3446 3677 datur

1866 3719 1894 3757 a
1928 3703 2108 3771 Patre,
2130 3714 2188 3759 ut
2213 3719 2429 3775 semper
2456 3721 2575 3761 cum
2605 3707 2803 3762 Christi
2837 3708 3115 3777 discipulis
3142 3726 3441 3767 commore-

1869 3804 1973 3863 tur,
1996 3811 2116 3851 cum
2139 3799 2333 3867 quibus
2357 3808 2411 3852 et
2438 3798 2551 3868 ipse
2582 3798 2831 3853 Salvator
2855 3809 2957 3865 est,
2982 3802 3164 3856 dicens
3191 3820 3205 3856 :
3243 3822 3261 3855 ι
3303 3802 3443 3860 Ecce

1867 3889 2007 3943 enitn
2041 3890 2318 3943 vobiscum
2345 3905 2461 3943 sum
2485 3905 2657 3959 usque
2686 3892 2751 3944 ad
2786 3895 3303 3949 consummationem
3337 3911 3440 3950 sae-

1865 3979 2061 4034 culi".
2101 3998 2121 4032 ι
2156 3980 2287 4034 Cum
2334 3991 2509 4035 autem
2557 3997 2772 4051 semper
2799 3984 3053 4053 apostolis
3100 3994 3153 4040 et
3209 3986 3441 4055 Spiritus

1866 4080 2086 4127 sanctus
2118 4074 2259 4127 adsit
2288 4073 2384 4145 [αι.
2419 4072 2658 4145 assistat]
2687 4086 2739 4129 et
2770 4076 2957 4140 Filius,
2995 4079 3259 4147 sequitur,
3306 4091 3361 4132 ut
3386 4092 3441 4137 et

1864 4161 2026 4216 Pater
2052 4178 2172 4217 cum
2202 4164 2333 4233 ipsis
2370 4165 2461 4225 sit,
2488 4164 2613 4233 quia
2644 4167 2732 4234 qui
2764 4169 2950 4236 recipit
2988 4168 3201 4235 Filium,
3253 4172 3441 4238 recipit

1865 4264 1919 4307 et
1950 4252 2160 4307 Patrem
2194 4271 2209 4307 :
2245 4262 2299 4307 et
2343 4255 2673 4309 mansionem
2724 4254 2895 4311 Filius
2937 4272 3058 4312 cum
3110 4260 3271 4316 Patre
3313 4262 3442 4317 facit

1866 4346 2003 4413 apud
2033 4360 2146 4408 eos,
2182 4344 2271 4412 qui
2293 4344 2437 4413 digni
2464 4344 2696 4399 adventu
2725 4346 2841 4413 ejus
2870 4352 3195 4404 exstiterint.
3234 4350 3338 4406 Sed
3384 4363 3437 4407 et

1866 4436 1953 4488 ubi
1991 4435 2223 4504 Spiritus
2264 4444 2481 4488 sanctus
2513 4435 2693 4503 fuerit,
2742 4438 2924 4493 statim
2964 4441 3231 4495 invenitur
3259 4451 3312 4496 et
3348 4442 3439 4496 Fi-

181 4533 322 4585 ritus
354 4540 595 4592 sanctus,
626 4546 783 4599 quem
822 4530 997 4584 mittet
1030 4528 1192 4582 Pater
1249 4527 1302 4580 in
1344 4527 1559 4579 nomine
1603 4539 1760 4589 meo,
1796 4561 1839 4615 Β
1868 4527 1988 4579 lius.
2036 4526 2311 4595 Siquidem
2347 4539 2466 4579 cum
2519 4526 2570 4579 in
2624 4528 2899 4596 prophetis
2949 4529 3181 4598 Spiritus
3223 4543 3440 4586 sant-tus

180 4625 272 4677 ille
301 4639 399 4677 vos
433 4622 646 4676 docebit
677 4622 855 4675 omnia
896 4621 961 4675 “.
993 4638 1013 4673 ο
1045 4620 1176 4673 Nam
1203 4627 1257 4674 et
1291 4618 1342 4671 in
1375 4618 1457 4671 Itis
1496 4616 1761 4672 sermoni-

178 4717 307 4781 bus,
345 4714 510 4767 alium
546 4712 875 4781 paracletutn
918 4713 1045 4767 dare
1086 4711 1283 4765 dicitur
1314 4708 1497 4772 Pater,
1532 4721 1637 4760 non
1674 4721 1765 4759 au-

179 4818 292 4862 tem
338 4805 505 4860 alium
534 4806 601 4860 ab
636 4804 782 4878 [mea
810 4803 1032 4875 absque]
1061 4818 1147 4867 eo,
1181 4803 1272 4873 qui
1297 4816 1327 4855 a
1357 4801 1492 4855 Filio
1514 4799 1767 4866 mittitur,

253 4937 302 4999 ’ἦ
334 4933 493 4988 Joan.
528 4950 616 4995 xv,
643 4935 734 4987 26.

174 5008 342 5067 v.12.
422 5004 468 5034 ³⁸
510 5004 631 5071 Sap.
676 5021 749 5067 ιι,
812 5003 898 5057 17.

811 4934 856 4965 ’⁸
895 4936 1050 4986 Joan.
1108 4947 1220 4996 xtv,
1275 4932 1364 4985 10.

1440 4932 1487 4961 ³⁸
1524 4929 1683 4983 Joan.
1737 4945 1793 4994 x,
1823 4927 1911 4983 50.

975 5003 1017 5033 ³³
1058 5000 1212 5055 Joatt.
1270 5016 1380 5064 Juv,
1438 4998 1524 5053 16.
1601 4999 1651 5030 ³⁸
1695 5000 1822 5052 ibid.
1856 5000 1946 5054 26.

1868 4617 1958 4682 sit,
1999 4618 2203 4672 faciens
2259 4631 2353 4671 eos
2384 4618 2561 4670 futura
2600 4622 2914 4687 prtecinere,
2946 4630 3000 4673 et
3034 4621 3133 4674 alia
3170 4637 3289 4690 quae
3326 4640 3442 4691 pro-

1869 4708 2096 4777 pltetalis
2126 4710 2459 4776 Operationis
2486 4722 2629 4771 sunt,
2668 4725 2846 4765 sermo
2878 4710 2967 4765 Dei
2999 4713 3063 4764 ad
3097 4728 3190 4766 eos
3242 4715 3441 4769 dicitur

1878 4797 2069 4863 factus,
2101 4810 2161 4852 ut
2180 4800 2246 4853 ad
2265 4800 2319 4853 id
2338 4801 2481 4868 quod
2501 4800 2565 4853 ad
2582 4802 3021 4855 consuetudinem
3052 4805 3436 4871 prephetarum

2595 4935 2642 4963 "'
2680 4933 2836 4989 Joan.
2865 4948 2963 4994 xtl.
2994 4934 3082 4989 49.
3158 4936 3201 4966 ⁸⁹
3243 4935 3258 4987 l
3295 4938 3435 4993 l‘etr.

2625 5000 2671 5033 ³⁸
2709 5003 2864 5059 Rom.
2918 5018 3034 5070 Vttt,
3093 5004 3184 5059 26.
3262 5006 3437 5061 “1’s.

1989 4930 2031 4961 ’⁷
2067 4928 2222 4984 Joan.
2271 4946 2361 4995 xv,
2425 4932 2516 4985 26.

2022 5003 2090 5040 ³⁸⁸
2130 4999 2285 5054 Joan.
2323 5015 2409 5063 xv,
2457 5001 2548 5055 26.

176 5094 319 5142 un,
357 5076 462 5138 28;
500 5067 696 5140 xxxttt,
731 5075 817 5128 i9.
893 5072 937 5104 ³⁸
974 5071 1287 5133 Psal.xcnt,
1314 5070 1401 5125 19.
1475 5069 1520 5101 ³⁸
1560 5068 1599 5122 ll
1627 5067 1751 5123 Cor.

1871 5073 1951 5124 54.
2027 5070 2280 5124 "Matth.
2314 5086 2510 5136 xthtt,
2540 5072 2632 5126 20.

253 5190 558 5265 (62)7_ldem
585 5206 706 5265 cum
734 5189 905 5265 veteri
929 5188 1083 5254 edit.,
1127 5205 1146 5238 ι
1180 5187 1560 5258 preprietatem
1587 5183 1765 5241 Patris

169 5276 237 5319 cl.
262 5258 597 5316 intellectuttt
634 5258 901 5323 Parentis,
937 5277 954 5310 ι
996 5269 1105 5312 etc.

255 5333 366 5404 (65)
401 5332 609 5404 I‘stbarc,
646 5331 829 5404 tsieut
876 5329 1219 5404 manifestum
1247 5341 1364 5380 esse
1379 5324 1761 5404 poteritei,qui

170 5397 354 5456 totum
400 5400 684 5469 perlegerit
738 5400 937 5460 locum,
979 5416 1000 5451 ι
1030 5399 1083 5451 itt
1130 5398 1263 5466 Reg.
1324 5412 1422 5469 tus.
1452 5397 1764 5469 desideran-

171 5487 289 5524 tttr.
323 5466 443 5524 Alon
476 5466 573 5522 ex'
603 5468 768 5521 Vatic.
810 5480 867 5523 et
896 5469 1063 5520 veteri
1092 5470 1218 5521 edit.
1258 5467 1479 5519 restituo
1533 5486 1551 5516 ι
1587 5466 1761 5533 Spiri-

170 5558 296 5593 tum
318 5555 519 5603 suum;
554 5556 571 5590 ι
606 5540 758 5606 cujus
785 5538 901 5593 loco
942 5538 1216 5591 obtinebat
1269 5538 1320 5590 itt
1375 5546 1523 5589 recto
1567 5545 1755 5589 contra

166 5613 425 5664 auctoris
458 5622 690 5663 utentem
735 5629 751 5658 ι
793 5608 1029 5675 Spiritus
1055 5608 1191 5672 ejus.
1226 5624 1244 5656 ›

255 5681 366 5759 (6.4)
404 5680 709 5758 Eratantea
744 5696 761 5728 t
786 5672 852 5731 ex
878 5692 1005 5759 qua,
1030 5675 1218 5759 )“Reg.
1252 5690 1373 5759 tus,
1404 5691 1422 5724 t
1445 5685 1497 5759 et
1524 5672 1707 5759 quasi:
1729 5691 1747 5725 ι

166 5743 432 5811 Titulus,
491 5750 595 5819 tiu
646 5763 770 5814 qua.
810 5766 828 5798 ι
880 5743 1000 5819 για.
1039 5743 1215 5819 AEpist.
1271 5745 1362 5819 64,
1414 5746 1487 5796 ad
1520 5743 1752 5819 [εἰνιὺὶιξί.ν

167 5837 336 5873 num.
375 5820 464 5873 19.
500 5818 737 5871 Ententlo
775 5818 979 5883 pariter
1037 5816 1544 5885 ittterpmtctionem,
1600 5816 1750 5879 cujus

1865 5186 2004 5256 vitio
2028 5185 2210 5240 nullus
2238 5193 2354 5239 erat
2378 5186 2599 5256 hujusce
2636 5187 2839 5255 periodi
2873 5201 3076 5241 sensus.

1935 5255 2047 5321 (65)
2078 5256 2321 5318 Tholos.,
2360 5276 2377 5308 ι
2418 5255 2468 5310 itt
2504 5258 2665 5311 corde
2700 5272 2837 5319 meo,
2882 5258 3284 5312 exhortationes
3337 5268 3439 5313 tua:

1860 5324 2265 5379 delectaverunt
2292 5326 2528 5379 animam
2561 5340 2755 5381 meatu.
2793 5328 2856 5380 [St
2896 5328 3075 5391 aliter,
3106 5332 3438 5382 consolatio-

1862 5411 1955 5449 nes
1996 5404 2119 5457 tum,
2164 5413 2182 5446 ι
2235 5405 2343 5449 etc.
2390 5396 2664 5450 Glossema
2710 5412 2773 5451 ex
2831 5399 3141 5451 criticorum
3193 5400 3436 5456 audacia.

1861 5464 2129 5519 Lectionis
2169 5479 2325 5532 quam
2358 5465 2613 5535 Didymus
2644 5475 2799 5533 urget
2846 5469 3132 5521 diversitas
3179 5468 3227 5519 itt
3265 5472 3440 5522 verbis

1865 5545 1965 5595 est,
1996 5551 2013 5583 ι
2043 5535 2469 5598 lzetilicaverunt,
2504 5555 2523 5586 ι
2556 5545 2611 5589 et
2661 5553 2678 5585 ι
2710 5537 3032 5589 dilexerunt.
3063 5556 3081 5587 ι
3135 5538 3209 5591 R‘e
3258 5548 3437 5591 autem

1865 5618 1989 5657 vera
2026 5601 2197 5678 Graeci
2226 5604 2429 5678 aliquot
2461 5605 2578 5657 libri
2604 5606 2812 5678 habent
2838 5607 3154 5678 ἠγάπησαν,
3196 5626 3211 5656 t
3236 5610 3440 5678 dilexe-

1865 5684 2008 5753 runt,
2037 5692 2055 5723 ι
2092 5675 2181 5728 alii
2220 5672 2514 5746 εὔφίραναν,
2552 5692 2570 5727 ι
2602 5672 3026 5745 laetilicavet‘uttt,
3064 5696 3083 5728 ι
3146 5687 3203 5731 ιιι
3237 5678 3289 5730 iu
3327 5676 3436 5730 La-

1867 5753 2010 5797 ttttts.
