4042 6404
688 336 827 392 1059
1951 333 2186 392 EID“!
2218 336 2284 392 Al

2235 335 2688 392 kLEXANDRlNl
2737 357 2744 364 ·
3447 351 3472 359 “
3734 345 3831 401 1060

686 464 770 511 est
797 452 930 523 (66),
963 471 981 504 ι
1009 449 1137 506 Hac
1163 449 1293 506 dicit
1309 450 1587 518 Dominus,
1621 470 1640 504 ι
1661 453 1824 507 etiam
1855 452 1979 508 illud
2006 455 2254 519 addatur,
2285 461 2332 516 Α
2359 456 2508 511 Patri
2541 458 2720 514 autert
2749 455 3190 521 dominationem,
3236 471 3408 527 neque
3453 456 3578 512 Filio
3604 458 3836 518 deitatem:

695 565 714 598 ι
747 546 938 600 Sermo
980 545 1070 614 qui
1113 542 1288 598 factus
1329 553 1412 598 est
1453 544 1522 600 ad
1565 542 1780 610 Isaiam,
1826 562 1847 596 ι
1889 545 2003 600 sive
2030 549 2097 601 ad
2129 547 2258 602 reli-
2358 550 2622 620 siquidem
2673 548 2782 620 (70)
2829 551 3017 607 Mem
3065 551 3276 606 ratione
3313 565 3417 619 qua
3475 549 3614 606 Pater
3641 552 3840 609 Dominus

689 653 846 707 quos.
2357 649 2440 696 est
2467 657 2482 694 :
2510 653 2560 694 et
2581 640 2748 696 Filius
2782 641 2922 697 Deus
2951 652 3036 696 est
3075 662 3098 710 :_
3115 643 3196 698 sic
3221 652 3276 698 et
3308 641 3532 712 Spiritus
3561 652 3745 698 sanctus
3769 642 3842 698 Do-

759 727 849 781 29.
875 727 1028 794 Quod
1071 733 1250 780 autem
1291 724 1566 795 propheta:
1598 723 1856 793 Spiritum
1879 733 2128 780 sanctum
2160 725 2258 780 ha-
2359 731 2538 784 minus
2559 739 2913 799 nuncupatur.
2947 731 3002 786 Si
3031 742 3208 786 autem
3233 731 3505 799 Dominus,
3522 742 3841 802 consequenter

687 818 925 882 buerint,
963 819 1070 871 Deo
1108 816 1395 872 manifeste
1448 817 1702 886 loquente
1748 817 2143 885 cognoscimus.
2166 817 2260 871 Ait
2357 828 2412 874 et
2446 821 2605 884 Deus,
2649 831 2708 876 ut
2742 822 2900 891 paulo
2949 832 3074 877 ante
3119 823 3232 892 jam
3269 823 3520 886 diximus,
3558 838 3666 878 cum
3705 839 3839 879 vocem

687 911 831 966 enim
863 928 875 963 :
915 927 933 960 ι
966 909 1309 974 Quaecunque
1341 907 1589 960 mandavi
1638 907 1689 960 in
1719 906 1921 975 Spiritu
1947 922 2065 962 meo
2090 909 2259 970 servis
2359 910 2585 979 apostoli
2618 910 2758 966 Petri
2788 913 2856 966 ad
2885 913 3171 979 Ananiam,
3211 914 3300 981 qui
3331 915 3601 982 pecuniam
3627 915 3843 969 subtraxe-

687 1004 823 1057 meis
855 1001 1132 1071 prophetis
1155 999 1219 1051 ³⁸.
1263 1017 1282 1050 ι
1317 998 1382 1052 Et
1409 999 1658 1055 Salvator
1678 1001 1730 1054 in
1762 1000 2052 1072 Evangelio
2085 1003 2257 1074 signi-
2358 1009 2464 1064 rat,
2497 1015 2836 1068 poneremus,
2866 1003 2991 1070 quia
3019 1012 3073 1058 et
3097 1003 3268 1058 deitas
3299 1003 3401 1075 [αι.
3434 1003 3687 1075 divinitas]
3707 1019 3843 1074 supcr-

688 1094 814 1149 ilcat
838 1094 1010 1163 iustos
1034 1094 1196 1160 viros,
1225 1099 1280 1146 et
1327 1107 1422 1146 eos
1459 1092 1549 1161 qui
1606 1102 1732 1146 ante
1771 1093 2058 1147 adventum
2100 1109 2256 1147 suum
2357 1090 2672 1161 intelligitur
2697 1093 2751 1147 in
2781 1092 2982 1162 Spiritu
3013 1104 3221 1149 sancto.

686 1187 883 1256 populo
911 1197 1132 1239 ventura
1164 1185 1472 1239 cecinerant
1506 1181 1660 1255 [ναι.
1694 1184 2094 1257 praecinerant],
2137 1186 2260 1254 Spi-

687 1278 826 1332 ritus
882 1277 1052 1333 sancti
1123 1277 1455 1345 aspiratione
1525 1276 1841 1345 completos.
1914 1277 2258 1348 Interrogans
2425 1274 2516 1331 '50.
2559 1273 2754 1328 Verum
2798 1274 3052 1343 quoniam
3114 1275 3240 1332 inde
3286 1276 3592 1346 quaestionis
3631 1276 3743 1333 ordo
3778 1276 3841 1332 de-

685 1369 882 1437 quippe
913 1368 1210 1422 Pharisaeos
1237 1369 1363 1437 quid
1392 1367 1472 1422 eis
1506 1367 1573 1422 de
1604 1368 1822 1425 Christo
1853 1370 2151 1434 videretur,
2203 1379 2258 1426 et
2357 1364 2549 1419 dnclns
2591 1373 2707 1418 est:
2748 1382 2766 1416 ι
2796 1361 2930 1419 Cum
2975 1374 3153 1420 antem
3190 1367 3397 1420 venerit
3447 1365 3720 1433 paracielns
3757 1365 3840 1434 Spi-

685 1460 912 1514 audiens
946 1460 1072 1530 quia
1104 1470 1248 1514 esset
1275 1459 1414 1513 lilius
1437 1459 1598 1514 David
1615 1460 1750 1532 (67),
1780 1461 2043 1530 loquitur:
2073 1481 2092 1514 ι
2115 1463 2259 1530 Quo-
2357 1458 2492 1512 ritus
2520 1456 2818 1518 sanctus“,
2849 1470 3007 1525 quem
3043 1458 3218 1511 mittet
3241 1457 3401 1512 Pater
3430 1458 3481 1511 in
3517 1459 3710 1512 nomine
3741 1471 3842 1515 meo.

685 1552 843 1606 modo
878 1551 1041 1604 David
1088 1551 1138 1604 in
1195 1549 1401 1620 Spiritu
1447 1561 1602 1605 vocat
1640 1567 1762 1606 eum
1806 1552 2087 1608 Dominum
2121 1572 2140 1606 ι
2177 1555 2258 1608 di-
2359 1545 2446 1600 ille
2487 1560 2583 1599 V05
2612 1543 2826 1599 docebit
2858 1545 3034 1599 omnia
3062 1546 3105 1577 ⁵⁷
3133 1564 3149 1601 :
3176 1565 3195 1598 ι
3233 1561 3330 1616 age
3359 1562 3503 1601 nuuc
3543 1563 3603 1601 ex
3647 1547 3744 1615 ipso
3765 1559 3847 1599 ser-

682 1657 810 1696 (ens
839 1658 854 1694 :
893 1660 912 1692 ι
949 1641 1363 1696 DixitDominus
1393 1641 1615 1695 Domino
1646 1657 1799 1696 meo:
1835 1643 1972 1698 Sede
2001 1660 2029 1698 a
2051 1645 2258 1702 dextris
2358 1648 2516 1688 mone
2554 1647 2878 1702 quaeramus.
2907 1633 2952 1687 εί
2996 1634 3122 1704 quid
3171 1637 3221 1690 in
3253 1651 3319 1691 eo
3365 1636 3626 1706 possimus
3666 1636 3848 1690 invenire

685 1732 854 1787 meis?
889 1730 944 1785 Si
981 1747 1109 1801 ergo
1140 1732 1306 1785 David
1336 1741 1494 1786 vocat
1537 1747 1660 1786 eum
1705 1733 1758 1786 in
1811 1732 2017 1804 Spiritu
2067 1748 2256 1793 sancto

2251 1760 2256 1787 ,
2290 1799 2319 1804 _
2357 1737 2480 1776 cum
2527 1722 2612 1776 his
2640 1723 2944 1777 consentire
2988 1739 3107 1793 qua:
3151 1726 3294 1780 dicta
3325 1736 3471 1781 sunt.
3499 1725 3730 1795 Spiritum
3762 1741 3847 1778 san-

683 1823 988 1885 Dominum,
1020 1799 1286 1892 quomodo
1314 1820 1482 1874 Filius
1518 1820 1637 1890 ejus
1684 1799 1902 1876 est".'i
1953 1823 2018 1877 Et
2064 1823 2256 1882 Petrus

2253 1862 2256 1876 ,
2286 1799 2328 1855 Β
2355 1823 2499 1866 etum
2533 1829 2564 1866 a
2606 1809 2765 1866 Patre
2802 1811 2854 1866 in
2893 1828 2988 1869 suo
3023 1815 3158 1868 mitti
3207 1817 3442 1882 nomine,
3490 1816 3713 1871 Salvator
3750 1816 3849 1869 adir-

684 1915 752 1968 ad
787 1924 1065 1969 consortes
1106 1915 1225 1968 ﬁdei
1254 1913 1516 1982 loquitur:
1544 1931 1560 1964 ι
1582 1912 2098 1985 Oportebatimpleri
2119 1917 2257 1974 Scri-

2250 1949 2257 1961 .
2358 1911 2489 1966 mat,
2536 1919 2657 1959 cum
2703 1906 2916 1975 proprie
2969 1905 3268 1961 Salvatoris
3301 1923 3496 1962 nomen
3531 1908 3596 1963 sit
3638 1907 3790 1970 Filius,
3817 1907 3846 1960 si

691 2017 933 2077 ptui-am,
951 2022 1111 2077 quam
1135 2007 1384 2076 praedixit
1403 2006 1634 2075 Spiritus
1659 2017 1980 2076 sanctusper
1999 2023 2060 2062 os
2092 2011 2255 2065 David

2253 2057 2255 2063 _
2355 1995 2568 2063 quidem
2619 2009 2823 2052 naturae
2851 2001 3205 2063 consortium,
3244 2010 3319 2064 et,
3366 2012 3422 2054 ut
3457 2002 3527 2056 ita
3558 2002 3732 2064 dicam,
3765 2015 3849 2069 pro-

681 2100 747 2153 de
775 2090 932 2164 Iuda,
951 2109 1055 2152 etc.
1076 2097 1143 2163 ⁸⁶;
1172 2116 1190 2148 ›
1225 2107 1281 2151 et
1302 2099 1355 2150 in
1378 2098 1564 2152 eodem
1591 2112 1777 2152 rursus
1802 2097 1974 2152 libro:
2003 2099 2140 2165 «Qui
2161 2114 2256 2169 per
2354 2091 2554 2158 prieias
2590 2105 2961 2160 personarum,
3005 2107 3072 2146 ex
3113 2093 3213 2147 ista
3245 2108 3375 2148 voce
3419 2097 3671 2165 signatur.
3699 2094 3744 2148 lu
3772 2107 3842 2161 qua

682 2187 968 2258 Spiritum,
990 2206 1008 2239 ι
1062 2187 1254 2256 inquit,
1294 2205 1312 2238 ι
1343 2197 1591 2241 sanctum
1649 2200 1741 2241 ore
1775 2186 1939 2242 David
1983 2189 2131 2258 pueri
2178 2189 2253 2244 tui
2353 2181 2710 2253 appellatione
2746 2181 2888 2246 Filii,
2924 2182 3121 2237 missus
3147 2199 3176 2236 a
3215 2182 3373 2238 Patre
3399 2185 3624 2253 Spiritus
3659 2192 3842 2247 sanctus,

682 2282 897 2336 locutus
938 2296 998 2336 es
1041 2299 1055 2335 :
1103 2281 1282 2346 Quare
1327 2277 1664 2333 fremuerunt
1709 2289 1926 2348 gentes,
1976 2289 2031 2335 et
2068 2281 2251 2351 populi
2354 2290 2458 2329 non
2492 2290 2700 2339 servus,
2730 2289 2835 2330 non
2866 2276 3024 2340 alius,
3062 2291 3160 2330 nec
3203 2275 3503 2346 disiunctus
3529 2293 3556 2331 a
3588 2275 3710 2330 Filio
3736 2273 3850 2329 intel-

679 2372 920 2428 meditati
950 2382 1079 2427 sunt
1129 2371 1306 2426 inania
1329 2369 1448 2424 “‘3:
1503 2369 1671 2425 Isaias
1718 2387 1931 2440 quoque
1971 2387 2094 2428 cum
2138 2389 2254 2429 εθιι.
2352 2365 2546 2436 ligatur
2570 2363 2667 2440 [αι.
2695 2365 3054 2439 intelligitur].
3104 2367 3289 2438 thuo
3325 2369 3484 2424 modo
3514 2367 3668 2424 Filius
3706 2367 3748 2421 in
3779 2364 3848 2418 Pa-

677 2481 846 2522 mone.
879 2465 971 2520 Dei
1008 2464 1270 2542 impulsus
1305 2463 1371 2517 ad
1418 2465 1846 2533 proplietandum
1881 2464 2095 2530 fuisset,
2129 2465 2254 2536 Spi-
2353 2458 2451 2513 tris
2480 2458 2836 2528 appellatione
2869 2459 3037 2522 venit,
3081 2461 3265 2514 dicens
3299 2477 3314 2514 :
3352 2479 3370 2512 ι
3400 2460 3512 2532 Ego
3543 2461 3652 2516 veni
3697 2459 3744 2514 in
3777 2471 3847 2510 no-

678 2557 818 2612 ritus
852 2557 1024 2612 sancti
1060 2556 1286 2626 imperio
1328 2554 1438 2626 (68)
1473 2556 1825 2626 prophetasse
1872 2555 2188 2624 perhibetur
2220 2575 2235 2613 :
2352 2547 2496 2602 mine
2529 2547 2671 2603 Patri
2711 2549 2814 2604 mei
2839 2548 2884 2580 ⁶⁸
2909 2566 2925 2604 ;
2954 2568 2972 2601 ι
3013 2549 3131 2604 Filii
3168 2551 3367 2621 quippe
3421 2549 3760 2605 tantummodo
3789 2555 3846 2601 est

676 2658 736 2703 ut
767 2650 819 2704 in
857 2649 961 2703 line
985 2648 1296 2702 eorumdem
1322 2649 1552 2702 Actuum
1595 2649 1870 2703 scribitur.
1905 2667 1923 2699 ι
1954 2647 2098 2704 Bene
2129 2647 2252 2719 Spi-
2353 2639 2405 2693 in
2436 2641 2650 2695 nomine
2678 2639 2857 2696 Patris
2901 2643 3104 2706 venire.
3133 2641 3282 2697 Salvo
3328 2643 3651 2714 Proprietate
3676 2640 3772 2696 Filii
3803 2639 3847 2690 ²ι¹

678 2740 814 2794 ritus
857 2745 1079 2792 sanctus
1117 2736 1326 2791 locutus
1363 2746 1448 2792 est
1479 2751 1574 2805 per
1603 2736 1795 2792 Isaiam
1831 2738 2144 2807 pr0phetam
2177 2740 2245 2795 ad
2351 2725 2588 2793 Patrem,
2615 2739 2668 2784 et
2696 2729 2877 2785 Patris
2907 2731 2972 2784 ad
3001 2731 3231 2784 Filium:
3259 2731 3339 2785 sic
3362 2745 3394 2784 c
3419 2732 3699 2796 contrario,
3722 2729 3848 2784 nullus

676 2839 859 2901 patres
893 2839 1122 2894 vestros,
1145 2849 1163 2882 ι
1200 2830 1425 2883 dicens:
1457 2844 1476 2880 ι
1505 2828 1650 2883 Vade
1676 2829 1742 2882 ad
1770 2829 2024 2898 populum
2058 2831 2246 2898 istum,
2349 2819 2486 2875 alios
2535 2821 2680 2875 \‘enil
2719 2822 2771 2874 in
2823 2821 3037 2876 nomine
3078 2821 3277 2887 Ρθῐτίεο
3320 2822 3419 2878 sed
3451 2824 3595 2878 Verbi
3629 2822 3789 2892 Βηίίδι
3816 2820 3850 2870 ίη

676 2930 733 2975 et
766 2921 889 2975 dic:
919 2919 1064 2976 Aure
1099 2919 1327 2974 audietis
1349 2920 1458 2983 “,i
1500 2927 1555 2974 et
1594 2918 1822 2990 reliqua.
1875 2919 2026 2976 Hanc
2083 2923 2247 2991 igitur
2350 2911 2582 2979 Domini,
2610 2923 2666 2968 et
2699 2913 2815 2979 Dei,
2852 2923 2908 2968 et
2953 2911 3368 2984 Omnipotentis.
3403 2915 3554 2982 Quod
3582 2915 3850 2970 manifestum

677 3010 1010 3081 prophetiam
1041 3025 1202 3080 quam
1242 3011 1516 3080 apostolus
1555 3011 1754 3066 Paulus
1797 3011 2029 3067 aliirmat
2063 3030 2091 3068 a
2125 3014 2248 3084 Spi-
2348 3003 2630 3058 advertere
2684 3005 2888 3075 poteris
2947 3006 3240 3074 prophetas
3295 3006 3543 3078 relegens
3590 3021 3651 3060 ex
3698 3004 3849 3058 animo.

675 3103 782 3158 ritu
823 3111 1014 3157 sancto
1049 3104 1488 3170 pronuntiatam,
1533 3103 1650 3173 ipse
1699 3101 1836 3156 liber
1888 3104 2164 3172 propheta:
2213 3119 2242 3158 a
2273 3149 2317 3208 ϐ
2349 3091 2482 3148 Nam
2524 3104 2580 3150 et
2617 3094 2828 3166 Moyses
2867 3110 3093 3166 magnus
3133 3095 3226 3151 Dei
3274 3098 3616 3178 minister'et
3660 3093 3851 3153 famulus.

676 3194 717 3208 η
815 3193 828 3204 .
977 3193 1012 3208 ..
1054 3204 1064 3208 _
1746 3203 1758 3208 _
1888 3195 1943 3208 ,Α
2072 3197 2104 3208 ..
2148 3197 2160 3208 .
2353 3186 2401 3208 ι,
2433 3188 2643 3208 _-__._-
2849 3187 2932 3208 ___,
3076 3207 3079 3208 ν
3116 3198 3156 3208 _,
3196 3188 3243 3208 ε,
3278 3190 3490 3208 _M.”
3526 3189 3612 3208 ,με

675 3193 906 3250 Domino
960 3193 1159 3249 dictam
1205 3209 1329 3249 esse
1375 3203 1783 3249 commemorat.
1834 3213 1853 3246 ι
1885 3195 1950 3250 Ει
1982 3197 2194 3261 audivi,
2220 3215 2239 3249 ι
2274 3185 2317 3208 υ
2352 3186 2404 3240 in
2433 3188 2647 3242 nomine
2675 3187 2815 3256 eius.
2844 3187 2934 3256 qui
2963 3197 3045 3243 esi
3071 3207 3084 3243 ε
3110 3198 3163 3243 el
3196 3188 3248 3242 in
3277 3190 3497 3244 nomine
3525 3189 3613 3244 Dei
3641 3185 3854 3242 Abraham

676 3285 853 3354 inquit
897 3285 1082 3352 Isaias,
1134 3303 1154 3338 ι
1184 3300 1370 3339 vocem
1419 3284 1664 3351 Domini,
1707 3285 1978 3340 dicentem
2016 3304 2029 3338 :
2075 3287 2245 3354 Quem

2350 3287 2404 3331 et
2442 3276 2606 3338 Isaac.
2641 3286 2697 3331 et
2739 3276 2907 3333 Jacob
2941 3279 3115 3343 venit,
3162 3279 3270 3333 Deo
3318 3280 3383 3332 ad
3433 3296 3554 3335 eum
3602 3279 3846 3346 loquente:

675 3378 909 3456 mittam,
937 3386 992 3432 et
1028 3377 1148 3448 quis
1193 3377 1292 3432 ibit
1335 3378 1401 3431 ad
1447 3377 1699 3446 populum
1746 3377 1942 3432 istum?
1974 3378 2038 3432 Et
2081 3379 2191 3432 dixi
2227 3398 2242 3435 :

2356 3389 2376 3422 ι
2422 3369 2512 3424 Sic
2555 3371 2703 3425 dices
2749 3371 2873 3425 liliis
2923 3369 3089 3426 Israel
3133 3389 3146 3424 :
3190 3369 3291 3438 Qui
3331 3382 3449 3437 est,
3517 3373 3654 3427 misit
3704 3382 3773 3422 me
3811 3363 3853 3418 ad

675 3469 814 3526 Ecce
842 3485 962 3541 ego,
989 3470 1140 3524 mitte
1171 3483 1274 3524 me.
1307 3467 1519 3532 Vade,»
1557 3470 1752 3538 inquit,
1793 3485 1812 3520 ι
1840 3477 1894 3524 et
1932 3469 2017 3525 dic
2052 3470 2247 3540 populo
2349 3461 2578 3528 V08“;i
2631 3471 2686 3516 et
2738 3477 2968 3517 rursus:
3011 3481 3029 3514 ι
3066 3463 3218 3518 Dices
3267 3465 3348 3519 eis
3386 3463 3569 3519 :Deus
3613 3461 3852 3518 Abraham,

649 3562 840 3617 huic:
870 3563 1014 3614 Aure
1051 3561 1278 3616 audietis
1298 3560 1374 3624 “;
1402 3579 1420 3612 ι
1460 3571 1511 3616 et
1545 3571 1665 3630 post
1696 3561 1800 3614 alia
1831 3561 1949 3629 ipse
1983 3561 2243 3619 Dominus
2350 3550 2522 3617 Isaeo.
2569 3561 2624 3608 el
2669 3553 2834 3609 «incon
2888 3553 3034 3608 miSit
3072 3569 3157 3608 Ine
3214 3555 3281 3609 ad
3330 3571 3427 3613 vos
3451 3558 3522 3611 '°.
3547 3575 3565 3608 ι
3623 3555 3851 3609 Seriorum

674 3653 790 3707 ait:
829 3669 850 3704 ι
879 3652 944 3706 Ει
973 3661 1371 3717 convertentur,
1403 3660 1455 3706 et
1487 3653 1687 3708 sanabo
1716 3652 1835 3708 illos
1862 3652 1931 3707 “.
1958 3671 1977 3705 υ
2026 3652 2093 3707 Et
2131 3663 2249 3708 sta-
2350 3646 2550 3716 quippe
2601 3645 2866 3715 iustorum
2919 3645 3107 3715 quales
3157 3657 3312 3702 erant
3363 3649 3431 3705 de
3493 3648 3676 3718 quibus
3719 3641 3850 3697 dixit!

677 3742 774 3798 tim
819 3743 1077 3813 prepheta
1103 3758 1120 3797 :
1155 3761 1176 3795 ι
1205 3743 1515 3812 Quousque,
1562 3744 1821 3799 Domine?
1841 3763 1861 3798 ο
1915 3760 2040 3799 cum
2090 3746 2237 3800 enim
2356 3755 2377 3789 ι
2407 3735 2668 3790 Mandabo
2689 3736 2741 3789 in
2771 3735 2974 3804 Spiritu
3006 3751 3126 3792 meo
3153 3739 3327 3793 servis
3349 3742 3490 3796 meis
3520 3733 3850 3810 prophetis".i

679 3832 938 3888 Dominus
969 3834 1036 3888 ad
1069 3835 1388 3904 pmphetam
1417 3835 1662 3898 dixisset,
1695 3844 1754 3890 ut
1784 3851 1846 3891 ea
1872 3851 1993 3905 quae
2025 3838 2228 3906 scripta
2351 3827 2405 3881 in
2452 3825 2669 3880 nomine
2716 3823 2806 3879 Dei
2842 3825 2982 3879 iac"!
3009 3835 3094 3880 θει
3124 3827 3330 3884 lniSSiO-
3361 3830 3432 3884 Ει
3460 3830 3585 3901 quia
3624 3827 3752 3900 HO"-
3772 3817 3854 3891 (1⁸³ίῖ

677 3933 824 3989 sunt,
858 3923 1066 3978 diceret
1103 3923 1239 3994 (69),
1274 3932 1330 3977 et
1361 3923 1628 3993 prephela
1663 3922 1872 3992 jttbenti
1908 3925 2132 3980 Domino
2166 3940 2252 3980 re.
2350 3917 2543 3983 dignos
2579 3931 2639 3971 se
2674 3916 3037 3972 exhibuerunt
3072 3918 3202 3984 Deo,
3250 3919 3302 3975 in
3339 3923 3560 3977 nomine
3590 3919 3675 3976 Dei
3699 3915 3855 3971 venisse

675 4016 981 4086 spondisset
1019 4033 1034 4070 :
1072 4034 1091 4068 ι
1121 4015 1429 4085 Usquequo,
1479 4013 1707 4071 Domine
1733 4016 1856 4069 δεῖν»
1911 4030 1975 4070 ea
2025 4032 2144 4087 qua;
2194 4017 2246 4071 in
2352 4008 2664 4064 referuntur
2699 4026 2714 4063 :
2745 4024 2935 4064 rursus
2988 4011 3330 4079 proficientes
3381 4015 3434 4069 in
3471 4016 3656 4083 majus,
3700 4020 3744 4064 et
3783 4001 3852 4058 sub

680 4107 944 4178 propheta
984 4121 1014 4161 a
1051 4105 1278 4162 Domino
1333 4107 1472 4163 dicta
1527 4115 1674 4174 sunt,
1722 4107 1774 4161 in
1810 4107 2012 4178 Spiritu
2062 4119 2250 4164 sancto
2352 4099 2511 4155 unius
2561 4100 2651 4154 Del
2705 4100 2934 4170 imperio
2986 4102 3377 4166 consistentes,
3425 4105 3478 4158 in
3532 4092 3850 4169 omnipotentis

674 4209 1094 4256 commemorata
1160 4197 1361 4254 Paulus
1424 4199 1681 4254 amrmat.
1743 4199 1820 4254 Ex
1874 4213 1983 4269 quo
2049 4199 2250 4268 liquido
2354 4191 2445 4245 Dei
2483 4191 2877 4258 nuncupatione
2923 4203 3207 4246 venerunt.
3244 4193 3379 4258 Quia
3432 4209 3559 4250 vero
3603 4193 3687 4246 lilii
3731 4183 3852 4240 Israel

676 4291 998 4356 ostenditur,
1029 4299 1090 4345 ut
1119 4305 1258 4360 sepe
1281 4290 1396 4360 jam
1427 4291 1683 4356 diximus,
1716 4305 1878 4344 unam
1907 4302 1961 4345 et
1995 4291 2245 4345 volunta-

2351 4280 2405 4335 in
2431 4279 2666 4351 IEgypto
2710 4291 3132 4345 commorantes,
3179 4282 3488 4338 didicerunt
3518 4298 3628 4346 eos,
3667 4277 3742 4348 qui
3779 4283 3850 4326 non

683 4394 788 4440 tem
816 4393 872 4439 et
903 4393 1150 4438 naturam
1182 4382 1391 4438 Domini
1419 4396 1562 4447 esse,
1603 4393 1657 4437 et
1695 4380 1929 4452 Spiritus
1960 4383 2154 4449 sancti,
2193 4390 2249 4436 et

2351 4381 2496 4438 sunt,
2527 4373 2678 4441 quasi
2727 4372 2856 4428 deos
2899 4374 3095 4434 colere,
3139 4383 3193 4428 et
3233 4377 3419 4430 mundi
3456 4385 3631 4445 patres
3667 4370 3757 4444 (7!)
3791 4364 3847 4416 di-

676 4477 728 4532 in
761 4477 1162 4545 nuncupatione
1206 4473 1442 4543 Spiritus
1471 4475 1634 4529 etiam
1677 4489 1872 4530 nomen
1905 4473 2118 4528 Domini
2156 4474 2242 4528 in-

2276 4483 2324 4542 D
2353 4467 2474 4519 vino
2509 4465 2715 4520 honore
2765 4468 3038 4533 venerari,
3084 4483 3425 4538 consequens
3459 4469 3577 4534 fuit,
3619 4477 3670 4521 ut
3697 4462 3851 4530 Moyses

673 4567 857 4635 telligi.
883 4565 999 4634 Quo
1031 4565 1341 4620 modoenim
1366 4566 1432 4618 ad
1461 4564 1769 4620 Corinthios
1794 4564 2109 4620 vocabulum
2143 4563 2236 4618 Dei
2345 4559 2445 4613 sub
2467 4557 2606 4625 ejus,
2639 4575 2658 4610 ι
2687 4557 2788 4625 Qui
2813 4571 2914 4624 est,
2941 4579 2960 4612 ›
2995 4561 3251 4616 vocabulo
3283 4564 3349 4617 ad
3385 4579 3482 4618 eos
3518 4563 3796 4616 mitteretur,
3816 4556 3852 4602 cl

671 4674 832 4728 super
863 4657 1024 4713 Patre
1060 4658 1316 4726 positmn,
1345 4667 1400 4711 et
1427 4657 1640 4713 Domini
1675 4672 1838 4727 super
1873 4657 2032 4722 Filio,
2065 4671 2239 4728 neque
2346 4664 2378 4704 a
2413 4648 2560 4702 falsis
2604 4663 2697 4704 eos
2745 4649 2981 4707 liberans
3025 4653 3150 4718 diis,
3201 4654 3267 4708 ad
3305 4668 3490 4710 veram
3546 4647 3848 4706 transduceret

740 4772 787 4805 ³⁸
824 4773 991 4826 Amos
1016 4787 1100 4834 tu,
1127 4772 1184 4826 7.
1259 4770 1305 4803 ³⁸
1345 4769 1534 4824 Matth.
1574 4769 1923 4832 “11.4545.
1999 4768 2046 4801 ‘°
2084 4768 2208 4823 Act.
2262 4781 2301 4832 ι,

2262 4781 2301 4832 1,
2339 4763 2448 4835 νᾼ16-
2502 4760 2569 4794 ’⁸⁸
2609 4760 2733 4835 A9!-
2785 4776 2860 4835 ιγ,
2915 4763 3018 4835 25;
3069 4765 3212 4820 Psal.
3257 4782 3316 4827 ιι,
3352 4768 3406 4821 1.
3483 4768 3530 4798 ⁸⁸
3568 4767 3678 4819 Act.
3710 4767 3849 4835 wn].

669 4839 760 4896 25.
834 4843 880 4874 ιι
916 4825 1200 4906 ιεέιζιὶῐμε,
1259 4840 1312 4896 9.
1387 4843 1435 4872 ιι
1473 4842 1598 4895 ibid.
1654 4825 1741 4894 io.
1781 4825 1863 4872 ⁷η
1905 4840 2034 4894 ibid.
2088 4839 2178 4894 tt.
2253 4837 2265 4870 ι

2253 4825 2299 4870 δέ
2325 4833 2489 4892 Joan.
2527 4845 2617 4896 xv,
2655 4832 2745 4887 26.
2823 4833 2867 4866 ⁸⁷
2919 4825 3077 4891 Joan.
3119 4853 3232 4902 xiv,
3277 4825 3367 4891 26.
3448 4837 3494 4869 “
3531 4835 3677 4892 Joan.
3716 4845 3756 4890 ν,
3787 4825 3847 4876 ιδ·

671 4911 718 4941 “
747 4911 914 4967 Exod.
940 4928 1023 4978 tu,
1050 4915 1104 4969 4.
1177 4911 1225 4944 ⁸⁸
1263 4912 1392 4966 ibid.
1418 4909 1504 4964 15.
1581 4911 1625 4943 ⁸¹
1665 4909 1830 4966 Zach.
1861 4925 1907 4977 t,
1953 4909 2006 4966 6.

741 5051 856 5122 (66)
891 5049 1096 5104 Vitiosa
1154 5059 1272 5103 erat
1314 5059 1473 5104 antea
1515 5047 1571 5103 in
1614 5048 1842 5119 aliquot
1865 5047 2029 5104 etiam
2077 5059 2240 5110 mss.,
2343 5048 2505 5114 tione,
2541 5059 2703 5118 quam
2734 5060 2950 5122 sequor.
2986 5045 3093 5100 Sed
3128 5046 3325 5122 malim
3360 5047 3610 5117 equidem
3639 5043 3846 5122 ‘in‘reclf

675 5141 694 5174 ι
731 5113 1106 5191 prophetatum
1142 5131 1248 5174 est.
1274 5139 1293 5171 ι
1362 5188 1392 5191 __
1427 5189 1435 5191 _
1658 5187 1670 5191 _
1704 5113 1720 5119 ⁷
1898 5187 1961 5191 ___
2051 5185 2082 5191 _
2167 5187 2179 5191 _
2203 5188 2215 5191 _
2345 5138 2363 5170 ι
2395 5113 2930 5191 επιιοιιῐει-ννῐειίιιθτί,
2953 5131 3058 5191 _pro
3087 5135 3106 5167 ι
3141 5117 3364 5191 iuniperio
3387 5113 3616 5171 {autem
3639 5113 3848 5191 legifliif

743 5180 853 5260 (67)
888 5191 1105 5245 Rectius
1135 5202 1288 5244 vetus
1311 5188 1497 5253 editio,
1534 5187 1705 5260 «_qnia
1727 5197 1869 5260 esset
1892 5185 2237 5260 iilius_Dav_id,
2338 5203 2483 5252 eum,
2514 5206 2532 5239 ι
2566 5187 2793 5252 scilicet,
2823 5202 2933 5260 per
2953 5180 3166 5260 Isaiam.
3201 5180 3297 5241 Hic
3331 5203 3524 5256 nempe
3563 5180 3766 5260 auctoris

677 5253 1183 5331 inSpiritnsancto
1217 5260 1509 5331 loquentis,
1543 5253 1693 5312 Dixit
1717 5257 1972 5331 Dominus
2007 5256 2237 5331 Domino
2338 5274 2554 5331 sensus,
2613 5253 2865 5326 totusque
2925 5258 3149 5311 inferior
3199 5253 3488 5312 contextus
3551 5253 3846 5321 conjectura“l

669 5349 784 5388 meo
807 5329 838 5387 V:
876 5330 1010 5386 Sede
1037 5347 1067 5383 a
1101 5332 1301 5384 dextris
1338 5330 1487 5394 meis,
1537 5331 1712 5384 denuo
1767 5330 2134 5396 interrogavit.
2180 5329 2236 5382 Si
2339 5330 2550 5397 probat.

669 5385 797 5472 ergo
822 5385 1176 5472 David‘vocat
1205 5416 1352 5462 eum,
1388 5385 2078 5472 g_etc._Aliter_'i‘holos':,_c
2108 5398 2235 5472 quia
2408 5397 2520 5469 (69)
2561 5393 2728 5452 Vetus
2766 5395 2954 5461 editio,
2989 5414 3008 5447 ι
3039 5411 3158 5466 quae
3198 5398 3397 5468 scripta
3443 5407 3590 5460 sunt,
3622 5394 3670 5447 in
3696 5385 3844 5456 Spiril"

670 5467 813 5528 esset
837 5473 972 5525 tilius
999 5469 1185 5532 David,
1210 5472 1363 5532 dixit,
1391 5468 1558 5523 David
1588 5470 1731 5524 enim
1753 5467 1989 5537 loquitur
2013 5469 2077 5521 de
2106 5468 2233 5533 Deo,
2332 5467 2606 5537 diceret.)

667 5544 818 5597 Dixit
848 5540 1328 5594 DominusDomino
1360 5556 1494 5606 meo,
1526 5558 1544 5590 ι
1581 5551 1687 5594 etc.
1823 5533 1841 5537 “
2072 5607 2078 5608 γ
2404 5537 2518 5608 (70)
2561 5535 2765 5608 Yitiose
2793 5545 2913 5590 erat
2946 5536 3154 5590 duobus
3182 5537 3379 5600 verbis,
3403 5555 3424 5588 ι
3453 5536 3530 5592 sic
3561 5533 3796 5605 quidemn

742 5614 852 5684 (68)
879 5612 1007 5665 Erat
1034 5625 1131 5663 nec
1153 5614 1268 5664 sine
1290 5605 1491 5665 solceco
1513 5629 1531 5662 ι
1561 5609 1800 5684 Spiritus
1823 5615 2039 5684 sanctus
2068 5607 2236 5676 impe-
2287 5657 2293 5662 .
2403 5605 2516 5678 (7i)
2550 5605 2847 5684 leinebat
2881 5619 3037 5660 antea
3075 5625 3093 5657 ι
3129 5610 3308 5684 mundi
3351 5618 3553 5677 partes,
3576 5624 3593 5656 ι
3646 5605 3846 5684 proilff‘

666 5676 766 5740 rio‘.
795 5702 813 5735 ι
836 5676 998 5750 Quod
1034 5695 1190 5734 nemo
1221 5695 1325 5734 non
1359 5689 1504 5749 putet
1531 5676 1842 5750 typographi
1871 5678 2145 5750 mendum,
2175 5688 2237 5750 _et
2334 5676 2508 5733 tres.i
2550 5676 2789 5748 Reginae.
2822 5692 2922 5733 ms.
2969 5680 3203 5733 secunda
3256 5676 3415 5734 manu
3473 5695 3491 5728 ι
3524 5676 3689 5730 mundi
3735 5678 3844 5737 pl‘ln‘

668 5747 890 5828 repouai
935 5769 955 5805 ι
985 5753 1184 5818 sancti,
1206 5767 1224 5802 ι
1259 5747 1704 5822 quemadmodum
1729 5751 1782 5803 iu
1814 5748 2101 5817 autiquiss.
2122 5747 2235 5803 edi-
2334 5751 2498 5819 cipes.
2521 5765 2540 5799 ι
