4042 6404
230 361 363 418 1061

1359 363 1555 419 LIBER
1591 364 1679 418 DE
1715 362 1990 421 SPIRITU
2034 365 2325 429 SANCTO.

3341 378 3482 433 ωσι

226 478 507 543 deitatem,
549 488 603 534 et
631 481 697 533 ad
729 478 1015 534 Dominum
1048 489 1259 550 patrum
1294 479 1587 548 Abraham,
1636 482 1805 547 Isaac,
1837 488 1884 543 Α
1916 482 2144 538 Domino
2172 485 2368 538 donata
2421 492 2549 539 sunt
2581 498 2662 540 ets
2685 501 2711 539 τ
2738 485 2817 540 ita
2851 496 2913 541 ut
2943 487 2993 543 is
3026 488 3117 558 qui
3175 488 3337 544 fuerit
3370 495 3483 559 spi-

224 582 278 622 et
305 569 500 625 Jacob.

295 662 385 715 3i.
429 662 548 728 Quo
597 663 757 715 modo
802 675 931 729 ergo
962 661 1101 715 servi
1139 662 1228 729 qui
1267 662 1317 714 in
1337 660 1555 714 nomine
1587 660 1797 716 Domini

227 755 468 817 veniunt,
502 769 598 822 per
634 754 733 807 hoc
767 755 939 822 ipsum
972 753 1117 821 quod
1149 752 1374 821 subjecti
1405 760 1552 815 sunt,
1596 760 1650 805 et
1682 767 1800 806 ser-

232 849 409 912 rinnt,
457 848 696 903 indicant
730 846 1046 912 Dominum,
1095 846 1477 916 proprietatem
1508 844 1625 910 ejus
1660 844 1801 899 refe-

203 923 411 993 Jrentes
437 958 453 994 :
483 940 621 994 servi
646 940 841 1008 quippe
878 949 999 992 sunt
1022 937 1234 992 Domini
1270 955 1285 992 :
1316 936 1396 991 sic
1426 945 1479 989 et
1510 935 1683 989 Filius
1707 934 1801 1003 qui

223 1032 376 1085 venit
406 1033 457 1085 in
492 1031 709 1086 nomine
748 1031 944 1094 Patris,
976 1030 1360 1098 proprietatem
1404 1027 1585 1081 Patris
1611 1035 1791 1095 portat

223 1131 281 1176 et
316 1137 531 1188 nomen,
558 1133 613 1176 et
646 1138 739 1191 per
771 1123 880 1175 haec
915 1121 1223 1189 unigenitus
1256 1119 1350 1174 Dei
1393 1117 1560 1173 Filius
1602 1133 1799 1188 appro—

226 1214 392 1269 batur
425 1213 523 1286 [αι.
567 1213 905 1286 appellatur].
953 1213 1089 1281 Quia
1130 1225 1263 1282 ergo
1306 1210 1540 1281 Spiritus
1580 1221 1799 1265 sanctus

226 1305 282 1360 in
320 1307 535 1360 nomine
562 1306 684 1360 Filii
717 1322 745 1358 a
782 1306 942 1360 Patre
989 1304 1244 1367 mittitur,
1276 1304 1481 1358 habens
1512 1303 1635 1357 Filii
1671 1316 1795 1370 pro-

224 1400 542 1466 prietatem,
600 1396 896 1453 secundum
947 1396 1089 1467 quod
1131 1395 1271 1450 Deus
1318 1404 1420 1459 est,
1464 1408 1569 1447 non
1614 1404 1793 1445 tamen

227 1490 552 1555 filieitatem,
582 1500 640 1544 ut
668 1490 840 1546 Filius
866 1491 982 1560 ejus
1010 1491 1100 1554 sit,
1126 1490 1365 1545 ostendit
1390 1488 1515 1557 quia
1541 1485 1652 1556 (7Q)
1685 1484 1799 1540 uni-

223 1590 337 1637 tate
370 1582 437 1637 sit
478 1582 701 1650 junctus
722 1580 786 1635 ad
825 1580 1038 1636 Filium.
1071 1581 1222 1637 Unde
1250 1590 1306 1635 et
1338 1578 1457 1633 Filii
1504 1579 1680 1633 dictus
1706 1584 1791 1632 est

223 1673 489 1745 Spiritus,
525 1686 625 1744 per
666 1675 1005 1744 adoptionem
1049 1672 1254 1729 faciens
1296 1671 1433 1726 (ilius
1475 1684 1589 1733 eos,
1619 1668 1707 1737 qui
1740 1681 1799 1722 se

220 1766 475 1834 recipere
502 1763 815 1820 voluissent.
848 1784 866 1816 ι
894 1764 994 1831 Qui
1022 1764 1195 1828 enim,
1216 1781 1236 1815 ι
1267 1762 1462 1831 inquit,
1493 1778 1512 1812 ι
1540 1760 1671 1815 estis
1700 1757 1793 1812 filii

1904 573 2069 626 ritum
2121 573 2475 629 revelationis
2510 584 2569 631 et
2600 577 2880 645 sapientia:
2929 589 3282 645 consecutus,
3329 581 3481 635 sum-

1904 665 2056 720 ciens
2085 666 2157 720 sit
2195 668 2438 721 Veritatis
2463 668 2713 735 dogmata
2746 671 3041 739 praedicare
3068 686 3175 726 non
3218 673 3477 739 humana,

1899 759 1993 811 sed
2024 758 2123 813 Dei
2169 769 2286 813 arte
2326 761 2629 815 subnixus:
2661 760 2800 815 sicut
2830 771 2885 816 et
2923 780 3088 819 unum
3123 781 3188 821 ex
3230 766 3315 821 his
3340 768 3482 835 Apo-

1901 847 2064 903 tolum
2109 865 2390 918 possumus
2431 853 2638 919 audire,
2665 855 2933 909 dicentem
2966 874 2980 911 :
3022 874 3042 907 I
3071 856 3136 911 Et
3170 858 3482 927 praedicatio

1888 955 2016 994 .mea
2053 950 2108 994 et
2142 956 2320 995 sermo
2351 957 2501 996 meus
2529 958 2633 997 non
2660 943 2713 998 in
2745 946 3186 1013 persuasibilibus
3224 948 3477 1005 humanae

1898 1032 2175 1101 sapientiae
2204 1032 2380 1086 verbis
2407 1049 2422 1086 :
2457 1034 2549 1086 sed
2581 1032 2632 1086 in
2664 1034 2972 1089 ostensione
3016 1036 3251 1105 Spiritus
3277 1048 3332 1093 et
3363 1039 3477 1092 vir-

1899 1123 2030 1177 tutis
2062 1123 2152 1193 Dei
2189 1124 2302 1193 (74)
2328 1124 2397 1177 ⁸⁸.
2428 1141 2448 1176 ι
2488 1122 2770 1191 ίΕίιυεΙεηι
2801 1140 2932 1181 vero
2962 1127 3185 1195 Spiritui
3218 1129 3474 1186 virtutem

1899 1228 2002 1266 non
2020 1228 2303 1283 possumus
2320 1212 2479 1266 aliam
2508 1222 2703 1281 praeter
2728 1215 2999 1270 Christum
3031 1217 3312 1273 Dominum
3375 1236 3481 1275 no—

1905 1314 2077 1360 strum
2111 1305 2474 1374 interpretari.
2508 1306 2625 1374 ipse
2663 1308 2805 1362 enim
2829 1308 3103 1375 discipulis
3124 1312 3199 1365 ait
3228 1329 3241 1366 :
3278 1331 3295 1363 ι
3320 1313 3481 1368 Acci-

1899 1396 2056 1466 pletis
2085 1396 2227 1450 enim
2247 1396 2495 1449 virtutem
2526 1396 2761 1463 Spiritus
2777 1398 2947 1450 sancti
2974 1398 3275 1452 venientem
3322 1398 3478 1470 [Vat.

1896 1483 2185 1556 venientis]
2225 1500 2388 1554 super
2421 1499 2515 1539 vos
2539 1485 2618 1550 '7;
2644 1504 2663 1538 ι
2700 1497 2752 1541 et
2777 1490 2844 1542 ad
2880 1486 3104 1542 Mariam
3133 1489 3474 1562 angelns[al.

1897 1575 2303 1649 archangelns],
2338 1596 2356 1629 ι
2391 1576 2649 1644 Spiritus,
2678 1596 2697 1630 ι
2739 1579 2940 1649 inquit,
2974 1599 2993 1632 ‹
3024 1592 3242 1635 sanctus
3289 1597 3480 1651 snper-

1896 1669 2073 1723 veniet
2101 1669 2152 1722 in
2184 1680 2257 1733 te,
2282 1677 2336 1723 et
2364 1671 2534 1723 virtus
2560 1670 2826 1725 Altissimi
2860 1672 3208 1728 obumbrabit
3242 1675 3333 1730 tibi
3362 1676 3471 1730 ⁸⁸.»

1895 1759 2139 1816 Creatrix
2182 1761 2346 1831 igitur
2373 1762 2545 1815 virtus
2591 1762 2885 1831 Altissimi,
2930 1766 3130 1833 Spiritu
3163 1778 3356 1823 sancto
3384 1786 3478 1825 sn-

221 1829 519 1919 Dei,-misit
546 1856 701 1910 Pater
733 1829 994 1925 Spiritum
1031 1854 1154 1909 Filii
1185 1854 1267 1910 sui
1299 1829 1349 1907 in
1385 1853 1553 1910 corda
1588 1860 1793 1918 nostra,
1828 1829 1870 1884 Β
1904 1829 2248 1921 perveniente
2274 1852 2327 1906 in
2360 1850 2631 1922 Virginem
2680 1829 2922 1922 Mariam,
2953 1829 3149 1911 Christi
3181 1873 3374 1929 corpus
3401 1862 3483 1916 fa-

217 1949 548 2004 ciamantem
580 1968 593 2003 :
623 1950 801 2014 Abba,
857 1949 1014 2005 Pater
1052 1951 1119 2007 δ’.
1152 1967 1171 2000 ι
1205 1949 1311 2003 iste
1335 1956 1512 2003 autem
1564 1937 1798 2017 Spiritus

220 2052 474 2107 sanctus,
500 2041 591 2110 qui
632 2042 779 2095 venit
806 2042 857 2095 in
891 2041 1110 2096 nomine
1147 2040 1291 2106 Filii,
1329 2040 1525 2094 missus
1552 2054 1581 2092 a
1617 2037 1795 2103 Patre,

217 2133 443 2189 docebit
468 2134 648 2189 omnia
673 2148 768 2188 eos
794 2133 883 2202 qui
922 2133 978 2187 in
1011 2133 1115 2186 fide
1144 2131 1346 2186 Christi
1396 2131 1617 2201 perfecti
1647 2137 1797 2192 sunt,

217 2226 410 2279 omnia
465 2235 643 2280 autem
694 2225 781 2280 illa
827 2239 947 2293 qua:
993 2224 1291 2294 spiritualia
1324 2232 1449 2277 sunt
1495 2232 1549 2276 et
1595 2221 1801 2276 intelle-

218 2316 459 2382 ctualia;
490 2326 545 2371 et
582 2326 639 2371 ut
677 2316 919 2372 breviter
947 2316 1197 2371 universa
1233 2316 1569 2379 concludam,
1614 2315 1798 2371 omnia

218 2407 474 2463 veritatis
496 2419 551 2463 et
579 2409 857 2478 sapientiae
881 2416 1249 2463 sacramenta.
1268 2408 1489 2462 Docebit
1516 2422 1663 2470 vero,
1694 2421 1798 2462 non

220 2499 381 2568 quasi
402 2500 588 2555 doctor
607 2508 661 2555 et
677 2501 930 2571 magister
958 2500 1272 2570 disciplinae,
1297 2514 1457 2570 quam
1481 2498 1697 2553 aliunde
1717 2506 1801 2553 est

220 2603 582 2648 consecutus:
610 2592 873 2662 siquidem
897 2594 999 2647 hoc
1019 2606 1204 2647 eorum
1234 2601 1337 2655 est,
1359 2592 1448 2660 qui
1478 2591 1797 2659 sapientiam

223 2697 285 2741 et
324 2696 471 2740 artes
510 2683 717 2754 aliquas
750 2684 862 2755 (75)
906 2684 1082 2739 studio
1116 2682 1485 2751 industriaque
1533 2683 1798 2750 didicere;

222 2778 321 2834 sed
360 2777 515 2847 quasi
560 2778 673 2845 ipse
706 2775 800 2847 [αι.
827 2775 965 2848 ipsa]
1012 2791 1101 2831 ars
1143 2785 1303 2845 atque
1345 2775 1590 2829 doctrina
1613 2783 1667 2829 et
1713 2791 1801 2830 sa-

220 2870 428 2939 pientia
462 2869 809 2937 veritatisque
857 2867 1111 2937 Spiritus,
1140 2866 1486 2921 invisibiliter
1519 2865 1619 2937 [al.
1648 2866 1787 2920 invi-

220 2961 398 3033 sibili]
438 2961 597 3015 menti
634 2960 871 3015 insinuat
899 2960 1182 3015 scientiam
1215 2959 1536 3013 divinorum.
1568 2958 1700 3013 Nam
1746 2966 1802 3014 et

218 3054 390 3107 Pater
416 3054 569 3107 docet
597 3053 675 3107 sic
717 3052 1006 3122 discipulos
1050 3065 1198 3114 suos,
1228 3051 1440 3105 dicente
1476 3051 1565 3105 illo
1602 3051 1692 3120 qni
1731 3052 1798 3105 ab

217 3162 286 3200 eo
319 3147 513 3200 doctus
553 3146 722 3200 fuerat
750 3162 764 3199 :
798 3147 955 3209 Dens,
982 3144 1209 3199 docuisti
1246 3156 1330 3197 me
1354 3142 1696 3211 sapientiam.
1730 3141 1796 3196 Et

222 3240 489 3291 audacter
514 3239 618 3291 alio
650 3237 1057 3292 conclamante:
1100 3255 1119 3287 ι
1151 3235 1386 3290 Docuisti
1431 3251 1537 3299 me,
1568 3236 1730 3302 Dens,
1768 3251 1798 3290 a

216 3329 507 3397 juventute
534 3345 648 3383 mea
667 3329 713 3360 ⁸³
742 3346 756 3383 :
787 3347 806 3381 ι
847 3338 1007 3397 atque
1037 3329 1108 3382 ita
1137 3342 1321 3383 omnes
1352 3329 1481 3381 fiunt
1513 3327 1675 3382 docti.
1707 3325 1800 3381 Dei

228 3435 442 3489 quoque
482 3419 649 3474 Filius
684 3430 738 3474 et
768 3420 1028 3489 sapientia
1061 3419 1152 3473 Dei
1198 3429 1253 3472 et
1285 3419 1486 3472 veritas
1515 3418 1594 3473 sic
1643 3419 1799 3472 docet

239 3513 523 3580 participes
550 3527 698 3576 suos,
726 3521 781 3565 ut
815 3510 1155 3579 disciplinam
1187 3525 1291 3564 non
1325 3517 1442 3563 arte
1472 3508 1680 3574 doceat,
1704 3507 1799 3562 sed

238 3611 443 3656 natura.
494 3601 647 3657 Unde
680 3610 734 3657 et
782 3618 903 3657 eum
943 3605 1204 3658 docentur
1248 3600 1420 3655 solum
1476 3600 1795 3669 magistrum

233 3708 425 3749 vocare
448 3694 724 3764 discipuli.
756 3693 864 3749 Has
885 3694 1101 3750 easdem
1127 3693 1435 3763 disciplinas
1460 3706 1579 3761 qua:
1605 3692 1801 3745 dantur

228 3801 258 3840 a
287 3785 453 3841 Patre
481 3796 535 3841 et
570 3785 705 3840 Filio
730 3786 783 3840 in
820 3786 979 3841 corda
1013 3784 1367 3852 credentium,
1409 3782 1644 3853 Spiritus
1681 3796 1797 3835 san-

222 3890 352 3933 ctus
390 3877 664 3932 ministrat
694 3877 776 3931 his
808 3875 899 3946 qui
949 3876 1205 3931 animales
1239 3889 1358 3930 esse
1393 3874 1651 3930 desierint
1698 3871 1797 3943 [αι.

219 3969 541 4042 desistunt].
575 3988 593 4021 ι
624 3969 885 4025 Animalia
921 3971 1117 4039 quippe
1148 3969 1311 4024 homo
1338 3983 1446 4023 non
1478 3965 1702 4036 percipit
1736 3978 1798 4017 ea

218 4078 350 4134 quae
382 4062 605 4130 spiritus
654 4073 777 4116 sunt
809 4061 877 4127 “,
907 4079 926 4113 ι
957 4062 1226 4115 arbitrans
1242 4073 1361 4112 esse
1379 4057 1657 4112 stultitiam
1682 4068 1800 4124 qua:

215 4158 521 4218 dicuntur;
574 4153 665 4223 qui
735 4167 863 4209 vero
934 4168 963 4206 a
1034 4148 1529 4223 perturbationibus
1600 4160 1798 4217 purga-

214 4247 369 4303 verit
396 4258 633 4301 mentem
685 4261 863 4310 suam,
907 4243 1139 4314 Spiritus
1188 4242 1358 4298 sancti
1393 4240 1713 4310 disciplinis,
1746 4238 1798 4293 id

213 4349 327 4405 est,
358 4338 700 4393 sermonibus
725 4338 1019 4407 sapientiae,
1048 4335 1392 4404 scientiaeque
1418 4330 1795 4400 complebitur,

214 4431 272 4486 in
298 4440 514 4485 tantum
566 4441 624 4483 ut
662 4431 708 4485 is
758 4428 850 4500 qui
897 4444 961 4484 ea
1005 4428 1305 4497 susceperit
1352 4424 1543 4480 dicat:
1586 4441 1605 4475 t
1635 4421 1799 4477 Nobis

1900 1942 2163 1997 bricavit:
2200 1957 2307 2013 quo
2344 1943 2431 1998 ille
2472 1959 2603 2000 usus
2648 1944 2868 2014 templo,
2899 1946 3016 2001 sine
3049 1949 3151 2002 viri
3197 1960 3356 2007 natus
3397 1962 3482 2007 est

1899 2038 2127 2090 semine.

1970 2124 2060 2179 52.
2103 2124 2180 2178 Ex
2210 2124 2404 2193 quibus
2434 2126 2741 2180 ostenditur
2767 2140 2889 2181 esse
2928 2126 3190 2197 Spiritum
3220 2140 3471 2186 sanctum

1901 2226 2222 2278 creatorem,
2256 2223 2315 2266 ut
2340 2213 2450 2280 jam
2482 2215 2535 2267 in
2576 2214 2891 2284 Dogmatum
2926 2217 3199 2272 volumine
3239 2219 3480 2275 breviter

1900 2305 2233 2358 ostendimus
2257 2304 2394 2377 (75).
2422 2305 2485 2359 Et
2516 2306 2567 2360 in
2594 2305 2806 2360 Psalmo
2836 2308 2902 2361 ad
2933 2308 3213 2363 Dominum
3241 2311 3471 2367 dicitur:

1904 2412 1925 2446 ε
1948 2394 2173 2450 Auferes
2204 2397 2271 2450 a‘b
2298 2397 2379 2452 eis
2424 2396 2685 2466 Spiritum
2730 2405 2901 2464 tuum,
2930 2406 2985 2453 et
3017 2399 3290 2467 deficient,
3324 2410 3379 2456 et
3422 2402 3475 2458 in

1900 2494 2099 2542 terram
2143 2502 2296 2542 suam
2346 2497 2703 2542 revertentur.
2738 2488 2937 2545 Emitte
2982 2490 3244 2561 Spiritum
3295 2502 3471 2559 tuum,

1899 2589 1954 2632 et
1995 2579 2343 2643 creabuntur,
2376 2589 2431 2634 et
2462 2580 2748 2636 renovabis
2793 2581 2982 2637 faciem
3026 2593 3181 2638 terra:
3204 2585 3271 2638 ⁸⁸.
3294 2603 3315 2637 ι
3365 2586 3476 2642 Nec

1902 2669 2101 2723 mirum
2139 2670 2184 2724 si
2220 2668 2487 2725 Dominici
2532 2680 2738 2725 tantum
2778 2675 3022 2741 corporis
3063 2674 3299 2744 Spiritus
3342 2693 3472 2733 san-

1900 2772 2018 2815 ctus
2036 2761 2281 2816 conditor
2299 2762 2391 2827 sit,
2421 2777 2543 2816 cum
2564 2761 2709 2817 Patri
2740 2763 2982 2834 Filioque
3004 2768 3262 2834 sociatus,
3288 2770 3475 2825 eadem

1898 2863 2160 2923 potestate
2178 2855 2439 2909 creaverit
2460 2855 2638 2910 omnia
2657 2870 2777 2925 quae
2800 2857 2960 2911 Pater
2977 2860 3186 2914 creavit
3207 2872 3258 2915 et
3287 2861 3475 2919 Filius.

1903 2959 1925 2995 ι
1952 2943 2149 2999 Emitte
2175 2944 2340 3009 enim,
2362 2964 2381 2999 ι
2404 2945 2500 3011 ait,
2523 2965 2542 2998 ι
2568 2945 2824 3017 Spiritum
2841 2956 3071 3015 tuum,et
3090 2951 3470 3007 creabnntum

1901 3034 2070 3089 Porro
2104 3035 2215 3106 jam
2266 3037 2576 3107 frequenter
2621 3038 2957 3095 ostendimus
3006 3040 3244 3109 ejusdem
3288 3058 3479 3111 opera-

1905 3127 2067 3181 tionis
2110 3143 2233 3182 esse
2278 3127 2537 3198 Spiritum
2582 3138 2863 3195 sanctum,
2906 3130 3060 3200 cujus
3102 3142 3188 3188 est
3235 3133 3397 3190 Pater
3423 3144 3480 3192 et

1904 3218 2087 3284 Filius,
2115 3228 2167 3274 et
2202 3220 2254 3273 in
2291 3222 2477 3275 eadem
2513 3223 2827 3291 operatione
2861 3240 3020 3278 unam
3067 3239 3186 3281 esse
3229 3226 3480 3281 substan-

1903 3312 2029 3365 tiam
2058 3333 2070 3367 :
2099 3321 2153 3366 et
2186 3313 2459 3382 reciproce
2482 3327 2668 3369 eorum
2699 3332 2819 3385 qua:
2849 3316 3081 3388 ὁμούσια
3110 3327 3258 3381 sunt,
3287 3334 3479 3387 opera-

1903 3402 2101 3456 tionem
2148 3418 2362 3472 quoque
2412 3420 2515 3459 non
2563 3420 2684 3461 esse
2728 3407 3017 3462 diversam.
3065 3406 3137 3461 Ut
3187 3419 3365 3463 autem
3416 3420 3473 3465 et

1900 3490 2042 3544 aliud
2073 3507 2284 3561 quoque
2318 3493 2686 3548 testimonium
2716 3496 2856 3564 quod
2894 3511 2992 3552 nos
3020 3499 3191 3566 possit
3218 3498 3472 3565 adjuvare

1903 3579 1955 3635 in
1998 3581 2100 3635 fide
2135 3583 2369 3651 Spiritus
2415 3585 2588 3639 sancti
2631 3601 2929 3654 ponamus,
2979 3589 3031 3643 in
3077 3587 3368 3659 Evangelia
3398 3589 3471 3644 ita

1901 3686 2078 3727 sermo
2113 3675 2457 3729 contexitur:
2498 3692 2517 3726 ι
2546 3676 2734 3731 Adhuc
2782 3678 2945 3732 multa
2987 3680 3159 3734 habeo
3192 3680 3343 3735 vobis
3389 3680 3473 3734 di-

1900 3778 2045 3828 cere,
2076 3765 2169 3818 sed
2221 3780 2328 3819 non
2369 3768 2593 3835 p0testis
2625 3782 2687 3822 ea
2725 3778 2942 3837 portare
2977 3769 3155 3825 modo.
3182 3770 3317 3826 Cum
3366 3787 3469 3826 au-

1902 3862 2007 3908 tem
2026 3857 2230 3911 venerit
2263 3856 2351 3910 ille
2378 3856 2611 3926 Spiritus
2647 3860 2908 3925 veritatis,
2936 3861 3126 3931 diriget
3152 3876 3242 3916 vos
3264 3862 3319 3916 in
3351 3877 3469 3917 om-

1900 3962 2022 4002 nem
2061 3947 2367 4005 veritatem.
2396 3948 2579 4020 Neque
2613 3951 2754 4005 enim
2791 3951 3037 4021 loquetur
3078 3967 3108 4007 a
3155 3955 3470 4022 semetipso,

1899 4041 1993 4095 sed
2038 4055 2373 4110 quaecunque
2402 4042 2604 4108 audiet,
2654 4043 2903 4114 loquetur
2942 4063 2955 4099 :
2991 4054 3046 4099 et
3096 4060 3215 4114 qua:
3248 4056 3473 4102 ventura

1899 4140 2024 4186 sunt
2049 4133 2391 4187 annuntiabit
2419 4134 2590 4190 vobis.
2620 4133 2711 4189 Ille
2753 4151 2838 4191 me
2882 4136 3199 4192 clarificabit
3230 4136 3326 4211 [aL
3356 4138 3474 4206 glo-

1901 4222 2205 4296 rilicabit]:
2258 4224 2384 4293 quia
2430 4226 2498 4282 de
2534 4242 2656 4282 meo
2706 4229 2970 4297 accipiet,
3022 4238 3078 4284 et
3127 4230 3474 4285 annuntiabit

1898 4315 2070 4369 vobis.
2089 4315 2280 4371 Omnia
2308 4331 2429 4387 qua:
2464 4317 2625 4373 habet
2655 4317 2842 4384 Pater,
2867 4335 2983 4375 mea
3007 4327 3152 4376 sunt.
3178 4319 3471 4389 Propterea

1900 4405 2009 4460 dixi
2047 4407 2200 4462 vobis
2224 4447 2240 4473 ,
2272 4409 2400 4479 quia
2437 4410 2507 4466 de
2546 4426 2667 4467 meo
2720 4413 2976 4482 accipiet,
3022 4422 3077 4469 et
3118 4414 3461 4468 annuntiabit

212 4533 405 4577 autem
457 4520 710 4576 revelavit
754 4497 897 4574 Deus
940 4533 1036 4588 per
1083 4518 1339 4588 Spiritum
1392 4523 1638 4569 sanctum
1664 4514 1737 4567 ⁸⁵.
1771 4530 1789 4564 ι
1826 4522 1871 4577 ι)
1902 4498 2051 4553 νοδῖε
2084 4497 2151 4551 ⁸⁸·
2179 4517 2199 4551 ³

217 4614 369 4670 Deus
401 4623 582 4667 autem
622 4611 703 4667 his
736 4610 827 4680 qui
866 4625 925 4666 se
955 4610 1028 4663 ita
1063 4607 1504 4679 przeparaverint,
1536 4603 1797 4673 Spiritum

214 4706 509 4774 sapientia:
542 4703 991 4771 revelationisque
1018 4700 1242 4770 largitur
1268 4699 1332 4751 ad
1369 4696 1798 4767 cognoscendum

216 4800 610 4866 semetipsum;
662 4796 753 4866 qui
800 4794 1127 4863 accipientes
1179 4789 1441 4861 Spiritum
1500 4785 1798 4857 sapientiae,

217 4908 331 4947 non
364 4890 602 4955 aliunde,
645 4887 741 4944 sed
775 4888 841 4942 ab
876 4888 989 4957 ipso
1020 4884 1224 4953 Spiritu
1260 4891 1447 4939 sancto
1489 4881 1797 4935 elﬁciuntur

210 4985 520 5054 sapientes,
550 4991 603 5036 et
630 4982 697 5035 ab
743 4981 858 5050 ipso
891 4978 1195 5044 intelligunt
1224 4974 1532 5036 Dominum,
1560 4980 1615 5028 et
1641 4970 1802 5041 quid-

208 5075 349 5145 quid
384 5071 481 5125 Dei
532 5080 613 5126 est
642 5069 965 5133 voluntatis,
1009 5078 1064 5123 et
1107 5066 1353 5121 eumdem
1402 5064 1579 5133 ipsum
1621 5061 1795 5133 Spiri-

208 5177 359 5233 tum,
412 5164 531 5231 ipso
579 5161 869 5228 revelante,
904 5167 1263 5230 cognoscunt,
1301 5166 1361 5211 ut
1392 5156 1569 5211 sciant
1604 5154 1732 5225 quia
1762 5168 1794 5208 a

289 5322 336 5353 ⁸¹
383 5320 542 5373 Rom.
579 5334 670 5372 vtn
687 5317 797 5381 ,i5.

202 5391 310 5446 35.
376 5391 426 5421 ”
459 5388 740 5454 Psal.cut,
769 5386 859 5451 29,
888 5387 976 5443 50.
1049 5386 1094 5417 ⁸⁸
1113 5382 1267 5439 Juan.
1293 5398 1406 5447 xvt,
1434 5382 1625 5437 12-14.

290 5502 407 5573 (72)
450 5500 683 5573 Itamss.
698 5517 895 5573 omnes
922 5499 1171 5573 habeat}
1202 5496 1428 5559 unitate,
1452 5513 1470 5547 ›
1501 5495 1629 5573 editi
1657 5510 1788 5552 vero

212 5592 239 5625 ι
274 5567 452 5626 unice.
478 5591 496 5622 ι
525 5571 642 5625 Mox
672 5572 841 5626 Vatic.
867 5587 987 5627 cum
1016 5567 1257 5632 Tholos.,
1291 5585 1309 5618 ι
1334 5582 1431 5636 per
1451 5567 1790 5635 adoptionem

213 5659 379 5697 suam
415 5643 637 5709 faciens,
662 5661 679 5692 ι
720 5652 825 5695 etc.

295 5712 407 5780 (T5)
452 5705 647 5774 Vatia,
685 5722 778 5765 tet
823 5712 1046 5764 virtutes
1097 5706 1368 5779 aliquas.»
1425 5705 1615 5763 Postea
1650 5706 1791 5764 Th0-

207 5784 346 5846 los.,
386 5799 406 5833 ι
431 5784 522 5838 sed
550 5784 701 5852 quasi
740 5782 854 5852 ipse
882 5796 991 5845 ars,
1018 5798 1037 5831 ι
1071 5789 1176 5835 etc.

1967 4610 2055 4664 53.
2098 4609 2176 4664 Ex
2223 4610 2306 4666 his
2350 4610 2491 4664 enim
2544 4618 3005 4664 sacramentorum
3053 4610 3231 4665 verbis
3282 4613 3477 4670 edoce-

1898 4716 2041 4768 mur,
2067 4703 2209 4772 quod
2238 4718 2361 4757 cum
2392 4701 2556 4756 multa
2594 4701 2866 4757 docuisset
2911 4701 3204 4772 discipulos
3234 4719 3359 4759 suos
3385 4705 3476 4761 Je-

1897 4805 2011 4857 sus,
2038 4792 2234 4845 dixerit
2258 4809 2272 4846 :
2302 4810 2322 4843 I
2351 4792 2539 4846 Adhuc
2574 4792 2746 4846 habeo
2780 4790 3007 4861 plurima
3041 4793 3223 4848 dicere
3251 4796 3423 4861 vobis,
3448 4816 3469 4851 ι

1898 4884 2023 4953 quia
2075 4885 2296 4939 verbum
2349 4883 2513 4948 istud,
2569 4901 2588 4935 t
2624 4883 2800 4938 adhuc
2847 4882 3011 4937 mttlta
3066 4884 3239 4940 habeo
3290 4888 3472 4949 dicere

1900 4974 2126 5039 vobis,»
2179 4991 2285 5029 non
2337 4973 2401 5027 ad
2443 4988 2609 5029 novos
2652 4973 2956 5043 quoslibet,
3009 4984 3066 5030 et
3116 4977 3331 5046 penitus
3379 4978 3473 5035 Dei

1900 5065 2075 5135 gratia
2130 5079 2330 5119 vacuos
2362 5064 2610 5134 dirigitur
2646 5063 2758 5136 (76)
2788 5081 2804 5118 :
2834 5065 2929 5119 sed
2969 5064 3035 5118 ad
3062 5080 3155 5120 eos
3187 5068 3276 5137 qui
3326 5070 3473 5124 audi-

1903 5164 2046 5210 tores
2085 5156 2371 5211 verborum
2415 5154 2552 5225 ejus,
2594 5157 2824 5212 necdum
2875 5156 3088 5215 fuerant
3117 5162 3296 5214 omnia
3339 5175 3470 5216 cou-

871 5315 917 5348 ⁵³
954 5314 1096 5370 Psal.
1121 5312 1375 5385 ALXX,17.
1442 5312 1499 5385 ff
1536 5309 1556 5385 l_
1584 5310 1711 5385 Cor.
1738 5326 1797 5382 tt,

1900 5351 1908 5365 .
1986 5314 2034 5346 ³⁸
2075 5314 2205 5371 ibid.
2230 5314 2317 5369 10.
2391 5314 2440 5347 ⁸⁸
2478 5314 2607 5371 ibid.
2632 5316 2689 5372 4.
2762 5316 2809 5349 ⁸⁷
2842 5317 2961 5373 Act.
2988 5333 3028 5384 t,
3059 5319 3114 5374 8.
3189 5317 3235 5351 ⁵⁸
3265 5317 3400 5374 Luc.
3432 5334 3471 5385 ι,

1968 5496 2079 5566 (74)
2122 5495 2262 5552 Idem
2293 5495 2493 5565 Vattc.,
2528 5516 2547 5551 α
2582 5506 2637 5555 et
2667 5499 2912 5558 veritatis
2944 5501 3059 5570 bei,
3084 5520 3103 5555 ι
3143 5510 3331 5559 braeco
3357 5504 3474 5574 ipso

1899 5574 2045 5620 textu
2083 5581 2357 5622 renuente.

1968 5636 2081 5713 (75)
2123 5636 2319 5691 Recole
2358 5638 2614 5713 (ωδε-ίῳ-
2640 5639 2744 5696 hoc
2791 5641 2927 5696 libro
2967 5642 3106 5713 Περὶ
3156 5642 3475 5713 Δογμάτων

1898 5707 2129 5763 diximus
2155 5724 2313 5775 supra
2333 5708 2441 5762 col.
2483 5708 2644 5774 1040,
2678 5721 2789 5766 not.
2815 5713 2908 5767 2i.

1968 5776 2078 5846 (76)
2122 5776 2349 5832 Maxima
2398 5779 2482 5835 hic
2514 5778 2781 5839 dissensio
2812 5780 3200 5853 exemplarium
3234 5790 3335 5838 est.
3369 5781 3469 5838 Ve-
