4042 6404
642 355 784 414 1063

1911 357 2148 413 DIDYMI
2189 353 2658 412 ALEXANDRINI

3704 356 3807 412 1061

639 477 834 532 secuti.
883 475 1232 547 Quaecunque
1283 476 1430 531 enim
1481 477 1730 533 sufﬁcere
1760 487 2051 548 poterant,
2101 490 2210 533 tra-
2246 489 2287 543 Α
2316 493 2381 532 ex
2412 476 2574 532 Patre
2604 485 2661 530 et
2681 490 2768 530 me
2795 482 2913 538 est,
2941 472 3045 528 hoc
3091 472 3237 527 enim
3269 470 3441 542 ipsum
3471 469 3601 540 quod
3623 472 3813 528 subsistit

640 568 773 619 deus
805 567 909 628 eis,
956 567 1006 618 in
1041 564 1282 619 futurum
1319 577 1530 636 tempus
1565 567 1770 637 reliqua
1804 568 2055 624 distulit:
2088 584 2210 639 ane

639 659 757 710 sine
794 656 1075 724 disciplina
1110 654 1347 725 Spiritus
1395 657 1571 711 sancti
1616 657 1756 712 scire
1787 672 1893 711 non
1941 667 2210 727 poterant,

637 745 761 814 quia
800 756 928 801 ante
971 747 1260 799 adventum
1294 745 1586 802 Dominicae
1635 748 1902 816 passionis
1947 764 2052 804 non
2095 758 2215 804 erat

637 837 796 888 datus
824 834 1132 889 hominibus
1183 832 1420 903 Spiritus
1451 846 1673 891 sanctus
1701 835 1839 907 (77),
1884 837 2211 908 evangelista

636 926 887 980 dicente:
926 943 945 977 ι
975 925 1085 980 Non
1129 927 1272 980 enim
1303 937 1424 980 erat
1455 927 1706 996 cuiquam
1752 927 1992 996 Spiritus
2027 928 2211 996 datus,

637 1018 758 1085 qnia
799 1015 954 1071 Jesus
984 1019 1206 1072 necdum
1241 1027 1358 1071 erat
1385 1017 1715 1087 glorificatns
1740 1019 1808 1072 “.
1834 1037 1854 1072 ι
1891 1017 2201 1074 Glorificari

637 1108 819 1163 dicens
848 1106 1052 1168 Jesum.
1094 1117 1324 1162 mortem
1359 1118 1578 1178 gustare
1613 1125 1712 1178 pro
1754 1111 1984 1165 cunctis.
2019 1109 2208 1180 Itaque

636 1209 754 1267 post
814 1201 1264 1252 resurrectionem
1321 1215 1590 1269 apparens
1639 1201 1920 1272 discipulis
1970 1205 2117 1266 suis,
2157 1210 2213 1259 et

637 1289 913 1343 iusulﬂans
960 1291 1012 1343 itt
1068 1289 1259 1342 faciem
1307 1305 1538 1345 eorum:
1594 1308 1614 1342 α
1645 1291 1954 1360 Accipite,»
1999 1291 2208 1362 inquit,

641 1399 660 1434 ι
693 1379 949 1449 Spiritum
1001 1391 1247 1434 sanctum
1283 1381 1360 1446 “;
1393 1400 1412 1434 ι
1451 1391 1506 1435 et
1555 1396 1769 1435 rursum
1809 1399 1824 1436 :
1873 1401 1892 1434 ι
1921 1383 2213 1452 Accipietis

635 1473 885 1524 virtutem
933 1471 1168 1540 Spiritus
1217 1473 1388 1525 sancti
1443 1473 1708 1527 venientis
1756 1488 1920 1542 super
1960 1489 2053 1527 vos
2091 1473 2206 1527 ⁸³.»

635 1563 751 1627 Quo
783 1563 1031 1614 veniente
1073 1562 1123 1615 in
1160 1564 1320 1616 corda
1371 1562 1726 1626 credentium,
1765 1563 2052 1631 implentur
2089 1578 2208 1617 ser-

637 1655 881 1708 monibus
924 1657 1198 1722 sapientia:
1243 1665 1300 1709 et
1349 1655 1627 1718 scientiae,
1668 1665 1725 1711 et
1776 1656 1856 1710 sic
1905 1654 2211 1725 spirituales

635 1744 836 1811 effecti,
863 1747 1162 1815 suscipiunt
1196 1745 1430 1815 Spiritus
1471 1746 1641 1801 sancti
1681 1745 2046 1815 disciplinam,
2089 1760 2209 1816 qua:

635 1837 804 1906 possit
847 1852 940 1891 eos
969 1837 1236 1890 deducere
1271 1838 1323 1891 in
1367 1851 1582 1891 omnem
1628 1837 1931 1893 veritatem.
1965 1835 2204 1892 Necdum
2237 1820 2284 1879 Β

635 1929 776 1984 enim
805 1929 1038 1983 instante
1065 1927 1215 1998 [[ort.
1247 1926 1502 2000 instabat]
1542 1928 1673 1983 hora
1708 1929 1759 1982 in
1792 1943 1894 1996 qua
1923 1928 2209 1997 oportebat

635 2035 726 2074 eos
756 2017 958 2088 Spiritu
988 2029 1175 2074 sancto
1203 2018 1416 2089 repleri,
1442 2030 1569 2073 tunc
1590 2020 1805 2089 quando
1833 2019 1967 2072 dixit
1993 2019 2058 2072 ad
2083 2033 2201 2085 eos,

641 2131 660 2164 ι
692 2115 881 2168 Adhuc
920 2111 1084 2166 multa
1135 2112 1303 2166 habeo
1331 2111 1482 2166 vobis
1515 2111 1718 2175 dicere,
1741 2129 1760 2162 ι
1815 2119 2209 2180 consequenter

637 2206 860 2270 addidit,
898 2221 918 2255 ι
949 2204 1042 2258 sed
1078 2219 1184 2258 non
1231 2203 1454 2272 potestis
1482 2215 1544 2256 ea
1580 2211 1800 2268 portare
1847 2201 2024 2256 modo.
2049 2218 2069 2252 ι
2100 2201 2211 2254 Λιι-

637 2295 741 2348 huc
783 2295 926 2347 enim
957 2301 1085 2363 typo
1121 2293 1274 2362 legis,
1299 2301 1356 2348 et
1389 2293 1611 2355 umbrae,
1636 2299 1692 2344 et
1734 2289 2058 2358 imaginibus
2092 2303 2209 2344 ser-

635 2381 860 2449 vientcs,
888 2399 990 2438 non
1023 2393 1271 2454 poterant
1313 2383 1594 2437 veritatem
1630 2383 1807 2452 (cujus
1839 2381 2084 2435 umbram
2119 2379 2208 2434 lex

635 2477 901 2546 portabat)
942 2476 1226 2545 inspicere,
1260 2474 1402 2529 unde
1435 2488 1534 2529 nec
1566 2473 1867 2543 spiritualia
1896 2472 2010 2544 (78)
2043 2472 2206 2527 susti-

637 2583 783 2622 nere.
819 2586 838 2618 ι
863 2566 996 2621 Cum
1042 2576 1255 2632 autem,
1277 2585 1296 2618 ι
1333 2566 1442 2630 ait,
1492 2583 1512 2617 ι
1543 2567 1751 2621 venerit
1788 2564 1896 2630 ille,
1920 2584 1939 2616 ι
1987 2565 2087 2619 hoc
2124 2573 2209 2620 est

640 2676 658 2708 ι
703 2658 1008 2727 paracletus
1032 2655 1266 2726 Spiritus
1287 2655 1548 2719 veritatis,
1577 2655 1773 2726 diriget
1794 2670 1890 2710 vos
1920 2655 1973 2708 in
1993 2667 2207 2708 omnem

635 2752 938 2814 veritatem,
959 2768 978 2801 ι
1009 2763 1107 2803 sua
1139 2747 1408 2813 doctrina,
1446 2755 1499 2801 et
1534 2747 1872 2801 institutione
1909 2759 2004 2800 vos
2036 2756 2208 2800 trans-

636 2844 814 2898 ferens
843 2857 872 2896 a
913 2849 1083 2896 morte
1123 2839 1314 2894 littera:
1369 2840 1436 2892 ad
1469 2838 1715 2908 spiritum
1743 2836 2124 2901 vivificantem,
2153 2838 2205 2891 in

634 2949 744 3002 quo
774 2932 888 2986 solo
935 2931 1110 2985 omnis
1159 2929 1454 2998 Scriptura:
1498 2929 1699 2984 veritas
1741 2929 1914 2998 posita
1942 2939 2044 2984 est.
2088 2929 2208 2998 ipse

633 3040 761 3094 ergo
791 3023 1026 3092 Spiritus
1053 3020 1320 3082 veritatis,
1349 3019 1658 3086 ingrediens
1701 3034 1890 3088 puram
1918 3029 1972 3074 et
2002 3019 2208 3088 simpli-

633 3129 751 3170 cem
793 3123 1049 3178 mentem,
1089 3111 1326 3180 signabit
1360 3110 1411 3164 in
1446 3111 1596 3165 vobis
1625 3110 1909 3166 scientiam
1940 3110 2204 3174 veritatis,

2313 581 2368 624 et
2401 569 2660 638 loquitur,
2695 581 2724 620 a
2752 565 2915 620 Patre
2942 574 2998 619 et
3018 579 3102 618 me
3124 564 3197 618 illi
3221 573 3322 618 est.
3358 562 3468 631 Ego
3495 563 3730 617 veritatem
3755 563 3815 617 lu.

2313 674 2472 728 quor,
2507 658 2559 712 id
2594 666 2678 712 est
2703 696 2718 720 ,
2758 656 2963 725 inspiro
3000 670 3122 724 qua:
3152 653 3426 723 loquitur;
3463 651 3694 720 siquidem
3725 653 3816 720 Spi-

2315 751 2452 804 ritus
2476 749 2718 804 veritatis
2763 756 2868 803 est.
2903 746 3092 800 Dicere
3117 755 3295 800 autem
3339 755 3394 799 et
3424 743 3562 812 loqui
3601 743 3646 796 iu
3676 741 3814 796 'l‘riui-

2316 849 2449 903 tate,
2481 853 2584 892 non
2638 837 2933 892 secundum
2977 834 3423 890 consuetudinem
3469 841 3706 894 nostram,
3736 845 3814 900 qua

2315 931 2383 983 ad
2435 943 2535 982 nos
2587 927 2816 982 invicem
2849 926 3278 982 sermocinamur
3311 935 3366 981 et
3412 924 3677 993 loquimur,
3707 924 3815 979 acci-

2314 1023 2586 1090 piendum,
2621 1020 2716 1075 sed
2739 1018 2891 1088 juxta
2928 1018 3155 1074 formam
3199 1018 3608 1088 incorporaliutn
3643 1028 3815 1071 natura-

2315 1129 2468 1175 rum.
2491 1121 2549 1168 et
2585 1113 2819 1166 maxime
2861 1110 3167 1177 Trinitatis,
3215 1125 3334 1177 qua
3363 1109 3670 1163 voluntatem
3698 1122 3814 1161 suam

2314 1202 2502 1258 inserit
2529 1202 2580 1256 in
2607 1201 2772 1256 corde
2799 1199 3134 1255 credentium
3167 1197 3306 1268 (79),
3338 1208 3392 1252 et
3419 1213 3597 1252 eorum
3625 1195 3702 1266 qui
3727 1211 3814 1252 eam

2311 1291 2499 1347 audire
2524 1300 2650 1346 sunt
2687 1290 2873 1362 digni:
2916 1290 3018 1345 hoc
3037 1299 3152 1356 est,
3187 1290 3365 1344 dicere
3382 1297 3436 1344 et
3458 1287 3611 1358 loqui.

2383 1423 2472 1480 55.
2517 1422 2626 1477 Nos
2655 1422 2849 1492 quippe
2885 1422 3132 1476 homines
3159 1419 3376 1490 quando
3405 1422 3470 1475 de
3503 1420 3662 1489 aliqua
3689 1434 3738 1475 re
3765 1419 3812 1473 ul

2312 1515 2540 1570 alterum
2591 1513 2880 1583 loquimur,
2921 1513 3153 1582 primum
3199 1511 3340 1580 quod
3383 1509 3646 1573 volumus,
3684 1519 3818 1563 mente

2311 1608 2643 1677 concipimus
2683 1606 2887 1675 absque
2939 1618 3188 1658 sermone
3229 1602 3362 1675 (80).
3409 1600 3534 1656 inde
3575 1601 3621 1654 in
3647 1601 3816 1653 alterius

2311 1716 2525 1757 sensum
2557 1698 2798 1754 volentes
2843 1695 3177 1762 transferre,
3228 1695 3422 1764 lingua:
3455 1709 3690 1764 organum
3710 1707 3819 1746 cotu-

2312 1805 2620 1857 movemus,
2648 1800 2704 1845 et
2731 1790 2881 1860 quasi
2909 1788 3178 1858 quoddam
3212 1785 3478 1855 plectrum
3502 1785 3697 1840 chordis
3717 1785 3816 1837 den-

2309 1883 2442 1938 tium
2486 1881 2830 1943 collidentes,
2863 1877 3103 1932 vocalem
3166 1890 3354 1931 sonum
3390 1873 3687 1929 emittimus.
3736 1869 3822 1936 Quo

2309 1974 2467 2028 modo
2493 1973 2656 2043 igitur
2685 1986 2781 2026 nos
2828 1971 3096 2040 linguam,
3140 1983 3299 2039 quam
3340 1966 3519 2037 palato
3560 1963 3815 2037 (8|)deuti.

2308 2066 2513 2134 busque
2543 2061 2865 2127 collidimus,
2909 2070 2966 2116 et
3002 2060 3166 2114 ictum
3209 2071 3387 2112 aerem
3420 2057 3473 2111 in
3504 2058 3694 2110 diversa
3720 2063 3821 2106 tem-

2308 2169 2560 2226 peramus
2599 2153 2834 2224 eloquia,
2884 2163 2942 2206 ut
2973 2150 3130 2205 nobis
3170 2158 3294 2204 uota
3340 2143 3820 2203 communicemusiu

2309 2248 2446 2302 alios
2473 2265 2486 2302 :
2517 2247 2587 2300 ita
2623 2255 2676 2301 ct
2706 2246 3002 2300 auditorem
3045 2256 3266 2297 necesse
3297 2249 3378 2295 est
3407 2239 3611 2308 patulas
3634 2236 3823 2306 przhere

2311 2351 2493 2404 aures,
2528 2345 2582 2390 et
2612 2335 2758 2390 nullo
2779 2334 2910 2389 vitio
2941 2343 3264 2394 coarctatas,
3297 2331 3348 2384 in
3386 2345 3452 2384 ea
3488 2342 3602 2400 quae
3623 2327 3825 2380 dicuntur

2309 2431 2547 2498 arrigere
2593 2427 2744 2498 (82),
2777 2437 2836 2479 ut
2869 2425 3036 2496 possit
3061 2425 3131 2478 ita
3168 2425 3309 2478 scire
3341 2438 3462 2492 qua:
3510 2419 3818 2492 proferuntur.

2308 2519 2576 2590 quomodo
2600 2517 2747 2572 novit
2771 2532 2833 2572 ea
2867 2517 2956 2571 ille
2989 2516 3077 2584 qui
3102 2513 3356 2584 loquitur.
3389 2513 3556 2568 Porro
3586 2512 3708 2564 Deus
3725 2507 3822 2560 situ-

2308 2611 2428 2681 plex
2465 2620 2518 2664 et
2571 2612 2936 2679 incompositae
2975 2606 3377 2676 spiritualisque
3425 2614 3650 2666 naturae,
3690 2613 3821 2667 neque

2309 2717 2487 2767 aures,
2514 2713 2688 2771 neque
2711 2715 2913 2771 organa
2939 2739 2957 2766 ,
2989 2699 3183 2768 quibus
3213 2713 3315 2751 vox
3354 2695 3632 2759 emittitur,
3672 2690 3823 2749 habet;

2308 2793 2401 2848 sed
2425 2791 2661 2846 solitaria
2693 2789 3356 2860 incomprehensibilisque
3376 2786 3671 2844 substantia
3699 2781 3819 2836 nullis

2309 2883 2564 2938 membris
2606 2883 2955 2953 partibusque
3000 2881 3362 2950 componitur.
3411 2882 3542 2947 Quae
3569 2877 3755 2946 quidem
3781 2872 3828 2924 de

2308 2975 2445 3032 Filio
2482 2986 2535 3032 et
2563 2978 2630 3032 de
2663 2975 2869 3046 Spiritu
2906 2987 3092 3032 sancto
3128 2976 3383 3032 similiter
3409 2972 3720 3046 accipienda.

2380 3111 2470 3167 36.
2513 3111 2567 3166 Si
2593 3111 2809 3182 quando
2841 3125 2969 3183 ergo
3010 3111 3234 3182 legimus
3261 3112 3312 3166 in
3352 3121 3685 3179 acrtpturts:
3722 3100 3831 3154 «Di-

633 3216 688 3261 et
726 3221 938 3274 semper
966 3219 1104 3259 nova
1129 3203 1404 3259 veteribus
1452 3203 1770 3273 adiungens,
1807 3202 2000 3273 diriget
2026 3217 2121 3258 vos
2150 3203 2203 3258 in
2236 3181 2282 3242 ο
2313 3201 2390 3255 xit
2409 3181 2666 3255 Dominus
2685 3181 2923 3256 Domino
2945 3181 3130 3256 meo“
3158 3218 3172 3266 ;
3197 3219 3216 3252 ›
3238 3210 3290 3255 et
3318 3201 3447 3255 alibi
3471 3218 3484 3254 :
3506 3218 3524 3250 (
3555 3197 3684 3253 Dixit
3707 3193 3831 3248 DeuS.

632 3312 848 3352 omnem
878 3296 1181 3350 veritatem.

705 3386 798 3441 54.
832 3385 915 3439 Ad
957 3385 1123 3440 Deum
1165 3398 1379 3453 quoque
1431 3383 1645 3438 Patrem
1694 3383 1908 3453 quidam
1964 3383 2204 3455 allegans

634 3490 839 3544 preces,
873 3475 1112 3545 loquitur
1157 3493 1171 3530 :
1211 3492 1230 3526 ι
1269 3474 1450 3546 Dirige
1485 3489 1570 3530 me
1604 3475 1656 3528 in
1688 3475 1916 3529 veritate
1968 3483 2057 3528 tua
2081 3474 2148 3538 ⁵⁵,
2176 3493 2196 3528 ι

640 3566 741 3618 hoc
787 3574 893 3627 est,
921 3565 972 3618 in
1015 3564 1304 3634 Unigenito
1348 3575 1471 3632 tuo,
1505 3567 1720 3636 propria
1765 3579 1897 3620 voce
1931 3573 2201 3621 testante:

641 3672 660 3706 ι
703 3654 812 3726 Ego
841 3670 960 3710 sum
995 3656 1193 3710 veritas
1233 3656 1301 3711 “.
1341 3675 1360 3710 ι
1391 3657 1562 3724 Quam
1599 3656 1984 3727 perfectionem
2023 3660 2212 3716 tribuit

641 3745 778 3800 Deus
814 3746 1031 3801 mittens
1081 3744 1342 3815 Spiritum
1381 3749 1660 3814 veritatis,
1704 3749 1798 3821 qui
1832 3751 2118 3806 credentes
2151 3751 2206 3805 in

639 3847 805 3892 totam
836 3837 1035 3907 dirigat
1075 3839 1377 3894 veritatem.
1417 3841 1622 3896 Dehinc
1663 3842 1716 3896 in
1753 3842 2210 3910 consequentibus

635 3931 701 3982 de
743 3925 949 3998 Spiritu
989 3928 1257 3997 veritatis,
1291 3932 1387 4003 qui
1437 3947 1468 3987 a
1520 3933 1680 3988 Patre
1733 3935 1999 4002 mittatur,
2047 3943 2102 3990 et
2141 3935 2212 3990 sit

635 4018 977 4084 Paracletus,
1024 4019 1276 4076 Salvator
1329 4024 1439 4093 (qui
1495 4033 1551 4080 et
1587 4024 1810 4096 veritas)
1854 4026 1930 4079 ait
1966 4043 1980 4079 :
2035 4041 2056 4078 ‹
2098 4023 2212 4079 Non

631 4112 773 4166 enim
805 4112 1053 4184 loquetur
1083 4130 1113 4168 a
1151 4117 1479 4186 semetipso:
1505 4134 1525 4168 ι
1549 4117 1651 4173 hoc
1677 4128 1782 4185 est,
1809 4134 1913 4173 non
1949 4118 2069 4173 sine
2104 4132 2210 4181 me.

635 4212 694 4260 et
723 4203 840 4259 sine
878 4219 1001 4260 meo
1029 4215 1084 4261 et
1112 4205 1292 4262 Patris
1322 4208 1572 4274 arbitrio,
1611 4211 1736 4279 quia
1773 4209 2147 4278 inseparabilis
2177 4224 2208 4264 a

633 4312 672 4336 ’τ
688 4313 752 4352 ea
776 4307 831 4352 et
861 4297 1037 4354 Patris
1063 4311 1147 4354 est
1173 4301 1470 4369 voluntate,
1514 4305 1639 4375 quia
1667 4319 1771 4358 non
1799 4319 1867 4358 ex
1899 4318 1957 4358 se
1981 4313 2084 4370 est,
2112 4303 2206 4357 sed

701 4393 743 4464 ff
777 4391 930 4447 Joan.
957 4407 1056 4464 vlt,
1079 4396 1170 4452 39.
1246 4396 1290 4428 ⁸³
1314 4396 1470 4452 Joan.
1497 4414 1588 4464 xx,
1618 4396 1709 4452 22.
1785 4397 1831 4429 “
1866 4396 1990 4454 Act.
2018 4413 2058 4464 ι,
2089 4397 2145 4452 8.
2220 4395 2265 4428 ⁸⁵
2287 4395 2434 4452 Psal.
2497 4409 2648 4459 xxtv,
2697 4393 2752 4450 5.
2829 4393 2874 4424 “
2911 4391 3068 4448 Joan.
3097 4409 3210 4460 xtv,
3259 4394 3314 4448 6.

632 4461 674 4494 ⁸⁷
703 4461 837 4517 Gen.
872 4478 918 4525 ι,
954 4461 1006 4515 5.

633 4565 716 4606 tus
755 4553 954 4622 editio,
978 4569 997 4602 ι
1028 4561 1077 4606 et
1115 4551 1328 4622 penitus
1371 4551 1464 4606 Dei
1514 4552 1831 4622 sapientiam
1882 4553 2189 4608 nescientes
2219 4555 2263 4610 D

631 4623 883 4692 dirigitp
922 4621 1090 4676 Vatic.
1120 4619 1264 4692 rDei
1300 4619 1626 4692 sapientiam
1662 4624 1960 4678 nescientes
2005 4623 2190 4692 dirigi-

631 4701 742 4754 tur;
771 4710 789 4743 i
830 4691 983 4762 ileg.,
1024 4709 1046 4762 ς
1078 4690 1169 4745 Dei
1197 4691 1455 4760 sapientia
1485 4695 1716 4762 ignaros,
1736 4711 1755 4744 ι
1788 4703 1894 4747 etc.
1936 4690 2179 4754 Tliolos.,

633 4778 654 4814 ι
693 4774 746 4816 et
784 4761 968 4829 plenus
1015 4761 1108 4815 Dei
1159 4763 1420 4828 sapientia
1469 4761 1719 4830 dirigitur
1765 4763 1905 4817 sicut
1971 4762 2192 4816 fuerunt

623 4831 756 4899 justi
787 4841 840 4884 et
873 4832 1174 4899 pmphetze,
1223 4832 1316 4884 sed
1368 4833 1432 4886 ad
1481 4846 1596 4896 eos,
1629 4834 1716 4899 qui
1754 4836 2039 4899 verborum
2077 4830 2192 4898 ejus

628 4898 894 4955 auditores
925 4901 1148 4954 necdum
1182 4899 1410 4964 fuerant,
1435 4920 1453 4954 ι
1484 4912 1594 4957 etc.
1623 4898 1756 4955 Tum
1786 4902 1960 4955 denuo
1989 4898 2187 4964 Vatic.,

632 4988 652 5020 ι
682 4971 904 5041 necdum
925 4970 1148 5041 fuerant
1173 4971 1349 5023 omnia
1385 4973 1680 5034 consecuti,
1709 4986 1830 5041 qua:
1874 4980 2062 5040 postea
2094 4986 2191 5039 pro

630 5040 845 5093 nomine
887 5039 1012 5110 ejus
1031 5039 1256 5094 sufferre
1287 5049 1554 5108 poterant,
1603 5043 1698 5096 sed
1728 5039 1906 5110 aliqua
1939 5056 2004 5096 ex
2039 5051 2194 5109 parte

631 5113 847 5180 tradens
874 5111 954 5162 eis
985 5109 1095 5175 illa,
1134 5125 1252 5177 qua:
1283 5113 1480 5178 majora
1522 5122 1677 5166 erant
1705 5111 1756 5180 in
1780 5109 2050 5180 posterum
2089 5110 2192 5162 dif-

628 5179 827 5240 ferens.
860 5180 1240 5249 commendans
1265 5188 1318 5232 et
1348 5181 1457 5246 illa,
1487 5195 1604 5249 qua:
1635 5184 1685 5234 in
1715 5179 1950 5233 futurum
1979 5189 2190 5248 tempus

629 5251 745 5304 ideo
790 5248 1026 5314 distulit,
1069 5260 1128 5301 ut
1154 5249 1370 5316 reliqua
1417 5248 1694 5320 disciplina
1749 5249 1977 5317 Spiritus
2018 5251 2190 5304 sancti

626 5321 728 5384 sui,
755 5334 940 5388 qum...
981 5333 1085 5371 nou
1122 5330 1372 5389 poterant
1403 5321 1447 5374 si
1491 5322 1738 5388 primitus
1785 5325 1833 5373 in
1871 5329 2054 5389 nostro
2096 5333 2190 5372 ca-

627 5391 733 5457 pite
774 5388 1140 5467 magisterium
1168 5399 1222 5442 et
1254 5389 1425 5444 forma
1458 5393 1633 5444 crucis
1667 5391 1888 5467 periret.
1917 5388 2185 5467 Quaecun-

535 5464 544 5473 '
625 5459 918 5528 queeuitn
983 5457 1206 5512 sufferre
1259 5470 1569 5528 paterent,»
1620 5457 1724 5515 etc.
1767 5461 1962 5514 Eadem
2020 5457 2190 5514 ferme

625 5527 958 5601 Tholosanus
983 5527 1269 5595 prazponit,
1287 5539 1602 5601 tantumque
1626 5533 1822 5586 rectius
1853 5531 2001 5597 legit,
2017 5546 2052 5601 _r
2084 5529 2186 5583 nisi

627 5599 871 5670 primitus
918 5598 971 5670 in
1025 5609 1207 5651 nostro
1258 5602 1435 5668 capite
1492 5597 1857 5670 magisterium
1905 5612 1962 5670 et
2011 5597 2186 5652 forma

625 5667 800 5720 crucis
849 5667 1139 5737 praeiret“
1192 5667 1335 5737 quia
1369 5679 1492 5723 ante
1555 5667 1841 5723 adventum
1904 5669 2191 5722 Dominica:

627 5737 908 5863 passioluis,
934 5755 954 5791 ι
987 5745 1117 5804 etc.,
1149 5752 1215 5793 ex
1249 5738 1444 5808 quibus
1491 5740 1611 5795 boui
1659 5739 1860 5809 aliquid
1895 5738 2063 5794 lector
2095 5754 2192 5793 cx-

627 5819 719 5861 tun
760 5821 787 5860 a
817 5845 833 5861 .

627 5816 833 5861 tundat.

2309 3292 2431 3348 Fiat
2460 3293 2545 3346 lux
2575 3292 2641 3358 ⁸⁷,
2679 3311 2698 3346 ι
2723 3303 2776 3348 et
2801 3294 2844 3348 si
2871 3309 2974 3364 qua
3007 3293 3092 3350 his
3123 3293 3340 3356 similia,
3391 3293 3551 3354 digne
3577 3287 3664 3360 (al.
3692 3281 3831 3353 ding

2307 3387 2416 3441 Deo
2443 3387 2690 3456 accipere
2734 3385 3011 3441 debemus.
3043 3383 3228 3456 Neque
3254 3387 3400 3441 enim
3441 3387 3700 3455 ignorante
3731 3374 3830 3430 Filio

2307 3478 2418 3549 (qui
2441 3477 2700 3548 sapientia
2721 3485 2775 3532 et
2805 3476 3006 3530 veritas
3031 3477 3133 3549 est)
3169 3477 3330 3531 Pater
3359 3493 3514 3532 suam
3539 3472 3730 3529 nuntiat
3756 3481 3826 3518 vo-

2310 3570 2590 3633 luntatem,
2622 3583 2744 3622 cum
2778 3581 2940 3623 omne
2970 3569 3114 3636 quod
3158 3568 3421 3636 loquitur,
3452 3567 3657 3637 sapiens
3689 3570 3826 3614 νοτυς·

2309 3672 2413 3730 que
2441 3658 2762 3721 subsistens,
2796 3658 2850 3712 in
2889 3661 3153 3728 sapientia
3186 3661 3385 3715 haheat
3441 3669 3498 3714 et
3553 3659 3601 3712 in
3630 3655 3821 3709 substan-

2309 3753 2381 3807 tia
2412 3751 2546 3823 (83).
2583 3749 2749 3820 ιοαυί
2792 3767 2922 3822 ergo
2966 3751 3212 3818 Patrem,
3243 3764 3296 3807 et
3323 3753 3514 3807 audire
3551 3736 3826 3807 Filium,vel

2309 3857 2341 3898 e
2373 3843 2668 3904 contrario,
2693 3841 3124 3912 Filioloquente,
3158 3843 3346 3897 audire
3379 3841 3614 3901 Patrem,
3642 3833 3827 3902 ejusdem

2311 3946 2516 3992 natura:
2546 3936 2600 3990 in
2637 3935 2796 3990 Patre
2837 3946 2893 3990 et
2936 3936 3074 3992 Filio
3115 3950 3526 4006 consensusque
3557 3921 3825 4001 signiﬁcatio

2309 4036 2412 4081 est.
2445 4025 2678 4095 Spiritus
2706 4039 2921 4096 quoque
2951 4036 3171 4082 sanctus
3191 4067 3208 4092 ,
3241 4027 3332 4096 qui
3367 4037 3454 4082 est
3485 4024 3693 4094 spiritus
3724 4010 3816 4067 veri

2311 4117 2460 4184 tatis,
2507 4116 2839 4186 spiritusque
2892 4117 3190 4186 sapientiae,
3242 4131 3348 4172 non
3407 4123 3584 4185 potest
3629 4108 3744 4164 Filio
3769 4103 3822 4154 lo-

2307 4217 2505 4279 quente
2529 4207 2714 4263 audire
2747 4222 2868 4278 qua:
2907 4209 3078 4263 nescit
3100 4247 3116 4274 ,
3141 4223 3261 4263 cum
3297 4208 3402 4264 hoc
3436 4209 3604 4277 ipsum
3629 4201 3690 4255 sit
3722 4189 3825 4265 quod

2305 4300 2580 4371 profertur
2604 4315 2632 4354 a
2659 4298 2798 4354 Filio
2824 4340 2840 4367 ,
2867 4300 2919 4354 id
2952 4310 3036 4356 est
3055 4341 3071 4364 ,
3098 4300 3398 4369 procedens
3427 4315 3457 4353 a
3479 4297 3704 4354 veritate,
3727 4299 3817 4340 cun-

3395 4395 3442 4426 “
3473 4391 3613 4448 Psal.
3657 4401 3750 4446 cn,
3786 4378 3825 4432 2·

2365 4550 2477 4624 (77)
2519 4551 2765 4624 Tholos.,
2798 4573 2816 4605 ι
2849 4552 3096 4607 Nondum
3129 4563 3246 4607 erat
3272 4552 3512 4622 Spiritus
3542 4551 3709 4624 datus:
3729 4551 3822 4624 ‘1'“?

2291 4615 2470 4677 Jes'us'
2493 4623 2726 4676 nondum
2752 4615 2954 4677 fuerat
2979 4615 3326 4690 glorilieatus.
3363 4645 3381 4675 ι
3411 4623 3552 4689 Quid
3584 4627 3657 4673 est
3682 4615 3822 4668 .lcsml

2293 4694 2522 4746 nondum
2543 4693 2952 4748 honorificatum
2972 4694 2996 4746 ἲ
3016 4692 3349 4748 «ϐιοτίιίωτί
3382 4695 3589 4752 dicens,
3610 4707 3628 4737 ι
3655 4696 3745 4738 etc.

2363 4762 2477 4833 (78)
2530 4763 2668 4833 Erat,
2711 4782 2730 4815 ι
2772 4779 2839 4817 ne
2891 4763 3253 4831 spiritualiau
3299 4764 3467 4819 Vetus
3513 4761 3669 4819 edit.,
3710 4757 3822 4805 «nec

2292 4830 2541 4902 denique.
2573 4853 2592 4886 ι
2633 4832 2776 4897 Vat.,
2813 4851 2832 4884 ι
2865 4830 3056 4901 neque.
3085 4851 3102 4884 ι

2364 4887 2476 4978 (Ἱέ)
2516 4887 2911 4978 Legerat'olim
2951 4887 3335 4978 'Gratianus,_c
3379 4900 3577 4978 ingerit
3615 4913 3660 4978 ni
3698 4887 3820 4978 corde

2291 4975 2666 5038 credentium,
2699 4983 2755 5026 et
2793 4987 2981 5027 eorum
3011 4973 3265 5028 cordibus
3287 4974 3477 5028 inserit
3501 5012 3516 5034 ,
3554 4973 3637 5036 qni
3661 4973 3818 5038 eatn.t

2294 5053 2400 5166 ῗιο.
2424 5040 2551 5124 .Mox
2586 5034 2832 5110 Tholos.,
2867 5061 2887 5095 ι
2922 5042 3125 5106 dicere,
3165 5045 3328 5109 scire,
3363 5053 3423 5098 et
3464 5034 3757 5105 intelligere.
3782 5034 3821 5078 cl

2315 5128 2460 5166 00111.
2505 5131 2523 5164 ι

2315 5128 2460 5166 00111.
2505 5131 2523 5164 ι

2505 5131 2682 5236 ’νεῑιιε
2705 5183 2860 5249 edit.,
2893 5202 2912 5235 ‹
2947 5193 3130 5240 mente
3152 5181 3511 5250 concipimus.
3533 5190 3585 5234 et
3607 5177 3714 5247 quia
3742 5180 3818 5223 non

2293 5253 2535 5306 valemus
2564 5252 2768 5320 absque
2791 5269 3041 5309 sermone
3081 5256 3134 5309 iu
3179 5253 3408 5306 alterum
3440 5264 3651 5320 sensum
3678 5253 3817 5320 ira-['5‘

2297 5321 2462 5387 ferre,
2501 5307 2695 5391 lingua;
2723 5337 2980 5390 organum
3011 5307 3437 5378 commoveuuts.
3472 5340 3492 5372 ι
3533 5315 3716 5391 Exinde
3741 5307 3816 5391 11ιῇ

2294 5391 2431 5458 gina:
2479 5388 2630 5452 liber.
2687 5409 2706 5442 ι
2769 5388 2823 5446 ἐι
2864 5395 3055 5447 dentes
3097 5393 3248 5461 quasi
3279 5394 3554 5460 quoddam
3599 5388 3818 5457 plectrum

2303 5461 2472 5515 :urdis
2511 5462 2847 5524 collidentes,
2893 5481 2910 5515 ι
2953 5473 3062 5517 etc.

2364 5530 2474 5600 (8|)
2517 5530 2651 5584 Editi
2682 5532 2942 5598 plerique,
2972 5534 3234 5603 (linguam
3263 5545 3429 5602 quam
3456 5526 3647 5599 palato,
3669 5540 3686 5574 ι
3709 5526 3810 5573 etc:

2293 5603 2643 5654 etnendatnus
2670 5618 2698 5652 a
2735 5603 2970 5663 scriptis.
3697 5661 3705 5669 ,
3764 5655 3772 5663 .

2363 5670 2476 5741 (52)
2512 5671 2791 5724 Assentior
2822 5661 3062 5734 Durtltio,
3089 5672 3179 5741 qui
3220 5692 3237 5723 ι
3290 5671 3532 5740 arrigere
3559 5686 3576 5718 ι
3613 5661 3812 5728 scripsti.

2293 5741 2700 5816 proﬁternigcre,
2742 5759 2761 5792 ›
2791 5745 2932 5810 quod
2965 5746 3222 5816 hactenus
3250 5743 3579 5816 obtinuerat.
3616 5804 3628 5816 ο

2365 5810 2477 5881 (8⁵)
2516 5809 2654 5865 Olim
2677 5809 2819 5873 618?;
2847 5830 2864 5863 ι
2901 5823 2953 5867 et
3006 5813 3057 5866 iu
3095 5813 3317 5868 veritate
3365 5809 3723 5866 substantiam.
3757 5813 3772 5844 ι
