4042 6404
250 381 391 436 {€65

1366 378 1565 432 LIBER
1608 380 1690 434 DE
1733 377 2002 436 SPlRlTU
2048 375 2333 431 SANCTO.

3352 380 3371 433 l
3384 379 3485 436 066

250 495 455 549 solator
487 507 707 547 manans
748 491 811 546 de
855 491 1194 546 consolatore
1227 490 1359 562 (84),
1399 495 1536 548 Deos
1569 497 1632 549 de
1679 496 1816 559 Deo,
1850 503 1895 557 Α
1923 495 2062 562 quod
2090 497 2245 547 datur
2268 494 2311 545 ei
2339 507 2365 543 a
2394 490 2545 547 Filio.
2569 490 2856 559 Propterea
2883 500 3057 543 autem
3087 491 3184 544 ista
3210 492 3483 559 dicuntur,

251 585 485 654 Spiritus
509 585 758 638 veritatis
794 586 1106 651 procedens.
1149 583 1389 653 Denique
1428 602 1493 638 ne
1520 589 1639 654 quis
1666 587 1812 639 ῙΙΙιιιιι

248 691 277 729 a
314 674 491 729 Patris
519 683 572 727 et
602 672 720 726 Filii
763 672 1033 727 voluntate
1075 680 1129 725 et
1157 674 1413 726 societate
1444 674 1770 728 discerneret
1802 717 1814 738 ,

246 768 508 837 scriptum
533 776 614 821 est
640 783 653 818 :
695 784 713 815 ι
746 765 857 819 Νοη
890 767 1031 819 enim
1058 780 1086 818 a
1116 766 1405 834 semetipso
1431 765 1699 834 loquetur,
1724 768 1815 821 sed

244 856 387 909 sicut
415 854 595 909 audiet
641 853 908 922 loquetur.
945 873 963 905 ι
998 852 1097 907 Cui
1128 855 1287 909 etiam
1333 856 1508 909 simile
1542 856 1607 909 de
1642 857 1817 923 seipso

245 947 497 1000 Salvator
522 947 640 1001 ait:
676 964 695 996 ι
727 945 1072 1007 Sieutaudio,
1103 955 1155 999 et
1181 947 1365 1015 judico
1398 948 1472 1007 “;
1508 966 1525 997 ι
1564 958 1615 1001 et
1645 948 1765 1000 alibi
1801 968 1813 1001 :

251 1058 268 1090 ι
302 1037 416 1092 Non
440 1047 613 1105 potest
647 1038 817 1092 Filius
848 1054 873 1089 a
907 1052 964 1091 se
992 1038 1101 1105 (85)
1137 1037 1311 1092 facere
1348 1040 1637 1107 quidquam
1665 1078 1678 1101 ,
1717 1039 1816 1092 nisi

242 1131 387 1201 quod
416 1131 607 1183 viderit
632 1130 841 1183 Patrem
875 1130 1245 1183 facientem”.
1268 1150 1285 1181 ι
1316 1129 1370 1182 Si
1394 1130 1533 1182 enim
1565 1146 1701 1183 unus
1734 1138 1817 1183 est

242 1222 393 1275 l‘atri
434 1221 637 1286 Filius,
674 1236 775 1275 non
803 1220 955 1287 juxta
1006 1221 1225 1275 Sabellii
1266 1224 1465 1276 dictum
1515 1221 1730 1277 Patrem
1764 1234 1817 1276 et

246 1315 442 1366 Filium
481 1312 889 1377 confundentis,
924 1317 1015 1367 sed
1051 1314 1199 1380 juxta
1250 1314 1686 1369 indiscretionem
1735 1331 1818 1369 es-

242 1406 451 1469 sentim,
480 1404 596 1459 sive
617 1405 946 1468 substantiae,
974 1420 1077 1459 non
1104 1415 1278 1474 potest
1304 1406 1591 1474 quidquam
1618 1408 1817 1475 absque

245 1494 407 1547 Patre
449 1495 641 1559 facere,
666 1496 791 1565 quia
827 1506 1196 1563 separatorum
1237 1497 1447 1550 diversa
1473 1505 1597 1549 sunt
1629 1512 1816 1566 opera,

240 1587 339 1639 sed
374 1587 560 1640 videns
584 1598 896 1654 aperantem
920 1587 1156 1654 Patrem,
1185 1597 1239 1643 et
1265 1590 1377 1657 ipse
1406 1598 1680 1657 operatur,
1712 1605 1815 1642 non

240 1680 481 1731 secundo
515 1679 709 1747 gradu,
742 1688 794 1731 et
831 1689 949 1746 post
998 1679 1143 1731 illum
1186 1694 1431 1749 operans.
1466 1680 1585 1732 Alia
1623 1680 1818 1748 quippe

241 1768 443 1832 Patris,
474 1769 571 1821 alia
600 1768 719 1822 Filii
750 1785 909 1837 Opera
940 1785 1057 1824 esse
1093 1770 1409 1838 inciperent,
1437 1772 1481 1824 si
1512 1786 1617 1823 non
1644 1786 1817 1838 :equa-

240 1861 369 1915 liter
401 1861 606 1915 tierent.
645 1862 915 1929 Scriptum
964 1873 1047 1916 est
1078 1873 1255 1916 autem
1287 1882 1298 1916 :
1332 1879 1355 1915 ς
1386 1863 1517 1929 Qua:
1546 1865 1688 1918 enim
1724 1865 1812 1917 ille

238 1952 393 2017 facit,
432 1972 449 2005 ι
480 1953 617 2006 haud
663 1955 880 2007 dubium
920 1954 1046 2022 quin
1082 1954 1279 2018 Pater,
1309 1974 1326 2005 ι
1362 1957 1473 2011 lucc
1516 1956 1701 2009 eadem
1728 1956 1819 2009 Fi-

240 2045 350 2099 lius
384 2046 631 2099 similiter
659 2046 788 2098 facit
815 2048 881 2097 7°.
914 2065 930 2097 ι
963 2046 1115 2112 Quod
1142 2047 1185 2099 si
1228 2056 1481 2114 operante
1509 2046 1670 2102 Patre
1701 2046 1814 2118 (86)

238 2144 293 2188 et
329 2134 484 2199 Filio,
516 2150 617 2187 non
644 2134 793 2204 juxta
824 2136 1090 2199 ordinem,
1137 2136 1294 2203 primi
1346 2147 1396 2190 et
1429 2136 1673 2203 secundi,
1720 2139 1814 2190 sed

236 2226 390 2295 juxta
449 2226 582 2279 idem
614 2237 820 2296 tempus
850 2228 1106 2297 Operandi
1147 2230 1331 2282 eadem
1363 2239 1417 2281 et
1447 2229 1812 2292 indissimilia,

236 2318 541 2373 subsistunt
582 2318 832 2372 universa
873 2334 989 2388 qua:
1027 2320 1178 2385 littnl,
1223 2330 1275 2373 et
1304 2319 1473 2374 Filius
1505 2336 1607 2373 non
1640 2330 1811 2389 poteSL

238 2427 268 2464 a
295 2412 589 2481 semetipso
620 2412 907 2480 quidquam
951 2413 1126 2466 facere
1148 2455 1161 2475 ,
1197 2414 1285 2482 qui
1328 2428 1355 2465 a
1401 2410 1559 2467 Patre
1587 2429 1690 2467 non
1723 2430 1817 2482 po-

238 2513 349 2560 test
396 2504 657 2572 separari,
711 2505 789 2557 sic
842 2513 895 2557 et
934 2504 1167 2571 Spiritus
1221 2514 1439 2558 sanctus
1481 2517 1815 2572 nequaquam

238 2605 520 2665 separatus
548 2611 575 2648 a
598 2596 751 2660 Filio,
781 2605 999 2664 propter
1024 2596 1313 2649 voluntatis
1345 2606 1659 2664 naturteque
1688 2610 1819 2648 con-

238 2689 469 2743 sortium
496 2728 510 2753 ,
559 2703 661 2740 non
693 2688 984 2755 semetipso
1025 2688 1265 2741 creditur
1318 2686 1459 2756 loqui
1490 2726 1503 2749 ,
1548 2686 1638 2740 sed
1668 2686 1818 2756 juxta

238 2779 466 2830 verbum
493 2786 546 2831 et
582 2778 861 2829 veritatem
903 2777 994 2830 Dei
1032 2776 1268 2844 loquitur
1300 2777 1547 2830 universa
1578 2792 1696 2845 qua!
1740 2776 1819 2829 lo-

241 2871 455 2939 quitur.
482 2869 629 2923 llanc
654 2870 958 2938 Opinionem
985 2869 1258 2938 sequentia
1281 2869 1485 2923 Domini
1508 2872 1668 2923 verba
1694 2884 1816 2923 con-

237 2962 481 3025 ﬁrmant,
518 2960 770 3014 dicentis:
800 2959 917 3014 tllle
952 2975 1035 3013 me
1071 2959 1386 3015 clariﬁcabit
1422 2980 1440 3012 ι
1479 2960 1578 3031 [αι.
1608 2960 1818 3029 glorifi-

236 3052 431 3123 eahit].
462 3053 512 3105 id
551 3062 652 3115 est,
694 3051 1033 3117 Paracletus;
1064 3069 1081 3101 ι
1106 3052 1229 3120 quia
1254 3052 1318 3105 de
1347 3068 1463 3107 meo
1501 3052 1750 3107 accioiet.
1791 3070 1809 3102 ι

1921 594 1977 637 ιιι
2010 588 2251 639 eamdem
2296 584 2347 637 in
2407 582 2667 635 Trinitate
2717 582 2999 635 credamus
3052 596 3172 637 esse
3234 596 3482 638 naturain

1921 676 2152 743 Spiritus
2192 673 2383 736 sancti,
2410 687 2527 740 quin
2552 681 2635 725 est
2663 671 2839 724 Patris
2883 683 2936 723 et
2965 671 3104 725 Filii.

1990 766 2077 819 '58.
2121 764 2255 829 Quia
2282 779 2406 832 ergo
2435 762 2532 833 [αι.
2558 762 2726 833 enim]
2749 764 2921 815 omnis
2953 763 3182 817 humana
3210 779 3311 819 vox
3342 766 3477 819 nihil

1919 864 2096 927 potest
2146 857 2289 909 aliud
2339 855 2579 923 judicare
2627 870 2786 921 quam
2835 869 3083 923 corpora,
3122 865 3173 908 ct
3225 855 3483 920 Trinitas,

1919 952 1984 1004 de
2003 964 2105 1018 qua
2130 962 2271 1002 nunc
2296 948 2447 1001 nobis
2476 962 2653 1000 sermo
2682 956 2781 1009 est,
2814 961 3001 999 omnes
3032 948 3334 1003 materiales
3355 952 3485 1003 sub-

1919 1044 2145 1096 stantias
2178 1052 2412 1110 superat,
2452 1040 2652 1093 idcirco
2704 1040 2903 1091 nullum
2954 1042 3175 1093 verbum
3227 1050 3403 1108 potest
3436 1043 3483 1095 ei

1919 1133 2133 1201 proprie
2176 1132 2449 1201 coaptari,
2483 1142 2535 1185 et
2580 1132 2693 1198 ejus
2734 1132 3038 1200 signilicare
3089 1132 3483 1197 substantiam,

1919 1227 2009 1279 sed
2052 1240 2208 1277 omne
2254 1226 2393 1293 quod
2433 1224 2717 1293 loquimur,
2754 1225 3205 1295 καταχρηστικῶς
3230 1265 3243 1289 ,
3283 1226 3334 1281 id
3363 1239 3437 1281 eSI
3466 1268 3481 1291 ,

1920 1315 2138 1369 abusive
2169 1323 2269 1378 est,
2303 1323 2355 1367 et
2387 1315 2452 1368 de
2480 1316 2902 1383 incorporalibus
2926 1317 3157 1382 eunetis,
3182 1327 3236 1369 et
3253 1320 3484 1372 maxime

1918 1423 2039 1460 cum
2072 1407 2137 1460 de
2164 1407 2428 1460 Trinitate
2458 1407 2743 1474 loquimur.
2779 1408 3053 1463 Glorilicat
3083 1410 3259 1478 itaque
3283 1411 3478 1464 Filium

1920 1498 2152 1565 Spiritus
2177 1506 2412 1561 sanctus,
2442 1500 2726 1551 ostendens
2753 1498 2897 1552 illum
2923 1508 2976 1552 et
3006 1498 3058 1552 in
3084 1512 3325 1567 apertum
3356 1516 3482 1570 pro-

1921 1591 2098 1643 ferens
2146 1590 2227 1643 his
2260 1591 2345 1657 qui
2382 1591 2579 1643 mundo
2608 1592 2770 1644 corde
2815 1607 2933 1644 eum
2981 1592 3275 1661 intelligere
3307 1602 3360 1646 et
3403 1594 3482 1644 vi-

1919 1682 2044 1737 dere
2078 1693 2203 1735 sunt
2235 1683 2401 1752 digni,
2440 1694 2491 1738 et
2523 1684 2863 1752 splendorem
2897 1687 3227 1748 substantiae,
3258 1695 3312 1741 et
3348 1688 3483 1739 ima-

1920 1774 2092 1842 ginem
2119 1773 2400 1827 invisibilis
2424 1774 2513 1827 Dei
2533 1778 2690 1829 scire.
2719 1775 2944 1828 Rursum
2970 1777 3143 1846 imago
3168 1778 3277 1847 ipsa
3303 1787 3453 1831 osten

1920 1869 2049 1919 deus
2074 1881 2131 1920 se
2158 1867 2307 1933 puris
2334 1868 2620 1930 mentibus,
2646 1867 2907 1933 glorificat
2938 1867 3174 1934 Patrem,
3206 1870 3483 1923 insinuans

1918 1972 2037 2011 eum
2090 1956 2486 2019 nescientibus,
2528 1958 2641 2025 ipse
2668 1958 2807 2011 enim
2839 1959 2914 2012 ait
2950 1978 2963 2012 :
3015 1978 3033 2009 ι
3070 1960 3170 2026 Qui
3203 1960 3342 2014 videt
3378 1978 3481 2023 me,

1921 2047 2059 2099 videt
2090 2057 2141 2099 et
2174 2044 2384 2099 Patrem
2411 2046 2476 2099 τί.
2513 2065 2531 2099 ι
2558 2047 2713 2100 Pater
2752 2061 2963 2116 quoque
3000 2050 3241 2105 revelans
3286 2049 3481 2103 Filium

1918 2138 2001 2192 his
2042 2139 2130 2207 qui
2184 2138 2247 2190 ad
2302 2138 2500 2191 calcem
2537 2138 2777 2193 scientia:
2820 2141 3099 2208 pervenire
3144 2154 3478 2206 meruerunt,

1916 2228 2183 2298 gloriﬁcal
2211 2228 2553 2297 Unigeuitum
2588 2245 2765 2295 suum,
2812 2232 3100 2286 ostendens
3134 2233 3248 2302 ejus
3280 2237 3485 2303 magni-

1918 2321 2187 2375 licentiam
2218 2329 2376 2389 atque
2402 2322 2672 2375 virtutem.
2708 2322 2812 2377 Sed
2837 2331 2891 2377 et
2914 2323 3025 2392 ipse
3045 2323 3212 2379 Filius
3240 2324 3482 2381 tribuens

1920 2412 2179 2479 Spiritum
2229 2422 2472 2465 sanctum
2513 2413 2595 2465 his
2633 2414 2722 2482 qui
2772 2430 2830 2469 se
2870 2415 3058 2485 dignos
3103 2418 3215 2486 ejus
3264 2434 3485 2473 munere

1919 2510 2374 2571 praeparaverunt,
2424 2514 2477 2558 et
2525 2506 2767 2574 pandens
2823 2506 3203 2562 sublimitatem
3228 2508 3325 2580 [αι.
3360 2525 3486 2579 pro-

1921 2592 2228 2663 prietatem]
2262 2592 2681 2662 glorificationis,
2720 2606 2772 2648 et
2804 2597 3183 2665 magnitudinis
3217 2598 3335 2667 ejus
3368 2601 3479 2653 vir-

1921 2689 2125 2744 tutem,
2162 2683 2428 2751 gloriﬁcat
2466 2684 2613 2737 illum
2653 2669 2784 2754 (87).
2833 2686 3027 2739 Deinde
3080 2686 3482 2757 interpretatio.

1922 2786 2042 2823 nem
2077 2770 2310 2825 inferens
2336 2786 2457 2825 cum
2490 2773 2646 2826 modo
2682 2773 2794 2843 (88)
2824 2774 3068 2836 dixisset,
3102 2776 3166 2829 de
3198 2791 3316 2829 meo
3341 2780 3488 2831 acci-

1922 2864 2029 2932 piet
2053 2905 2065 2928 ,
2095 2864 2336 2933 protinus
2368 2864 2596 2934 subjecit
2625 2882 2639 2917 :
2678 2883 2695 2914 ι
2740 2864 2926 2918 Omnia
2958 2881 3075 2935 quze
3112 2867 3270 2923 habet
3304 2867 3482 2932 Pater,

1922 2972 2040 3010 mea
2073 2969 2233 3022 sunt;
2269 2965 2547 3025 propterea
2584 2957 2714 3020 dixi,
2749 2957 2813 3011 de
2851 2972 2969 3011 meo
3023 2960 3251 3029 accipiet
3282 2970 3335 3014 et
3384 2978 3483 3016 au-

1924 3046 2188 3100 nuntiabit
2210 3047 2358 3101 vobis
2382 3048 2448 3110 7’,
2486 3065 2503 3098 ι
2537 3047 2930 3116 quodammodo
2976 3050 3199 3119 loquens
3224 3092 3239 3115 ,
3265 3052 3415 3108 Licet
3456 3072 3483 3106 ιι

238 3146 480 3200 Rursum
510 3144 618 3206 hic,
662 3144 904 3210 accipere
940 3142 1036 3215 [αι.
1070 3142 1361 3214 accipiet],
1395 3154 1453 3196 ut
1486 3144 1676 3198 divinae
1717 3158 1815 3195 na-
1850 3176 1893 3237 ϐ
1925 3136 2083 3190 Patre
2132 3138 2387 3207 procedat
2431 3138 2661 3205 Spiritus
2704 3139 2944 3193 veritatis
2968 3181 2981 3204 ,
3020 3150 3072 3194 et
3094 3142 3183 3195 det
3236 3143 3307 3196 illi
3345 3144 3485 3198 Deus

240 3247 378 3290 tura:
411 3236 697 3290 coaveuiat
738 3234 1162 3303 intelligendum.

309 3328 401 3380 37.
445 3326 721 3393 Quomodo
750 3341 875 3395 ergo
902 3326 1069 3381 Filius
1106 3329 1276 3395 dans,
1315 3343 1419 3382 non
1461 3330 1705 3397 privatur
1740 3332 1820 3387 bis

243 3412 343 3486 [ιι.
387 3413 559 3484 enim]
602 3430 718 3482 quae
755 3414 972 3479 tribuit,
1013 3430 1185 3484 neque
1211 3432 1329 3469 cum
1364 3419 1556 3473 damno
1591 3436 1689 3474 suo
1721 3423 1821 3473 im-

256 3505 410 3572 pertit
456 3504 606 3569 aliis,
642 3506 719 3557 sic
745 3514 799 3557 et
840 3501 1072 3572 Spiritus
1123 3521 1228 3560 non
1278 3508 1474 3576 accipit
1523 3511 1662 3577 quod
1700 3520 1820 3563 ante

258 3610 358 3647 non
386 3596 591 3648 habuit.
627 3594 683 3647 Si
710 3597 851 3648 enim
885 3596 1025 3663 quod
1054 3598 1204 3664 prius
1250 3613 1353 3651 non
1408 3600 1638 3653 habebat
1670 3616 1821 3654 acce-

251 3688 345 3755 pit,
404 3688 664 3742 translato
726 3690 779 3742 in
838 3691 997 3743 alium
1054 3707 1295 3757 munere,
1357 3707 1553 3746 vacuus
1605 3694 1823 3761 largitor

246 3778 471 3833 ell’ectus
518 3791 637 3843 est,
679 3797 895 3835 cessans
944 3784 1143 3836 habere
1214 3786 1354 3851 quod
1418 3785 1621 3839 tribuit.
1680 3784 1822 3851 Quo-

245 3872 407 3925 modo
469 3872 628 3940 igitur
683 3886 844 3940 supra
892 3873 955 3926 de
982 3876 1188 3927 naturis
1245 3875 1664 3943 incorporalibus
1715 3878 1822 3931 dis~

240 3974 501 4034 putantes
546 3963 943 4027 intelleximus,
987 3965 1064 4019 sic
1104 3975 1158 4019 et
1194 3983 1334 4020 nunc
1390 3966 1649 4036 Spiritum
1699 3983 1823 4022 san-

241 4068 393 4112 ctum
432 4071 460 4107 a
488 4054 635 4122 .Filio
665 4056 948 4125 accipere,
992 4058 1043 4111 id
1084 4059 1223 4127 quod
1253 4074 1361 4112 sure
1406 4070 1610 4114 natura:
1648 4059 1824 4115 fuerat

241 4148 680 4215 cognoscendum
713 4146 805 4218 [αι.
847 4148 1275 4221 intelligendum]
1317 4161 1399 4203 est
1426 4190 1440 4213 ,
1474 4162 1525 4203 et
1554 4166 1655 4204 non
1690 4153 1816 4205 dan—

241 4248 355 4293 tem
391 4247 446 4291 et
478 4238 826 4305 accipientem
854 4280 870 4304 ,
908 4243 1001 4298 sed
1043 4256 1200 4293 uuam
1231 4241 1536 4307 significare
1575 4243 1823 4295 substan-

245 4332 404 4384 tiam.
442 4328 719 4397 Siquidem
760 4342 813 4384 et
856 4331 1024 4386 Filius
1069 4334 1251 4385 eadem
1296 4348 1323 4385 a
1367 4332 1527 4386 Patre
1576 4334 1820 4402 accipere

242 4422 469 4485 dicitur,
494 4422 688 4491 quibus
717 4422 827 4489 ipse
853 4422 1117 4476 subsistit.
1147 4421 1327 4491 Neque
1353 4423 1494 4476 enim
1525 4425 1651 4493 quid
1677 4424 1818 4477 aliud

1928 3228 2184 3297 Spiritum
2238 3238 2483 3282 sanctum
2521 3230 2820 3295 petentibus
2853 3245 2931 3295 se,
2980 3241 3155 3285 tamen
3208 3233 3331 3301 quia
3367 3249 3484 3287 om—

1921 3322 2005 3373 nia
2025 3320 2133 3391 (89)
2162 3336 2278 3389 qua:
2315 3321 2471 3374 habet
2507 3320 2686 3387 Pater,
2710 3336 2824 3374 mea
2848 3330 2992 3385 sunt,
3029 3334 3081 3377 et
3112 3324 3225 3391 ipse
3258 3326 3489 3393 Spiritus

1922 3412 2096 3467 Patris
2124 3427 2275 3466 meus
2325 3421 2445 3475 est,
2487 3420 2541 3465 et
2575 3412 2641 3465 de
2682 3427 2801 3465 meo
2843 3414 3087 3482 accipiet.
3135 3416 3277 3468 Cave
3308 3425 3485 3471 autem

1921 3519 2041 3556 cum
2082 3503 2179 3556 ista
2222 3502 2471 3555 dicuntur
2501 3517 2566 3555 ne
2601 3518 2764 3571 grave
2812 3504 3007 3558 labaris
3038 3505 3402 3574 intelligentia:
3433 3510 3483 3563 in

1923 3594 2106 3645 vitium
2135 3591 2268 3659 (90),
2299 3602 2351 3645 et
2377 3602 2529 3660 putes
2561 3608 2671 3646 rem
2691 3593 2924 3662 aliquam
2952 3610 3092 3662 esse,
3113 3607 3164 3649 et
3189 3600 3489 3666 possessio-

1924 3703 2073 3752 nem,
2118 3702 2235 3755 qua:
2270 3703 2296 3739 a
2334 3686 2493 3741 Patre
2544 3688 2804 3742 habeatur
2844 3705 2905 3743 ac
2950 3692 3106 3745 Filio.
3138 3693 3334 3747 Verum
3366 3709 3485 3762 quae

1923 3781 2081 3835 habet
2108 3780 2266 3835 Pater
2285 3779 2433 3847 juxta
2470 3781 2847 3847 substantiam,
2881 3783 2931 3837 id
2963 3794 3062 3845 est,
3089 3787 3444 3841 mternitatem
3470 3829 3485 3849 ,

1924 3872 2427 3936 inmutabilitatem,
2453 3872 2932 3940 incorruptionem,
2960 3874 3347 3931 immutabilem
3371 3879 3484 3948 (9i)

1920 3964 2238 4028 bonitatem,
2270 3963 2333 4017 de
2356 3979 2416 4018 se
2439 3974 2491 4015 et
2534 3963 2583 4016 in
2615 3979 2672 4017 se
2709 3963 3115 4029 subsistentem,
3146 3967 3257 4020 haec
3294 3969 3481 4021 eadem

1924 4056 2082 4110 habet
2106 4065 2157 4108 et
2181 4054 2361 4108 Filius.
2396 4054 2479 4117 Et,
2511 4064 2566 4105 nt
2600 4053 2715 4121 plus
2751 4054 2999 4117 inferam,
3030 4057 3286 4125 quidquid
3321 4056 3490 4114 Filius

1924 4148 2035 4216 ipse
2064 4147 2326 4208 subsistit,
2354 4154 2406 4199 et
2438 4160 2768 4213 qumcunque
2814 4156 2936 4198 sunt
2961 4145 3080 4198 Filii
3110 4184 3124 4209 ,
3152 4145 3265 4200 haec
3298 4148 3485 4201 eadem

1922 4248 1975 4291 et
2022 4236 2184 4291 Pater
2233 4237 2410 4289 habet.
2451 4235 2640 4289 Procul
2688 4236 2810 4289 hinc
2858 4236 3037 4290 absint
3080 4237 3488 4292 dialecticorum

1925 4328 2203 4382 tendiculze
2224 4368 2236 4389 ,
2268 4336 2320 4380 et
2349 4326 2675 4394 sophismata
2706 4342 2733 4379 a
2778 4327 3005 4380 veritate
3041 4328 3329 4395 pellantur,
3364 4344 3485 4397 quae

1922 4419 2257 4473 occasionem
2280 4418 2570 4487 impietatis
2594 4434 2654 4471 ex
2679 4419 2761 4486 pia
2788 4420 3167 4487 praedicatione
3193 4422 3484 4488 capientia,

243 4524 330 4567 est
385 4513 574 4577 Filius,
633 4516 872 4582 exceptis
920 4514 1005 4568 his
1056 4530 1177 4581 quae
1215 4514 1261 4568 ei
1318 4515 1513 4568 dantur
1552 4532 1580 4567 a
1640 4515 1818 4578 Patre,
1856 4508 2149 4584 Ddicunt:
2190 4508 2324 4577 Ergo
2370 4518 2423 4561 et
2466 4507 2623 4562 Pater
2657 4518 2740 4561 est
2783 4508 2975 4573 Filius,
3020 4520 3071 4563 et
3109 4509 3277 4563 Filius
3306 4510 3486 4564 Pater.

246 4618 429 4673 neque
468 4605 570 4656 alia
609 4605 905 4658 substantia
938 4614 1019 4659 est
1052 4604 1284 4674 Spiritus
1323 4604 1491 4658 sancti
1543 4616 1739 4673 prmter
1762 4605 1813 4658 id

322 4802 367 4833 ”
395 4800 555 4855 Joan.
586 4817 649 4868 v,
688 4803 775 4858 30.
851 4803 1061 4895 “.ibid.
1111 4802 1197 4855 19.
1274 4801 1317 4831 ⁷ο
1341 4800 1467 4855 ibid.
1545 4801 1589 4831 ⁷¹
1621 4799 1772 4854 Joan.
1803 4816 1911 4867 XIV,
1937 4802 1989 4856 9.

322 4968 449 5040 (84)⁸
480 4966 652 5040 Penes
699 4967 1009 5023 Gratianum
1045 4977 1126 5021 est
1176 4988 1195 5021 ι
1250 4972 1543 5040 procedens
1574 4969 1711 5024 Deus
1750 4970 1816 5023 de

250 5041 383 5103 Deo,
417 5038 653 5105 Spiritus
683 5040 925 5092 veritatis
954 5038 1306 5105 procedensa
1333 5042 1579 5107 veritate,
1622 5056 1817 5095 consoo

251 5112 394 5162 lator
427 5122 672 5171 manans,
708 5126 724 5158 ι
758 5120 863 5161 etc.
900 5126 914 5161 :
949 5110 1168 5163 rectius.

322 5178 441 5249 (85)
486 5175 711 5232 Voculas
743 5196 759 5229 ι
796 5194 823 5249 a
864 5194 919 5231 se
950 5197 967 5227 ι
998 5195 1059 5230 ex
1096 5180 1264 5233 Vatic.
1299 5179 1606 5234 sull‘ecimus
1629 5220 1642 5238 .
1680 5196 1814 5233 con-

253 5248 525 5317 sentiente
575 5249 745 5317 etiam
787 5248 974 5301 erco
1004 5260 1147 5302 textu
1184 5251 1275 5317 ἀφ’
1344 5250 1557 5302 ἑαυτοῦ.
1612 5252 1814 5304 Deinde

254 5330 410 5372 vetus
432 5316 634 5368 editio:
674 5337 691 5367 ι
726 5316 782 5371 Si
812 5320 953 5371 enitn
980 5336 1138 5371 unum
1164 5316 1245 5373 est
1267 5320 1426 5373 Pater
1446 5335 1498 5372 et
1527 5320 1688 5372 Filius
1711 5336 1815 5372 non

249 5388 404 5453 juxta
452 5384 667 5439 Sabellii
707 5388 906 5441 dictum

258 5476 276 5507 ι
317 5455 544 5511 Sabellii
574 5457 781 5509 vitium.
806 5476 823 5508 ι

322 5526 441 5592 (86)
482 5524 671 5595 Regio.
718 5542 839 5589 ms.,
882 5545 901 5579 ι
944 5528 1220 5593 Quomodo
1271 5538 1526 5595 operante
1568 5528 1748 5592 Patre,
1792 5548 1808 5580 ι

251 5599 479 5658 rectius,
522 5605 577 5648 et
621 5596 779 5663 paulo
832 5610 948 5665 post
998 5602 1368 5655 consentiente
1409 5601 1570 5653 etiam
1620 5600 1814 5661 Vatia,

258 5683 278 5715 ι
310 5668 504 5721 eadem
526 5674 579 5717 et
601 5667 794 5720 similia
818 5670 1133 5723 subsistunt.
1182 5690 1199 5722 ι

322 5735 438 5812 (87)
471 5735 801 5812 ‘lidemmss.
837 5743 1158 5812 cum_veteri
1193 5743 1347 5803 edit.,
1381 5758 1399 5791 ι
1443 5740 1677 5812 pandens
1700 5736 1815 5812 ejus

249 5803 345 5874 (αιζ
383 5803 490 5874 eis)
524 5804 906 5861 sublimitatem
937 5810 1352 5881 gloriﬁcationis,
1385 5803 1458 5867 et'
1488 5803 1812 5878 magnitudi-

496 5898 762 5960 Ρηιιοι.
812 5903 925 5961 Gn.
979 5904 1149 5962 XXX
1168 5904 1272 5964 lX.

946 5406 961 5443 :
1001 5407 1020 5439 ι
1064 5391 1277 5447 codices
1312 5390 1482 5443 Vatie.
1533 5402 1586 5443 et
1624 5391 1817 5459 Regia.

1925 4599 1980 4653 Si
2031 4600 2172 4654 enim
2215 4599 2474 4661 dixisset,
2518 4600 2697 4653 omnia
2739 4615 3067 4670 quaecunque
3114 4603 3272 4657 habet
3310 4602 3486 4667 Deus,

2090 4803 2134 4833 ⁷¹
2160 4801 2292 4856 Joan
2347 4818 2467 4869 xvi,
2505 4803 2587 4856 15.

1918 4970 2022 5033 nis,
2057 4970 2336 5037 gloriﬁcat.
2378 4988 2393 5019 ι

1986 5040 2097 5109 (88)
2143 5041 2380 5093 Emendo
2406 5056 2469 5093 ex
2504 5038 2708 5092 Barthii
2743 5038 3058 5105 conjeCtura
3080 5077 3095 5103 ,
3138 5054 3260 5092 cum
3302 5053 3492 5108 perpe-

1919 5126 2029 5163 ram
2058 5122 2199 5161 esset
2230 5126 2337 5164 nuo
2362 5117 2521 5164 verbo
2548 5129 2565 5159 ι
2602 5111 2889 5175 quomodo.
2933 5127 2951 5159 ι

1991 5180 2100 5249 (89)
2146 5179 2214 5234 Ut
2242 5197 2433 5233 sensus
2463 5189 2698 5238 constet,
2726 5180 2968 5231 voculam
2999 5198 3016 5229 ι
3049 5178 3123 5232 illi
3160 5198 3178 5229 ι
3208 5193 3450 5246 expunge
3476 5199 3485 5231 :

1919 5248 2027 5300 tum
2057 5250 2247 5319 Regio.
2280 5252 2398 5303 cod.
2438 5267 2455 5301 ι
2494 5251 2819 5319 petentibus,
2850 5265 2999 5319 mque
3022 5260 3196 5301 tamen
3227 5248 3429 5312 umida,
3463 5266 3482 5298 ο

1923 5329 2028 5373 CIC.

1996 5389 2107 5457 (90)
2151 5390 2324 5444 Malim
2362 5391 2503 5459 quod
2562 5389 2612 5441 in
2647 5388 2811 5442 veteri
2851 5390 2977 5443 edit.
3016 5396 3133 5443 erat
3171 5404 3191 5439 ι
3232 5401 3299 5440 ne
3325 5400 3490 5459 prava

1924 5458 2271 5527 intelligentia
2323 5457 2519 5513 labaris
2572 5461 2623 5511 in
2669 5460 2879 5523 vitium,
2916 5479 2934 5510 ι
2981 5461 3065 5513 cui
3104 5460 3216 5512 fere
3255 5457 3493 5511 concinit

1919 5527 2108 5594 Regio.
2140 5546 2238 5581 ms.

1990 5599 2100 5665 (Ui)
2145 5599 2271 5652 lllud
2310 5618 2327 5650 ι
2360 5598 2745 5653 immutabilem
2783 5618 2799 5649 ι
2837 5600 3071 5653 abundat
3096 5599 3180 5651 hic
3213 5597 3347 5661 loci,
3393 5610 3492 5650 nec

1917 5667 1969 5719 in
1999 5671 2211 5736 Regina:
2240 5686 2339 5722 ms.
2371 5673 2655 5723 invenitur.
2694 5670 2890 5723 Deinde
2918 5672 3099 5733 verba,
3133 5688 3150 5719 ι
3179 5669 3265 5732 Ει,
3296 5677 3354 5720 ιιι
3374 5668 3493 5733 plus

1912 5738 2161 5800 inferam,
2182 5740 2433 5809 quidquid
2451 5739 2613 5792 Filius
2638 5740 2750 5807 ipse
2784 5741 3045 5804 subsistit,
3070 5760 3088 5792 ι
3119 5755 3185 5794 ex
3215 5753 3342 5795 mss.
3371 5752 3489 5790 out-

1914 5809 2059 5861 niuui
2092 5823 2353 5865 consensu
2384 5827 2447 5864 ac
2476 5811 2579 5865 [ide
2608 5816 2852 5864 restituo.

3092 5902 3168 5962 3's
