4042 6404
627 332 777 390 ιεθτ

1899 331 2136 388 DIDYMI
2175 329 2640 388 ALEXANDRINI

3688 336 3789 394 1068

631 467 754 508 mea
783 449 1171 515 sunt,haberet
1193 449 1442 521 impietas
1463 451 1800 506 occasionem
1825 451 2192 523 conlingendi,
2226 453 2266 509 A
2297 449 2478 507 Pater.
2529 452 2648 522 Ipse
2691 450 2850 506 enim
2901 449 3138 521 Spiritus
3197 450 3555 506 testimonium
3603 453 3795 522 perbibet

631 555 687 600 et
722 542 1011 598 verisimile
1047 543 1320 597 videretur
1357 559 1476 597 esse
1503 545 1864 598 mendacium.
1897 545 2028 600 Cum
2075 559 2202 599 vero

631 635 847 696 dixerit,
871 654 888 686 ι
915 635 1107 690 Omnia
1135 651 1254 702 qua:
1280 637 1438 690 habet
1463 635 1622 690 Pater
1653 650 1769 688 mea
1803 646 1947 701 sunt,
1975 655 1994 688 ι
2026 633 2204 690 Patris

631 727 848 779 nomine
890 741 948 779 se
989 723 1180 778 Filium
1223 727 1533 790 declaravit,
1577 728 1971 795 paternitutetn,
1998 729 2086 796 qui
2115 727 2205 782 Fi-

629 815 733 869 lius
763 827 898 880 erat,
928 832 1032 870 non
1070 817 1369 886 usurpavit,
1395 833 1699 886 quanquam
1726 828 1780 872 et
1807 818 1920 887 ipse
1961 834 2055 888 per
2106 821 2203 874 ad-

627 907 864 974 eptionis
889 908 1140 975 gratiam,
1161 911 1448 962 multorum
1475 921 1782 964 sanctorum
1804 911 1872 964 sit
1902 909 2083 974 Pater,
2113 927 2202 966 se-

629 998 863 1048 cundum
894 997 1018 1048 illud
1048 999 1186 1064 quod
1213 998 1265 1050 in
1289 997 1519 1052 Psalmis
1546 999 1764 1066 legitur,
1800 1019 1816 1049 ‹
1849 1000 1905 1054 Si
1932 1002 2202 1056 custodie-

629 1085 738 1138 rint
767 1086 858 1139 lilii
907 1087 979 1140 tui
1004 1088 1082 1153 7’;
1117 1107 1135 1139 ι
1181 1089 1447 1142 etitcrnm
1492 1109 1504 1144 :
1541 1110 1559 1141 ι
1603 1090 1657 1145 Si
1697 1092 2082 1161 dereliqucrint
2108 1093 2200 1148 lilii

633 1175 749 1242 ejus
781 1177 951 1244 legem
983 1195 1152 1232 meam
1180 1180 1247 1235 ⁷⁸.
1279 1198 1298 1232 ι
1326 1181 1430 1235 Sed
1456 1183 1505 1234 in
1540 1182 1638 1236 hoc
1663 1197 1909 1237 sermone
1937 1199 2202 1252 sensuque

628 1269 916 1338 praeposito
941 1313 956 1336 ,
1003 1281 1392 1340 consequenter
1433 1287 1493 1326 ea
1533 1289 1651 1342 quae
1691 1275 1922 1331 diximus
1951 1279 2200 1345 superius

632 1360 805 1416 Patris
825 1379 984 1428 .esse,
1013 1364 1174 1418 habet
1198 1375 1252 1418 et
1279 1363 1474 1430 Filius,
1509 1375 1563 1418 et
1601 1380 1720 1434 qua:
1757 1365 1879 1420 Filii
1917 1377 2062 1431 sunt,
2098 1369 2196 1422 ha-

630 1452 720 1516 bet
751 1463 801 1507 et
832 1454 1064 1522 Spiritus
1096 1464 1339 1510 sanctus.
1378 1455 1466 1508 Ait.
1503 1456 1720 1526 quippe,
1752 1475 1772 1508 ‹
1812 1460 1877 1512 de
1901 1473 2020 1513 tneo
2059 1460 2203 1513 acci-

628 1544 770 1612 piet,
801 1556 1080 1614 propterea
1120 1556 1174 1600 et
1201 1557 1424 1602 ventura
1469 1549 1811 1605 annuntiahit
1836 1550 2004 1605 vobis.
2041 1569 2060 1602 ι
2095 1549 2202 1605 Per

631 1636 891 1704 Spiritum
915 1637 1179 1706 siquidem
1206 1641 1474 1704 veritatis,
1506 1641 1709 1695 sanctis
1739 1642 1870 1696 viris
1893 1639 2196 1696 futurorum

627 1728 850 1782 scientia
901 1739 1050 1782 certa
1100 1731 1439 1784 conceditur.
1481 1732 1631 1786 Unde
1680 1741 1733 1786 et
1769 1733 2044 1802 propheta:
2090 1735 2198 1786 hoc

2308 544 2519 612 spiritui
2585 552 2801 608 nostro,
2860 545 2982 612 quia
3050 559 3236 598 sumus
3297 544 3390 597 lilii
3471 543 3571 598 Dei.
3625 543 3673 597 Si
3721 560 3793 598 au-

2310 647 2414 689 tem
2457 635 2572 695 ﬁlii,
2618 647 2666 688 et
2703 637 2943 690 hzeredes
2973 653 2986 689 :
3021 636 3262 690 haeredes
3291 634 3505 704 quidem
3544 633 3642 700 Dei,
3663 637 3799 692 coha-

2306 726 2460 779 redes
2497 735 2675 779 autem
2705 724 2904 778 Christi
2946 742 2958 778 :
3005 724 3049 778 si
3101 735 3279 780 tamen
3325 725 3672 792 compatiuiur,
3694 735 3739 779 ut
3761 740 3800 780 et

2304 817 2863 889 congloriticemur".
2908 835 2926 868 ι
2965 817 3019 870 ln
3071 817 3319 885 praesenti
3350 817 3576 884 Apostoli
3619 820 3802 886 capitulo

2304 908 2532 976 plurima
2567 909 2634 962 de
2667 909 2926 962 societate
2957 907 3213 976 Spiritus,
3246 923 3407 975 quam
3432 908 3580 962 habet
3606 923 3708 962 cum
3731 908 3802 962 Pa-

2307 1007 2387 1052 tre
2423 1007 2478 1051 et
2522 997 2660 1052 Filio
2715 997 3175 1052 demonstrantur.
3227 997 3319 1050 Ait
3351 997 3540 1066 quippe
3573 998 3804 1066 Apostolus

2297 1086 2739 1156 justiﬁcationem
2773 1088 3036 1151 divinam,
3078 1098 3130 1142 et
3165 1086 3458 1156 spiritualis
3493 1087 3612 1157 legis
3649 1088 3801 1156 expleri

2306 1180 2356 1233 in
2395 1180 2478 1234 his
2518 1197 2531 1233 :
2568 1194 2672 1233 non
2707 1179 2796 1249 qui
2823 1178 2978 1248 juxta
3011 1193 3229 1233 carnem
3259 1177 3548 1242 ambulant,
3579 1179 3660 1232 sed
3691 1180 3803 1250 juxta

2303 1271 2585 1342 Spiritum.
2611 1271 2772 1327 Juxta
2801 1285 3019 1327 carnem
3051 1271 3434 1334 ambulantem,
3475 1285 3587 1324 eum
3619 1270 3698 1339 qui
3733 1284 3802 1339 per

2303 1364 2602 1432 voluptates
2621 1363 2748 1416 vitia
2773 1363 2954 1417 carnis
2973 1363 3184 1430 corpori
3209 1361 3488 1429 copulatus
3503 1401 3519 1428 ,
3545 1360 3804 1416 facitomnia

2300 1469 2421 1524 quae
2456 1454 2636 1508 carnis
2665 1463 2789 1508 sunt
2838 1453 2942 1525 [al.
2995 1451 3148 1524 esse]
3184 1461 3237 1506 et
3262 1453 3499 1521 corporis
3532 1466 3694 1519 opera,
3717 1465 3808 1517 apo-

2300 1545 2522 1600 stolicus
2548 1558 2727 1600 sermo
2755 1544 3038 1613 descripsit
3061 1543 3157 1616 [αι.
3187 1542 3500 1614 describit].
3526 1541 3806 1612 Porrojuxta

2301 1632 2561 1704 Spiritum
2592 1635 2952 1688 ambulantem
2996 1650 3143 1698 eum,
3189 1636 3279 1704 qui
3317 1635 3371 1689 in
3421 1633 3682 1704 praeceptis
3713 1632 3810 1701 legis

2300 1727 2393 1782 Dei
2421 1737 2474 1782 et
2497 1727 2767 1795 Evangelii
2805 1727 3080 1796 gradiens,
3110 1727 3470 1796 spiritualium
3503 1726 3721 1796 sequitur
3743 1739 3810 1778 or-

603 1819 818 1873 ‘eodem
844 1819 1027 1888 repleti
1064 1819 1286 1888 Spiritu,
1323 1823 1758 1891 praenuntiabant
1780 1837 1940 1877 sensu
1972 1823 2106 1893 (92),
2143 1832 2198 1878 et
2229 1806 2270 1862 Β
2302 1820 2477 1875 dinem
2510 1819 2906 1873 mandatorum.
2951 1817 3229 1887 Siquidem
3271 1818 3410 1872 sicut
3449 1816 3720 1871 carnalium
3751 1816 3812 1867 vi-

607 1912 782 1980 ~quasi
833 1912 1112 1981 praesentia
1156 1913 1543 1980 intuebantur;
1574 1931 1694 1985 qua;
1739 1925 1895 1972 erant
1938 1915 2195 1984 deinceps

631 2018 899 2058 secutura.
933 2005 1078 2058 Satis
1112 2005 1227 2060 haec
1261 2007 1580 2077 abundeque
1604 2008 1761 2073 juxta
1801 2006 1997 2077 ingenii
2030 2006 2196 2060 nostri

627 2103 999 2165 paupertatem
1027 2095 1090 2148 de
1128 2096 1379 2164 praesenti
1419 2096 1690 2165 Evangelii
1733 2096 1966 2166 capitulo
1997 2096 2198 2151 dixisse

628 2185 878 2239 sulIiciat.
916 2186 969 2239 Si
1015 2188 1209 2255 quibus
1238 2197 1414 2241 autem
1447 2188 1702 2242 Dominus
1748 2189 2106 2254 revelaverit,
2145 2197 2200 2242 et

629 2273 684 2330 in
710 2277 958 2330 viciniam
979 2277 1225 2331 veritatis
1252 2277 1466 2331 adducti
1491 2288 1638 2343 sunt,
1670 2279 1944 2348 magisque
1974 2286 2199 2346 possunt

630 2383 852 2421 cernere
883 2369 1182 2432 veritatem,
1207 2367 1558 2438 diSputationi
1588 2369 1798 2426 illorum
1831 2370 2196 2424 concedamus

631 2460 874 2524 meliora,
912 2460 1110 2529 quibus
1142 2461 1226 2514 ille
1256 2459 1580 2530 suifragatur
1601 2461 1691 2530 qui
1724 2470 1807 2516 est
1839 2460 2073 2531 Spiritus
2103 2476 2198 2516 ve-

630 2550 806 2604 ritatis
840 2569 854 2605 :
884 2561 937 2604 et
961 2552 1194 2621 petimus
1221 2566 1312 2607 eos
1342 2553 1432 2620 qui
1453 2552 1644 2606 lecturi
1667 2561 1815 2612 sunt,
1840 2563 1897 2606 ut
1921 2553 2198 2622 ignoscant

630 2641 940 2710 imperitia),
974 2643 1259 2712 studioque
1303 2643 1430 2697 dent
1475 2643 1682 2698 veniam
1712 2681 1728 2707 ,
1753 2643 1988 2710 cupienti
2027 2652 2196 2698 totum

630 2730 740 2786 Deo
763 2731 957 2786 olTerre
987 2733 1128 2802 quod
1165 2734 1356 2803 potuit,
1386 2733 1509 2788 licet
1535 2749 1685 2788 suam
1715 2749 1820 2789 non
1844 2735 2077 2804 quiverit
2099 2735 2198 2788 im-

630 2824 777 2895 plere
798 2825 1148 2879 voluntatem.

701 2919 792 2974 59.
833 2917 1200 2986 Proponamus
1231 2928 1285 2973 et
1308 2919 1543 2988 Apostoli
1569 2920 1633 2974 ad
1652 2919 1924 2976 Romanos
1951 2921 2198 2992 Epistula:

633 3010 1020 3074 testimonium,
1077 3025 1304 3079 qumque
1343 3013 1496 3066 nobis
1541 3012 1591 3066 in
1638 3013 1724 3066 illa
1771 3014 2021 3068 videntur
2063 3032 2199 3084 prce-

631 3102 772 3155 senti
807 3103 1044 3156 materiae
1075 3117 1370 3172 congruere
1401 3105 1743 3160 ventilemus.
1783 3125 1802 3158 ι
1836 3107 1902 3163 Ut
1931 3107 2196 3175 justilica-

633 3193 759 3257 tio,»
792 3193 997 3263 inquit,
1024 3211 1042 3244 ι
1073 3193 1202 3262 legis
1237 3195 1516 3263 impleatur
1543 3196 1594 3250 in
1627 3199 1796 3262 vobis,
1819 3201 1908 3268 qui
1931 3202 2196 3272 nonjuxta

629 3301 849 3340 carnem
907 3286 1213 3349 ambulatis,
1287 3289 1380 3341 sed
1443 3292 1735 3344 secundum
1795 3293 2062 3362 spiritum.
2095 3295 2197 3362 Qui

631 3379 774 3432 enim
817 3377 971 3445 juxta
999 3394 1218 3432 carnem
1259 3388 1412 3442 sunt,
1457 3394 1518 3433 ea
1558 3396 1674 3450 quze
1719 3385 1900 3438 carnis
1957 3395 2081 3440 sunt
2109 3403 2199 3442 sa-

630 3470 783 3540 piunt
809 3488 820 3522 :
847 3471 934 3540 qui
966 3473 1260 3540 verojuxta
1287 3475 1556 3542 spiritum,
1583 3491 1646 3530 ea
1687 3491 1807 3545 quae
1833 3479 2054 3548 Spiritus
2075 3491 2200 3535 sunt

630 3561 890 3615 sentiunt.
935 3560 1209 3630 Sapientia
1243 3563 1439 3632 quippe
1460 3565 1638 3618 carnis
1667 3580 1812 3619 mors
1839 3577 1954 3632 est;
1990 3569 2198 3637 sapien-

631 3652 706 3705 tia
746 3662 923 3705 autem
955 3653 1194 3720 spiritus,
1229 3655 1338 3706 vita
1387 3666 1440 3707 et
1472 3669 1610 3723 pax;
1650 3657 1902 3724 quoniam
1935 3659 2198 3727 sapientia

631 3746 810 3799 carnis
847 3745 1062 3798 inimica
1096 3753 1178 3798 est
1220 3745 1328 3799 Deo
1356 3763 1369 3798 :
1403 3744 1504 3815 legi
1548 3747 1743 3815 quippe
1776 3747 1867 3802 Dei
1898 3763 2002 3802 non
2034 3749 2200 3818 subji-

630 3837 802 3901 citur;
841 3852 1011 3906 neque
1035 3837 1194 3889 'enim
1237 3847 1430 3905 potest.
1467 3838 1566 3903 Qui
1607 3854 1735 3893 vero
1763 3839 1814 3893 in
1843 3855 2008 3896 carne
2050 3850 2195 3907 sunt,

630 3923 741 3980 Deo
770 3925 976 3995 placere
1015 3941 1117 3978 non
1161 3936 1404 3994 pessum.
1456 3925 1562 3981 Vos
1603 3937 1780 3982 autem
1827 3944 1931 3982 non
1979 3933 2110 3985 estis
2142 3931 2196 3986 in

630 4034 813 4086 carne,
842 4021 934 4074 sed
977 4019 1027 4072 in
1061 4017 1263 4086 Spiritu
1297 4038 1310 4074 :
1354 4021 1400 4073 si
1439 4030 1617 4074 tamen
1655 4021 1886 4091 Spiritus
1924 4024 2014 4079 Dei
2043 4023 2197 4078 habi-

630 4120 709 4165 tat
736 4111 791 4164 in
825 4111 994 4164 vobis.
1039 4111 1094 4164 Si
1141 4112 1262 4178 quis
1307 4121 1486 4166 autem
1535 4113 1791 4182 Spiritum
1838 4115 2039 4170 Christi
2091 4132 2195 4171 non

629 4201 835 4266 habet,
872 4199 958 4256 hic
993 4216 1096 4255 non
1131 4210 1212 4256 est
1240 4199 1378 4270 ejus.
1427 4201 1483 4256 Si
1517 4213 1697 4257 autem
1735 4202 1980 4260 Christus
2021 4214 2101 4260 est
2143 4207 2195 4262 in

627 4291 782 4346 vobis
814 4331 829 4356 ,
862 4307 1059 4362 corpus
1087 4292 1300 4360 quidem
1329 4302 1600 4346 mortuutn
1645 4303 1726 4348 est
1757 4304 1974 4364 propter
2008 4309 2196 4366 pecca-

628 4389 771 4448 tum,
801 4382 1024 4451 Spiritus
1057 4396 1185 4436 vero
1203 4382 1335 4435 vivit
1360 4393 1582 4452 prepter
1609 4381 1895 4449 justitiam.
1933 4386 1987 4440 Si
2015 4396 2194 4442 autem

631 4463 866 4541 Spiritus
907 4471 1021 4541 ejus
1054 4473 1143 4543 qui
1195 4473 1476 4528 suscitavit
1513 4471 1698 4528 Jesum
1743 4491 1774 4529 a
1809 4477 2036 4532 mortuis
2059 4517 2073 4542 ,
2099 4479 2192 4532 ha-
2223 4499 2270 4556 ι)

628 4565 766 4620 bitat
817 4565 871 4618 in
917 4565 1089 4628 vobis,
1141 4565 1232 4634 qui
1281 4565 1564 4638 suscitavit
1603 4563 1792 4621 Jesum
1837 4565 2112 4623 Christum
2162 4583 2192 4622 a

627 4657 874 4722 mortuis,
905 4655 1197 4710 viviﬁcabit
1225 4663 1280 4709 et
1325 4655 1572 4712 mortalia
1603 4672 1829 4728 corpora
1862 4668 2040 4713 vestra
2063 4675 2191 4729 pro-

627 4755 748 4817 pter
787 4747 1172 4803 inhabitantem
1203 4745 1461 4816 Spiritum
1483 4746 1596 4816 ejus
1621 4749 1674 4804 in
1698 4749 1866 4804 vobis.
1898 4749 2061 4819 Ergo,
2086 4751 2193 4805 fra-

627 4847 738 4894 tres
762 4838 895 4910 (95),
925 4840 1196 4896 debitores
1220 4853 1407 4894 sumus
1447 4853 1550 4893 non
1583 4840 1766 4904 carni,
1806 4850 1862 4894 ut
1895 4843 2188 4895 secundum

622 4942 844 4982 carnem
893 4931 1156 4984 vivamus.
1193 4929 1248 4984 Si
1284 4929 1427 4984 enim
1473 4930 1765 4985 secundum
1793 4945 2010 4985 carnem
2042 4931 2193 4986 vixe-

625 5021 766 5084 ritis,
798 5021 1130 5088 moriemini;
1165 5020 1212 5075 si
1243 5031 1422 5077 autem
1453 5021 1644 5092 spiritu
1671 5022 1813 5077 facta
1837 5024 2017 5078 carnis
2048 5039 2193 5078 mor-

625 5112 990 5178 tiﬁcaveritis,
1042 5115 1253 5169 vivetis.
1305 5115 1625 5186 Quicunque
1673 5116 1816 5171 enim
1855 5116 2058 5185 Spiritu
2097 5116 2189 5172 Dei

624 5216 876 5278 aguntur,
905 5207 959 5262 hi
1003 5208 1094 5263 lilii
1145 5219 1270 5264 sunt
1295 5210 1407 5264 Dei.
1440 5208 1556 5266 Non
1585 5209 1728 5265 enim
1769 5211 2056 5280 accepistis
2079 5212 2190 5281 spi-

624 5297 787 5352 ritum
831 5299 1106 5354 servitutis
1155 5301 1348 5354 iterum
1391 5301 1444 5356 in
1493 5301 1725 5366 timore;
1761 5301 1854 5355 sed
1893 5301 2190 5370 accepistis

622 5387 884 5457 Spiritum
932 5389 1236 5460 adoptionis
1289 5392 1342 5446 in
1424 5406 1532 5463 quo
1598 5391 1894 5446 clamamus
1938 5409 1951 5444 :
1998 5391 2188 5458 Abba,

683 5549 730 5580 "
755 5547 898 5602 Psal.
924 5563 1108 5611 cxxxt,
1140 5549 1227 5603 1'2.
1302 5549 1348 5580 ⁷⁵
1377 5547 1803 5614 Psal.t.xxxvm,
1841 5547 1928 5600 Si.

689 5703 1060 5778 (θὴλῐὶοδὶηω
1103 5706 1222 5759 cod.
1262 5723 1282 5758 ι
1332 5706 1516 5764 eodem
1561 5707 1747 5778 repleti
1791 5707 2031 5778 Spiritu,
2067 5722 2193 5777 pro-

621 5775 937 5833 nuntiabant
956 5787 1010 5832 et
1035 5790 1216 5832 sensu.
1253 5795 1270 5827 ι

2006 5547 2050 5577 ⁷⁵
2081 5545 2235 5600 Rom.
2268 5557 2385 5609 vm,
2424 5543 2575 5598 4-17.

2307 1910 2434 1964 tium
2455 1919 2536 1966 est
2565 1924 2626 1963 ea
2650 1926 2840 1979 sapere
2867 1924 2989 1978 qua:
3017 1909 3199 1964 carnis
3226 1918 3370 1975 sunt,
3394 1923 3457 1964 ea
3485 1909 3700 1979 cogitare
3722 1919 3812 1975 quae

2304 2017 2588 2072 corporum
2611 2042 2626 2066 ,
2660 2003 2739 2058 sic
2766 2017 2797 2057 e
2833 2003 3106 2057 contrario
3139 2001 3505 2069 spiritualium
3546 2001 3699 2053 virtus
3725 2007 3815 2060 est,

2303 2109 2514 2164 semper
2558 2095 2791 2163 cogitare
2841 2095 2908 2149 de
2950 2093 3258 2150 caslestibus
3288 2105 3343 2150 et
3382 2093 3622 2157 aeternis,
3664 2099 3710 2144 et
3753 2089 3815 2141 his

2305 2197 2539 2242 tractare
2573 2202 2691 2256 qua:
2733 2187 2953 2254 spiritus
2994 2197 3140 2242 sunt.
3197 2187 3300 2241 Sed
3349 2184 3527 2241 carnis
3581 2181 3816 2250 sapientia.

2305 2279 2445 2334 illico
2471 2288 2644 2332 morte
2671 2277 2768 2332 sibi
2797 2277 3018 2342 sociata,
3048 2279 3302 2333 interﬁcit
3327 2291 3420 2331 eos
3456 2277 3544 2346 qui
3565 2275 3704 2345 juvta
3729 2286 3816 2326 car-

2304 2386 2423 2425 nem
2454 2370 2770 2440 gradiuntur
2798 2379 2851 2424 et
2891 2369 3136 2437 sapiunt;
3181 2369 3449 2438 sapientia
3475 2383 3598 2420 vero
3620 2365 3817 2435 spiritus,

2305 2466 2498 2518 mentis
2534 2463 2995 2532 tranquillithtem,
3041 2473 3096 2518 et
3137 2478 3354 2532 pacem,
3384 2473 3440 2516 et
3467 2463 3620 2516 vitam
3655 2458 3818 2513 haben-

2305 2557 2444 2611 tibus
2471 2572 2530 2612 se
2559 2556 2781 2626 largitur
2818 2566 3096 2610 mternam.
3136 2555 3306 2620 Quam
3335 2571 3459 2635 cum
3507 2551 3821 2624 possederint,

2303 2665 2490 2704 omnes
2519 2649 2951 2718 perturbationes
2997 2657 3052 2703 et
3089 2664 3284 2716 genera
3313 2649 3564 2704 vitiorum
3587 2688 3600 2710 ,
3629 2657 3677 2699 et
3712 2646 3820 2713 ipsos
3847 2655 3853 2663 '

2303 2754 2516 2808 quoque
2547 2740 2817 2793 daemones
2848 2738 2867 2809 (
2885 2739 2972 2806 qui
3009 2740 3121 2792 haec
3146 2753 3436 2810 suggerere
3461 2736 3725 2803 nituntur)
3749 2733 3821 2786 lia-

2305 2831 2503 2884 bebunt
2535 2831 2632 2884 sub
2661 2830 2884 2899 pedibus
2914 2831 3046 2884 suis.
3077 2829 3351 2900 Sapientia
3385 2845 3515 2901 ergo
3543 2829 3708 2883 carnis
3729 2838 3823 2878 cum

2305 2921 2460 2975 morti
2499 2920 2685 2988 juncta
2716 2921 2812 2982 sit,
2844 2921 3060 2976 inimica
3105 2930 3187 2975 est
3232 2921 3359 2975 Deo.
3399 2919 3644 2974 Inimicos
3669 2916 3824 2986 quippe

2305 3029 2396 3068 eos
2426 3014 2600 3068 reddit
2637 3014 2724 3082 qui
2755 3014 2865 3068 suis
2893 3012 3098 3084 legibus
3129 3015 3399 3079 vixerint;
3425 3012 3689 3068 contraria
3715 3021 3827 3060 sem-

2306 3125 2422 3177 per,
2447 3119 2498 3162 et
2532 3122 2838 3177 repugnans
2871 3106 3130 3160 voluntati
3161 3116 3214 3160 et
3243 3107 3344 3176 legi
3375 3107 3490 3160 Dei.
3520 3103 3690 3172 Neque
3715 3098 3826 3152 enim

2303 3202 2416 3254 ﬁeri
2447 3209 2641 3269 patest,
2676 3211 2733 3251 ut
2761 3198 2850 3266 qni
2893 3199 2945 3252 in
2978 3197 3237 3266 sapientia
3261 3199 3448 3252 carnis
3477 3208 3578 3258 est,
3615 3191 3699 3246 Dei
3723 3201 3829 3256 prro

2302 3301 2454 3359 cepta
2475 3288 2762 3350 custodiat,
2787 3296 2840 3340 ct
2863 3285 3124 3340 voluntati
3152 3286 3295 3341 illius
3322 3287 3657 3356 subjiciatur.
3687 3279 3829 3345 Quan-

2301 3381 2392 3435 diu
2427 3381 2694 3435 servimus
2723 3379 3123 3448 voluptatibus,
3153 3379 3360 3433 servire
3403 3379 3516 3432 Deo
3546 3389 3644 3429 non
3671 3382 3832 3442 possu-

2300 3489 2440 3528 mus.
2482 3473 2615 3529 Cum
2658 3482 2838 3527 autem
2884 3471 3187 3526 titillantem
3239 3469 3636 3538 subjecerimus
3669 3457 3828 3516 nostri!

2300 3566 2525 3636 pedibus
2558 3564 2846 3629 luxuriam,
2881 3572 2936 3618 et
2972 3573 3112 3617 totos
3145 3576 3241 3616 nos
3271 3561 3338 3614 ad
3362 3561 3613 3631 Spiritum
3640 3548 3829 3610 transle-

2301 3667 2498 3718 rentes.
2547 3669 2884 3725 nequaquam
2924 3653 3184 3709 fuerimus
3223 3653 3274 3707 in
3323 3667 3516 3713 carne,
3565 3649 3612 3702 id
3659 3655 3748 3705 est,
3787 3642 3827 3692 in

2299 3747 2477 3801 carnis
2525 3745 2867 3814 passiOnibus
2897 3783 2914 3808 ,
2966 3752 3093 3797 tunc
3140 3740 3493 3808 subjiciemur
3530 3737 3654 3791 Deo.
3686 3732 3829 3799 Neque

2298 3837 2440 3891 enim
2467 3836 2533 3890 de
2569 3848 2733 3890 carne
2763 3835 2865 3889 hac
2893 3834 2945 3887 in
2973 3847 3077 3901 qua
3105 3833 3354 3893 vivimus,
3383 3839 3441 3884 et
3480 3831 3532 3883 in
3575 3827 3716 3892 cujus
3754 3835 3828 3871 va-

2298 3928 2446 3985 sculo
2471 3936 2653 3982 nostra
2697 3926 2876 3978 anima
2904 3924 3236 3987 continetur,
3279 3921 3526 3991 Apostoli
3569 3929 3731 3974 sermo
3749 3918 3828 3972 est.

2298 4019 2422 4089 quia
2460 4032 2648 4072 omnes
2693 4017 2903 4081 sancti,
2940 4029 3166 4084 corpore
3215 4023 3272 4068 et
3307 4029 3480 4068 carne
3514 4001 3828 4066 circumdati.

2301 4111 2617 4182 placuerunt
2646 4110 2788 4172 Deo;
2831 4108 2923 4161 sed
2965 4106 3031 4160 ad
3065 4105 3118 4160 id
3147 4107 3324 4174 potius
3347 4103 3508 4174 lquod
3554 4108 3727 4157 contra
3758 4091 3827 4147 Dei

2298 4181 2620 4272 praeceptum
2677 4214 2742 4253 ex
2796 4199 3026 4251 humana
3079 4199 3340 4250 societate
3391 4200 3741 4266 perpetratur,
3780 4181 3830 4235 de

2297 4293 2492 4362 quibus
2520 4300 2603 4345 est
2634 4308 2648 4344 :
2696 4309 2714 4340 ι
2749 4289 2946 4358 Diliges
2978 4289 3259 4344 Dominum
3299 4287 3469 4343 Deum
3517 4295 3660 4340 tuum
3691 4280 3730 4310 ⁷⁶
3761 4292 3772 4339 ;
3810 4291 3824 4322 ³

2296 4394 2346 4438 et
2379 4402 2392 4438 :
2442 4403 2459 4435 ε
2493 4383 2646 4450 Quod
2679 4383 2770 4437 tibi
2798 4397 2901 4438 non
2936 4384 3016 4438 vis
3049 4381 3164 4436 ﬁeri
3187 4382 3250 4445 ⁷⁷,
3295 4397 3314 4434 ›
3359 4391 3472 4436 etc.
3527 4379 3630 4432 Vos
3668 4381 3829 4428 autem.

2297 4475 2390 4539 ait,
2421 4473 2561 4528 haud
2591 4472 2810 4527 dubium
2841 4474 2968 4542 quin
2999 4471 3242 4540 discipuli
3274 4471 3504 4534 Christi,
3535 4468 3624 4538 qui
3653 4463 3828 4532 sapien-

2300 4565 2429 4614 tiam
2461 4560 2696 4629 Spiritus
2725 4560 3072 4628 suscepistis,
3115 4569 3170 4615 et
3212 4561 3378 4614 vitam
3413 4569 3470 4615 et
3503 4570 3682 4628 pacem
3710 4549 3829 4620 (ξιιμ

2299 4668 2404 4706 non
2444 4653 2576 4706 estis
2601 4654 2652 4706 in
2687 4666 2884 4716 carne,
2922 4653 2974 4706 id
3011 4661 3128 4716 est,
3167 4653 3221 4706 in
3254 4654 3440 4707 carnis
3475 4649 3735 4720 operibus,
3761 4653 3830 4694 ιιι*

2294 4759 2398 4814 que
2424 4744 2541 4814 ejus
2573 4759 2733 4814 opera
2771 4745 3125 4814 perpetratis,
3161 4742 3432 4814 siquidem
3477 4741 3725 4810 Spiritum
3761 4728 3830 4786 Dei

2298 4837 2507 4891 habetis
2531 4836 2584 4890 in
2627 4835 2800 4891 vobis.
2833 4835 2977 4890 Idem
3012 4846 3222 4890 autem:
3237 4835 3480 4904 Spiritus
3513 4833 3640 4894 Dei,
3669 4839 3716 4884 et
3735 4822 3830 4892 SPi'

2292 4931 2432 4985 ritus
2470 4929 2671 4987 Christi
2709 4939 2814 4991 est,
2851 4929 3126 4984 deducens
3151 4938 3206 4983 et
3242 4927 3510 4998 copulans
3539 4938 3658 4980 eum
3684 4917 3830 4990 quiin

2291 5037 2350 5078 se
2379 5021 2646 5085 habuerit,
2678 5020 2906 5075 Domino
2941 5018 3069 5074 Jesu
3103 5019 3341 5075 Christo.
3386 5017 3546 5075 Unde
3574 5025 3628 5070 et
3656 5015 3703 5064 in
3731 5020 3830 5061 con-

2290 5112 2637 5182 sequentibus
2687 5111 2942 5166 scribitur
2989 5129 3003 5164 :
3051 5129 3069 5162 ι
3119 5109 3175 5164 Si
3220 5111 3342 5180 quis
3379 5121 3564 5163 autem
3612 5097 3828 5173 Spiritum

2294 5202 2494 5259 Christi
2535 5220 2638 5256 nnn
2670 5203 2850 5266 habet,
2881 5201 2967 5256 hic
3005 5216 3107 5256 non
3147 5212 3228 5258 est
3255 5203 3392 5270 ejus.
3435 5219 3454 5253 ι

2367 5296 2456 5350 40.
2501 5294 2732 5348 Rursum
2795 5295 2847 5348 in
2903 5295 3153 5364 praesenti
3227 5294 3491 5348 discimus
3554 5287 3827 5346 societatem

2297 5401 2457 5457 quatn
2515 5385 2675 5440 habet
2750 5383 2987 5453 Spiritus
3033 5395 3254 5439 sanctus
3311 5382 3380 5436 ad
3436 5382 3635 5443 Deum,
3688 5384 3736 5430 et
3779 5365 3828 5420 Id

2652 5545 2697 5576 "
2721 5545 2878 5598 Deut.
2913 5559 2984 5613 vt,
3025 5544 3079 5598 5.
3159 5545 3201 5576 "'
3224 5542 3356 5597 Tob.
3392 5541 3577 5606 tv,16.

2375 5707 2487 5773 (93)
2529 5707 2718 5761 Deerat
2743 5726 2760 5758 ι
2793 5708 3009 5772 fratres,
3046 5727 3064 5759 ι
3098 5707 3238 5776 quod
3263 5722 3294 5760 e
3318 5721 3454 5759 mss.
3485 5698 3785 5776 sulfecimus.

2371 5772 2479 5847 (9i)
2521 5777 2647 5833 Erat
2677 5797 2694 5830 ι
2732 5790 2783 5835 et
2813 5781 2971 5832 vitam
3003 5772 3169 5848 pacis,
3203 5797 3221 5828 ι
3260 5772 3697 5832 dissentientibus
3720 5776 3825 5817 mss.
