4042 6404
256 354 395 411 1069

1378 344 1579 401 LIBER
1621 345 1706 400 DE
1746 342 2017 400 SPIRITU
2061 341 2352 399 SANCTO.

3367 344 3502 403 1070

254 474 552 530 Christum.
583 468 688 525 Sed
711 477 765 523 et
787 468 841 524 in
872 466 1109 538 Epistola
1134 466 1278 522 Petri
1307 509 1322 535 ,
1352 466 1587 538 Spiritus
1613 476 1830 521 sanctus
1863 472 1906 528 Α
1937 462 2066 528 tuis,
2110 462 2313 517 habitat
2351 462 2406 517 in
2446 461 2632 527 vobis,
2684 462 2773 533 qui
2832 462 3115 517 suscitavit
3159 462 3435 519 Christum
3476 480 3505 517 a

256 580 380 619 esse
409 562 611 618 Christi
642 560 879 629 Spiritus
914 559 1299 628 comprobatur
1333 575 1345 609 :
1381 576 1400 609 ι
1431 559 1770 620 Scrutantes,
1806 575 1824 608 ι

261 658 469 723 inquit,
520 671 539 705 ι
596 662 650 707 et
694 654 1061 722 inquirentes,
1119 671 1138 705 ι
1185 653 1239 707 id
1283 662 1366 707 est
1412 655 1721 722 prephetze,
1768 654 1833 706 de

257 750 456 819 quibus
483 747 532 801 ei
555 747 729 800 fuerat
753 760 934 800 sermo
956 745 1219 815 superior,
1256 764 1274 797 ι
1311 745 1362 798 in
1393 744 1561 814 quod,
1589 755 1645 799 et
1676 744 1833 814 quale

262 852 471 909 tempus
497 838 612 911 (95)
649 838 986 909 significabat
1012 839 1075 902 is,
1124 837 1213 908 qui
1255 840 1306 890 in
1334 837 1415 891 eis
1452 847 1572 892 erat
1600 837 1835 905 Spiritus

255 931 496 992 Christi,
524 928 825 984 testiﬁcans
858 929 912 981 in
958 928 1174 984 Christo
1210 928 1509 998 passiones,
1542 936 1595 981 et
1623 943 1686 981 ea
1716 944 1835 996 qua:

257 1034 383 1094 post
417 1034 571 1078 erant
613 1033 861 1077 secutura
898 1021 1111 1075 decreta
1150 1034 1164 1073 :
1211 1022 1264 1075 in
1300 1024 1492 1091 quibus
1542 1021 1834 1075 revelatum

260 1125 375 1183 est,
404 1117 529 1184 quia
562 1131 667 1170 non
704 1114 844 1178 sibi,
875 1114 968 1167 sed
1012 1113 1166 1167 nobis
1209 1113 1586 1167 ministrabant
1622 1130 1683 1167 ea
1718 1125 1837 1180 quas

262 1225 406 1262 nunc
420 1210 733 1262 amtnntiata
760 1216 883 1261 sunt
898 1206 1051 1259 vobis
1069 1222 1163 1275 per
1181 1206 1437 1274 Spiritum
1453 1214 1698 1261 sanctum
1718 1206 1784 1258 ⁷⁸.
1812 1224 1830 1256 ι

261 1300 366 1353 lste
411 1307 591 1353 autem
627 1297 862 1367 Spiritus
904 1282 1127 1351 sanctus
1170 1298 1343 1352 dictus
1381 1309 1464 1352 est
1513 1307 1567 1351 et
1602 1296 1836 1367 Spiritus

263 1390 381 1456 Dei,
416 1405 522 1444 non
564 1390 616 1445 in
657 1389 906 1458 prarsenti
960 1398 1165 1442 tantum
1212 1404 1481 1454 sermone,
1533 1390 1623 1443 sed
1672 1398 1728 1444 et
1782 1390 1834 1443 in

259 1482 384 1537 aliis
411 1481 542 1536 locis
579 1480 975 1549 compluribus,
1008 1490 1066 1534 ut
1101 1479 1173 1534 ibi
1208 1497 1221 1533 :
1253 1498 1272 1530 ι
1309 1480 1381 1533 Ea
1410 1494 1532 1548 qum
1564 1479 1652 1533 Dei
1688 1489 1836 1543 sunt,

261 1586 423 1626 nemo
469 1572 617 1624 novit
658 1570 762 1625 nisi
810 1569 1041 1639 Spiritus
1066 1569 1158 1623 Dei
1194 1571 1264 1623 ⁷ο.
1305 1588 1323 1620 ι
1359 1567 1564 1625 Deinde
1595 1571 1839 1640 sequitur

258 1670 385 1730 post
423 1660 525 1714 hoc
557 1660 701 1730 quod
731 1661 807 1714 ait
856 1679 869 1713 :
910 1678 927 1711 ι
968 1660 1025 1714 Si
1058 1661 1181 1730 quis
1216 1670 1394 1716 autem
1434 1662 1693 1730 Spiritum
1744 1662 1836 1718 Dei

260 1767 369 1805 non
402 1752 581 1814 habet,
615 1752 699 1805 hic
731 1767 837 1804 non
860 1762 942 1805 est
969 1751 1122 1820 ejus;
1155 1771 1173 1804 ι
1210 1763 1264 1806 et
1296 1753 1523 1807 infertur
1553 1773 1565 1807 :
1602 1774 1619 1805 ί
1657 1754 1711 1808 Si
1746 1770 1842 1808 au-

1936 556 2180 617 mortuis,
2219 556 2513 609 vivilicabit
2546 566 2600 609 et
2634 554 2878 609 mortalia
2907 570 3133 625 corpora
3187 565 3364 611 vestra
3412 571 3507 626 per

1936 646 2326 700 inhabitantetn
2394 646 2652 715 Spiritum
2697 663 2848 700 suum
2886 648 2936 701 in
2987 647 3138 701 vobis
3183 664 3196 699 :
3253 666 3272 698 ι
3332 663 3511 703 nonne

1935 737 2027 792 tibi
2066 738 2277 792 videtur
2307 740 2523 803 dicere,
2551 740 2674 808 quia
2710 739 2753 792 si
2788 738 3019 806 Spiritus
3051 739 3167 808 ejus
3205 740 3293 807 qui
3336 741 3511 793 susci-

1938 832 2070 883 tavit
2108 830 2380 884 Christum
2418 830 2636 893 Jesum,
2695 831 2749 885 id
2801 841 2904 896 est,
2949 834 3037 899 qui
3091 830 3330 898 ejusdem
3384 830 3510 884 Jesn

1934 919 2137 976 Christi
2170 920 2401 989 Spiritus
2448 931 2550 989 est,
2594 922 2799 976 habitat
2845 922 2895 975 in
2946 922 3141 976 vobis:
3178 937 3512 990 consequen-

1935 1020 2020 1065 ter
2064 1012 2478 1068 vivilicabuntur
2506 1024 2561 1068 et
2604 1014 2850 1068 mortalia
2896 1030 3123 1083 corpora
3155 1025 3337 1069 vestra
3386 1028 3509 1067 cum

1936 1101 2331 1159 immortalibus
2365 1105 2647 1159 animabus
2699 1105 2810 1175 (98)
2859 1107 2925 1161 ab
2977 1122 3041 1161 co
3097 1110 3187 1176 qui
3228 1107 3514 1161 suscitavit

1936 1194 2210 1250 Christum
2240 1195 2423 1251 Jesnm
2449 1212 2474 1249 a
2509 1198 2760 1261 mortuis,
2791 1198 3085 1267 principem
3111 1210 3162 1253 et
3191 1197 3515 1269 primogeni-

1943 1295 2052 1339 tum
2083 1288 2535 1342 resurrectionis?
2558 1288 2624 1341 Et
2665 1290 2860 1357 quibus
2895 1289 2995 1344 tale
3031 1298 3345 1360 tantumque
3378 1290 3513 1346 divi-

1937 1376 2082 1431 nitus
2124 1392 2220 1445 per
2267 1377 2527 1447 Spiritum
2574 1393 2767 1433 munus
2810 1379 3070 1433 indultum
3103 1391 3204 1444 est,
3242 1383 3513 1435 debitores

1938 1481 2124 1521 sumus
2156 1466 2399 1536 Spiritui,
2442 1484 2547 1541 non
2591 1471 2764 1534 carni,
2802 1482 2855 1525 ut
2891 1472 3043 1538 juxta
3089 1488 3206 1527 eam
3245 1474 3508 1528 vivamus.

1939 1560 2217 1629 Siquidem
2263 1565 2351 1631 qui
2394 1563 2546 1630 juxta
2588 1580 2805 1620 carnem
2858 1567 3071 1631 vixerit,
3112 1570 3373 1624 morietur
3424 1571 3509 1626 illa

1941 1665 2119 1708 morte
2150 1670 2266 1723 quae
2298 1667 2577 1723 peccaturu
2617 1659 2882 1727 sequitur.
2925 1678 2942 1710 ι
2991 1659 3274 1715 Peccatum
3315 1664 3512 1732 quippe

1941 1760 2063 1800 cum
2105 1759 2533 1803 consummatum
2579 1749 2760 1812 fuerit,
2798 1763 3023 1821 generat
3070 1767 3321 1825 mprtem,
3368 1774 3387 1808 ι
3424 1773 3513 1811 se-

261 1852 375 1895 tem
397 1842 713 1896 Christusin
736 1841 912 1904 vobis,
942 1861 959 1893 ι
986 1842 1492 1898 etmanifestissime
1508 1846 1836 1900 demonstra-
1873 1820 1915 1877 Β
1943 1839 2173 1893 cundum
2219 1839 2477 1895 Jacobunt
2529 1843 2597 1897 δ’.
2641 1842 2748 1899 Sed
2799 1856 2854 1898 et
2899 1845 3144 1901 Ezechiel
3201 1860 3510 1918 peccantem

263 1945 355 1988 tur
378 1936 789 2003 inseparabilem
813 1950 933 1990 esse
959 1934 1220 2002 Spiritum
1250 1946 1500 1989 sanctum
1526 1951 1555 1988 a
1576 1934 1793 1990 Christo
1818 1954 1831 1989 :

260 2026 392 2093 quia
424 2025 731 2094 ubicunque
766 2025 1002 2094 Spiritus
1033 2035 1253 2079 sanctus
1282 2024 1463 2090 fuerit,
1497 2025 1569 2079 ibi
1598 2036 1651 2079 et
1678 2026 1836 2081 Chri-

260 2127 381 2171 stus
405 2126 489 2169 est
506 2157 520 2176 ,
548 2125 600 2169 et
629 2116 982 2187 undecunque
1007 2115 1205 2171 Christi
1246 2115 1479 2186 Spiritus
1505 2117 1833 2180 discesserit,

262 2207 393 2261 inde
443 2208 642 2276 pariter
688 2210 888 2262 recedit
935 2217 989 2261 et
1021 2207 1289 2263 Christus.
1342 2225 1361 2258 ‹
1418 2206 1473 2261 Si
1526 2208 1646 2275 quis
1693 2208 1835 2261 enim

262 2299 530 2365 Spiritum
556 2298 760 2352 Christi
792 2314 895 2353 non
930 2299 1112 2362 habet,
1143 2298 1230 2352 hic
1264 2314 1367 2353 non
1401 2306 1484 2352 est
1511 2298 1646 2366 ejus.
1686 2317 1704 2349 ι
1738 2298 1835 2352 Cui

260 2388 556 2455 coniuncto
596 2389 639 2443 si
681 2390 801 2457 quis
836 2390 1164 2443 contrarium
1213 2398 1489 2451 assumat,
1523 2389 1703 2442 dicere
1740 2403 1834 2457 po-

263 2488 372 2533 test
402 2493 417 2531 :
454 2478 509 2532 Si
541 2479 663 2546 quis
710 2479 912 2534 Christi
946 2490 1060 2541 est,
1091 2481 1160 2532 ita
1194 2487 1252 2533 ut
1293 2478 1541 2534 Christus
1575 2480 1626 2533 in
1655 2493 1719 2534 eo
1748 2481 1836 2545 sit,

264 2572 318 2625 in
354 2571 457 2625 hoc
487 2570 722 2638 Spiritus
760 2573 849 2625 Dei
883 2581 984 2625 est.
1019 2570 1131 2625 Hoc
1161 2580 1339 2624 autem
1375 2571 1515 2625 idem
1543 2581 1597 2625 et
1625 2572 1692 2626 de
1732 2571 1838 2627 Deo

260 2661 431 2716 Patre
477 2663 725 2716 similiter
773 2666 1157 2732 usurpandum.
1203 2662 1258 2715 Si
1300 2663 1421 2731 quis
1454 2662 1711 2731 Spiritum
1746 2664 1839 2718 Dei

263 2769 376 2807 non
400 2753 585 2818 habet,
612 2753 713 2808 iste
738 2767 841 2806 non
866 2763 947 2806 est
980 2752 1116 2821 ejus.
1147 2753 1240 2806 Cui
1272 2767 1483 2806 rursum
1508 2753 1839 2807 contrarium

262 2846 309 2899 si
346 2844 472 2913 quis
501 2856 763 2906 assumat,
802 2845 984 2898 dicens
1033 2859 1047 2897 :
1084 2844 1139 2898 Si
1184 2844 1305 2912 quis
1357 2844 1446 2897 Dei
1478 2852 1580 2910 est,
1637 2845 1689 2898 in
1740 2846 1842 2899 hoc

263 2936 505 3004 Spiritus
548 2935 639 2989 Dei
683 2946 786 2989 est.
825 2934 977 2990 Unde
1024 2936 1279 2989 scribitur
1325 2954 1339 2991 :
1398 2955 1415 2987 ‹
1454 2934 1683 2991 Nescitis
1715 2937 1840 3006 quia

263 3030 528 3095 templum
591 3030 679 3083 Dei
731 3032 894 3094 estis,
949 3039 1001 3084 et
1053 3032 1103 3083 itt
1156 3030 1304 3084 vobis
1356 3031 1562 3085 habitat
1610 3030 1842 3100 Spiritus

1937 1931 2171 1985 animam
2209 1934 2345 1987 mori
2395 1935 2601 1990 scribit.
2644 1934 2936 2005 Separatur
2988 1940 3129 1994 enim
3160 1940 3270 2007 jam
3310 1958 3341 1997 a
3382 1944 3511 2012 vita,

1938 2036 2056 2089 qua:
2100 2023 2151 2077 in
2181 2025 2443 2093 sapientia
2475 2026 2709 2096 Spiritus
2735 2029 2995 2085 collocata
3024 2042 3107 2087 est
3136 2031 3202 2088 ⁸³.

2009 2112 2097 2165 62.
2135 2114 2188 2168 Si
2222 2116 2344 2184 quis
2393 2126 2574 2169 autem
2608 2120 3003 2174 transcenderit
3043 2122 3208 2176 vitam
3240 2125 3422 2179 Carnis
3452 2134 3507 2180 et

1940 2206 2143 2275 Spiritu
2169 2220 2332 2276 opera
2363 2206 2543 2263 carnis
2570 2212 2976 2267 mortilicaverit
3008 2213 3142 2284 (99),
3186 2216 3326 2270 vivet
3357 2218 3509 2272 beata

1937 2308 2248 2367 aeternaque
2295 2298 2404 2353 vita
2440 2301 2642 2357 relatus
2685 2303 2736 2357 in
2768 2304 2903 2358 ﬁlios
2939 2303 3057 2369 Dei,
3106 2315 3161 2359 et
3189 2305 3428 2361 directus
3459 2308 3512 2361 in

1940 2388 2079 2442 viam
2117 2397 2317 2443 rectam
2349 2400 2566 2459 propter
2595 2389 2856 2460 Spiritum
2908 2403 3173 2457 sanetum,
3213 2394 3303 2463 qui
3333 2404 3389 2448 et
3421 2394 3512 2448 Dei

1940 2478 2170 2549 Spiritus
2191 2478 2509 2548 appellatur.
2541 2499 2560 2533 r
2598 2482 2653 2537 Si
2683 2483 2845 2548 enim,
2881 2501 2899 2535 ι
2934 2483 3128 2552 inquit,
3158 2503 3176 2535 ‹
3207 2484 3359 2551 juxta
3393 2500 3516 2540 car-

1940 2584 2062 2623 nera
2094 2569 2356 2635 vixeritis,
2385 2572 2708 2628 moriemini.
2739 2572 2890 2641 Quod
2922 2576 2965 2629 si
3000 2576 3191 2645 spiritu
3222 2576 3360 2631 facta
3388 2592 3511 2632 car—

1941 2661 2024 2715 nis
2050 2662 2524 2727 mortiticaveritis,
2550 2664 2741 2719 vivetis
2768 2682 2781 2729 ;
2820 2686 2838 2717 ι
2872 2667 3000 2720 etin
3026 2668 3510 2736 consequentibus:

1948 2771 1967 2803 ι
2008 2752 2280 2822 Quotquot
2309 2755 2451 2808 enim
2490 2755 2693 2825 Spiritu
2733 2756 2823 2811 Dei
2859 2768 3113 2828 aguntur,
3154 2760 3207 2814 hi
3261 2759 3352 2813 lilii
3391 2772 3518 2816 sunt

1943 2843 2058 2901 Dei.
2094 2863 2112 2896 ι
2143 2843 2375 2899 Rursum
2410 2846 2716 2902 rei‘ocillans
2748 2864 2862 2912 eos,
2893 2861 2947 2904 et
2975 2852 3282 2916 consolans,
3309 2861 3364 2907 et
3390 2868 3516 2922 pro-

1942 2950 2141 2991 vocans
2195 2953 2417 3007 sperare
2462 2939 2705 3007 meliora,
2754 2941 2948 3010 quibus
2998 2942 3336 3012 loquebatur,
3384 2945 3513 3000 ait:

1950 3045 1969 3078 ι
2007 3028 2120 3083 Νοη
2148 3028 2293 3084 enim
2326 3031 2610 3099 accepistis
2640 3032 2833 3086 iterum
2871 3035 3119 3103 spiritum
3152 3038 3430 3094 servitutis
3461 3040 3514 3094 in

264 3124 365 3176 Dei
387 3122 476 3175 8“1
499 3142 517 3174 ι
552 3123 614 3176 Ει
638 3124 687 3175 in
706 3122 928 3176 Joannis
950 3122 1182 3191 Epistola
1213 3141 1265 3175 ει
1297 3121 1351 3175 ln
1378 3122 1478 3177 hoc
1501 3122 1842 3192 cognoaitur
1868 3159 1911 3217 Ο
1948 3119 2161 3185 timore,
2186 3138 2205 3171 ι
2230 3114 2281 3175 id
2314 3131 2415 3186 est,
2440 3138 2542 3176 non
2576 3124 2927 3180 similitudine
2960 3142 3260 3194 servorum,
3290 3142 3434 3185 metu
3461 3143 3517 3187 et

273 3216 418 3269 Deus
458 3216 702 3270 habitans
746 3217 798 3268 in
832 3216 1173 3284 quibusdam,
1210 3229 1333 3268 cum
1377 3215 1638 3269 manserit
1677 3217 1729 3269 in
1763 3215 1843 3270 eis

267 3295 513 3378 Spiritus
534 3323 693 3377 quem
714 3309 857 3363 dedit
876 3310 940 3359 ει.
972 3327 989 3358 ι
1026 3309 1102 3363 Ex
1128 3309 1321 3377 quibus
1337 3308 1585 3363 omnibus
1612 3308 1842 3363 indisso-

270 3401 484 3457 eiabilis
532 3411 693 3469 atque
739 3402 1028 3455 indiscreta
1073 3400 1358 3455 Trinitatis
1398 3399 1700 3455 substantia
1750 3399 1843 3453 de-

280 3499 627 3545 monstratur.

351 3582 433 3637 Η.
478 3582 610 3636 Cum
645 3595 771 3650 ergo
806 3583 882 3634 ait
936 3598 950 3634 :
989 3601 1007 3632 ι
1059 3580 1113 3635 Si
1151 3578 1398 3634 Christus
1437 3579 1490 3633 in
1543 3578 1693 3632 vobis
1740 3587 1842 3640 est.

278 3689 473 3743 corpus
494 3673 711 3743 quidem
739 3681 1006 3727 mortuum
1030 3680 1245 3741 propter
1267 3678 1567 3739 peccatum,
1605 3688 1623 3719 ι
1650 3684 1847 3739 nequa-

272 3781 437 3835 quam
483 3764 629 3818 vitiis
674 3764 1013 3833 lasciviaeque
1051 3762 1383 3826 deserviens,
1425 3762 1518 3816 sed
1556 3760 1668 3831 (96)
1704 3775 1848 3815 mor-

270 3858 544 3913 titicatum
598 3866 849 3926 peccato,
884 3871 990 3910 non
1032 3864 1403 3911 commovetur
1445 3855 1510 3909 ad
1565 3854 1696 3908 vitia
1739 3871 1752 3907 :
1794 3862 1851 3907 et

269 3964 618 4018 nequaquam
670 3948 775 4002 erit
824 3947 986 4001 vitale
1038 3954 1277 4016 peccato.
1329 3945 1619 4015 Postquam
1670 3954 1847 3998 autem

272 4055 479 4110 corpus
509 4050 731 4109 peccato
762 4049 1035 4094 mortuum
1074 4038 1255 4102 fuerit,
1282 4037 1529 4092 Christus
1562 4036 1614 4117 in
1650 4036 1733 4091 his
1757 4035 1848 4105 qui

269 4149 374 4188 sua
398 4146 626 4201 corpora
660 4132 1141 4195 mortilicaverunt,
1174 4144 1412 4199 prmsens
1436 4127 1695 4199 Spiritum
1728 4129 1851 4181 vita:

269 4222 519 4279 ostendit
573 4239 669 4292 per
702 4223 967 4292 justitiam
1024 4226 1137 4277 sive
1189 4222 1578 4277 correctionem
1629 4235 1849 4289 operum

273 4315 545 4369 virtutum
577 4313 981 4375 immortalium,
1013 4314 1126 4368 sive
1156 4313 1310 4368 iidem
1336 4312 1461 4367 Jesu
1488 4312 1688 4367 Christi
1717 4310 1847 4383 (97),

274 4408 333 4461 in
366 4403 457 4461 his
483 4404 574 4473 qui
600 4403 751 4472 juxta
785 4406 944 4460 iidem
991 4404 1134 4459 illius
1184 4413 1602 4460 conversantur.
1648 4401 1851 4457 Deinde

1946 3217 2152 3265 terrore
2180 3224 2461 3279 ptenarum
2495 3228 2588 3267 vos
2620 3215 2903 3270 abstinetis
2940 3233 2968 3270 a
3000 3218 3164 3283 vitiis,
3196 3220 3318 3289 quia
3349 3222 3516 3277 habe-

1949 3302 2018 3356 tis
2043 3302 2195 3356 vobis
2230 3304 2409 3358 datum
2438 3304 2515 3376 (i)
2546 3322 2574 3359 a
2611 3305 2770 3361 Patre
2816 3294 3075 3377 Spiritum
3107 3313 3434 3381 adoptionis,
3464 3315 3519 3370 id

1946 3402 2031 3446 est
2067 3391 2329 3461 Spiritum
2363 3404 2629 3462 sanctum,
2659 3396 2749 3466 qui
2783 3397 2897 3467 ipse
2928 3399 3185 3469 Spiritus,
3219 3414 3273 3457 et
3302 3404 3420 3471 Dei,
3464 3416 3522 3461 ct

1945 3483 2142 3538 Christi
2164 3525 2178 3549 ,
2210 3496 2263 3539 et
2295 3486 2539 3540 veritatis
2587 3488 2783 3543 dicitur
2814 3500 2979 3562 atque
3008 3496 3303 3562 sapientiae.
3337 3495 3393 3552 Si
3423 3514 3522 3553 au-

1950 3585 2053 3628 tem
2080 3576 2310 3643 Spiritus
2341 3577 2442 3631 iste
2476 3579 2691 3648 adoptat
2745 3582 2796 3634 in
2830 3582 2967 3637 tilios
2996 3585 3086 3639 Dei
3128 3602 3255 3653 eos,
3289 3604 3518 3658 quorum

1948 3666 2254 3737 dignatione
2277 3671 2357 3722 sui
2387 3669 2656 3725 habitator
2673 3671 2920 3741 cllicitur,
2951 3677 3045 3731 tibi
3072 3684 3517 3750 consequentium

1949 3773 2112 3826 super
2142 3761 2379 3826 potentia
2409 3760 2525 3828 ejus
2558 3763 2970 3834 intelligentiam
2998 3766 3335 3839 derelinquo.

2020 3850 2188 3905 Porro
2244 3852 2296 3903 in
2366 3852 2467 3905 hoc
2515 3852 2815 3921 adoptionis
2879 3856 3079 3927 Spiritu
3127 3860 3361 3916 clamant
3428 3864 3521 3934 qui

1950 3943 2253 3997 habuerunt
2278 3942 2428 3998 illum
2450 3942 2664 3998 Patrem
2698 3946 2886 4010 Deum.
2911 3949 3051 4003 sicut
3077 3953 3313 4006 ostendit
3341 3969 3521 4010 sermo

1951 4035 2134 4089 dicens
2171 4056 2183 4090 :
2226 4054 2243 4087 ‹
2296 4034 2351 4090 ιη
2399 4050 2504 4106 quo
2531 4037 2859 4094 clamamus:
2892 4041 3063 4108 Abba,
3103 4043 3258 4099 Pater
3289 4064 3302 4099 :
3348 4066 3368 4099 ι
3406 4049 3522 4117 ipso

1952 4126 2155 4194 Spiritu
2190 4127 2278 4195 qui
2308 4142 2406 4182 nos
2443 4128 2660 4199 adoptat
2690 4131 2741 4184 in
2783 4131 2940 4195 lilios,
2988 4135 3351 4192 testimonium
3386 4155 3522 4207 prae-

1951 4218 2113 4272 bente
2147 4219 2556 4289 participatione
2593 4222 2696 4284 sui,
2725 4222 2865 4291 quod
2899 4238 2928 4277 a
2961 4235 3144 4282 nostro
3166 4225 3367 4297 Spiritu
3397 4246 3525 4301 pos-

1953 4310 2177 4376 sidetur,
2226 4311 2352 4379 quia
2403 4310 2497 4365 lilii
2539 4311 2633 4366 Dci
2676 4329 2883 4368 sumus.
2924 4315 3024 4371 Cui
3074 4333 3410 4389 consequens
3439 4335 3524 4378 est

1954 4401 2119 4455 Deum
2160 4403 2374 4470 quidem
2406 4403 2558 4471 quasi
2591 4416 2820 4475 patrem,
2856 4409 3225 4465 barretlitarias
3254 4414 3409 4468 nobis
3440 4417 3522 4469 di-

271 4494 576 4566 Apostolus
624 4495 728 4549 alio
768 4495 1079 4565 syllogismo
1131 4495 1423 4564 conjuncto
1474 4496 1661 4561 utitur,
1708 4493 1853 4563 quod
1887 4499 1927 4553 D
1959 4492 2118 4547 vitias
2155 4493 2448 4548 contulisse
2484 4494 2585 4565 (ἓ)⁹
2619 4497 2918 4566 spiritualia
2953 4501 3125 4564 dona;
3156 4503 3353 4558 Christi
3395 4521 3523 4561 vero

274 4587 683 4658 significantius
711 4586 977 4641 dialectici
1008 4584 1223 4656 ἀξίωμα
1258 4593 1474 4649 vocant,
1503 4595 1558 4639 et
1587 4586 1661 4637 ait
1691 4603 1703 4639 :
1743 4602 1763 4636 ι
1798 4583 1855 4638 Si

276 4693 467 4735 autem
501 4678 736 4750 Spiritus
765 4678 881 4749 ejus
910 4680 1002 4749 qui
1042 4678 1325 4734 suscitavit
1355 4677 1629 4733 Christum
1662 4692 1690 4730 a
1722 4690 1859 4730 mor-

352 4794 399 4825 ²⁸
424 4792 444 4846 ι
467 4791 583 4846 Pet.
608 4809 648 4855 ι,
679 4792 768 4857 ll,
798 4792 883 4846 i2.
958 4790 1184 4848 ποιουν.
1211 4807 1273 4856 tt,
1296 4793 1380 4846 il.

354 4910 471 4980 (95)
511 4907 711 4962 lterum
746 4910 938 4964 vitiose
965 4918 1107 4973 erat,
1144 4920 1197 4963 et
1228 4909 1566 4980 nullosensu
1608 4925 1625 4956 ι
1666 4906 1719 4980 in
1748 4921 1854 4974 quo

281 4977 381 5043 ait,
423 4977 583 5047 quale
611 4988 841 5048 tempus,
880 4998 897 5030 ι
936 4990 1065 5044 etc.,
1095 4994 1266 5047 neque
1295 4991 1350 5033 ut
1379 4977 1672 5048 Scripturae.
1704 4977 1852 5030 locus

282 5051 652 5112 scribebatur,
698 5047 754 5103 ut
798 5050 902 5103 alia
955 5051 1148 5104 menda
1198 5047 1676 5118 interpunctionis,
1724 5058 1855 5112 etc.,

284 5122 491 5190 quibus
517 5128 665 5190 totus
692 5121 932 5175 scatebat
963 5121 1049 5175 hic
1073 5119 1226 5182 liber,
1260 5117 1677 5190 dis-simulemus.

357 5190 477 5259 (96)
517 5187 690 5246 Vatic.
738 5209 757 5242 ι
794 5192 837 5246 si
885 5210 903 5242 ι
944 5206 1040 5260 pro
1076 5208 1095 5241 ς
1137 5192 1250 5244 sed.
1293 5208 1313 5240 ›
1354 5188 1421 5242 Ut
1446 5202 1636 5260 sensus
1679 5196 1855 5260 tamen

286 5256 569 5329 utcunque
597 5271 804 5315 coastet
833 5256 957 5315 cuni
989 5261 1247 5328 superiori
1283 5256 1523 5327 Apostoli
1564 5258 1854 5329 sententia,

287 5326 520 5384 verbum
567 5330 779 5398 aliquod
820 5326 1174 5399 supplendum
1206 5338 1308 5393 est,
1336 5326 1469 5397 puta
1490 5366 1505 5389 ,
1534 5343 1579 5399 At
1606 5326 1854 5399 illuditi-

291 5400 489 5465 telligit
523 5396 667 5469 quod
696 5396 1067 5469 nequaquam,
1112 5418 1130 5450 ι
1167 5409 1296 5469 etc.,
1330 5397 1584 5469 autquid
1623 5396 1819 5469 simile.

364 5469 483 5539 (97)
529 5466 657 5523 Vide
684 5465 807 5524 nutu
840 5465 1023 5524 isthaec
1057 5472 1129 5523 sit
1157 5468 1487 5537 prteferenda
1519 5465 1737 5536 Reginae.
1767 5481 1857 5521 co-

294 5541 434 5595 dicis
461 5539 620 5592 lectio
656 5559 669 5594 :
720 5559 737 5591 ε
772 5542 1043 5603 Christus,
1079 5544 1189 5593 suis
1218 5540 1308 5605 qui
1332 5552 1428 5591 sua
1459 5551 1685 5605 corpora
1715 5552 1857 5590 mor-

299 5610 645 5663 tilicaverunt
662 5624 753 5678 per
778 5622 1092 5679 praisentem
1117 5610 1396 5678 Spiritum,
1419 5607 1581 5679 vitam
1602 5608 1856 5679 ostendit,

295 5694 395 5747 per
418 5680 683 5747 justitiam
722 5678 973 5749 operum,
1006 5682 1119 5733 sive
1153 5695 1247 5747 per
1285 5678 1672 5749 correctionem
1702 5678 1833 5730 vitio

300 5746 429 5802 rum
464 5746 789 5812 mortalium,
822 5751 932 5804 sive
958 5766 1053 5817 per
1097 5746 1251 5803 tidetu
1281 5746 1407 5800 .lesu
1438 5747 1658 5811 Christi,
1696 5765 1717 5798 ι
1752 5757 1855 5801 etc.

370 5818 482 5889 (98)
530 5817 603 5872 Ita
639 5816 815 5874 ferunt
840 5816 990 5875 vetus
1019 5819 1182 5875 editio
1208 5828 1260 5873 et
1297 5817 1511 5887 Reginae
1541 5832 1670 5891 ttts.,
1703 5828 1858 5875 antea

1455 4790 1679 4845 8°lCor.
1707 4805 1789 4857 ttt,
1822 4790 1905 4844 16.
1981 4792 2023 4821 ⁸¹
2052 4792 2068 4844 l
2097 4789 2249 4845 Joan.
2277 4807 2349 4855 tv,
2381 4791 2466 4845 15.

1953 4581 2261 4635 cobreredes
2302 4596 2401 4637 nos
2428 4597 2566 4646 esse,
2600 4599 2663 4638 eo
2701 4587 2844 4654 quod
2872 4586 3066 4644 fratres
3105 4589 3222 4657 ejus
3266 4606 3360 4661 per
3400 4610 3524 4663 gra-

1957 4675 2085 4727 tiam
2115 4682 2169 4727 et
2195 4673 2577 4744 benignitatem
2607 4677 2772 4744 ipsius
2808 4679 3159 4749 appellamur.
3186 4682 3400 4739 Erimus
3428 4701 3526 4739 au-

2544 4791 2587 4823 ⁸²
2612 4789 2726 4847 Jac.
2750 4809 2786 4857 ι,
2820 4794 2901 4849 15.
2980 4795 3025 4826 ⁸³
3046 4796 3408 4863 Ezech.xvttt,
3433 4801 3522 4854 20.

1954 4916 2073 4962 erat
2120 4924 2138 4956 ι
2177 4921 2299 4960 cum
2346 4907 2730 4968 immortalium
2764 4909 3064 4963 animabus.
3107 4929 3126 4961 ι
3176 4910 3292 4965 Mox
3336 4914 3524 4968 eadem

1956 4987 2112 5031 vetus
2161 4976 2291 5029 edit.
2328 4994 2366 5046 ί(
2429 4965 2840 5046 prim‘ogenitum
2908 4978 3052 5031 illum
3110 4965 3525 5039 resurrectionis

1954 5046 2267 5101 ostendens.
2312 5045 2491 5111 Quare
2522 5056 2577 5101 et
2613 5045 2813 5115 quibus
2848 5047 2971 5112 tale,
3009 5066 3028 5098 ι
3064 5060 3169 5105 etc.

2026 5115 2137 5187 (99)
2181 5114 2273 5187 Est
2320 5115 2540 5185 Regina!
2589 5114 2790 5171 codicis
2824 5117 3083 5187 integrior
3120 5119 3280 5175 lectio
3315 5121 3426 5175 hare
3470 5132 3527 5176 et

1956 5185 2295 5241 concinnior.
2328 5188 2502 5239 Antea
2529 5196 2645 5241 erat
2669 5185 3037 5242 tantummodo
3071 5207 3090 5239 ι
3131 5193 3527 5246 transcenderit

1955 5259 2121 5310 vitam
2145 5257 2344 5319 carnis,
2367 5264 2419 5310 et
2440 5257 2645 5323 Spiritu
2663 5272 2822 5324 opera
2845 5259 3025 5312 carnis
3050 5261 3472 5315 mortilicaverit.
3502 5281 3521 5312 ι

2028 5325 2104 5397 (1)
2146 5325 2268 5379 Vat.
2298 5343 2317 5375 ι
2351 5326 2615 5381 abstinete
2640 5342 2671 5379 a
2703 5327 2864 5391 vitiis,
2892 5329 2981 5395 qui
3013 5330 3220 5385 habetis
3248 5332 3523 5386 vobiscum

1957 5397 2161 5467 datum,
2201 5416 2220 5445 ι
2256 5407 2385 5458 etc.,
2435 5397 2628 5467 deinde
2665 5415 2683 5447 ι
2738 5397 2830 5465 qui
2878 5398 2991 5466 ipse
3039 5397 3273 5467 Spiritus
3312 5400 3434 5455 Filii
3471 5410 3528 5456 et

1955 5466 2181 5527 Christi,
2214 5472 2268 5519 et
2294 5466 2556 5529 veritatis,
2597 5484 2615 5517 ι
2655 5475 2760 5520 etc.

2028 5537 2105 5605 (2)
2139 5534 2271 5588 Cod.
2308 5534 2527 5610 Reginae
2568 5555 2586 5586 ι
2630 5551 2735 5605 qua
2767 5551 2796 5589 a
2837 5547 3021 5595 nostro
3050 5540 3241 5609 spiritu
3279 5540 3525 5610 posside-

1959 5616 2068 5669 tur,
2112 5614 2231 5680 t_et
2281 5607 2452 5680 paulo
2478 5616 2755 5680 post__cum
2799 5611 2967 5663 veteri
3019 5607 3232 5680 quoque
3265 5607 3524 5675 editione,

1964 5696 1982 5727 σ
2015 5677 2167 5745 quasi
2201 5686 2408 5740 patrem
2442 5676 2743 5731 lnereditari
2775 5693 2801 5729 a
2839 5680 3014 5743 nobis,
3041 5676 3243 5735 Christi
3281 5697 3408 5734 vero
3439 5696 3524 5735 eo-

1960 5747 2221 5818 hmredcs,
2278 5755 2460 5818 t_etc.,
2503 5749 2706 5818 absque
2734 5748 2864 5817 illis,
2901 5768 2919 5802 ι
2970 5751 3189 5807 divitias
3230 5751 3525 5807 contulisse

1960 5814 2259 5887 spiritualia
2283 5814 2444 5871 dona.
2478 5835 2498 5869 ι
