4042 6404
591 271 720 326 1071

1840 259 2076 317 DIDYMI
2115 260 2583 318 ALEXANDRINI

3659 269 3774 325 11179

594 397 698 438 tem
733 383 971 438 hazredes
1003 381 1119 446 Dei,
1150 379 1460 435 colueredes
1490 388 1666 434 autem
1701 376 1903 434 Christi
1935 381 1979 434 si
2011 395 2158 434 com-
2186 389 2234 443 Α
2263 382 2473 436 cordari
2521 390 2700 434 autem
2748 395 2806 433 se
2858 380 3244 434 misericordia:
3288 389 3342 433 et
3383 379 3630 436 virtutum
3663 384 3778 454 ejus,

589 476 877 544 patiamur,
914 481 971 525 ut
1004 481 1057 526 et
1092 469 1489 540 congloriticari
1525 470 1573 524 ei
1607 483 1674 524 ex
1714 468 2023 538 passionum
2067 483 2159 524 so-

590 569 788 622 cietate
823 579 1147 619 mereamur.

660 657 752 714 43.
789 659 987 713 Verum
1030 657 1155 726 quia
1196 666 1250 710 et
1291 654 1567 723 hocjuxta
1605 654 1656 708 id
1705 656 1844 726 quod
1889 656 2157 725 potuimus

589 749 908 805 edissertum
959 757 1061 810 est,
1110 759 1472 815 proponamus
1525 745 1799 812 prophetae
1842 745 2155 814 capitulum,

589 839 833 910 quaedam
873 840 938 893 de
969 837 1166 906 Spiritu
1196 846 1379 890 sancto
1412 833 1714 896 continens,
1762 844 1816 886 ut
1849 848 1952 886 non
1987 832 2156 887 solum

589 935 656 988 de
693 931 861 996 Novo,
895 946 1078 984 verum
1107 929 1268 984 etiam
1313 929 1377 980 de
1411 926 1583 981 Veteri
1614 924 1961 979 Testamento
1999 939 2159 992 super

589 1026 705 1095 ejus
736 1024 838 1077 lide
889 1021 1272 1088 intellectnque
1316 1019 1631 1072 doceamur.
1662 1015 1794 1069 Nam
1825 1024 1879 1072 et
1909 1018 2159 1084 superius

590 1114 866 1186 praelocuti
901 1127 1114 1175 sumus,
1149 1111 1200 1163 in
1240 1109 1492 1164 omnibus
1525 1110 1750 1172 sanctis,
1782 1117 1888 1161 tam
1942 1108 2026 1162 his
2066 1109 2155 1176 qui

554 1252 556 1256 τ
590 1219 708 1278 post
745 1208 1028 1261 adventum
1065 1203 1275 1257 Domini
1317 1201 1487 1256 nostri
1520 1202 1752 1263 luerunt,
1796 1215 1955 1268 quam
1995 1199 2157 1252 etiam

565 1309 758 1363 “retro,
785 1298 836 1350 in
880 1295 1206 1363 patriarchis
1237 1294 1488 1347 videlicet
1513 1301 1568 1346 et
1597 1292 1896 1361 prophetis,
1923 1291 2159 1360 Spiritus

587 1391 760 1445 sancti
791 1389 1016 1459 gratiam
1046 1385 1214 1440 fuisse
1245 1396 1532 1448 versatam,
1571 1397 1624 1438 et
1654 1400 1748 1439 eos
1773 1385 1999 1438 diversis
2029 1384 2160 1438 cha-

588 1481 903 1536 rismatibus
933 1480 1327 1546 virtutibusque
1357 1475 1674 1546 complesse.
1703 1476 1983 1543 Quomodo
2012 1477 2156 1531 enim

586 1574 747 1628 unius
775 1573 864 1626 Dei
891 1581 943 1624 et
975 1565 1242 1640 Unige'nili
1269 1569 1385 1638 ejus
1408 1569 1634 1638 gratiam
1663 1569 2014 1637 possidentes,
2049 1578 2156 1621 tam

586 1665 642 1720 hi
669 1665 928 1734 quiante,
955 1679 1114 1731 quam
1143 1661 1306 1717 etiam
1335 1661 1407 1713 illi
1434 1661 1521 1730 qui
1552 1669 1672 1729 post
1695 1660 1986 1713 adventum
2014 1660 2153 1728 ejus,

2261 473 2533 542 inquiunt,
2571 474 2622 525 in
2663 471 2912 526 ouinibns
2946 486 3064 540 qua:
3097 470 3342 524 retribuit
3384 471 3495 534 eis,
3523 487 3621 526 non
3655 473 3782 542 juxta

2252 567 2519 637 justitiam
2549 582 2696 620 suam
2717 607 2731 630 ,
2763 567 2852 619 sed
2880 565 3030 631 juxta
3071 564 3490 619 misericordiam
3519 574 3570 620 et
3603 564 3784 623 bonita-

2262 669 2366 710 tem
2412 656 2550 725 ejus,
2593 656 2684 724 qni
2719 667 2803 710 est
2852 655 3018 726 judex
3067 655 3243 708 domui
3282 655 3512 719 videnti,
3554 664 3605 708 et
3631 659 3783 710 sensui

2261 749 2461 803 mundo
2492 750 2652 804 corde
2679 750 2921 802 cernenti
2973 747 3254 802 Dominum
3289 746 3388 818 (4).
3423 746 3532 801 IIoc
3557 747 3784 816 siquidem

2259 855 2322 892 ex
2372 838 2596 894 Hebraeo
2638 843 2887 894 sermdne
2923 839 2975 891 in
3012 839 3188 908 lingua
3222 848 3404 892 nostra
3445 839 3785 907 interpretatur

2259 931 2442 996 Israel,
2490 931 2539 984 id
2585 939 2688 996 est,
2723 947 2866 985 mem
2910 931 3084 984 videns
3119 929 3280 983 Deum
3332 929 3430 999 (5).
3486 927 3628 984 Licet
3667 931 3783 984 enim

2260 1031 2525 1076 tormenta
2549 1062 2564 1086 ,
2596 1032 2649 1077 et
2693 1021 2967 1076 cruciatus
2991 1021 3155 1091 judex
3207 1034 3584 1087 nonnunquam
3624 1018 3784 1073 inferat

2253 1113 2513 1183 judicium
2543 1113 2894 1172 merentibus.
2923 1122 3101 1166 tamen
3133 1112 3222 1180 qui
3248 1127 3438 1166 causas
3461 1125 3633 1164 rerum
3654 1110 3782 1164 altius

2261 1207 2518 1269 intuetur,
2543 1205 2730 1259 videns
2756 1205 3086 1275 propositum
3115 1204 3369 1258 bonitatis
3393 1201 3530 1272 ejus,
3556 1202 3640 1272 qui
3665 1203 3782 1272 cupit

2257 1295 2529 1365 corrigere
2575 1304 2909 1363 peccantem,
2952 1293 3148 1348 bonum
3196 1293 3344 1348 illum
3387 1294 3682 1357 conﬁtetur,
3717 1292 3782 1346 di-

2258 1402 2387 1442 cens
2413 1405 2424 1440 :
2452 1405 2470 1437 ι
2503 1387 2740 1441 lnl'erens
2768 1386 2865 1459 jal.
2896 1384 3117 1457 inferas]
3147 1386 3300 1439 nobis
3327 1385 3477 1453 juxta
3511 1384 3782 1440 misericor-

2259 1480 2401 1534 diam
2437 1494 2610 1534 suam.
2650 1498 2670 1532 ι
2711 1480 2765 1533 Si
2815 1480 2958 1533 enim
2998 1479 3311 1546 iniquitates
3351 1491 3536 1530 eorum
3575 1490 3696 1546 quos
3719 1473 3784 1544 iu~

2258 1569 2399 1622 dicat
2429 1569 2672 1622 attendat
2698 1567 2975 1631 Dominus,
3005 1568 3127 1636 quis
3157 1567 3478 1621 sustinebit?
3504 1566 3661 1621 Porro
3684 1565 3784 1634 quia

2261 1657 2399 1727 apud
2444 1657 2726 1711 Dominum
2777 1659 3087 1728 prapitiatio
3114 1668 3217 1721 est,
3274 1658 3532 1712 Dominus
3571 1655 3783 1711 videlicet

582 1756 806 1827 jnstitia:
849 1768 1073 1808 erexere
1114 1751 1365 1805 vexillum
1388 1791 1403 1816 ,
1450 1751 1695 1805 veritatis
1725 1758 1852 1804 sunt
1879 1751 2161 1804 scientiam
2195 1747 2236 1801 B
2265 1763 2444 1806 noster
2485 1759 2645 1819 atque
2689 1751 2937 1807 Salvator
2969 1753 3132 1807 infert
3168 1754 3322 1806 nobis
3343 1751 3628 1806 secundum
3657 1749 3785 1804 niiseo

579 1847 900 1912 consecuti;
944 1846 1022 1899 sic
1057 1853 1111 1897 et
1148 1843 1383 1913 Spiritus
1427 1843 1599 1897 sancti
1633 1842 1862 1911 gratiam
1912 1842 2153 1911 posside-

578 1941 742 2004 bunt,
776 1936 900 2006 quia
934 1934 1345 2003 inseparabilem
1382 1949 1410 1986 a
1444 1932 1603 1985 Patre
1631 1941 1682 1984 et
1702 1931 1842 1985 Filio
1865 1945 2005 1994 esse,
2035 1930 2158 2000 Spi-

587 2031 751 2082 ritum
784 2036 1029 2082 sanctum
1068 2026 1138 2079 in.
1172 2023 1354 2078 multis
1400 2039 1561 2092 supra
1610 2021 1744 2077 locis
1797 2023 2152 2078 ostendimus.

586 2122 859 2192 Scriptum
889 2130 972 2174 est
1001 2132 1131 2187 ergo
1163 2118 1214 2169 in
1241 2117 1501 2186 propheta
1537 2133 1551 2169 :
1586 2133 1604 2167 ι
1640 2114 2018 2170 Misericordiae
2048 2116 2154 2167 Do-

584 2211 718 2266 mini
763 2210 1077 2264 recordatus
1116 2223 1273 2268 sum,
1318 2215 1370 2260 et
1402 2205 1616 2259 virtutis
1667 2203 1783 2272 ejus
1814 2205 1867 2258 in
1910 2204 2158 2259 omnibus

581 2317 706 2373 qua:
752 2302 1000 2356 retribuit
1049 2299 1222 2355 nobis.
1268 2298 1524 2352 Dominus
1555 2297 1715 2374 juilev
1761 2297 1935 2358 bonus
1978 2297 2156 2357 domui

585 2391 774 2469 Israel,
801 2392 1044 2454 inferens
1074 2391 1230 2453 nobis
1253 2388 1403 2465 iam
1446 2395 1876 2449 misericordiam
1902 2407 2076 2456 suam,
2107 2401 2162 2446 el.

585 2503 735 2562 juxta
787 2491 1188 2557 multitudinem
1215 2488 1436 2559 justitite
1482 2503 1610 2542 sure.
1655 2488 1720 2541 Et
1751 2487 1929 2541 dixit:
1976 2485 2162 2540 Nonne

588 2583 816 2654 populus
845 2599 994 2638 meus
1027 2582 1117 2635 lilii
1163 2591 1218 2635 et
1261 2597 1366 2634 non
1405 2580 1902 2649 prtevai'icabuntur
1954 2577 2054 2649 ('5).
2096 2577 2162 2631 Et

586 2675 762 2728 factus
810 2684 893 2728 est
951 2673 1057 2728 illis
1107 2672 1160 2726 in
1211 2672 1440 2727 salutem
1499 2686 1565 2724 ex
1617 2669 1764 2724 omni
1820 2669 2162 2722 tribulatione

589 2782 773 2822 eorum
797 2784 812 2833 ;
838 2783 942 2819 non
977 2765 1202 2834 legatus,
1247 2779 1420 2833 neque
1455 2763 1697 2833 angelus,
1727 2763 1819 2817 sed
1849 2763 1965 2832 ipse
1994 2762 2163 2815 salva-

590 2859 670 2913 vit
692 2874 806 2926 eos,
835 2873 898 2912 eo
930 2859 1069 2925 quod
1098 2857 1344 2910 dilexerit
1369 2871 1478 2915 eos,
1511 2865 1564 2908 et
1592 2855 1895 2923 pepercerit
1917 2853 2013 2908 eis.
2045 2853 2163 2924 Ipse

591 2948 820 3003 redemit
867 2962 980 3009 eos,
1024 2955 1080 2999 et
1120 2945 1357 3014 suscepit
1405 2959 1517 3011 eos,
1569 2953 1622 2998 et
1654 2944 1913 2998 exaltavit
1962 2960 2054 2999 eos
2110 2946 2159 2998 in

588 3040 840 3093 omnibus
863 3039 1049 3092 diebus
1070 3036 1273 3091 saeculi.
1301 3035 1404 3107 Ipsi
1435 3051 1562 3091 vero
1585 3050 1688 3089 non
1720 3036 2083 3100 crediderunt,
2111 3047 2164 3090 et

2259 1843 2543 1898 ricordiam
2577 1859 2750 1911 suam,
2776 1845 2957 1899 omnia
2991 1859 3108 1913 quae
3137 1860 3236 1898 nos
3262 1844 3565 1912 provehant
3590 1841 3651 1896 ad
3674 1840 3786 1895 salu-

2260 1947 2384 1990 tem.
2436 1937 2678 1992 Inferens
2711 1952 2923 2006 quoque
2960 1937 3114 2006 juxta
3167 1936 3589 1990 misericordiam
3625 1948 3783 1997 suam,

2258 2029 2436 2084 ethoc
2470 2030 2678 2084 faciens
2714 2031 2764 2082 in
2785 2029 2990 2096 judicio
3026 2030 3124 2099 (6),
3152 2045 3273 2084 cum
3297 2029 3508 2098 jnstitia
3539 2027 3680 2082 nobis
3707 2028 3783 2078 tri-

2259 2122 2409 2186 buit,
2441 2135 2560 2189 quae
2603 2121 2835 2175 admista
2882 2121 3267 2176 misericordia:
3306 2119 3550 2174 bonitate
3595 2117 3784 2184 largitus

2257 2223 2360 2267 est.

2327 2307 2415 2367 43.
2453 2307 2766 2379 Arguendns
2786 2315 2868 2363 est
2893 2322 2960 2361 ex
2996 2305 3246 2376 prresenti
3281 2302 3519 2374 capitqu
3541 2303 3613 2374 (7)
3640 2301 3781 2356 luere-

2262 2405 2484 2458 ticorum
2519 2417 2690 2466 error,
2724 2402 2813 2470 qui
2847 2399 3140 2454 bonitatem
3177 2414 3206 2451 a
3235 2396 3448 2464 justitia
3487 2404 3782 2466 separantes,

2259 2494 2422 2549 alium
2453 2493 2616 2548 Deum
2646 2493 2864 2556 bonum,
2906 2493 3068 2544 alium
3117 2491 3321 2558 justum
3369 2489 3644 2544 tinxerunt.
3675 2485 3784 2540 Ecce

2259 2585 2403 2640 enim
2441 2586 2493 2640 in
2534 2585 2935 2655 praesentiarum
2983 2583 3098 2652 ipse
3131 2591 3214 2636 est
3245 2583 3412 2646 Deus,
3458 2590 3514 2636 et
3552 2582 3720 2642 bonus,
3745 2581 3786 2630 et

2258 2678 2442 2746 judex,
2479 2687 2533 2731 et
2583 2675 2735 2746 juxta
2784 2675 3211 2730 misericordiam
3265 2689 3422 2728 suam
3456 2673 3786 2744 jnstitiamque

2263 2770 2569 2830 restituens,
2617 2779 2672 2823 et
2716 2768 2918 2838 pariter
2967 2769 3140 2821 bonus
3185 2767 3479 2836 justusque
3507 2765 3784 2818 subsistens.

2265 2859 2484 2914 Frustra
2535 2860 2695 2928 igitur
2735 2858 2977 2926 iniquum
3021 2857 3212 2925 dogma
3253 2856 3590 2918 simulantes,
3626 2854 3785 2907 bonum

2263 2951 2428 3004 Deum
2457 2948 2755 3018 Evangelii,
2788 2960 2843 3004 et
2873 2950 3081 3004 Veteris
3119 2947 3454 3002 Testamenti
3481 2948 3668 3014 justum
3693 2953 3788 2998 esse

2261 3042 2556 3100 defendunt
2577 3041 2674 3111 (δι,
2701 3042 2824 3110 quia
2852 3051 2906 3095 et
2936 3041 2987 3094 in
3015 3039 3260 3110 plurimis
3280 3039 3407 3094 aliis
3432 3039 3576 3102 locis,
3602 3047 3651 3091 et
3673 3046 3788 3088 nunc

593 3131 939 3184 irritaverunt
971 3128 1229 3198 Spiritum
1283 3137 1528 3182 sanctum
1576 3127 1726 3196 ejus;
1767 3135 1821 3182 et
1862 3143 2224 3198 conversusc
2259 3136 2310 3188 in
2363 3133 2636 3204 prophetae
2693 3147 2972 3199 sermone,
3037 3133 3239 3202 «judex
3295 3133 3516 3186 bonus:
3577 3127 3790 3184 scribit!!!

591 3230 675 3275 est
701 3219 780 3274 eis
807 3222 871 3273 ad
901 3219 1257 3274 inimicitiam.
1292 3218 1408 3288 Ipse
1443 3218 1734 3273 debellavit
1760 3232 1861 3273 eos
1894 3228 1946 3272 et
1979 3234 2162 3273 recor-

592 3310 750 3362 datus
787 3318 870 3362 est
913 3308 1120 3362 dierum
1154 3308 1520 3376 antiquorum.
1559 3307 1662 3374 Qui
1697 3308 1882 3362 eduxit
1924 3308 1989 3361 de
2021 3318 2161 3362 terra

593 3408 863 3469 pastorem
901 3399 1104 3464 ovium,
1148 3398 1238 3468 qui
1280 3399 1458 3467 posuit
1491 3399 1545 3452 iu
1595 3399 1675 3453 eis
1721 3396 1978 3468 Spiritum
2033 3414 2160 3452 san-

593 3501 763 3554 etum,
794 3505 1128 3560 congregans
1155 3491 1372 3544 dextera
1404 3489 1619 3560 Moysen
1653 3489 1719 3542 3".
1753 3509 1773 3542 ι

664 3581 755 3634 44.
797 3578 901 3646 Qui
951 3580 1264 3649 frequenter
1315 3579 1410 3634 Dei
1465 3581 1643 3648 adepti
1701 3590 1827 3634 sunt
1868 3579 2162 3647 beneficia,

595 3671 831 3725 scientes
863 3671 1033 3741 gratia
1072 3671 1259 3741 magis,
1296 3680 1350 3724 et
1389 3671 1756 3726 misericordia
1803 3671 1955 3739 ejus,
2003 3687 2162 3741 quam

596 3763 831 3834 propriis
857 3779 923 3817 ex
948 3777 1006 3818 se
1039 3761 1205 3817 fuisse
1229 3764 1482 3833 operibus
1509 3774 1848 3826 consecutos,
1879 3766 2032 3832 quasi
2059 3782 2163 3820 uno

598 3869 788 3911 omnes
811 3870 1094 3920 consensu,
1132 3864 1186 3908 et
1219 3856 1399 3910 animo
1425 3857 1815 3909 concordantcs
1849 3855 2162 3924 loquuntur,

601 3966 622 4002 ι
670 3947 1050 4002 Misericordiae
1104 3945 1316 4000 Domini
1373 3946 1691 4001 recordatus
1743 3962 1882 4001 sum.
1927 3967 1944 4000 ι
2004 3949 2162 4017 Cogi-

597 4047 775 4092 tanles
806 4038 951 4092 enim
979 4051 1096 4106 qua:
1143 4037 1209 4090 ab
1248 4053 1311 4091 eo
1354 4036 1664 4106 frequenter
1711 4037 1763 4091 in
1801 4036 1986 4109 Moyse
2025 4041 2164 4095 dona

596 4131 954 4200 susceperint,
988 4129 1188 4198 gratias
1220 4129 1495 4194 referunt,
1531 4139 1583 4181 et
1618 4144 1736 4181 cum
1772 4131 2160 4199 misericordia,

598 4221 761 4275 etiam
811 4221 1068 4274 virtutum
1114 4219 1324 4272 Domini
1363 4220 1747 4286 recordentur,
1790 4225 1902 4276 sive
1948 4221 2168 4276 mirabi-

597 4313 753 4377 Iium,
787 4326 908 4382 qua:
937 4312 1126 4365 crebro
1155 4325 1251 4376 pro
1293 4308 1370 4362 eis
1395 4305 1520 4361 fecit
1552 4307 1604 4360 in
1635 4308 1864 4377 populis,
1903 4311 2014 4364 sive
2041 4326 2168 4381 pro-

599 4415 833 4460 tectuum
862 4405 1052 4457 anima:
1074 4444 1089 4468 ,
1125 4403 1318 4470 quibus
1348 4416 1442 4470 per
1472 4401 1662 4470 legem,
1698 4411 1750 4455 et
1776 4405 2086 4473 prophetas,
2113 4419 2167 4463 et

2267 3225 2425 3289 Deus,
2461 3234 2516 3278 et
2546 3239 2577 3278 e
2605 3225 2880 3278 contrario
2906 3225 3046 3292 quod
3090 3223 3300 3288 nolunt,
3333 3225 3390 3277 in
3422 3221 3567 3276 Pauli
3598 3215 3788 3290 apostoli

2263 3313 2495 3382 Epistula
2525 3312 2637 3384 (qui
2673 3323 2820 3366 certe
2847 3310 2981 3365 Novi
3011 3311 3338 3365 Testamenti
3384 3309 3683 3379 praedicator
3705 3313 3789 3372 est)

2263 3407 2402 3460 Detts
2438 3405 2615 3474 justus
2663 3405 2828 3473 judex
2877 3403 3126 3459 refertur.
3184 3423 3201 3455 ι
3222 3402 3480 3472 Reposita
3509 3411 3589 3457 est
3621 3397 3783 3461 mihi,»

2265 3499 2456 3568 inquit,
2485 3517 2503 3551 ι
2523 3514 2722 3552 corona
2741 3498 2982 3567 justiti-.8,
3009 3513 3170 3566 quam
3197 3498 3387 3552 reddet
3416 3496 3542 3551 mihi
3574 3491 3788 3548 Dominus

2265 3592 2316 3646 in
2354 3592 2440 3644 illa
2473 3591 2560 3645 die
2581 3589 2758 3658 justus
2790 3591 2950 3661 judex
2983 3591 3050 3645 ⁸⁵.
3080 3610 3099 3643 ι
3124 3591 3262 3645 Idem
3292 3600 3380 3645 est
3407 3605 3552 3660 ergo,
3581 3586 3689 3640 licet
3711 3596 3787 3636 no-

2265 3681 2534 3746 Iint,l\'ovi
2575 3691 2628 3736 et
2662 3681 2870 3737 Veteris
2902 3683 3231 3737 Testamenti
3263 3683 3433 3746 Deus,
3465 3680 3726 3736 visibilium
3747 3680 3788 3727 rt

2266 3773 2611 3828 invisibilium
2640 3774 2906 3836 conditor,
2942 3773 3222 3830 Salvatore
3256 3775 3422 3828 etiam
3455 3775 3506 3828 in
3541 3765 3785 3838 Evangelia

2260 3865 2464 3934 justum
2499 3875 2556 3921 et
2588 3866 2786 3921 bonum
2822 3867 3035 3923 Patrem
3077 3867 3280 3938 liquido
3307 3875 3636 3921 attestante:
3669 3858 3785 3914 «Pa-

2266 3966 2346 4011 ter
2387 3958 2549 4027 juste,
2591 3958 2820 4013 mundus
2876 3969 2927 4014 te
2971 3974 3073 4012 non
3131 3959 3465 4028 cognovit“.
3491 3977 3510 4010 ι
3548 3954 3608 4012 Ει
3637 3954 3682 4008 in
3709 3949 3788 4004 alio

2267 4049 2384 4103 loco
2416 4066 2430 4103 :
2469 4069 2488 4101 ι
2509 4049 2676 4105 Nemo
2704 4051 2896 4116 bonus,
2934 4053 3034 4106 nisi
3065 4067 3202 4106 unus
3231 4051 3375 4107 Deus
3396 4051 3462 4106 ".
3496 4069 3515 4103 ι
3546 4047 3641 4104 Sed
3679 4042 3784 4100 etin

2267 4141 2434 4194 veteri
2475 4141 2590 4212 lege
2641 4143 2767 4197 alibi
2809 4143 3010 4212 justus,
3058 4144 3184 4198 alibi
3231 4145 3408 4198 bonus
3441 4143 3630 4198 dicitur
3652 4139 3780 4192 Deus.

2266 4231 2320 4285 In
2356 4232 2604 4295 Psalmis,
2653 4233 2876 4289 «Justus
2925 4235 3243 4299 Dominus,»
3298 4236 3498 4306 inquit,
3538 4242 3628 4288 iet
3665 4226 3785 4299 justi-

2271 4323 2370 4378 tias
2397 4325 2660 4378 dilexit“.
2694 4345 2713 4376 ι
2752 4327 2815 4379 Et
2841 4343 2871 4381 e
2917 4330 3192 4382 contrario
3225 4327 3276 4380 in
3318 4326 3569 4390 Ieremia,
3607 4343 3625 4376 ι
3647 4322 3786 4374 Bonus

2269 4411 2528 4466 Dominus
2556 4415 2642 4470 his
2673 4417 2760 4484 qui
2789 4420 3054 4472 sustinent
3084 4433 3204 4472 eum
3228 4417 3294 4468 ”.
3318 4435 3338 4469 ι
3377 4417 3578 4470 Rursus
3600 4415 3646 4468 in
3672 4406 3784 4467 Psal-

601 4505 866 4564 prtecepta
913 4494 1028 4564 ejus
1074 4493 1312 4546 salubria
1363 4492 1559 4544 eruditi
1611 4499 1752 4544 sunt.
1793 4492 2068 4563 Siquidem
2113 4499 2165 4553 in
2197 4482 2243 4536 Ῐ)
2274 4504 2376 4558 mis
2405 4522 2418 4557 :
2451 4522 2468 4554 ι
2495 4505 2663 4572 Quam
2692 4482 2868 4562 bonus
2902 4508 3042 4562 Deus
3087 4509 3271 4572 Israel,
3302 4509 3388 4564 his
3417 4509 3505 4578 qui
3535 4517 3668 4562 recto
3691 4506 3784 4556 sunt

604 4586 902 4657 Scripturis
937 4601 1129 4640 nomen
1171 4584 1384 4637 virtutis
1416 4594 1702 4652 utrumque
1739 4584 2024 4654 signiﬁcat.
2057 4589 2164 4644 Re-

673 4703 719 4734 ⁸⁸
749 4703 851 4756 Isa.
893 4717 1046 4762 Litut,
1084 4699 1234 4753 7-19.
1330 4700 1373 4730 ⁸⁵
1402 4698 1443 4751 ll
1483 4699 1622 4753 Titii.
1654 4715 1726 4766 tv,
1757 4700 1813 4755 8.

605 4790 687 4840 ιιι,
717 4773 807 4826 25.
880 4773 926 4802 ⁸ο
961 4770 1098 4826 Psal.
1139 4785 1306 4832 Laxti,
1352 4770 1402 4822 1.

675 4886 754 4958 (5)
798 4885 910 4958 Erit
946 4882 1386 4958 oper:e_pretium
1418 4884 1679 4958 insignem
1721 4885 2062 4958 istum_Isai:e
2095 4886 2172 4939 Io-

606 4954 743 5013 cuin'
768 4957 1004 5008 recolere
1033 4956 1099 5007 ad
1123 4954 1368 5023 Graecum
1401 4955 1694 5021 exemplar,
1725 4958 1789 5007 ad
1819 4956 1976 5023 cujus
2009 4958 2167 5010 tidem

607 5026 858 5100 nonnulla
894 5025 1313 5100 emendavimus.
1355 5022 1460 5078 Pro
1489 5043 1506 5074 ι
1545 5023 1731 5100 Nonne
1758 5022 1985 5100 populus
2017 5042 2170 5081 meus

607 5094 740 5151 lilii?
791 5113 807 5146 ι
858 5106 975 5148 erat
1015 5094 1239 5163 negandi
1282 5108 1461 5148 sensu.
1519 5112 1538 5145 ‹
1591 5095 1702 5148 Non
1747 5097 1970 5162 pOpqus
2021 5112 2170 5151 meus

609 5168 726 5231 lilii,
775 5185 792 5216 ι
825 5176 1008 5217 contra
1037 5180 1165 5216 mss.
1203 5163 1420 5232 Reginae
1446 5174 1500 5217 et
1532 5164 1772 5219 Vaticani
1804 5168 1986 5219 Iidem.
2019 5165 2171 5220 Grae-

609 5253 704 5290 cus
735 5251 946 5303 quoque
971 5233 1082 5302 Οὐχ
1103 5234 1131 5285 ὁ
1159 5233 1282 5295 λαός
1309 5249 1431 5302 μου,
1461 5246 1569 5288 etc.

611 5307 756 5432 Βμ)
803 5306 964 5359 Vetus
1021 5304 1207 5369 editio,
1265 5322 1283 5353 ι
1343 5314 1398 5356 et
1455 5320 1614 5373 sensu
1667 5305 1866 5360 mundo
1921 5304 2167 5360 cernenti

658 5392 800 5429 enni.
854 5394 872 5427 ι

658 5392 800 5429 011111.
854 5394 872 5427 1

679 5446 756 5516 (5)
797 5443 995 5516 Vitiose
1024 5451 1077 5496 et
1104 5452 1287 5497 contra
1319 5458 1450 5497 mss.
1488 5444 1833 5516 Iidem-antea
1860 5454 1977 5516 erat
2016 5462 2034 5494 ι
2064 5444 2166 5498 Do—

610 5513 833 5570 minum.
876 5533 892 5564 ι
925 5515 1046 5584 Ilaec
1068 5529 1228 5582 porro
1251 5516 1481 5568 nominis
1506 5513 1667 5566 Israel
1695 5515 2035 5584 etymologia,
2055 5517 2170 5569 sive

610 5584 732 5647 νοῦς
757 5585 897 5654 ὀρῶν
928 5583 1087 5648 Θεόν,
1123 5584 1324 5655 theccis
1351 5585 1635 5655 principii}:
1665 5583 1864 5649 arrisit,
1885 5583 2168 5655 _IIIympio-

613 5664 742 5708 dnro
793 5653 854 5708 iu
917 5670 1035 5722 cap.
1091 5670 1104 5707 I
1161 5653 1540 5718 Ecclesiastm,’
1591 5653 1813 5722 Leontio
1867 5653 2170 5717 De‘aeclis,

613 5725 920 5797 Theophani
945 5721 1202 5779 Gct'atneo
1231 5725 1474 5793 aliisque.
1513 5722 1552 5777 E
1584 5721 1788 5780 Latinis
1833 5724 1974 5796 apud
2005 5724 2170 5794 Opta-

1888 4703 1933 4735 ⁸⁶
1970 4704 2122 4761 Joan.
2156 4725 2293 4777 xvn,
2329 4712 2418 4768 11.

2271 4597 2434 4650 corde
2457 4597 2523 4648 '°.
2550 4615 2570 4648 ι
2611 4598 2674 4650 Et
2707 4598 2819 4652 hinc
2847 4601 3058 4668 quidem
3085 4616 3114 4653 e
3146 4601 3313 4654 latere
3342 4610 3532 4656 contra
3555 4593 3784 4652 hereticos

2493 4713 2728 4769 "Marc.
2765 4717 2913 4782 x,I8.
2989 4717 3034 4748 ⁸⁸
3071 4716 3210 4770 I’sal.
3276 4731 3331 4782 ιι,
3394 4718 3449 4770 8.
3537 4715 3582 4748 "
3622 4710 3781 4766 Thren.

2271 4900 2380 4945 tum
2411 4891 2772 4948 Milevitannm
2822 4895 3064 4949 invenias
3109 4896 3204 4952 Iib.
3235 4914 3294 4961 II,
3330 4899 3382 4954 in
3419 4901 3538 4965 ﬁne,
3561 4909 3608 4952 et
3636 4893 3783 4949 IIiero-

2281 4977 2497 5030 nymuni
2540 4981 2754 5033 quoque
2795 4981 2862 5018 ex
2894 4968 3120 5020 aliorum
3169 4984 3350 5022 sensu.
3399 4970 3496 5036 Qui
3539 4980 3694 5022 autem
3732 4974 3780 5015 ex

2269 5067 2330 5105 ea
2346 5068 2502 5136 [voce
2531 5038 2722 5114 ὀη-των
2749 5059 2980 5136 estnnhdi
3004 5060 3216 5136 possit,
3251 5061 3388 5136 alibi
3411 5061 3644 5114 diximus.

2342 5122 2418 5191 (6)
2466 5125 2636 5178 Verba
2666 5135 2761 5200 «_et
2787 5129 2887 5200 Iioc
2915 5122 3117 5182 faciens
3138 5147 3156 5180 ι
3185 5122 3233 5182 in
3263 5130 3476 5200 Regina:
3501 5145 3595 5183 ms.
3618 5137 3779 5200 expun-

2267 5205 2467 5272 gltnlut‘
2497 5213 2510 5248 :
2540 5212 2660 5272 mox
2689 5195 2888 5272 Vatia,
2941 5216 2958 5246 ι
2987 5200 3142 5272 nobis
3192 5195 3395 5261 tribui't.
3426 5203 3545 5270 quia
3573 5213 3627 5252 ea
3658 5195 3777 5263 julll

2268 5265 2652 5337 inlisi-rigentia:
2687 5267 2979 5337 bonitatem
3003 5268 3230 5337 largitus
3254 5281 3355 5323 est.
3397 5286 3417 5320 ι
3442 5265 3460 5270 ’
3559 5275 3568 5286 ’

2336 5333 2414 5399 (7)
2434 5331 2593 5408 _IIinc
2623 5337 2844 5408 tertium
2866 5336 3061 5408 librum
3091 5327 3445 5408 auspicantur
3466 5337 3677 5408 editores
3693 5327 3777 5386 alii.

2263 5415 2364 5475 qua
2413 5405 2478 5456 de
2521 5419 2577 5456 re
2617 5421 2775 5472 supra
2816 5406 3051 5459 diximus
3099 5409 3150 5462 in
3187 5403 3399 5475 prrelixa
3431 5403 3777 5475 Admonitio_nc._

2265 5474 2543 5554 Absonum
2570 5468 2698 5554 vero
2728 5485 2810 5529 est
2836 5478 3092 5554 maxime,
3117 5468 3259 5548 quod
3287 5495 3317 5533 a
3357 5480 3522 5533 media
3549 5474 3678 5529 Isaia:
3701 5468 3777 5521 loci
3810 5483 3813 5488 ·

2271 5546 2614 5620 θχρρεὶ-ιῗοιιθ
2643 5546 2965 5620 inceperim.

2339 5612 2671 5691 (.Sjtmlteginze
2695 5612 2848 5691 liber,
2878 5634 2895 5667 ι
2927 5617 3123 5670 bonum
3148 5617 3215 5691 de
3241 5615 3542 5691 Evangelia,
3563 5620 3612 5669 ei
3639 5622 3691 5665 ae
3712 5616 3777 5657 ve-

2271 5682 2367 5735 ter‘
2398 5682 2760 5740 'TeStamento
2785 5684 2986 5744 ‘ustum
3027 5701 3148 5742 esse
3187 5682 3493 5744 defendunt.
3521 5703 3545 5737 ι
