4042 6404
224 370 364 426 10⁸73

1348 374 1550 428 LIBER
1592 374 1677 429 oe
1719 372 1990 429 SPlRl'I‘U
2026 370 2318 427 sanare.
2452 328 2457 335 ί
2654 364 2687 377 ‘

3318 378 3415 429 1οἾ
3427 377 3461 429 τι·

223 495 456 551 strictim
488 495 627 550 dicta
665 505 808 551 sunt.
839 497 1073 567 Tempus
1100 506 1277 551 autem
1326 506 1428 562 est,
1461 509 1519 550 nt
1545 499 1790 567 proposi-
1817 503 1861 557 Α
1894 497 2411 550 consummationem
2453 495 2631 550 saeculi
2684 498 2848 551 vitam
2888 498 2964 553 eis
3017 499 3274 565 tribuens,
3309 502 3455 555 salue

227 597 339 641 tum
384 587 658 655 propheta:
700 587 941 641 ordinem
978 603 1389 657 prosequamur,
1430 589 1518 656 qui
1551 587 1623 641 ita
1660 603 1788 642 con-

224 679 467 733 texitur:
503 687 601 732 «ει
645 678 800 746 dixit,
823 698 840 727 ι
884 679 1023 733 haud
1059 680 1275 733 dubium
1311 678 1438 746 quin
1485 680 1740 733 Dominus
1772 698 1786 734 :

230 786 251 821 ι
282 770 471 825 Nonne
489 770 712 840 populus
731 786 881 825 meus
901 770 1016 837 ﬁlii,
1038 788 1135 825 nec
1160 771 1653 839 przevaricabnntnr
1673 772 1714 804 υ
1732 772 1785 824 ?i

226 861 343 917 Non
380 871 557 926 erant,
601 862 793 931 inquit,
829 863 1033 917 similes
1067 864 1149 917 his
1184 864 1272 931 qui
1321 864 1555 933 generati
1586 873 1711 917 sunt
1737 874 1792 918 et

225 951 469 1018 exaltati,
522 959 575 1005 et
616 966 738 1005 eum
783 953 870 1020 qui
920 953 1104 1021 genuit
1153 953 1292 1017 illos,
1340 954 1652 1019 despexere.
1686 972 1703 1005 ι
1731 954 1792 1007 Ει

225 1040 404 1096 factus
432 1050 513 1095 est
544 1041 623 1094 eis
653 1040 704 1094 in
740 1042 962 1095 salutem
987 1042 1053 1105 ",
1096 1060 1113 1091 ι
1140 1042 1190 1096 id
1228 1052 1313 1096 est
1344 1041 1448 1094 illis
1488 1042 1553 1094 de
1599 1042 1791 1109 quibus

228 1133 489 1188 Dominus
534 1132 644 1186 ait:
680 1131 908 1185 «Nonne
956 1132 1182 1201 populus
1235 1148 1384 1186 meus
1432 1133 1547 1197 lilii,
1596 1142 1650 1187 et
1687 1147 1791 1185 non

226 1223 756 1295 praevaricabuntur?
780 1243 797 1275 ι
837 1222 946 1278 Hoc
976 1225 1125 1277 enim
1155 1225 1325 1293 ipsum
1352 1225 1491 1293 quod
1516 1240 1619 1278 non
1653 1239 1791 1293 prae-

225 1315 456 1369 varicati
510 1323 654 1379 sunt,
704 1329 799 1368 nec
850 1322 1171 1383 spreverunt
1208 1313 1446 1377 Patrem,
1495 1314 1575 1369 eis
1620 1317 1792 1370 factus

226 1414 315 1458 est
343 1405 396 1458 in
424 1403 650 1458 salutem
684 1421 698 1457 :
731 1403 812 1456 vel
846 1405 912 1458 ob
952 1404 1182 1472 idipsum
1218 1405 1358 1474 quod
1390 1404 1638 1473 appellati
1669 1415 1795 1459 sunt.

227 1496 350 1561 lilii,
403 1510 561 1550 causa
615 1496 694 1550 eis
741 1495 927 1549 salutis
971 1495 1191 1550 eﬂ‘ectus
1249 1506 1348 1551 est.
1402 1498 1529 1562 Qua:
1574 1498 1718 1551 salus
1763 1512 1793 1551 a

226 1587 448 1641 Christo
477 1585 700 1639 Domino
742 1586 1067 1651 contributa,
1118 1587 1291 1650 angeli
1339 1602 1549 1656 quoque
1582 1589 1647 1641 ad
1698 1602 1794 1657 pa-

227 1688 411 1734 stores
460 1692 590 1732 voce
635 1677 911 1739 firmatur,
953 1679 1223 1733 dicentis:
1264 1698 1281 1729 ‹
1310 1679 1445 1733 Ecce
1488 1680 1795 1748 evangelizo

226 1768 386 1822 vobis
430 1768 677 1837 gaudium
728 1783 1002 1838 magnum,
1048 1769 1188 1838 quod
1232 1771 1335 1823 erit
1382 1772 1527 1824 omni
1571 1772 1792 1841 populo;

226 1859 361 1928 quia
405 1868 560 1912 natus
616 1870 698 1913 est
747 1861 898 1914 vobis
939 1860 1014 1929 (9)
1053 1860 1210 1915 hodie
1263 1860 1527 1927 Salvator,
1585 1862 1672 1931 qui
1716 1873 1798 1916 est

229 1952 481 2007 Christus
518 1952 793 2018 Dominus,
832 1955 885 2008 in
913 1954 1127 2008 civitate
1151 1955 1315 2007 David
1340 1955 1436 2007 ".i
1476 1954 1595 2023 Ipse
1629 1954 1798 2008 factus

228 2050 317 2098 est
347 2045 573 2106 cunctis,
630 2045 719 2113 qui
772 2045 823 2097 in
876 2060 995 2100 eum
1046 2047 1292 2111 credunt,
1346 2048 1560 2101 occasio
1609 2047 1799 2101 salutis

226 2144 472 2199 :eternm,
506 2144 560 2189 et
590 2137 702 2206 ipse
733 2147 815 2191 est
852 2136 1097 2192 Salvator
1124 2140 1328 2202 mundi,
1362 2140 1451 2209 qui
1485 2140 1625 2193 venit
1654 2155 1799 2208 qna:-

227 2241 357 2282 πει-ε
388 2227 526 2296 quod
560 2229 810 2297 perierat.
848 2229 911 2283 Et
948 2230 1057 2298 ipse
1084 2238 1185 2294 est,
1221 2230 1285 2282 de
1321 2245 1425 2297 quo
1450 2231 1645 2284 chorus
1671 2245 1796 2283 sau-

228 2326 445 2369 ctorutn
481 2316 626 2369 canit
648 2316 693 2347 ”
722 2334 736 2371 :
768 2335 786 2367 ί
816 2318 953 2370 Deus
986 2328 1190 2382 noster,
1210 2318 1349 2372 Deus
1372 2318 1609 2384 Salvandi
1629 2317 1792 2389 (10).»

301 2406 395 2460 46.
439 2407 573 2473 Quia
614 2407 778 2476 igitur
812 2408 948 2461 Deus
979 2416 1117 2472 erat,
1145 2409 1234 2478 qui
1271 2408 1498 2462 salutem
1528 2409 1812 2478 prmbebat

228 2508 514 2563 mternam,
545 2499 742 2554 dictum
770 2509 870 2565 est,
897 2517 914 2550 ι
944 2497 1058 2555 Non
1086 2501 1313 2570 legatus,
1332 2515 1504 2569 neque
1522 2501 1793 2568 angelus,»

229 2591 284 2644 id
318 2599 405 2644 est
437 2605 539 2643 nou
574 2590 854 2659 propheta,
884 2608 987 2646 non
1022 2593 1348 2663 patriarcha,
1388 2610 1491 2648 non
1529 2594 1801 2662 legislator

227 2680 446 2752 Moyses
485 2681 1087 2747 salvaviteos.10mnes
1136 2686 1279 2737 enim
1324 2698 1457 2753 quos
1503 2684 1795 2751 nominavi,

229 2780 484 2841 poterant
528 2773 594 2825 ad
640 2773 923 2827 Dominum
973 2774 1117 2845 fungi
1150 2776 1419 2846 legatione
1449 2792 1544 2843 pro
1582 2776 1794 2846 populo.

231 2865 478 2936 Denique
504 2866 733 2936 Moyses,
767 2868 1114 2937 interpellans
1161 2885 1282 2924 eum
1317 2886 1414 2939 pro
1452 2870 1802 2940 delinquente

228 2958 409 3028 plebe,
460 2960 575 3015 ait:
609 2960 703 3014 «Si
748 2962 971 3016 dimittis
1015 2963 1093 3016 eis
1141 2970 1421 3031 peccatum
1471 2978 1685 3027 eorum,
1718 2964 1800 3015 di-

231 3050 503 3105 mitte".i
529 3050 633 3106 Sed
664 3052 965 3107 obsecravit
985 3054 1195 3108 veniam
1226 3055 1581 3126 quadraginta
1611 3054 1800 3109 diebus

1895 590 2068 659 tisque
2098 599 2287 642 auctor
2315 587 2605 643 exsistens.
2638 587 2898 644 Omnibus
2926 600 3104 644 autem
3133 590 3322 647 diebus
3348 605 3455 646 sa-

1893 682 1996 736 euli
2029 681 2337 734 illuminans
2363 681 2523 734 corda
2568 696 2775 745 eorum,
2806 698 2909 735 non
2939 682 3068 737 sinit
3090 697 3183 737 eos
3209 684 3262 736 in
3303 692 3455 738 tene-

1894 771 2005 825 bris
2037 771 2376 841 ignorantize,
2410 781 2464 823 et
2491 785 2675 826 errore
2709 773 2934 826 versari.
2958 772 3023 825 Et
3051 772 3151 826 hoc
3181 784 3308 842 puto
3337 788 3457 828 esse
3506 842 3507 845 η

1894 864 2034 934 quod
2068 865 2328 936 scriptum
2368 874 2473 929 est,
2531 882 2549 914 ί
2573 864 2625 916 in
2676 864 2925 919 omnibus
2963 865 3191 919 diebus»
3230 866 3455 920 exaltari

1891 971 2007 1011 εοε.

1963 1048 2052 1102 47.
2094 1047 2229 1115 Quia
2254 1063 2382 1103 vero
2406 1048 2708 1113 mutabiles,
2733 1057 2785 1102 et
2810 1049 2875 1103 ad
2902 1049 3027 1103 vitia
3054 1058 3245 1117 sponte
3273 1049 3458 1103 laben-

1896 1149 2000 1204 tes,
2044 1149 2163 1209 post
2202 1150 2347 1193 tanta
2388 1139 2649 1194 beneficia
2685 1138 2792 1194 Deo
2840 1139 3055 1192 l‘uerunt
3091 1138 3374 1201 increduli,
3403 1146 3459 1190 et

1894 1241 2161 1302 praecepta
2207 1232 2346 1286 illius
2392 1232 2743 1301 reliquerunt,
2773 1242 2826 1286 et
2852 1232 3313 1285 exaeerbaverunt
3343 1228 3463 1299 Spi-

1898 1325 2056 1378 ritum
2104 1333 2343 1377 sanctum
2371 1322 2486 1387 Dei,
2520 1324 2610 1393 qui
2642 1324 2717 1377 eis
2753 1324 2913 1378 multa
2941 1324 3076 1376 bona
3104 1323 3329 1391 largitus
3352 1332 3459 1384 est,

1898 1418 1949 1471 in
1998 1426 2274 1485 peccatum
2327 1416 2502 1471 simile
2552 1425 2893 1479 corruerunt,
2928 1417 3010 1470 his
3048 1416 3137 1484 qui
3172 1425 3455 1483 postquam

1897 1508 2058 1576 geniti
2093 1518 2237 1574 sunt,
2272 1520 2325 1563 et
2375 1509 2615 1574 cxaltati,
2662 1518 2983 1578 spreverunt
3027 1508 3237 1562 Patrem
3278 1523 3456 1562 suum.

1900 1596 1991 1651 Vel
2021 1606 2165 1652 certe
2199 1614 2339 1652 nunc
2383 1600 2480 1667 ipsi
2520 1600 2921 1665 describuntur,
2969 1600 3059 1668 qui
3106 1609 3158 1655 et
3188 1609 3310 1653 ante
3361 1599 3456 1653 de-

1897 1687 2080 1756 scripti
2114 1698 2257 1751 sunt,
2290 1690 2551 1757 siquidem
2597 1701 2651 1744 et
2689 1692 2758 1745 ibi
2807 1702 2925 1760 post
2954 1702 3233 1761 peccatum
3261 1690 3460 1759 dicitur

1899 1781 1963 1833 ad
1994 1795 2085 1835 eos
2112 1798 2125 1833 :
2158 1798 2175 1830 ι
2204 1780 2571 1849 Dereliquistis
2603 1782 2908 1849 Dominum,
2957 1792 3009 1837 et
3032 1784 3097 1835 ad
3128 1782 3457 1835 iracundiam

1902 1872 2211 1926 concitastis
2261 1872 2515 1926 Sanctum
2568 1872 2749 1937 Israel,
2790 1892 2808 1925 ι
2839 1883 2891 1927 ει
2932 1889 3094 1937 nunc,
3134 1874 3271 1942 quod
3317 1892 3334 1924 ι
3360 1872 3459 1941 ipsi

1898 1979 2002 2018 non
2032 1965 2390 2026 crediderunt,
2426 1974 2478 2018 et
2524 1965 2983 2019 exacerbaverunt
3034 1964 3292 2033 Spiritum
3335 1978 3463 2017 sau-

1898 2066 2041 2108 ctum
2074 2055 2242 2123 ejus.»
2276 2056 2351 2108 Ex
2380 2057 2628 2123 presenti
2662 2070 2789 2124 ergo
2819 2055 2938 2109 loco
2967 2056 3199 2110 societas
3228 2055 3462 2126 Spiritus

1898 2146 1963 2199 ad
1992 2145 2272 2199 Dominum
2311 2147 2631 2201 ostenditur.
2670 2147 2770 2212 Qui
2819 2145 3102 2215 dereliquit
3152 2145 3459 2207 Dominum,

1898 2244 2061 2290 etest
2107 2236 2433 2299 incredulus,
2462 2246 2514 2289 et
2546 2237 2611 2289 ad
2648 2236 2979 2289 iracundiam
3018 2244 3274 2304 provocat
3322 2236 3461 2288 San-

1899 2335 2043 2379 ctum
2090 2326 2272 2392 Israel,
2319 2336 2374 2381 et
2404 2329 2693 2382 exacerbat
2742 2328 2999 2395 Spiritum
3043 2337 3287 2382 sanctum
3320 2326 3458 2393 ejus.

1898 2417 2097 2472 Eadem
2127 2418 2425 2489 indignatio
2453 2433 2614 2487 super
2650 2418 3025 2487 peccatoribus
3055 2426 3162 2471 tam
3195 2418 3261 2471 ad
3290 2416 3471 2487 Spiri-

1900 2516 2008 2560 tum
2043 2519 2305 2573 sanctum,
2353 2523 2510 2575 quam
2566 2508 2631 2560 ad
2683 2507 2938 2585 Sanctum
2985 2505 3152 2561 Israel
3207 2505 3481 2561 refertum-

1901 2598 2052 2654 Unde
2090 2610 2144 2653 et
2181 2599 2232 2652 in
2279 2598 2735 2667 consequentibus
2780 2596 3042 2651 similibus
3070 2596 3257 2664 copula
3283 2595 3463 2650 'I‘rini-

1903 2690 2028 2743 tatis
2072 2688 2393 2754 ostenditur,
2444 2690 2655 2743 dicente
2707 2689 3009 2757 Scriptura,
3060 2687 3342 2741 Dominum
3391 2687 3483 2740 ad»

1900 2780 2207 2835 inimicitias
2235 2794 2356 2834 esse
2386 2793 2726 2844 conversum,
2758 2778 2841 2832 his
2873 2780 2963 2847 qui
2996 2776 3461 2832 exacerbaverunt

1901 2868 2156 2939 Spiritum
2188 2881 2431 2926 sanctum
2459 2870 2599 2939 ejus,
2623 2878 2679 2923 et
2700 2868 2988 2925 tradidisse
3011 2883 3106 2923 eos
3131 2868 3463 2938 sempiterno

1899 2960 2181 3026 cruciatui,
2228 2973 2508 3030 postquam
2559 2976 2661 3013 non
2717 2975 2997 3027 sermone,
3052 2960 3148 3013 sed
3194 2959 3353 3013 rebus
3408 2960 3467 3013 in

1900 3062 2144 3108 sanctum
2169 3052 2284 3121 ejus
2309 3051 2564 3122 Spiritum
2590 3051 3120 3119 blasphemaverunt.
3151 3047 3270 3119 Ipse
3297 3049 3466 3118 igitur

224 3145 505 3215 jejunans,
556 3156 610 3198 et
680 3145 1102 3200 misericordiam
1148 3145 1239 3199 Dei
1273 3147 1467 3200 anima:
1510 3145 1795 3201 aIIIictione
1828 3174 1873 3235 ρ
1905 3147 1992 3215 qui
2030 3146 2147 3200 «eis
2190 3159 2487 3198 conversus
2524 3152 2607 3197 est
2657 3143 2722 3195 ad
2770 3142 3133 3208 inimicitiam,
3177 3140 3468 3195 debellavit

228 3248 565 3303 provocans.
590 3233 762 3288 Nemo
798 3244 978 3287 autem
1024 3234 1090 3290 de
1122 3234 1310 3288 hormn
1344 3251 1569 3290 numero
1598 3236 1800 3307 legato-

228 3341 352 3382 rum
382 3333 561 3394 potest
606 3338 726 3379 esse
763 3324 1020 3389 salvator,
1056 3325 1301 3395 indigens
1346 3337 1399 3380 et
1430 3328 1543 3396 ipse
1580 3343 1664 3389 eo,
1706 3327 1798 3396 qui

236 3416 423 3470 salutis
456 3414 678 3485 largitor
701 3430 859 3469 verus
889 3424 991 3469 est.
1016 3414 1144 3469 Nam
1182 3426 1236 3469 et
1264 3416 1456 3486 angeli,
1486 3432 1795 3487 quanquam

242 3507 454 3573 spiritus
487 3506 614 3567 sint,
652 3514 704 3560 et
731 3508 793 3559 ad
826 3507 1034 3560 diversa
1063 3518 1284 3577 propter
1312 3523 1405 3563 eos
1433 3510 1523 3577 qui
1561 3508 1790 3563 salutem

244 3598 508 3667 accepturi
552 3606 692 3661 sunt,
748 3597 1047 3652 ministeria
1099 3600 1398 3662 mittantur,
1430 3613 1535 3653 non
1568 3608 1692 3652 sunt
1721 3609 1800 3653 ta-

238 3704 354 3743 men
388 3696 640 3742 auctores
673 3689 879 3752 salutis,
913 3689 1007 3743 sed
1032 3704 1154 3742 eum
1199 3691 1287 3759 qui
1321 3689 1439 3744 fons
1471 3690 1659 3745 salutis
1696 3702 1803 3756 esu,

232 3781 659 3849 interpretantur
684 3790 738 3834 et
767 3782 1030 3834 nuntiant.
1075 3780 1225 3837 Unde
1268 3781 1467 3835 dictum
1503 3793 1608 3848 est,
1642 3801 1663 3834 ‹
1696 3798 1800 3837 non

229 3871 463 3941 legatus,
498 3884 671 3938 neque
703 3871 942 3939 angelus,
983 3873 1075 3925 sed
1113 3874 1224 3941 ipse
1274 3872 1532 3928 Dominus
1577 3874 1803 3929 salvavit

228 3978 344 4019 eos.
365 3981 384 4014 ι
420 3960 536 4015 Non
570 3972 787 4031 propter
813 3963 953 4017 aliud
988 3966 1136 4033 quid,
1162 3966 1255 4019 sed
1286 3976 1501 4035 propter
1526 3968 1599 4032 id,
1630 3968 1801 4036 tquod

227 4056 481 4125 diligeret
524 4069 637 4119 eos,
673 4065 727 4108 et
760 4066 1003 4126 parceret
1042 4058 1140 4112 eis.
1166 4077 1183 4109 ι
1228 4058 1460 4112 Parcere
1511 4068 1691 4111 autem
1723 4060 1803 4111 di-

225 4150 391 4211 citur,
425 4148 581 4216 quasi
626 4149 891 4203 creaturis
938 4149 1070 4215 suis,
1113 4149 1266 4217 juxta
1315 4148 1442 4202 illud
1492 4151 1631 4218 quod
1672 4150 1800 4204 alibi

226 4240 489 4294 scribitur
518 4257 530 4292 :
565 4238 797 4293 «Parces
822 4249 1000 4294 autem
1034 4240 1302 4305 omnibus,
1340 4241 1562 4295 Domine
1590 4248 1803 4294 amator

227 4329 562 4394 animarum,
597 4330 721 4398 quia
757 4338 861 4383 tute
909 4340 1055 4394 sunt,
1088 4347 1258 4399 neque
1298 4332 1441 4385 enim
1488 4332 1638 4386 odies
1666 4346 1802 4400 quos

228 4422 497 4478 fecisti".
526 4439 545 4473 ι
588 4422 921 4491 Quapropter
950 4431 1004 4476 et
1044 4438 1140 4490 pro
1174 4437 1357 4476 eorum
1392 4423 1563 4478 salute
1589 4424 1803 4491 pr0prio

1904 3252 2057 3301 eos,»
2102 3243 2156 3289 et
2191 3233 2419 3302 subjecit
2455 3232 2842 3300 multiplicibus
2888 3232 3168 3303 longisque
3206 3230 3465 3286 cruciati-

1900 3328 2021 3390 bus,
2052 3335 2109 3380 ut
2144 3341 2241 3379 nec
2276 3327 2327 3380 in
2356 3323 2605 3395 praesenti
2633 3334 2896 3391 tempore,
2920 3337 3019 3377 nec
3046 3323 3098 3376 in
3129 3320 3310 3376 futuro
3335 3335 3467 3374 cou-

1900 3429 2191 3489 sequantur
2212 3420 2420 3473 veniam
2443 3417 3301 3487 peccatorum..Exacerbavernnt
3319 3414 3465 3468 enim

1903 3512 2161 3578 Spiritum
2223 3522 2468 3566 sanctum
2530 3511 2688 3580 ejus,
2742 3521 2797 3565 et
2854 3508 3358 3577 blasphemaverunt
3410 3506 3464 3560 in

1903 3604 2072 3657 illum.

1971 3696 2062 3752 68.
2105 3694 2162 3749 Si
2192 3704 2372 3749 autem
2401 3692 2636 3748 volueris
2664 3693 2767 3747 hoc
2802 3692 2868 3745 de
2900 3690 3102 3745 Judaeis
3141 3688 3461 3758 intelligere,

1902 3786 1993 3853 qui
2034 3784 2420 3840 crucilixerunt
2463 3782 2746 3836 Dominum
2794 3782 3152 3845 Salvatorem,
3180 3791 3235 3834 et
3265 3780 3466 3834 idcirco

1902 3874 2638 3944 enacerbaveruntSpiritum
2663 3880 2933 3938 sanctum,
2963 3873 3015 3927 id
3044 3873 3185 3942 quod
3206 3873 3464 3940 scriptum

1902 3980 2007 4034 est,
2042 3987 2059 4019 ι
2090 3969 2203 4037 ipse
2251 3965 2533 4021 debellavit
2571 3980 2683 4028 eos,
2711 3983 2729 4016 ι
2766 3966 2832 4019 ad
2867 3964 3125 4019 illamest
3162 3963 3465 4031 intelligen-

1906 4062 2033 4114 tiam
2058 4060 2416 4123 referendum,
2440 4058 2582 4127 quod
2601 4057 2856 4112 Romanis
2882 4056 3060 4111 traditi
3087 4065 3234 4120 sunt,
3252 4057 3467 4124 quando

1904 4155 2048 4208 venit
2076 4170 2235 4224 super
2264 4169 2358 4209 eos
2394 4154 2470 4207 ira
2512 4152 2605 4207 Dei
2639 4154 2690 4206 in
2724 4154 2905 4206 linem.
2943 4152 3002 4205 In
3048 4152 3297 4205 universo
3322 4150 3465 4204 enim

1903 4247 2033 4301 orbe
2075 4245 2389 4313 cunctisque
2436 4243 2745 4313 regionibus
2779 4243 2878 4298 soli
2917 4243 3133 4297 exsules
3172 4241 3377 4311 patriae,
3409 4240 3463 4293 in

1904 4348 2048 4393 terra
2082 4347 2341 4407 vagantur
2370 4336 2568 4401 aliena,
2621 4350 2727 4389 non
2777 4337 2964 4390 urbem
3013 4336 3308 4403 antiquam,
3358 4346 3465 4384 non

1906 4433 2061 4486 sedes
2107 4431 2351 4500 proprias
2394 4430 2756 4499 possidentes,
2796 4430 2847 4482 id
2894 4428 3034 4497 quod
3094 4426 3370 4495 prophetis
3413 4436 3469 4477 et

228 4514 367 4569 Filio
406 4529 513 4568 non
559 4527 782 4580 parcens
835 4514 1013 4579 Pater,
1049 4512 1266 4567 tradidit
1299 4528 1419 4567 eum
1454 4516 1505 4567 in
1550 4525 1798 4580 mortem,
1829 4514 1877 4573 D
1905 4522 2162 4576 Salvatori
2196 4537 2293 4576 suo
2324 4520 2583 4587 fecerunt,
2620 4529 2955 4590 receperunt.
2994 4518 3127 4585 Quia
3166 4518 3307 4571 enim
3342 4531 3468 4571 san-

227 4614 287 4659 ut
332 4619 431 4675 per
479 4613 701 4656 mortem
746 4601 864 4655 Filii
911 4603 991 4656 sui
1038 4603 1314 4655 destructo
1350 4617 1413 4656 eo
1442 4604 1533 4672 qui
1568 4604 1802 4659 habebat

228 4698 425 4753 mortis
462 4694 767 4762 imperium,
800 4696 902 4748 hoc
924 4704 1006 4761 est
1036 4692 1268 4756 diabolo,
1299 4694 1586 4749 redimeret
1613 4711 1801 4750 omnes

228 4787 318 4855 qui
343 4786 413 4841 ab
445 4799 512 4839 eo
540 4785 863 4852 captivitatis
894 4784 1104 4838 vinculo
1133 4785 1474 4838 tenebantur.
1496 4785 1646 4840 Unde
1674 4789 1801 4840 sub—

220 4877 451 4946 jicitnr:
485 4892 504 4926 ι
528 4875 649 4943 Ipse
690 4885 869 4929 autem
916 4875 1141 4929 redemit
1182 4890 1294 4939 eos,
1332 4886 1383 4929 et
1418 4880 1655 4945 suscepit
1680 4892 1797 4941 eos,

226 4980 280 5022 et
306 4967 573 5024 exaltavit
610 4966 787 5022 illos.»
832 4966 1067 5035 Suscipit
1095 4967 1238 5019 enim
1282 4968 1588 5035 exaltatque
1624 4968 1799 5020 salva—

231 5070 334 5125 tos,
371 5069 429 5115 et
464 5059 766 5128 redemptos
798 5060 849 5112 in
881 5061 1108 5113 sublime
1141 5060 1273 5112 tollit
1305 5061 1563 5113 virtutum
1595 5060 1718 5125 alis,
1747 5070 1811 5131 et,

228 5154 536 5209 eruditione
582 5162 636 5205 et
673 5152 895 5205 scientia
930 5153 1193 5215 veritatis,
1242 5168 1347 5205 non
1394 5154 1457 5207 ad
1494 5169 1659 5206 unum
1689 5162 1801 5207 tan-

229 5257 364 5309 tum,
406 5251 463 5298 et
490 5243 715 5297 alterum
747 5244 909 5308 diem,
942 5244 1034 5297 sed
1064 5244 1117 5298 in
1155 5244 1403 5298 omnibus
1429 5245 1613 5298 diebus
1640 5254 1800 5299 teter-

229 5336 439 5401 nitatis,
487 5335 741 5391 habitans
788 5336 840 5390 iu
884 5337 984 5401 eis,
1029 5345 1235 5391 etcum
1282 5339 1383 5400 eis,
1424 5345 1479 5391 et
1520 5353 1687 5406 usque
1734 5338 1801 5393 ad

308 5471 354 5503 ⁹¹
406 5470 512 5523 lsa.
570 5483 611 5535 ι,
663 5469 716 5521 3.
806 5468 851 5498 ⁹¹
886 5465 1025 5521 Psal.
1059 5480 1224 5529 cxvii,
1259 5466 1344 5518 Η.

228 5557 305 5609 ιι,
333 5540 423 5594 27.

300 5656 378 5724 (9)
419 5653 594 5724 vatic.
644 5671 663 5704 ε
696 5650 1060 5724 Evangelium,
1093 5666 1368 5724 magnum,
1417 5659 1471 5704 et
1523 5661 1680 5706 natus
1717 5662 1801 5706 est

233 5722 437 5785 vobis,»
468 5722 658 5776 Graeco
684 5724 801 5786 ipso
828 5732 971 5777 textu
1012 5722 1384 5777 dissentiente.

303 5794 416 5863 (10)
440 5792 496 5848 In
531 5808 633 5848 ms.
661 5792 871 5860 Tolos.,
904 5811 921 5844 ι
955 5791 1114 5859 Deus,
1148 5793 1308 5848 Deus.
1342 5793 1476 5848 Deus
1499 5792 1795 5847 salvandi.»

1444 5466 1490 5497 ⁹³
1517 5467 1644 5520 Luc.
1702 5484 1760 5531 ιι,
1794 5468 1877 5522 10.

1906 4612 2158 4681 guinarii,
2198 4621 2252 4665 et
2298 4627 2494 4665 vesano
2535 4627 2749 4681 semper
2784 4612 2965 4665 l‘urore
3015 4608 3156 4677 capti
3196 4604 3333 4677 (ll),
3361 4621 3467 4659 nou

1905 4703 2075 4756 solum
2118 4705 2405 4771 prophetas
2450 4702 2784 4764 occiderunt,
2835 4700 3316 4768 lapidaveruntque
3369 4710 3473 4749 eos

1906 4795 1994 4861 qui
2030 4794 2093 4847 ad
2125 4808 2187 4849 se
2221 4793 2369 4847 missi
2404 4792 2639 4857 fuerant,
2670 4792 2763 4845 sed
2811 4791 2876 4843 ad
2930 4787 3219 4859 impietatis
3255 4786 3467 4841 culmen

1904 4886 2125 4953 egressi,
2176 4885 2458 4937 Dominum
2492 4884 2846 4946 Salvatorem,
2888 4882 2979 4951 qui
3026 4896 3123 4950 pro
3152 4890 3475 4935 cunctorum

1903 4979 2073 5029 salute
2099 4975 2425 5029 descendere
2461 4976 2709 5044 dignatus
2744 4974 2919 5027 fuerat
2962 4975 3027 5027 ad
3063 4984 3256 5035 terras,
3292 4972 3471 5041 prodi-

1904 5068 2096 5121 derunt
2122 5077 2176 5121 et
2206 5068 2612 5131 crucilixerunt,
2645 5077 2926 5135 propterea
2957 5064 3161 5135 expulsi
3191 5074 3315 5118 sunt
3338 5064 3477 5117 urbe

1905 5174 2064 5225 quam
2099 5161 2482 5228 prophetarum
2513 5170 2565 5214 et
2594 5158 2794 5213 Christi
2823 5174 3019 5213 cruore
3044 5158 3467 5212 maculaveruut.

1906 5247 2215 5304 Secundum
2249 5251 2412 5319 igitur
2445 5252 2585 5304 hunc
2609 5265 2828 5304 sensum
2853 5248 3148 5303 debellatus
3176 5263 3271 5302 eos
3301 5263 3331 5301 a
3362 5249 3467 5300 Do-

1908 5341 2052 5394 mino
2077 5342 2373 5412 intelligere
2405 5343 2680 5404 debemus,
2711 5356 2815 5393 non
2842 5342 2907 5392 ad
2931 5340 3091 5393 breve
3118 5348 3350 5407 tempus,
3376 5338 3468 5389 sed

1986 5471 2031 5501 “
2055 5471 2196 5525 Psal.
2224 5488 2387 5537 van,
2412 5472 2500 5525 2|.
2614 5472 2662 5503 ⁸⁸
2690 5471 2856 5525 Exod.
2888 5486 3060 5535 χχιιι,
3089 5469 3178 5523 51.
3254 5467 3298 5497 "
3335 5467 3466 5535 Sap.

1977 5654 2087 5723 (il)
2111 5652 2227 5705 Duo
2250 5666 2379 5706 mss.
2407 5651 2574 5707 Vatic.
2600 5663 2654 5707 ct
2680 5651 2811 5721 Reg.
2851 5666 2971 5706 cum
3016 5649 3182 5704 veteri
3213 5647 3478 5711 editione,

1910 5743 1927 5775 ι
1960 5725 2142 5779 lurore
2177 5725 2389 5793 raptati'.
2418 5742 2435 5773 ι
