4042 6404
643 359 781 414 1075

1876 355 2114 413 DIDYMI
2152 353 2433 411 ALEXAN
2444 355 2628 410 DRINI

3697 361 3806 421 £0.76

639 479 704 529 ad
742 487 906 530 omne
933 471 1172 526 futurum
1201 471 1455 526 smculum
1489 483 1658 535 usque
1686 469 1750 522 ad
1779 469 2200 523 consummatio-

2327 489 2357 525 n
2376 471 2585 537 Graeco,
2606 491 2624 521 ‹
2646 457 3134 539 (ιηΤρττθνθτὶρθῑιιτ
3157 469 3292 542 (17),
3307 486 3436 526 inon
3458 472 3688 529 hominem
3707 493 3809 547 prai-

641 581 764 621 nem
796 562 1128 633 mundi(l2).
1159 563 1366 632 Quippe
1401 563 1482 629 (ut
1504 560 1757 630 diximus)
1790 561 2003 632 profugi
2044 571 2206 629 atque

638 655 860 724 captivi,
899 654 949 708 itt
1001 653 1266 707 universis
1305 654 1560 705 aberrant
1600 649 1927 714 nationibus,
1983 666 2086 705 non
2116 666 2208 704 ur-

640 746 782 806 luem,
813 761 918 798 non
950 744 1220 813 regionem
1250 743 1519 811 propriam
1560 741 1918 810 possidentes.
1954 741 2202 796 Attamen

639 836 767 904 quia
814 835 1127 890 naturaliter
1175 835 1437 904 benignus
1464 841 1548 886 est
1594 842 1648 886 et
1694 831 2001 886 misericors
2041 831 2084 886 is
2117 831 2210 900 qui

640 941 734 979 eos
776 925 1156 988 debellaverat,
1199 924 1387 978 tribuit
1433 925 1513 978 eis
1558 923 1730 977 locum
1777 921 2128 991 pmuitentim,
2163 919 2209 974 si

642 1017 808 1072 velint
844 1018 910 1071 ad
959 1017 1177 1071 meliora
1228 1015 1490 1072 converti.
1544 1014 1695 1070 Unde
1725 1025 1778 1069 et
1826 1015 2052 1078 dicitur,
2083 1032 2102 1063 ι
2127 1027 2210 1066 re-

642 1107 896 1161 cordatus
916 1117 1000 1160 est
1023 1106 1227 1160 dierum
1257 1105 1438 1159 saeculi
1469 1105 1599 1176 (15).
1631 1124 1649 1156 ι
1695 1105 2026 1160 Recordatus
2063 1105 2207 1159 enim

643 1208 940 1268 temporum
985 1196 1308 1261 futurorum,
1332 1198 1566 1253 clausam
1585 1198 1804 1268 januatn
1825 1197 2000 1266 aliqua
2033 1201 2113 1252 eis
2144 1211 2210 1251 ex

641 1300 792 1360 parte
843 1290 1125 1352 reseravit,
1168 1299 1226 1342 ut
1277 1299 1561 1358 postquam
1613 1289 1896 1344 intraverit
1937 1289 2211 1357 plenitudo

639 1381 900 1449 gentium,
947 1389 1074 1435 tunc
1112 1380 1287 1434 omnis
1327 1379 1488 1432 Israel
1521 1380 1632 1450 (qui
1669 1381 1770 1434 hac
1818 1378 1979 1434 fuerit
2016 1378 2210 1447 dignus

641 1471 1019 1541 appellatione)
1049 1470 1309 1526 salvetur.
1343 1470 1492 1524 Licet
1519 1472 1660 1525 enim
1693 1472 1746 1526 in
1802 1471 1854 1526 id
1889 1471 2210 1526 temeritatis

639 1563 939 1632 eruperint,
989 1573 1045 1615 ut
1089 1577 1208 1616 eum
1249 1561 1339 1630 qui
1395 1570 1614 1631 propter
1643 1577 1735 1616 eos
1772 1563 1971 1617 missus
2012 1561 2203 1628 fuerat,

639 1655 1028 1719 interﬁcerent,
1057 1655 1296 1710 dicentes
1325 1673 1338 1707 :
1377 1673 1394 1705 ι
1422 1654 1651 1723 Sanguis
1677 1655 1792 1723 ejus
1823 1669 1986 1725 super
2017 1670 2134 1718 nos,
2157 1666 2211 1711 et

637 1763 802 1816 super
834 1747 973 1804 ﬁlios
1001 1757 1212 1803 nostros
1228 1747 1296 1812 ",
1331 1765 1346 1797 ι
1383 1757 1559 1802 tamen
1596 1748 1736 1804 Deus
1763 1751 2045 1808 suscitavit
2085 1768 2206 1810 eum

642 1839 708 1892 de
738 1847 906 1903 terra,
939 1839 993 1893 in
1023 1837 1175 1905 cujus
1202 1839 1366 1893 corde
1393 1837 1566 1894 tribus
1598 1840 1788 1896 diebus
1817 1852 1870 1897 et
1906 1846 2077 1902 tribus
2108 1863 2205 1900 no-

638 1929 814 1983 ctibus
870 1928 1042 1984 fuerat
1079 1939 1451 1985 commoratus
1486 1949 1499 1984 :
1538 1941 1808 2000 pastorem
1860 1937 2037 1991 ovium
2087 1954 2212 1993 sua-

639 2035 780 2076 rum.
813 2018 1091 2090 Siquidem
1119 2022 1190 2075 ita
1213 2023 1543 2091 contexitur,
1590 2042 1608 2074 ι
1631 2026 1721 2094 qui
1760 2028 1946 2082 eduxit
1971 2029 2036 2085 de
2070 2042 2211 2086 terra

641 2121 910 2178 pastorem
938 2113 1116 2168 ovium
1145 2129 1384 2171 suarum.
1429 2131 1450 2166 ι

707 2202 798 2258 49.
830 2203 979 2269 Quod
1010 2220 1138 2260 vero
1175 2217 1359 2275 pastor
1381 2212 1561 2265 ovium
1593 2212 1757 2277 Deus,
1784 2215 1873 2284 qui
1917 2230 2058 2268 nunc
2087 2231 2206 2283 pro-

640 2292 840 2360 phetali
874 2309 1124 2351 sermone
1163 2299 1506 2369 describitur,
1554 2305 1810 2360 Dominus
1862 2307 1951 2371 sit,
1986 2308 2214 2362 manife-

639 2384 781 2440 stius
813 2385 867 2439 in
900 2385 1190 2457 EVangelio
1213 2391 1492 2458 discimus,
1518 2395 1633 2465 ipso
1659 2396 1937 2453 Salvatore
1960 2408 2214 2464 testante,

646 2495 664 2525 ι
695 2475 803 2547 Ego
833 2491 952 2531 sum
987 2489 1169 2548 pastor
1198 2482 1388 2551 bonus,
1407 2496 1460 2540 et
1491 2487 1726 2542 animam
1752 2504 1926 2544 meam
1960 2506 2097 2560 pono
2117 2507 2215 2560 pro

639 2571 829 2624 ovibus
859 2570 992 2626 meis
1005 2573 1072 2628 ’⁸.
1088 2591 1106 2624 ι
1129 2574 1195 2628 Et
1216 2576 1405 2631 iterum
1432 2595 1485 2632 ει
1506 2578 1647 2635 Oves
1673 2596 1804 2636 mete
1827 2597 2011 2637 vocem
2041 2599 2214 2638 meam

640 2661 862 2718 audiunt
883 2665 986 2718 θ’.»
1017 2664 1146 2721 Past
1164 2667 1278 2723 htec
1302 2670 1480 2724 omnia
1501 2673 1788 2740 prophetes
1812 2672 1922 2743 (14)
1950 2674 2046 2740 ait,
2075 2695 2094 2728 ι
2113 2675 2214 2732 Ubi

639 2762 724 2806 est
749 2755 839 2822 qui
863 2758 1041 2824 posuit
1068 2772 1229 2827 super
1257 2774 1351 2815 eos
1380 2759 1639 2830 Spiritum
1670 2766 1949 2819 sanctum?
1973 2783 1991 2816 ι
2025 2769 2214 2822 Admi-

639 2855 791 2900 ratur
816 2849 1012 2917 quippe
1053 2849 1120 2903 de
1165 2861 1366 2920 quanta
1413 2853 1669 2909 felicitate
1697 2856 1762 2909 ad
1795 2867 2024 2924 quantas
2055 2860 2216 2914 mise-

641 2937 752 2992 rias
795 2942 1172 3009 pervenerint-
1213 2943 1277 2997 Et
1323 2947 1557 3014 quodam
1599 2949 1756 3002 modo
1787 2948 2027 3018 loquitur
2059 2951 2211 3022 (15):

641 3027 742 3095 Qui
772 3044 867 3086 eos
895 3036 1217 3098 redemerat,
1263 3038 1353 3104 qui
1405 3048 1658 3107 posuerat
1703 3040 1755 3093 in
1795 3040 1899 3096 illis
1956 3041 2215 3112 Spiritum

641 3131 890 3177 sanctum
940 3140 1120 3186 suum.
1181 3128 1432 3184 habitans
1461 3145 1582 3185 cum
1614 3132 1717 3198 eis,
1775 3134 1864 3188 ubi
1915 3150 2056 3188 nunc
2097 3139 2213 3190 est?

641 3227 748 3278 quo
775 3213 944 3267 abiit?
975 3215 1268 3285 Dereliquit
1296 3233 1410 3284 eos,
1443 3221 1567 3288 quia
1606 3222 1704 3290 ipsi
1734 3223 1884 3292 prius
1913 3225 2214 3296 derelique-

642 3311 801 3364 runt,
853 3315 909 3358 et
959 3307 1028 3360 ad
1081 3307 1413 3363 iracundiam
1468 3324 1897 3380 provocaverunt
1953 3317 2211 3373 Sanctum

643 3394 827 3449 Israel.
863 3394 1124 3452 Posuerat
1164 3410 1343 3454 autem
1386 3402 1584 3457 dudum
1618 3405 1671 3459 in
1701 3406 1780 3460 eis
1805 3406 2064 3477 Spiritum
2091 3425 2215 3465 san—

639 3496 786 3540 ctum
809 3485 967 3554 Deus,
991 3503 1112 3544 cum
1135 3491 1309 3548 adhuc
1335 3493 1461 3550 boui
1487 3506 1692 3562 essent,
1719 3507 1774 3552 et
1797 3502 2076 3570 praeceptis
2097 3503 2216 3572 ejus

642 3580 866 3648 obsequi
899 3582 1219 3641 niterentur.
1248 3584 1342 3642 I'Iis
1379 3589 1522 3642 enim
1568 3592 1940 3647 tantummodo
1981 3594 2216 3664 Spiritus

642 3679 862 3726 sanctus
895 3673 1172 3742 inseritur,
1203 3677 1316 3746 qui,
1345 3679 1489 3734 vitiis
1515 3680 1802 3749 derelictis,
1848 3684 2104 3740 virtutum
2131 3703 2215 3742 sc-

643 3771 858 3817 etaritur
883 3765 1130 3833 chorum,
1179 3777 1234 3822 et
1268 3769 1426 3838 juxta
1472 3785 1587 3834 eas,
1635 3783 1690 3826 et
1735 3789 1832 3844 per
1871 3790 1963 3830 eas
2008 3777 2060 3830 in
2111 3779 2216 3834 fide

645 3850 846 3908 Christi
869 3855 1132 3912 victitant.
1167 3859 1319 3926 Quod
1349 3861 1394 3916 si
1435 3863 1693 3930 paulatim
1734 3866 2056 3937 negligentia
2084 3873 2212 3924 sub-

645 3954 865 4011 repente
887 3949 1151 4016 cmperint
1177 3950 1243 4004 ad
1275 3953 1454 4020 pejora
1481 3955 1752 4011 conﬂuere
1777 3958 1911 4029 (16),
1937 3962 2215 4019 concitant

646 4037 927 4092 adversum
973 4055 1032 4095 se
1055 4041 1419 4098 habitatorem
1451 4061 1607 4100 suum
1648 4047 1908 4117 Spiritum
1938 4064 2210 4120 sanctum,

645 4137 699 4181 et
723 4143 846 4183 eum
873 4131 968 4199 qui
991 4131 1142 4186 illum
1169 4135 1411 4201 dederat,
1434 4147 1755 4191 convertunt
1784 4141 1850 4194 ad
1879 4141 2212 4198 inimicitias.

647 4217 783 4272 lluic
809 4221 936 4288 quid
972 4222 1151 4277 simile
1200 4233 1255 4278 et
1280 4225 1572 4294 Apostolus
1599 4229 1664 4282 ad
1706 4229 2218 4293 Thessalonicenses

647 4310 912 4372 scribens,
943 4312 1038 4376 ait,
1073 4331 1090 4364 ι
1113 4312 1295 4382 Neque
1319 4317 1462 4369 enim
1502 4320 1710 4373 vocavit
1735 4336 1832 4375 nos
1861 4321 2004 4380 Deus
2027 4327 2091 4380 ad
2118 4329 2219 4382 im-

648 4401 986 4468 munditiam,
1010 4404 1104 4458 sed
1134 4405 1202 4459 ad
1227 4406 1709 4464 sanctificationem
1736 4412 1774 4464 ⁸.
1802 4431 1822 4464 ι

2314 563 2663 624 varicabitur,
2707 562 2799 615 sed
2846 561 3029 624 Deum,
3063 561 3154 629 qui
3192 561 3336 616 dedit
3362 561 3595 631 Spiritum
3617 579 3808 624 sanctum

2312 666 2467 705 suum
2495 653 2545 706 in
2575 651 2744 705 vobis.
2777 649 2911 703 Nam
2955 651 3008 705 in
3045 651 3128 706 his
3157 653 3490 706 sermonibus
3520 653 3640 709 Deus
3659 672 3811 712 vocant

2313 756 2409 809 per
2440 740 2596 794 Iidem
2638 739 2692 794 in
2727 739 3232 803 sanctiﬁcationem,
3269 739 3319 792 id
3350 749 3428 794 est
3467 750 3519 793 ut
3551 743 3698 796 sancti
3719 742 3810 812 Spi-

2314 834 2448 887 ritus
2487 833 2678 886 ﬁerent
2702 832 2983 886 credentes
3004 829 3138 901 (I8),
3181 831 3326 885 dedit
3367 832 3445 885 eis
3467 831 3694 900 Spiritum
3721 850 3813 888 san-

2313 931 2479 978 ctum.
2528 923 2594 977 Et
2641 923 2879 992 quandiu
2927 932 3191 992 prmcepta
3241 921 3336 975 Dei
3366 934 3702 991 servaverunt,
3725 940 3812 994 per-

2315 1014 2514 1067 mansit
2553 1013 2606 1066 in
2651 1012 2730 1067 eis
2778 1011 3012 1080 Spiritus
3041 1021 3284 1075 sanctus,
3337 1028 3488 1080 quem
3529 1025 3813 1082 acceperunt.

2312 1105 2537 1172 Quando
2553 1119 2680 1159 vero
2699 1118 2884 1158 amore
2901 1102 3223 1176 lubrico(I9)
3249 1114 3577 1168 corruerunt,
3602 1115 3649 1158 et
3674 1106 3727 1159 ad
3745 1107 3814 1158 im-

2313 1197 2628 1251 munditiam
2664 1206 2790 1268 sunt
2830 1194 3055 1264 delapsi,
3097 1204 3434 1265 spreverunt,
3482 1195 3587 1250 sive
3620 1197 3814 1264 Praevari-

2313 1290 2416 1343 cati
2445 1297 2571 1344 sunt
2605 1287 2913 1353 Dominum,
2955 1287 3046 1355 qui
3093 1288 3314 1342 dederat
3337 1288 3414 1341 eis
3450 1287 3686 1357 Spiritum
3725 1302 3816 1340 sano

2312 1391 2478 1446 ctum,
2510 1391 2568 1433 ut
2607 1395 2712 1434 non
2758 1378 3112 1432 immunditiae
3159 1379 3510 1442 deservirem,
3535 1378 3618 1430 sed
3653 1388 3812 1430 utsan-

2311 1470 2706 1525 ctitlcarentur.
2754 1466 2903 1522 Unde
2939 1481 3128 1534 pmnas
3157 1467 3304 1519 luent
3351 1466 3440 1534 qui
3470 1466 3564 1518 ista
3590 1464 3818 1516 commise-

2313 1570 2460 1627 runt,
2490 1576 2597 1615 non
2641 1563 2796 1629 quasi
2841 1559 3136 1621 hominem,
3193 1559 3289 1611 sed
3337 1558 3489 1625 quasi
3528 1557 3674 1609 Deum
3700 1568 3817 1622 sper-

2313 1663 2520 1707 nentes.
2547 1651 2614 1705 Et
2639 1662 2696 1704 ut
2721 1651 2956 1706 sciamus
3001 1649 3285 1703 Dominum
3324 1661 3442 1700 esse
3470 1645 3704 1715 Spiritum
3727 1659 3820 1697 san-

2313 1756 2480 1807 ctum,
2526 1743 2616 1811 qui
2662 1742 2821 1794 datur
2863 1738 3210 1793 credentibus
3236 1779 3250 1802 ,
3294 1752 3359 1791 ex
3404 1736 3566 1804 ipsius
3605 1734 3820 1803 propheta:

2313 1832 2465 1887 Isaiae
2512 1832 2785 1886 discamus
2823 1829 3062 1898 eloquio,
3095 1831 3185 1897 qui
3225 1828 3429 1882 inducit
3469 1827 3531 1880 ad
3571 1825 3821 1894 quempiam

2312 1924 2579 1978 dicentem
2621 1921 2904 1975 Dominum
2933 1938 2945 1972 :
2976 1938 2996 1970 ι
3017 1919 3246 1987 Spiritus
3289 1931 3440 1971 meus
3491 1917 3541 1969 in
3588 1925 3635 1969 te
3665 1921 3750 1975 est,
3783 1921 3822 1964 et

2313 2015 2476 2068 verba
2502 2027 2620 2067 mea
2643 2011 2762 2066 dedi
2795 2011 2846 2064 in
2887 2025 2949 2064 os
2996 2018 3144 2063 tuum
3163 2011 3213 2062 ’..
3234 2028 3252 2060 ι
3279 2007 3590 2063 Ostenditur
3621 2005 3742 2059 enim
3772 2017 3821 2056 ex

2313 2119 2563 2161 sermone
2586 2103 2857 2173 praesenti,
2890 2102 3030 2170 quod
3056 2100 3146 2169 qui
3180 2099 3450 2168 acceperit
3476 2097 3713 2166 Spiritum
3738 2093 3821 2155 Dei,

2314 2197 2474 2250 simul
2498 2211 2618 2252 cum
2641 2209 2707 2249 eo
2727 2203 2781 2248 et
2805 2194 2966 2246 verba
2989 2191 3084 2245 Dei
3108 2190 3401 2261 possideat,
3428 2202 3688 2244 sermones
3712 2185 3822 2237 vitle-

2314 2290 2440 2346 licet
2469 2289 2707 2344 scientiae
2749 2297 2804 2341 et
2847 2287 3148 2354 sapientia}.
3196 2283 3417 2338 Necnon
3449 2294 3501 2337 et
3532 2282 3581 2334 in
3619 2280 3710 2332 alio
3741 2276 3825 2331 loco

2314 2384 2553 2453 ejusdem
2590 2381 2864 2451 propheta:
2905 2379 3045 2434 Deus
3084 2378 3320 2446 loquitur
3350 2395 3364 2430 :
3401 2395 3422 2427 ‹
3462 2375 3584 2429 Dedi
3619 2371 3826 2441 Spiritum

2315 2489 2493 2528 meum
2516 2487 2678 2542 super
2701 2487 2820 2526 eum
2846 2471 2888 2527 ³.
2920 2490 2938 2522 ι
2975 2469 3076 2535 Qui
3096 2483 3225 2538 ergo
3253 2470 3434 2537 posuit
3460 2468 3511 2520 in
3532 2467 3606 2519 eis
3625 2461 3829 2531 Spiritum

2316 2574 2587 2629 sanctum,
2646 2564 2863 2633 Moysen
2912 2565 3132 2616 dextera
3184 2577 3277 2615 sua
3327 2561 3708 2616 sanctiﬁcatum
3743 2566 3832 2606 esse

2316 2665 2724 2718 commemorat,
2755 2655 2869 2710 sive
2897 2653 3045 2709 illum
3078 2653 3346 2708 illustrem
3379 2653 3580 2712 virum,
3607 2659 3654 2704 et
3682 2656 3834 2715 mysu-

2317 2752 2521 2804 riorum
2566 2748 2659 2804 Dei
2713 2748 3065 2808 iuitiatorem,
3109 2745 3176 2800 de
3223 2760 3330 2814 quo
3375 2746 3446 2799 ad
3491 2743 3662 2797 Jesum
3707 2739 3833 2792 lilium

2317 2844 2464 2900 Nave
2501 2842 2764 2899 Dominus
2791 2841 2906 2894 ait:
2938 2857 2958 2890 ί
2980 2838 3192 2910 Moyses
3224 2837 3463 2892 famulus
3486 2837 3717 2896 meus',»
3752 2829 3835 2883 sive

2317 2937 2515 3007 Legem
2541 2950 2717 2999 suam,
2748 2948 2867 3004 quae
2889 2933 2944 2986 in
2970 2930 3151 2986 Veteri
3177 2931 3377 2999 scripta
3401 2938 3484 2984 est
3507 2929 3833 2982 Instrutnento.

2319 3029 2450 3085 Nam
2481 3031 2674 3084 crebro
2702 3028 2899 3096 legisse
2927 3040 3013 3079 me
3058 3024 3276 3078 memini
3306 3022 3531 3094 Moysen
3558 3017 3834 3088 appellatum

2317 3137 2439 3179 esse
2461 3137 2558 3189 pro
2588 3121 2722 3191 lege,
2751 3130 2807 3173 ut
2835 3120 2887 3172 in
2912 3117 3166 3187 Apostolo
3191 3137 3204 3171 :
3235 3136 3252 3169 ς
3282 3115 3473 3186 Usque
3499 3116 3550 3169 in
3576 3111 3840 3168 hodiernqu

2320 3215 2484 3278 diem,
2507 3214 2719 3282 qcando
2744 3209 2939 3280 legitur
2967 3207 3233 3280 Moyses“.
3260 3227 3278 3259 ι
3309 3207 3379 3261 Et
3405 3206 3669 3260 Abraham
3707 3198 3762 3251 ad
3781 3194 3843 3248 di-

2320 3305 2484 3358 vitem
2525 3304 2578 3357 in
2619 3301 2900 3372 suppliciis
2938 3301 3316 3363 consumtum,
3347 3318 3364 3350 ι
3393 3299 3620 3359 Habent,
3647 3311 3663 3344 ι
3693 3286 3844 3356 inqu“,

2327 3415 2345 3449 ε
2371 3395 2592 3466 Moysen
2615 3405 2669 3449 et
2699 3393 3072 3463 prophetash
3096 3393 3160 3446 Et
3179 3401 3327 3447 certe
3350 3390 3558 3460 liquido
3581 3380 3846 3452 comproba-

2323 3501 2408 3544 tur
2433 3489 2504 3543 ibi
2545 3487 2788 3559 Moysen,
2831 3502 2934 3540 non
2980 3486 3352 3556 supradictum
3405 3483 3581 3537 virum
3621 3472 3843 3546 signiﬁca.

2323 3593 2435 3638 tum
2465 3597 2608 3650 esse,
2643 3581 2738 3636 sed
2767 3581 2960 3650 legem.

2393 3677 2481 3730 5|.
2518 3674 2686 3728 Porro
2714 3687 2834 3741 quae
2861 3680 2949 3724 est
2976 3670 3164 3722 dextra
3193 3665 3313 3731 Dei,
3343 3681 3474 3736 qua:
3496 3659 3706 3718 adduxit
3733 3652 3842 3748 Moy-

2325 3783 2445 3831 sen,
2475 3765 2576 3820 nisi
2606 3763 2863 3817 Dominus
2892 3769 2945 3813 et
2969 3757 3222 3811 Salvator
3253 3755 3482 3810 uoster?
3511 3753 3623 3822 Ipse
3646 3757 3720 3802 est
3741 3753 3845 3798 erant

2321 3861 2544 3914 dextera
2574 3856 2752 3911 I’atris
2772 3894 2786 3918 ,
2824 3869 2920 3923 per
2950 3865 3108 3921 quem
3151 3849 3322 3904 salvat
3357 3861 3417 3902 et
3458 3846 3655 3901 exaltat
3684 3835 3846 3928 etfacit

2321 3953 2615 4011 virtutem,
2662 3947 2801 4000 sicut
2840 3943 2963 3996 alibi
3024 3941 3092 3995 de
3140 3938 3251 3994 Deo
3297 3939 3502 3993 dicitur
3539 3953 3553 3990 ι
3608 3951 3628 3984 ι
3663 3927 3846 3984 Salvast!

2323 4045 2424 4101 sibi
2441 4043 2554 4114 (20)
2577 4042 2793 4095 dextera
2819 4050 2936 4098 sua,
2960 4043 3014 4087 ct
3033 4032 3310 4087 brachium
3331 4043 3585 4084 sanctum
3606 4025 3712 4094 ejus
3725 4021 3784 4071 ⁷.»
3804 4013 3846 4066 Εί

2327 4149 2583 4190 rursum:
2631 4150 2649 4182 ι
2687 4129 2915 4182 Dextera
2947 4125 3161 4178 Domini
3195 4123 3320 4177 fecit
3345 4124 3642 4180 virtutem,
3677 4115 3845 4168 deum

2325 4227 2535 4284 Domini
2588 4220 2848 4277 exaltavit
2875 4231 2959 4272 me
2994 4234 3008 4270 :
3049 4231 3154 4271 non
3187 4215 3422 4279 moriar,
3466 4213 3562 4268 sed
3597 4211 3781 4263 vivant.
3810 4203 3848 4248 εί

2326 4317 2560 4374 narrabo
2593 4329 2755 4383 opera
2791 4311 3002 4366 Domini
3029 4311 3072 4362 ⁸.
3107 4328 3126 4360 ι
3161 4309 3224 4363 Et
3254 4320 3409 4363 certe
3444 4317 3628 4360 vocem
3659 4300 3774 4353 hanc
3796 4300 3844 4388 εξ

2325 4425 2559 4484 persona
2595 4404 2860 4461 Dominici
2895 4402 3138 4457 Hominis
3171 4399 3283 4469 (Ἦ)
3311 4398 3576 4468 proferri,
3604 4403 3744 4484 quem
3768 4395 3846 4483 tuu-

716 4490 804 4544 50.
836 4492 1022 4564 Itaque
1059 4496 1150 4566 qui
1195 4498 1419 4567 spernit,
1447 4497 1560 4554 sive
1591 4502 1734 4571 quod
1775 4503 1965 4560 melius
1991 4507 2220 4564 habetur
2252 4523 2294 4577 ι)
2331 4483 2547 4576 genitus
2572 4499 2741 4554 Filius
2764 4497 2859 4551 Dei
2887 4509 3167 4550 assumere
3193 4493 3452 4557 dignatus
3476 4501 3557 4546 est
3577 4502 3639 4541 ex
3668 4483 3846 4548 virgine,

719 4649 762 4724 1⁷
803 4651 989 4710 Matth.
1027 4670 1196 4719 xxvii,
1229 4655 1323 4710 23.
1400 4659 1446 4690 "
1478 4657 1631 4715 1080-
1661 4677 1716 4724 κν
1746 4661 1828 4716 “-

1935 4665 1979 4699 "
2011 4667 2138 4720 ibid.
2173 4667 2262 4724 27.

2369 4669 2382 4700 ¹
2415 4666 2651 4721 I'I‘hess.
2694 4679 2768 4718 tv.
2808 4661 2860 4715 7.
2937 4663 2956 4692 ¹
2984 4657 3087 4713 Isa.
3118 4674 3230 4719 th,
3260 4655 3353 4710 2|.
3473 4657 3493 4687 ³
3533 4653 3633 4706 Isa.
3664 4657 3772 4705 XLII.
3812 4634 3844 4685 ¹ο

649 4719 669 4750 ⁸
694 4719 807 4774 Jus.
844 4739 884 4788 ι,
912 4725 998 4788 15,
1031 4724 1118 4781 15.
1194 4727 1223 4758 ⁵
1258 4727 1298 4780 II
1331 4725 1459 4784 Cor.
1491 4746 1574 4794 ut,
1618 4719 1713 4787 IL.
1781 4734 1800 4764 ⁸
1828 4733 1959 4789 Luc.
1988 4719 2101 4803 xw,
2133 4719 2212 4793 εὖ.

2360 4719 2696 4799 Ρέδιίίιέαγιι,
2739 4733 2790 4786 1.
2865 4733 2888 4764 ⁸
2929 4730 3072 4785 Psal.
3115 4743 3279 4794 cxvii,
3317 4727 3408 4780 16.

720 4882 834 4954 (ιῖ)
877 4882 1008 4962 Erat
1034 4884 1501 4962 praeﬁxopuncto,
1531 4907 1549 4962 ᾳ
1577 4891 1762 4962 Usque
1785 4892 1851 4945 ad
1877 4908 2221 4948 consumma-

654 4954 850 5072 tionlcnt
873 4953 1074 5023 quippe
1113 4953 1318 5021 mundi,
1339 4966 1397 5011 ut
1435 4953 1689 5027 diximus,
1713 4981 1731 5014 ι
1759 4973 1895 5031 etc.,
1922 4980 2042 5034 quae
2061 4967 2220 5021 casti-

654 5041 753 5072 IIII“
785 5037 847 5072 ΙΙΓ
877 5039 907 5072 3
957 5039 1087 5072 IIISS-

651 5037 847 5094 gantnr
877 5039 921 5094 a7
957 5039 1087 5094 mss.

725 5093 838 5174 (IE5)
879 5093 1396 5176 Vitiosa’inetatltesi
1423 5099 1701 5176 obtinebat
1728 5104 1780 5158 in
1807 5103 1966 5160 editis
1994 5123 2015 5157 ι
2039 5105 2219 5176 aliqua

652 5181 716 5217 ex
748 5164 831 5236 eis
851 5172 1022 5236 parte.
1046 5183 1064 5215 ι
1093 5167 1292 5236 Scripti
1319 5171 1629 5225 emendant.

727 5233 839 5311 (It)
881 5232 1043 5311 Itanin
1087 5232 1230 5291 mss.
1259 5237 1618 5311 frequenter:
1635 5243 1926 5311 prophetes
1945 5263 1963 5296 ο
1992 5245 2044 5298 in
2069 5254 2218 5300 recto

652 5301 912 5381 scribitur
939 5301 1248 5381 Grmcorum
1279 5301 1448 5371 tno'rc,
1486 5301 1786 5366 unde'edi'ti
1820 5315 2007 5381 supine
2036 5317 2221 5370 admo-

620 5429 622 5431 ,
653 5376 778 5426 dum
821 5375 1137 5456 cproph-etis
1159 5397 1176 5428 ι
1210 5378 1412 5448 legunt.
1445 5381 1535 5433 list
1558 5391 1733 5436 autent
1763 5375 1952 5451 Isaias,
1992 5386 2042 5438 in
2073 5388 2227 5456 cujus

653 5443 993 5515 expositione
1031 5444 1130 5500 loci
1158 5443 1488 5515 perseverat.

726 5511 1173 5595 (l_5)_Perpera_ni
1198 5519 1365 5595 editi,
1401 5520 1528 5587 quin
1572 5523 1731 5595 etiam
1780 5539 1909 5579 mss.
1950 5544 1968 5577 ι
1999 5534 2052 5580 et
2095 5543 2231 5595 quo-

662 5585 818 5635 modo
849 5583 1158 5664 Inqui_tur?_i
1198 5587 1332 5642 Tum
1365 5583 1519 5664 vetus
1559 5593 1750 5656 editio,
1787 5614 1804 5644 ε
1843 5597 1931 5664 qui
1969 5612 2062 5652 eos
2112 5583 2230 5652 red-

657 5655 1004 5730 emer_at,‘qui
1027 5657 1380 5721 exaltaverat,
1404 5662 1493 5730 qui
1526 5676 1795 5730 posuerat,
1826 5655 1980 5722 i'etc.

731 5725 1258 5809 (I6)._lllit_tus_recte
1300 5725 1453 5809 editi,
1496 5725 1864 5806 (negligentia
1912 5749 2231 5809 suggerente

663 5797 885 5868 «aperit
913 5796 977 5852 ad
1010 5796 1191 5868 pejora
1221 5801 1508 5858 conﬂuere.
1547 5821 1566 5853 ι

2431 4891 2512 4957 l7)
2550 4888 2631 4944 AI.
2668 4907 2687 4940 ‹
2713 4893 3154 4957 praevaricantur,
3181 4902 3200 4934 ι
3237 4881 3290 4936 in
3323 4881 3544 4957 ’βπ-ωεο
3575 4873 3845 4957 degustarit:

2426 4947 2510 5032 18)
2535 4961 2700 5032 Vetus
2714 4947 2856 5032 edit.
2877 4973 2906 5032 _t
2931 4955 3069 5032 idem
3081 4965 3146 5032 _ut
3168 4954 3537 5008 sanctiﬁcaret
3557 4947 3845 5032 credent?)

2401 5020 2512 5102 {I9}
2549 5029 2719 5084 Vatic.
2750 5045 2768 5078 ι
2797 5026 2926 5080 vitio
2957 5025 3206 5079 lubrico:
3244 5041 3264 5075 ι
3303 5033 3465 5077 vetus
3505 5020 3653 5080 edit.,
3699 5020 3844 5064 inuo-

2325 5118 2468 5164 rum,
2505 5111 2662 5153 ιρις.
2850 5165 2860 5168 _
3073 5163 3084 5168 _
3198 5164 3208 5168 _
3301 5163 3313 5168 _
3468 5160 3501 5168 ,_
3695 5152 3716 5168 ,
3772 5161 3822 5168 ν--

2396 5152 2511 5240 (illi)
2548 5152 2711 5224 Iidem
2744 5165 2895 5230 libri,
2956 5183 2974 5216 ι
3009 5163 3237 5219 salvavit
3267 5163 3336 5216 ei.
3388 5180 3419 5214 ι-
3462 5160 3658 5220 Graec"
3693 5152 3846 5204 ἔσωσεν

2325 5240 2491 5310 αὐτῷ.
2609 5309 2617 5310 7
2694 5307 2724 5310 η
2805 5306 2814 5310 _
2923 5305 2952 5310 __
3347 5301 3385 5310 _
3487 5300 3518 5310 η

2561 5306 2863 5382 Displicuit
2886 5302 3325 5382 olim__non_nullis
3347 5300 3605 5355 Patribus
3635 5283 3843 5382 dici

2333 5371 2575 5436 vatorem
2611 5397 2630 5430 ι
2656 5371 2990 5448 Dominicum
3018 5375 3324 5448 Hominem.
3345 5392 3365 5424 ι
3387 5387 3504 5448 quo
3536 5377 3763 5448 δεεηξρξις
3776 5371 3843 5448 ff:

2337 5435 2519 5520 parari.
2540 5450 2810 5520 hominem
2843 5462 2871 5499 a
2910 5445 3162 5520 Domino,
3187 5455 3240 5498 et
3269 5435 3550 5520 Christntn
3575 5435 3842 5520 dividiae:

2953 5495 3385 5591 suspicabantur.
3434 5511 3649 5591 Revera
3689 5495 3842 5591 ῥρίλίξί·

2339 5566 2590 5591 Ὶ“”“”Ι’“““’”“
2628 5566 2920 5572 ”“”’⁷““““ή“⁷“’
2957 5566 3000 5568 "
3050 5566 3062 5582 Ι
3377 5566 3380 5567 ⁷
3573 5580 3582 5590 ⁸
3731 5566 3742 5569 -

2339 5592 2662 5646 naristarutn
2693 5587 2904 5656 propria
2951 5594 3069 5638 erat
3107 5585 3302 5656 isthmc
3331 5566 3839 5656 loquendil'orntttlf‘v

2337 5678 2496 5730 quam
2522 5647 2812 5730 Gregorius
2835 5655 3205 5730 Nazianzenus
3224 5653 3385 5730 epist.
3408 5647 3436 5706 ⁷1
3468 5652 3534 5730 ad
3554 5647 3837 5730 (Eledott‘itt‘lf:

2340 5713 2703 5800 deprehendit.
2751 5727 2891 5800 I_Iincr
2929 5726 3090 5779 etiam
3126 5713 3438 5800 excogitata
3478 5719 3663 5800 IlnIino
3696 5713 3840 5800 ςρξξξξι

2340 5783 2719 5872 I-Iirct'onymtnn
2755 5797 2953 5864 fabula,
2977 5811 3134 5866 quam
3166 5783 3460 5866 ipseApol.
3486 5791 3559 5846 lib
3603 5801 3639 5842 tt
3667 5783 3839 5839 recini,
