4042 6404
288 297 420 356 1137⁸7

285 514 508 569 dextera
541 509 658 575 Dei,
698 511 836 564 sicut
879 509 1139 577 scriptum
1171 517 1253 562 est
1296 507 1349 561 in
1383 509 1608 564 Actibus
1634 519 1848 578 aposto-

285 603 485 667 lorum,
518 601 660 671 quod
703 599 877 652 factus
911 598 980 652 sit
1013 613 1077 652 ex
1109 597 1316 652 semine
1357 597 1522 650 David
1555 598 1850 651 secundum

285 707 503 748 carnem
528 733 544 758 ,
570 691 780 761 genitus
813 689 880 744 de
911 689 1154 760 Virgine,
1200 690 1611 757 superveniente
1639 690 1691 743 in
1732 705 1852 745 eam

298 785 506 854 Spiritu
537 792 746 846 saneto,
773 791 830 837 et
860 781 1058 835 virtute
1087 781 1294 835 Excelsi
1330 781 1683 834 obumbrante
1708 797 1850 837 eam.

286 876 364 932 De
388 892 495 945 quo
524 875 688 931 David
713 873 1050 944 prophetavit
1073 874 1128 927 in
1153 872 1382 942 Spiritu,
1405 873 1542 941 quod
1567 889 1594 925 a
1629 875 1854 930 mortuis

284 983 598 1040 resurgens,
629 978 936 1036 assumptus
962 967 1029 1021 sit
1057 967 1112 1020 in
1137 967 1325 1032 ccelos,
1356 967 1575 1020 dextera
1603 965 1696 1020 Dei
1725 966 1853 1021 sub-

284 1061 496 1116 levatus
533 1059 666 1130 (22).
705 1059 977 1113 Scribitur
1003 1058 1074 1112 ibi
1120 1069 1298 1113 autem
1334 1058 1386 1112 in
1419 1058 1560 1112 hunc
1588 1057 1804 1112 modum
1834 1077 1847 1112 :

291 1172 310 1205 ι
364 1152 668 1206 Praevidens
711 1152 850 1204 idem
899 1150 1066 1204 David
1107 1149 1318 1206 locutus
1355 1159 1441 1206 est
1484 1151 1549 1204 de
1608 1164 1853 1203 resurre—

284 1245 465 1298 ctione
501 1243 731 1308 Christi,
764 1242 1016 1312 quoniam
1043 1257 1148 1295 non
1181 1241 1468 1296 derelictus
1498 1239 1610 1311 (25)
1661 1241 1710 1293 in
1763 1241 1847 1292 in—

284 1335 462 1397 ferno,
507 1349 680 1402 neque
719 1347 845 1386 caro
894 1333 1013 1402 ejus
1044 1330 1172 1386 vidit
1224 1332 1649 1400 corruptionem.
1699 1330 1852 1385 lluuc

281 1424 468 1480 Jesttm
499 1426 774 1479 suscitavit
798 1425 960 1489 Deus,
988 1425 1073 1478 cui
1107 1438 1202 1477 nos
1225 1438 1413 1476 omnes
1438 1431 1606 1475 testes
1637 1436 1845 1475 sumus.

282 1518 518 1573 Dextera
552 1518 711 1584 igitur
734 1517 827 1571 Dei
850 1517 1116 1580 elevatus,
1144 1526 1198 1570 et
1224 1513 1694 1583 repromissionem
1726 1514 1851 1582 Spi-

281 1608 424 1662 ritus
468 1608 640 1662 sancti
674 1607 945 1675 aceipiens
976 1619 1005 1659 a
1054 1605 1212 1659 Patre
1235 1646 1250 1672 ,
1283 1603 1468 1658 eﬁ'ndit
1501 1605 1602 1658 hoc
1650 1603 1848 1657 donum

283 1699 339 1753 in
372 1699 558 1763 nobis,
590 1699 731 1766 quod
779 1713 874 1752 vos
914 1699 1107 1752 videtis
1135 1707 1190 1751 et
1233 1698 1463 1761 auditis,
1494 1712 1665 1766 neque
1707 1697 1846 1748 enim

1418 297 1620 353 LIBER
1657 298 1745 354 DE
1785 299 2059 358 SPlRlTU
2104 294 2394 354 SANCTO.

281 436 354 479 ex
398 422 514 490 ipso
546 418 664 474 loco
695 417 980 472 manifeste
1011 430 1412 486 comprouamr,
1446 419 1576 486 quia
1616 419 1732 490 ipse
1769 429 1854 474 est
1881 427 1928 482 Α

3387 302 3525 358 1678

2025 420 2114 475 55.
2161 419 2304 474 Satis
2337 418 2656 488 abundeque
2680 420 2746 474 de
2772 419 3047 490 prophetae
3076 420 3520 479 tesumonio-dis-

1955 519 2192 579 putatum
2221 517 2324 576 est,
2357 523 2456 562 nec
2484 509 2551 562 ad
2579 507 2780 578 reliqua
2810 519 3116 580 pergamus,
3149 519 3207 564 ut
3239 514 3512 582 quomodo

1955 602 2154 655 scimus
2182 601 2324 669 quod
2358 599 2469 671 (26)
2515 599 2676 654 Pater
2721 610 2772 656 et
2811 600 2978 656 Filius
3020 613 3238 658 sanctos
3266 614 3320 658 et
3353 605 3522 661 bonos

1955 695 2039 746 sui
2069 691 2561 747 communicatione
2595 693 2918 763 perﬁciunt:
2949 695 3027 748 sic
3056 707 3275 751 sanctus
3302 713 3520 766 quoque

1955 785 2191 856 Spiritus
2220 785 2634 855 participatione
2662 787 2742 840 sui
2776 787 2944 841 bonos
2968 787 3163 842 efﬁciat
3189 801 3517 860 sanctosque

1951 879 2270 940 credentes;
2313 888 2368 930 et
2414 892 2480 930 ex
2526 877 2628 931 bne
2671 878 2831 932 etiam
2889 879 3046 931 unius
3091 893 3212 933 cum
3260 879 3420 932 Patre
3469 888 3530 934 et

1953 969 2088 1022 Filio
2114 968 2429 1022 substantia:
2471 982 2591 1021 esse
2636 968 2912 1021 doceatur.
2950 968 3157 1022 Dicitur
3191 969 3240 1022 in
3288 968 3532 1023 Psalmis-

1951 1059 2018 1112 ad
2049 1058 2333 1112 Dominum
2361 1076 2374 1111 :
2414 1075 2432 1108 ι
2473 1057 2707 1125 Spiritus
2735 1065 2862 1111 tuus
2888 1056 3059 1112 bonus
3086 1059 3312 1112 deducet
3350 1072 3435 1120 me
3467 1058 3522 1110 in

1953 1163 2153 1204 terram
2187 1159 2388 1203 rectam
2424 1149 2486 1201 ιδ.
2525 1168 2543 1200 ι
2576 1148 2788 1203 Scimus
2852 1159 3032 1202 autem
3084 1148 3135 1200 in
3196 1148 3537 1216 quibusdam-

1951 1242 2349 1312 exemplaribus
2367 1243 2624 1311 scriptum
2643 1258 2780 1308 esse,
2805 1262 2824 1294 ι
2852 1243 3084 1312 Spiritus
3101 1253 3321 1296 sanctus
3340 1253 3482 1297 tuus‘.
3497 1261 3537 1295 ι.

1952 1335 2122 1388 Porro
2172 1333 2223 1388 in
2289 1333 2454 1387 Esdra
2515 1336 2721 1403 absque
2776 1334 2878 1388 ulla
2933 1335 3285 1403 ambiguitate
3351 1335 3534 1405 bonus

1954 1426 2186 1495 Spiritus
2241 1427 2575 1496 appellatur:
2627 1445 2645 1477 (
2686 1426 2940 1494 Spiritum
2988 1437 3134 1479 tuum
3187 1427 3384 1480 bonum
3430 1427 3536 1480 dc-

1952 1519 2109 1584 disti,
2143 1528 2200 1573 ut
2236 1533 2329 1572 eos
2375 1517 2585 1573 laceres
2629 1519 2926 1588 intelligere
2954 1517 3017 1571 ιδ.
3080 1536 3098 1568 ›
3149 1519 3298 1584 Quod
3345 1528 3526 1570 autem

1951 1610 2113 1665 Pater
2177 1611 2504 1675 sanctilicet,
2565 1610 2850 1679 Apostolus
2915 1609 3136 1675 scribit,
3187 1610 3374 1663 dicens
3418 1609 3520 1660 “’1

1959 1723 1976 1755 ‹
2006 1704 2144 1759 Deus
2184 1714 2362 1759 autem
2401 1703 2547 1772 pacis
2570 1703 2870 1757 sanctiﬁcet
2905 1717 3000 1756 vos
3044 1701 3306 1770 perfectos
3335 1701 3466 1772 (27).
3500 1721 3538 1752 ι.

281 1793 452 1846 DaVid
487 1792 727 1848 ascendit
755 1793 805 1845 in
839 1792 1003 1846 C(BIOS
1027 1793 1068 1846 °.
1122 1812 1140 1843 ν
1180 1791 1321 1844 ΝυΗὶ
1359 1793 1558 1860 quippe
1585 1789 1804 1845 dum"!!!
1832 1828 1846 1853 ο
1879 1794 1922 1848 Β
1951 1796 2016 1851 Et
2062 1796 2307 1851 Salvator
2359 1797 2463 1850 ait:
2515 1815 2533 1846 ι
2583 1794 2741 1849 Pater
2794 1805 2998 1858 sancte,
3035 1794 3312 1849 sanctifica
3345 1809 3436 1848 eos
3470 1795 3522 1846 in

280 1883 579 1939 exaltatum
620 1885 836 1938 dextera
884 1883 1009 1947 Dei,
1057 1895 1108 1938 et
1148 1885 1213 1936 ab
1245 1882 1431 1937 inferis
1475 1891 1845 1951 resurgentem

279 1991 406 2030 esse
438 1975 721 2030 Dominum
748 1974 958 2040 Jesunt,
988 1976 1125 2029 sicut
1149 1974 1262 2043 ipse
1288 1974 1579 2043 Scriptura:
1601 1986 1849 2028 sermone

284 2077 514 2123 testatus
533 2077 635 2123 est.
660 2069 767 2122 lste
789 2082 918 2138 ergo
941 2067 1029 2135 qui
1055 2067 1350 2120 resurrexit
1375 2081 1403 2118 a
1424 2066 1649 2119 mortuis
1680 2063 1810 2118 dicit
1833 2083 1845 2116 :

288 2175 309 2209 ι
350 2159 461 2227 Ego
489 2157 719 2211 dormivi
749 2166 805 2211 et
835 2171 1078 2211 somnum
1105 2156 1244 2225 cepi,
1282 2165 1336 2211 et
1381 2155 1680 2216 resurrexi,
1724 2153 1848 2222 quia

281 2239 548 2301 Dominus
573 2245 853 2299 suscitavit
879 2259 963 2298 me
992 2245 1056 2299 ¹⁴⁵.
1098 2263 1116 2297 ι

353 2336 446 2392 52.
487 2337 604 2406 Ipse
626 2353 753 2406 ergo
784 2352 1034 2392 sermone
1061 2337 1154 2391 Dei
1182 2336 1292 2408 (24)
1323 2347 1632 2407 assumptus
1661 2339 1712 2392 in
1741 2355 1851 2396 cm-

280 2429 436 2494 lutn,
479 2429 719 2484 elevatus
765 2445 886 2485 esse
925 2429 992 2482 ab
1030 2445 1116 2494 ea,
1160 2432 1225 2484 de
1258 2445 1362 2498 qua
1395 2445 1557 2498 supra
1593 2430 1848 2497 diximus,

282 2522 506 2575 dextera
539 2521 629 2574 Dei
655 2523 994 2590 praedicatur,
1022 2530 1077 2575 et
1097 2521 1372 2590 accepisse
1402 2522 1852 2589 repromissiones

283 2613 524 2683 Spiritus
553 2615 726 2668 sancti
753 2629 782 2667 a
814 2613 1006 2675 Patre,
1045 2621 1100 2667 et
1129 2612 1390 2668 eﬁudisse
1436 2613 1584 2666 illum
1625 2615 1678 2667 in
1727 2628 1848 2667 cre-

281 2707 494 2770 dentes,
519 2707 590 2760 ita
628 2716 687 2759 ut
711 2705 946 2758 omnium
978 2705 1171 2774 linguis
1199 2705 1548 2774 loquerentur
1579 2704 1847 2774 magnalia

283 2797 405 2854 Dei.
434 2796 567 2851 Nam
595 2807 650 2851 et
694 2796 1004 2850 Dominicus
1039 2795 1210 2852 Homo
1242 2799 1452 2866 accepit
1481 2797 1851 2851 communica—

282 2889 490 2944 tionem
528 2888 763 2956 Spiritus
806 2889 1007 2952 sancti,
1040 2889 1180 2943 sicut
1223 2890 1276 2943 in
1309 2888 1618 2959 Evangeliis
1660 2889 1851 2944 scribi-

284 2991 408 3036 tur:
441 2999 461 3032 ‹
489 2978 645 3035 Jesus
671 2993 798 3049 ergo
832 2980 1065 3048 repletus
1094 2981 1300 3050 Spiritu
1331 2990 1542 3047 sancto,
1575 2995 1852 3052 regressus

283 3078 374 3125 est
402 3085 432 3124 a
467 3069 794 3133 Jordane";
834 3088 854 3122 ›
880 3078 934 3125 et
965 3071 1016 3124 in
1048 3070 1152 3124 alio
1193 3070 1350 3124 loco:
1395 3088 1413 3120 ι
1459 3068 1729 3124 Reversus
1771 3079 1853 3124 est

284 3161 447 3218 Jesus
476 3161 527 3216 in
550 3162 749 3217 virtute
770 3161 1005 3230 Spiritus
1026 3161 1078 3216 in
1103 3161 1376 3216 Galilaeam
1393 3162 1458 3214 η.
1480 3180 1501 3214 ι
1520 3161 1644 3216 Haec
1671 3169 1847 3214 autem

284 3255 496 3324 absque
537 3255 645 3309 ulla
690 3255 956 3309 calumnia
1009 3256 1074 3310 de
1121 3255 1400 3311 Dominico
1443 3254 1710 3318 Homine,
1759 3255 1848 3324 qui

286 3350 436 3396 tctus
457 3340 725 3410 Christus,
750 3360 890 3399 unus
915 3354 997 3398 est
1020 3343 1183 3400 Jesus
1207 3345 1375 3400 Filius
1405 3345 1494 3398 Dei
1521 3344 1657 3416 (25),
1690 3359 1850 3398 sensu

294 3433 552 3491 debemus
587 3436 799 3506 pietatis
837 3439 1079 3507 accipere
1108 3477 1124 3502 ,
1161 3453 1264 3493 non
1299 3437 1440 3507 quod
1467 3437 1600 3491 alter
1633 3446 1686 3491 et
1718 3435 1855 3490 alter

297 3527 394 3590 sit,
420 3528 518 3582 sed
547 3529 687 3598 quod
730 3531 795 3585 de
819 3545 929 3584 uno
951 3539 1112 3598 atque
1139 3529 1325 3584 eodem
1347 3570 1364 3596 ,
1389 3529 1545 3598 quasi
1590 3527 1655 3581 de
1680 3527 1848 3581 altero

291 3620 584 3674 secundum
634 3629 878 3676 naturam
925 3622 1052 3684 Dei,
1087 3631 1140 3676 et
1162 3621 1398 3675 hominis
1445 3620 1768 3688 disputetur,
1802 3630 1857 3672 et

286 3713 414 3780 quia
468 3711 607 3767 Deus
658 3711 888 3767 Verbum
952 3711 1260 3780 unigenitus
1310 3710 1476 3764 Filius
1522 3709 1637 3773 Dei,
1681 3723 1854 3778 neque

286 3805 720 3860 immutationem
750 3806 978 3874 recipit,
1009 3819 1112 3859 nec
1153 3815 1499 3875 augmentum
1521 3844 1537 3859 .
1575 3801 1853 3873 Siquidem

288 3897 410 3965 ipse
446 3907 531 3952 est
557 3898 814 3952 bonorum
842 3897 1081 3953 omnium
1111 3896 1406 3966 plenitudo.

361 4012 383 4043 '
410 4011 530 4065 Act.
561 4026 620 4075 tt,
652 4010 821 4065 51-54
932 4011 976 4042 ¹⁰
1005 4009 1143 4064 Psal.
1168 4027 1247 4075 ιιι,
1277 4010 1330 4064 6.

287 4079 378 4136 "l
413 4080 604 4135 Thess.
625 4096 678 4146 ν,
703 4080 796 4136 25.
871 4082 912 4113 ¹⁶
940 4081 1095 4137 Joan.
1117 4097 1249 4146 xvu,
1275 4083 1360 4136 l7.

290 4222 313 4255 α
351 4203 494 4270 quod
550 4203 826 4256 Athanasii
888 4202 1118 4269 librum,
1177 4203 1264 4255 ubi
1315 4201 1624 4256 Dominicus
1673 4199 1844 4254 llmno

282 4273 1087 4345 scriptusest,_Apolliuarist:e
1139 4275 1204 4345 ad
1254 4272 1533 4345 legendum
1572 4283 1850 4339 acceptum

284 4346 365 4400 ita
402 4343 766 4410 corruperint,
794 4353 851 4396 ut
876 4343 928 4396 in
953 4343 1111 4396 litura
1147 4344 1196 4396 id
1228 4344 1365 4406 quod
1399 4352 1643 4396 raserant
1666 4358 1853 4396 rursus

285 4413 619 4470 scriberent.
661 4424 717 4466 ttt
751 4413 956 4467 scilicet
985 4429 1088 4467 non
1124 4413 1188 4466 ab
1235 4413 1338 4466 illis
1385 4412 1655 4476 falsatum,
1690 4416 1781 4465 sed
1827 4431 1846 4463 ι

1407 4012 1448 4042 ¹¹
1484 4010 1614 4064 Luc.
1658 4025 1730 4069 tv.
1767 4010 1854 4064 71.

1933 4010 1976 4042 ¹²
2003 4009 2134 4063 Luc.
2170 4026 2286 4074 vm,
2313 4010 2403 4067 55.

1439 4082 1478 4113 "'
1507 4080 1636 4136 Luc.
1661 4097 1813 4144 xvnt,
1837 4082 1926 4138 19.

1952 1887 2199 1952 veritate,
2233 1887 2352 1955 quia
2386 1889 2606 1940 verbum
2648 1896 2794 1938 tuum
2824 1895 2904 1938 est
2933 1885 3130 1937 veritas
3156 1884 3219 1935 ¹⁶.
3254 1902 3271 1934 ι
3305 1883 3523 1952 Perspi-

1951 1993 2049 2031 cue
2087 1979 2270 2031 dicens
2300 1995 2313 2029 :
2357 1977 2414 2029 lu
2443 1992 2527 2030 me
2563 1975 2686 2044 (qui
2727 1973 2960 2028 Verbum
2993 1984 3138 2026 tuum
3171 1989 3309 2035 sum,
3341 1983 3396 2027 et
3429 1985 3524 2025 ve-

1952 2069 2084 2122 ritas
2110 2068 2220 2138 tua)
2249 2067 2525 2122 sanctiﬁca
2550 2067 2668 2120 illos
2686 2066 2788 2120 ﬁde
2813 2075 2866 2119 et
2888 2067 3158 2119 consortio
3181 2065 3306 2118 mei.
3339 2065 3540 2119 Dictus.

1952 2168 2034 2214 est
2065 2167 2118 2213 et
2150 2158 2272 2212 alibi
2323 2160 2493 2213 bonus
2531 2160 2668 2212 Deus
2699 2178 2710 2212 :
2752 2177 2769 2208 ‹
2811 2157 2978 2212 Nemo
3015 2158 3210 2219 bonus,
3250 2157 3352 2211 nisi
3387 2172 3542 2210 unus

1956 2251 2094 2306 Deus
2126 2251 2189 2302 ιτ.
2239 2270 2257 2302 ι
2313 2249 2573 2319 Superius
2620 2265 2834 2318 quoque
2886 2250 3224 2304 ostendimus
3269 2248 3523 2316 quoniam

1952 2341 2120 2395 Filius
2145 2341 2465 2407 sanctiﬁcet,
2492 2340 2652 2394 Paulo
2673 2341 2725 2393 in
2757 2339 2946 2394 eadem
2974 2340 3136 2393 verba
3161 2349 3547 2407 congruente;

1958 2448 1978 2481 ι
2022 2431 2232 2484 Etenim
2270 2431 2363 2499 qui
2403 2432 2725 2495 sanctilicat,
2767 2439 2821 2486 et
2848 2429 2940 2499 qui
2985 2430 3420 2490 sanetiticanltir,
3456 2445 3537 2483 ex.

1953 2537 2057 2576 uno
2076 2537 2263 2577 omnes
2293 2523 2354 2576 ’³.
2388 2541 2404 2572 ›
2434 2522 2866 2576 Sanctiﬁcantem
2889 2521 3199 2590 signiﬁcans
3226 2520 3540 2583 Christtun,.

1951 2626 2004 2670 et
2031 2616 2394 2670 sanctilicatos
2420 2631 2536 2679 eos,
2565 2616 2652 2684 qui
2683 2623 2905 2684 possunt
2929 2616 3130 2678 dicere,
3167 2633 3185 2664 ς
3216 2613 3412 2668 Factus
3439 2621 3541 2667 est.

1955 2705 2107 2760 nobis
2147 2706 2414 2775 sapientia
2459 2720 2526 2758 ex
2581 2705 2688 2759 Deo
2735 2705 3018 2772 Christus,
3075 2715 3130 2758 et
3165 2703 3376 2771 iustitia
3403 2745 3418 2766 ,
3471 2714 3526 2757 et

1954 2796 2313 2851 sanctiﬁcatio
2354 2795 2416 2848 ¹⁹.
2465 2815 2483 2847 ι
2538 2795 2849 2865 Appellatur
2899 2796 3162 2865 siquidem
3209 2805 3260 2849 et
3294 2795 3526 2863 Spiritus

1953 2889 2418 2945 sanctiﬁcationis.
2447 2888 2597 2944 Unde
2621 2897 2673 2942 et
2695 2889 2760 2941 ad
2783 2903 2905 2942 eum
2927 2890 3123 2943 dicitur
3145 2908 3157 2942 :
3189 2907 3208 2940 ι
3234 2887 3300 2940 Ει
3335 2903 3540 2942 omnes.

1953 2984 2272 3039 sanctiﬁcati
2303 2983 2402 3037 sub
2445 2983 2690 3038 manibus
2731 2983 2858 3045 tuis,
2893 2990 2948 3036 et
2979 2982 3077 3035 sub
3108 2991 3159 3034 te
3191 2988 3335 3033 sunt.
3377 2996 3395 3028 ι
3420 2976 3528 3030 Βοι

1957 3091 2058 3131 nus
2110 3077 2368 3130 Dominus
2418 3086 2600 3130 noster
2635 3073 2790 3129 Jesus
2833 3075 3118 3136 Christus,
3167 3081 3223 3124 et
3272 3085 3336 3124 ex
3380 3071 3552 3124 bono-

1955 3167 2114 3222 Patre
2147 3177 2433 3238 generatus
2485 3175 2600 3229 est,
2633 3175 2687 3220 et
2729 3167 2794 3220 de
2824 3179 2890 3219 eo
2918 3164 3148 3234 legimus
3180 3179 3193 3212 :
3233 3179 3252 3212 ι
3289 3160 3527 3215 Conﬁte-

1958 3257 2090 3312 mini
2126 3257 2373 3322 Domino,
2405 3258 2662 3325 quoniam
2695 3256 2866 3310 bonus
2896 3255 2963 3306 ὀ.
3002 3272 3020 3305 ι
3057 3251 3428 3307 Conﬁteantur
3451 3250 3526 3303 illi

1960 3359 2138 3404 autem
2166 3351 2256 3419 qui
2283 3349 2351 3404 ab
2379 3365 2443 3404 eo
2468 3357 2560 3402 aut
2584 3349 2794 3403 veniam
2821 3348 3106 3400 obsecrant
3157 3354 3542 3414 peccatorum,

1961 3453 2054 3495 aut
2091 3441 2292 3509 gratias
2327 3439 2565 3495 referunt
2586 3441 2704 3507 ejus
2731 3440 3032 3494 clementiae
3058 3453 3154 3508 pro
3189 3437 3408 3492 indultis
3434 3437 3528 3490 be-

1956 3530 2183 3586 neﬁciis.
2226 3529 2459 3596 Spiritus
2493 3543 2708 3599 quoque
2737 3538 2959 3584 sanctus
2988 3543 3083 3582 eos
3111 3541 3250 3596 quos
3274 3527 3530 3597 dignatur

1962 3622 2207 3691 implere,
2237 3620 2562 3683 sanctiﬁcat,
2592 3630 2650 3673 ut
2681 3622 2930 3689 superius
2953 3619 3064 3686 jam
3102 3620 3544 3672 detnonstratum
3591 3686 3606 3700 O

1963 3723 2082 3777 est,
2125 3713 2338 3782 quando
2371 3711 2706 3766 ostendimus
2751 3727 2874 3766 eum
2931 3709 3356 3779 participabileui
3407 3717 3536 3761 eta.

1966 3804 2150 3860 multis
2184 3803 2345 3858 simul
2382 3804 2500 3872 capi
2539 3818 2714 3872 posse.
2745 3802 2807 3857 Et
2838 3817 2982 3858 nunc
3015 3802 3070 3856 in
3103 3801 3352 3869 praesenti
3381 3799 3529 3854 Pauli

1966 3896 2276 3951 testimonio
2315 3895 2534 3965 largitor
2562 3893 3002 3949 sanctilicationis
3036 3893 3357 3955 ostenditur,
3383 3891 3437 3945 in
3465 3905 3530 3946 eo

3075 4007 3118 4039 ¹¹⁵
3139 4005 3295 4061 Esdr.
3331 4024 3408 4070 Ix,
3437 4006 3528 4062 20.

3042 4080 3088 4111 ¹⁰
3115 4077 3255 4133 Psal.
3280 4093 3448 4139 cxvrt,
3476 4079 3494 4130 ’1
3513 4115 3529 4132 .

2482 4011 2526 4041 ¹⁸
2555 4009 2696 4062 Psal.
2722 4023 2885 4071 CXLII,
2913 4009 2997 4064 lO.

2003 4080 2046 4112 ³⁸
2082 4080 2245 4136 Hebr.
2274 4097 2336 4144 ιι,
2373 4083 2461 4135 11.
2539 4078 2769 4135 "lCor.
2805 4095 2842 4144 l,
2873 4079 2963 4132 50.

1956 4219 1975 4253 ι
2024 4194 2192 4255 llomo
2225 4201 2535 4256 Dominicus
2560 4201 2814 4256 nonnulla
2848 4201 3058 4255 ratione
3088 4200 3527 4270 potestdel'endi,

1957 4272 2081 4337 quia
2145 4271 2350 4326 scilicet
2401 4280 2574 4338 potest
2623 4271 2813 4338 aliquis
2864 4269 3100 4337 dicere,
3141 4269 3282 4339 quod
3330 4269 3531 4323 dicitur

1958 4341 2129 4395 Homo
2172 4342 2477 4395 linittinicus
2523 4343 2726 4395 ratione
2760 4343 3005 4394 humanm
3068 4353 3310 4400 natura}.
3363 4354 3524 4408 quam

1959 4411 2225 4479 signiﬁcat
2253 4413 2352 4466 hoc
2378 4427 2572 4466 nomen
2601 4413 2784 4475 homo,
2820 4427 2923 4465 non
2953 4420 3133 4465 autem
3163 4411 3372 4464 ratione
3404 4425 3530 4478 sup-

288 4502 321 4538 a
374 4483 699 4554 Hieronymo
747 4502 764 4534 (
804 4485 1036 4554 additum
1069 4493 1367 4552 putaretur.
1405 4503 1424 4535 ι
1466 4483 1706 4554 Denique
1740 4483 1853 4535 An-
1888 4497 1933 4554 ι)
1961 4481 2140 4554 positi.
2186 4500 2207 4554 ε

286 4552 692 4626 guStinus_etttn
725 4569 786 4606 ea
820 4552 1090 4626 locutione
1130 4569 1260 4607 usus
1285 4563 1430 4626 esset
1467 4553 1580 4626 lib._
1610 4567 1815 4626 Lxxxnt
1839 4593 1854 4618 ,

286 4623 488 4680 ortaest.
520 4623 624 4687 36,
651 4639 766 4677 eam
803 4625 1139 4690 postmodum
1188 4624 1458 4676 emendari
1499 4624 1665 4677 voluit
1717 4623 1808 4674 lib.
1843 4638 1860 4675 ι

295 4693 625 4757 Retraclat.,
663 4710 711 4748 c.
749 4693 815 4747 19
839 4735 853 4759 ,
885 4695 1008 4760 quia
1041 4709 1162 4747 cum
1197 4692 1443 4746 Christus
1468 4693 1537 4745 sit
1579 4693 1858 4753 Dominus,

290 4765 591 4834 improprie
623 4765 928 4834 Dominicus
955 4764 1244 4834 diceretur,
1279 4763 1431 4831 quasi
1462 4764 1858 4834 signiﬁcaretur

291 4832 448 4890 illum
482 4849 585 4888 non
610 4849 726 4888 esse
751 4833 934 4896 Deum,
965 4844 1018 4885 et
1046 4833 1349 4895 Dominum,
1379 4836 1471 4885 sed
1502 4832 1856 4894 Duminicunt,

290 4909 401 4961 hoc
433 4914 516 4957 est
545 4904 874 4975 suppositum
926 4904 1215 4957 humanum
1246 4903 1455 4975 unitum
1490 4901 1738 4975 Domino,
1761 4916 1859 4975 seu

292 4975 580 5044 supposito
612 4971 868 5044 Domini,
905 4988 1071 5040 quare
1109 4975 1214 5044 duo
1242 4973 1515 5044 supposita
1549 4971 1862 5044 inhChristo

295 5040 664 5114 {in—gerentur,
700 5055 756 5096 ut
784 5041 1066 5098 Nestorius
1099 5042 1512 5114 blaspbemavit.
1549 5040 1729 5114 Nihilo
1770 5057 1860 5114 ες-

294 5110 417 5169 eius
441 5128 559 5167 eam
598 5129 778 5166 vocem
812 5114 901 5166 alii
934 5110 1267 5181 potissimum
1299 5111 1466 5165 Graeci
1511 5113 1726 5181 absque
1758 5110 1861 5163 ulla

291 5185 639 5238 dubitatione
675 5180 958 5252 usurpant.
991 5184 1051 5237 S.
1083 5182 1375 5252 Gregorius
1417 5180 1860 5252 NyssenusOrat.

293 5257 539 5309 secunda
590 5255 654 5322 de
685 5253 740 5306 S.
783 5249 1144 5322 Stcpltano,76
1187 5252 1285 5322 μὲν
1316 5251 1424 5321 γὰρ
1461 5249 1738 5322 Κυριᾳκὸς
1771 5249 1864 5302 ἄν·

293 5324 547 5394 θρωττοςΔ
565 5321 660 5374 τοῦ
695 5322 948 5394 Σωτῆρρς
971 5363 986 5394 ,
1025 5341 1041 5371 ι
1084 5320 1398 5394 Dominicus
1428 5320 1587 5374 homo
1620 5320 1863 5394 Salvato-

297 5389 396 5447 ris.
434 5413 455 5444 ›
516 5392 575 5446 S.
636 5389 1216 5461 quoque"Epiphanius
1258 5393 1308 5444 in
1343 5390 1622 5461 Ancorato
1669 5406 1722 5442 ιι.
1771 5389 1860 5454 95,

295 5465 522 5531 aliique.
575 5462 617 5516 E
675 5462 878 5514 Latinis
922 5463 1210 5514 Cassianus
1259 5460 1452 5516 Collat.
1503 5477 1561 5525 ll,
1608 5476 1727 5526 cap.
1771 5461 1860 5513 15.

304 5552 324 5584 ι
361 5530 576 5596 Hanno,
629 5550 649 5582 ι
689 5532 890 5600 inquit,
938 5550 955 5581 ι
994 5532 1080 5584 ille
1124 5531 1468 5592 Dominicus,
1499 5531 1588 5598 qui
1635 5530 1865 5583 redemit

298 5605 596 5657 humanum
631 5615 816 5669 genus.
850 5620 868 5653 ι
901 5600 994 5655 Est
1031 5609 1204 5654 autem
1257 5601 1396 5662 illis,
1433 5608 1488 5652 ut
1519 5610 1572 5654 et
1612 5601 1862 5666 prtesenti

300 5672 514 5742 Didymi
539 5671 676 5735 loco,
706 5675 864 5733 cuius.
883 5672 1049 5740 gratia
1076 5670 1190 5723 hare
1213 5671 1411 5732 scribo,
1444 5670 1530 5742 illa
1552 5670 1862 5742 _atlliil)entla

299 5739 570 5808 expositio
603 5742 659 5796 S.
715 5739 934 5797 Thema:
964 5756 1020 5796 ut
1070 5749 1231 5810 part.,
1279 5751 1467 5809 quaest.
1508 5740 1594 5806 1-6,
1627 5750 1732 5794 art.
1781 5739 1859 5793 ὗε

2037 4550 2145 4623 (22)
2186 4549 2386 4617 Vatic.,
2414 4569 2433 4603 ι
2465 4551 2556 4605 Dei
2582 4552 2634 4605 in
2660 4551 2935 4606 dexteram
2962 4549 3303 4616 sublevatus:
3337 4568 3356 4600 ι
3391 4548 3532 4602 haud

1961 4635 2125 4676 recte.

2032 4691 2142 4761 (25)
2185 4692 2348 4746 Vetus
2390 4692 2544 4756 edit.,
2607 4709 2624 4742 ι
2683 4690 2939 4744 derelicta
2981 4691 3033 4744 in
3088 4688 3303 4742 inferno
3352 4687 3530 4761 anima

1961 4758 2078 4828 ejus
2109 4758 2132 4812 ε’
2158 4781 2176 4814 ι
2221 4763 2377 4831 paulo
2405 4763 2543 4816 inl'ra
2575 4775 2753 4826 voces,
2797 4778 2815 4811 ι
2847 4761 3043 4816 donum
3086 4761 3136 4814 in
3167 4761 3338 4823 nobis,
3379 4775 3398 4808 ι
3439 4758 3532 4811 de-

1965 4832 2361 4886 desiderantur.

2035 4900 2148 4972 (24)
2183 4901 2402 4972 Eadem,
2444 4919 2462 4951 ι
2497 4901 2600 4954 lste
2643 4917 2771 4971 ergo
2800 4901 2890 4971 qui
2941 4914 3165 4969 surgens
3207 4914 3245 4953 α
3281 4900 3528 4966 mortuis,

1962 4985 2213 5025 sermone
2244 4971 2360 5034 Dei,
2395 4990 2413 5020 ι
2454 4981 2560 5024 etc.

2033 5040 2146 5110 (25)
2193 5040 2404 5092 Absunt
2435 5056 2462 5093 a
2493 5040 2656 5110 veteri
2680 5040 2928 5110 editione
2961 5039 3167 5110 isthmc,
3207 5057 3224 5089 ι
3262 5038 3350 5106 qui
3391 5047 3533 5110 totus

1963 5107 2207 5164 Christus
2235 5125 2370 5163 unus
2394 5123 2473 5162 est
2497 5107 2651 5164 Jesus
2675 5109 2844 5163 Filius
2879 5111 2991 5164 Dei.
3030 5127 3048 5158 ι
3081 5109 3244 5162 Certe
3275 5124 3340 5162 ne
3376 5127 3393 5158 ι
3435 5108 3538 5162 Do-

1965 5181 2193 5235 Ininicus
2237 5180 2395 5232 homo
2449 5197 2467 5230 ι
2515 5177 2965 5248 Apollinariormn
3010 5193 3170 5232 sensu
3219 5179 3534 5246 accipiatur,

1964 5250 2139 5320 addita
2173 5258 2320 5311 sunt,
2343 5268 2370 5320 ξς
2405 5248 2715 5320 Didyntone,
2745 5260 2836 5302 aut
2865 5248 3210 5320 Hieronymo,
3239 5263 3304 5300 an
3331 5249 3396 5302 ab
3419 5248 3537 5302 aliis

1964 5334 2069 5372 non
2105 5319 2307 5387 judico.
2342 5318 2537 5372 Recole
2569 5330 2747 5373 notam
2775 5318 3109 5387 superiorem
3138 5318 3228 5371 21.

2037 5386 2148 5455 (26)
2191 5387 2403 5442 Vocula:
2433 5407 2452 5439 ι
2487 5391 2688 5444 scimus
2722 5391 2866 5458 quod
2912 5407 2932 5441 ι
2967 5389 3020 5443 in
3063 5386 3326 5441 Vaticano
3356 5394 3410 5458 et
3440 5401 3534 5437 ve~

1966 5462 2063 5531 teri
2099 5459 2225 5513 edit.
2279 5459 2671 5513 desiderantur.
2725 5456 2846 5515 illex
2883 5459 3101 5531 ltegina:
3130 5460 3251 5514 cod.
3309 5473 3325 5508 ι
3362 5456 3542 5510 bonus

1963 5528 2123 5583 efﬁcit
2156 5544 2283 5582 suos
2318 5533 2617 5583 credentes.
2661 5549 2678 5582 ι

2036 5599 2149 5668 (27)
2169 5599 2378 5671 _V'atic..
2413 5615 2433 5648 ι
2467 5615 2559 5656 vos
2579 5615 2677 5671 per
2703 5601 2906 5667 omnia,
2930 5619 2949 5654 ι
2968 5615 3088 5658 cum
3104 5593 3540 5669 Vulgata.Grac.

1965 5671 2110 5741 ὑμᾶς
2139 5669 2423 5732 ὁλοτελεῖς.
