4042 6404
582 302 717 362 1079

1816 306 2051 361 DlDYMl
2087 303 2561 362 ALEXANDRINI

3653 293 3764 350 1080

577 421 719 490 quod
755 422 826 475 ait
861 439 874 476 :
918 440 937 473 ι
986 423 1253 478 Debemus
1286 434 1462 478 autem
1502 433 1556 480 et
1605 440 1703 478 nos
1737 427 1942 495 gratias
1982 440 2143 494 agere
2173 431 2217 486 Α
2248 426 2348 480 nisi
2401 424 2625 494 spiritus
2676 420 2829 490 ejus,
2877 419 3000 488 quia
3044 418 3110 472 de
3153 429 3380 487 corpore
3419 412 3646 468 solitario
3685 414 3767 468 hoc

577 513 687 567 Deo
730 527 946 579 semper
993 527 1091 581 pro
1129 510 1280 570 vobis
1305 557 1319 580 ,
1363 515 1555 572 fratres
1596 516 1775 571 dilecti
1811 531 1840 570 a
1882 515 2140 584 Domino,

575 603 701 670 quia
729 603 892 672 elegit
929 606 1066 658 Deus
1103 621 1200 660 nos
1244 607 1509 672 primitias
1553 609 1607 660 in
1642 608 1891 674 salutem,
1936 609 1988 662 in
2021 624 2146 661 san-

575 690 903 745 ctiﬁcatione
923 691 1154 762 Spiritus
1180 697 1374 760 sancti,
1405 708 1459 751 et
1491 696 1592 749 ﬁde
1619 699 1867 750 veritatis
1896 697 2140 751 ".iNam

574 791 629 835 et
661 782 712 835 in
763 783 863 837 hoc
910 783 1030 839 loco
1059 785 1388 840 charismata
1439 787 1531 842 Dei
1565 787 2040 858 subintelliguntur
2088 789 2143 843 in

576 873 802 942 Spiritu,
836 891 958 930 cum
1001 878 1052 931 in
1083 880 1508 934 sanctilicatione
1540 881 1794 950 Spiritus,
1833 881 1965 935 ﬁdes
1997 882 2142 952 pari-

578 976 677 1029 ter,
704 977 758 1022 et
788 971 986 1025 veritas
1017 973 1354 1039 possidentur
1382 973 1516 1041 (9.8).

647 1058 736 1112 54.
780 1057 916 1124 Quia
959 1075 1084 1129 ergo
1121 1072 1288 1126 recte,
1337 1071 1390 1116 et
1423 1061 1531 1131 pie,
1566 1072 1702 1118 etut
1732 1077 1790 1117 se
1819 1065 2018 1119 veritas
2049 1064 2141 1118 ba-

574 1149 688 1214 bet,
721 1150 833 1204 haec
867 1151 1119 1216 diximus,
1157 1153 1624 1217 sanctiﬁcationis,
1656 1154 2021 1224 bonitatisque
2056 1169 2146 1208 vo-

577 1243 850 1308 cabulum,
877 1254 930 1298 et
963 1245 1030 1299 ad
1065 1244 1302 1309 Patrem,
1337 1257 1389 1300 et
1419 1247 1482 1300 ad
1536 1245 1753 1311 Filium,
1799 1257 1855 1302 et
1880 1247 1945 1302 ad
1973 1247 2144 1318 Spiri-

581 1343 688 1387 tum
728 1347 972 1390 sanctum
1008 1353 1161 1406 reque
1197 1341 1447 1402 refertur,
1487 1341 1626 1394 sicut
1661 1341 1776 1408 ipsa
1807 1355 2021 1409 quoque
2049 1356 2144 1410 ap-

576 1424 796 1492 pellatio
829 1425 1086 1495 Spiritus.
1124 1427 1257 1482 Nam
1291 1439 1343 1482 et
1373 1429 1533 1485 Pater
1575 1429 1808 1500 Spiritus
1837 1431 2054 1496 dicitur,
2089 1441 2146 1485 ut

577 1516 686 1570 ibi:
717 1535 736 1567 ι
769 1517 1002 1587 Spiritus
1028 1529 1111 1572 est
1135 1519 1274 1574 Deus
1295 1522 1376 1575 “z
1405 1540 1423 1572 ι
1452 1521 1692 1576 etFilius
1725 1523 1957 1590 Spiritus
1998 1523 2141 1592 (29):

581 1624 598 1656 ι
645 1602 926 1673 Dominus,
968 1627 987 1660 ›
1038 1609 1231 1678 inquit,
1293 1627 1313 1662 ι
1361 1610 1593 1680 Spiritus
1642 1616 1811 1668 est".
1862 1632 1880 1666 ι
1911 1612 2145 1678 Spiritus

575 1711 755 1755 autem
842 1713 1103 1768 sanctus.
1191 1718 1408 1773 semper
1473 1705 1703 1773 Spiritus
1784 1709 1955 1761 sancti
2050 1723 2144 1776 ap-

2249 516 2547 585 intelligere
2577 513 2715 569 velle
2749 511 3065 582 perstultum
3097 517 3197 563 est.

2317 607 2407 663 55.
2449 607 2600 673 Quod
2643 605 2685 660 ἐ
2719 613 2906 674 arguta
2945 603 3132 655 nititur
3168 598 3355 652 fraude
3392 596 3679 663 subrepere,
3717 593 3770 647 de

2247 700 2449 768 Spiritu
2485 707 2672 751 sancto
2706 698 2818 751 haec
2848 694 3050 760 scripta
3083 698 3425 753 contestans;
3455 686 3496 740 si
3527 686 3773 754 diligenter

2247 793 2407 846 verba
2428 792 2538 860 ipsa
2562 790 2884 850 consideret,
2915 785 3151 841 cessabit
3178 795 3422 837 asserere
3449 778 3766 833 mendacium.

2248 884 2523 953 Siquidem
2551 884 2621 937 ita
2652 884 2912 952 scriptum
2955 889 3075 933 est:
3115 895 3134 927 ι
3167 875 3304 941 Quis
3336 874 3473 927 enim
3501 871 3598 926 scit
3631 870 3772 924 homi-

2247 991 2371 1030 num
2405 991 2521 1044 qua:
2563 984 2690 1028 sunt
2721 969 2954 1026 hominis
2980 1007 2994 1032 ,
3029 966 3128 1020 nisi
3160 963 3379 1033 spiritus
3420 960 3671 1022 hominis,
3699 958 3770 1026 qui

2247 1067 2299 1122 in
2341 1081 2406 1122 eo
2435 1067 2564 1120 est?
2593 1065 2682 1119 Sic
2714 1073 2768 1117 et
2796 1077 2859 1116 ea
2890 1073 3010 1129 quae
3045 1066 3169 1111 sunt
3197 1054 3290 1110 Dei
3311 1095 3324 1115 ,
3355 1067 3509 1107 nemo
3531 1052 3657 1115 scit,
3688 1049 3770 1105 nisi

2249 1157 2484 1226 Spiritus
2502 1157 2591 1209 Dei
2609 1156 2676 1208 ³ο.
2693 1174 2710 1206 ι
2737 1150 3016 1220 Quomodo
3042 1148 3185 1203 enim
3211 1145 3347 1198 alius
3368 1151 3452 1197 est
3470 1143 3642 1205 homo,
3661 1139 3771 1194 alius

2245 1259 2327 1304 est
2367 1251 2525 1314 Deus,
2564 1249 2644 1302 sic
2693 1257 2744 1300 et
2783 1244 3007 1313 spiritus
3051 1237 3316 1301 hominis,
3351 1237 3439 1305 qui
3487 1242 3567 1287 est
3611 1233 3660 1286 in
3704 1246 3770 1294 eo,

2246 1351 2530 1411 separatur
2551 1355 2580 1392 a
2605 1337 2807 1408 Spiritu
2834 1335 2947 1398 Dei,
2968 1332 3058 1402 qui
3079 1330 3232 1386 estin
3252 1345 3346 1383 eo:
3375 1342 3527 1396 quem
3551 1324 3770 1393 Spiritum

2246 1441 2490 1487 sanctum
2526 1430 2836 1498 frequenter
2865 1423 3218 1480 ostendimus.
3270 1419 3372 1472 Sed
3399 1426 3454 1470 et
3480 1417 3532 1470 in
3562 1414 3659 1467 alio
3681 1412 3774 1465 loco

2247 1524 2386 1578 idem
2420 1521 2705 1590 Apostolus
2731 1536 2758 1573 a
2787 1526 2970 1572 nostro
2994 1513 3187 1585 spiritu
3217 1510 3476 1579 Spiritum
3510 1507 3600 1562 Dei
3622 1519 3770 1560 secer-

2248 1631 2400 1679 nens,
2425 1615 2533 1668 ait:
2561 1631 2579 1664 t
2605 1613 2718 1680 lpse
2747 1609 2980 1680 Spiritus
3008 1603 3368 1662 testimonium
3390 1601 3626 1670 perhibet
3645 1597 3775 1666 spiri-

2255 1706 2329 1758 ttti
2365 1715 2550 1759 nostro
2573 1704 2638 1770 δι,
2680 1721 2699 1754 ι
2743 1701 2842 1756 hoc
2882 1699 3225 1770 signiﬁcans,
3257 1693 3398 1760 quod
3423 1691 3635 1758 spiritus
3670 1688 3770 1748 Dei,

577 1794 860 1858 pellatione
927 1806 1196 1860 censetur,
1244 1812 1346 1851 non
1403 1799 1542 1866 quod
1604 1813 1666 1852 ex
1716 1801 1986 1854 consortio
2031 1814 2145 1854 taa-
2177 1770 2217 1823 Β
2251 1798 2299 1851 id
2328 1807 2409 1852 est
2434 1795 2669 1866 Spiritus
2691 1801 2910 1848 sanctus
2937 1831 2951 1853 ,
2987 1787 3358 1844 testimonium
3395 1781 3602 1851 spiritui
3625 1790 3774 1833 nosuo

576 1891 686 1938 tum
725 1884 956 1938 numinis
1015 1885 1246 1953 Spiritus
1289 1901 1412 1940 cum
1465 1885 1626 1940 Patre
1671 1897 1899 1956 ponatur
1964 1899 2013 1944 et
2059 1887 2149 1941 Fi-

574 1971 672 2037 lio,
703 1973 794 2027 sed
831 1975 971 2041 quod
1032 1990 1134 2027 una
1188 1984 1409 2039 natura,
1441 1991 1605 2028 unum
1653 1976 1925 2045 possideat
1971 1985 2024 2031 et
2053 1993 2148 2030 no-

575 2079 720 2118 men.
769 2064 906 2132 Quia
967 2080 1094 2119 vero
1150 2065 1383 2134 Spiritus
1442 2066 1761 2119 vocabulum
1834 2066 1997 2119 multa
2075 2068 2148 2120 si-

576 2156 824 2225 gniﬁcat,
856 2157 1274 2211 enumerandutn
1328 2167 1409 2210 est
1463 2156 1700 2211 breviter
1737 2158 1934 2226 quibus
1984 2159 2144 2214 rebus

575 2264 770 2302 nomen
818 2249 935 2318 ejus
982 2259 1211 2318 aptetur.
1273 2249 1503 2303 Vocatur
1545 2250 1767 2318 spiritus
1833 2259 1886 2304 et
1929 2261 2139 2314 ventus,

561 2327 714 2393 'sicut
764 2339 817 2393 in
863 2340 1148 2394 Ezechiele
1184 2359 1195 2392 :
1247 2358 1264 2390 t
1304 2338 1541 2394 Tertiam
1579 2351 1754 2394 autem
1799 2351 2001 2409 partem
2033 2342 2145 2395 dis-

575 2443 765 2497 perges
799 2428 851 2482 in
882 2429 1127 2496 spiritum
1154 2430 1240 2480 ἐξ
1295 2449 1312 2480 ι
1350 2430 1449 2484 hoc
1483 2438 1586 2493 est,
1628 2431 1678 2483 in
1711 2439 1945 2484 ventum.
1989 2430 2141 2495 Quod

573 2521 620 2574 si
655 2521 884 2576 volueris
913 2521 1205 2575 secundum
1242 2521 1521 2574 historiam
1552 2521 1680 2575 illud
1727 2521 1961 2585 sentire,
2000 2522 2141 2590 quod

574 2610 831 2680 scriptum
878 2623 978 2674 est,
1028 2631 1046 2662 ι
1086 2611 1141 2665 Ιιι
1177 2612 1368 2681 spiritu
1417 2611 1651 2666 violento
1684 2622 1932 2666 conteres
1979 2627 2143 2665 naves

574 2701 801 2755 Tharsis
825 2702 894 2765 ’⁸,
923 2720 942 2753 ι
970 2717 1073 2754 non
1105 2700 1247 2754 aliud
1277 2701 1348 2754 ibi
1374 2701 1617 2770 Spiritus,
1648 2715 1808 2768 quam
1833 2710 2024 2755 ventus
2047 2716 2140 2755 ac-

572 2793 790 2860 cipitur.
837 2790 1055 2846 Necnon
1109 2790 1361 2845 Salomon
1398 2791 1540 2846 inter
1587 2792 1752 2846 multa
1785 2793 1885 2846 hoc
1928 2807 2141 2861 quoque

571 2899 769 2938 munus
794 2899 822 2937 a
851 2885 956 2939 Deo
979 2885 1208 2952 accepit,
1234 2894 1291 2938 ut
1312 2884 1476 2938 sciret
1502 2882 1788 2937 violentias
1815 2884 2135 2953 spirituum;

571 2987 680 3027 non
721 2974 864 3026 aliud
894 2989 952 3027 se
1002 2975 1054 3027 in
1088 2974 1189 3028 hoc
1219 2975 1489 3042 accepisse
1515 2973 1893 3028 demonstrans
1913 3015 1927 3038 ,
1974 2990 2136 3044 quam

572 3065 711 3120 scire
735 3064 950 3132 rapidos
979 3074 1257 3117 ventorum
1286 3066 1442 3118 llatus
1461 3105 1476 3127 ,
1513 3073 1566 3118 et
1601 3065 1796 3133 quibus
1825 3067 2001 3120 causis
2044 3080 2137 3120 eo-

2251 1886 2518 1954 praebeat:
2555 1898 2712 1952 quem
2751 1896 2892 1934 nunc
2921 1879 3155 1932 diximus
3196 1889 3316 1929 esse
3351 1871 3604 1938 Spiritum
3635 1869 3775 1923 homi-

2249 1975 2352 2029 nis.
2385 1975 2464 2027 Ad
2497 1970 3004 2027 Thessalonicenses
3045 1982 3258 2036 quoque
3286 1985 3299 2020 :
3342 1985 3363 2018 ι
3407 1967 3626 2033 Integer,
3661 1979 3678 2012 ι
3708 1959 3773 2011 itt-

2247 2067 2384 2136 quit,
2416 2082 2434 2116 ι
2468 2064 2688 2137 spiritus
2720 2072 2916 2129 vester,
2947 2070 2997 2115 et
3022 2059 3196 2113 anima
3224 2067 3276 2112 et
3300 2072 3496 2125 corpus
3522 2055 3584 2106 ³³.
3609 2071 3626 2104 ι
3654 2051 3776 2104 Sicut

2247 2160 2388 2212 enim
2420 2158 2522 2211 alia
2558 2169 2642 2212 est
2679 2157 2878 2218 auitna,
2913 2163 2966 2209 et
3008 2167 3206 2222 corpus
3231 2150 3374 2204 aliud
3403 2167 3418 2202 :
3461 2148 3538 2202 sic
3575 2157 3626 2200 et
3661 2143 3774 2198 aliud

2246 2261 2326 2304 est
2371 2250 2591 2320 spiritus
2644 2250 2710 2303 ab
2754 2250 2966 2308 anima,
3020 2261 3138 2315 qua}
3197 2260 3295 2299 suo
3348 2244 3469 2298 loco
3510 2238 3775 2311 Specialiter

2245 2341 2560 2411 appellatur.
2592 2340 2666 2393 De
2695 2353 2801 2406 quo
2833 2347 2887 2392 et
2931 2337 3105 2390 oravit
3148 2333 3245 2407 [αι.
3281 2332 3465 2405 orat],
3521 2344 3576 2384 ut
3607 2331 3775 2398 integer

2244 2447 2364 2485 cum
2393 2432 2568 2484 anima
2596 2439 2838 2484 servetur
2867 2438 2919 2482 et
2947 2440 3190 2495 corpore,
3215 2424 3340 2493 quia
3367 2421 3670 2478 incredibile
3691 2429 3771 2479 est,

2243 2532 2405 2591 atque
2431 2522 2800 2590 blasphemum
2825 2559 2840 2584 ,
2893 2533 3054 2573 orare
3091 2516 3406 2584 Apostolum
3430 2555 3445 2579 ,
3488 2524 3544 2566 Ill.
3574 2511 3773 2581 Spiritus

2242 2614 2680 2681 sanctusinteger
2701 2620 2966 2676 servetur,
2996 2610 3084 2678 qui
3119 2623 3216 2662 nec
3243 2606 3661 2660 imminutionem
3683 2599 3773 2671 (33)

2245 2712 2425 2774 potest
2454 2703 2713 2772 recipere,
2742 2715 2841 2757 nec
2867 2700 3186 2769 profectum.
3213 2700 3286 2753 De
3310 2699 3547 2754 humano
3569 2711 3700 2764 ergo,
3725 2701 3770 2743 υῑ

2242 2795 2496 2858 diximus,
2526 2795 2717 2862 spiritu
2747 2794 2799 2847 in
2837 2794 2939 2848 hoc
2971 2793 3208 2862 Apostoli
3243 2806 3427 2847 sermo
3455 2799 3667 2843 testatus
3688 2792 3769 2838 est.

2310 2886 2397 2941 56.
2427 2885 2777 2955 Appellantur
2803 2899 3016 2955 quoque
3060 2899 3302 2953 superna:
3359 2880 3777 2944 rationabilesth

2241 2978 2484 3040 virtutes,
2519 2990 2655 3045 quas
2712 2976 2846 3030 solet
2884 2974 3160 3042 Scriptura
3211 2974 3434 3044 angelos
3465 2984 3517 3028 et
3546 2968 3778 3025 fortitudi«

2241 3083 2336 3123 nes
2362 3067 2658 3128 nominare,
2692 3065 2946 3120 vocabulo
2967 3065 3207 3136 spiritus,
3238 3075 3296 3119 ut
3332 3066 3443 3118 ibi:
3479 3081 3498 3115 t
3544 3063 3625 3132 qui
3660 3057 3768 3112 iacis

573 3171 691 3209 rum
723 3165 917 3209 natura
956 3156 1234 3210 subsistat.
1279 3153 1516 3208 Vocatur
1551 3165 1603 3209 et
1649 3156 1827 3209 anima
1880 3158 2135 3226 spiritus,
2165 3128 2208 3190 Ο
2243 3161 2341 3234 [ιι.
2375 3160 2505 3214 facit
2529 3171 2575 3214 et
2603 3157 2748 3230 suos)
2780 3158 2994 3226 angelos
3036 3167 3152 3212 tuos
3183 3158 3409 3226 spiritus
3431 3157 3476 3188 ⁸³
3499 3174 3544 3221 ;›
3571 3151 3774 3210 etalibi:

571 3248 705 3302 utin
737 3245 925 3302 Jacobi
957 3247 1192 3317 Epistula
1221 3264 1234 3298 :
1268 3265 1287 3298 ι
1319 3247 1596 3313 Quomodo
1622 3262 1816 3316 corpus
1851 3259 1998 3302 tuum
2025 3251 2137 3319 (50)

571 3342 690 3395 sine
719 3341 909 3409 spiritu
936 3349 1208 3394 mortuum
1234 3351 1335 3405 est,
1366 3359 1384 3392 ι
1414 3351 1468 3395 et
1494 3341 1696 3410 reliqua
1721 3341 1785 3392 “.
1817 3341 2139 3397 Manifestis-

570 3433 708 3487 sime
736 3432 881 3486 enim
910 3432 1135 3500 spiritus
1179 3432 1266 3486 hic
1301 3432 1432 3486 nihil
1469 3432 1615 3486 aliud
1649 3433 1750 3487 nisi
1792 3435 1968 3487 anima
2003 3450 2140 3488 nun-

570 3535 818 3592 cupatur.
868 3522 1028 3577 Juxta
1068 3537 1227 3592 quam
1273 3523 1686 3592 intelligentiam
1728 3533 1784 3578 et
1833 3524 2140 3594 Stephanus

513 3670 530 3685 ,
573 3615 805 3668 animant
841 3629 992 3668 suam
1023 3615 1270 3684 spiritum
1302 3629 1526 3678 vocans,
1560 3634 1578 3667 ι
1608 3615 1851 3679 Domine,
1887 3636 1904 3667 ›
1945 3617 2135 3686 inquit,

576 3727 594 3757 ι
637 3704 763 3760 Jesu
789 3745 802 3768 ,
837 3706 1049 3775 suscipe
1095 3707 1342 3776 spiritum
1396 3723 1572 3761 meum
1610 3709 1678 3761 ’⁷.
1711 3725 1728 3758 ι
1767 3708 1896 3762 Illud
1929 3724 2141 3777 quoque

570 3799 712 3869 quod
745 3799 798 3853 in
833 3798 1154 3854 Ecclesiaste
1185 3799 1420 3852 dicitur:
1469 3817 1487 3850 ι
1528 3799 1658 3864 Quis
1690 3800 1792 3854 scit
1823 3814 1890 3853 an
1920 3800 2140 3868 spiritus

571 3889 806 3944 hominis
834 3889 1087 3944 ascendat
1130 3904 1375 3952 sursum,
1415 3900 1468 3945 et
1526 3891 1748 3960 spiritus
1775 3890 2001 3957 iumenti
2048 3891 2140 3944 de-

570 3985 792 4038 sccndat
823 3984 1076 4056 deorsum
1102 3983 1183 4035 '3?
1219 4003 1237 4034 ι
1271 3983 1727 4039 Considerandum
1754 3993 2059 4038 utrumnam
2087 3994 2142 4039 et

571 4081 833 4146 pecudum
882 4078 1074 4130 animm
1102 4078 1319 4146 spiritus
1357 4076 1712 4146 appellentur.
1741 4075 1948 4130 Dicitur
1974 4079 2137 4132 etiam

571 4179 798 4236 excepta
834 4167 1014 4222 anima
1039 4207 1054 4232 ,
1095 4176 1150 4221 et
1195 4179 1419 4235 excepto
1448 4169 1639 4235 spiritu
1672 4179 1879 4234 nostro,
1918 4168 2138 4237 spiritus

575 4256 712 4309 alius
743 4256 854 4323 (51)
881 4256 1002 4323 quis
1031 4269 1151 4310 esse
1183 4255 1234 4308 in
1263 4257 1509 4322 homine,
1543 4257 1608 4310 de
1637 4272 1744 4325 quo
1781 4257 1975 4312 Paulus
2005 4260 2140 4313 scri-

574 4348 691 4402 bit:
723 4367 743 4399 ι
777 4348 906 4416 Quis
937 4350 1078 4403 enim
1114 4351 1217 4404 scit
1251 4350 1525 4403 hominum
1560 4367 1620 4404 ea
1653 4365 1770 4419 quae
1813 4361 1938 4405 sunt
1965 4353 2138 4405 homi-

2245 3273 2263 3305 ι
2300 3252 2489 3307 Nonne
2524 3267 2710 3305 omnes
2765 3258 2891 3304 sut.t
2935 3249 3400 3304 administratores
3446 3248 3654 3318 spiritus
3679 3241 3771 3294 "ili

2239 3347 2374 3400 Puto
2408 3345 2471 3399 ad
2503 3345 2644 3400 hunc
2670 3358 2886 3397 sensum
2921 3352 2974 3396 et
3008 3343 3133 3398 illud
3161 3342 3378 3407 referri,
3426 3340 3566 3411 quod
3590 3339 3637 3391 in
3659 3333 3776 3388 Acti-

2240 3437 2340 3490 bus
2386 3435 2746 3504 apostolorum
2809 3433 3064 3488 scribitur
3104 3450 3120 3488 :
3159 3434 3438 3503 «Spiritus
3492 3429 3680 3485 Domini
3709 3440 3771 3477 ra-

2239 3527 2353 3597 pttit
2367 3525 2745 3596 Philippum,et
2762 3543 2864 3582 non
2880 3525 3105 3595 amplius
3118 3539 3239 3580 eum
3261 3527 3398 3580 vidit
3419 3523 3680 3579 eunuchus
3693 3517 3772 3578 ⁸⁸.»

2241 3619 2292 3672 id
2328 3628 2407 3672 est
2443 3620 2666 3688 angelus
2698 3620 2907 3675 Domini
2933 3621 2984 3673 in
3005 3619 3231 3674 sublime
3255 3616 3774 3682 elevansPhilippum.

2239 3708 2511 3762 transtulit
2541 3710 2688 3762 illum
2725 3711 2775 3763 in
2809 3711 2972 3764 alium
3025 3710 3220 3764 locum.
3269 3706 3576 3762 Rationales
3601 3713 3776 3773 quoque

2241 3800 2355 3853 alite
2394 3810 2672 3860 creatura.
2707 3812 2760 3855 et
2782 3803 2848 3856 de
2879 3803 3019 3856 bono
3049 3802 3100 3855 in
3141 3799 3338 3854 malum
3375 3811 3563 3869 sponte
3599 3791 3774 3866 proprii

2240 3889 2584 3958 proﬂuentes,
2609 3891 2832 3960 spiritus
2861 3891 3103 3960 pessimi,
3132 3899 3185 3944 et
3225 3889 3451 3958 spiritus
3481 3885 3775 3956 appellantur

2241 3978 2532 4038 immundi;
2565 3979 2704 4033 sicut
2728 3980 2834 4035 ibi:
2868 3998 2885 4030 t
2925 3979 3060 4034 Cum
3112 3988 3289 4032 autem
3332 3977 3556 4046 spiritus
3580 3976 3772 4027 immun-

2239 4068 2338 4120 dus
2367 4069 2558 4123 exierit
2585 4070 2651 4123 ab
2682 4071 2959 4134 hominen
2988 4081 3041 4125 et
3061 4071 3114 4124 in
3146 4067 3629 4137 consequentibus:
3661 4061 3774 4112 «As-

2239 4159 2403 4211 stmit
2431 4170 2631 4226 septem
2661 4161 2795 4214 alios
2825 4161 3045 4229 spiritus
3070 4161 3355 4229 nequiores
3385 4175 3443 4213 se
3469 4158 3564 4212 ³⁸.»
3583 4152 3774 4223 Spiriills

2245 4263 2460 4319 quoque
2489 4256 2759 4307 dremones
2790 4254 2841 4306 in
2875 4251 3178 4323 Evangeliis
3218 4251 3576 4320 appellantur.
3610 4244 3699 4300 Sed
3729 4248 3771 4292 et

2242 4342 2345 4396 hoc
2377 4345 2694 4406 notandum,
2735 4360 3006 4414 nunquam
3064 4344 3381 4414 simpliciter
3417 4341 3671 4411 spiritum,
3699 4328 3771 4387 sed

569 4439 678 4504 nis,
706 4439 807 4491 nisi
840 4439 1059 4508 spiritus
1082 4439 1334 4504 hominis,
1364 4439 1452 4507 qui
1480 4440 1532 4493 in
1562 4455 1626 4492 eo
1651 4449 1733 4493 est,
1756 4440 1834 4493 '9?
1867 4460 1885 4492 ι
1915 4441 1970 4494 Si
1996 4443 2136 4496 enim
2172 4472 2215 4526 Β
2245 4445 2366 4484 cum
2399 4432 2578 4501 aliquo
2607 4435 2972 4490 additamento
2999 4434 3246 4502 spiritum
3279 4430 3572 4502 signiﬁcari
3601 4433 3771 4481 contra-

567 4530 801 4586 voluerit
829 4532 1152 4585 contendere
1182 4530 1448 4600 quispiam
1472 4533 1707 4586 animam
1734 4533 1820 4586 hic
1843 4533 2138 4603 signiﬁcari

570 4624 623 4676 in
659 4625 874 4694 spiritu,
903 4626 1021 4694 quis
1050 4625 1153 4680 erit
1177 4626 1336 4680 homo
1373 4625 1524 4695 cujus
1560 4627 1932 4694 cogitationes,
1967 4638 2020 4682 et
2051 4644 2138 4681 ar-

568 4731 700 4770 cana
725 4758 741 4785 ,
786 4726 841 4771 et
869 4726 1077 4772 secreta
1111 4718 1290 4773 cordis
1321 4717 1532 4772 occulta
1583 4717 1790 4771 nesciat
1822 4717 1983 4773 homo
2023 4719 2135 4790 (32)

637 4853 683 4885 *ί
723 4853 760 4906 ΙΙ
787 4855 978 4910 Thess.
1009 4872 1068 4922 tt,
1105 4856 1194 4912 12.

566 4924 657 4977 26.
733 4925 778 4954 ³⁷
818 4925 937 4978 Act.
980 4943 1078 4990 vn,
1110 4928 1197 4981 58.

565 5010 622 5060 γ,
644 4991 734 5047 9.3.
810 4995 855 5026 ³³
892 4995 1033 5051 Psal.
1057 5013 1174 5061 cm,
1203 4995 1256 5049 4.

1270 4857 1314 4887 ²²
1343 4855 1497 4910 Joan.
1528 4872 1600 4920 tv,
1638 4856 1729 4911 9.4.

1289 4926 1333 4958 “
1381 4927 1554 4980 Eccle.
1598 4943 1678 4989 tu,
1714 4927 1804 4980 ‘21.

1332 4997 1376 5028 “
1413 4996 1578 5051 llebr.
1613 4997 1763 5061 1,14.

640 5138 752 5209 (28)
787 5137 1005 5208 Regina:
1052 5139 1222 5200 liber,
1269 5158 1288 5190 ι
1341 5139 1393 5192 in
1429 5139 1855 5196 sanctiﬁcatione
1895 5139 2126 5210 Spiritus

567 5210 726 5262 Pater
750 5219 804 5262 et
836 5211 1033 5262 veritas
1060 5210 1418 5277 possidentur.
1454 5228 1473 5261 ι

638 5279 748 5348 (9.9)
776 5278 1010 5331 Pessime
1045 5291 1294 5349 acceptos
1336 5280 1469 5333 duos
1501 5279 1662 5349 hosce
1695 5278 1986 5347 Scriptum
2014 5291 2130 5336 teuto

568 5358 652 5404 tus
705 5350 778 5401 ita
829 5350 1051 5401 restituo
1079 5364 1141 5401 ac
1178 5347 1473 5416 distinguo.
1508 5347 1638 5402 Erat
1685 5350 1736 5402 itt
1764 5350 1930 5404 altera
1967 5370 1985 5403 ι
2027 5352 2130 5407 Do-

565 5420 762 5482 tninus,
797 5436 814 5468 ι
852 5419 931 5471 vel
961 5437 980 5470 ι
1011 5418 1246 5482 Domini,
1278 5420 1499 5480 spiritus
1529 5421 1643 5483 ejus
1677 5438 1696 5470 ›
1735 5435 1829 5486 pro
1858 5431 1999 5475 test.
2037 5441 2055 5472 ι

637 5489 748 5554 (50)
779 5488 954 5540 Alium
992 5490 1058 5541 ab
1101 5489 1202 5542 isto
1235 5506 1265 5542 e
1297 5487 1479 5544 Jacobi
1517 5490 1747 5557 Epistola
1788 5489 1961 5544 locum
1999 5493 2129 5546 sub-

565 5557 743 5611 stituit
773 5558 988 5627 Reginae
1011 5560 1154 5624 cod.;
1191 5561 1332 5614 hunc
1373 5574 1584 5627 nempe,
1613 5574 1730 5625 cap.
1770 5560 1906 5613 ιιι-5
1936 5579 1948 5614 :
1998 5581 2015 5613 t
2049 5562 2128 5615 Ad

567 5627 819 5680 invidiam
847 5629 1178 5695 concupiscit
1200 5629 1431 5696 Spiritus
1458 5630 1548 5697 qui
1573 5629 1774 5682 habitat
1797 5631 1848 5683 in
1877 5632 2029 5686 vobis
2057 5650 2069 5684 :
2106 5651 2124 5684 ι

563 5699 865 5762 subditque.
910 5716 928 5748 t
966 5697 1197 5767 Spiritus
1227 5699 1367 5752 enim
1400 5699 1531 5752 nihil
1572 5700 1735 5762 aliud,
1776 5719 1793 5749 ι
1828 5710 1931 5754 etc.
1981 5702 2032 5754 In
2063 5717 2126 5752 eo

567 5767 656 5838 qui
691 5768 976 5824 exhibetur
1025 5783 1208 5824 vocem
1257 5788 1275 5819 ι
1322 5778 1466 5823 tuum
1514 5788 1532 5821 ι
1588 5785 1689 5824 non
1741 5770 1901 5824 habet
1959 5772 2127 5826 Vatic.

1805 4856 1851 4889 ”
1893 4857 1935 4911 II
1962 4858 2085 4913 Cor.
2120 4877 2203 4925 Ill,
2242 4863 2327 4916 17.
2388 4865 2432 4894 ³⁵
2461 4864 2656 4918 Ezeclt.
2687 4879 2740 4926 v,
2763 4864 2819 4918 2.

1881 4927 1975 4981 ¹⁹Ι
2016 4929 2137 4985 Cor.
2179 4949 2238 4989 ιι.
2287 4934 2374 4987 ll.

1839 4998 1881 5028 ⁸⁸
1919 5001 2042 5054 Act.
2077 5003 2292 5068 \'lll,59.

2245 4523 2406 4583 rium,
2436 4532 2492 4575 ut
2521 4525 2745 4592 spiritus
2777 4527 3102 4588 immundus,
3144 4535 3201 4578 et
3245 4525 3470 4592 spiritus
3521 4513 3769 4575 daemonis;

2247 4614 2297 4666 hi
2331 4629 2456 4669 vero
2496 4616 2586 4684 qui
2618 4617 2788 4671 sancti
2815 4625 2942 4671 sunt
2971 4616 3213 4685 spiritus,
3253 4615 3460 4682 absque
3506 4610 3607 4666 ullo
3651 4601 3771 4659 addi-

2246 4716 2482 4760 tamento
2507 4707 2728 4776 spiritus
2762 4707 3078 4776 simpliciter
3102 4705 3442 4776 appellantur

2896 4865 2942 4895 ’⁸
2990 4862 3130 4916 Psal.
3162 4878 3326 4924 vau,
3363 4865 3418 4916 8.
3494 4861 3537 4891 ’⁸
3583 4854 3684 4909 Jac.
3720 4863 3763 4904 ll.

2451 4935 2496 4965 ³⁰
2523 4934 2684 4987 lCor.
2721 4925 2781 5000 ιι,
2811 4933 2897 4988 10.
2943 4933 2986 4964 ³⁸
3021 4934 3175 4987 Rom.
3214 4948 3332 4996 vm,
3370 4930 3453 4984 16.
3503 4930 3546 4960 ⁸⁸
3572 4927 3587 4982 Ι
3613 4925 3766 4977 Thess.

2370 5003 2416 5035 ³⁸
2446 5003 2630 5057 Matth.
2658 5019 2753 5066 xu,
2784 5004 2977 5058 45-45.

2239 5145 2407 5220 lib_e_r_,_
2429 5161 2602 5220 neque
2629 5146 2744 5220 ipse
2766 5145 2962 5220 Jacobi
2990 5154 3192 5220 textus.
3557 5209 3569 5220 .

2306 5215 2416 5284 (51)
2449 5215 2644 5284 insigni
2672 5231 2857 5270 errore
2879 5216 3008 5269 editi
3040 5217 3318 5279 hactenus,
3350 5214 3752 5284 etipassimumSS-r

2236 5274 2483 5355 legebant
2519 5304 2537 5335 ι
2559 5274 2621 5339 ’ἐι
2638 5294 2864 5355 excepto
2890 5283 3092 5353 Spiritu
3116 5274 3323 5346 sancto,
3349 5274 3563 5355 spiritus
3586 5274 3762 5355 alius:

2237 5343 2342 5408 etc.
2394 5354 2657 5409 Substitui
2687 5374 2704 5406 ι
2734 5343 2946 5422 spiritui
2978 5366 3181 5416 nostro,
3216 5372 3235 5405 ι
3273 5343 3335 5407 ad
3362 5343 3554 5405 codicis
3586 5343 3762 5407 Βεεῑιιτε

2241 5425 2424 5490 ﬁdem,
2471 5425 2704 5478 maxime
2729 5441 2857 5480 vero
2880 5426 2944 5478 ad
2974 5436 3134 5478 recta:
3161 5424 3384 5478 rationis
3408 5422 3758 5489 argumentum.

2237 5505 2291 5546 et
2326 5494 2536 5548 Paulini
2569 5495 2862 5548 testimonii
2910 5510 3150 5548 sensum.

2309 5564 2422 5627 (59.)
2463 5565 2635 5634 Vatic.
2663 5578 2716 5616 et
2745 5563 2970 5634 Reginae
2991 5562 3379 5628 cod.,tnt‘.$ciat
3407 5560 3536 5634 Elius
3561 5556 3750 5634 ίῖθωρὶκτ

2314 5621 2426 5703 (55)
2460 5634 2548 5687 Sic
2576 5633 2692 5701 lego
2713 5648 2778 5686 ex
2804 5621 2973 5691 vcteri
2997 5621 3267 5700 editione;
3301 5633 3354 5687 in
3379 5629 3495 5684 aliis
3516 5625 3642 5682 enim
3667 5621 3760 5669 eral

2245 5722 2262 5754 t
2298 5704 2743 5760 itmt‘tutalionem.
2778 5723 2798 5757 ι
