4042 6404
259 290 382 348 1081

1374 304 1577 360 LIBER
1618 307 1702 360 DE
1743 304 2011 360 SPIRITU
2055 305 2344 362 SANCTO.

3350 320 3370 367 1
3383 320 3489 367 03?.

320 404 412 458 57.
445 403 734 463 Sciendum
789 420 1004 477 quoque
1054 414 1194 482 quod
1244 429 1438 470 nomen
1505 419 1744 488 spiritus,
1768 429 1819 472 et
1847 422 1892 478 Α
1923 417 2064 470 aliud
2100 419 2152 471 in
2177 417 2442 472 Trinitate
2490 419 2734 488 usurpari
2797 422 2955 486 solet,
3014 421 3324 494 συνώνυμον
3363 436 3484 489 est;

253 495 578 552 voluntatem
634 500 889 566 hominis,
940 511 996 557 et
1047 502 1210 559 animi
1271 510 1594 564 sententiam
1636 520 1812 566 sonet.

253 585 449 644 Volens
480 589 677 659 quippe
700 594 990 658 Apostolus
1018 595 1279 664 virginem
1309 615 1412 652 non
1431 601 1603 655 solum
1627 617 1814 670 opere,

250 677 341 731 sed
371 687 426 732 et
448 686 622 732 mente
656 689 894 734 sanctam
937 697 1074 745 esse,
1104 683 1154 736 id
1191 694 1293 751 est,
1335 702 1441 740 non
1475 696 1676 740 tantum
1697 704 1814 742 cor-

248 778 397 831 pore,
422 765 515 818 sed
547 775 600 818 et
629 777 774 820 motu
811 769 988 824 cordis
1014 771 1244 836 interno,
1269 774 1362 835 ait,
1391 793 1409 824 ‹
1443 773 1512 829 Ut
1541 776 1607 830 sit
1629 787 1813 830 sancta

244 869 474 924 corpore
501 865 554 911 et
583 856 774 925 spiritu
805 859 889 926 ³⁷;
933 879 954 912 ›
1001 861 1329 918 voluntatem
1371 866 1561 933 spiritu
1611 877 1664 921 et
1688 883 1811 922 cor-

241 961 374 1015 pore
397 962 558 1014 opera
590 949 917 1021 signiﬁcans.
949 953 1237 1010 Considera
1271 967 1447 1012 utrum
1495 961 1593 1014 hoc
1640 961 1810 1029 ipsum

241 1037 295 1091 in
324 1037 460 1092 Isaia
496 1052 670 1109 sonet,
701 1045 840 1111 quod
872 1046 1127 1114 scriptum
1155 1059 1236 1101 est
1278 1064 1293 1098 :
1332 1068 1350 1101 ι
1386 1051 1451 1104 Ει
1499 1052 1689 1118 scient,
1721 1053 1812 1120 qtti

237 1129 434 1198 sptritu
462 1140 666 1199 errant,
705 1133 1029 1190 intellectum
1065 1135 1162 1190 ³⁸.»
1185 1139 1284 1203 Qui
1340 1141 1481 1193 enim
1525 1139 1814 1208 errorcju-

237 1220 368 1273 dicii
392 1220 494 1274 alia
525 1237 621 1289 pro
652 1222 772 1278 aliis
799 1225 936 1279 bona
971 1225 1068 1297 [αι.
1090 1229 1230 1283 bono
1256 1230 1456 1301 studio]
1479 1232 1810 1296 existimant,

234 1311 511 1380 accipient
545 1312 896 1383 intellectum,
923 1329 980 1370 ut
999 1320 1302 1390 corrigatur
1326 1337 1478 1376 error
1499 1322 1734 1382 illorum,
1756 1329 1812 1375 ttt

230 1417 339 1472 pro
402 1405 582 1473 pravis
642 1421 704 1460 ea
761 1423 878 1475 quae
932 1420 1074 1465 recta
1133 1422 1258 1466 sunt
1329 1413 1546 1483 eligant.
1593 1413 1810 1468 Necnon

228 1503 287 1550 et
316 1494 478 1552 illud:
505 1515 523 1548 t
542 1495 657 1552 Una
678 1499 928 1555 fortitudo
952 1504 1171 1572 spiritus
1191 1506 1352 1560 vestri
1371 1507 1414 1538 "
1437 1503 1533 1577 [αι.
1551 1505 1804 1578 ιιοειιὶ],›

230 1586 367 1641 vide
420 1603 486 1641 an
524 1588 751 1658 idipsnm
789 1593 1057 1650 ostendat.
1090 1594 1153 1648 Et
1176 1610 1336 1665 super
1374 1599 1551 1650 omnia
1579 1598 1810 1651 vocabu-

228 1679 350 1735 lum
386 1681 608 1750 spiritus
631 1681 877 1738 altiorem
898 1695 951 1740 et
977 1688 1260 1757 mysticum
1286 1689 1337 1742 in
1369 1689 1660 1758 Scripturis
1683 1703 1809 1743 san-

1916 508 2060 561 verbi
2092 509 2286 577 gratia,
2315 516 2533 562 sanctus
2573 510 2742 563 bonus
2767 510 2902 580 (56),
2930 520 2980 565 et
3015 523 3210 566 caetera
3238 513 3486 566 hissimi-

1915 598 2006 658 lia,
2043 598 2108 652 de
2135 599 2330 665 quibus
2354 598 2512 668 paulo
2535 609 2657 654 ante
2688 602 3125 668 perstrinximus.

1985 688 2075 741 59.
2103 687 2276 743 Porro
2317 691 2382 743 ad
2425 690 2538 744 haec
2585 692 2890 745 necessario
2922 691 3150 746 devoluti
3183 708 3389 758 sumus,
3432 703 3491 747 ut

1915 779 2042 848 quia
2076 779 2391 847 frequenter
2412 780 2699 848 appellatio
2731 781 2956 848 spiritus
2987 782 3038 833 in
3075 781 3374 850 Scripturis
3404 791 3488 834 est

1914 883 2162 937 respersa
2189 869 2406 928 divinis.
2425 886 2527 922 non
2547 869 2794 922 labantur
2823 871 2874 923 itt
2903 871 3139 934 nomine,
3169 874 3262 926 sed
3289 888 3487 926 unum-

1913 959 2164 1028 quodque
2228 961 2524 1013 secundum
2589 960 2827 1014 locorum
2870 963 3158 1017 varietates
3193 974 3244 1017 et
3280 964 3482 1018 intelli-

1913 1051 2669 1122 gentiasaccipiamus.Omni
2708 1055 2887 1122 itaque
2930 1056 3109 1108 studio
3127 1070 3189 1108 ac
3214 1055 3486 1125 diligentia

1913 1141 2230 1195 vocabulum
2295 1141 2551 1209 Spiritus,
2606 1141 2695 1194 ttbi
2754 1152 2809 1195 et
2839 1145 3105 1210 quomodo
3162 1145 3484 1213 appellatum

1915 1232 2007 1295 sit,
2038 1233 2482 1300 contemplantes,
2503 1233 2827 1302 supbismata
2843 1250 3024 1287 eorum
3045 1246 3102 1287 et
3122 1234 3487 1288 fraudulentas

1914 1323 2187 1392 decipttlas
2215 1334 2578 1388 conteramus,
2640 1327 2726 1394 qui
2772 1326 3029 1395 Spiritum
3060 1338 3302 1379 sanctum
3337 1341 3487 1380 asse-

1916 1422 2391 1467 runt-creaturam.
2453 1413 2714 1483 Legetttes
2756 1417 2898 1467 enim
2935 1415 2987 1468 in
3020 1416 3297 1484 propheta,
3323 1434 3341 1466 ι
3376 1418 3486 1486 Ego

1911 1517 2026 1556 sunt
2071 1503 2291 1556 ﬁrmans
2320 1504 2430 1574 (57)
2463 1506 2775 1568 tonitruum,
2794 1516 2847 1559 et
2871 1521 3060 1560 creaus
3089 1506 3346 1574 Spiritum
3377 1506 3478 1569 “,t

1911 1594 2211 1662 ignerautia
2249 1595 2557 1663 multiplicis
2601 1596 2650 1648 itt
2688 1596 2789 1650 hac
2821 1609 2971 1664 parte
3005 1599 3294 1660 sermonis,
3328 1607 3484 1666 puta-

1910 1696 2104 1740 verunt
2137 1686 2398 1756 Spiritum
2435 1697 2679 1741 sanctum
2716 1705 2783 1741 ex
2815 1689 2914 1741 hoc
2944 1689 3201 1743 vocabulo
3259 1691 3482 1742 demon-

226 1772 341 1826 ctis
366 1774 633 1844 signiﬁcat
668 1777 1017 1842 intellectum,
1069 1789 1124 1833 ut
1156 1780 1227 1835 ibi
1256 1799 1268 1833 :
1303 1799 1321 1832 ι
1358 1780 1556 1835 Littera
1584 1783 1803 1846 occidit,
1840 1763 1881 1818 Β
1909 1778 2091 1842 strari,
2138 1793 2256 1831 cum
2283 1778 2335 1830 in
2373 1779 2778 1845 prmsentiarum
2859 1778 3081 1846 spirit'us
3132 1795 3323 1832 nomen
3356 1796 3483 1832 ven-

223 1866 458 1932 spiritus
497 1878 676 1922 autem
717 1871 951 1924 vivificat
979 1870 1089 1935 “,t
1124 1872 1352 1927 litteram
1377 1875 1562 1929 dicens
1600 1876 1807 1945 simpli-

220 1971 376 2015 cem.
409 1967 465 2012 et
500 1959 835 2015 manifestam
860 1960 1012 2028 juxta
1081 1963 1361 2017 historiam
1405 1966 1804 2032 narrationem;

219 2048 486 2114 spiritum
518 2065 665 2115 vero,
704 2063 948 2107 sanctum
967 2064 1020 2108 et
1044 2053 1324 2122 Spirituale
1349 2069 1505 2110 nosse
1532 2055 1643 2122 ('54)
1664 2058 1806 2125 quod

219 2138 452 2208 legitur.
476 2140 534 2193 ltt
573 2141 710 2194 hanc
732 2144 980 2213 congruit
1011 2144 1336 2199 voluntatem
1363 2157 1416 2201 et
1449 2147 1572 2199 illttd
1599 2165 1611 2200 :
1649 2165 1668 2198 t
1700 2147 1807 2203 Nos

215 2245 422 2284 sumus
445 2231 806 2296 circumcisio,
845 2234 935 2302 qui
987 2235 1176 2304 Spiritu
1235 2236 1459 2290 Domino
1503 2238 1804 2292 servientes

216 2338 444 2389 sumus,
472 2335 525 2378 et
564 2341 666 2378 non
723 2326 775 2379 in
811 2341 972 2380 carne
1014 2327 1346 2382 conﬁdentes
1376 2328 1441 2382 δι.
1476 2349 1494 2381 ι
1523 2329 1621 2395 Qui
1662 2332 1801 2384 enim

219 2429 338 2468 non
371 2415 551 2470 littera
586 2433 800 2472 carnem
860 2420 1170 2482 concidunt,
1225 2421 1321 2474 sed
1353 2436 1449 2474 cor
1481 2422 1672 2490 spiritu
1699 2423 1803 2476 cir-

215 2507 564 2568 cumcidunt,
600 2507 906 2564 auferentes
932 2524 1090 2563 omne
1116 2509 1232 2576 ejus
1255 2509 1604 2578 superfluum,
1661 2511 1800 2579 quod

214 2595 562 2663 generationi
589 2599 888 2664 proximutn
920 2609 1024 2662 est,
1075 2607 1130 2653 et
1172 2600 1424 2662 amicum,
1456 2601 1507 2654 hi
1538 2615 1662 2654 vere
1688 2601 1801 2670 (55)

215 2688 422 2754 spiritu
483 2689 788 2744 circumcisi
833 2701 976 2755 sunt,
1036 2692 1088 2744 in
1133 2693 1344 2746 occulto
1383 2691 1573 2761 Judaei,
1607 2704 1662 2749 et
1689 2695 1801 2749 veri

216 2778 589 2846 lsraelitte,iu
621 2784 815 2852 quibus
869 2800 974 2836 non
1021 2795 1101 2837 est
1153 2785 1327 2838 dolus.
1382 2785 1479 2851 Qui
1528 2795 1801 2840 transcen-

215 2874 416 2928 dentes
447 2874 667 2928 umbras
705 2884 759 2929 et
787 2876 1046 2945 imagines
1074 2875 1282 2930 Veteris
1313 2876 1662 2944 Testamenti,
1687 2877 1798 2932 Cul-

215 2973 370 3018 torrs
400 2965 514 3018 veri
554 2966 784 3019 adorant
817 2964 1035 3020 Patrem
1073 2967 1122 3020 in
1148 2967 1334 3037 spiritu
1386 2977 1439 3020 et
1473 2968 1693 3021 veritate
1714 2967 1793 3020 δέ

217 3055 270 3109 in
304 3056 532 3126 spiritu,
567 3059 688 3125 quia
716 3059 1016 3128 corporalia
1059 3069 1112 3113 et
1177 3060 1398 3114 humilia
1450 3061 1797 3116 transcende-

219 3161 377 3214 runt;
414 3148 471 3202 iu
495 3151 743 3213 veritate,
771 3151 893 3220 quia
931 3163 1106 3222 typos,
1143 3161 1196 3206 et
1223 3154 1458 3216 umbras,
1503 3163 1557 3207 et
1610 3169 1795 3206 exem-
1827 3143 1865 3161 υ

219 3241 390 3308 plaria
424 3240 806 3310 relinquentes,
841 3244 908 3296 ad
963 3245 1126 3310 ipsius
1174 3244 1415 3297 veritatis
1445 3259 1637 3298 venere
1667 3245 1797 3299 sub-

223 3334 480 3386 Stantiattt
507 3350 523 3399 ;
548 3341 622 3396 et,
651 3343 708 3386 ut
733 3335 841 3396 jam
896 3333 1152 3398 diximus,
1210 3335 1395 3389 humili
1445 3344 1499 3390 et
1539 3351 1797 3405 corporea

227 3417 513 3470 verborum
573 3417 916 3488 simplicitate
959 3430 1284 3489 contempta,
1346 3420 1414 3473 ad
1462 3420 1796 3489 spiritualem

235 3507 356 3576 legis
385 3509 638 3564 notitiam
674 3520 1055 3580 pervenerunt.

295 3600 380 3656 58.
414 3600 544 3655 llaec
575 3601 790 3656 interim
818 3603 970 3670 juxta
1026 3603 1437 3673 possibilitatem
1469 3604 1664 3672 ingenii
1700 3619 1798 3658 no—

223 3693 314 3746 stri
359 3701 499 3762 quot
548 3706 633 3746 res
682 3693 902 3761 spiritus
940 3694 1303 3764 signiﬁcaret,
1341 3694 1616 3761 attigimus
1644 3731 1661 3755 ,
1700 3707 1796 3748 suo

221 3795 469 3852 tempore
498 3783 626 3851 quid
681 3783 1097 3852 unumquodque
1122 3783 1410 3854 signiﬁcet,
1457 3784 1501 3838 si
1549 3783 1798 3840 Christus

219 3876 497 3938 tribuerit,
535 3875 834 3929 disserturi.
863 3873 1254 3945 Nonnunquam
1302 3883 1481 3949 autem
1539 3876 1795 3946 Spiritus,

214 3975 265 4020 et
307 3967 573 4021 Dominus
602 3975 789 4021 noster
817 3965 974 4022 Iesus
1003 3966 1271 4031 Christus,
1306 3967 1355 4021 id
1384 3976 1488 4033 est,
1516 3967 1607 4022 Dei
1628 3968 1797 4024 Filius

215 4060 544 4129 appellatur.
584 4078 603 4110 ι
628 4057 896 4128 Benignus
927 4060 1190 4127 siquidem
1221 4071 1302 4113 est
1322 4059 1556 4128 Spiritus
1585 4061 1797 4129 sapien-

214 4154 305 4206 tiae
333 4152 400 4206 ”.
435 4171 453 4202 ι
477 4151 542 4204 Ει
572 4153 624 4206 itt
660 4151 764 4206 alio
800 4153 956 4206 loco:
992 4169 1010 4202 ι
1045 4150 1302 4206 Dominus
1354 4162 1530 4206 autem
1562 4152 1796 4222 Spiritus

211 4250 299 4295 est
331 4240 411 4304 “,
439 4259 457 4292 ι
495 4249 552 4292 ιιι
607 4249 733 4294 ante
783 4241 1016 4294 diximus
1039 4283 1052 4306 ,
1080 4240 1166 4295 ubi
1202 4241 1364 4295 etiam
1395 4242 1520 4297 illud
1549 4243 1799 4311 adjunxi-

214 4349 362 4395 mus,
386 4351 406 4383 ε
435 4330 668 4400 Spiritus
699 4332 837 4388 Deus
861 4342 943 4387 est
971 4332 1073 4393 “,t
1105 4348 1208 4387 non
1232 4331 1385 4402 juxta
1414 4335 1644 4390 nominis
1677 4345 1799 4390 tan-

1911 1879 2020 1923 tam
2063 1881 2237 1924 sonet.
2272 1869 2492 1924 Necnon
2524 1870 2573 1922 itt
2606 1868 2872 1922 Zacharia
2930 1869 3210 1923 audientes
3246 1871 3480 1922 locutum

1907 1962 2211 2028 Dominum,
2243 1965 2382 2033 quod
2411 1965 2522 2032 ipse
2552 1964 2622 2017 sit
2659 1964 2748 2031 qui.
2786 1973 2935 2016 creat
2965 1964 3209 2031 spiritum
3242 1963 3480 2016 hominis

1905 2053 1957 2106 in
1993 2070 2057 2107 eo
2097 2055 2632 2120 ",existimaverunt
2673 2054 2930 2122 Spiritum
2964 2065 3204 2108 sanctum
3245 2055 3480 2108 etiamin

1904 2145 2004 2200 hoc
2037 2147 2273 2215 capitulo
2306 2146 2623 2215 signiﬁcari,
2660 2161 2765 2199 non
2829 2147 3317 2200 tmimadvertentes
3340 2147 3482 2214 quod

1902 2235 2134 2288 animam
2167 2235 2432 2301 heminis,
2482 2244 2572 2290 aut
2629 2236 2876 2304 spiritum
2938 2242 3117 2306 (quem
3183 2237 3395 2289 tertium
3426 2235 3480 2289 in

1903 2326 2118 2380 homine
2151 2341 2274 2381 esse
2305 2325 2414 2394 jam
2444 2327 2700 2394 diximus)
2737 2325 2958 2395 spiritus
3007 2327 3290 2395 appellatio
3313 2309 3480 2396 signi;

1906 2419 2050 2472 ﬁcet.
2099 2417 2239 2486 Ergo
2273 2426 2330 2470 ttt
2384 2419 2656 2486 praelocuti
2721 2433 2943 2482 sumus,
2996 2418 3264 2485 quomodo
3287 2434 3480 2471 unum-

1904 2509 2152 2576 quodque
2209 2508 2412 2561 dictnm
2459 2508 2550 2572 sit,
2602 2507 3031 2578 consideremus,
3085 2523 3150 2561 ne
3193 2509 3330 2563 forte
3385 2525 3481 2578 per

1913 2600 2273 2668 ignorantiam
2305 2600 2357 2653 in
2403 2600 2718 2654 barathrum
2771 2577 3084 2654 decidainus
3120 2601 3334 2658 erroris.
3390 2599 3478 2654 Si-

1904 2693 2121 2760 quidem
2154 2691 2206 2744 itt
2238 2690 2361 2746 aliis
2425 2691 2590 2745 rebus
2645 2707 2710 2746 ex
2759 2693 3032 2746 consortio
3095 2692 3476 2746 vocabulorum

1901 2798 2060 2837 error
2085 2783 2363 2847 eveniens,
2400 2783 2774 2838 confusionem
2809 2794 2862 2838 et
2907 2785 3162 2852 pudorem
3187 2786 3232 2838 ei
3273 2784 3362 2853 qui
3390 2799 3480 2838 er-

1901 2874 2044 2927 ravit
2100 2875 2394 2943 importat;
2431 2874 2498 2927 de
2540 2875 2789 2940 supernis
2821 2889 2948 2928 vero
2996 2885 3047 2928 et
3078 2876 3271 2928 divinis
3301 2875 3478 2943 lapsus

1905 2973 1970 3017 ad
2003 2979 2192 3034 prava,
2221 2967 2286 3019 ad
2314 2975 2575 3020 aeternam
2627 2981 2838 3036 poenam
2891 2967 3104 3020 deducit
3130 2976 3181 3020 et
3216 2976 3475 3021 tartarum

1905 3052 1998 3124 [αι.
2028 3055 2392 3127 barathrum],
2426 3057 2660 3110 maxime
2713 3071 2833 3108 cum
2893 3056 3060 3110 semel
3093 3057 3350 3123 deceptus
3385 3071 3477 3109 no-

1902 3145 2058 3199 luerit
2085 3146 2423 3216 resipiscere,
2481 3148 2574 3201 sed
2615 3162 2769 3200 suum
2803 3147 3085 3202 defensare
3140 3147 3479 3216 impudenter

1899 3252 2161 3292 errorem.
2223 3238 2457 3292 Decehat
2506 3239 2692 3304 etiam,
2745 3247 2800 3293 et
2851 3239 3166 3307 magnitudo
3196 3239 3478 3294 voluminis

1898 3330 2170 3398 exigebat,
2205 3339 2262 3382 ut
2298 3331 2458 3384 ﬁnem
2488 3331 2758 3400 acciperet
2791 3332 2986 3387 oratio.

1973 3421 2062 3474 60.
2097 3420 2294 3475 Verum
2356 3422 2484 3490 quia
2533 3423 2696 3476 infert
2739 3437 2797 3476 se
2839 3422 3066 3490 quiestio
3129 3422 3386 3476 adversus
3415 3436 3476 3474 ea

1900 3527 2020 3580 quae
2045 3513 2292 3580 superius
2320 3513 2742 3582 disputavimus:
2767 3528 2928 3582 quam
2962 3513 3162 3566 idcirco
3196 3527 3318 3566 tunc
3347 3528 3480 3580 prat-

1900 3601 2252 3667 tertnisitnus,
2285 3617 2350 3656 ne
2384 3611 2583 3656 textum
2609 3602 3307 3670 sermonisirrumperet,et
3340 3602 3479 3654 inter

1899 3695 2039 3760 piam
2107 3694 2547 3762 praedicationem
2607 3694 2773 3762 impia
2827 3694 3098 3746 contentio
3160 3702 3473 3761 poneretur,

1900 3783 2266 3838 necessarium
2299 3795 2428 3852 puto
2457 3785 2522 3836 ad
2563 3784 2898 3853 propositum
2925 3783 3274 3850 respondere,
3307 3791 3361 3835 et
3395 3781 3478 3835 le-

1900 3877 2065 3931 ctoris
2095 3877 2341 3941 arbitrio,
2367 3876 2493 3944 quid
2524 3890 2687 3944 super
2721 3875 2804 3928 his
2823 3872 3044 3937 sentiat,
3073 3872 3472 3939 derelinquere.

1900 3966 2304 4038 Disputantibus
2340 3981 2467 4035 ergo
2495 3981 2678 4035 supra,
2705 3965 2845 4035 quod
2869 3963 3104 4016 animam
3135 3961 3214 4015 vel
3241 3961 3476 4014 menteiu

1900 4062 2136 4119 hominis
2167 4060 2308 4114 nulla
2347 4069 2594 4115 creatura
2621 4057 2773 4127 juxta
2791 4058 3147 4113 substantiam
3179 4054 3347 4125 possit
3376 4055 3477 4106 im-

1899 4156 2064 4226 plere,
2097 4154 2200 4208 nisi
2232 4153 2343 4206 sola
2375 4152 2634 4215 Trinitas,
2671 4151 2796 4221 quia
2855 4149 3226 4205 tantummodo
3270 4159 3471 4199 secun-

1899 4249 2028 4304 dum
2057 4248 2450 4316 operationem,
2488 4254 2544 4299 et
2603 4244 2898 4297 voluntatis
2925 4255 3193 4304 errorem,
3224 4239 3339 4293 sive
3369 4236 3478 4288 vit--

1901 4347 2092 4404 tutem,
2126 4339 2340 4391 animus
2369 4338 2434 4390 de
2465 4336 2548 4390 his
2576 4350 2698 4405 quae
2748 4344 2926 4387 creata
2961 4333 3057 4404 [aL
3099 4328 3326 4398 sociata]
3351 4338 3478 4382 sunt

214 4432 329 4476 tum
360 4421 816 4487 communionem,
842 4423 935 4476 sed
961 4422 1111 4492 juxta
1137 4432 1343 4478 natura:
1375 4426 1795 4494 substantimque
1829 4452 1871 4505 ι)
1901 4431 2193 4502 impletur:
2228 4429 2424 4484 oborta
2465 4435 2548 4482 est
2578 4429 2807 4497 quaestio
2840 4436 3046 4491 nostra,
3076 4424 3228 4493 quasi
3260 4434 3478 4477 senten-

213 4514 860 4580 consortium.Quomodo
889 4515 1031 4569 enim
1060 4530 1284 4585 quorum
1311 4517 1520 4571 diversa
1543 4517 1795 4572 substan-

216 4607 285 4660 tia
323 4615 433 4666 est,
465 4606 735 4660 interdum
771 4607 952 4661 evenit
984 4615 1040 4660 ut
1077 4609 1348 4661 communi
1374 4610 1632 4664 vocabulo
1662 4625 1799 4663 nun-

215 4709 510 4768 cupentur,
534 4708 589 4752 et
614 4699 727 4754 haec
742 4699 993 4754 dicuntur
1012 4696 1277 4769 ὁμώνυμα
1295 4715 1309 4728 ·
1338 4702 1410 4753 ita
1434 4715 1639 4762 eorum,
1659 4715 1794 4768 quo-

217 4805 337 4843 rum
363 4791 555 4844 eadem
588 4800 672 4844 est
703 4801 892 4844 natura
929 4800 1089 4859 atque
1113 4791 1439 4854 substantia,
1469 4804 1589 4844 cum
1619 4790 1794 4843 socie-

216 4893 328 4935 tate
364 4879 639 4946 vocabuli,
669 4893 875 4935 naturae
923 4897 1134 4949 quoque
1181 4880 1459 4950 aequalitas
1491 4881 1793 4949 copulatur,

216 4980 268 5024 et
297 4969 604 5038 disciplima
642 4971 1045 5026 dialecticorum
1086 4981 1172 5026 est
1213 4972 1486 5040 appellare
1514 4974 1628 5025 [nec
1671 4989 1796 5024 συν-

216 5060 440 5134 ώνυμα.
468 5061 674 5119 Idcirco
707 5073 762 5118 et
801 5064 1034 5134 Spiritus
1065 5066 1406 5130 vocabulum,
1465 5076 1519 5120 et
1564 5067 1608 5119 si
1666 5066 1794 5136 quid

289 5221 334 5251 ³⁷
380 5221 398 5273 l
431 5221 557 5275 Cur.
579 5236 675 5286 vtt,
701 5220 790 5274 54.
866 5220 913 5253 ³⁸
943 5221 1040 5275 lsa.
1069 5238 1217 5286 xxtx,
1240 5223 1331 5277 24.

225 5292 269 5322 "
311 5290 446 5357 Sap.
487 5307 527 5353 t,
553 5294 606 5343 t5.
683 5291 730 5321 “
763 5290 801 5343 ll
823 5291 947 5345 Cor.
982 5307 1065 5358 ttt,
1098 5293 1183 5346 17.
1260 5292 1305 5326 ’⁵⁵
1340 5293 1496 5348 Joan.
1525 5293 1714 5357 tv,2.i.

295 5453 409 5525 (54)
439 5451 636 5507 lterum
659 5468 726 5508 ex
755 5455 939 5509 eadem
966 5455 1200 5510 editione
1225 5467 1280 5511 et
1311 5456 1486 5513 Vatic.
1515 5473 1641 5524 ms.,
1675 5475 1796 5515 cum

226 5536 408 5598 antea,
445 5539 612 5598 t__esse
640 5542 658 5574 ι
684 5541 798 5598 pro
829 5543 848 5577 ι
882 5541 1040 5598 nosse
1062 5547 1079 5580 ι
1119 5527 1407 5598 legeretur.

298 5593 412 5663 (⁸55)
457 5593 656 5649 Vitiose
703 5605 755 5648 et
788 5595 965 5649 hiulco
1009 5593 1344 5664 sensu'erat,
1382 5617 1400 5648 ι
1427 5599 1476 5653 lti
1507 5614 1670 5655 vero»
1700 5615 1797 5668 pro

233 5681 252 5712 ι
279 5677 438 5717 vere:
463 5681 483 5714 ι
524 5672 634 5746 tum
688 5680 825 5746 novo
872 5672 1088 5736 mendo,
1117 5687 1133 5722 t
1162 5684 1302 5725 verae
1363 5669 1614 5726 Israelita:
1641 5691 1660 5722 ›
1699 5687 1797 5742 pro

235 5751 256 5784 ι
275 5748 424 5793 vere,
448 5751 468 5785 ι
489 5744 582 5788 aut
605 5755 623 5786 ο
646 5744 776 5791 veri.
800 5755 819 5788 ι

1891 5225 1937 5255 ⁸⁸
1971 5225 2009 5278 ll
2033 5225 2156 5279 Cor.
2192 5239 2270 5287 ιιι,
2295 5222 2347 5276 6.

1795 5293 1841 5326 ⁸⁸
1879 5295 2042 5350 Amos
2066 5310 2135 5358 tv,
2164 5295 2248 5347 12.

1409 5223 1451 5255 ⁸⁹
1478 5223 1580 5278 lsa.
1616 5239 1689 5284 xt,
1727 5225 1812 5278 15.

1903 4525 2028 4578 tiam
2064 4523 2299 4586 solvens,
2334 4521 2478 4591 quod
2511 4529 2694 4574 creata
2725 4520 3055 4583 substantia,
3083 4534 3203 4587 qua:
3248 4518 3299 4570 i-n
3331 4517 3477 4572 Scri-

1901 4614 2078 4685 ptnris
2109 4614 2345 4668 Satanas
2397 4611 2717 4681 appellatur,
2771 4613 3109 4680 ingrediatur
3139 4610 3192 4663 in
3243 4609 3476 4678 aliquos,

1906 4716 1960 4761 et
1995 4721 2091 4762 cor
2119 4705 2480 4774 quorumdam
2532 4701 2756 4770 implere
2814 4701 3043 4755 dicatur.
3079 4699 3210 4754 Nam
3247 4701 3310 4755 ad
3351 4714 3476 4754 eum

1901 4799 1993 4868 qui
2030 4798 2373 4852 medietatem
2408 4794 2563 4864 pretii
2621 4794 2686 4847 de
2737 4806 2866 4861 agro
2907 4791 3125 4845 vendito
3173 4790 3298 4853 sibi,
3336 4790 3476 4843 aliud

1902 4889 2186 4956 proﬁtens,
2212 4893 2542 4947 reservaret,
2579 4900 2606 4937 a
2648 4881 2808 4937 Petro
2855 4883 3100 4952 apostolo
3133 4882 3336 4936 dictum
3363 4893 3473 4934 est:

1907 4997 1925 5029 ι
1962 4980 2170 5034 Anania
2199 5020 2214 5044 ,
2261 4993 2429 5046 quare
2475 4977 2713 5045 implevit
2776 4977 3006 5028 Satanas
3037 4990 3130 5028 cor
3187 4985 3334 5028 tuum
3360 4973 3476 5026 δεῖ»

1903 5069 1969 5123 Ει
1999 5070 2063 5124 de
2083 5067 2230 5125 .Juda
2282 5067 2522 5135 loquitur
2558 5068 2672 5134 ipse
2710 5064 2982 5131 Salvator,
3031 5066 3168 5134 quod
3196 5065 3479 5119 intraverit

2426 5222 2468 5252 “
2510 5222 2739 5290 Philipp.
2777 5237 2857 5287 ιιι,
2895 5222 2951 5276 5.
3023 5223 3069 5253 δ’
3101 5219 3258 5281 Joan.
3283 5237 3356 5286 tv,
3385 5222 3474 5275 fit.

2325 5294 2370 5324 ⁸⁷
2401 5291 2565 5346 Zach.
2599 5309 2696 5356 xu,
2732 5293 2783 5345 1.
2862 5292 2906 5324 ⁵⁸
2936 5293 3058 5346 Act.
3093 5309 3145 5359 ν,
3175 5293 3228 5348 5.

1978 5458 2090 5529 (56)
2134 5459 2374 5512 Entendo
2401 5474 2465 5511 ex
2482 5459 2650 5512 veteri
2672 5457 2928 5523 editione,
2948 5475 2968 5508 t
3001 5457 3230 5529 Sanctus
3248 5461 3439 5512 bonus.
3455 5475 3476 5505 ι

1907 5545 2030 5583 cum
2085 5539 2230 5584 esset
2257 5539 2443 5582 contra
2478 5528 2734 5581 Auctoris
2769 5539 3027 5593 mentem,
3087 5545 3105 5578 t
3127 5528 3359 5597 Spiritus
3383 5530 3478 5578 bo-

1962 5614 2024 5651 IS.
2051 5617 2068 5646 ὶ

1946 5615 2024 5651 us.
2051 5617 2068 5646 ι

1904 5615 1937 5652 n
1975 5668 2088 5733 (57)
2130 5665 2234 5720 Pro
2272 5683 2432 5722 «sum
2479 5667 2721 5731 ﬁrmans,
2785 5666 2994 5722 οὓτως.
3051 5665 3306 5735 στερεῶν,
3361 5674 3477 5718 erat

1909 5757 1928 5790 ι
1963 5739 2296 5795 conﬁrmavi.
2326 5756 2342 5788 ι
2378 5739 2432 5793 ltt
2457 5738 2659 5806 aliquOt
2693 5755 2849 5805 tnss.,
2897 5756 2914 5790 ι
2946 5754 3064 5794 sunt
3094 5743 3352 5792 formans.
3381 5753 3408 5785 »-
