4042 6404
680 293 818 355 (083

1922 305 2160 363 DlDYMl
2198 301 2664 360 ALEXANDRINI

3724 310 3822 366 108i

674 410 730 464 in
760 427 884 466 eum
921 410 1167 467 Satanas.
1195 411 1274 466 Ad
1308 413 1450 482 quod
1481 423 1664 482 postea
1691 417 2120 485 respondendum
2145 427 2246 472 est.
2279 420 2326 476 A
2353 417 2552 472 factum
2591 431 2714 471 esse
2743 422 2799 470 et
2819 411 3020 468 habere
3050 413 3400 484 principium.
3446 411 3594 469 Porro
3629 419 3743 484 quod
3766 421 3823 474 in-

676 500 893 556 lnterim
914 519 1054 558 nunc
1074 504 1411 573 disputemus
1431 506 1544 575 (58)
1561 508 1846 562 adversum
1871 508 1919 563 id
1939 511 2081 580 quod
2105 510 2243 564 scri-

674 601 824 659 ptum
850 604 953 658 est,
998 613 1016 645 ι
1048 609 1215 662 quare
1255 596 1495 665 implevit
1545 596 1774 654 Satanas
1800 615 1897 654 cor
1947 612 2095 655 tuum
2120 601 2237 655 δοῖ»

673 682 944 749 quomodo
964 681 1194 737 Satanas
1215 696 1446 739 mentem
1473 687 1702 756 alicujus
1729 698 1783 743 et
1813 691 2105 759 principale
2129 691 2240 763 (59)

672 772 852 826 cordis
887 774 1121 842 impleat,
1157 791 1262 830 non
1295 777 1598 846 ingrediens
1627 780 1677 831 in
1708 795 1829 834 eum
1854 790 1908 834 et
1945 783 1996 835 in
2020 797 2239 837 sensum

671 862 810 928 ejus,
847 871 1027 930 atque,
1064 875 1123 918 ut
1153 866 1222 918 ita
1253 867 1448 932 dicam,
1480 867 1681 920 aditum
1735 869 1917 923 cordis
1954 872 2238 936 introiens,

671 953 1088 1019 siquidemhacc
1135 967 1373 1023 potestas
1419 958 1585 1012 solius
1651 969 1733 1012 est
1793 961 2104 1029 Trinitatis;
2146 964 2238 1018 sed
2276 1014 2278 1016 .

669 1045 823 1110 quasi
855 1046 1077 1100 callidus
1111 1049 1326 1116 quidam
1362 1061 1415 1103 et
1449 1065 1682 1119 nequam
1719 1067 1782 1105 ac
1827 1052 1986 1106 fallax
2017 1054 2240 1108 fraudu-

670 1136 957 1204 lentusque
991 1139 1264 1206 deceptor,
1295 1139 1345 1191 in
1387 1155 1480 1193 eos
1523 1141 1754 1194 animam
1787 1142 2078 1195 humanam
2122 1159 2237 1196 ma-

666 1224 796 1278 litiae
842 1226 1065 1281 affectus
1117 1229 1298 1291 trahit,
1341 1243 1436 1297 per
1476 1231 1826 1300 cogitationes
1884 1243 1937 1287 et
1967 1234 2235 1288 incentiva

667 1318 944 1383 vitiorum,
978 1320 1172 1388 quibus
1219 1321 1330 1389 ipse
1382 1321 1572 1388 plenus
1611 1333 1712 1376 est.
1762 1323 2000 1392 Denique
2048 1334 2100 1377 et
2124 1325 2237 1392 ipse

666 1408 885 1477 Elymas
923 1425 1109 1478 magus
1144 1410 1281 1464 illius
1311 1411 1533 1479 diaboli,
1569 1412 1722 1480 juxta
1752 1414 2008 1467 malitiam
2043 1415 2234 1482 nequi-

668 1498 906 1567 tiamque
931 1502 1254 1563 subsistens,
1309 1501 1500 1571 plenus
1551 1505 1694 1556 omni
1736 1503 1855 1559 dolo
1909 1512 1964 1558 et
2005 1506 2231 1571 malitia,

665 1589 922 1642 scribitur
949 1609 966 1640 ι
1002 1591 1198 1644 Sataua
1235 1602 1387 1660 patre
1408 1594 1548 1662 ejus,
1572 1613 1589 1644 ι
1628 1595 1766 1648 lianc
1797 1595 1845 1649 ei
1878 1596 2232 1662 voluntatem,

664 1681 818 1746 quasi
854 1697 919 1733 ex
979 1686 1372 1738 consuetudine
1427 1686 1680 1739 vitiorum
1716 1687 1767 1740 in
1813 1697 2061 1740 naturam
2110 1704 2231 1744 vcr-

2350 506 2701 577 corruptibile
2732 506 2826 571 sit,
2849 520 2974 561 esse
2999 513 3054 560 et
3093 513 3239 559 retro
3261 514 3316 560 et
3342 505 3577 574 deinceps
3602 509 3806 576 sempiter

2350 615 2498 654 num.
2533 598 2647 654 Non
2681 613 2832 668 ergo,
2867 605 2924 650 ut
2965 596 3181 665 quidam
3228 605 3438 665 putant,
3497 598 3823 666 participatione

2347 701 2572 752 naturte,
2601 690 2713 743 sive
2747 689 3069 744 substantiae
3100 688 3284 757 implet
3313 688 3600 756 quempiam
3625 690 3824 753 diabolus.

2349 794 2444 838 aut
2473 781 2590 852 ejus
2629 782 2896 836 habitator
2922 779 3170 846 eﬂicitur,
3201 781 3294 835 sed
3342 795 3439 848 per
3470 779 3823 850 fraudulentiam,

2345 884 2399 929 et
2421 872 2816 942 deceptiouem.
2851 880 2904 927 et
2925 871 3206 934 malitiam,
3236 871 3476 924 habitare
3499 870 3546 923 in
3569 885 3625 924 eo
3649 872 3826 925 creditur

2344 981 2504 1036 quem
2528 963 2766 1033 replevit.
2789 963 2897 1018 Hac
2925 974 3103 1017 autem
3132 961 3338 1016 fallacia
3353 961 3510 1015 etiam
3538 960 3825 1031 presbyteros,

2343 1056 2433 1125 qui
2477 1055 2739 1108 adversus
2776 1053 3082 1107 Susannam
3138 1053 3190 1106 in
3223 1050 3586 1106 crudelitatem
3631 1065 3682 1106 se
3703 1061 3828 1105 verte-

2343 1156 2467 1200 rant
2488 1145 2628 1215 (4⁵2),
2663 1143 2908 1207 intravit,
2933 1143 3161 1211 implens
3192 1143 3398 1197 animas
3445 1157 3615 1197 eorum
3646 1143 3829 1196 incendio

2343 1235 2597 1299 libidinis,
2621 1244 2674 1290 et
2696 1249 2816 1290 sera
2847 1233 2982 1288 senii
3016 1235 3304 1302 voluptate.
3335 1233 3592 1302 Scriptum
3621 1232 3828 1286 estenitn:

2348 1345 2367 1378 ι
2396 1327 2674 1381 Venerunt
2706 1335 2885 1380 autem
2923 1335 2978 1380 et
3010 1325 3114 1380 duo
3165 1324 3487 1394 presbyteri,
3541 1323 3664 1392 pleni
3700 1323 3830 1389 iniqua

2341 1419 2666 1488 cogitatione
2687 1418 2752 1471 ⁵¹.
2769 1437 2787 1470 ι
2806 1416 2899 1472 liis
2923 1415 3131 1471 insidiis
3154 1414 3390 1484 implevit
3408 1425 3461 1469 et
3488 1413 3750 1466 universum
3766 1425 3831 1477 po-

2339 1506 2518 1573 pulum
2554 1505 2881 1571 Judteorum,
2937 1505 3145 1559 dicente
3185 1503 3441 1573 propheta
3491 1503 3551 1557 de
3595 1517 3681 1555 eo:
3715 1498 3834 1560 (Vat.

2339 1613 2468 1668 gens
2489 1597 2783 1666 peccatrix,
2814 1597 3040 1666 populus
3068 1595 3257 1664 plenus
3299 1593 3549 1664 peccatis,
3581 1607 3734 1648 semen
3749 1606 3834 1660 pce

2338 1690 2553 1754 simum,
2585 1690 2675 1744 filii
2707 1689 2955 1759 iniqui".
2992 1707 3011 1740 ›
3044 1688 3236 1743 Semen
3261 1688 3454 1756 quippe
3471 1701 3676 1755 nequam
3700 1683 3837 1737 diabo-

665 1779 810 1824 te..tc
839 1771 973 1840 (40).
1021 1773 1269 1841 Argueus
1323 1774 1506 1842 itaque
1555 1791 1676 1829 eum
1717 1775 1989 1844 apostolus
2045 1776 2239 1835 Paulus
2269 1773 2312 1828 Β
2343 1781 2580 1850 lus(4'5),
2621 1792 2673 1836 et
2698 1781 2793 1835 filii
2821 1781 2957 1851 ejus,
2983 1789 3200 1848 propter
3226 1778 3560 1846 iniquitatem
3589 1785 3636 1830 et
3656 1774 3835 1842 plenitu-

663 1873 827 1930 atque
860 1864 1162 1933 corripiens
1195 1867 1270 1918 ait
1303 1882 1315 1918 :
1350 1884 1367 1917 ι
1402 1866 1445 1920 0
1477 1867 1630 1934 plene
1679 1866 1825 1920 omni
1870 1868 2154 1936 iniquitate
2185 1882 2236 1926 et

663 1952 810 2005 Ollllll
849 1954 992 2019 dolo,
1032 1953 1106 2007 {ili
1154 1956 1374 2018 diaboli,
1425 1956 1642 2010 inimice
1689 1957 1915 2026 justilim
1965 1959 2057 2013 Dei
2099 1961 2178 2014 ⁵οὲ
2213 1981 2231 2013 ι

668 2041 805 2105 Quia
844 2043 986 2096 enim
1020 2044 1322 2111 vcrsipellis
1349 2054 1401 2098 et
1430 2045 1674 2112 callidus,
1723 2061 1935 2101 omnem
1975 2048 2026 2100 in
2053 2063 2110 2103 se
2145 2051 2240 2106 do-

662 2131 771 2186 lum
805 2132 1180 2189 fraudulentia:
1235 2145 1567 2205 susceperat,
1620 2126 1916 2207 appellatur
1943 2138 2091 2196 ﬁlius
2118 2142 2235 2195 dia-

664 2223 797 2279 boli.
861 2225 985 2292 quia
1049 2225 1305 2294 implebat
1366 2227 1479 2296 ipse
1530 2243 1689 2282 omne
1739 2229 2034 2298 principale
2096 2231 2238 2287 illius

663 2311 850 2366 fraude
885 2327 937 2368 et
960 2316 1260 2384 iniquitate,
1295 2326 1348 2373 et
1375 2320 1520 2374 omni
1549 2320 1785 2388 malitia;
1809 2323 1859 2376 iu
1895 2332 2101 2377 tantum
2130 2325 2236 2378 illi-

663 2406 814 2458 ciens
841 2421 964 2460 eum
993 2419 1155 2476 atque
1179 2409 1475 2478 decipiens,
1503 2421 1561 2464 ut
1588 2412 1700 2481 ipse
1731 2411 1957 2469 Satanas
1987 2415 2238 2484 implesse

663 2497 900 2550 animam
951 2499 1142 2566 ipsius,
1199 2509 1254 2553 et
1305 2500 1552 2555 habitare
1604 2503 1655 2555 in
1717 2505 1902 2558 eodem
1934 2515 2235 2574 putaretur,

661 2601 821 2655 quem
855 2591 920 2643 ad
955 2606 1143 2645 omnes
1175 2607 1288 2647 suae
1317 2593 1688 2662 perversitatis
1719 2594 1890 2662 dolos,
1932 2597 2233 2653 ministrum

663 2677 762 2732 sibi
801 2696 864 2734 ac
893 2680 1154 2736 famulum
1183 2696 1580 2752 prteparaverat
1615 2687 1748 2759 (Η).

734 2770 822 2824 (il.
864 2772 944 2825 Ad
980 2771 1029 2826 id
1055 2789 1183 2827 vero
1216 2777 1359 2844 quod
1393 2777 1690 2832 secundum
1709 2794 2062 2848 posueramus
2085 2779 2237 2852 [ναι.

664 2864 1485 2936 preposueramus]exemplum,
1507 2871 1633 2937 quia
1656 2870 1707 2925 in
1741 2870 1931 2926 .ludam
1965 2873 2238 2929 introisset

663 2948 918 3015 Satanas,
944 2954 1042 3006 hoc
1065 2955 1350 3009 dicendum
1375 2967 1476 3011 est.
1508 2958 1816 3015 Observans
1843 2963 2088 3018 diabolus
2116 2966 2237 3033 qui-

662 3040 889 3095 busdam
921 3047 1155 3100 motibus
1182 3057 1236 3100 et
1267 3050 1641 3117 operationum
1675 3051 1865 3120 signis,
1907 3056 1971 3108 ad
1996 3070 2116 3124 quae
2144 3073 2232 3125 po-

665 3131 932 3187 tissimum
963 3135 1115 3190 Juda:
1142 3153 1236 3191 cor
1265 3152 1411 3194 esset
1433 3143 1561 3195 vitia
1590 3143 1904 3212 proclivius,
1937 3147 2236 3215 deprehen-

663 3219 741 3275 dit
765 3236 888 3277 eum
922 3234 1106 3293 patere
1138 3227 1349 3282 insidiis
1381 3231 1622 3284 avaritiae
1643 3271 1658 3294 ,
1709 3240 1764 3286 et
1786 3246 1998 3302 reperta
2023 3239 2234 3308 cupidi-

664 3313 992 3381 tatisjauua,
1021 3319 1170 3372 misit
1204 3320 1256 3373 in
1300 3331 1534 3376 mentem
1562 3322 1681 3390 ejus
1725 3328 1994 3394 quomodo
2029 3330 2237 3386 deside-

664 3414 837 3458 ratam
867 3410 1146 3477 pecuniam
1183 3413 1473 3482 acciperet,
1507 3425 1560 3470 et
1592 3433 1687 3486 per
1716 3421 2056 3476 occasionem
2078 3421 2234 3490 lucri,

662 3493 910 3562 proditor
946 3500 1190 3567 magiStri
1221 3511 1275 3554 et
1295 3502 1594 3560 Salvatoris
1619 3507 1699 3560 sui
1717 3509 2024 3574 exsisteret,
2047 3527 2234 3580 argen-

663 3591 778 3636 tum
819 3600 916 3654 pro
958 3588 1156 3656 pietate
1188 3602 1551 3659 commutatis,
1581 3605 1634 3651 et
1676 3599 1978 3669 suscipiens
2005 3603 2234 3670 pretium

664 3677 887 3730 sceleris
913 3694 942 3732 a
976 3679 1264 3738 Pharisaeis
1295 3693 1458 3752 atque
1481 3685 1703 3744 Judteis.
1740 3689 1863 3745 Haec
1889 3707 2018 3762 ergo
2035 3694 2237 3764 cegila-

664 3768 828 3821 tionis
845 3771 1074 3852 ‘occasio
1101 3773 1276 3827 locum
1310 3777 1495 3831 tribuit
1531 3778 1777 3844 Satanae,
1811 3792 1870 3836 ut
1903 3783 1957 3836 in
1999 3799 2094 3837 cor
2119 3783 2236 3853 ejus

665 3858 954 3928 intruiens,
977 3863 1222 3933 impleret
1243 3883 1363 3922 cum
1397 3871 1632 3938 pessima
1662 3875 1958 3930 voluntate.
1991 3875 2237 3932 Introivit

666 3967 796 4021 ergo
835 3969 938 4008 non
1009 3961 1729 4031 secuntlutu.substanliam,
1783 3969 1876 4022 sed
1943 3970 2235 4025 secundum

664 4046 1030 4109 operationem
1054 4087 1072 4113 ,
1117 4052 1242 4119 quia
1274 4052 1520 4111 introire
1573 4055 1623 4108 iu
1678 4056 1948 4126 aliquem,
1982 4059 2238 4115 increatte

665 4145 874 4190 natura:
896 4147 979 4192 est
1004 4138 1142 4207 ejus,
1170 4157 1291 4211 quae
1314 4144 1715 4212 participetura
1744 4147 2003 4216 pluribus.
2034 4149 2238 4218 Impar—

663 4224 960 4293 ticipabilis
992 4242 1120 4299 ergo
1155 4231 1400 4287 diabolus
1437 4243 1539 4296 est,
1573 4250 1676 4288 non
1711 4245 1947 4302 creator,
1975 4239 2068 4292 sed
2086 4253 2236 4293 crea-

667 4323 785 4367 tura
827 4316 1145 4373 subsistens.
1175 4320 1324 4376 Uude
1347 4331 1400 4377 et
1423 4325 1790 4381 convertibilis
1812 4337 1975 4397 atque
2006 4329 2237 4384 mutabi-

2337 1872 2539 1937 dinem,
2574 1873 2701 1926 dicti
2731 1880 2858 1926 sunt
2909 1879 3239 1940 peccatores.
3297 1868 3354 1924 Si
3402 1879 3575 1922 autem
3603 1867 3755 1920 abhis
3774 1862 3838 1932 qui

2337 1965 2452 2032 ejus
2487 1967 2538 2019 in
2574 1964 2872 2034 Scripturis
2895 1962 2986 2016 filii
3014 1963 3380 2027 nominantur,
3415 1961 3561 2028 juxta
3591 1957 3839 2013 substantia:

2337 2055 2803 2124 participationem
2833 2069 2939 2107 non
2983 2053 3195 2120 capitur
3219 2050 3316 2122 [αι.
3368 2044 3758 2119 nuncupantur],
3786 2043 3837 2096 si-

2339 2144 2559 2214 quidem
2589 2143 2923 2212 impossibile
2953 2144 3053 2197 hoc
3079 2155 3197 2196 esse
3231 2142 3284 2196 in
3317 2141 3580 2196 creaturis
3597 2139 3839 2205 frequenter

2337 2249 2613 2292 ostensum
2651 2245 2755 2301 est,
2796 2250 2969 2304 neque
3015 2234 3154 2288 alius
3204 2233 3326 2303 quis
3359 2243 3536 2303 potest
3558 2245 3668 2286 eum
3695 2239 3839 2295 capere

2338 2329 2747 2398 participatione
2780 2328 3114 2391 substantiae,
3156 2326 3252 2381 sed
3302 2325 3658 2380 tantummodo
3682 2335 3840 2375 assum-

2338 2420 2521 2489 ptione
2579 2419 3091 2474 fraudulentissimze
3167 2420 3477 2474 Voluntatis.
3528 2417 3839 2486 Operationem

2338 2513 2534 2582 quippe
2569 2520 2622 2564 et
2652 2511 2827 2564 studia
2860 2526 2965 2564 non
3001 2511 3171 2566 solum
3238 2510 3502 2564 bonorum
3536 2522 3752 2578 operum,
3774 2500 3840 2556 sed

2337 2600 2501 2654 etiam
2539 2599 2796 2652 malorum
2838 2599 2893 2652 in
2917 2599 3181 2653 creaturis
3210 2599 3485 2663 diximus;
3513 2605 3734 2651 naturam
3753 2603 3841 2644 vero

2340 2701 2503 2759 atque
2533 2690 2888 2745 substantiam
2934 2689 3101 2745 solius
3153 2691 3205 2745 in
3250 2689 3384 2744 alios
3445 2703 3600 2759 posse
3621 2681 3844 2739 Trinitatis

2339 2782 2540 2836 intrare
2571 2781 2707 2851 (44).

2407 2882 2495 2935 6‘2.
2537 2880 2781 2946 Abunde,
2847 2889 2907 2935 ut
2951 2893 3094 2942 reor,
3154 2892 3438 2933 occursum
3497 2885 3578 2932 est
3620 2868 3848 2944 proposita:

2337 2973 2646 3042 quaestioni.
2679 2972 2812 3037 Quia
2851 2986 2982 3027 vero
3032 2971 3266 3039 ineptum
3321 2977 3376 3024 et
3411 2968 3628 3024 stultum
3661 2964 3844 3017 videtur.

2264 3101 2305 3158 Ο
2340 3070 2600 3120 adversus
2655 3064 2798 3117 fatua
2847 3063 3196 3133 respondere,
3232 3071 3285 3116 et
3339 3063 3384 3117 si
3415 3061 3543 3132 quid
3589 3059 3639 3112 in
3673 3057 3846 3158 buccam

2340 3157 2508 3215 ruerit
2533 3154 2629 3228 [αἱ.
2657 3153 2837 3227 irruit]
2888 3155 3196 3224 impiorum,
3255 3153 3357 3208 hoc
3410 3151 3546 3206 velle
3573 3145 3844 3203 dissolvere;

2335 3263 2441 3302 non
2475 3247 2616 3300 enim
2654 3256 2860 3300 tantum
2910 3245 3162 3316 impietas
3229 3253 3335 3307 est,
3395 3241 3653 3299 scelerata
3705 3248 3852 3306 propo-

2334 3354 2483 3404 ηενρ,
2514 3348 2774 3409 quantum
2805 3346 2860 3393 et
2888 3338 2954 3392 de
2989 3336 3270 3392 sceleratis
3309 3350 3436 3391 cum
3473 3334 3738 3389 resistente
3771 3323 3850 3376 vel-

2333 3431 2384 3487 le
2416 3430 2528 3500 (45)
2578 3439 2852 3496 traCtare;
2887 3429 3087 3484 idcirco
3125 3427 3254 3482 illud
3309 3427 3457 3497 quod
3482 3425 3645 3481 solent
3671 3421 3850 3490 jactare,

2335 3532 2598 3590 praetereo
2628 3520 2886 3590 sacrilega
2914 3521 3174 3574 adversus
3197 3533 3291 3573 nos
3307 3518 3538 3574 audacia
3567 3511 3847 3585 proclaman-

2337 3612 2526 3668 tcs:Si
2551 3612 2786 3682 Spiritus
2833 3621 3051 3666 sanctus
3113 3618 3326 3665 creatus
3351 3623 3461 3664 non
3483 3615 3585 3668 est,
3619 3598 3848 3695 antire”?

2337 3714 2422 3759 est
2454 3706 2544 3758 Dei
2565 3705 2762 3769 Patris,
2790 3712 2881 3757 aut
2899 3712 3122 3772 patruus
3143 3710 3227 3757 est
3247 3699 3515 3769 uuigeniti
3538 3695 3658 3752 Jesu
3675 3689 3848 3747 Christi.

2335 3806 2428 3850 aut
2458 3796 2599 3851 filius
2652 3794 2854 3851 Christi
2897 3803 3001 3858 est,
3026 3803 3122 3848 aut
3147 3807 3314 3862 nepos
3335 3801 3421 3848 est
3460 3791 3556 3847 Dei
3581 3784 3758 3846 Patris,
3786 3785 3850 3832 aut

2337 3884 2448 3956 ipse
2469 3885 2638 3940 Filius
2657 3884 2750 3940 Dei
2768 3892 2929 3949 est,et
2940 3882 3051 3951 jam
3074 3897 3179 3937 non
3200 3881 3303 3937 erit
3325 3881 3634 3952 unigenitus
3652 3870 3852 3970 Doro-inus

2335 3976 2492 4032 .Iesus
2521 3963 2793 4041 Christus,
2817 3990 2942 4029 eum
2972 3975 3200 4030 alterum
3230 3972 3457 4027 fratrem
3499 3969 3702 4026 habeat.
3719 3960 3851 4061 Miseri

2335 4077 2500 4137 atque
2534 4065 2890 4129 miserabiles,
2927 4080 3030 4120 non
3061 4064 3355 4120 sentientes
3388 4063 3458 4118 de
3503 4055 3852 4152 incorporeiset

2337 4158 2716 4222 invisibilibus,
2739 4157 2892 4226 juxta
2922 4155 3282 4224 corporalium
3317 4163 3373 4209 et
3401 4151 3684 4208 visibiliqu
3711 4143 3848 4208 dispu-

2339 4251 2439 4304 tari
2467 4264 2572 4304 non
2608 4249 2773 4304 licere
2807 4256 3076 4300 naturam.
3107 4244 3349 4299 Fratrem
3379 4257 3504 4299 esse
3531 4239 3612 4295 vel
3630 4243 3846 4328 patruum.

2339 4347 2588 4406 nepotem
2622 4337 2704 4390 vel
2734 4334 2926 4399 filium,
2956 4349 3241 4404 corporum
3279 4333 3500 4386 nomina
3534 4337 3671 4392 sunt,
3708 4331 3753 4377 et
3778 4332 3850 4370 Im-

665 4406 756 4473 lis,
792 4423 822 4462 e
842 4413 1128 4464 sanctitate
1153 4411 1532 4484 decitlitatque
1555 4418 1774 4474 virtute.
1810 4408 2053 4478 Diximus
2073 4437 2233 4490 supra
2267 4437 2310 4493 ι)
2342 4428 2644 4482 becillitatis
2675 4428 2920 4480 humanas
2972 4424 3252 4480 vocabula.
3299 4423 3544 4478 Trinitas
3573 4435 3689 4476 vero
3713 4421 3852 4469 omnes

669 4501 960 4570 μετοχικόν
991 4501 1126 4574 [erat
1155 4506 1502 4578 μετοχικῶς],
1535 4509 1585 4562 id
1623 4521 1724 4573 est,
1775 4514 1913 4580 quod
1948 4515 2236 4584 participa-

668 4591 812 4645 tione
842 4595 1105 4663 capiatur,
1136 4611 1256 4651 esse
1289 4599 1696 4668 incorruptibile
1721 4612 1774 4656 ct
1801 4603 2155 4670 immutabile,
2181 4615 2237 4660 et

668 4694 1065 4754 consequenter
1097 4698 1380 4743 aeternum.
1416 4691 1566 4757 Quod
1595 4703 1774 4747 autem
1807 4696 2006 4749 mutari
2033 4705 2233 4766 potest,

2343 4517 2446 4571 has
2471 4516 2907 4586 prtetergreditur
2930 4514 3371 4582 nuncupationes.
3406 4513 3474 4568 Et
3494 4509 3851 4582 quotiescunque

2344 4609 2397 4662 in
2425 4608 2600 4677 aliqua
2626 4608 2690 4661 de
2722 4606 2806 4661 his
2834 4606 2976 4660 cadit
3003 4621 3018 4670 ',
3046 4606 3354 4660 nominibus
3393 4605 3615 4665 nostris,
3636 4609 3686 4654 ct
3715 4599 3851 4650 incon-

2344 4698 2491 4769 gruis
2507 4696 2782 4753 vocabulis
2804 4712 2908 4750 non
2931 4711 3084 4751 suam
3103 4695 3485 4765 naturam~(-l6)
3506 4693 3736 4762 loquitur.
3753 4682 3849 4737 Cum

739 4793 785 4825 ⁸⁸
825 4794 981 4850 Joan.
1031 4813 1151 4866 xm,
1194 4799 1284 4855 27.
1359 4802 1530 4858 “Act.
1561 4805 1789 4871 xm,l0.
1867 4807 1908 4838 "
1946 4807 2082 4861 Dan.
2139 4824 2256 4873 xm,
2315 4810 2406 4866 28.
2481 4811 2528 4841 ³⁸
2559 4809 2659 4865 lsa.
2707 4823 2745 4872 l.
2783 4807 2848 4865 Al-

738 4886 851 4958 (58)
893 4889 1209 4959 lmperfecto
1234 4909 1391 4949 sensu
1424 4907 1540 4952 erat
1567 4914 1580 4949 :
1619 4915 1637 4947 ι
1673 4898 1890 4953 Interim
1921 4914 2064 4954 nunc
2097 4901 2160 4953 ad
2187 4902 2239 4955 id

667 4960 810 5037 quod
842 4964 1102 5037 scriptum
1127 4963 1528 5020 esui-Verbum
1572 4985 1589 5018 t
1615 4967 1952 5037 diaputemus
1981 4989 1998 5019 ι
2030 4986 2094 5024 ex
2133 4970 2240 5025 Re-

668 5028 806 5093 gina:
834 5044 935 5082 ms.
957 5028 1197 5087 alterum
1228 5051 1246 5084 ι
1269 5038 1577 5100 adversum,
1605 5055 1622 5088 ι
1653 5028 1716 5093 ex
1748 5039 1863 5108 ipso
1895 5049 1945 5093 et
1976 5037 2240 5094 Vaticano

667 5111 984 5163 expressum
1011 5111 1111 5157 est.

743 5166 855 5244 (59)
895 5168 1082 5226 Graece
1122 5173 1476 5244 ἡγεμονικόν.
1517 5173 1649 5232 Vide
1681 5177 1734 5232 in
1759 5179 2164 5233 commentariis
2187 5181 2241 5234 in

667 5234 1002 5292 Matth-(eum.

741 5307 854 5390 (40)
896 5309 1134 5390 yatic.,¢
1165 5313 1316 5384 quasi
1370 5328 1437 5369 ex
1501 5316 1893 5372 consuetudine
1940 5319 2233 5373 secundam

664 5389 802 5445 pene
836 5389 1110 5444 tnjtciente
1138 5394 1408 5437 naturam.
1440 5403 1458 5436 ι

871 5448 1066 5526 lucum
1080 5453 1385 5526 ministrum
1403 5455 1503 5526 sibi
1523 5470 1585 5509 ac
1600 5454 1763 5510 lilium
1780 5469 2196 5526 praeparaverat.
2212 5477 2229 5508 ι

732 5516 878 5592 ’(42)
897 5517 1061 5592 Victus
1083 5523 1236 5584 edit.,
1255 5541 1273 5572 ι
1297 5526 1384 5592 qui
1405 5525 1661 5579 adversus
1681 5516 1981 5581 Susannam
1999 5542 2239 5582 amorem

671 5583 724 5637 in
750 5583 1121 5665 crudelitatem
1139 5583 1460 5665 verterant.»
1487 5593 1680 5663 Vatic.,
1708 5598 1830 5665 «qui
1861 5599 2118 5652 adversus
2133 5597 2237 5652 Su-

674 5669 898 5733 sannam
923 5659 1238 5733 saeviebant,
1276 5663 1330 5718 in
1368 5659 2019 5733 crudelitatem-verterat,
2053 5677 2110 5724 et
2133 5669 2235 5722 im-

683 5724 846 5793 plevit
881 5728 1108 5795 animas,
1144 5751 1161 5784 ι
1184 5741 1288 5788 etc.

2409 4903 2522 4971 (43)
2562 4901 2694 4956 Cod.
2722 4899 2961 4968 Regina},
3011 4917 3029 4950 ‹
3054 4899 3144 4953 ﬁlii
3191 4899 3409 4954 diaboli.
3438 4917 3457 4949 ι
3483 4898 3548 4951 Et
3586 4909 3696 4949 mox
3720 4889 3848 4971 Vatis;

2345 4992 2363 5024 ι
2393 4967 2521 5026 dicti
2549 4980 2672 5024 sunt
2713 4967 3079 5038 peccatorum,
3107 4987 3123 5020 ι
3155 4971 3324 5040 probo
3351 4980 3583 5036 uterque
3602 4967 3849 5023 seusu,nls|

2335 5043 2497 5097 etiam
2519 5042 2746 5094 meliori.

2406 5110 2518 5181 (44)
2558 5108 2880 5178 Expressius
2925 5108 3063 5181 Reg.
3090 5124 3216 5172 ms.,
3251 5126 3294 5181 rt
3325 5109 3419 5181 sed
3445 5108 3609 5181 etiam
3642 5099 3846 5181 malortutt

2335 5177 2726 5249 participabilia
2762 5194 2880 5256 esse
2932 5177 3291 5256 iuicreaturis
3352 5178 3624 5256 diximus,
3656 5177 3848 5256 natura?!

2339 5237 2466 5303 vero
2534 5237 2696 5316 atque
2749 5249 3107 5303 substantiam
3157 5249 3322 5304 solius
3371 5237 3729 5301 Trinitatisiu
3752 5237 3849 5289 alios

2339 5335 2497 5393 posse
2522 5328 2747 5393 1u_tt'are_.
2797 5336 2814 5367 ι
3008 5389 3018 5393 _
3419 5387 3431 5393 _
3659 5381 3669 5393 .

2407 5391 2518 5457 (45)
2563 5389 2689 5441 Erat
2719 5389 3054 5442 incommodo
3079 5401 3263 5451 sensu,
3310 5406 3328 5438 r
3353 5387 3546 5469 saltem
3575 5383 3848 5469 resistetljfg‘

2335 5455 2524 5520 velle,»
2550 5469 2654 5511 etc.
2681 5474 2696 5521 ;
2723 5470 2831 5509 tmn
2852 5469 2999 5528 certo
3015 5473 3221 5521 errore,
3243 5477 3260 5508 ‹
3283 5461 3426 5528 quod
3455 5457 3625 5528 solelll
3651 5455 3848 5528 ίτπιῖῗῗῖ

2337 5505 2696 5598 pssies)“:
2727 5505 2830 5598 ita;
2857 5505 3144 5593 1355s....
3173 5505 3221 5579 ι’
3247 5505 3340 5581 alit
3362 5545 3381 5577 ι
3401 5526 3670 5593 jactitare,
3698 5535 3714 5568 ι
3745 5505 3846 5582 quad

2341 5599 2538 5670 liabth
2561 5597 2956 5670 emendatiores
2983 5599 3125 5650 libri.
3650 5659 3661 5670 .

2410 5665 2520 5735 (46)
2565 5667 2698 5718 Male
2721 5667 3020 5731 obtinebat,
3061 5684 3080 5717 ‹
3108 5684 3210 5722 non
3245 5682 3338 5721 sua
3367 5674 3580 5730 natura,
3609 5680 3626 5714 ι
3649 5659 3694 5712 iu
3719 5658 3847 5708 recto.

2342 5737 2607 5792 Emend-at
2634 5735 2803 5791 Yatic.
2841 5748 2896 5792 et
2926 5748 3077 5792 vetus
3115 5738 3300 5792 editio.
