4042 6404
295 264 442 320 1085

1531 275 1814 334 CONTRA
1853 281 2296 347 MANICHA'IOS.

3405 304 3544 361 1086

294 387 464 490 igitur
491 393 676 490 sancta
735 385 1009 490 Scriptura
1064 389 1309 490 ampliiis
1347 392 1414 449 de
1449 393 1716 453 Trinitate
1753 417 1856 454 non
1896 409 1939 464 A
1976 423 2084 460 ram
2119 411 2445 478 hominibus,
2515 416 2800 487 negabitur
2838 419 3025 490 adeo
3053 434 3233 476 coram
3270 420 3452 490 Patre,
3487 433 3544 486 et

293 477 461 542 dicat,
488 477 591 532 nisi
627 478 788 532 Deum
817 477 1029 532 Patrem
1059 494 1179 534 esse
1219 481 1544 552 Salvatoris,
1585 499 1636 542 et
1669 490 1865 545 Filium

292 581 614 636 generatum
648 582 767 625 esse
798 586 826 624 a
860 570 1042 638 Patre,
1085 573 1188 628 hoc
1222 583 1594 634 tantummodo
1612 582 1868 640 debemus

291 660 497 715 sentire
525 662 666 731 quod
693 663 954 732 scriptum
987 673 1088 720 est.
1127 666 1193 719 Et
1223 677 1439 722 ostenso
1465 673 1605 739 quod
1636 672 1866 743 Spiritus

289 763 516 808 sanctus
549 755 818 809 increatus
851 756 942 818 sit,
971 757 1698 829 consequenterintelligere,
1724 767 1864 832 quod

287 841 452 910 cujus
484 858 588 898 non
617 855 700 898 est
735 855 914 900 creata
936 847 1260 912 substantia,
1286 857 1431 901 recte
1459 846 1604 902 Patri
1624 849 1866 922 Filioque

285 937 552 992 societur.

364 1026 455 1080 65.
496 1025 790 1094 ΗωοῙυχιο
821 1027 1018 1096 eloquii
1051 1029 1220 1083 nostri
1249 1041 1616 1098 paupertatem
1661 1031 1714 1086 in
1734 1049 1865 1100 pra:-

284 1118 430 1172 senti
482 1118 623 1172 dicta
675 1116 974 1184 sufﬁciant,
1044 1119 1292 1174 timorem
1354 1138 1556 1187 meum,
1619 1125 1758 1189 quod
1797 1126 1863 1178 de

285 1207 494 1274 Spiritu
526 1215 719 1260 sancto
750 1206 892 1274 loqui
922 1219 1081 1260 ausus
1110 1207 1231 1271 sim,
1263 1207 1550 1262 indicantia
1578 1209 1711 1278 (47).
1740 1208 1864 1275 Qui-

283 1314 502 1366 cunque
528 1299 667 1352 enitn
696 1299 746 1351 in
782 1313 903 1351 eum
951 1297 1432 1366 blaspltemaverit,
1464 1316 1567 1354 non
1598 1301 1769 1354 solum
1802 1301 1857 1354 in

285 1392 393 1444 hoc
424 1392 637 1454 saeculo,
661 1405 843 1443 verum
875 1390 1037 1443 etiam
1075 1390 1128 1443 in
1173 1389 1356 1445 futuro
1402 1407 1505 1446 non
1563 1393 1862 1445 dimittetur

285 1485 336 1537 ei
371 1482 438 1546 ⁵³,
474 1497 570 1536 nec.
596 1482 702 1536 ulla
733 1482 1102 1536 misericordia
1131 1493 1184 1535 et
1216 1484 1370 1535 venia
1404 1484 1858 1538 reservabiturilli

283 1574 380 1642 qui
406 1573 799 1627 conculcaverit
839 1573 1032 1627 Filium
1078 1573 1192 1636 Dei,
1237 1581 1291 1625 et
1335 1574 1580 1642 injuriatn
1612 1574 1705 1645 [aL
1730 1592 1862 1630 con-

283 1662 590 1735 tumeliam]
622 1662 806 1717 fecerit
833 1663 1052 1730 Spiritui
1077 1664 1261 1733 gratize
1289 1664 1426 1731 ejus,
1455 1666 1506 1717 in
1532 1681 1635 1732 quo
1661 1666 1859 1720 sancti-

282 1757 481 1809 ﬁcatus
510 1765 594 1809 est
621 1756 684 1808 “.
732 1755 882 1821 Quod
925 1756 1138 1824 quidem
1171 1763 1224 1809 et
1255 1755 1306 1808 in
1348 1756 1455 1809 Deo
1488 1755 1646 1809 Patre
1665 1764 1749 1811 est
1773 1757 1856 1809 in-

284 1848 658 1917 telligendum.
707 1847 837 1900 Nam
894 1847 983 1915 qui
1045 1846 1493 1914 blasphemaverit
1543 1848 1593 1900 in
1627 1863 1770 1913 eum,
1799 1858 1854 1902 et.

282 1940 453 2009 impie
487 1939 680 2009 egerit,
736 1940 854 1992 sine
911 1939 1065 1993 venia
1118 1939 1444 1993 cruciabitur
1469 1977 1484 2000 ,
1511 1939 1652 1992 nullo
1674 1954 1770 2008 pro
1796 1955 1862 1993 eo

282 2032 574 2085 Dominum
606 2032 926 2098 deprecante
950 2028 1085 2101 (48),
1116 2030 1255 2084 sicut
1279 2030 1537 2097 scriptum
1568 2036 1670 2093 est,
1711 2049 1727 2080 ι
1759 2029 1860 2094 Qui

279 2134 470 2176 autem
501 2123 555 2176 in
595 2123 874 2176 Dominum
921 2121 1087 2175 Deum
1143 2122 1483 2190 peccaverit,
1537 2122 1656 2190 quis
1683 2121 1862 2176 orabit

282 2230 388 2284 pro
431 2229 497 2268 eo
535 2214 620 2266 ἐἳ
659 2233 676 2266 ι
708 2213 925 2268 Necnon
971 2221 1024 2268 et
1054 2214 1144 2281 qui
1185 2213 1378 2267 Filium
1422 2213 1698 2283 negaverit
1753 2228 1849 2268 co-

351 2353 399 2386 ⁵³
441 2351 630 2407 Matth.
672 2368 768 2418 xu,
795 2352 888 2409 32.
959 2349 1365 2416 “Hebr.x,29.

355 2490 472 2560 (i7)
518 2492 731 2560 Reginae
777 2493 912 2546 liber
967 2503 1018 2547 et
1079 2495 1278 2560 Yatic.,
1313 2495 1610 2548 «timorem
1647 2503 1850 2549 tantum

281 2579 468 2644 meum
488 2562 539 2642 in
571 2578 656 2627 eo,
679 2563 818 2631 quod
843 2565 907 2618 de
933 2562 1134 2634 Spiritu
1165 2575 1352 2620 sancto
1375 2567 1517 2636 loqui
1545 2582 1704 2620 ausus
1724 2566 1850 2628 sim,

277 2636 538 2687 iudicavi.
584 2651 602 2683 ι

357 2701 473 2772 (48)
515 2702 656 2755 Idem
691 2703 818 2774 Reg.
845 2719 974 2773 ms.,
1012 2723 1030 2758 ι
1067 2704 1210 2759 nullo
1240 2705 1399 2760 modo
1419 2722 1596 2775 proco
1627 2707 1851 2762 Domino

279 2775 628 2840 deprecante.
643 2790 662 2824 ι

308 2923 573 2934 ...ι-ι.-

1441 2352 1486 2384 ιο
1523 2353 1541 2405 ι
1572 2353 1695 2424 neg.
1728 2366 1790 2417 ιι,
1818 2352 1908 2408 25.

1975 501 2180 569 angelis
2215 503 2331 571 ejus
2363 504 2428 559 “.
2458 505 2596 577 Ergo
2626 509 2747 578 quia
2784 511 2925 565 nulla
2966 513 3117 567 venia
3147 513 3198 567 in
3223 512 3540 570 Trinitatem

1978 594 2297 647 conceditur
2334 595 2852 665 blaspltetnantibtts,
2874 605 3018 658 omni
3062 605 3238 659 studio
3258 597 3538 661 et'cautela

1971 692 2053 736 est
2069 685 2472 752 providendum,
2496 698 2549 741 ιιι
2574 705 2639 744 ne
2657 692 2708 744 in
2740 692 2886 747 brevi
2903 695 3116 762 quidem
3138 712 3408 765 parvoque
3426 713 3541 751 ser-

1976 789 2132 828 mone
2166 777 2232 828 de
2282 792 2342 830 ea
2400 778 2758 849 disputantes,
2802 783 3062 839 labamnr.
3121 787 3258 852 Quin
3290 789 3465 857 potius
3494 789 3538 842 si

1976 867 2096 934 quis
2132 870 2234 924 hoc
2280 870 2528 926 volumen
2587 875 2764 943 legere
2814 877 3060 945 voluerit,
3111 894 3443 948 qumsumus,
3483 891 3540 934 ut

1972 961 2190 1014 inundet
2223 975 2280 1016 se
2313 963 2379 1014 ab
2407 965 2550 1016 omni
2582 980 2747 1033 opere
2804 968 2942 1022 malo
2963 1007 2979 1032 ,
3017 978 3068 1023 et
3125 973 3537 1039 cogitationibus

1972 1053 2256 1118 pessimis:
2283 1067 2389 1121 quo
2422 1056 2589 1122 possit
2622 1056 2923 1111 illtnninato
2953 1062 3118 1117 corde
3140 1077 3202 1114 ea
3244 1063 3538 1133 intelligere

1972 1156 2091 1208 quae
2123 1142 2398 1206 dicuntur,
2435 1153 2488 1196 et
2517 1144 2708 1213 plenus
2735 1147 3023 1203 sanctitate
3064 1159 3223 1219 atque
3245 1152 3532 1220 sapientia,

1969 1233 2247 1300 ignoscere
2274 1236 2450 1297 nobis,
2478 1236 2648 1289 sicubi
2690 1238 3019 1294 voluntatem
3046 1251 3282 1295 nostram
3310 1258 3412 1296 non
3431 1245 3533 1297 im-

1967 1326 2129 1392 plevit
2161 1325 2400 1391 clTectus,
2438 1338 2489 1380 et
2517 1333 2887 1384 tantummodo
2911 1334 3333 1402 consideretqua
3355 1347 3533 1388 mente

1965 1417 2092 1486 quid
2122 1419 2321 1472 dicttnn
2357 1419 2445 1481 sit,
2478 1435 2580 1472 non
2605 1423 2798 1487 quibus
2827 1439 3140 1491 expressum
3169 1427 3529 1481 sermonibus.

1968 1509 2119 1563 Sicut
2150 1511 2290 1563 enim
2351 1513 2568 1579 pietatis
2607 1527 2821 1566 sensum
2868 1517 3024 1569 nobis
3076 1517 3352 1571 audaciter
3377 1519 3530 1587 juxta

1967 1611 2206 1655 nostram
2242 1604 2626 1657 conscientiam
2678 1605 3030 1672 vindicamus,
3067 1608 3134 1661 ita
3175 1619 3432 1676 quantum
3463 1612 3530 1665 de

1963 1708 2026 1747 eo
2052 1692 2192 1762 loqui
2221 1694 2471 1760 pertinet,
2495 1705 2828 1748 Venustatcni
2849 1698 3176 1752 rhetoricam
3199 1699 3532 1753 facundiam-

1887 1764 1930 1820 Β
1959 1783 2256 1853 que,juxla
2282 1784 2722 1852 conset'ptcntiant
2751 1785 2862 1854 (49)
2898 1797 3209 1856 textumque
3237 1791 3526 1857 sermonis,

1953 1874 2137 1942 procul
2173 1875 2362 1928 abesse
2395 1874 2712 1944 simpliciter
2745 1877 3086 1931 conﬁtemur.
3137 1880 3308 1933 Studii
3333 1882 3528 1951 quippe

1955 1963 2124 2017 nostri
2156 1963 2277 2028 fuit,
2305 1964 2370 2017 de
2421 1963 2723 2033 Scripturis
2765 1966 2969 2018 sanctis
2999 1967 3406 2034 disserentibus,
3443 1974 3528 2039 pie

1955 2055 2252 2124 intelligere
2284 2070 2404 2124 qua:
2438 2057 2640 2124 scripta
2686 2067 2832 2123 sunt,
2869 2068 2921 2111 et
2963 2059 3286 2128 imperitiam
3315 2079 3526 2119 mensu-

1957 2161 2180 2216 ramque
2211 2146 2376 2199 nostri
2414 2161 2518 2200 non
2555 2147 2806 2216 ignorare
2844 2152 3132 2206 sermonis.

1980 2353 2028 2384 “
2067 2351 2257 2406 Matth.
2287 2366 2342 2415 Χ,
2373 2350 2462 2404 55.

2033 2495 2142 2564 (49)
2187 2496 2390 2549 lntrusa
2422 2494 2510 2548 liic
2549 2506 2829 2563 perperam
2882 2512 2900 2544 ι
2933 2508 3027 2564 nos
3050 2511 3072 2546 ι
3098 2496 3304 2559 vocula,
3333 2511 3522 2553 sensus

1962 2561 2263 2620 laborabat.
2307 2561 2562 2633 Expunxi’
2582 2578 2682 2632 ope
2711 2565 2912 2618 codicis
2939 2561 3174 2632 Reginae,
3217 2568 3307 2634 qui
3336 2569 3519 2621 itideut

1960 2648 2227 2703 expuncta
2265 2651 2392 2688 voce
2428 2655 2445 2686 ι
2469 2635 2642 2708 juxta,
2668 2651 2688 2683 ι
2749 2635 2859 2688 fere
2888 2635 3218 2703 concitmius
3251 2637 3376 2708 legit
3407 2656 3425 2688 ι
3451 2639 3522 2691 fa-

1961 2707 2152 2760 cundia
2181 2705 2674 2774 consequentiam.»

307 2923 3514 2956 ΨΜ

1116 3085 1620 3175 ΔΙΔΥΜΟΥ
1692 3085 1990 3174 ΚΑΤΑ
2043 3085 2695 3179 ΜΑΝΙΧΑΙΩΝ.

1636 3426 2100 3541 DIDYM
2115 3430 2159 3542 Ι

875 3664 1440 3761 CONTRA
1524 3662 2411 3757 MANICHJEOS
2498 3665 2928 3754 LIBER

1181 3863 1669 3926 INTERPRETE
1709 3862 2122 3924 FRANCISCO
2163 3859 2622 3922 COMBEFISIO.

1093 4036 1380 4099 (Carmo,
1438 4037 1667 4086 Veterum
1721 4036 1924 4084 Patrum
1972 4033 2218 4092 Biblioth.,
2265 4040 2300 4082 t.
2346 4034 2430 4094 VI,
2472 4047 2521 4096 p.
2563 4029 2696 4090 509.)

3071 4255 3089 4280 Ο

1143 4314 1275 4370 CAP.
1314 4313 1354 4368 l.
1397 4313 1798 4370 Contrariorum
1838 4334 1904 4372 ea:
1936 4317 2139 4387 integro
2179 4317 2330 4371 nulla
2369 4319 2641 4386 oppositio.

339 4432 580 4504 Οὐδεμία
611 4432 876 4498 ἀντίοεσις
904 4433 1155 4488 ἐναντίων
1178 4433 1237 4500 ἐξ
1261 4435 1395 4488 ὅλων
1419 4436 1739 4501 ἀντίκειται,
1766 4437 1842 4509 τῷ
1869 4444 1899 4501 ί

2017 4437 2164 4491 Nulla
2191 4439 2583 4492 contrariorum
2599 4453 2666 4492 ex
2685 4439 2890 4508 integro
2910 4437 3178 4508 oppositio
3199 4445 3300 4503 est,
3319 4451 3381 4494 ea
3417 4439 3518 4494 sci-

269 4528 368 4582 καὶ
397 4526 556 4579 κοινά
578 4544 700 4580 τινα
729 4528 990 4597 ὑπάρχειν
1013 4530 1122 4590 τοῖς
1151 4528 1428 4592 ἐναντίοις.
1465 4523 1590 4582 Οἷον
1619 4529 1679 4582 τὸ
1715 4529 1838 4582 λευ-

269 4621 389 4683 κὸν,
413 4620 655 4673 ἐναντίον
690 4619 748 4671 ’ὸν
770 4618 847 4689 τῷ
879 4618 1101 4690 μέλανι,
1138 4620 1279 4672 κατὰ
1317 4621 1482 4690 μόνας
1527 4621 1624 4683 τὰς
1660 4620 1845 4688 διαφο-

270 4712 373 4784 ρὰς
399 4710 515 4781 ἔχει
543 4712 640 4782 τὴν
678 4709 985 4763 ἐναντίωσιν
1011 4751 1025 4772 ,
1064 4711 1230 4764 ὄντων
1261 4711 1441 4774 αὐτοῖς
1475 4710 1668 4764 κοινῶν
1698 4709 1844 4782 χρώ-

271 4821 446 4876 ματος
491 4803 586 4856 xui.
631 4803 939 4873 ποιότητος·
977 4803 1128 4856 οὐδὲν
1169 4803 1226 4856 δὲ
1271 4802 1377 4856 τῶν
1423 4802 1713 4868 τοιούτων,
1746 4802 1844 4873 τὴν

267 4897 402 4966 περὶ
447 4895 587 4948 αὐτὰ
635 4895 984 4965 ἐναντιότητα
1033 4894 1300 4965 προτέραν
1348 4893 1479 4964 ἔχει·
1511 4895 1687 4948 πάντα
1735 4892 1845 4964 γὰρ

270 4985 413 5056 μετᾶ
445 4985 514 5037 τὰ
541 4984 713 5037 κοινόι⁸
748 4986 806 5036 ὲν
837 4984 894 5038 δὲ
933 4987 1044 5048 τοῖς
1073 4987 1269 5046 κοινοῖς
1293 4984 1394 5035 οὐκ
1434 4983 1579 5036 ἔστιν
1607 4984 1845 5037 ἐναντιόο

264 5094 389 5146 της.
441 5077 534 5128 Δεῖ
562 5075 669 5146 γὰρ
707 5075 884 5128 κοινὸν
913 5075 1109 5145 χρῶμα
1133 5074 1228 5126 καὶ
1255 5074 1513 5144 ποιότητα
1541 5071 1681 5125 εἶναι
1701 5114 1714 5136 ,
1757 5072 1843 5127 ἵνα

263 5165 414 5218 οὕτω
460 5165 524 5216 τὸ
567 5164 756 5218 λευκὸν
792 5164 882 5217 καὶ
913 5165 972 5216 τὸ
1005 5164 1170 5234 μέλαν
1198 5158 1254 5236 ᾗ,
1291 5163 1549 5227 ὡσαύτως
1597 5163 1736 5232 μετὰ
1782 5162 1845 5214 τὸ

264 5256 426 5308 ποιὸν
476 5255 570 5308 καὶ
612 5254 849 5307 διάθεσιν
891 5257 924 5325 ἡ
966 5255 1134 5324 ἀρετὴ
1172 5255 1264 5307 καὶ
1290 5257 1321 5324 ἡ
1349 5256 1535 5309 κακία.
1575 5257 1637 5308 Ei
1666 5256 1842 5309 τοίνυν

267 5349 529 5428 αγένητοι
553 5347 645 5402 δύο
667 5349 830 5419 ἀρχαὶ
863 5347 955 5400 καὶ
978 5349 1138 5401 αὐταὶ
1162 5347 1408 5404 ἐναντίοι,
1440 5349 1473 5417 ἢ
1502 5347 1560 5412 ἐξ
1586 5348 1722 5402 ὅλων
1770 5349 1843 5400 εἰ·

271 5445 353 5495 σὶν
384 5441 485 5510 τὴν
521 5441 865 5510 ἐναντιότητα
892 5439 1131 5509 ἔχουσαι,
1167 5440 1198 5509 ἢ
1226 5440 1459 5511 ὑπάρχει
1508 5441 1631 5494 τινὰ
1653 5443 1844 5504 αὑταῖς

268 5532 444 5583 κοινά.
473 5531 612 5582 ’AD.‘
645 5530 793 5582 οὐδὲν
815 5530 872 5596 ἐξ
899 5530 1036 5583 ὅλων
1063 5531 1274 5600 δέχεται
1302 5531 1664 5601 ἐναντιότητα⁸
1689 5532 1842 5602 ἔχου-

273 5639 325 5675 σι
373 5623 484 5690 ἄρα
525 5623 617 5673 καὶ
643 5621 802 5673 αὐταὶ
836 5621 1016 5684 κοινὰ,
1052 5623 1114 5674 τὸ
1158 5619 1330 5687 εἶναι,
1369 5622 1429 5674 τὸ
1470 5624 1648 5676 οὐσίαι
1677 5619 1837 5689 εἶναι,

273 5711 370 5769 καὶ
399 5713 453 5768 εἴ
471 5729 526 5766 τι
543 5712 726 5780 ἓτερον
751 5711 1053 5781 εὑρίσκεται
1093 5731 1158 5767 πε
1171 5713 1220 5783 ρὶ
1241 5714 1408 5776 αὑτὰς
1437 5714 1629 5768 κοινόν.
1653 5713 1837 5771 Ἐναν-

1947 4530 2072 4585 licet
2104 4531 2330 4595 ratione,
2358 4531 2499 4599 quod
2535 4543 2589 4585 et
2627 4531 2910 4584 contrariis
2933 4538 3059 4584 sunt
3095 4531 3334 4598 quaedam
3363 4546 3515 4585 com-

1946 4621 2151 4677 munia.
2165 4620 2324 4675 Verbi
2343 4623 2535 4692 gratia,
2551 4622 2724 4676 album
2742 4623 2881 4690 quod
2895 4631 2976 4676 est
2993 4623 3318 4676 contrarium
3337 4624 3513 4692 nigro,

1945 4713 2138 4780 quibus
2160 4712 2329 4765 solum
2365 4712 2657 4765 rationibus
2681 4709 2875 4778 dill‘ert,
2904 4711 3064 4766 habet
3086 4722 3143 4766 ut
3179 4714 3515 4768 contrarium

1946 4805 2039 4870 sit;
2066 4820 2184 4858 cum
2238 4804 2433 4872 alioqui
2476 4803 2708 4858 colorem
2736 4812 2790 4858 et
2829 4803 3137 4873 qualitatem
3176 4820 3513 4860 communem

1944 4896 2102 4950 ambo
2122 4895 2419 4949 obtineant.-
2445 4891 2585 4946 Nibil
2608 4902 2783 4946 autem
2809 4909 2996 4948 eorum
3020 4909 3138 4962 qua:
3163 4893 3278 4961 ejus
3301 4895 3513 4962 generis

1943 4994 2088 5046 sunt,
2108 4985 2249 5038 circa
2273 4998 2330 5037 se
2359 4983 2504 5050 prius
2525 4982 2704 5048 liabet,
2735 4985 2875 5052 quod
2903 4984 3234 5038 contrarium
3249 4993 3352 5038 est.
3384 4985 3512 5038 Haec

1942 5075 2083 5129 enim
2100 5083 2290 5128 cuncta
2320 5081 2616 5140 sequuntur
2637 5087 2700 5126 ca
2727 5089 2847 5141 quae
2875 5074 3176 5127 communia
3195 5082 3346 5137 sunt;
3374 5075 3425 5126 in
3443 5073 3514 5128 iis

1944 5176 2119 5219 autem
2154 5179 2274 5233 quae
2289 5164 2878 5230 suntcommunia,non
2913 5175 2993 5220 est
3031 5166 3380 5219 contrarium.
3411 5165 3512 5219 Ne-

1943 5271 2092 5312 cesse
2107 5256 2247 5310 enim
2267 5265 2350 5310 est
2367 5255 2599 5309 colorem
2617 5270 2735 5311 esse
2752 5267 2804 5310 et
2821 5255 3152 5324 qualitatem,
3173 5266 3228 5309 ut
3247 5257 3317 5309 sit
3332 5255 3510 5310 album

1941 5359 1994 5404 et
2015 5349 2243 5416 nigrant.
2277 5347 2446 5401 Simili
2469 5361 2681 5415 quoque
2704 5348 2908 5400 ratione
2933 5356 3228 5415 sequuntur
3255 5347 3424 5400 virtus
3455 5356 3510 5400 et

1943 5437 2160 5500 vitium,
2195 5437 2282 5490 ubi
2320 5437 2556 5505 qualitas
2588 5447 2642 5491 et
2677 5437 2958 5506 dispositio
2981 5454 3043 5490 ac
3090 5435 3302 5491 affectio
3333 5436 3506 5505 praeit.

1943 5528 1997 5583 Si
2032 5529 2196 5595 igitur
2228 5529 2331 5580 duo
2362 5527 2623 5596 principia
2659 5527 2897 5596 ingenita
2927 5537 3071 5593 sunt,
3128 5539 3180 5582 et
3224 5529 3337 5581 haec
3384 5535 3507 5580 sunt

1941 5621 2210 5677 contraria
2238 5636 2251 5684 ;
2287 5619 2458 5674 vech
2487 5630 2598 5676 toto
2624 5631 2752 5674 sunt
2779 5623 3072 5684 contraria,
3098 5620 3179 5674 vel
3211 5628 3335 5676 sunt
3365 5633 3509 5688 qna:-

1941 5713 2063 5768 dam
2096 5711 2200 5765 illis
2238 5711 2561 5767 communia.
2593 5713 2658 5767 At
2689 5711 2820 5767 nihil
2856 5727 2920 5768 ex
2969 5711 3172 5782 integro
3209 5707 3512 5766 contrarias
