4042 6404
572 273 711 333 1087
1805 275 2048 331 DlDYMI
2087 274 2554 330 ALEXANDRINI
3650 275 3762 328 {038

574 387 765 456 recipit
795 385 1048 440 rationes.
1085 385 1295 441 llahent
1325 387 1484 457 igitur
1514 387 1628 442 hzec
1658 403 1869 457 quoque
1902 404 2137 442 commu-
2168 441 2170 447 ,

2173 396 2213 449 Α
2241 388 2359 449 τιας
2392 387 2446 439 δὲ
2481 387 2624 438 ποιεῖ
2654 384 2842 448 αὑτὰς,
2875 384 2934 438 τὸ
2976 383 3072 454 τὴν
3114 385 3212 453 μὲν
3236 381 3454 451 ἀγαθὸν,
3487 381 3579 454 τὴν
3610 386 3661 440 δὲ
3689 406 3769 440 κα.

573 479 686 541 nia,
738 486 795 529 ut
844 475 974 538 sint,
1029 485 1085 530 et
1141 477 1456 532 substantias
1511 479 1640 545 sint,
1675 493 1738 532 ac
1767 479 1810 532 si
1843 479 1968 547 quid
1999 478 2141 532 aliud

2239 477 2350 528 κόν·
2377 476 2470 529 καὶ
2505 474 2604 544 τὴν
2645 474 2743 543 μὲν
2780 475 2914 544 φῶς,
2962 473 3060 545 τὴν
3085 473 3141 527 δὲ
3170 474 3356 536 σκότος
3385 469 3540 529 εῖναι.
3569 476 3767 546 Προεπι-

570 570 717 621 circa
775 566 891 632 ipsa
942 576 996 622 et
1055 568 1106 622 in
1161 569 1240 621 eis
1271 569 1527 633 occurrit,
1563 571 1704 638 quod
1737 584 2023 624 commune
2051 570 2141 623 sit.

2239 569 2435 618 νοεῖται
2471 566 2526 618 δὲ
2567 565 2628 618 τὸ
2666 561 2804 617 εἶναι
2848 564 3018 628 αὑτὰς
3060 565 3280 627 οὐσίας,
3317 564 3440 635 ἦτὸ
3474 564 3664 633 ἀγαθὸν
3696 568 3764 621 κα]

569 657 851 712 Contraria
888 675 1014 714 vero
1044 676 1105 714 ea
1135 660 1287 724 facit,
1321 663 1462 730 quod
1515 662 1740 716 alterum
1787 662 2001 730 quidem
2045 662 2144 715 bo-

2240 657 2408 709 κακὸν
2440 657 2723 728 ὑπάρχειν.
2765 656 2828 708 Ἠ
2859 656 3170 725 ἐναντιότης
3208 640 3316 728 ἄρα
3347 657 3405 708 οὐ
3436 657 3576 709 κατά
3596 658 3658 709 τὰ
3680 675 3766 710 κοι-

571 765 698 802 num
727 751 814 815 sit,
841 751 1067 806 alterum
1101 752 1332 819 malum;
1364 755 1612 823 quodque
1661 755 1787 808 item
1841 755 1983 808 aliud
2031 754 2142 820 lux,

2240 751 2327 809 νᾶ,
2363 748 2496 801 ἀλλά
2528 747 2668 801 κατά
2689 748 2788 819 τὴν
2820 748 3075 815 ἰδιότητα.
3107 748 3358 800 Τίθενται
3381 748 3438 801 δὲ
3471 747 3632 812 αὑτὰς
3671 750 3768 818 ἀγε-

570 841 716 897 aliud
753 845 987 909 tenebrae
1021 845 1148 898 sint.
1185 844 1339 899 Prius
1371 861 1500 915 ergo
1532 845 1844 916 intelligitur
1873 862 1993 902 esse
2031 849 2145 902 haec

2242 845 2432 914 νήτους
2462 837 2618 895 εἶναι’
2658 842 2808 895 οὐδὲν
2833 841 2888 894 δὲ
2921 843 3025 913 πρὸ
3062 843 3346 914 ἀγενήτου.
3375 842 3488 912 Πρὸ
3530 841 3770 894 τούτωνδὲ

571 935 923 999 substantias,
980 952 1139 1005 quam
1197 950 1318 991 esse
1373 938 1569 991 bonum
1624 948 1678 992 et
1713 937 1931 994 malum.
1993 938 2143 1004 Quod

2239 936 2290 988 τί
2321 939 2486 1002 ἐστιν,
2521 936 2651 988 αὐτὸ
2685 936 2712 989 ὃ
2747 931 2898 988 εἷπον
2937 935 3132 998 κοινῶς
3175 935 3366 998 αὑταῖς
3397 935 3670 1006 ὑπάρχειν-
3697 935 3772 986 οὐκ

570 1041 700 1097 ergo
727 1028 998 1082 contraria
1029 1038 1175 1090 sunt,
1225 1044 1334 1083 non
1372 1043 1536 1098 penes
1566 1029 1872 1083 communia
1919 1040 2022 1093 est,
2051 1031 2143 1084 sed

2240 1026 2346 1098 ἄρα
2379 1027 2627 1098 ἀγένητοι
2658 1030 2713 1080 αἱ
2743 1027 2926 1100 ἀρχαί.
2956 1022 3122 1081 Αὗται
3144 1027 3252 1098 γὰρ
3276 1026 3527 1097 ἀγένητοι
3560 1028 3612 1078 αἱ
3654 1028 3774 1078 ὲναν-

573 1131 737 1185 penes
766 1121 1169 1186 proprietatem.
1199 1117 1423 1172 Ponitur
1454 1129 1635 1171 autem
1694 1120 1807 1171 h:ec
1849 1132 1967 1172 esse
1997 1118 2144 1186 inge-

2240 1120 2378 1171 τίαιο
2402 1120 2461 1171 τὸ
2489 1120 2545 1173 δὲ
2573 1120 2767 1183 κοινῶς
2801 1120 2990 1181 αὐταῖς
3023 1119 3284 1189 ὑπάρχειν
3319 1117 3423 1186 πρὸ
3468 1116 3657 1170 αὐτῶν.
3687 1115 3776 1168 Οὐκ

573 1209 684 1262 nita
712 1226 725 1274 ;
760 1209 890 1263 nihil
922 1224 1048 1264 vero
1070 1220 1154 1264 est
1180 1211 1322 1279 quod
1353 1210 1648 1279 ingenitum
1673 1211 1974 1264 antecedat.
2005 1209 2142 1264 Ante

2100 1218 2142 1264 Le
2242 1210 2349 1281 ἀρα
2379 1211 2632 1282 ἀγένητοι
2662 1213 2715 1264 αἱ
2745 1210 2928 1283 ἀρχαί’
2959 1211 3110 1264 οὐδὲν
3146 1211 3253 1280 γὰρ
3287 1210 3390 1279 πρὸ
3428 1209 3696 1278 ἀγενήτου.

573 1299 687 1354 Ι»ωο
725 1315 853 1354 vero
889 1302 1160 1369 quidpiam
1194 1311 1294 1367 est,
1339 1301 1509 1371 ipsum
1549 1301 1798 1354 nimirum
1829 1301 1970 1370 quod
1995 1301 2237 1355 dicebam
2289 1305 2646 1358 communiter
2728 1305 2779 1356 lu
2830 1302 2907 1357 eis
2980 1303 3264 1356 exsistere.
3319 1299 3458 1368 Ergo
3531 1313 3628 1351 non
3682 1307 3780 1351 sunt

573 1396 833 1466 principia
894 1398 1149 1466 ingenita.
1200 1396 1322 1450 Haec
1361 1398 1507 1450 enim
1563 1397 1823 1465 ingenita,
1866 1397 2136 1452 contraria
2177 1407 2331 1464 sunt;
2392 1397 2533 1466 quod
2617 1406 2794 1450 autem
2870 1397 2974 1451 illis
3063 1396 3422 1451 cutnmuniter
3467 1397 3619 1457 inest,
3676 1393 3779 1462 ipsis

573 1490 724 1559 prius
756 1499 859 1545 est.
890 1489 1004 1545 Non
1030 1506 1160 1560 ergo
1191 1491 1420 1560 ingenita
1452 1492 1711 1562 principia
1741 1501 1884 1556 sunt,
1947 1492 2148 1548 idcirco
2188 1493 2441 1546 nimirum
2469 1497 2610 1561 quod
2634 1493 2870 1563 ingenito
2895 1491 3029 1546 nihil
3057 1501 3139 1546 est
3168 1493 3430 1545 anterius.

1173 1604 1302 1658 (In.
1342 1602 1406 1657 ll.
1452 1601 1775 1672 Principium
1819 1605 2018 1657 malum
2061 1621 2164 1658 non
2209 1616 2284 1658 est
2327 1607 2649 1675 ingenitum,
2694 1607 2818 1676 quia
2863 1605 3220 1676 corruptibile.

647 1695 740 1750 Sin
773 1706 950 1752 autem
984 1698 1236 1763 dixerint,
1274 1715 1376 1752 nun
1408 1713 1468 1753 ea
1505 1699 1710 1753 ratione
1738 1715 1840 1768 qua
1885 1711 2008 1753 sunt
2060 1700 2141 1753 ἱιιο
2176 1708 2218 1762 Β

2187 1708 2218 1762 Β
2318 1702 2380 1754 Εἰ
2418 1701 2474 1754 δὲ
2518 1701 2742 1770 λέγοιεν,
2789 1701 2862 1772 μὴ
2909 1701 3049 1754 κατὰ
3089 1701 3148 1754 τὸ
3173 1700 3436 1771 ἀγένητον
3482 1697 3618 1768 ἔχειν
3648 1698 3783 1761 αὐτὰς

574 1789 777 1857 genita,
810 1804 928 1844 esse
957 1789 1047 1842 illa
1095 1791 1400 1854 contraria;
1451 1791 1552 1846 hoc
1595 1806 1806 1859 quoque
1850 1791 1954 1846 illis
2007 1807 2153 1846 com-

2253 1793 2351 1864 τὴν
2387 1794 2757 1862 ἐναντιότητα·
2803 1793 3081 1846 καὶτοῦτο
3107 1792 3282 1846 κοινὸν
3319 1789 3501 1844 αὐτῶν
3535 1790 3783 1862 εὑρεθήσε-

577 1896 737 1941 tntme
766 1883 1087 1936 invenietur.
1122 1881 1224 1937 Sed
1254 1898 1440 1937 rursus
1483 1883 1607 1952 quia
1661 1883 1859 1937 malum
1917 1884 2154 1954 ingenite

2253 1901 2361 1938 ται.
2402 1885 2541 1936 Ἀλλ’
2590 1887 2712 1938 ἐπεὶ
2758 1887 3038 1956 ἀγενήτως
3080 1885 3141 1937 τὸ
3180 1884 3368 1946 κακὸν,
3401 1883 3586 1946 κακὸν,
3625 1883 3704 1935 καὶ
3739 1881 3784 1932 τὸ

577 1982 659 2027 est
691 1973 914 2037 malum,
946 1984 997 2027 et
1041 1975 1240 2028 bonum
1295 1975 1530 2044 ingettite
1588 1976 1804 2037 bonum,
1853 1978 2153 2046 reperietur

2255 1975 2478 2044 ἀγαθὸν,
2505 1977 2726 2045 ἀγαθόν·
2764 1978 2941 2031 κοινὸν
2976 1977 3330 2047 εὑρεθήσεται
3352 1976 3416 2028 τὸ
3440 1975 3686 2045 ἀγένητον
3708 1990 3783 2025 κα-

576 2063 870 2135 ingenitum
906 2064 1099 2118 malum
1127 2081 1409 2121 commune
1433 2067 1738 2133 amborum,
1764 2078 1825 2120 et
1857 2069 2149 2138 ingenitum

2255 2065 2348 2119 κον
2380 2066 2724 2137 ἀμφοτέρων,
2760 2068 2854 2119 καὶ
2885 2065 2944 2119 τὸ
2969 2067 3229 2136 ἀγένητον
3254 2065 3460 2132 ἀγαθὸν
3487 2063 3784 2134 ἀμφοτέρων.

577 2158 775 2212 bonum
813 2172 1094 2212 commune
1139 2159 1266 2213 item
1323 2161 1626 2216 amborum.
1659 2160 1715 2214 Si
1751 2170 1928 2214 autem
1971 2171 2026 2216 ut
2054 2163 2154 2214 ho-

2255 2156 2318 2208 Εἰ
2359 2155 2466 2228 γὰρ
2500 2155 2701 2224 ἀγαθὸν
2738 2157 2865 2210 ἄνευ
2905 2155 2997 2208 τοῦ
3027 2157 3294 2226 ἁγενήτου
3334 2156 3397 2208 οὐ
3429 2154 3641 2209 δύναται
3664 2155 3786 2224 εὑρε-

577 2263 706 2301 num
756 2249 873 2302 sine
927 2248 1162 2317 ingenito
1228 2250 1548 2320 reperiatur,
1607 2251 1721 2304 fieri
1782 2267 1883 2306 non
1939 2263 2149 2320 potest;

2255 2245 2435 2316 θῆναι,
2467 2247 2644 2300 κοινὸν
2675 2246 2732 2299 δὲ
2781 2247 2841 2300 τὸ
2877 2247 3160 2316 ἀγένητον*
3196 2247 3373 2300 κοινὸν
3415 2245 3524 2316 ἄρα
3551 2245 3638 2298 καὶ
3671 2243 3722 2294 τὸ
3744 2243 3785 2306 ἐξ

576 2353 859 2395 commune
885 2354 1064 2396 autem
1095 2353 1178 2397 est
1214 2343 1509 2411 ingenitum
1539 2361 1553 2409 ;
1591 2345 1774 2412 utique
1820 2345 1979 2398 etiam
2006 2360 2153 2399 coin—

2254 2339 2499 2408 ἀνάγκης
2553 2339 2815 2409 ἑπόμενον
2858 2338 2933 2408 τῷ
2984 2340 3263 2410 ἀγενήτῳ·
3310 2338 3474 2391 τοῦτο
3511 2337 3566 2391 δέ
3595 2334 3785 2390 ἐστιντὸ

577 2446 738 2486 mune
767 2433 889 2501 erit,
919 2435 1060 2504 quod
1090 2435 1398 2490 necessario
1429 2452 1609 2491 comes
1640 2438 1877 2508 ingenito
1907 2448 2017 2492 est:
2053 2438 2155 2492 hoc
2253 2430 2475 2500 ἀγαθόν.

577 2533 756 2578 autem
774 2533 856 2580 est
889 2526 1104 2584 bonum.

649 2615 745 2670 Sin
779 2625 956 2670 autem
1011 2617 1214 2683 dicant,
1266 2632 1373 2672 non
1441 2632 1562 2671 esse
1605 2633 1890 2672 commune
1920 2616 2150 2681 illorum,

2325 2617 2387 2671 Ei
2410 2617 2467 2670 δὲ
2491 2616 2717 2686 λέγοιεν,
2753 2614 2827 2686 μὴ
2857 2615 3033 2668 κοινὸν
3069 2614 3247 2667 αὐτῶν
3280 2614 3340 2667 τὸ
3368 2614 3627 2684 ἀγένητον
3661 2628 3784 2666 amr

577 2723 700 2764 esse
731 2709 1026 2778 ingenitum
1055 2726 1070 2775 ;
1100 2719 1366 2778 quatenus
1397 2709 1649 2763 nimirum
1681 2710 1836 2764 alteri
1873 2711 2033 2774 inest,
2070 2724 2151 2764 re-

2255 2704 2288 2784 ᾖ
2323 2709 2536 2779 θατέρῳ
2569 2707 2842 2778 ὑπάρχει,
2894 2707 2970 2778 τῷ
3010 2707 3181 2777 λοιπῷ
3217 2708 3315 2778 οὐχ
3368 2709 3622 2779 ὑπάρχειν
3669 2706 3786 2758 ἔσται

578 2800 725 2868 liquo
760 2815 864 2853 non
897 2801 1035 2854 inest
1067 2818 1080 2853 :
1122 2799 1226 2854 erit
1253 2799 1418 2868 igitur
1452 2801 1772 2872 ingenitum,
1816 2803 1897 2855 vel
1928 2802 2148 2866 bonum,

2253 2798 2430 2852 τοίνυν
2459 2798 2742 2870 ἀγένητον,
2777 2797 2809 2868 ἢ
2840 2795 2901 2848 τὸ
2927 2797 3148 2864 ἀγαθὸν,
3181 2797 3213 2868 ἢ
3237 2796 3296 2849 τὸ
3321 2799 3515 2851 κακόν·
3544 2798 3599 2850 οὐ
3621 2795 3674 2848 τὸ
3692 2796 3790 2860 ἁγα-

578 2888 664 2943 vel
697 2889 932 2956 malum;
971 2903 1074 2942 non
1109 2899 1288 2943 autem
1320 2890 1518 2944 bonum
1551 2899 1606 2944 et
1636 2890 1856 2945 malum.
1895 2890 2071 2955 Quare
2107 2890 2151 2943 si

2255 2891 2346 2945 θὸν
2371 2892 2465 2944 καὶ
2485 2891 2671 2944 κακόν.
2711 2891 2773 2943 Εἰ
2816 2886 2907 2943 οὖν
2947 2890 3195 2962 εὑρεθείη
3232 2890 3293 2942 τὸ
3313 2888 3524 2959 ἀγαθὸν
3550 2889 3787 2956 ἀγένητον,

579 2980 881 3049 reperietur
905 2981 1101 3033 bonum
1135 2980 1456 3046 ingenitum,
1487 2981 1684 3034 malum
1716 2981 1819 3035 erit
1844 2983 2100 3051 genitum.

1185 2982 1456 3046 igenitutn,
1487 2981 1684 3034 malum
1716 2981 1819 3035 erit
1844 2983 2100 3051 genitum.
2190 3043 2222 3052 Δ
2257 2983 2318 3036 τὸ
2343 2983 2508 3036 κακὸν
2537 2983 2781 3052 γενητόν.

651 3073 917 3126 Ρῐᾶιῑοτεα
949 3087 1108 3126 omne
1145 3071 1338 3124 malum
1360 3082 1442 3126 est
1464 3072 1827 3139 puniendum;
1859 3072 1989 3126 nihil
2024 3086 2153 3126 vero
2182 3043 2224 3101 Ο

2193 3043 2224 3101 Β
2337 3075 2545 3138 Ἄλλως
2575 3091 2633 3126 τε
2671 3075 2779 3127 πᾶν
2806 3073 2976 3128 κακὸν
3004 3072 3292 3127 κολαστέον
3314 3090 3329 3105 ·
3364 3073 3518 3127 οὐδὲν
3549 3068 3789 3126 κολαστέον

579 3162 722 3232 quod
783 3163 854 3217 sit
905 3163 1254 3231 puniendum,
1299 3172 1382 3217 est
1441 3163 1893 3233 iacorruptihile:
1950 3163 2154 3217 nullum

2260 3163 2552 3235 ἄφθαρτον·
2579 3164 2729 3216 οὐδὲν
2757 3164 2864 3235 ἄρα
2893 3164 3059 3216 κακὸν
3089 3163 3394 3235 ἄφθαρτον,
3428 3163 3505 3234 τῷ
3531 3164 3600 3234 μὴ
3623 3160 3791 3230 ἀφθάρ

583 3258 745 3328 igitur
777 3256 976 3310 malum
1011 3265 1094 3310 est
1116 3253 1543 3325 incorruptibile,
1575 3271 1643 3310 ne
1675 3254 2157 3323 incorruptibilitcr

1351 3253 1543 3324 ptibile,
1575 3271 1643 3310 ne
1675 3254 2157 3323 incorruptibilitcr
2259 3274 2366 3320 τως
2392 3256 2658 3327 ὑπάρχειν
2690 3255 2947 3327 φθαρτόν.

579 3347 928 3418 corruptihiIe
961 3349 1048 3402 sit.

651 3439 792 3495 Nihil
807 3442 945 3509 quod
958 3439 1303 3508 corruptibile
1318 3441 1493 3503 sit,est
1511 3439 1835 3509 ingenitum:
1855 3437 2050 3492 malum
2063 3453 2159 3490 au-

2331 3432 2495 3486 Οὐδὲν
2519 3433 2755 3503 φθαρτὸν
2776 3430 3055 3502 ἀγένητον·
3090 3430 3204 3484 ἔστι
3225 3429 3280 3482 δὲ
3300 3429 3362 3483 τὸ
3386 3430 3552 3483 κακὸν
3574 3425 3787 3498 φθαρτόν·

581 3547 690 3588 teni
705 3543 788 3588 est
811 3533 1162 3603 corruptibile
1186 3552 1199 3610 ξ
1229 3550 1332 3588 non
1362 3548 1489 3601 ergo
1514 3531 1709 3584 malum
1735 3542 1818 3585 est
1837 3531 2152 3600 ingenitum.

1484 3554 1489 3582 ι
1514 3531 1709 3584 malum
1735 3542 1818 3585 est
1837 3531 2152 3600 ingenitum.
2260 3526 2319 3579 τὸ
2345 3527 2452 3597 ἄρα
2480 3525 2645 3579 κακὸν
2671 3526 2769 3577 οὑκ
2801 3525 3080 3594 ἀγένητον.

651 3625 797 3679 Nihil
830 3635 914 3680 est
946 3623 1142 3679 malum
1175 3626 1467 3680 secundum
1488 3623 1869 3686 substantiam,
1909 3631 2156 3691 prapter-

2329 3618 2496 3672 Οὐδὲν
2549 3620 2668 3671 κατ’
2714 3618 2903 3671 οὐσίαν
2950 3616 3158 3682 κακὸν,
3217 3614 3294 3686 τῷ
3348 3617 3414 3668 τὸ
3469 3615 3630 3668 κακὸν
3671 3610 3788 3663 ποιὸν

579 3732 642 3773 ea
677 3719 802 3787 quia
857 3717 1056 3770 malum
1105 3716 1336 3784 qualitas
1365 3726 1488 3770 est:
1521 3715 1665 3769 nulla
1712 3724 1888 3767 autem
1929 3713 2159 3781 qualitas

2262 3706 2427 3762 εἶναι·
2470 3707 2620 3761 οὐδὲν
2659 3708 2715 3760 δὲ
2757 3707 2906 3761 ποιὸν
2948 3707 3132 3760 οὐσία·
3173 3705 3234 3759 τὸ
3281 3705 3392 3776 ἄρα
3438 3704 3598 3759 κακὸν
3621 3703 3705 3756 οὐκ
3724 3700 3788 3752 οὐ·

580 3810 882 3866 substantia
922 3819 1036 3875 est;
1071 3825 1174 3863 non
1203 3823 1331 3878 ergo
1360 3810 1556 3862 malum
1589 3807 1888 3861 substantia
1915 3815 2019 3860 est.
2261 3800 2372 3852 σία.

651 3900 844 3956 Omnia
899 3901 1168 3955 contraria
1225 3916 1283 3954 se
1343 3901 1577 3954 vicissim
1632 3900 1988 3962 interimunt;
2042 3911 2160 3966 quae

2333 3891 2518 3944 Πάντα
2550 3889 2618 3943 τὰ
2646 3890 2888 3952 ἐναντία,
2923 3887 3168 3958 ἀλλήλων
3203 3885 3503 3964 φθαρτικὼ
3541 3887 3604 3942 τὰ
3628 3882 3786 3950 ὃὲάγέ-

584 4005 760 4049 autem
788 4004 914 4048 sunt
945 3995 1204 4061 ingenita,
1237 3994 1368 4047 nulli
1407 3994 1639 4048 obnoxia
1666 4002 1795 4047 euut
1823 3991 2156 4056 interitioni;

2262 4000 2398 4053 νητα
2427 3981 2697 4053 ἄφθαρταο
2726 3981 2825 4033 οὐκ
2848 3981 2956 4033 ἄοα
2982 3977 3220 4031 ἐναντία·
3253 3977 3320 4030 τὰ
3349 3980 3461 4052 γὰρ
3487 3976 3689 4032 ἐναντία
3715 3973 3784 4026 οὐκ

585 4102 693 4141 non
733 4102 862 4157 ergo
906 4087 1218 4141 contraria:
1269 4102 1386 4156 qua:
1439 4087 1581 4140 enim
1627 4085 1898 4140 contraria
1950 4093 2096 4147 sunt,
2129 4098 2159 4137 a
2261 4073 2533 4144 ἄφθαρτα.

583 4179 932 4246 corruptione
962 4177 1101 4253 haud
1135 4177 1390 4230 immunia
1415 4186 1578 4235 .snnt.

653 4265 800 4330 Nihil
830 4247 1128 4336 ingenitum
1157 4277 1240 4322 est.
1269 4267 1553 4321 mutationi
1582 4266 1876 4320 obnoxium
1907 4283 1922 4332 ;
1981 4277 2157 4322 muta-

2334 4257 2498 4310 Οὐδὲν
2550 4258 2814 4328 ἀγένητον
2855 4258 3118 4328 τρεπτόν·
3154 4257 3416 4328 τρέπεται
3445 4256 3501 4309 όὲ
3535 4254 3593 4306 τὸ
3629 4247 3783 4318 ἀγαθὸν

586 4370 675 4417 tur
727 4369 907 4416 autem
958 4360 1178 4424 bonum,
1240 4361 1382 4430 quod
1441 4375 1471 4414 a
1526 4360 1665 4414 malo
1698 4370 2020 4430 superetur;
2055 4375 2158 4414 non

2187 4400 2237 4460 Β
2265 4349 2532 4421 κρατηθὲν
2557 4350 2659 4401 ὑπὸ
2697 4349 2790 4401 τοῦ
2820 4349 2990 4402 κακοῦ
3012 4365 3026 4380 ⁸
3057 4348 3119 4402 τὸ
3150 4350 3255 4419 ἄρα
3287 4349 3491 4417 ἀγαθὸν
3517 4347 3608 4398 οὐκ
3633 4341 3779 4408 ἁγὲνη·

583 4467 711 4522 ergo
737 4455 935 4506 bonum
971 4451 1266 4520 ingenitum
1299 4459 1400 4505 cst.
2187 4451 2230 4460 "
2264 4458 2374 4493 τον.

654 4543 904 4614 Ingenito
935 4543 1138 4597 nullius
1171 4541 1539 4610 corruptionis
1583 4541 1768 4596 innata
1799 4542 2057 4611 appetitio
2088 4541 2164 4595 in-

2334 4531 2406 4583 Τὸ
2426 4530 2690 4600 ἀγένητον
2711 4531 2810 4583 οὐκ
2837 4529 2982 4583 ἔστιν
3003 4529 3284 4601 ορεκτικδν
3308 4529 3512 4600 φθορᾶς
3533 4539 3675 4584 τινος,
3696 4516 3782 4571 οὖδέ

583 4645 689 4700 est,
719 4635 974 4704 nullaque
1005 4635 1086 4689 vis
1121 4633 1501 4703 corrumpendi
1535 4648 1598 4688 ac
1644 4634 1987 4688 interimendi
2016 4652 2029 4687 :
2078 4635 2161 4686 iu-

2261 4641 2325 4692 γε
2360 4624 2658 4694 φθαρτικόν
2681 4639 2694 4651 °
2739 4625 2800 4676 τὸ
2835 4623 2891 4676 δέ
2917 4640 2979 4691 γε
3007 4623 3175 4676 κακὸν
3203 4622 3486 4693 ὀρεκτικὸν
3513 4617 3716 4686 φθορᾶς
3743 4607 3783 4658 zi-

590 4736 672 4781 est
699 4737 881 4782 autem
923 4726 1066 4795 malo
1096 4741 1159 4781 ea
1191 4725 1485 4796 appetitio;
1514 4742 1619 4783 non
1650 4726 1813 4796 igitur
1850 4726 2050 4779 malum
2083 4725 2166 4779 in-

1403 4726 1485 4793 io;
1514 4742 1619 4783 non
1650 4726 1813 4796 igitur
1850 4726 2050 4779 malum
2083 4725 2166 4779 in-
2263 4718 2369 4788 ἄρα
2397 4716 2564 4770 κακὸν
2592 4717 2692 4769 οὐκ
2717 4716 2999 4786 ἀγένητον.

588 4819 828 4890 genitum
863 4827 965 4872 est.

658 4911 866 4965 Divina:
903 4911 1218 4980 Scriptum,
1262 4925 1365 4965 non
1413 4910 1585 4966 solum
1651 4910 1898 4964 homines
1930 4907 2163 4982 [ἀνθρώ-

2330 4899 2394 4950 Ai
2435 4897 2574 4950 θεῖαι
2614 4898 2828 4970 Γραφαὶ
2877 4897 3096 4951 κολάσει
3141 4895 3561 4968 παραδίδοσθαι,
3600 4893 3652 4944 οὐ
3691 4899 3782 4982 τοξις

587 5003 746 5078 πους]
775 5005 865 5074 qui
902 5005 1029 5058 mali
1069 5005 1196 5069 sint,
1221 5004 1512 5058 tradendos
1542 5003 1807 5072 supplicio
1833 5003 2039 5069 dicunt,
2071 5001 2167 5055 sed

2262 4988 2582 5060 ἀνθρώπους
2765 4991 2966 5053 κακοὺς
3002 4991 3194 5075 μόνον,
3245 4988 3383 5072 ἀλλὰ,
3423 4989 3514 5041 καὶ
3542 4983 3684 5038 αὐτὸν
3718 4976 3782 5027 τδν

588 5105 642 5150 et
673 5071 846 5164 ipsum
884 5095 1159 5150 diabolum
1176 5097 1243 5148 ⁸⁷.
1279 5095 1452 5151 Omne
1491 5071 1666 5149 autem
1711 5094 1852 5162 quod
1908 5092 2169 5164 supplicio

2263 5081 2529 5145 διάϐολον,
2578 5082 2844 5150 λέγουσιν.
2884 5085 2999 5136 Πᾶν
3045 5071 3100 5134 δὲ
3150 5082 3208 5134 τὸ
3240 5071 3457 5145 κολάσει
3487 5071 3783 5145 παραδιδέμε’

591 5187 841 5253 traditur,
873 5189 1154 5242 mutationi
1203 5187 1493 5242 obnoxium
1526 5196 1606 5242 est
1638 5206 1649 5240 :
1683 5187 1814 5241 nihil
1849 5201 1973 5239 vero
2003 5194 2171 5238 muta-

2266 5191 2355 5226 νον
2383 5174 2613 5244 τρεπτόν
2633 5191 2645 5205 ’
2682 5174 2833 5226 οὐδὲν
2879 5173 2934 5226 δὲ
2968 5173 3197 5243 τρεπτὺν
3225 5173 3514 5243 ἀγένητον·
3553 5165 3683 5220 οὐδὲν
3706 5165 3781 5225 ἄρα

593 5279 726 5334 tioni
777 5279 1092 5346 obnoxium,
1122 5289 1202 5334 est
1249 5279 1579 5350 ingenitum;
1637 5278 1766 5334 nihil
1824 5291 1954 5346 ergo
2007 5275 2057 5330 in
2103 5276 2169 5329 iis

1292 5279 1579 5350 igeuitum;
1637 5278 1766 5334 nihil
1824 5291 1954 5346 ergo
2007 5275 2057 5330 in
2103 5276 2169 5329 iis
2267 5267 2374 5320 τῶν
2399 5267 2581 5320 κακῶν
2607 5265 2888 5337 ἀγένητον.

590 5383 710 5439 quae
744 5369 882 5423 mala
915 5377 1058 5434 sunt,
1090 5368 1389 5440 ingenitum
1424 5377 1527 5424 est.

660 5508 707 5541 ⁸⁷
745 5505 933 5563 Matth.
958 5521 1083 5572 xxv,
1125 5504 1214 5559 41.

666 5645 780 5720 (εει)
825 5646 1210 5716 Ἀνθρώπους.
1243 5647 1495 5703 τεειιιιιιτ
1533 5643 2170 5725 αοπιδείῖεῖυεοεραίοεηι
2283 5615 3778 5725 είυξςιερ)-ιν.ιείξ.ςεῐῐῐρετέἔξω,ἔέξξῖτίξηὲξᾞφξξᾼῗρέἒὶῗ

690 5694 753 5703 ν.
833 5694 944 5703 ..--
993 5694 1210 5713 ---ην
1254 5694 1485 5703 _---....-_
1539 5694 2047 5708 ,v..-_--_____,_..-_

596 5694 854 5798 prazfelrre
891 5694 1075 5793 ανους,
1107 5727 1336 5795 legitque
1360 5725 1701 5800 ἀνθρώπους.
1738 5726 1920 5800 ιὶεςιε.
1956 5721 2072 5800 Ipse
2101 5730 2172 5774 tae

2279 5694 2574 5770 exemplari
2598 5694 2894 5752 Turrianus
2915 5697 3036 5752 :sed
3063 5713 3182 5752 eam
3210 5694 3266 5750 in
3299 5695 3530 5749 versiOue
3553 5694 3771 5756 praeteriti.

2279 5784 2560 5800 -.-......o.u.m.
2598 5773 2734 5800 l'n—In
2769 5767 2908 5800 ηιιηιι
2933 5767 3044 5800 uina
3089 5768 3196 5800 vim
3242 5765 3446 5800 «cenaui
3479 5759 3602 5800 haud
3637 5752 3771 5800 νκΙυη.

601 5759 854 5798 μΙιΙΖΙῦΙΙσ
891 5759 1075 5793 υινυυε,
1107 5759 1336 5795 ιυμιιιμιυ
1360 5759 1701 5797 ανυμυθοιυυς.
1738 5759 1920 5778 ιιιιιυο
1958 5759 2072 5790 ενι-»υ
2103 5759 2148 5774 ευ

601 5813 721 5855 men
769 5800 824 5855 itt
885 5810 1029 5856 textu
1086 5801 1324 5870 repowit
1378 5798 1589 5860 ἄλλους.
1655 5795 1804 5862 Quod
1842 5809 1944 5848 non
1977 5795 2169 5861 placet.

2279 5759 2564 5848 pt'ot‘it'erea
2598 5773 2734 5826 forte
2769 5767 2908 5838 quod
2933 5767 3046 5836 ejus
3089 5768 3196 5821 vim
3241 5765 3446 5834 assequi
3477 5759 3602 5816 haud
3637 5759 3773 5804 valuit.
