4042 6404
208 318 234 372 l
245 316 350 371 089

1449 316 1724 373 CONTRA
1764 315 1974 374 MANIC
1983 316 2204 374 HA‘IOS.

3309 336 3333 391 l
3342 336 3450 394 090

276 435 402 486 Των
439 432 506 486 δι’
539 433 676 488 ὅλων
719 433 1144 504 ὲναντιουμενων
1185 434 1335 488 οὐδὲν
1386 435 1585 491 κοινόν.
1615 436 1769 487 Ὥστε

1960 433 2158 489 Eorum
2189 450 2307 506 qua:
2334 451 2400 492 ex
2431 437 2642 511 integro
2668 446 2939 499 contraria
2975 456 3121 513 sunt,
3151 449 3284 506 nihil
3309 467 3452 508 com-

217 528 359 580 πᾶσα
380 527 592 598 ἀνάγκη
619 527 678 580 τὸ
701 528 907 600 Θατέρῳ
931 528 1192 598 ὑπάρχον,
1218 530 1296 598 τῷ
1311 530 1479 600 λοιπῷ
1507 532 1580 602 μὴ
1604 533 1778 603 ὑπάρ-

210 631 341 688 χειν·
376 617 610 689 ὑπάρχει
655 618 712 672 δὲ
753 618 831 688 τῷ
858 619 1045 690 ἀγαθῷ
1092 619 1154 672 τὸ
1191 615 1328 674 εἶναι
1375 623 1656 692 ἀγένητον·
1701 624 1780 694 τῷ

209 712 314 778 ἁρα
342 708 497 780 κακῷ
533 708 814 782 οὐδέτερον
849 709 1054 765 τούτων
1081 713 1330 784 ὑπάρχει.
1364 714 1454 784 Μὴ
1491 713 1550 767 ὃν
1579 716 1686 786 ἄρα
1718 717 1778 769 τὸ

208 800 398 853 κακόν.

279 892 395 954 Πᾶς
414 893 441 944 ὁ
467 891 701 961 εὐλόγως
737 893 1058 966 όρεγόμενός
1096 913 1240 959 τινος
1261 936 1275 958 ,
1319 898 1781 972 ἐπιτετευγμένην

203 983 320 1053 ἔχει
358 984 456 1055 τὴν
499 985 698 1056 ὄρεξιν,
736 989 784 1040 εἰ
831 989 1065 1057 εὐλόγως
1094 990 1363 1061 ὀρέγεται.
1413 993 1543 1056 Θεὸς
1585 994 1641 1047 δὲ
1685 994 1777 1048 τοῦ

205 1077 428 1148 φθεῖραι
453 1079 548 1150 τὴν
579 1080 779 1134 κακίαν
815 1080 1084 1153 ὀρέγεται·
1114 1084 1220 1136 τῶν
1242 1084 1494 1157 φθαρτῶν
1516 1088 1622 1158 ἄρα
1663 1089 1779 1142 ἐστὶ

203 1171 239 1239 ὴ
296 1170 484 1225 κακία.
541 1172 660 1224 Τῶν
695 1172 750 1225 δὲ
800 1174 1052 1246 φθαρτῶν
1104 1173 1264 1242 οὖσα,
1329 1179 1774 1252 ἁφανισθήσεταν

191 1261 577 1334 ἀφανιζομένη
603 1263 679 1329 δὲ,
708 1263 806 1317 οὐκ
839 1265 986 1319 ἔστιν
1020 1267 1300 1340 ἀγένητος.

279 1443 344 1495 Εἰ
381 1443 644 1514 ἀγένητον
671 1445 730 1498 τὸ
764 1446 952 1512 κακὸν,
987 1448 1129 1503 κατὰ
1168 1450 1327 1519 φύσιν
1365 1453 1513 1525 αὐτῷ
1541 1457 1775 1529 ὑπάρχει

195 1533 261 1586 τδ
319 1536 488 1588 κακον
538 1531 698 1590 εἶναι.
749 1536 936 1602 Οὐδεὶς
983 1539 1039 1592 δὲ
1083 1541 1142 1595 τὸ
1174 1543 1315 1597 κατὰ
1345 1545 1506 1614 φύσιν
1539 1551 1775 1620 ἐνεργῶν

196 1627 530 1698 ἁμαρτάνει.
573 1629 647 1682 Τὸ
683 1629 788 1701 ἄρα
830 1633 996 1685 κακὸν
1038 1634 1136 1705 οὐχ
1172 1637 1493 1708 ἁμαρτάνει”
1529 1641 1588 1695 τὸ
1613 1643 1669 1696 δὲ
1700 1643 1772 1715 μὴ

1887 543 2048 582 mune
2089 541 2192 583 est.
2237 529 2414 597 Quare
2470 535 2712 596 omnino,
2769 538 2911 605 quod
2961 540 3050 592 uni
3101 541 3264 608 inest,
3298 545 3452 600 alteri

1884 632 1987 670 nou
2024 617 2197 674 inesse
2232 635 2454 677 necesse
2502 632 2607 678 cst.
2663 625 2807 680 lnest
2847 637 3024 681 autem
3050 630 3189 685 bono
3223 646 3340 688 esse
3371 635 3447 688 iu-

1881 709 2155 776 geuitum;
2189 711 2327 765 malo
2349 713 2512 784 igitur
2546 727 2794 772 neutrum
2821 719 3014 774 horum
3045 721 3208 777 inest.
3242 723 3441 781 Malum

1881 803 2062 872 itaque
2097 805 2229 858 nihil
2257 815 2361 860 est.

1951 896 2266 965 Quicunque
2318 913 2431 952 rem
2484 899 2714 970 aliquam
2775 902 2876 957 rite
2929 905 3151 973 expetit,
3199 906 3326 960 dum
3378 907 3450 962 ita

1879 996 2116 1056 expetat,
2151 988 2282 1042 nihil
2311 989 2481 1058 ipsum
2523 1002 2664 1046 vetat
2703 995 2939 1062 expetito
2985 997 3170 1066 potiri.
3233 998 3451 1068 Expetit

1879 1088 2054 1131 autem
2084 1079 2219 1134 Deus
2250 1081 2511 1135 malitiam
2542 1084 2836 1140 interitioni
2905 1089 3068 1141 dare:
3105 1089 3266 1157 igitur
3294 1091 3450 1145 mali-

1883 1173 1951 1225 tia
1992 1186 2176 1228 eorum
2205 1184 2306 1240 est,
2342 1189 2460 1244 quae
2488 1178 2784 1232 interitioui
2825 1180 3058 1236 obnoxia
3112 1192 3256 1238 sunt.
3314 1183 3445 1251 Qu:e

1879 1274 2056 1318 autem
2085 1280 2148 1319 ex
2182 1280 2365 1320 eorum
2395 1283 2595 1338 genere
2640 1271 2711 1325 sit
2748 1286 2869 1340 qua:
2909 1273 3199 1342 intereant,
3246 1277 3446 1332 delebi-

1879 1365 1994 1422 tur;
2025 1372 2142 1425 qua:
2173 1369 2350 1413 autem
2379 1362 2641 1428 deleatur,
2678 1363 2818 1417 haud
2850 1364 3080 1434 ingenita
3118 1374 3220 1421 est.

1949 1447 2003 1502 Si
2035 1450 2228 1503 malum
2269 1450 2566 1522 ingenitum
2596 1462 2696 1516 est,
2729 1453 2801 1508 illi
2841 1467 2905 1507 ex
2957 1464 3145 1508 natura.
3198 1464 3281 1511 est
3326 1471 3448 1512 esse

1877 1541 2097 1596 malum.
2152 1541 2319 1596 Nemo
2371 1554 2549 1598 autem
2607 1556 2810 1613 peccat,
2870 1547 2997 1600 dum
3055 1547 3104 1600 id
3147 1556 3364 1616 praestat
3394 1558 3449 1604 ct

1873 1645 2151 1703 operatur,
2205 1637 2344 1703 quod
2401 1645 2485 1690 est
2541 1650 2604 1691 ex
2657 1647 2869 1691 natura.
2905 1637 3098 1692 Malum
3133 1640 3298 1709 igitur
3338 1657 3442 1695 uou

194 1717 538 1787 ἁμαρτάνον,
571 1719 669 1790 οὐχ
717 1722 985 1778 ὑπαίτιον.
1037 1725 1314 1792 ’Υπαίτιος
1344 1730 1399 1782 δὲ
1431 1731 1460 1782 ὁ
1507 1732 1768 1798 Σατανᾶς·

197 1825 230 1827 _,
291 1809 362 1827 ,.
476 1811 488 1827 .
551 1811 561 1827 .

1877 1736 2084 1795 peccat.
2112 1725 2263 1792 Quod
2294 1737 2471 1782 autem
2499 1743 2600 1782 non
2637 1739 2842 1795 peccat,
2890 1729 2941 1782 in
2981 1731 3135 1799 culpa
3182 1747 3285 1786 non
3339 1742 3442 1786 est.

189 1825 300 1861 ουκ
328 1809 441 1864 ἄοα
465 1811 744 1878 άγέντητος.

1879 1819 2132 1898 Est/vero
2158 1817 2388 1874 Satanas
2417 1820 2468 1874 in
2491 1820 2645 1890 culpa
2673 1834 2736 1874 ac
2773 1836 2897 1877 reus
2924 1830 3035 1888 est;
3069 1837 3174 1877 non
3203 1837 3331 1891 ergo
3362 1824 3446 1879 in-

1875 1913 2088 1984 genitus
2118 1922 2220 1966 est.

1381 2067 1510 2124 CAP.
1553 2071 1634 2126 Ill.
1681 2072 1962 2140 Homines,
1999 2075 2101 2143 ﬁlii
2139 2074 2253 2128 irw.

279 2167 346 2220 Ἡ
376 2165 496 2221 θεία
528 2165 635 2254 γὰρ
663 2167 853 2240 Γραφὴ
886 2168 994 2223 τῶν
1035 2172 1284 2241 πράξεων
1310 2177 1402 2230 καὶ
1433 2177 1540 2232 τῶν
1585 2182 1774 2254 ἐπιτη-

182 2259 506 2330 δευμάτων,
540 2253 618 2313 ὧν
656 2261 901 2316 ποιοῦσιν
946 2262 996 2315 οἰ
1037 2264 1340 2336 ἄνθρωποι,
1390 2269 1536 2338 λέγει
1577 2253 1772 2337 αὐτους

181 2348 336 2406 εῖναι
371 2353 522 2412 υἱοὺς
557 2353 653 2406 καὶ
680 2353 1012 2424 γεννήματα.
1049 2357 1185 2420 Τοὺς
1216 2358 1346 2426 γοῦν
1393 2363 1639 2433 ὀργίλους
1679 2370 1772 2421 καὶ

179 2446 294 2514 τὴν
335 2443 506 2515 ἄλλην
540 2444 810 2516 ἁμαρτίαν
853 2445 1093 2516 ἔχοντας,
1139 2449 1214 2514 ὡς
1257 2451 1342 2505 διὰ
1369 2454 1525 2509 τοῦτο
1555 2457 1772 2513 ὑποκεῖο

181 2537 323 2591 σθαι
359 2538 426 2606 τῇ
471 2536 611 2589 κατὰ
647 2537 865 2592 κόλασιν
896 2540 1054 2610 ὀργῇ,
1099 2542 1263 2596 τέκνα
1289 2544 1458 2617 ὀργῆς
1494 2548 1770 2619 ὀνομάζει,

181 2623 218 2704 ᾖ
245 2645 421 2700 φησιν
446 2630 474 2682 ὁ
504 2629 731 2694 Παῦλος·
765 2632 876 2686 Καὶ
903 2627 1054 2702 ἦμεν
1075 2634 1258 2702 φύσει
1276 2639 1454 2692 τέκνα
1477 2639 1678 2710 ὀργῆς,
1700 2643 1780 2710 ὠς

180 2721 292 2774 καὶ
308 2723 361 2774 οι
376 2723 596 2786 λοιποί.
613 2716 767 2777 Οὗτοι
787 2724 1135 2795 μεταϐάλλειν
1150 2726 1370 2782 δυνατὸν
1388 2730 1619 2800 (ὅθ’),ὡς
1639 2751 1710 2805 μη
1718 2751 1779 2788 κ-

181 2813 272 2867 έτι
318 2808 462 2866 εῖναι
513 2813 675 2866 τέκνα
703 2814 861 2885 φύσει
886 2816 1074 2888 ὀργῆς.
1096 2818 1305 2883 Παῦλος
1327 2819 1457 2889 γοῦν
1491 2823 1618 2894 περί
1647 2825 1775 2878 ἑαυ-

179 2904 307 2971 τοῦ,
339 2905 435 2959 καὶ
461 2905 568 2959 τῶν
597 2907 989 2979 παραπλησίως
1022 2910 1188 2978 ἁγίων
1227 2913 1630 2984 γεγενημένων,
1676 2916 1765 2969 λέ-

1945 2187 2130 2240 Divina
2154 2185 2456 2254 Scriptura,
2483 2185 2856 2254 operationum
2884 2187 3292 2258 studiorumque
3320 2188 3444 2260 qui-

1869 2277 1971 2332 bus
1999 2291 2059 2330 se
2088 2277 2336 2331 homines
2362 2276 2695 2345 impendunt,
2729 2277 2875 2345 ipsos
2898 2278 3034 2333 ﬁlios
3061 2293 3180 2333 esse
3219 2281 3350 2336 dicit
3380 2295 3445 2336 ac

1869 2367 2070 2436 proles.
2104 2365 2336 2420 Proinde
2370 2365 2678 2429 iracundos,
2714 2367 2914 2435 ullique
2941 2369 3032 2421 alii
3085 2369 3218 2424 vitio
3274 2387 3434 2426 man-

1869 2459 2074 2528 cipatos
2104 2459 2322 2528 (quippe
2344 2458 2434 2526 qui
2463 2471 2525 2511 ea
2571 2457 2778 2512 ratione
2800 2458 3046 2527 supplicii
3087 2461 3180 2514 irae
3221 2462 3440 2519 obnoxii

1878 2551 2163 2620 exsistant)
2201 2550 2338 2605 ﬁlios
2369 2551 2462 2604 irae
2494 2558 2682 2613 vocat;
2716 2552 3165 2617 quemadmodum
3203 2555 3279 2607 ait
3306 2553 3445 2608 Pau-
3509 2579 3516 2585 -

1876 2643 1958 2696 lus
1987 2657 2003 2694 :
2037 2640 2104 2694 Et
2135 2657 2344 2695 eramus
2374 2653 2563 2694 natura
2587 2641 2686 2709 ﬁlii
2732 2641 2848 2707 irw,
2903 2651 3037 2696 sicut
3084 2654 3132 2696 et
3179 2645 3441 2699 caueri”.

1873 2731 1982 2786 Hos
2005 2732 2198 2786 mutari
2242 2732 2375 2784 nihil
2413 2741 2577 2792 vetat.
2606 2741 2662 2788 ut
2697 2747 2804 2786 non
2835 2731 2944 2786 sint
2975 2732 3206 2801 amplius
3250 2743 3440 2789 natura

1872 2822 1966 2876 ﬁlii
2004 2820 2115 2876 iraa.
2149 2820 2350 2875 Paulus
2385 2820 2730 2892 deniquende
2760 2835 2818 2876 se
2848 2821 2983 2890 ipse.
3010 2822 3183 2890 deque
3214 2823 3319 2878 illis
3346 2823 3437 2893 qui

1870 2912 1982 2981 pari
2017 2912 2228 2966 ratione
2261 2912 2431 2965 sancti
2481 2922 2794 2978 evaserunt,
2825 2912 2922 2980 ait,
2971 2911 3200 2967 Eramus
3247 2923 3440 2969 natura

180 3014 296 3066 γει,
323 2997 410 3049 ὅτι
439 2992 630 3065 Ἦμεν
649 2999 826 3066 φύσει
877 2997 1056 3054 τέκνα
1090 3001 1302 3071 ὀργῆς,
1333 3005 1413 3070 ὡς
1435 2981 1536 3058 καὶ
1556 3009 1608 3060 οἱ
1639 3011 1765 3062 λοι-

1871 3004 1966 3072 ﬁlii
2007 3005 2134 3069 ἕνα),
2188 3003 2322 3056 sicut
2367 3011 2417 3055 et
2466 3003 2639 3056 ceteri
2685 3003 2946 3064 homines,
2999 3005 3089 3072 qui
3137 3003 3242 3059 huc
3272 3019 3443 3075 usque

182 3089 293 3142 ποῖ
341 3088 639 3160 ἄνθρωποι,
695 3091 743 3143 οἰ
798 3091 966 3145 εἰσέτι
1008 3092 1165 3166 δεῦρο
1201 3095 1258 3146 ὲν
1310 3096 1386 3167 τῷ
1431 3098 1766 3168 ἁμαρτάνειν

181 3182 376 3245 ὄντες·
417 3182 810 3254 προσκείμενον
846 3184 900 3238 δὲ
938 3184 998 3238 τὸ
1036 3186 1216 3256 φύσει,
1255 3189 1315 3240 οὑ
1340 3188 1398 3241 τὸ
1436 3190 1575 3244 κατά
1607 3191 1766 3260 φύσιν

186 3273 474 3343 σημαίνει,
526 3274 660 3328 ἀλλὰ
706 3275 765 3328 τὸ
803 3275 1048 3348 ἀληθείᾳ.
1090 3278 1162 3330 Τὸ
1201 3280 1336 3351 γὰρ,
1366 3275 1558 3349 Ἦμεν
1585 3283 1765 3349 φύσει

189 3365 373 3418 τέκνα
421 3363 626 3433 ὀργῆς,
664 3363 829 3434 λέγει,
857 3366 1051 3437 δηλῶν,
1088 3368 1167 3421 ὅτι
1203 3368 1429 3440 ἀληθείᾳ
1476 3369 1766 3426 ὑπεύθυνοι

197 3455 327 3526 ὀργῇ
372 3456 732 3526 τυγχάνουσιν
771 3458 821 3510 οἰ
857 3458 1282 3528 ἁμαρτάνοντες·
1312 3459 1499 3531 ὥσπερ
1525 3461 1582 3512 δὲ
1623 3461 1765 3514 κατὰ

203 3547 354 3614 φύσιν
373 3547 565 3601 τέκνον
589 3547 756 3618 ὀργῆς
779 3548 983 3617 γίνεται
1007 3549 1086 3621 τῷ
1110 3554 1345 3604 συνεῖναι
1367 3552 1513 3623 αὐτῷ
1546 3555 1762 3617 κακίαν,

201 3639 333 3692 οὕτω
359 3637 682 3710 μεταϐαλὼν
703 3640 958 3712 ἀληθείας
981 3641 1188 3709 γίνεται
1214 3642 1400 3696 τέκνον
1420 3644 1513 3695 καὶ
1541 3644 1762 3715 ἀρετῆς.

193 3731 420 3802 Εἴρηται
457 3731 589 3798 γοῦν
623 3732 749 3803 περί
788 3749 946 3786 τινων
982 3734 1085 3787 ὑπὸ
1103 3734 1197 3786 τοῦ
1223 3735 1471 3806 Σωτῆρος
1504 3735 1725 3788 τοιαῦτα
1746 3753 1760 3766 ⁸

192 3823 539 3890 Ἐὃικαιώθη
567 3825 605 3892 ἡ
635 3826 820 3893 σοφία
840 3827 956 3880 ἀπὸ
986 3825 1106 3880 τῶν
1130 3827 1354 3880 τέκνων
1379 3827 1586 3897 αὐτῆς·
1603 3829 1765 3883 τέκνα

189 3918 391 3986 σοφίας
424 3919 550 3980 τοὺς
586 3919 781 3986 σοφοὺς
803 3918 994 3985 λέγων.
1027 3920 1182 3972 Ἐπεὶ
1215 3919 1322 3991 γὰρ
1355 3921 1402 3971 οἰ
1431 3920 1596 3974 τέκνα
1621 3922 1765 3985 τινὸς

184 4009 362 4072 ὅντες,
403 4009 468 4060 ὲκ
501 4007 595 4061 τοῦ
629 4010 880 4074 τεκόντος
916 4011 1127 4081 ἔχουσιν
1174 4011 1234 4065 τὸ
1277 4008 1444 4065 εῖναγ
1491 4013 1671 4083 ἔχουσι
1707 4014 1762 4067 δὲ

183 4100 278 4153 καὶ
300 4101 353 4152 οἱ
374 4101 519 4152 ποιοὶ
543 4101 604 4154 τὸ
636 4099 772 4155 εἶναι
805 4103 868 4156 ὲκ
894 4104 992 4173 τῆς
1029 4103 1308 4174 ποιότητος
1338 4104 1436 4173 τῆς
1473 4121 1762 4176 προσγενο-

185 4192 360 4262 μένης
375 4194 580 4256 αὐτοῖς⁸
596 4194 815 4258 εἰκότως
842 4195 890 4249 οἱ
905 4196 1045 4248 ποιοὶ
1073 4197 1235 4249 τέκνα
1259 4197 1349 4250 καὶ
1375 4199 1476 4250 υἱοὶ
1499 4198 1597 4267 τῆς
1621 4200 1765 4252 ποιό-

184 4299 350 4352 τητος
388 4283 760 4354 ὀνομάζονται,
803 4285 892 4348 Ὠς
931 4285 1039 4356 γὰρ
1072 4287 1282 4358 εἴρηται
1313 4287 1418 4340 ὑπὸ
1463 4288 1554 4341 τοῦ
1585 4290 1701 4341 Σωτ

185 4390 282 4444 ρος
311 4371 558 4435 τοιαῦτα,
595 4366 752 4426 Οὗτοι
790 4374 848 4427 δέ
890 4377 1026 4428 εἰσιν
1068 4376 1118 4428 οἰ
1148 4377 1300 4444 σοφοὶ
1331 4377 1520 4446 σοφίας
1566 4379 1758 4432 τέκνα·

183 4463 335 4516 οὕτω
367 4465 462 4515 καὶ
489 4463 681 4528 ἄλλους
721 4466 869 4528 υἱοὺς
902 4468 1123 4538 εἰρήνης
1151 4468 1588 4539 προσηγόρευσεν
1609 4510 1622 4532 ,
1655 4470 1760 4538 φά-

184 4573 336 4608 σκων
366 4557 480 4618 τοῖς
517 4555 811 4626 μαθηταῖςο
854 4559 997 4611 Ἐὰν
1035 4558 1342 4628 εἰσέλθητε
1371 4561 1457 4626 εἰς
1494 4562 1692 4622 πόλιν,
1721 4561 1760 4628 ἢ

181 4651 270 4712 εἰς
301 4648 523 4712 οἰκίαν,
554 4649 648 4701 καὶ
667 4645 708 4719 ᾗ
729 4649 854 4703 ἐκεῖ
875 4651 1002 4717 υἱὸς
1021 4651 1285 4721 εἰρήνης,
1309 4653 1347 4719 ἡ
1369 4651 1575 4721 εἰρήνη
1597 4653 1764 4721 ὑμῶν

182 4742 240 4808 (ἡ
276 4739 532 4807 διδομένη
582 4741 646 4810 τῇ
689 4725 874 4805 πόλεδ,
909 4741 942 4811 ἢ
982 4744 1046 4812 τῇ
1077 4742 1245 4813 οἰκίᾳ)
1275 4743 1764 4796 ἐπαναπαύσεται

181 4831 286 4884 ἐπὶ
316 4833 429 4885 τὸν
445 4832 590 4885 ὄντα
613 4834 670 4885 ἐν
698 4834 833 4904 αὐτῇ
868 4833 982 4886 υἱὸν
1011 4835 1252 4906 εἰρήνης.

1706 4289 1841 4382 ﬁ'n

1869 3103 1995 3150 sunt
2024 3095 2076 3147 in
2107 3103 2348 3163 peccato.
2381 3092 2513 3146 lllttd
2557 3103 2734 3146 autem
2787 3093 2928 3162 qu‘od
2975 3092 3287 3161 adjttuctum
3331 3104 3437 3155 est.

1869 3198 2079 3252 natura,
2112 3202 2215 3240 non
2258 3187 2359 3239 hoc
2391 3185 2656 3256 signiﬁcat
2680 3186 2818 3254 quod
2852 3201 2917 3240 ex
2947 3196 3138 3241 natura
3186 3197 3289 3251 est,
3343 3189 3438 3242 sed

1866 3279 2008 3348 quod
2043 3293 2186 3332 vere.
2219 3277 2329 3333 lluc
2360 3278 2503 3332 enim
2534 3277 2685 3342 dicit,
2721 3275 2945 3329 Erantus
2968 3287 3158 3330 natura
3180 3277 3281 3347 ﬁlii
3304 3279 3438 3344 inc;

1867 3376 1926 3418 ut
1959 3365 2215 3431 declaret,
2255 3381 2382 3419 vere
2408 3365 2500 3417 ine
2555 3365 2823 3420 obnoxios
2868 3380 3010 3432 esse,
3061 3367 3150 3435 qui
3195 3379 3437 3436 peccant.

1867 3457 2324 3523 Quemadmodum
2365 3466 2545 3510 autem
2581 3467 2770 3510 natura
2798 3457 2935 3511 ﬁlius
2967 3459 3062 3512 ira:
3096 3458 3348 3524 eﬁiritur,
3374 3473 3439 3515 ea

1867 3549 2075 3602 ratione
2126 3551 2267 3617 quod
2319 3549 2371 3601 in
2423 3557 2646 3616 peccato
2689 3559 2970 3614 versatur;
3005 3551 3084 3604 sic
3117 3551 3436 3614 mutatione,

1867 3639 2113 3692 veritatis
2148 3639 2288 3692 ﬁlius
2313 3648 2474 3708 atque
2501 3639 2715 3692 virtutis
2742 3640 2944 3692 evadit.
2975 3639 3212 3708 Denique
3231 3640 3434 3694 dictum

1866 3739 1951 3784 est
1997 3731 2060 3783 de
2100 3729 2416 3798 quibusdam
2464 3744 2492 3782 a
2545 3727 2823 3784 Salvatore
2853 3747 2866 3782 :
2898 3727 3206 3797 Justiﬁcata
3235 3739 3309 3784 est
3337 3746 3431 3784 sa-

1864 3822 2059 3891 pientia
2083 3839 2116 3874 a
2147 3822 2271 3888 ﬁliis
2304 3821 2411 3874 suis
2433 3821 2518 3888 '9;
2567 3821 2846 3890 sapientia:
2875 3821 3012 3876 ﬁlios
3041 3831 3266 3877 vocante
3321 3838 3434 3885 eos,

1865 3914 1954 3982 qui
2013 3915 2121 3968 sint
2174 3914 2465 3982 sapientes.
2523 3914 2656 3979 Quia
2695 3913 2907 3966 .etenitu
2955 3914 3044 3982 qui
3089 3913 3313 3981 alicujus
3341 3914 3435 3968 ﬁlii

1869 4013 2015 4068 Sunt,
2048 4019 2075 4057 a
2105 4014 2327 4074 parente
2354 4018 2475 4058 esse
2506 4004 2720 4068 habent,
2755 4003 2895 4071 quod
2954 4003 3257 4070 exsistunt;
3311 4007 3436 4075 qui-

1869 4110 1974 4165 que
2002 4097 2137 4149 adeo
2169 4096 2355 4149 imbuti
2385 4096 2645 4164 qualitate
2679 4105 2823 4161 sunt,
2867 4110 2932 4150 ex
2961 4111 3022 4150 ea
3065 4113 3186 4167 qua:
3222 4097 3326 4152 illis
3343 4113 3436 4154 ac-

1865 4189 2029 4242 cessit
2078 4189 2358 4258 qualitate,
2405 4189 2794 4242 nanciscuutur
2844 4197 2901 4241 ut
2953 4189 3100 4252 sint;
3139 4190 3331 4244 merito
3354 4188 3437 4244 sic

1869 4281 2058 4334 imbuti
2115 4280 2393 4350 qualitate,
2449 4281 2722 4349 qualitatis
2773 4281 2867 4334 ﬁlii
2937 4290 3316 4350 nuncupantur
3371 4295 3438 4335 ac

1870 4373 2002 4426 nati.
2036 4371 2186 4426 Sicut
2217 4372 2358 4426 enim
2385 4386 2412 4423 a
2447 4371 2739 4426 Servatore
2765 4371 3065 4426 istiusmodi
3095 4373 3296 4424 dictum
3328 4380 3436 4436 est,

1869 4463 1930 4518 lli
1952 4465 2224 4533 sapientes
2247 4475 2373 4518 sunt
2395 4464 2673 4532 sapientim
2699 4463 2818 4528 ﬁlii;
2855 4465 2924 4517 ita
2952 4464 3113 4518 etiam
3135 4464 3270 4518 alios
3301 4463 3438 4518 ﬁlios

1867 4555 2014 4623 pacis
2055 4555 2360 4624 appellavit,
2402 4555 2527 4607 dum
2557 4553 2632 4606 ait
2671 4552 2948 4620 discipulis
2977 4552 3058 4606 °°:
3096 4551 3227 4606 Cum
3260 4554 3435 4606 intra-

1868 4649 2040 4699 ceritis
2069 4649 2121 4698 in
2145 4647 2406 4699 civitatem
2435 4654 2528 4698 aut
2559 4645 2794 4709 domum,
2828 4655 2874 4698 et
2922 4646 2968 4698 si
3009 4644 3079 4698 ibi
3106 4645 3262 4713 fuerit
3291 4646 3436 4714 ﬁlius

1866 4738 2035 4806 pacis,
2065 4754 2170 4804 pax
2193 4748 2361 4791 vestra
2389 4737 2524 4806 (ipsa
2553 4752 2672 4806 quae
2699 4737 2858 4790 datur
2878 4737 3081 4790 civitati
3106 4746 3198 4790 aut
3228 4738 3434 4808 domui)

1867 4831 2144 4898 requiescet
2169 4845 2324 4898 super
2353 4830 2524 4895 illum,
2555 4830 2646 4899 qui
2683 4830 2734 4884 itt
2759 4843 2822 4884 ea
2853 4840 2932 4883 est
2965 4829 3104 4884 ﬁlius
3142 4830 3312 4900 pacis.

1243 4946 1373 5002 CAP.
1418 4945 1502 5001 IV.
1560 4944 1848 4999 Prudentia
1894 4944 2126 5012 filiorum
2176 4942 2377 4996 swculi.

255 5039 430 5093 Πάλιν
459 5041 487 5092 ό
515 5040 673 5104 αὐτὸς
702 5040 890 5114 Σωτήρ
925 5057 1121 5112 φησιν’
1149 5042 1574 5111 Φρονιμὼτεροί
1607 5041 1766 5094 εἰσιν

182 5136 238 5187 οἰ
267 5133 385 5186 υἱοὶ
420 5131 526 5184 τοῦ
559 5130 772 5198 αἰῶνος
815 5131 1028 5186 τούτου
1071 5133 1221 5201 ὑπὲρ
1263 5133 1404 5198 τοὺς
1450 5132 1620 5197 υἱοὺς
1661 5131 1767 5186 τοῦ

181 5225 406 5294 φωτὸς,
439 5224 512 5276 ἐν
531 5222 608 5291 τῇ
633 5223 806 5293 γενεᾷ
830 5223 903 5288 τῇ
928 5222 1172 5277 ἑαυτῶν·
1207 5224 1352 5286 υἱοὺς
1374 5223 1549 5291 φωτὸς
1593 5221 1767 5290 λέγων

183 5321 312 5380 τοὺς
356 5317 806 5386 πεφωτισμένους
847 5319 912 5386 τῇ
965 5314 1162 5383 γνώσει
1215 5314 1315 5382 τῆς
1370 5314 1624 5386 ἀληθείας
1668 5314 1762 5366 καὶ

182 5410 300 5470 τοῖς
329 5407 515 5478 ἔργοις
550 5407 648 5476 τῆς
685 5407 903 5478 ἀρετῆς.
945 5406 1086 5477 Πρὸς
1119 5405 1210 5471 οὓς
1241 5408 1333 5459 καὶ
1372 5406 1486 5475 φῶς
1533 5423 1758 5476 γεγενη-

264 5589 310 5622 ⁶⁸
352 5586 550 5657 Ephes.

628 5599 688 5645 tt.
717 5583 769 5639 5.
842 5583 888 5615 ⁸³
937 5580 1127 5636 Matth.
1156 5595 1232 5644 II,
1267 5579 1350 5633 l9.
1425 5579 1470 5609 °°
1509 5578 1636 5633 Luc.
1671 5595 1726 5642 ι,
1752 5579 1864 5634 5-8.

1938 5037 2146 5091 Rursus
2179 5038 2316 5090 idem
2339 5034 2586 5088 Salvator
2631 5037 2704 5088 ait
2735 5053 2747 5088 :
2783 5033 3156 5088 l’rudentiores
3183 5043 3305 5088 sunt
3332 5033 3436 5103 ﬁlii

1865 5129 2022 5196 huius
2044 5126 2219 5181 swculi
2254 5126 2379 5194 ﬁliis
2406 5126 2536 5178 lucis
2568 5127 2623 5178 in
2656 5127 2986 5195 generatione
3032 5127 3207 5179 sua“.
3231 5125 3437 5196 Nempe

1868 5221 2000 5274 lucis
2034 5220 2170 5274 ﬁlios
2199 5233 2422 5281 vocans,
2456 5217 2546 5287 qui
2577 5218 2803 5271 scientia
2841 5217 3086 5272 veritatis
3124 5233 3186 5273 ac
3218 5218 3435 5273 virtutis

1869 5313 2120 5382 operibus
2154 5312 2259 5367 sint
2285 5312 2589 5366 illuminati.
2623 5313 2700 5365 Ad
2736 5328 2892 5382 quos.
2932 5312 3026 5382 qui
3076 5321 3130 5366 et
3164 5312 3250 5366 lux
3304 5311 3436 5366 facti

1867 5415 2069 5469 essent,
2095 5407 2291 5476 quippe
2310 5404 2446 5459 ﬁlios
2467 5404 2620 5469 lucis,
2649 5405 2756 5458 ait:
2787 5403 2888 5459 Vas
2905 5406 3026 5490 estis
3049 5403 3141 5460 lux
3167 5404 3347 5458 mundi
3367 5403 3434 5456 θ’.

1942 5581 1982 5612 ⁶¹
2027 5582 2155 5640 Luc.
2180 5595 2290 5642 ενι,
2317 5580 2366 5642 8,
2447 5571 2491 5612 ⁶¹
2533 5580 2782 5645 Matth.v,
2809 5581 2895 5643 Η.

1869 5669 1900 5695 ὕ

262 5721 400 5793 (50‘)
434 5718 721 5772 Δυνατόν.
755 5717 834 5771 An
869 5715 1152 5786 legendum
1183 5714 1431 5768 δυνατοίῗ
1464 5714 1620 5769 Eun".
1651 5713 1886 5772 PATBOL.
