3894 6404
370 318 502 374 1091

1594 320 1832 376 DlDYMl
1869 321 2332 380 ALEXANDRINI

3457 327 3477 380 l
3489 321 3594 381 09⁷3

365 425 473 480 Eos
499 433 674 480 autem
713 440 803 496 qm
836 429 1118 498 praesentis
1172 431 1294 485 vita:
1345 446 1529 488 amore
1574 442 1842 498 tenentur,
1874 446 1921 491 et

2031 437 2242 507 μένους,
2276 437 2364 490 διά
2391 437 2450 490 τὸ
2476 437 2758 508 τυγχάνειν
2785 437 2960 508 φωτὸς
2995 439 3163 504 υἰοὺς,
3191 437 3358 507 λέγει·
3398 435 3595 506 Ὑμεῖς

375 519 442 567 ad
465 529 584 569 eam
619 517 858 572 referunt
885 534 1214 591 quaecunque
1231 534 1545 591 operantur,
1575 527 1754 581 δωρειιὶ
1772 530 1927 598 hujus

361 603 503 672 ﬁlios
537 606 855 662 nominavit.
888 609 1202 680 Quanquam
1250 628 1379 668 vero
1407 615 1567 668 etiam
1603 617 1929 684 prudentio—

363 709 454 750 res
480 695 619 750 dixit
649 698 772 753 iiliis
801 699 968 762 lucis,
1001 718 1104 758 non
1137 703 1451 772 simpliciter
1483 708 1618 761 dixit
1649 724 1770 764 esse
1800 725 1927 780 pru-

362 788 667 854 dentiores;
704 793 796 845 sed
828 793 880 845 in
910 797 1238 861 generatione
1277 814 1407 862 sua;
1444 799 1495 852 id
1545 810 1648 866 est,
1684 802 1737 856 in
1772 804 1929 858 rebus

361 879 428 932 ad
461 881 562 934 hoc
591 883 845 936 saeculum
897 890 1339 954 accommodatis,
1390 893 1766 958 prudentiores
1806 903 1932 949 sunt

363 969 487 1024 ﬁliis
538 973 690 1026 lucis.
744 971 1009 1040 Sapientes
1055 981 1197 1033 enim
1251 992 1374 1036 sunt
1416 995 1471 1037 ut
1525 985 1929 1054 faciantmala:

361 1063 486 1116 bene
535 1075 706 1118 autem
755 1067 927 1134 facere
966 1073 1251 1125 nescierunt
1269 1075 1334 1130 ⁸³,
1386 1076 1525 1142 Quin
1571 1090 1626 1132 et
1673 1081 1738 1132 de
1793 1079 1928 1134 Juda

361 1156 618 1223 scriptum
651 1167 756 1220 est,
789 1173 912 1213 esse
947 1176 1068 1215 eum
1101 1164 1273 1232 ﬁlium
1309 1169 1634 1232 perditionis.
1670 1169 1760 1224 Sic
1787 1172 1928 1224 enim

362 1243 619 1302 Dominus
663 1249 726 1303 de
786 1249 875 1305 illo
933 1253 1102 1308 dixit:
1151 1254 1236 1309 Ea:
1286 1257 1555 1324 discipulis
1602 1262 1727 1314 meis
1782 1278 1928 1315 nemo

360 1337 531 1400 periit,
567 1339 666 1391 nisi
696 1339 841 1406 [ilius
863 1343 1174 1408 perditionis
1194 1346 1258 1398 “.
1289 1347 1482 1401 Filium
1527 1360 1704 1404 autem
1751 1353 1930 1420 perdi-

363 1428 524 1482 tionis
553 1430 786 1492 vocavit,
821 1435 960 1500 quod
987 1449 1050 1488 ea
1083 1435 1270 1491 fecerit
1321 1454 1440 1505 quae
1489 1449 1615 1494 sunt
1667 1442 1927 1510 perditio-

361 1519 468 1582 nis,
496 1533 858 1591 merguntque
898 1524 949 1577 in
984 1526 1282 1583 interitum.
1317 1527 1429 1582 Non
1469 1530 1608 1584 enim
1640 1531 1760 1585 talis
1789 1541 1926 1595 erat.

361 1619 480 1660 cum
515 1623 652 1663 unus
674 1619 818 1665 esset
849 1628 914 1669 ex.
965 1615 1240 1683 apostolis,
1276 1631 1338 1670 ac
1383 1633 1502 1670 cum
1537 1619 1616 1672 eis
1664 1617 1924 1674 Salvatori

361 1695 565 1763 pariter
589 1700 958 1770 ministraret;
993 1707 1086 1759 sed
1129 1720 1250 1759 cum
1297 1705 1415 1760 Filii
1441 1707 1534 1760 Dei
1567 1706 1726 1774 atque
1759 1708 1927 1779 Magi-

2028 527 2167 580 ἐστε
2193 527 2258 580 τὸ
2294 526 2418 596 φῶς
2460 527 2565 581 τοῦ
2587 529 2836 596 κόσμου’
2876 529 3002 592 τοὺς
3023 528 3079 582 δὲ
3109 528 3498 598 ἀγαπήσαντας
3534 525 3596 577 τὸ

2030 619 2201 689 παρὸν
2234 617 2352 690 ζῇν,
2385 621 2478 672 καὶ
2510 619 2646 691 πρὸς
2689 620 2821 673 αὐτὸ
2864 621 3069 683 πάντα,
3101 619 3136 674 ἃ.
3169 618 3434 682 ποιοῦσιν,
3468 619 3598 671 ἀνα·

2031 709 2312 780 φέροντας,
2353 710 2520 776 υἱοὺς
2571 709 2783 776 αἰῶνος
2812 713 3021 765 τούτου
3051 710 3346 780 ὠνόμασεν.
3379 706 3517 760 Ἀλλ’
3549 709 3598 762 εἰ

2030 802 2124 853 καὶ
2169 797 2318 854 εἶπεν
2365 792 2592 864 τούτους
2644 801 3082 872 φρονιμωτέρους
3111 800 3250 870 ὑπὲρ
3297 799 3420 861 τοὺς
3449 796 3598 860 υἰοῦς

2029 890 2124 944 τοῦ
2142 893 2336 962 φωτὸς,
2375 894 2434 946 ού
2459 893 2711 958 καθάπαξ
2738 895 2932 956 αὐτοὺς
2953 889 3106 946 εἶπεν
3138 887 3594 964 φρονιμωτέρους,

2031 983 2144 1037 ἀλλ’
2161 984 2229 1036 ἐν
2249 983 2325 1052 τῇ
2355 983 2785 1055 ἐαυτῶντεωεᾷ·
2807 985 3100 1044 τουτέστιν,
3121 985 3177 1034 ἐν
3199 983 3310 1045 τοῖς
3337 979 3596 1051 πράγμα-

2033 1090 2116 1126 σιν
2141 1076 2253 1136 τοῖς
2285 1073 2641 1126 οἰκειωθεῖσιν
2679 1073 2852 1144 τούτῳ
2888 1072 2964 1143 τῷ
2997 1071 3174 1134 αἰῶνι,
3201 1067 3596 1140 φρονιμώτεροι

2029 1166 2134 1218 τῶν
2159 1165 2252 1219 τοῦ
2290 1167 2464 1235 φωτὸς
2517 1166 2648 1218 υἱῶν
2687 1167 3060 1236 τυγχάνουσιν.
3097 1161 3277 1230 Σοφοὶ
3327 1159 3436 1231 γάρ
3477 1161 3598 1212 εἰσι

2031 1256 2135 1310 τοῦ
2164 1256 2581 1326 κακοποιῆσαι·
2605 1257 2672 1311 τὸ
2713 1257 2781 1310 δὲ
2815 1255 3014 1322 καλῶς
3040 1254 3285 1324 ποιῆσαι
3337 1255 3408 1308 οὐ
3443 1268 3596 1307 συν-

2030 1346 2204 1416 ῆκαν.
2234 1349 2341 1401 Καὶ
2367 1350 2492 1420 περὶ
2520 1349 2611 1402 τοῦ
2636 1349 2801 1402 Ἰούδα
2831 1349 2888 1403 δὲ
2916 1349 3242 1420 γέγραπται,
3267 1347 3342 1411 ὡς
3369 1347 3450 1418 εἴη
3481 1345 3598 1408 υἰὸς

2029 1437 2322 1502 ἀπωλείας.
2374 1439 2434 1492 Ὀ
2457 1439 2566 1510 γὰρ
2594 1439 2797 1510 Κύριος
2824 1440 2953 1510 περὶ
2981 1437 3145 1492 αὑτοῦ
3175 1434 3348 1498 εἶπεν,
3378 1437 3459 1490 ὅτι
3488 1439 3598 1491 Οὐ·

2029 1522 2154 1596 δείς
2178 1530 2444 1585 ἀπώλετο
2483 1533 2552 1585 ἐκ
2589 1531 2706 1585 τῶν
2737 1531 3022 1600 μαθητῶν
3049 1547 3188 1602 μου,
3221 1533 3273 1583 εἰ
3302 1529 3386 1599 μὴ
3410 1532 3442 1583 ὁ
3468 1527 3599 1593 υἰὸς

2031 1621 2141 1689 τῆς
2176 1625 2493 1690 ἀπωλείας.
2542 1625 2837 1688 Ἀπωλείας
2883 1626 2938 1678 δὲ
2990 1624 3104 1678 υἱὸν
3130 1623 3288 1676 αὐτὸν
3317 1619 3488 1680 εἶπεν,
3518 1619 3598 1690 τῷ

2030 1715 2097 1768 τὰ
2123 1716 2221 1785 τῆς
2253 1717 2524 1780 ἀπωλείας
2552 1718 2906 1790 πεπραχέναι.
2936 1719 3010 1772 Οὐ
3031 1717 3138 1788 γὰρ
3171 1717 3260 1768 ὅτε
3291 1709 3370 1776 εἷς
3399 1709 3466 1784 ἦν
3488 1712 3596 1766 τῶν

360 1786 457 1840 stri
495 1789 736 1856 proditor
762 1792 985 1849 eilcctus
1018 1805 1119 1850 est.
1151 1796 1409 1866 Quodque
1435 1813 1501 1853 ex
1551 1810 1743 1854 natura
1786 1801 1921 1854 haud

2029 1807 2359 1874 ἀποστόλων,
2409 1811 2503 1864 καὶ
2552 1810 2784 1880 διηκόνει
2843 1812 2956 1882 ἅμα
2989 1809 3214 1872 ἐκείνοις
3249 1806 3328 1878 τῷ
3362 1805 3594 1874 Σωτῆρι.

361 1877 536 1932 malus
568 1891 732 1945 esset,
767 1884 931 1939 simul
962 1901 1083 1940 cum
1137 1889 1414 1958 discipulis
1464 1893 1714 1948 omnibus
1771 1894 1928 1946 audi-

363 1970 438 2021 vit
467 1987 480 2022 :
512 1969 644 2025 Ecce
675 1981 825 2028 mitto
861 1992 948 2029 vos
977 1978 1109 2030 sicut
1141 1996 1255 2032 oves
1289 1981 1344 2032 in
1390 1982 1559 2034 medio
1603 1984 1926 2052 luporum".

360 2059 418 2115 Si
447 2061 600 2131 lupos
633 2063 883 2121 diciteos
912 2071 1000 2136 qui
1045 2080 1290 2138 peccant,
1329 2087 1456 2126 oves
1506 2089 1634 2128 vero
1690 2090 1784 2130 eos
1837 2079 1927 2146 qui

359 2157 550 2211 virtuti
575 2169 774 2213 navant
805 2175 1022 2228 operam
1055 2178 1069 2217 :
1103 2165 1364 2234 siquidem
1392 2164 1557 2220 Judas
1585 2176 1776 2222 natura
1811 2186 1926 2222 nta-

358 2247 444 2302 lus
471 2257 610 2314 erat,
639 2251 755 2305 ovis
789 2251 988 2309 Christi
1025 2272 1129 2310 non
1180 2267 1328 2322 erat;
1363 2275 1486 2313 nam
1537 2275 1708 2329 neque
1758 2262 1926 2316 virtu-

363 2344 467 2388 tem
508 2345 682 2404 potest
707 2342 938 2408 cperari,
966 2343 1055 2412 qui
1085 2360 1180 2412 per
1207 2357 1452 2400 naturam
1477 2351 1653 2402 malus
1681 2359 1784 2405 est.
1817 2352 1924 2407 Sed

363 2440 534 2493 neque
562 2426 676 2495 ipse
705 2429 954 2487 diabolus
982 2449 1079 2500 per
1105 2445 1351 2491 naturam
1387 2438 1558 2494 malus
1586 2449 1688 2504 est,
1739 2444 1831 2497 sed
1857 2456 1923 2496 ex

361 2517 658 2572 mutatione
695 2519 876 2575 liberte
907 2523 1220 2579 voluntatis.

2028 1894 2096 1966 ἦν
2122 1898 2381 1964 τοιοῦτος,
2408 1901 2523 1954 ἀλλ’
2548 1903 2638 1956 ὅτε
2687 1902 2952 1975 προδότης
2984 1901 3172 1970 γέγονε
3213 1899 3307 1952 τοῦ
3340 1897 3470 1950 Υἰοῦ
3498 1895 3594 1948 τοῦ

2029 1989 2162 2044 Θεοῦ
2207 1993 2301 2044 καὶ
2354 1993 2706 2058 Διδασκάλου,
2743 1996 3035 2070 ἀγαπήσας
3083 1994 3151 2046 τὰ
3197 1996 3296 2063 τῆς
3321 1988 3598 2050 ἀπωλείας

2029 2081 2284 2153 ἀργύρια.
2322 2085 2431 2138 Καὶ
2462 2089 2544 2140 ὅτι
2576 2087 2636 2140 ού
2671 2088 2811 2141 κατὰ
2841 2087 3002 2158 φύσιν
3029 2081 3095 2156 ἦν
3114 2085 3299 2147 κακὸς,
3317 2082 3430 2153 ἅμα
3461 2082 3596 2134 πᾶσι

2028 2175 2140 2236 τοῖς
2162 2175 2428 2247 μαθηταῖς
2457 2177 2531 2231 ὢν
2563 2179 2814 2250 ἦκουσεψ
2848 2178 3005 2234 Ἰδοὺ
3042 2176 3396 2232 ἀποστέλλω
3415 2170 3594 2242 ὑμᾶς.

2029 2261 2109 2328 ὡς
2151 2264 2415 2332 πρόϐατα
2463 2268 2531 2321 ἐν
2579 2268 2747 2338 μέσῳ
2787 2270 3008 2324 λύκων.
3054 2269 3117 2320 Εἰ
3158 2266 3213 2320 δὲ
3238 2265 3434 2325 λύκους
3469 2263 3598 2324 τοὺς

2031 2356 2435 2428 ἁμαρτάνοντας
2483 2360 2649 2428 λέγει,
2701 2359 2946 2432 πρόϐατα
2990 2359 3046 2412 δὲ
3090 2357 3216 2421 τοὺς
3261 2354 3598 2428 πρακτικοὺς

2026 2451 2379 2523 τῆς,άρετῆς,
2410 2454 2564 2521 εἴπερ
2593 2455 2621 2504 ὁ
2657 2453 2859 2517 Ἰούδας
2896 2452 3054 2520 φύσει
3093 2449 3259 2510 κακὸς
3281 2443 3368 2518 ἦν,
3397 2447 3498 2500 οὐκ
3527 2440 3597 2514 ἦν

2027 2542 2296 2611 πρόϐατον
2325 2543 2582 2614 Χριστοῦ·
2613 2545 2735 2597 ἐπεὶ
2769 2543 2843 2614 μὴ
2871 2540 3171 2614 πρακτικὸς
3208 2539 3305 2608 τῆς
3336 2535 3536 2607 ἀρετῆς
3563 2534 3597 2587 δ

360 2604 498 2657 κατά
535 2607 693 2674 φύσιν
726 2611 912 2676 κακός.
955 2613 1093 2666 Ἀλλ’
1125 2615 1234 2668 οὐδ’
1273 2617 1434 2680 αὐτὸς
1471 2619 1499 2671 ό
1537 2619 1780 2685 διάϐολος
1829 2625 1967 2680 κατὰ
2030 2604 2190 2698 φύσιν
2255 2604 2440 2699 κακός,
2511 2635 2624 2688 ἀλλ’
2660 2637 2722 2688 ἐκ
2760 2604 2965 2706 τροπῆς
3006 2632 3098 2685 τοῦ
3149 2631 3278 2684 ἰδίου
3343 2626 3596 2690 αὐτεξου-

358 2692 496 2749 σίου.

1391 2778 1527 2834 CAP.
1568 2777 1633 2832 ν.
1675 2779 1876 2852 Corpus
1913 2789 2111 2855 peccati
2151 2791 2408 2858 quomodo
2447 2792 2556 2857 ﬁat.

434 2859 584 2914 Sicut
631 2862 792 2931 igitur
835 2877 940 2917 non
985 2863 1156 2918 solum
1211 2866 1470 2922 malarum
1523 2871 1792 2926 actionum
1861 2891 1925 2928 ac

357 2951 682 3014 studiorum,
709 2966 899 3005 verum
929 2953 1091 3007 etiam
1125 2956 1472 3012 honestarqu
1521 2961 1616 3015 lilii
1663 2974 1928 3019 vocantur

356 3059 420 3097 ac
454 3043 589 3108 uati,
627 3044 716 3113 qui
759 3059 821 3098 ea
855 3057 1110 3100 exercent
1135 3063 1200 3101 eo
1235 3063 1340 3116 quo
1383 3050 1584 3105 dictum
1612 3065 1694 3107 est
1727 3057 1922 3121 modo;

355 3147 420 3185 ex
465 3133 622 3200 cujus
661 3135 895 3198 ratione,
943 3136 1259 3204 qualitatum
1303 3139 1441 3194 fetus
1477 3142 1760 3210 prolesque
1783 3146 1928 3201 dice-

357 3223 576 3286 bantur,
599 3224 688 3293 qui
713 3238 778 3277 ex
807 3225 912 3278 illis
937 3241 1058 3281 esse
1092 3229 1400 3296 accipereut
1432 3232 1575 3299 quod
1609 3249 1636 3286 a
1665 3235 1926 3304 qualitate

353 3311 580 3382 ejusque
610 3330 834 3372 munere
865 3317 1093 3381 habent;
1129 3322 1320 3374 merito
1359 3336 1485 3376 caro
1530 3328 1736 3392 peccati
1756 3329 1821 3394 “,
1874 3340 1927 3384 et

354 3407 871 3474 Corpus-peccati",
896 3409 1188 3478 quispiam,
1223 3427 1326 3465 non
1358 3413 1679 3483 simpliciter
1705 3419 1922 3486 dicitur,

353 3496 447 3550 sed
473 3497 672 3552 idcirco
707 3499 830 3566 quia
858 3501 1290 3572 servitpeccato.
1325 3503 1492 3560 Homo
1528 3509 1668 3562 enim
1703 3525 1926 3578 corpore

355 3601 420 3640 ac
473 3604 636 3643 carne
687 3591 753 3644 ad
787 3591 1064 3648 libidinem
1110 3595 1320 3664 aliaque
1361 3597 1621 3664 ejusmodi
1657 3601 1780 3654 vitia
1828 3604 1923 3657 ab-

355 3687 533 3745 utens,
562 3695 754 3750 corpus
781 3699 936 3738 suum
972 3699 1170 3756 corpus
1196 3690 1400 3755 peccati
1430 3688 1577 3754 facit,
1612 3702 1668 3746 et
1705 3708 1922 3750 carnem

353 3783 506 3825 suam
552 3787 766 3827 carnem
786 3778 1035 3844 peccati;
1086 3779 1230 3834 haud
1293 3795 1451 3835 secus
1497 3798 1560 3837 ac
1624 3787 1922 3853 studiosus,

350 3863 618 3918 castitatis
650 3867 853 3930 studio,
893 3883 956 3922 ac
981 3885 1100 3938 quae
1147 3871 1197 3926 ei
1244 3873 1420 3940 virtus
1474 3877 1678 3944 reliqua
1719 3892 1916 3943 comes,

351 3967 721 4022 corpussuum
764 3957 1117 4028 animumque
1171 3964 1494 4019 sanctiﬁcat.
1543 3967 1707 4037 Virgo
1762 3969 1922 4038 igitur

352 4055 536 4098 sancta
591 4046 823 4102 edicitur
866 4061 1192 4129 corpore\et
1237 4055 1428 4124 spiritu
1459 4057 1584 4128 (hoc
1610 4069 1694 4113 est
1717 4059 1919 4134 anima)

352 4136 800 4203 quemadmodum
827 4142 1014 4195 scribit
1039 4141 1258 4211 Paulus,
1293 4146 1498 4213 dicens,
1524 4150 1720 4204 debere
1751 4152 1918 4219 virgi-

350 4241 472 4279 nem
527 4229 757 4284 terrenis
799 4233 958 4286 rebus
1000 4237 1252 4304 curisque
1293 4253 1398 4292 non
1443 4240 1697 4306 distrahi,
1741 4241 1809 4296 Ut
1847 4245 1918 4298 sit

349 4327 528 4370 sancta
574 4335 787 4388 corpore
829 4332 875 4375 et
922 4324 1111 4392 spiritu
1130 4326 1196 4380 ⁸⁸.
1257 4327 1361 4382 Sed
1406 4340 1460 4384 et
1501 4331 1556 4384 in
1587 4331 1823 4401 Epistola
1851 4334 1916 4386 ad

349 4404 656 4462 Corinthios
676 4411 906 4466 scribit:
941 4411 1244 4484 Gloriﬁcate
1283 4417 1450 4473 Deum
1485 4422 1543 4474 in
1589 4439 1802 4490 corpore
1833 4440 1917 4478 ve-

348 4496 532 4551 stro“.
563 4497 618 4550 Si
649 4509 826 4555 autem
861 4503 1192 4572 gloriﬁcatur
1222 4509 1362 4562 Deus
1389 4509 1440 4562 in
1485 4526 1712 4581 corpore
1734 4514 1913 4569 homi-

2097 2879 2306 2948 Ὠσπερ
2333 2875 2447 2944 οῦν,
2490 2880 2550 2932 οὐ
2583 2880 2691 2933 τῶν
2725 2879 2942 2949 φαύλων
2981 2880 3162 2951 μόνον,
3197 2878 3332 2933 ἀλλά
3370 2880 3464 2933 καὶ
3486 2879 3596 2932 τῶν

2026 2969 2324 3023 σπουδαίων
2375 2972 2818 3042 ἐπιτηδευμάτων
2861 2973 2954 3026 καί
3013 2974 3434 3042 πραττομένων,
3487 2973 3596 3025 υἰοὶ

2025 3060 2313 3114 καλοῦνται
2341 3063 2433 3114 καὶ
2455 3063 2620 3115 τέκνα
2647 3065 2694 3115 οἰ
2747 3063 3119 3127 ἐπιτελοῦντες
3159 3065 3235 3135 τῷ
3265 3067 3596 3136 προειρημέ-

2023 3170 2097 3222 νῳ
2130 3155 2333 3224 τρόπῳ,
2362 3154 2480 3208 καθ’
2505 3155 2562 3207 ὃν
2599 3155 2814 3224 ἐλέγετο
2845 3159 3158 3226 γεννήματα
3193 3159 3489 3229 ποιοτήτων
3519 3154 3596 3212 εἷ-

2029 3263 2116 3298 ναι
2153 3248 2276 3308 τοὺς·
2310 3245 2684 3316 λαμϐάνοντας
2701 3249 2793 3301 ἀπ’
2817 3248 2992 3302 αὐτῶν
3018 3250 3078 3302 τὸ
3107 3247 3268 3312 εἶναι,
3300 3252 3435 3320 ὅπερ
3452 3251 3596 3320 έχου-

2031 3355 2111 3389 σιν
2141 3339 2204 3390 ἐκ
2236 3338 2333 3408 τῆς
2382 3340 2696 3409 ποιότητοςο
2734 3341 2956 3405 εἰκότως
2989 3341 3126 3412 σ’ἀρξ
3172 3343 3463 3413 ἁμαρτίας,
3499 3343 3594 3395 καὶ

2028 3428 2183 3498 σῶμα
2211 3430 2502 3501 ἁμαρτίας,
2557 3432 2618 3484 ού
2671 3431 2924 3497 καθάπαξ
2973 3434 3189 3502 λέγεται
3221 3453 3322 3499 τις,
3353 3434 3489 3488 ἀλλά
3514 3435 3594 3506 τῷ

2025 3522 2317 3592 ὑπηρετεῖν
2340 3527 2406 3594 τῇ
2443 3525 2704 3596 ἁμαρτίᾳ.
2732 3527 2789 3578 '0
2815 3527 2921 3596 γὰρ
2939 3526 3222 3598 ἄνθρωπος
3267 3529 3343 3599 τῷ
3375 3527 3592 3598 σώματι

2025 3613 2118 3664 καὶ
2159 3615 2226 3683 τῇ
2280 3615 2442 3685 σαρκὶ
2481 3617 2558 3678 εἰς
2591 3615 2840 3685 λαγνείαν
2881 3618 2974 3672 καὶ
3013 3619 3110 3682 τάς
3142 3618 3305 3683 ἄλλας
3340 3623 3592 3685 τοιαύτας

2022 3703 2296 3775 ἐνεργείας
2317 3707 2757 3778 καταχρώμενος,
2777 3712 2921 3762 ποιεῖ
2945 3710 3004 3762 τὸ
3027 3709 3185 3780 σῶμα
3209 3711 3393 3775 αὐτοῦ,
3412 3715 3590 3784 ἀμαρ-

2021 3794 2139 3857 τίας
2176 3795 2354 3865 σῶμα’
2380 3797 2474 3850 καὶ
2500 3799 2596 3867 τὴν
2629 3798 2827 3868 σάρκα,
2864 3800 3040 3871 σάρκα
3065 3802 3339 3874 ἁμαρτίας
3358 3819 3372 3832 ⁶
3400 3803 3587 3875 ὥσπερ

2021 3887 2050 3937 ὁ
2089 3887 2372 3951 σπουδαῖος
2398 3888 2485 3942 διὰ
2520 3890 2874 3962 σωφροσύνης
2902 3893 2993 3945 καὶ
3026 3894 3123 3964 τῆς
3163 3895 3435 3966 ἑπομένης
3461 3896 3590 3967 ἀρε-

2020 3980 2118 4047 τῆς
2144 4017 2158 4040 ,
2202 3979 2262 4031 τὸ
2298 3977 2457 4050 σῶμα
2508 3980 2702 4034 ἑαυτοῦ
2754 3983 2847 4035 καὶ
2885 3984 2983 4054 τὴν
3025 3984 3200 4056 ψυχὴν
3241 3985 3477 4054 ἁγιάζει.
3521 3987 3587 4041 Ἡ

2020 4068 2286 4138 παρθένος
2332 4069 2463 4138 γοῦν
2509 4071 2639 4140 ἀγία
2683 4073 2889 4140 γίνεται
2926 4074 3138 4146 σώματι
3172 4077 3265 4130 καὶ
3292 4077 3583 4148 πνεύματι,

2018 4159 2046 4210 ὅ
2073 4160 2186 4211 ἐστι
2218 4159 2384 4231 ψυχὴ,
2418 4161 2493 4225 ὡς
2520 4162 2720 4233 γράφει
2746 4163 2976 4228 Παῦλος,
2999 4165 3190 4234 λέγων,
3225 4168 3307 4221 ὅτι
3333 4169 3432 4241 τὴν
3451 4187 3588 4240 παρ-

2019 4247 2167 4301 θένον
2195 4249 2275 4302 δεῖ
2299 4250 2704 4321 ἀπερίσπαστον
2734 4249 3000 4308 εἶναιτῶν
3030 4255 3295 4326 βιωτικῶν
3330 4261 3586 4330 πραγμά-

2016 4358 2145 4408 των,
2173 4343 2306 4398 "Ira
2329 4339 2368 4416 ᾖ
2397 4345 2536 4414 ἁγία
2565 4344 2788 4416 σώματι
2823 4349 2921 4403 καί
2957 4351 3266 4420 πνεύματι.
3297 4352 3458 4406 Ἀλλὰ
3489 4355 3585 4407 καὶ

2015 4434 2074 4485 ἐν
2099 4436 2165 4504 τῇ
2186 4435 2467 4508 Ἐπιστολῇ
2498 4440 2563 4508 τῇ
2592 4438 2889 4510 Κορινθίων
2916 4441 3136 4512 γράφει·
3160 4442 3462 4508 Δοξάσατε
3478 4446 3584 4498 τὸν

2019 4522 2166 4577 Θεὸν
2187 4524 2255 4578 ἐν
2284 4527 2362 4592 τῷ
2393 4526 2616 4595 σώματι
2644 4529 2828 4597 ὑμῶν.
2855 4531 2916 4584 Εἰ
2939 4532 2995 4585 δὲ
3015 4533 3292 4600 δοξάζεται
3319 4537 3348 4588 ὀ
3372 4535 3501 4599 Θεὸς
3524 4539 3584 4592 ὲν

350 4601 498 4651 nutu,
548 4602 648 4642 uec
702 4587 845 4646 Deus
885 4593 938 4646 in
985 4594 1126 4648 malo
1169 4597 1540 4667 gloriﬁcatur;
1592 4603 1738 4658 haud
1780 4619 1916 4660 sane

2026 4613 2093 4683 τῷ
2127 4587 2342 4685 σώματι
2382 4587 2495 4671 τῶν
2515 4587 2834 4689 ἀνθριῦπων,
2866 4623 2926 4675 ού
2969 4587 3248 4688 δοξάζεται
3277 4587 3339 4678 δὲ

349 4693 547 4748 corpus
579 4691 769 4737 natura
821 4685 1018 4740 malum
1049 4697 1162 4757 est;
1186 4705 1494 4762 quanquam
1521 4695 1690 4763 ipsum
1725 4712 1903 4767 pecca-

351 4776 433 4822 tor
463 4771 662 4824 malum
700 4773 891 4841 reddit,
924 4793 988 4831 ex
1016 4783 1221 4848 peccati
1267 4785 1566 4840 rationibus
1597 4786 1688 4842 illo
1731 4801 1909 4845 utens.

347 4861 424 4912 Ac
455 4877 640 4917 rursus
672 4867 857 4933 paucis
881 4868 1178 4939 interiectis
1211 4874 1262 4927 in
1294 4875 1406 4930 haec
1432 4877 1590 4932 verba
1653 4895 1778 4934 suos
1831 4881 1912 4935 al-

345 4948 578 5019 l0quitur
617 4957 736 5010 :An
779 4961 1010 5026 nescitis,
1054 4965 1176 5031 quia
1199 4983 1416 5036 corpora
1459 4981 1625 5023 vestra
1667 4972 1912 5039 templum

341 5052 463 5094 sunt
494 5044 724 5104 Spiritus
743 5053 928 5118 sancti,
961 5056 1051 5124 qui
1087 5057 1138 5108 in
1163 5058 1301 5110 vobis
1327 5070 1438 5123 est;
1467 5077 1618 5130 quem
1650 5061 1845 5117 habetis
1874 5083 1906 5119 ιι

343 5130 548 5188 Deo"?
583 5137 640 5192 Si
671 5144 784 5210 quis
823 5146 1068 5213 templum
1107 5147 1204 5201 Dei
1224 5150 1507 5220 violaverit,
1547 5155 1803 5222 disperdet
1836 5156 1903 5209 il-

341 5224 449 5277 luni
474 5225 612 5283 Deus
635 5244 654 5281 :
673 5235 920 5304 templum
946 5239 1086 5293 enim
1112 5239 1206 5294 Dei
1239 5255 1476 5296 sanctum
1498 5256 1593 5312 est,
1617 5251 1756 5318 quod
1782 5253 1906 5305 estis

339 5317 507 5371 vos“.

2010 4703 2185 4774 κακῷο
2211 4705 2270 4757 οὐ
2304 4706 2470 4760 κακὸν
2504 4707 2565 4759 τὸ
2597 4708 2756 4778 σῶμα
2784 4713 2849 4780 τῇ
2893 4711 3071 4780 φύσει,
3104 4713 3205 4767 κᾶν
3243 4716 3410 4770 κακὸν
3451 4717 3578 4770 αὐτὸ

2013 4799 2159 4849 ποιεῖ
2197 4798 2225 4850 ὁ
2259 4798 2580 4869 ἁμαρτωλὸς
2603 4841 2618 4864 ,
2664 4801 3053 4872 ἁμαρτητικιῖκ
3085 4806 3234 4877 αὐτῷ
3280 4808 3576 4879 χρώμενος.

2010 4889 2121 4942 Καὶ
2174 4890 2289 4960 μετ’
2331 4889 2510 4960 ὀλίγον
2551 4894 2712 4948 πάλιν
2757 4899 2869 4958 τοῖς
2915 4896 3096 4960 αὐτοῖς
3141 4902 3468 4969 προσφωνεῖ·
3507 4897 3583 4955 Ἦ

2009 4983 2120 5034 οὐκ
2147 4981 2368 5043 οἴδατε,
2393 4983 2482 5037 ὅτι
2502 4985 2573 5038 τὰ
2592 4985 2834 5054 σώματα
2848 4985 3014 5056 ὑμῶν
3042 4987 3189 5054 ναὸς
3218 4990 3323 5043 τοῦ
3352 4991 3581 5060 ἑνὺμῖν

2011 5073 2182 5142 ἁγίου
2215 5076 2558 5143 Πνεύματός
2592 5077 2796 5144 ἐστιν,
2827 5075 2897 5135 οὗ
2937 5082 3101 5150 ἔχετε
3128 5081 3246 5135 ἀπὸ
3283 5083 3462 5149 Θεοῦ;
3504 5084 3581 5135 Et

2010 5181 2099 5229 τις
2135 5163 2241 5217 τὸν
2284 5167 2436 5220 ναὸν
2460 5168 2565 5222 τοῦ
2611 5171 2758 5225 Θεοῦ
2783 5173 3040 5241 φθείρει,
3070 5173 3276 5243 φθερεῖ
3306 5174 3518 5228 τοῦτον
3542 5179 3577 5229 ό

2014 5254 2176 5319 Θεός·
2206 5257 2238 5308 ὀ
2276 5257 2388 5326 γὰρ
2415 5256 2561 5323 ναὸς
2589 5259 2694 5313 τοῦ
2739 5262 2888 5317 Θεοῦ
2925 5263 3092 5331 ἅγιός
3137 5265 3324 5330 ἐστιν,
3360 5264 3576 5332 οἵτινές

2009 5347 2149 5402 ἐστε
2173 5347 2363 5418 ὑμεῖς.

550 5412 676 5468 (ΞΜ).
721 5419 802 5472 Vl.
844 5420 905 5476 Si
943 5440 1129 5492 corpus
1171 5436 1360 5482 natura
1409 5429 1636 5494 malum,
1677 5436 2146 5502 sanctiﬁcationem
2187 5457 2292 5496 non
2337 5444 2539 5511 recipit.
2581 5442 2782 5511 Corpus
2815 5448 3140 5516 sanctiﬁcari
3173 5459 3358 5518 potest.

412 5502 516 5557 Sed
565 5513 618 5558 et
678 5509 729 5562 in
789 5512 1026 5580 Epistula
1077 5516 1143 5571 ad
1194 5516 1721 5589 Thessalonicenses,
1749 5525 1889 5580 idem

409 5658 454 5689 ⁸³
492 5657 688 5734 larem.
712 5665 884 5726 ινβὶ
965 5670 1008 5700 ⁸⁸
1045 5669 1356 5734 Joan.xvn,
1385 5673 1468 5726 19..

1547 5677 1591 5706 ⁸⁸
1632 5678 1820 5732 Matth.
1868 5697 1921 5736 Χ.
1963 5681 2048 5738 l6.

337 5727 426 5783 54.
505 5731 548 5762 ⁸³
590 5733 754 5790 lCur.
785 5737 972 5792 v1.20.
1050 5742 1094 5771 ⁷⁰
1139 5743 1263 5798 ibid.
1298 5727 1377 5800 lii.
1455 5747 1497 5777 τ’

2068 5528 2229 5583 Ἀλλὰ
2246 5532 2341 5584 καὶ
2361 5533 2418 5584 ὲν
2446 5536 2512 5606 τῇ
2538 5536 2672 5615 πρὸς
2697 5535 3120 5604 Θεσσαλονικέας
3151 5541 3180 5593 ὁ
3210 5541 3372 5604 αὐτὸς
3414 5541 3571 5595 ’Λπόιι

2127 5684 2172 5715 ⁸⁸
2213 5683 2368 5746 ῐὶοιη.
2403 5703 2520 5756 vnt,
2548 5691 2600 5743 5.
2678 5692 2720 5724 ⁸⁷
2760 5691 2916 5748 llum.
2957 5711 3029 5760 vr,
3071 5697 3128 5752 6.
3185 5699 3230 5731 ν’
3269 5700 3443 5756 lCor.
3473 5715 3564 5766 ιιι,
