4042 6404
176 369 178 372 ν
213 346 342 402 1095

1436 348 1718 405 CONTRA
1757 345 2205 403 MANICHIEOS.

3310 351 3448 408 1094

212 461 388 524 στολος
417 460 638 531 γράφει·
681 460 742 514 '0
773 460 917 528 Θεὸς
939 463 1050 532 τῆς
1077 465 1325 534 almis-nc
1349 465 1592 534 ἁγιάσαι
1619 463 1772 534 ὑμᾶς

1879 462 2163 532 Apostolus
2188 459 2378 516 scribit
2399 460 2444 492 "
2473 477 2487 513 :
2516 459 2654 516 Deus
2685 463 2828 530 pacis
2855 465 3139 531 sancti/icet
3166 482 3250 520 vos
3273 476 3409 519 totos
3428 482 3448 520 :

209 551 524 618 ὁλοτελεῖς,
560 553 656 606 καί
689 555 1024 622 ὀλόκληρον
1066 553 1233 625 ὑμῶν·
1270 556 1336 608 τὸ
1369 557 1630 624 Πνεῦμα,
1675 555 1773 609 καὶ

207 645 245 712 ἡ
273 642 466 711 ψυχὴ,
499 642 597 696 καὶ
632 643 695 696 τὸ
727 643 898 713 σῶμα
931 645 1246 715 ἀμέμπτως
1267 647 1337 700 ἐν
1365 647 1438 714 τῇ
1476 649 1774 716 παρουσίᾳ

206 736 308 788 τοῦ
346 736 568 803 Κυρίου
605 735 774 804 ἡμῶν
811 736 1016 805 Ἰησοῦ
1068 740 1324 808 Χριστοῦ
1374 739 1770 808 διατηρηθείη.

205 823 328 886 Πῶς
356 824 464 894 γὰρ
496 825 753 888 ὁλοτελῶς
781 827 1107 899 ἁγιασθῆναι
1128 870 1142 896 ,
1177 829 1271 883 καὶ
1309 829 1596 900 ὁλόκληρον
1631 829 1774 898 ἔχειν

202 933 284 975 τις
315 916 374 969 τὸ
414 918 572 988 σῶμα
618 920 810 972 ἑαυτοῦ
861 919 1104 984 δύναται,
1150 921 1285 974 εἰτὸ
1317 923 1472 990 σῶμα
1505 924 1578 992 μὴ
1603 924 1776 991 πέφυ-

203 1024 318 1071 κεν,
353 1009 519 1062 κακὸν
557 1009 650 1073 ὃν,
691 1010 1043 1079 ἁγιάζεσθαι;
1086 1013 1150 1066 Εἰ
1187 1012 1295 1084 γὰρ
1325 1014 1490 1067 κακὸν
1520 1017 1583 1084 τῇ
1616 1013 1773 1084 φύσει

199 1098 379 1162 τοῦτο,
410 1101 469 1152 ού
498 1101 741 1154 δεκτικὸν
789 1103 1086 1174 ἀγιασμοῦο
1127 1107 1175 1158 εἰ
1220 1105 1276 1159 δὲ
1308 1107 1519 1176 δέχεται
1553 1107 1614 1159 το
1635 1109 1773 1174 ἁγα-

202 1189 315 1253 Θον,
347 1191 504 1260 δῆλον
531 1193 612 1245 ὅτι
650 1194 709 1246 οὐ
746 1193 901 1263 φύσει
931 1195 1097 1248 κακὸν
1117 1237 1130 1255 ,
1168 1196 1410 1250 δεκτικὸν
1442 1198 1500 1250 ὃν
1544 1198 1770 1265 ἀγαθοῦ.

199 1281 274 1333 Τὸ
301 1281 410 1353 γὰρ
442 1285 506 1354 τῇ
540 1283 700 1353 φύσει
726 1285 910 1350 κακὸν,
947 1287 1296 1341 ἀνεπίδεκτον
1319 1287 1543 1356 ἀγαθοῦ.
1565 1289 1773 1359 ’Ὠσπερ

195 1373 259 1426 τὸ
290 1372 450 1442 φύσει
484 1375 706 1444 ἀγαθὸν,
742 1377 1092 1432 ἀνεπίδεκτον
1118 1379 1312 1434 κακοῦ.

261 1547 474 1619 Γράφει
503 1551 560 1602 ἐν
578 1549 738 1621 ἑτέρᾳ
764 1549 1088 1621 Ἐπιστολῇὸ
1112 1550 1270 1614 αὐτὸς
1308 1551 1622 1616 Ἀπόστολος
1641 1553 1773 1623 πρός

192 1655 349 1702 τινας
371 1656 386 1669 ο
416 1641 837 1709 Καθαρίσωμεν
881 1640 1132 1706 ἑαυτοὺς
1170 1642 1288 1695 ἀπὸ
1323 1643 1545 1708 παντὸς
1582 1649 1772 1712 μολυ-

192 1730 362 1798 σμοῦ
399 1731 619 1798 σαρκὸς
655 1732 752 1784 καί
776 1733 1133 1800 πνεύματος,
1159 1733 1577 1798 ἐπιτελοῦντες
1603 1733 1772 1801 ἁγιω-

1874 561 1925 606 et
1981 553 2181 622 integer
2235 561 2400 606 vester
2427 551 2644 620 spiritus
2690 563 2737 607 et
2789 555 2966 608 anima
2994 566 3041 609 et
3075 572 3258 624 corpus
3303 557 3448 610 nulla

1874 646 2107 699 criminis
2137 644 2251 698 labe
2273 646 2326 698 in
2353 645 2574 699 adventu
2607 644 2821 700 Domini
2851 649 3018 702 nostri
3065 647 3194 702 Iesu
3247 649 3449 702 Christi

1873 747 2124 790 servetur.
2166 736 2447 802 Quomodo
2472 737 2615 791 enim
2647 754 2714 791 ex
2757 747 2867 792 toto
2889 740 3217 794 sanctiﬁcari
3272 750 3451 804 potest

1876 824 2095 894 aliquis,
2131 836 2184 879 et
2209 830 2474 897 integrum
2504 827 2706 882 habere
2755 844 2952 898 corpus
2990 845 3143 883 suum
3175 845 3189 894 ;
3241 831 3285 884 si
3321 831 3445 899 qui-

1875 917 1994 970 dem
2024 918 2260 986 corpori,
2291 933 2410 972 cum
2436 919 2633 972 malum
2667 920 2758 985 sit,
2797 936 2823 971 a
2854 931 3046 975 natura
3073 931 3443 989 comparatum

1874 1019 1981 1072 est,
2015 1019 2073 1062 ut
2105 1009 2432 1064 sanctiﬁcari
2467 1026 2572 1064 non
2606 1012 2811 1079 possit?
2836 1013 2970 1066 Nam
3016 1013 3062 1066 si
3115 1027 3313 1082 corpus
3355 1029 3449 1066 na-

1876 1110 1996 1155 tura
2025 1103 2223 1155 malum
2253 1113 2357 1165 est.
2389 1117 2493 1157 non
2522 1104 2668 1174 capit
2707 1114 2763 1158 ut
2791 1105 3184 1159 sanctilicetur.
3229 1105 3284 1159 Si
3320 1121 3450 1158 vero

1876 1189 2069 1256 recipit
2101 1189 2324 1255 bonum,
2365 1189 2530 1258 liquet
2566 1207 2668 1246 non
2701 1207 2819 1246 esse
2845 1203 3035 1246 natura
3067 1193 3288 1259 malum,
3325 1207 3447 1247 cum

1874 1277 2000 1330 boni
2033 1267 2204 1346 capax
2231 1279 2320 1332 sit.
2356 1280 2487 1333 Nam
2519 1282 2662 1351 quod
2697 1291 2782 1336 est
2813 1292 3008 1336 natura
3059 1283 3282 1346 malum,
3329 1284 3444 1335 ﬁeri

1876 1381 1980 1419 non
2009 1375 2186 1434 potest
2214 1378 2270 1420 ut
2300 1369 2497 1423 bonum
2534 1369 2785 1435 recipiat;
2821 1370 2961 1424 sicut
3013 1383 3198 1424 rursus
3248 1377 3308 1423 ut
3355 1368 3450 1422 bo-

1876 1473 2003 1510 num
2035 1467 2251 1524 natura,
2281 1459 2478 1512 malum
2521 1462 2766 1529 recipiat.

1947 1547 2150 1600 Scribit
2179 1548 2229 1601 in
2271 1549 2374 1602 alia
2423 1550 2660 1618 Epistola
2697 1552 2833 1605 idem
2866 1551 3156 1619 Apostolus
3187 1551 3251 1605 ad
3287 1565 3449 1620 quos-

1875 1635 1995 1690 dam
2031 1653 2045 1690 :
2079 1637 2393 1693 Mundemus
2416 1657 2506 1694 nos
2554 1643 2616 1693 ab
2661 1644 2801 1694 omni
2838 1645 3228 1711 inquinamento
3274 1644 3448 1696 carnis

1878 1740 1924 1782 et
1983 1731 2218 1795 spiritus,
2270 1733 2594 1800 perﬁcicntes
2655 1735 3126 1804 sancti/icationem
3177 1738 3230 1787 in
3267 1737 3449 1789 timore

192 1805 403 1888 οίύνην
435 1823 503 1875 ἐν
539 1824 699 1890 φόϐῳ
745 1823 888 1876 Θεοῦ
909 1840 922 1852 ·
955 1823 1168 1886 δεικνὺς
1212 1825 1304 1876 καὶ
1328 1823 1416 1876 διὰ
1445 1823 1647 1894 ταύτης
1675 1825 1772 1894 τῆς

1879 1819 1970 1873 Dei
1988 1821 2055 1873 ⁷³.
2087 1821 2200 1888 Qua
2231 1823 2346 1891 ipsa
2385 1837 2514 1877 voce
2550 1839 2614 1877 ac
2665 1825 2914 1893 loquendi
2973 1827 3142 1879 forma
3187 1828 3446 1885 ostendit.

190 1913 420 1978 λέξεως.
454 1914 528 1977 ὡς
576 1914 816 1983 πέφυκεν
861 1915 954 1967 καὶ
1001 1917 1033 1985 ἡ
1089 1915 1224 1985 σὰρξ
1268 1915 1621 1986 καθαίρεσθαι
1667 1915 1773 1968 τῶν

191 2003 670 2075 προσαπτομένων
700 2005 836 2076 αὐτῇ
875 2003 935 2069 ἐξ
967 2006 1236 2077 ἁμαρτίας
1273 2007 1584 2078 μολυσμῶν.
1613 2007 1774 2060 Ἀλλὰ

190 2097 293 2148 καὶ
317 2097 377 2148 τὸ
405 2095 616 2166 πνεῦμα
641 2096 734 2150 καὶ
765 2097 798 2167 ἠ
826 2096 992 2168 ψυχή·
1028 2099 1075 2149 εἰ
1107 2097 1162 2150 δὲ
1188 2099 1220 2168 ἡ
1257 2097 1391 2169 σὰρξ
1425 2101 1544 2151 κατ’
1587 2100 1773 2152 οὐσίαν

191 2181 258 2256 ἧν
302 2184 493 2247 κακὸν,
519 2185 692 2237 καὶτὸ
721 2183 937 2255 πνεῦμα
965 2187 1084 2238 κατ’
1108 2186 1294 2239 οὐσίαν
1326 2187 1548 2255 ἀγαθὸν,
1578 2188 1686 2240 οὐδ’
1709 2188 1773 2241 ἃν

190 2275 253 2328 τὸ
304 2274 519 2346 πνεῦμα
557 2274 825 2346 μολυσμὸν
874 2269 1039 2346 εἶχεν,
1079 2275 1202 2329 οὔτε
1265 2278 1372 2349 μὴν
1417 2281 1448 2348 ή
1491 2279 1624 2350 σὰρξ
1668 2279 1774 2331 ἀπὸ

192 2365 484 2436 μολυσμοῦ
520 2365 860 2436 ὲκαθαίρετο.
899 2367 1229 2436 Προστάττει
1259 2367 1314 2420 δὲ
1345 2369 1579 2440 ἑκάτερα
1609 2370 1775 2422 κα.θᾶ-

192 2475 295 2530 ρςιι
344 2458 452 2511 ἀπὸ
512 2457 805 2528 μολυσμοῦ,
853 2458 1023 2527 λέγων
1067 2460 1160 2512 καὶ
1192 2460 1280 2513 τὸν
1311 2461 1510 2532 τρόπον
1548 2461 1646 2532 τῆς
1680 2480 1776 2515 κα-

191 2554 471 2625 θάρσεως.
507 2554 946 2618 Ἐπιτελοῦντες
974 2555 1100 2626 γὰρ,
1127 2555 1311 2626 φησὶν,
1352 2558 1776 2626 ἀγιωσὺνηνέν

192 2649 364 2716 φόϐῳ
399 2645 566 2700 Θεοῦ.
616 2643 690 2698 Εὖ
719 2647 775 2699 δὲ
821 2647 911 2699 καὶ
954 2647 1014 2698 τὸ
1059 2649 1254 2700 εἰπεῖν’
1284 2649 1379 2701 Ἐν
1402 2651 1563 2716 φόϐῳ
1605 2649 1771 2703 Θεοῦ’

194 2738 418 2798 ἱεικνὺς
441 2737 502 2788 τὸ
528 2736 764 2806 ὑπήκοον
799 2735 939 2806 ἔχειν
963 2736 1021 2801 ἐξ
1051 2738 1251 2802 αὐτῶν,
1279 2739 1372 2792 καὶ
1404 2741 1502 2793 οὐκ
1533 2741 1591 2805 ἐξ
1614 2742 1776 2809 ἀνὰγο

194 2844 327 2896 κης.
372 2828 432 2879 Εἰ
457 2827 514 2878 δὲ
547 2827 920 2892 ἐπιτελοῦντες
970 2829 1279 2900 ἁγιωσύνην
1314 2831 1370 2882 ὲν
1421 2831 1569 2901 φόϐῳ
1618 2832 1775 2894 Θεοῦ,

196 2919 540 2988 καθαίρομεν
569 2919 664 2991 τὴν
699 2921 906 2974 ἑαυτῶν
938 2921 1116 2991 σάρκα
1149 2922 1257 2974 ἀπὸ
1293 2922 1567 2992 μολυσμοῦ
1593 2925 1686 2976 καὶ
1715 2923 1777 2975 τὸ

197 3012 448 3081 πνεῦμα·
483 3011 670 3080 δῆλον,
712 3013 792 3064 ὅτι
833 3011 1190 3083 ἐγγινομένης
1219 3015 1277 3064 ὲν
1307 3015 1436 3083 ἡμῖν
1463 3014 1560 3083 τῆς
1613 3014 1778 3082 ἁγιω-

198 3103 370 3174 σύνης
411 3103 567 3157 τοῦτο
589 3104 814 3172 γίνεται.
852 3105 1058 3174 Ὠσπερ
1093 3105 1198 3174 γὰρ
1216 3103 1532 3175 καθαίρεται
1559 3106 1777 3172 ἀγνοίας

200 3182 374 3266 ivli}.
436 3195 532 3248 καὶ
570 3195 939 3266 ἀδικημάτων,
998 3195 1267 3267 παρουσίᾳ
1323 3197 1628 3266 ἐπιστήμης
1683 3194 1778 3247 καὶ

203 3286 550 3356 δικαιοσύνης
611 3287 668 3358 (ἡ
712 3289 821 3358 γὰρ
871 3287 1124 3358 ἀποφυγὴ
1174 3287 1274 3355 τῆς
1335 3287 1530 3348 κακίας
1576 3285 1777 3356 ἀρετῆς

209 3379 409 3432 εἴσοδον
450 3379 742 3448 ἐργάζεται
782 3382 845 3432 ὲκ
879 3379 971 3431 τοῦ
1018 3378 1306 3450 ὲναντίου)·
1358 3380 1528 3442 οὕτως
1571 3398 1777 3451 παρου-

217 3470 305 3538 σίᾳ.
334 3468 606 3537 ἁγιασμοῦ
636 3469 953 3541 καθαίρεται
998 3471 1030 3540 ἡ
1076 3469 1212 3541 σὰρξ
1263 3470 1538 3541 μολυσμοῦ
1580 3473 1674 3524 καὶ
1719 3472 1778 3524 τὸ

221 3561 445 3630 πιεῦμα.
497 3560 719 3632 Πνεῦμα
787 3563 842 3614 δὲ
887 3564 944 3615 ὲν
1000 3562 1208 3625 τούτοις
1257 3564 1356 3634 τὴν
1405 3564 1580 3634 ψυχὴν
1611 3563 1774 3632 λέγει,

216 3649 394 3724 ὥσπερ
428 3652 522 3703 καὶ
549 3653 605 3704 ἐν
634 3655 750 3715 ταῖς
785 3652 1048 3726 Πράξεσιν
1084 3652 1193 3704 τῶν
1222 3653 1532 3706 ἀποστόλων
1575 3655 1781 3722 Στέιρα-

210 3757 294 3802 νος
325 3743 353 3792 ὁ
377 3740 674 3803 ἀπόστολος
701 3741 1151 3812 καταλευόμενος,
1177 3743 1269 3794 καὶ
1302 3743 1510 3812 μέλλων
1544 3745 1780 3816 ἀποθνή-

208 3848 385 3894 σκειν,
433 3827 584 3883 εἶπεν
631 3832 937 3903 εὐχόμενος·
994 3835 1169 3901 Κύριε
1221 3835 1448 3902 Ἰησοῦ,
1500 3835 1665 3899 δέξαι
1716 3835 1780 3888 τι)

204 3919 450 3990 ,πνεῦμά
475 3939 616 3989 μου.
657 3923 789 3976 Οὐδὲ
819 3926 927 3994 γὰρ
964 3924 1090 3978 ἄλλο
1127 3943 1179 3980 τι
1208 3927 1267 3980 ἐν
1295 3927 1503 3991 τούτοις
1529 3929 1680 3996 ἔλεγε
1724 3927 1782 3981 τὸ

204 4011 430 4084 πνεῦμα
452 4011 665 4078 ἑαυτοῦ,
696 4013 730 4085 ἦ
753 4013 850 4085 τὴν
881 4013 1078 4087 ψυχήν.

277 4187 344 4240 Εἰ
372 4183 466 4240 οὖν
489 4185 575 4239 διὰ
595 4187 847 4240 πλειόνων
872 4191 904 4260 η
931 4189 1065 4260 σὰρξ
1097 4193 1189 4244 καὶ
1216 4193 1276 4246 τὸ
1304 4194 1543 4267 πνεῦμα,
1577 4196 1662 4248 ὁτὲ
1689 4197 1786 4267 μὲν

204 4279 514 4350 ἁμαρτίας,
565 4279 654 4332 ὁτὲ
695 4280 752 4333 δὲ
800 4283 1091 4354 ἁγιασμοῦ,
1128 4287 1220 4338 καὶ
1256 4287 1392 4358 πρὸς
1435 4287 1495 4340 τὸ
1546 4287 1786 4355 δοξάζειν

201 4373 299 4425 τὸν
325 4371 464 4423 Θεὸν
494 4371 681 4440 ἔχοντα
712 4373 959 4442 λέγεται·
993 4377 1143 4430 οὐδὲν
1178 4376 1380 4432 τούτων
1405 4379 1563 4448 φύσει
1597 4381 1785 4447 κακὸν,

1873 1914 2022 1966 carni
2080 1929 2294 1983 quoque
2333 1927 2701 1984 comparatum
2755 1935 2894 1981 esse,
2925 1929 2983 1973 ut
3018 1922 3346 1974 emnndetnr
3379 1920 3447 1973 ab

1875 2003 2293 2073 inquinamentis
2339 2023 2456 2076 qua!
2488 2025 2554 2063 ex
2579 2021 2798 2078 peccato
2830 2012 2899 2064 illi
2939 2012 3256 2067 inolescunt.
3287 2012 3450 2068 Simi-

1873 2094 1996 2150 liter
2022 2097 2074 2149 in
2113 2098 2301 2164 spiritu
2329 2108 2381 2151 et
2418 2100 2620 2154 anima.
2675 2100 2824 2166 Quod
2873 2103 2917 2156 si
2973 2119 3100 2156 caro
3152 2105 3446 2157 secundmn

1872 2187 2230 2240 substantiam
2268 2198 2413 2243 esset
2439 2191 2599 2252 mala,
2633 2200 2685 2245 et
2709 2191 2929 2260 spiritus
2973 2196 3264 2248 secundum
3321 2194 3450 2247 sub-

1874 2276 2130 2331 stantiam
2166 2291 2311 2334 esset
2349 2283 2553 2345 bonus;
2589 2297 2765 2349 neque
2807 2284 3026 2352 spiritus
3073 2285 3448 2353 inquinamen-

1877 2375 1984 2420 tum
2029 2368 2272 2431 baberet,
2299 2387 2474 2440 neque
2504 2387 2632 2425 vero
2662 2387 2787 2425 caro
2811 2377 3200 2428 eininnlarctur
3248 2377 3315 2428 ab
3362 2377 3447 2428 in-

1875 2459 2206 2523 quinatione.
2268 2461 2513 2529 Praecipit
2570 2473 2750 2516 autem
2805 2474 3096 2534 utrumque
3149 2467 3449 2520 ciiinndare

1875 2550 1943 2604 ab
1967 2549 2404 2618 inquinamento;
2441 2555 2658 2607 modum
2716 2554 2876 2608 etiam
2909 2559 3092 2609 dicens
3122 2572 3230 2623 quo
3267 2560 3335 2609 sit
3362 2557 3448 2610 fu-

1879 2650 1994 2693 tura
2029 2641 2321 2696 inundatio.
2354 2642 2442 2695 Ait
2469 2657 2700 2711 namque
2727 2662 2740 2698 :
2776 2642 3112 2711 Per/icientes
3139 2646 3448 2714 sanctiﬁca-

1876 2732 2066 2783 tionem
2099 2732 2153 2784 in
2181 2732 2366 2785 timore
2400 2733 2516 2786 Dei.
2565 2733 2693 2787 Illud
2728 2750 2853 2789 vero
2885 2737 3050 2789 etiam
3098 2748 3260 2800 recte,
3303 2739 3448 2807 quod

1876 2826 1970 2888 ait,
2023 2829 2076 2879 in
2136 2829 2320 2880 timore
2371 2827 2487 2891 Dei,
2543 2837 2598 2881 ut
2650 2831 2920 2892 ostendat,
2969 2831 3170 2885 habere
3199 2848 3262 2885 ex
3296 2848 3354 2887 se
3391 2843 3449 2885 ut

1877 2917 2153 2978 obediant,
2183 2927 2237 2969 et
2272 2933 2375 2970 non
2417 2934 2482 2972 ex
2512 2921 2852 2975 necessitate.
2888 2920 3038 2985 Quod
3078 2923 3122 2974 si
3165 2923 3451 2991 perlicien-

1877 3016 1960 3061 tes
1995 3007 2476 3061 sanetilicationem
2508 3011 2557 3061 in
2586 3011 2774 3064 timore
2796 3010 2910 3076 Dei,
2944 3013 3302 3066 emundamus
3337 3029 3452 3068 ear-

1881 3113 1999 3152 nem
2041 3107 2282 3152 nostram
2334 3107 2388 3152 et
2437 3101 2685 3169 spiritum
2719 3102 2786 3156 ab
2836 3103 3239 3172 inquinatione;
3272 3105 3450 3172 palam

1881 3201 1963 3246 est
1996 3193 2290 3246 accedente
2315 3194 2467 3247 nobis
2497 3194 2786 3248 sanctitate
2811 3195 2952 3248 istud
2985 3195 3249 3263 praestari.
3301 3195 3456 3250 Sicut

1878 3285 2018 3340 enim
2047 3285 2259 3338 animus
2285 3285 2353 3339 ab
2387 3286 2684 3355 ignorantia
2717 3301 2780 3340 ac
2820 3285 3095 3352 injustitiis
3137 3295 3456 3356 repurgatur

1878 3395 1938 3434 ea
1971 3380 2196 3442 ratione,
2234 3379 2374 3448 quod
2438 3380 2660 3432 scientia
2690 3389 2741 3430 et
2787 3377 2994 3446 iustitia
3047 3378 3120 3431 illi
3169 3379 3456 3432 adveniant

1879 3457 2024 3540 (fuga
2074 3471 2214 3524 enim
2275 3470 2410 3537 vitii,
2436 3486 2465 3522 a
2504 3471 2776 3524 contrario
2806 3471 2990 3524 virtuti
3024 3470 3228 3523 aditum
3267 3463 3451 3538 facit),

1879 3563 1957 3617 sic
1984 3562 2428 3616 sanctiﬁcationis
2453 3563 2709 3625 adventu,
2737 3577 2864 3616 caro
2891 3572 2945 3615 et
2986 3562 3208 3629 spiritus
3263 3563 3330 3616 ab
3372 3563 3455 3615 in-

1881 3653 2227 3722 quinamento
2256 3653 2560 3706 inundatur.
2596 3653 2692 3707 llic
2718 3663 2898 3706 autem
2929 3653 3174 3722 spiritum
3221 3656 3454 3706 animam

1882 3744 2165 3811 significat,
2197 3746 2512 3798 sicutetiam
2551 3745 2601 3798 in
2644 3747 2869 3798 Artibus
2908 3746 3270 3814 apostolorum
3329 3747 3456 3801 Ste-

1883 3833 2091 3901 phanus
2150 3836 2422 3904 apostolus
2462 3838 2585 3887 dum
2635 3835 2984 3903 lapidaretur,
3037 3847 3086 3890 et
3117 3851 3282 3906 prope
3313 3850 3458 3891 esset

1884 3923 2199 3986 moriturus,
2231 3925 2476 3993 precibus
2506 3929 2570 3978 ad
2605 3926 2767 3978 Deum
2807 3927 2980 3980 dixit:
3035 3926 3253 3980 Domine
3303 3927 3456 3992 Jesu,

1883 4015 2086 4078 suscipe
2117 4015 2355 4081 spiritum
2382 4013 2630 4074 meum”.
2664 4015 2776 4068 Non
2804 4017 2946 4070 enim
2977 4016 3080 4071 illis
3112 4019 3286 4070 verbis
3316 4017 3457 4071 aliud

1885 4101 2156 4169 quidpiam
2193 4102 2437 4170 spiritum
2468 4119 2621 4157 suum
2657 4105 2888 4169 dicebat,
2922 4122 3080 4174 quam
3112 4107 3368 4160 animam.

1961 4193 2092 4248 Cum
2122 4193 2283 4263 igitur
2316 4194 2556 4263 pluribus
2587 4197 2716 4252 locis
2749 4213 2878 4252 caro
2909 4208 2962 4252 et
3005 4200 3244 4266 spiritus,
3281 4215 3457 4268 quan-

1888 4283 2061 4354 doque
2092 4286 2294 4352 peccali
2327 4287 2597 4352 dicantur,
2631 4291 2952 4360 quandoque
2995 4291 3455 4355 sanctiﬁcationis,

1888 4382 1942 4428 et
2006 4384 2312 4441 counparata
2385 4377 2449 4426 ad
2499 4375 2662 4429 Deum
2719 4378 3150 4445 glortlicandum,
3212 4388 3457 4429 neutrum

203 4464 238 4534 ἦ
284 4462 492 4531 ἀγαθόν
519 4465 683 4518 ἐστιν·
707 4465 819 4518 ἀλλ’
844 4467 1201 4532 αὐτεξουσίως
1223 4471 1496 4542 ἑκατέρων
1517 4471 1777 4532 δεκτικὸνα

1892 4467 2125 4534 ipsorum
2181 4475 2367 4519 natura
2423 4468 2618 4520 malum
2666 4470 2737 4524 sit
2788 4482 2879 4522 aut
2915 4472 3142 4533 bonum;
3183 4469 3275 4521 sed
3312 4469 3455 4536 ejus-

203 4557 239 4626 ἦ
286 4556 444 4626 παρὰ
483 4556 580 4627 τὴν
621 4559 814 4628 χρῆσιν
848 4560 939 4612 τοῦ
979 4561 1188 4630 ἔχοντος
1223 4562 1325 4615 ἀνὰ
1352 4566 1515 4634 μέρος
1551 4564 1783 4633 δέχεται,

204 4650 300 4702 ὁτὲ
332 4650 436 4720 μὲν
469 4649 742 4721 ἁμαρτίας
781 4647 942 4714 εἶναι,
975 4653 1063 4706 ὁτὲ
1102 4653 1158 4706 δὲ
1181 4643 1489 4726 ἁγιασμοῦ;
1521 4656 1582 4707 Et
1616 4656 1671 4708 δὲ
1695 4655 1789 4709 καὶ

206 4743 270 4792 το
322 4741 492 4812 ῥητὸν
513 4743 848 4809 ἀγνοοῦντες,
892 4745 981 4812 ἀφ’
1015 4739 1074 4797 οὗ
1112 4746 1473 4816 προφέρουσιν
1519 4747 1791 4817 ἁμαρτίας

209 4829 354 4884 εἶναι
380 4832 478 4900 τὴν
500 4833 694 4903 σάρκα,
725 4832 882 4886 τοῦτο
915 4835 1224 4905 νομίζουσιν
1245 4853 1258 4866 ο
1306 4837 1420 4890 ἀλλ’
1469 4839 1627 4908 ἡμεῖς
1672 4838 1791 4890 ὅλον

206 4924 352 4976 αὐτὸ
379 4923 614 4992 Θέμενοι,
652 4923 747 4995 τὴν
773 4925 1007 4979 διάνοιαν
1032 4927 1271 5000 φανερὰν
1299 4929 1617 4999 ποιήσομεν.
1640 4930 1790 4999 Ἔχει

207 5015 271 5068 δὲ
292 5015 496 5078 οὕτως.

1895 4555 2056 4616 modi,
2085 4564 2143 4607 ut
2168 4554 2334 4609 libera
2355 4556 2629 4611 voluntate
2654 4568 2940 4626 utrumque
2969 4560 3203 4626 recipere
3221 4558 3454 4626 possint:

1888 4658 2064 4698 nonne
2109 4658 2174 4696 ex
2220 4644 2336 4712 ejus
2373 4645 2462 4712 qui
2518 4645 2709 4700 habeat
2754 4663 2873 4711 usu,
2927 4647 3197 4717 sigillatim
3239 4657 3339 4708 est,
3404 4654 3462 4700 ut

1889 4736 2045 4789 tnodo
2073 4734 2300 4803 peccati,
2339 4733 2492 4787 modo
2519 4734 2962 4790 sanctificationis
3005 4736 3287 4790 dicantur?
3308 4736 3460 4802 Quod

1889 4825 1933 4880 si
1966 4826 2134 4894 ipsam
2169 4839 2382 4892 quoque
2415 4826 2787 4880 auctoritatem
2812 4827 3136 4891 nescientes,
3171 4819 3312 4880 unde
3339 4841 3463 4893 pro-

1891 4915 2066 4969 ferunt
2115 4929 2234 4968 esse
2280 4929 2499 4969 carnem
2560 4916 2789 4983 peccati,
2847 4916 2917 4968 ita
2977 4917 3321 4980 existimant;
3365 4931 3463 4969 nos

1887 5007 2161 5058 enimvero
2187 5004 2445 5072 integram
2477 5019 2594 5058 eun
2626 5019 2903 5074 ponentes,
2957 5005 3291 5074 perspicuam
3345 5007 3464 5058 red-

1891 5096 2076 5150 demus
2101 5096 2442 5150 sententiam.
2477 5094 2566 5148 Sic
2593 5104 2769 5148 autem
2799 5097 2979 5150 habet.

288 5186 425 5240 CAP.
465 5184 574 5240 VII.
615 5184 851 5241 Christus
894 5204 990 5240 cur
1026 5203 1091 5241 ex
1132 5187 1326 5257 uirgine
1382 5187 1565 5241 ortus?
1610 5184 1778 5266 Locus
1824 5186 2060 5266 Apostoli
2110 5187 2165 5240 in
2209 5184 2534 5240 Manicliwos
2581 5197 2814 5241 uexatus.
2868 5185 3172 5240 Similitudo
3219 5185 3394 5239 carnis

1507 5267 1738 5324 peccati,
1769 5272 1831 5309 ea:
1868 5267 2008 5309 εοιια
2042 5266 2181 5328 orta,

303 5349 370 5402 Ὀ
414 5346 557 5411 Θεὸς
595 5347 703 5401 τὸν
738 5348 874 5402 Υίὸν
897 5346 1114 5402 ἑαυτοῦ
1146 5345 1386 5418 πέμψας
1408 5347 1478 5401 ἐν
1503 5348 1790 5418 ὁμοιώμαο

1971 5347 2108 5400 Deus
2135 5329 2336 5400 Filium
2370 5365 2521 5401 suum
2544 5350 2754 5400 mittens
2787 5347 2838 5400 in
2867 5345 3260 5400 similitudinem
3289 5349 3465 5401 carnis

215 5458 276 5495 τι
317 5438 548 5506 σαρκὸς
579 5440 890 5507 ἁμαρτίας,
944 5441 1075 5510 περὶ
1119 5440 1406 5509 ἁμαρτίας
1449 5437 1777 5507 κατέκρινεν

1899 5439 2116 5506 peccati,
2149 5439 2211 5492 de
2243 5449 2451 5506 peccato
2493 5439 2756 5492 damnavit
2808 5451 3074 5504 peccatum
3123 5437 3176 5490 in
3225 5437 3463 5488 carne".

216 5534 338 5602 τὴν
364 5530 654 5600 ἁμαρτίαν
682 5531 749 5584 ἐν
769 5530 840 5598 τῇ
863 5533 1060 5600 σαρκί.
1098 5533 1162 5584 Ὃ
1188 5531 1333 5600 λέγει
1356 5529 1593 5584 τοιοῦτόν
1621 5533 1787 5584 ἐστιν.

301 5779 346 5811 ’⁸
387 5775 406 5831 Ι
465 5777 657 5834 Thess.
703 5792 754 5845 ν,
809 5775 900 5833 23.
939 5775 984 5808 ’³
1025 5773 1066 5832 ll
1096 5775 1222 5831 Cor.
1272 5790 1367 5840 vn,
1425 5773 1474 5828 l.

1549 5772 1597 5806 ⁷⁸
1637 5771 1757 5831 Act.
1801 5776 2009 5844 “1,58.

1899 5529 2048 5595 Quod
2080 5529 2235 5595 dicit,
2271 5530 2533 5599 ejusmodi
2564 5539 2665 5584 est.
2715 5529 2965 5584 Omnium
3017 5529 3289 5584 hominum
3338 5541 3466 5581 caro

2083 5775 2157 5839 "_
2174 5774 2330 5831 Rom.
2356 5788 2474 5844 vin,
2494 5773 2544 5829 3.
2732 5789 2756 5806 ι
