  <div class='ocr_page' id='page_1' title='image "/cluster/home/n/w/nwhite01/storage/ocr_20150623/39/hvd.32044037979440/559.png"; bbox 0 0 4042 6404; ppageno 0'>
   <div class='ocr_carea' id='block_1_1' title="bbox 639 312 3854 389">
    <p class='ocr_par' dir='ltr' id='par_1_1' title="bbox 639 312 3854 389">
     <span class='ocr_line' id='line_1_1' title="bbox 639 312 3854 389; baseline -0.003 -11"><span class='ocrx_word' id='word_1_1' title='bbox 639 330 778 389; x_wconf 70' lang='lat'><strong>1095’</strong></span> <span class='ocrx_word' id='word_1_2' title='bbox 1872 317 2108 375; x_wconf 75' lang='lat' dir='ltr'><strong>DIDYMI</strong></span> <span class='ocrx_word' id='word_1_3' title='bbox 2150 314 2615 388; x_wconf 68' lang='lat' dir='ltr'><strong>ALEXANDBINI</strong></span> <span class='ocrx_word' id='word_1_4' title='bbox 3712 312 3820 368; x_wconf 74' lang='lat' dir='ltr'><strong>I096</strong></span> <span class='ocrx_word' id='word_1_5' title='bbox 3848 328 3854 337; x_wconf 83' lang='lat'><strong><em>&#39;</em></strong></span> 
     </span>
    </p>
   </div>
   <div class='ocr_carea' id='block_1_2' title="bbox 619 427 2215 518">
    <p class='ocr_par' dir='ltr' id='par_1_2' title="bbox 619 441 2215 518">
     <span class='ocr_line' id='line_1_2' title="bbox 619 441 2215 518; baseline -0.008 -11"><span class='ocrx_word' id='word_1_6' title='bbox 619 468 705 507; x_wconf 74' lang='lat' dir='ltr'><strong>ex</strong></span> <span class='ocrx_word' id='word_1_7' title='bbox 748 448 1129 518; x_wconf 75' lang='lat' dir='ltr'><strong>conjunctione</strong></span> <span class='ocrx_word' id='word_1_8' title='bbox 1169 448 1271 503; x_wconf 81' lang='lat' dir='ltr'><strong>viri</strong></span> <span class='ocrx_word' id='word_1_9' title='bbox 1336 458 1393 503; x_wconf 86' lang='lat' dir='ltr'><strong>et</strong></span> <span class='ocrx_word' id='word_1_10' title='bbox 1451 446 1664 501; x_wconf 68' lang='lat' dir='ltr'><strong>femina:</strong></span> <span class='ocrx_word' id='word_1_11' title='bbox 1709 443 1941 509; x_wconf 66' lang='lat' dir='ltr'><strong>exsistit,</strong></span> <span class='ocrx_word' id='word_1_12' title='bbox 1992 441 2215 510; x_wconf 73' lang='lat' dir='ltr'><strong>excepta</strong></span> 
     </span>
    </p>
   </div>
   <div class='ocr_carea' id='block_1_3' title="bbox 2232 427 3828 518">
    <p class='ocr_par' dir='ltr' id='par_1_3' title="bbox 2245 427 3828 518">
     <span class='ocr_line' id='line_1_3' title="bbox 2245 427 3828 518; baseline -0.006 -24"><span class='ocrx_word' id='word_1_13' title='bbox 2245 449 2294 505; x_wconf 74' lang='grc' dir='ltr'><strong>Α</strong></span> <span class='ocrx_word' id='word_1_14' title='bbox 2332 441 2398 494; x_wconf 82' lang='grc' dir='ltr'><strong>Ἦ</strong></span> <span class='ocrx_word' id='word_1_15' title='bbox 2435 438 2656 492; x_wconf 87' lang='grc' dir='ltr'>πάντων</span> <span class='ocrx_word' id='word_1_16' title='bbox 2682 434 2983 508; x_wconf 78' lang='grc' dir='ltr'>ἀνθρώπων</span> <span class='ocrx_word' id='word_1_17' title='bbox 3017 429 3177 506; x_wconf 75' lang='grc' dir='ltr'>σάρξ,</span> <span class='ocrx_word' id='word_1_18' title='bbox 3219 431 3284 484; x_wconf 78' lang='grc' dir='ltr'>ὲκ</span> <span class='ocrx_word' id='word_1_19' title='bbox 3322 427 3646 518; x_wconf 65' lang='grc' dir='ltr'>συνδυασμοῦ</span> <span class='ocrx_word' id='word_1_20' title='bbox 3668 428 3828 500; x_wconf 76' lang='grc' dir='ltr'>ἓχειιιὸ</span> 
     </span>
    </p>
   </div>
   <div class='ocr_carea' id='block_1_4' title="bbox 637 513 2233 611">
    <p class='ocr_par' dir='ltr' id='par_1_4' title="bbox 637 513 2213 611">
     <span class='ocr_line' id='line_1_4' title="bbox 637 513 2213 611; baseline -0.007 -15"><span class='ocrx_word' id='word_1_21' title='bbox 637 556 800 597; x_wconf 89' lang='lat' dir='ltr'><strong>carne</strong></span> <span class='ocrx_word' id='word_1_22' title='bbox 833 513 991 611; x_wconf 82' lang='lat' dir='ltr'><strong>primi</strong></span> <span class='ocrx_word' id='word_1_23' title='bbox 1019 542 1254 610; x_wconf 85' lang='lat' dir='ltr'><strong>parentis</strong></span> <span class='ocrx_word' id='word_1_24' title='bbox 1275 549 1329 593; x_wconf 91' lang='lat' dir='ltr'><strong>et</strong></span> <span class='ocrx_word' id='word_1_25' title='bbox 1354 553 1417 594; x_wconf 89' lang='lat' dir='ltr'><strong>ea</strong></span> <span class='ocrx_word' id='word_1_26' title='bbox 1444 553 1602 608; x_wconf 87' lang='lat' dir='ltr'><strong>quam</strong></span> <span class='ocrx_word' id='word_1_27' title='bbox 1629 536 1874 593; x_wconf 78' lang='lat' dir='ltr'><strong>Christus</strong></span> <span class='ocrx_word' id='word_1_28' title='bbox 1904 532 2213 602; x_wconf 71' lang='lat' dir='ltr'><strong>assumpsit.</strong></span> 
     </span>
    </p>
   </div>
   <div class='ocr_carea' id='block_1_5' title="bbox 2235 513 3831 611">
    <p class='ocr_par' dir='ltr' id='par_1_5' title="bbox 2318 513 3831 597">
     <span class='ocr_line' id='line_1_5' title="bbox 2318 513 3831 597; baseline -0.006 -14"><span class='ocrx_word' id='word_1_29' title='bbox 2318 526 2489 595; x_wconf 72' lang='grc' dir='ltr'>εἶναι,</span> <span class='ocrx_word' id='word_1_30' title='bbox 2527 528 2651 597; x_wconf 82' lang='grc' dir='ltr'>δίχα</span> <span class='ocrx_word' id='word_1_31' title='bbox 2686 523 2778 579; x_wconf 78' lang='grc' dir='ltr'>τοῦ</span> <span class='ocrx_word' id='word_1_32' title='bbox 2821 523 3268 595; x_wconf 80' lang='grc' dir='ltr'>πρωτοπλάστου,</span> <span class='ocrx_word' id='word_1_33' title='bbox 3308 519 3404 573; x_wconf 77' lang='grc' dir='ltr'>καὶ</span> <span class='ocrx_word' id='word_1_34' title='bbox 3444 513 3503 572; x_wconf 73' lang='grc' dir='ltr'><strong>οὗ</strong></span> <span class='ocrx_word' id='word_1_35' title='bbox 3550 517 3776 573; x_wconf 76' lang='grc' dir='ltr'>ἀνέλαϐεν</span> <span class='ocrx_word' id='word_1_36' title='bbox 3809 521 3831 574; x_wconf 81' lang='grc' dir='ltr'><strong>ὁ</strong></span> 
     </span>
    </p>
   </div>
   <div class='ocr_carea' id='block_1_6' title="bbox 640 606 2236 700">
    <p class='ocr_par' dir='ltr' id='par_1_6' title="bbox 640 626 2213 700">
     <span class='ocr_line' id='line_1_6' title="bbox 640 626 2213 700; baseline -0.005 -13"><span class='ocrx_word' id='word_1_37' title='bbox 640 632 755 687; x_wconf 79' lang='lat' dir='ltr'><strong>Non</strong></span> <span class='ocrx_word' id='word_1_38' title='bbox 812 633 954 686; x_wconf 86' lang='lat' dir='ltr'><strong>enim</strong></span> <span class='ocrx_word' id='word_1_39' title='bbox 1004 631 1109 685; x_wconf 91' lang='lat' dir='ltr'><strong>alia</strong></span> <span class='ocrx_word' id='word_1_40' title='bbox 1159 633 1366 688; x_wconf 85' lang='lat' dir='ltr'><strong>ratione</strong></span> <span class='ocrx_word' id='word_1_41' title='bbox 1411 632 1647 687; x_wconf 85' lang='lat' dir='ltr'><strong>hominis</strong></span> <span class='ocrx_word' id='word_1_42' title='bbox 1703 643 1901 700; x_wconf 90' lang='lat' dir='ltr'><strong>corpus</strong></span> <span class='ocrx_word' id='word_1_43' title='bbox 1928 626 2213 692; x_wconf 82' lang='lat' dir='ltr'><strong>exstiterit,</strong></span> 
     </span>
    </p>
   </div>
   <div class='ocr_carea' id='block_1_7' title="bbox 2236 606 3832 700">
    <p class='ocr_par' dir='ltr' id='par_1_7' title="bbox 2318 606 3832 700">
     <span class='ocr_line' id='line_1_7' title="bbox 2318 606 3832 700; baseline -0.007 -26"><span class='ocrx_word' id='word_1_44' title='bbox 2318 623 2527 691; x_wconf 84' lang='grc' dir='ltr'><strong>Σωτήρ.</strong></span> <span class='ocrx_word' id='word_1_45' title='bbox 2566 619 2680 672; x_wconf 86' lang='grc' dir='ltr'><strong>Οὐκ</strong></span> <span class='ocrx_word' id='word_1_46' title='bbox 2714 617 2780 671; x_wconf 84' lang='grc' dir='ltr'>ἂν</span> <span class='ocrx_word' id='word_1_47' title='bbox 2807 617 2915 687; x_wconf 84' lang='grc' dir='ltr'>γὰρ</span> <span class='ocrx_word' id='word_1_48' title='bbox 2952 615 3126 677; x_wconf 76' lang='grc' dir='ltr'>ἄλλως</span> <span class='ocrx_word' id='word_1_49' title='bbox 3146 614 3307 683; x_wconf 85' lang='grc' dir='ltr'>σῶμα</span> <span class='ocrx_word' id='word_1_50' title='bbox 3337 608 3612 682; x_wconf 74' lang='grc' dir='ltr'>ἀνθρώπου</span> <span class='ocrx_word' id='word_1_51' title='bbox 3643 606 3832 700; x_wconf 68' lang='grc' dir='ltr'>γένοιτο,</span> 
     </span>
    </p>
   </div>
   <div class='ocr_carea' id='block_1_8' title="bbox 641 698 2237 788">
    <p class='ocr_par' dir='ltr' id='par_1_8' title="bbox 641 716 2220 788">
     <span class='ocr_line' id='line_1_8' title="bbox 641 716 2220 788; baseline -0.006 -10"><span class='ocrx_word' id='word_1_52' title='bbox 641 724 741 779; x_wconf 84' lang='lat' dir='ltr'><strong>nisi</strong></span> <span class='ocrx_word' id='word_1_53' title='bbox 769 722 1037 777; x_wconf 82' lang='lat' dir='ltr'><strong>masculus</strong></span> <span class='ocrx_word' id='word_1_54' title='bbox 1064 732 1118 776; x_wconf 92' lang='lat' dir='ltr'><strong>et</strong></span> <span class='ocrx_word' id='word_1_55' title='bbox 1145 722 1340 777; x_wconf 77' lang='lat' dir='ltr'><strong>femina</strong></span> <span class='ocrx_word' id='word_1_56' title='bbox 1359 722 1708 776; x_wconf 81' lang='lat' dir='ltr'><strong>misceantur.</strong></span> <span class='ocrx_word' id='word_1_57' title='bbox 1751 719 1920 788; x_wconf 78' lang='lat' dir='ltr'><strong>Igitur</strong></span> <span class='ocrx_word' id='word_1_58' title='bbox 1942 718 2067 787; x_wconf 88' lang='lat' dir='ltr'><strong>quia</strong></span> <span class='ocrx_word' id='word_1_59' title='bbox 2098 716 2220 771; x_wconf 84' lang='lat' dir='ltr'><strong>Sal-</strong></span> 
     </span>
    </p>
   </div>
   <div class='ocr_carea' id='block_1_9' title="bbox 2240 698 3836 788">
    <p class='ocr_par' dir='ltr' id='par_1_9' title="bbox 2321 698 3836 784">
     <span class='ocr_line' id='line_1_9' title="bbox 2321 698 3836 784; baseline -0.009 -18"><span class='ocrx_word' id='word_1_60' title='bbox 2321 714 2396 784; x_wconf 77' lang='grc' dir='ltr'>μὴ</span> <span class='ocrx_word' id='word_1_61' title='bbox 2427 710 2818 774; x_wconf 83' lang='grc' dir='ltr'>ὲπιπλακέντος</span> <span class='ocrx_word' id='word_1_62' title='bbox 2844 708 2921 780; x_wconf 81' lang='grc' dir='ltr'><strong>τῷ</strong></span> <span class='ocrx_word' id='word_1_63' title='bbox 2945 707 3097 779; x_wconf 82' lang='grc' dir='ltr'>θήλει</span> <span class='ocrx_word' id='word_1_64' title='bbox 3130 705 3225 759; x_wconf 78' lang='grc' dir='ltr'>τοῦ</span> <span class='ocrx_word' id='word_1_65' title='bbox 3267 705 3510 778; x_wconf 77' lang='grc' dir='ltr'>ἄρρενος.</span> <span class='ocrx_word' id='word_1_66' title='bbox 3541 701 3682 754; x_wconf 78' lang='grc' dir='ltr'>Ἐπεὶ</span> <span class='ocrx_word' id='word_1_67' title='bbox 3709 698 3786 755; x_wconf 78' lang='grc' dir='ltr'>οὖν</span> <span class='ocrx_word' id='word_1_68' title='bbox 3815 704 3836 754; x_wconf 76' lang='grc' dir='ltr'>ὀ</span> 
     </span>
    </p>
   </div>
   <div class='ocr_carea' id='block_1_10' title="bbox 641 794 2237 886">
    <p class='ocr_par' dir='ltr' id='par_1_10' title="bbox 641 806 2215 886">
     <span class='ocr_line' id='line_1_10' title="bbox 641 806 2215 886; baseline -0.004 -20"><span class='ocrx_word' id='word_1_69' title='bbox 641 827 797 869; x_wconf 81' lang='lat' dir='ltr'><strong>vator</strong></span> <span class='ocrx_word' id='word_1_70' title='bbox 827 830 891 869; x_wconf 81' lang='lat' dir='ltr'><strong>ex</strong></span> <span class='ocrx_word' id='word_1_71' title='bbox 924 815 1035 869; x_wconf 89' lang='lat' dir='ltr'><strong>sola</strong></span> <span class='ocrx_word' id='word_1_72' title='bbox 1059 806 1282 886; x_wconf 77' lang='lat' dir='ltr'><strong>Virgine</strong></span> <span class='ocrx_word' id='word_1_73' title='bbox 1299 829 1494 885; x_wconf 89' lang='lat' dir='ltr'><strong>corpus</strong></span> <span class='ocrx_word' id='word_1_74' title='bbox 1521 813 1832 881; x_wconf 84' lang='lat' dir='ltr'><strong>assumpsit,</strong></span> <span class='ocrx_word' id='word_1_75' title='bbox 1859 812 2083 881; x_wconf 79' lang='lat' dir='ltr'><strong>quodex</strong></span> <span class='ocrx_word' id='word_1_76' title='bbox 2111 823 2215 861; x_wconf 90' lang='lat' dir='ltr'><strong>non</strong></span> 
     </span>
    </p>
   </div>
   <div class='ocr_carea' id='block_1_11' title="bbox 2242 794 3838 886">
    <p class='ocr_par' dir='ltr' id='par_1_11' title="bbox 2318 794 3838 886">
     <span class='ocr_line' id='line_1_11' title="bbox 2318 794 3838 886; baseline -0.009 -27"><span class='ocrx_word' id='word_1_77' title='bbox 2318 804 2509 876; x_wconf 76' lang='grc' dir='ltr'>Σωτὴρ</span> <span class='ocrx_word' id='word_1_78' title='bbox 2535 807 2599 858; x_wconf 75' lang='grc' dir='ltr'>ἐκ</span> <span class='ocrx_word' id='word_1_79' title='bbox 2635 803 2803 875; x_wconf 84' lang='grc' dir='ltr'>μόνης</span> <span class='ocrx_word' id='word_1_80' title='bbox 2826 802 2925 873; x_wconf 85' lang='grc' dir='ltr'><strong>τῆς</strong></span> <span class='ocrx_word' id='word_1_81' title='bbox 2954 799 3230 872; x_wconf 82' lang='grc' dir='ltr'><strong>Παρθένου</strong></span> <span class='ocrx_word' id='word_1_82' title='bbox 3264 795 3421 850; x_wconf 78' lang='grc' dir='ltr'>ἔλαϐε</span> <span class='ocrx_word' id='word_1_83' title='bbox 3449 795 3619 866; x_wconf 82' lang='grc' dir='ltr'>σῶμα,</span> <span class='ocrx_word' id='word_1_84' title='bbox 3642 794 3729 865; x_wconf 82' lang='grc' dir='ltr'><strong>τὴν</strong></span> <span class='ocrx_word' id='word_1_85' title='bbox 3760 795 3838 886; x_wconf 82' lang='grc' dir='ltr'><strong>ἀρ-</strong></span> 
     </span>
    </p>
   </div>
   <div class='ocr_carea' id='block_1_12' title="bbox 640 884 2236 976">
    <p class='ocr_par' dir='ltr' id='par_1_12' title="bbox 640 899 2214 976">
     <span class='ocr_line' id='line_1_12' title="bbox 640 899 2214 976; baseline -0.006 -15"><span class='ocrx_word' id='word_1_86' title='bbox 640 908 782 961; x_wconf 89' lang='lat' dir='ltr'><strong>coitu</strong></span> <span class='ocrx_word' id='word_1_87' title='bbox 836 906 1155 976; x_wconf 90' lang='lat' dir='ltr'><strong>principium</strong></span> <span class='ocrx_word' id='word_1_88' title='bbox 1214 907 1397 972; x_wconf 84' lang='lat' dir='ltr'><strong>duxit;</strong></span> <span class='ocrx_word' id='word_1_89' title='bbox 1453 906 1654 959; x_wconf 82' lang='lat' dir='ltr'><strong>idcirco</strong></span> <span class='ocrx_word' id='word_1_90' title='bbox 1706 918 1925 959; x_wconf 88' lang='lat' dir='ltr'><strong>carnem</strong></span> <span class='ocrx_word' id='word_1_91' title='bbox 1981 899 2214 964; x_wconf 85' lang='lat' dir='ltr'><strong>Domini,</strong></span> 
     </span>
    </p>
   </div>
   <div class='ocr_carea' id='block_1_13' title="bbox 2240 884 3836 976">
    <p class='ocr_par' dir='ltr' id='par_1_13' title="bbox 2317 884 3836 969">
     <span class='ocr_line' id='line_1_13' title="bbox 2317 884 3836 969; baseline -0.009 -17"><span class='ocrx_word' id='word_1_92' title='bbox 2317 899 2417 969; x_wconf 84' lang='grc' dir='ltr'>χὴν</span> <span class='ocrx_word' id='word_1_93' title='bbox 2443 899 2543 951; x_wconf 77' lang='grc' dir='ltr'>οὐκ</span> <span class='ocrx_word' id='word_1_94' title='bbox 2580 896 2700 968; x_wconf 76' lang='grc' dir='ltr'>ἕχον</span> <span class='ocrx_word' id='word_1_95' title='bbox 2731 897 2796 948; x_wconf 81' lang='grc' dir='ltr'>ὲκ</span> <span class='ocrx_word' id='word_1_96' title='bbox 2832 893 3135 955; x_wconf 78' lang='grc' dir='ltr'><strong>συνουσίας,</strong></span> <span class='ocrx_word' id='word_1_97' title='bbox 3166 888 3418 960; x_wconf 83' lang='grc' dir='ltr'>ὁμοίωμα</span> <span class='ocrx_word' id='word_1_98' title='bbox 3456 887 3554 959; x_wconf 79' lang='grc' dir='ltr'><strong>τῆν</strong></span> <span class='ocrx_word' id='word_1_99' title='bbox 3585 888 3743 958; x_wconf 80' lang='grc' dir='ltr'><strong>σάρκα</strong></span> <span class='ocrx_word' id='word_1_100' title='bbox 3765 884 3836 956; x_wconf 79' lang='grc' dir='ltr'>τὴν</span> 
     </span>
    </p>
   </div>
   <div class='ocr_carea' id='block_1_14' title="bbox 639 978 2235 1066">
    <p class='ocr_par' dir='ltr' id='par_1_14' title="bbox 639 989 2212 1066">
     <span class='ocr_line' id='line_1_14' title="bbox 639 989 2212 1066; baseline -0.004 -18"><span class='ocrx_word' id='word_1_101' title='bbox 639 997 753 1060; x_wconf 76' lang='lat' dir='ltr'><strong>ejus</strong></span> <span class='ocrx_word' id='word_1_102' title='bbox 781 999 959 1052; x_wconf 88' lang='lat' dir='ltr'><strong>carnis</strong></span> <span class='ocrx_word' id='word_1_103' title='bbox 994 1013 1112 1066; x_wconf 68' lang='lat' dir='ltr'><strong>quae</strong></span> <span class='ocrx_word' id='word_1_104' title='bbox 1139 1013 1202 1051; x_wconf 81' lang='lat' dir='ltr'><strong>ex</strong></span> <span class='ocrx_word' id='word_1_105' title='bbox 1240 997 1381 1050; x_wconf 92' lang='lat' dir='ltr'><strong>coitu</strong></span> <span class='ocrx_word' id='word_1_106' title='bbox 1417 1006 1521 1057; x_wconf 83' lang='lat' dir='ltr'><strong>est.</strong></span> <span class='ocrx_word' id='word_1_107' title='bbox 1551 993 1955 1049; x_wconf 80' lang='lat' dir='ltr'><strong>similitudinem</strong></span> <span class='ocrx_word' id='word_1_108' title='bbox 1981 989 2212 1044; x_wconf 89' lang='lat' dir='ltr'><strong>vocavit.</strong></span> 
     </span>
    </p>
   </div>
   <div class='ocr_carea' id='block_1_15' title="bbox 2241 978 3837 1066">
    <p class='ocr_par' dir='ltr' id='par_1_15' title="bbox 2318 978 3837 1060">
     <span class='ocr_line' id='line_1_15' title="bbox 2318 978 3837 1060; baseline -0.008 -17"><span class='ocrx_word' id='word_1_109' title='bbox 2318 988 2602 1060; x_wconf 79' lang='grc' dir='ltr'>Κυριακὴν</span> <span class='ocrx_word' id='word_1_110' title='bbox 2624 983 2742 1040; x_wconf 81' lang='grc' dir='ltr'>εἷπε</span> <span class='ocrx_word' id='word_1_111' title='bbox 2776 986 2876 1057; x_wconf 86' lang='grc' dir='ltr'><strong>τῆς</strong></span> <span class='ocrx_word' id='word_1_112' title='bbox 2917 984 3119 1056; x_wconf 88' lang='grc' dir='ltr'>σαρκὸς</span> <span class='ocrx_word' id='word_1_113' title='bbox 3149 982 3247 1054; x_wconf 87' lang='grc' dir='ltr'><strong>τῆς</strong></span> <span class='ocrx_word' id='word_1_114' title='bbox 3276 984 3341 1036; x_wconf 83' lang='grc' dir='ltr'>ὲκ</span> <span class='ocrx_word' id='word_1_115' title='bbox 3364 980 3658 1044; x_wconf 77' lang='grc' dir='ltr'><strong>συνουσίας.</strong></span> <span class='ocrx_word' id='word_1_116' title='bbox 3679 978 3837 1049; x_wconf 80' lang='grc' dir='ltr'>υύγὰρ</span> 
     </span>
    </p>
   </div>
   <div class='ocr_carea' id='block_1_16' title="bbox 640 1068 2236 1157">
    <p class='ocr_par' dir='ltr' id='par_1_16' title="bbox 640 1081 2216 1157">
     <span class='ocr_line' id='line_1_16' title="bbox 640 1081 2216 1157; baseline -0.006 -16"><span class='ocrx_word' id='word_1_117' title='bbox 640 1087 755 1141; x_wconf 80' lang='lat' dir='ltr'><strong>Non</strong></span> <span class='ocrx_word' id='word_1_118' title='bbox 791 1089 935 1144; x_wconf 90' lang='lat' dir='ltr'><strong>enim</strong></span> <span class='ocrx_word' id='word_1_119' title='bbox 968 1088 1287 1157; x_wconf 88' lang='lat' dir='ltr'><strong>simpliciter</strong></span> <span class='ocrx_word' id='word_1_120' title='bbox 1323 1088 1522 1142; x_wconf 82' lang='lat' dir='ltr'><strong>habere</strong></span> <span class='ocrx_word' id='word_1_121' title='bbox 1548 1101 1666 1140; x_wconf 91' lang='lat' dir='ltr'><strong>eam</strong></span> <span class='ocrx_word' id='word_1_122' title='bbox 1698 1088 1880 1139; x_wconf 88' lang='lat' dir='ltr'><strong>carnis</strong></span> <span class='ocrx_word' id='word_1_123' title='bbox 1907 1081 2216 1137; x_wconf 87' lang='lat' dir='ltr'><strong>similitudi-</strong></span> 
     </span>
    </p>
   </div>
   <div class='ocr_carea' id='block_1_17' title="bbox 2241 1068 3837 1157">
    <p class='ocr_par' dir='ltr' id='par_1_17' title="bbox 2321 1068 3837 1145">
     <span class='ocr_line' id='line_1_17' title="bbox 2321 1068 3837 1145; baseline -0.008 -13"><span class='ocrx_word' id='word_1_124' title='bbox 2321 1077 2578 1142; x_wconf 78' lang='grc' dir='ltr'><strong>καθάπαξ</strong></span> <span class='ocrx_word' id='word_1_125' title='bbox 2625 1073 2799 1140; x_wconf 77' lang='grc' dir='ltr'>εἶπεν,</span> <span class='ocrx_word' id='word_1_126' title='bbox 2843 1074 3093 1145; x_wconf 82' lang='grc' dir='ltr'>ὁμοίωμα</span> <span class='ocrx_word' id='word_1_127' title='bbox 3142 1070 3344 1142; x_wconf 88' lang='grc' dir='ltr'>σαρκὸς</span> <span class='ocrx_word' id='word_1_128' title='bbox 3368 1070 3529 1124; x_wconf 84' lang='grc' dir='ltr'>αὑτὸν</span> <span class='ocrx_word' id='word_1_129' title='bbox 3574 1069 3721 1139; x_wconf 74' lang='grc' dir='ltr'>ἔχειν,</span> <span class='ocrx_word' id='word_1_130' title='bbox 3752 1068 3837 1121; x_wconf 80' lang='grc' dir='ltr'>ἀλλ’</span> 
     </span>
    </p>
   </div>
   <div class='ocr_carea' id='block_1_18' title="bbox 640 1161 2236 1244">
    <p class='ocr_par' dir='ltr' id='par_1_18' title="bbox 640 1169 2216 1244">
     <span class='ocr_line' id='line_1_18' title="bbox 640 1169 2216 1244; baseline -0.006 -13"><span class='ocrx_word' id='word_1_131' title='bbox 640 1191 760 1231; x_wconf 88' lang='lat' dir='ltr'><strong>nem</strong></span> <span class='ocrx_word' id='word_1_132' title='bbox 793 1179 948 1243; x_wconf 84' lang='lat' dir='ltr'><strong>dixit,</strong></span> <span class='ocrx_word' id='word_1_133' title='bbox 984 1179 1075 1233; x_wconf 89' lang='lat' dir='ltr'><strong>sed</strong></span> <span class='ocrx_word' id='word_1_134' title='bbox 1110 1176 1519 1231; x_wconf 88' lang='lat' dir='ltr'><strong>similitudinem</strong></span> <span class='ocrx_word' id='word_1_135' title='bbox 1544 1175 1723 1232; x_wconf 89' lang='lat' dir='ltr'><strong>carnis</strong></span> <span class='ocrx_word' id='word_1_136' title='bbox 1753 1173 1981 1244; x_wconf 86' lang='lat' dir='ltr'><strong>peccati.</strong></span> <span class='ocrx_word' id='word_1_137' title='bbox 2014 1169 2216 1226; x_wconf 80' lang='lat' dir='ltr'><strong>Simili-</strong></span> 
     </span>
    </p>
   </div>
   <div class='ocr_carea' id='block_1_19' title="bbox 2242 1161 3838 1244">
    <p class='ocr_par' dir='ltr' id='par_1_19' title="bbox 2315 1161 3838 1242">
     <span class='ocr_line' id='line_1_19' title="bbox 2315 1161 3838 1242; baseline -0.007 -19"><span class='ocrx_word' id='word_1_138' title='bbox 2315 1171 2566 1242; x_wconf 84' lang='grc' dir='ltr'>ὁμοίωμα</span> <span class='ocrx_word' id='word_1_139' title='bbox 2593 1169 2795 1241; x_wconf 88' lang='grc' dir='ltr'>σαρκὸς</span> <span class='ocrx_word' id='word_1_140' title='bbox 2827 1166 3128 1238; x_wconf 82' lang='grc' dir='ltr'>ἁμαρτίας.</span> <span class='ocrx_word' id='word_1_141' title='bbox 3153 1165 3229 1218; x_wconf 87' lang='grc' dir='ltr'>Τὸ</span> <span class='ocrx_word' id='word_1_142' title='bbox 3265 1164 3323 1216; x_wconf 87' lang='grc' dir='ltr'>δὲ</span> <span class='ocrx_word' id='word_1_143' title='bbox 3354 1162 3602 1234; x_wconf 83' lang='grc' dir='ltr'>ὁμοίωμα</span> <span class='ocrx_word' id='word_1_144' title='bbox 3625 1161 3715 1233; x_wconf 85' lang='grc' dir='ltr'><strong>τῆς</strong></span> <span class='ocrx_word' id='word_1_145' title='bbox 3738 1177 3838 1231; x_wconf 75' lang='grc' dir='ltr'>σαρ-</span> 
     </span>
    </p>
   </div>
   <div class='ocr_carea' id='block_1_20' title="bbox 641 1252 2237 1338">
    <p class='ocr_par' dir='ltr' id='par_1_20' title="bbox 641 1264 2216 1338">
     <span class='ocr_line' id='line_1_20' title="bbox 641 1264 2216 1338; baseline -0.004 -15"><span class='ocrx_word' id='word_1_146' title='bbox 641 1273 768 1326; x_wconf 87' lang='lat' dir='ltr'><strong>tndo</strong></span> <span class='ocrx_word' id='word_1_147' title='bbox 796 1281 973 1326; x_wconf 89' lang='lat' dir='ltr'><strong>autem</strong></span> <span class='ocrx_word' id='word_1_148' title='bbox 1001 1270 1182 1325; x_wconf 86' lang='lat' dir='ltr'><strong>carnis</strong></span> <span class='ocrx_word' id='word_1_149' title='bbox 1220 1269 1445 1338; x_wconf 87' lang='lat' dir='ltr'><strong>peccati,</strong></span> <span class='ocrx_word' id='word_1_150' title='bbox 1480 1283 1606 1322; x_wconf 91' lang='lat' dir='ltr'><strong>caro</strong></span> <span class='ocrx_word' id='word_1_151' title='bbox 1653 1276 1774 1331; x_wconf 90' lang='lat' dir='ltr'><strong>est;</strong></span> <span class='ocrx_word' id='word_1_152' title='bbox 1811 1279 1917 1318; x_wconf 88' lang='lat' dir='ltr'><strong>uno</strong></span> <span class='ocrx_word' id='word_1_153' title='bbox 1957 1264 2216 1317; x_wconf 82' lang='lat' dir='ltr'><strong>duntaxat</strong></span> 
     </span>
    </p>
   </div>
   <div class='ocr_carea' id='block_1_21' title="bbox 2239 1252 3835 1338">
    <p class='ocr_par' dir='ltr' id='par_1_21' title="bbox 2318 1252 3835 1330">
     <span class='ocr_line' id='line_1_21' title="bbox 2318 1252 3835 1330; baseline -0.007 -16"><span class='ocrx_word' id='word_1_154' title='bbox 2318 1263 2413 1324; x_wconf 89' lang='grc' dir='ltr'><strong>κὸς</strong></span> <span class='ocrx_word' id='word_1_155' title='bbox 2451 1261 2758 1330; x_wconf 84' lang='grc' dir='ltr'>ἁμαρτίας,</span> <span class='ocrx_word' id='word_1_156' title='bbox 2805 1256 2942 1329; x_wconf 80' lang='grc' dir='ltr'>σάρξ</span> <span class='ocrx_word' id='word_1_157' title='bbox 2982 1259 3166 1321; x_wconf 78' lang='grc' dir='ltr'>ἐστιν,</span> <span class='ocrx_word' id='word_1_158' title='bbox 3209 1256 3354 1326; x_wconf 86' lang='grc' dir='ltr'>μόνῳ</span> <span class='ocrx_word' id='word_1_159' title='bbox 3388 1253 3559 1323; x_wconf 83' lang='grc' dir='ltr'>τούτῳ</span> <span class='ocrx_word' id='word_1_160' title='bbox 3592 1252 3835 1323; x_wconf 75' lang='grc' dir='ltr'><strong>λειπομένη</strong></span> 
     </span>
    </p>
   </div>
   <div class='ocr_carea' id='block_1_22' title="bbox 640 1341 2236 1426">
    <p class='ocr_par' dir='ltr' id='par_1_22' title="bbox 640 1352 2213 1426">
     <span class='ocr_line' id='line_1_22' title="bbox 640 1352 2213 1426; baseline -0.006 -11"><span class='ocrx_word' id='word_1_161' title='bbox 640 1377 707 1415; x_wconf 82' lang='lat' dir='ltr'><strong>ex</strong></span> <span class='ocrx_word' id='word_1_162' title='bbox 761 1361 879 1415; x_wconf 89' lang='lat' dir='ltr'><strong>aliis</strong></span> <span class='ocrx_word' id='word_1_163' title='bbox 933 1360 1185 1415; x_wconf 84' lang='lat' dir='ltr'><strong>carnibus</strong></span> <span class='ocrx_word' id='word_1_164' title='bbox 1236 1358 1309 1412; x_wconf 92' lang='lat' dir='ltr'><strong>illi</strong></span> <span class='ocrx_word' id='word_1_165' title='bbox 1360 1358 1680 1423; x_wconf 88' lang='lat' dir='ltr'><strong>desiderato,</strong></span> <span class='ocrx_word' id='word_1_166' title='bbox 1736 1356 1875 1426; x_wconf 87' lang='lat' dir='ltr'><strong>quod</strong></span> <span class='ocrx_word' id='word_1_167' title='bbox 1928 1352 2071 1408; x_wconf 90' lang='lat' dir='ltr'><strong>nulla</strong></span> <span class='ocrx_word' id='word_1_168' title='bbox 2110 1353 2213 1407; x_wconf 88' lang='lat' dir='ltr'><strong>viri</strong></span> 
     </span>
    </p>
   </div>
   <div class='ocr_carea' id='block_1_23' title="bbox 2241 1341 3837 1426">
    <p class='ocr_par' dir='ltr' id='par_1_23' title="bbox 2316 1341 3837 1418">
     <span class='ocr_line' id='line_1_23' title="bbox 2316 1341 3837 1418; baseline -0.007 -15"><span class='ocrx_word' id='word_1_169' title='bbox 2316 1350 2423 1403; x_wconf 81' lang='grc' dir='ltr'>τῶν</span> <span class='ocrx_word' id='word_1_170' title='bbox 2465 1350 2637 1403; x_wconf 81' lang='grc' dir='ltr'>ἄλλων</span> <span class='ocrx_word' id='word_1_171' title='bbox 2686 1347 2932 1418; x_wconf 83' lang='grc' dir='ltr'><strong>σαρκῶν,</strong></span> <span class='ocrx_word' id='word_1_172' title='bbox 2970 1346 3033 1399; x_wconf 86' lang='grc' dir='ltr'><strong>τὸ</strong></span> <span class='ocrx_word' id='word_1_173' title='bbox 3079 1346 3207 1400; x_wconf 75' lang='grc' dir='ltr'>ἄνευ</span> <span class='ocrx_word' id='word_1_174' title='bbox 3247 1344 3438 1416; x_wconf 84' lang='grc' dir='ltr'>ἀνδρὸς</span> <span class='ocrx_word' id='word_1_175' title='bbox 3479 1345 3749 1414; x_wconf 73' lang='grc' dir='ltr'><strong>ἐσχηκέναι</strong></span> <span class='ocrx_word' id='word_1_176' title='bbox 3768 1341 3837 1413; x_wconf 72' lang='grc' dir='ltr'>τὴν</span> 
     </span>
    </p>
   </div>
   <div class='ocr_carea' id='block_1_24' title="bbox 639 1433 2235 1522">
    <p class='ocr_par' dir='ltr' id='par_1_24' title="bbox 639 1445 2212 1522">
     <span class='ocr_line' id='line_1_24' title="bbox 639 1445 2212 1522; baseline -0.005 -16"><span class='ocrx_word' id='word_1_177' title='bbox 639 1467 804 1522; x_wconf 85' lang='lat' dir='ltr'><strong>opera</strong></span> <span class='ocrx_word' id='word_1_178' title='bbox 840 1461 994 1505; x_wconf 89' lang='lat' dir='ltr'><strong>nacta</strong></span> <span class='ocrx_word' id='word_1_179' title='bbox 1023 1451 1397 1505; x_wconf 75' lang='lat' dir='ltr'><strong>exsistentiam</strong></span> <span class='ocrx_word' id='word_1_180' title='bbox 1431 1461 1535 1504; x_wconf 91' lang='lat' dir='ltr'><strong>est.</strong></span> <span class='ocrx_word' id='word_1_181' title='bbox 1581 1449 1812 1502; x_wconf 84' lang='lat' dir='ltr'><strong>Decebat</strong></span> <span class='ocrx_word' id='word_1_182' title='bbox 1845 1447 2011 1511; x_wconf 91' lang='lat' dir='ltr'><strong>enim,</strong></span> <span class='ocrx_word' id='word_1_183' title='bbox 2042 1454 2099 1497; x_wconf 92' lang='lat' dir='ltr'><strong>ut</strong></span> <span class='ocrx_word' id='word_1_184' title='bbox 2122 1445 2212 1512; x_wconf 92' lang='lat' dir='ltr'><strong>qui</strong></span> 
     </span>
    </p>
   </div>
   <div class='ocr_carea' id='block_1_25' title="bbox 2242 1433 3838 1522">
    <p class='ocr_par' dir='ltr' id='par_1_25' title="bbox 2319 1433 3838 1512">
     <span class='ocr_line' id='line_1_25' title="bbox 2319 1433 3838 1512; baseline -0.006 -18"><span class='ocrx_word' id='word_1_185' title='bbox 2319 1440 2574 1512; x_wconf 78' lang='grc' dir='ltr'>ὓπαρξιν.</span> <span class='ocrx_word' id='word_1_186' title='bbox 2613 1440 2758 1493; x_wconf 85' lang='grc' dir='ltr'>Ἔδει</span> <span class='ocrx_word' id='word_1_187' title='bbox 2782 1439 2892 1510; x_wconf 86' lang='grc' dir='ltr'><strong>γὰρ</strong></span> <span class='ocrx_word' id='word_1_188' title='bbox 2923 1437 3014 1491; x_wconf 89' lang='grc' dir='ltr'><strong>τὸν</strong></span> <span class='ocrx_word' id='word_1_189' title='bbox 3045 1437 3136 1490; x_wconf 71' lang='grc' dir='ltr'><strong>ἐπὶ</strong></span> <span class='ocrx_word' id='word_1_190' title='bbox 3171 1435 3415 1507; x_wconf 69' lang='grc' dir='ltr'>σωτηρίᾳ</span> <span class='ocrx_word' id='word_1_191' title='bbox 3441 1436 3549 1490; x_wconf 83' lang='grc' dir='ltr'>τῶν</span> <span class='ocrx_word' id='word_1_192' title='bbox 3587 1433 3838 1507; x_wconf 81' lang='grc' dir='ltr'>ἀνθρώπων</span> 
     </span>
    </p>
   </div>
   <div class='ocr_carea' id='block_1_26' title="bbox 642 1522 2238 1605">
    <p class='ocr_par' dir='ltr' id='par_1_26' title="bbox 642 1534 2213 1604">
     <span class='ocr_line' id='line_1_26' title="bbox 642 1534 2213 1604; baseline -0.004 -9"><span class='ocrx_word' id='word_1_193' title='bbox 642 1541 708 1595; x_wconf 88' lang='lat' dir='ltr'><strong>ad</strong></span> <span class='ocrx_word' id='word_1_194' title='bbox 732 1543 960 1595; x_wconf 85' lang='lat' dir='ltr'><strong>salutem</strong></span> <span class='ocrx_word' id='word_1_195' title='bbox 996 1541 1270 1594; x_wconf 86' lang='lat' dir='ltr'><strong>hominum</strong></span> <span class='ocrx_word' id='word_1_196' title='bbox 1309 1540 1576 1604; x_wconf 79' lang='lat' dir='ltr'><strong>veniebat,</strong></span> <span class='ocrx_word' id='word_1_197' title='bbox 1612 1552 1675 1590; x_wconf 77' lang='lat' dir='ltr'><strong>ex</strong></span> <span class='ocrx_word' id='word_1_198' title='bbox 1705 1534 2080 1604; x_wconf 85' lang='lat' dir='ltr'><strong>conjunctione</strong></span> <span class='ocrx_word' id='word_1_199' title='bbox 2116 1535 2213 1589; x_wconf 89' lang='lat' dir='ltr'><strong>viri</strong></span> 
     </span>
    </p>
   </div>
   <div class='ocr_carea' id='block_1_27' title="bbox 2240 1522 3836 1605">
    <p class='ocr_par' dir='ltr' id='par_1_27' title="bbox 2318 1522 3836 1605">
     <span class='ocr_line' id='line_1_27' title="bbox 2318 1522 3836 1605; baseline -0.005 -20"><span class='ocrx_word' id='word_1_200' title='bbox 2318 1533 2630 1605; x_wconf 74' lang='grc' dir='ltr'><strong>ἐρχόμενον,</strong></span> <span class='ocrx_word' id='word_1_201' title='bbox 2671 1532 2744 1604; x_wconf 83' lang='grc' dir='ltr'>μὴ</span> <span class='ocrx_word' id='word_1_202' title='bbox 2773 1534 2836 1585; x_wconf 83' lang='grc' dir='ltr'>ὲκ</span> <span class='ocrx_word' id='word_1_203' title='bbox 2862 1527 3199 1599; x_wconf 77' lang='grc' dir='ltr'>συνδυασμοῦ</span> <span class='ocrx_word' id='word_1_204' title='bbox 3224 1528 3386 1599; x_wconf 84' lang='grc' dir='ltr'>σῶμα</span> <span class='ocrx_word' id='word_1_205' title='bbox 3417 1527 3621 1583; x_wconf 80' lang='grc' dir='ltr'>λαϐεῖν.</span> <span class='ocrx_word' id='word_1_206' title='bbox 3654 1522 3836 1599; x_wconf 66' lang='grc' dir='ltr'>Μηδαῦ</span> 
     </span>
    </p>
   </div>
   <div class='ocr_carea' id='block_1_28' title="bbox 642 1621 2238 1703">
    <p class='ocr_par' dir='ltr' id='par_1_28' title="bbox 642 1628 2215 1703">
     <span class='ocr_line' id='line_1_28' title="bbox 642 1628 2215 1703; baseline -0.004 -16"><span class='ocrx_word' id='word_1_207' title='bbox 642 1648 837 1703; x_wconf 86' lang='lat' dir='ltr'><strong>corpus</strong></span> <span class='ocrx_word' id='word_1_208' title='bbox 900 1649 1003 1687; x_wconf 92' lang='lat' dir='ltr'><strong>non</strong></span> <span class='ocrx_word' id='word_1_209' title='bbox 1057 1632 1362 1701; x_wconf 86' lang='lat' dir='ltr'><strong>acciperet;</strong></span> <span class='ocrx_word' id='word_1_210' title='bbox 1420 1646 1593 1700; x_wconf 88' lang='lat' dir='ltr'><strong>neque</strong></span> <span class='ocrx_word' id='word_1_211' title='bbox 1634 1644 1822 1683; x_wconf 89' lang='lat' dir='ltr'><strong>rursus</strong></span> <span class='ocrx_word' id='word_1_212' title='bbox 1850 1638 2004 1682; x_wconf 80' lang='lat' dir='ltr'><strong>extra</strong></span> <span class='ocrx_word' id='word_1_213' title='bbox 2040 1628 2215 1682; x_wconf 88' lang='lat' dir='ltr'><strong>homi-</strong></span> 
     </span>
    </p>
   </div>
   <div class='ocr_carea' id='block_1_29' title="bbox 2243 1621 3839 1703">
    <p class='ocr_par' dir='ltr' id='par_1_29' title="bbox 2317 1621 3839 1697">
     <span class='ocr_line' id='line_1_29' title="bbox 2317 1621 3839 1697; baseline -0.004 -17"><span class='ocrx_word' id='word_1_214' title='bbox 2317 1626 2517 1695; x_wconf 78' lang='grc' dir='ltr'>ἔξωθεν</span> <span class='ocrx_word' id='word_1_215' title='bbox 2542 1626 2643 1695; x_wconf 85' lang='grc' dir='ltr'><strong>τῆς</strong></span> <span class='ocrx_word' id='word_1_216' title='bbox 2672 1627 2780 1679; x_wconf 82' lang='grc' dir='ltr'>τῶν</span> <span class='ocrx_word' id='word_1_217' title='bbox 2807 1623 3109 1697; x_wconf 79' lang='grc' dir='ltr'>ἀνθρώπων</span> <span class='ocrx_word' id='word_1_218' title='bbox 3133 1623 3383 1695; x_wconf 83' lang='grc' dir='ltr'><strong>διαδοχῆς</strong></span> <span class='ocrx_word' id='word_1_219' title='bbox 3401 1665 3417 1689; x_wconf 91' lang='grc'><strong>,</strong></span> <span class='ocrx_word' id='word_1_220' title='bbox 3451 1621 3634 1694; x_wconf 81' lang='grc' dir='ltr'>ὥσπερ</span> <span class='ocrx_word' id='word_1_221' title='bbox 3664 1622 3690 1674; x_wconf 86' lang='grc' dir='ltr'><strong>ό</strong></span> <span class='ocrx_word' id='word_1_222' title='bbox 3722 1622 3839 1693; x_wconf 84' lang='grc' dir='ltr'>πρῶ-</span> 
     </span>
    </p>
   </div>
   <div class='ocr_carea' id='block_1_30' title="bbox 642 1715 2238 1792">
    <p class='ocr_par' dir='ltr' id='par_1_30' title="bbox 642 1718 2215 1792">
     <span class='ocr_line' id='line_1_30' title="bbox 642 1718 2215 1792; baseline -0.004 -13"><span class='ocrx_word' id='word_1_223' title='bbox 642 1740 767 1779; x_wconf 92' lang='lat' dir='ltr'><strong>num</strong></span> <span class='ocrx_word' id='word_1_224' title='bbox 795 1725 1213 1787; x_wconf 88' lang='lat' dir='ltr'><strong>successionem,</strong></span> <span class='ocrx_word' id='word_1_225' title='bbox 1247 1725 1391 1777; x_wconf 88' lang='lat' dir='ltr'><strong>velut</strong></span> <span class='ocrx_word' id='word_1_226' title='bbox 1416 1725 1622 1792; x_wconf 89' lang='lat' dir='ltr'><strong>primus</strong></span> <span class='ocrx_word' id='word_1_227' title='bbox 1648 1721 1831 1782; x_wconf 86' lang='lat' dir='ltr'><strong>homo.</strong></span> <span class='ocrx_word' id='word_1_228' title='bbox 1867 1734 1934 1774; x_wconf 90' lang='lat' dir='ltr'><strong>ne</strong></span> <span class='ocrx_word' id='word_1_229' title='bbox 1959 1718 2073 1787; x_wconf 84' lang='lat' dir='ltr'><strong>ejus</strong></span> <span class='ocrx_word' id='word_1_230' title='bbox 2094 1735 2215 1774; x_wconf 89' lang='lat' dir='ltr'><strong>cor-</strong></span> 
     </span>
    </p>
   </div>
   <div class='ocr_carea' id='block_1_31' title="bbox 2245 1715 3841 1792">
    <p class='ocr_par' dir='ltr' id='par_1_31' title="bbox 2248 1715 3841 1790">
     <span class='ocr_line' id='line_1_31' title="bbox 2248 1715 3841 1790; baseline -0.003 -18"><span class='ocrx_word' id='word_1_231' title='bbox 2248 1726 2286 1780; x_wconf 86' lang='lat' dir='ltr'>B</span> <span class='ocrx_word' id='word_1_232' title='bbox 2314 1738 2406 1784; x_wconf 85' lang='grc' dir='ltr'><strong>τος</strong></span> <span class='ocrx_word' id='word_1_233' title='bbox 2442 1718 2756 1790; x_wconf 82' lang='grc' dir='ltr'>ἄνθρωπος,</span> <span class='ocrx_word' id='word_1_234' title='bbox 2797 1718 2885 1772; x_wconf 82' lang='grc' dir='ltr'>ἵνα</span> <span class='ocrx_word' id='word_1_235' title='bbox 2923 1717 2999 1789; x_wconf 85' lang='grc' dir='ltr'>μὴ</span> <span class='ocrx_word' id='word_1_236' title='bbox 3043 1718 3357 1789; x_wconf 81' lang='grc' dir='ltr'>ὲτερογενὲς</span> <span class='ocrx_word' id='word_1_237' title='bbox 3383 1715 3548 1771; x_wconf 78' lang='grc' dir='ltr'>αὑτοῦ</span> <span class='ocrx_word' id='word_1_238' title='bbox 3579 1715 3841 1788; x_wconf 76' lang='grc' dir='ltr'>νομισθῇτὸ</span> 
     </span>
    </p>
   </div>
   <div class='ocr_carea' id='block_1_32' title="bbox 640 1806 2236 1885">
    <p class='ocr_par' dir='ltr' id='par_1_32' title="bbox 640 1807 2218 1885">
     <span class='ocr_line' id='line_1_32' title="bbox 640 1807 2218 1885; baseline 0 -21"><span class='ocrx_word' id='word_1_239' title='bbox 640 1830 741 1885; x_wconf 82' lang='lat' dir='ltr'><strong>pus</strong></span> <span class='ocrx_word' id='word_1_240' title='bbox 792 1813 989 1868; x_wconf 83' lang='lat' dir='ltr'><strong>diversi</strong></span> <span class='ocrx_word' id='word_1_241' title='bbox 1048 1814 1258 1881; x_wconf 84' lang='lat' dir='ltr'><strong>generis</strong></span> <span class='ocrx_word' id='word_1_242' title='bbox 1313 1827 1433 1866; x_wconf 85' lang='lat' dir='ltr'><strong>esse</strong></span> <span class='ocrx_word' id='word_1_243' title='bbox 1475 1821 1775 1880; x_wconf 84' lang='lat' dir='ltr'><strong>putaretur.</strong></span> <span class='ocrx_word' id='word_1_244' title='bbox 1824 1807 1957 1862; x_wconf 86' lang='lat' dir='ltr'><strong>Nam</strong></span> <span class='ocrx_word' id='word_1_245' title='bbox 2004 1809 2048 1863; x_wconf 86' lang='lat' dir='ltr'><strong>si</strong></span> <span class='ocrx_word' id='word_1_246' title='bbox 2105 1810 2218 1880; x_wconf 85' lang='lat' dir='ltr'><strong>ipse</strong></span> 
     </span>
    </p>
   </div>
   <div class='ocr_carea' id='block_1_33' title="bbox 2246 1806 3842 1885">
    <p class='ocr_par' dir='ltr' id='par_1_33' title="bbox 2317 1806 3842 1881">
     <span class='ocr_line' id='line_1_33' title="bbox 2317 1806 3842 1881; baseline -0.004 -17"><span class='ocrx_word' id='word_1_247' title='bbox 2317 1810 2496 1881; x_wconf 88' lang='grc' dir='ltr'>σῶμα.</span> <span class='ocrx_word' id='word_1_248' title='bbox 2528 1811 2588 1862; x_wconf 85' lang='grc' dir='ltr'><strong>Εἰ</strong></span> <span class='ocrx_word' id='word_1_249' title='bbox 2631 1809 2741 1881; x_wconf 83' lang='grc' dir='ltr'><strong>γάρ</strong></span> <span class='ocrx_word' id='word_1_250' title='bbox 2784 1808 2879 1862; x_wconf 70' lang='grc' dir='ltr'>καὶ</span> <span class='ocrx_word' id='word_1_251' title='bbox 2923 1809 3083 1870; x_wconf 77' lang='grc' dir='ltr'>αὐτὸς</span> <span class='ocrx_word' id='word_1_252' title='bbox 3112 1810 3176 1861; x_wconf 87' lang='grc' dir='ltr'>ὲκ</span> <span class='ocrx_word' id='word_1_253' title='bbox 3213 1809 3311 1878; x_wconf 85' lang='grc' dir='ltr'><strong>τῆς</strong></span> <span class='ocrx_word' id='word_1_254' title='bbox 3332 1808 3437 1878; x_wconf 89' lang='grc' dir='ltr'><strong>γῆς</strong></span> <span class='ocrx_word' id='word_1_255' title='bbox 3465 1806 3766 1868; x_wconf 80' lang='grc' dir='ltr'>ὲπέπλαστο,</span> <span class='ocrx_word' id='word_1_256' title='bbox 3787 1806 3842 1869; x_wconf 71' lang='grc' dir='ltr'><strong>ὡς</strong></span> 
     </span>
    </p>
   </div>
   <div class='ocr_carea' id='block_1_34' title="bbox 640 1899 2236 1977">
    <p class='ocr_par' dir='ltr' id='par_1_34' title="bbox 640 1901 2216 1977">
     <span class='ocr_line' id='line_1_34' title="bbox 640 1901 2216 1977; baseline -0.004 -16"><span class='ocrx_word' id='word_1_257' title='bbox 640 1923 855 1977; x_wconf 86' lang='lat' dir='ltr'><strong>quoque</strong></span> <span class='ocrx_word' id='word_1_258' title='bbox 882 1922 945 1960; x_wconf 78' lang='lat' dir='ltr'><strong>ex</strong></span> <span class='ocrx_word' id='word_1_259' title='bbox 989 1916 1128 1959; x_wconf 88' lang='lat' dir='ltr'><strong>terra</strong></span> <span class='ocrx_word' id='word_1_260' title='bbox 1166 1907 1425 1959; x_wconf 84' lang='lat' dir='ltr'><strong>formatus</strong></span> <span class='ocrx_word' id='word_1_261' title='bbox 1464 1914 1630 1967; x_wconf 84' lang='lat' dir='ltr'><strong>esset,</strong></span> <span class='ocrx_word' id='word_1_262' title='bbox 1663 1903 1801 1956; x_wconf 89' lang='lat' dir='ltr'><strong>sicut</strong></span> <span class='ocrx_word' id='word_1_263' title='bbox 1826 1901 1924 1956; x_wconf 84' lang='lat' dir='ltr'><strong>fuit</strong></span> <span class='ocrx_word' id='word_1_264' title='bbox 1964 1901 2216 1971; x_wconf 84' lang='lat' dir='ltr'><strong>princeps</strong></span> 
     </span>
    </p>
   </div>
   <div class='ocr_carea' id='block_1_35' title="bbox 2244 1899 3840 1977">
    <p class='ocr_par' dir='ltr' id='par_1_35' title="bbox 2315 1899 3840 1974">
     <span class='ocr_line' id='line_1_35' title="bbox 2315 1899 3840 1974; baseline -0.002 -19"><span class='ocrx_word' id='word_1_265' title='bbox 2315 1902 2556 1974; x_wconf 84' lang='grc' dir='ltr'>ἀρχηγὸς</span> <span class='ocrx_word' id='word_1_266' title='bbox 2583 1900 2677 1954; x_wconf 81' lang='grc' dir='ltr'><strong>τοῦ</strong></span> <span class='ocrx_word' id='word_1_267' title='bbox 2705 1904 2893 1970; x_wconf 82' lang='grc' dir='ltr'>γένους</span> <span class='ocrx_word' id='word_1_268' title='bbox 2932 1900 3041 1953; x_wconf 84' lang='grc' dir='ltr'>τῶν</span> <span class='ocrx_word' id='word_1_269' title='bbox 3080 1900 3402 1970; x_wconf 81' lang='grc' dir='ltr'>ἀνθρώπων,</span> <span class='ocrx_word' id='word_1_270' title='bbox 3440 1899 3684 1954; x_wconf 83' lang='grc' dir='ltr'>ὑπόνοιαν</span> <span class='ocrx_word' id='word_1_271' title='bbox 3710 1899 3840 1967; x_wconf 82' lang='grc' dir='ltr'>ἐλάμ-</span> 
     </span>
    </p>
   </div>
   <div class='ocr_carea' id='block_1_36' title="bbox 639 1992 2235 2067">
    <p class='ocr_par' dir='ltr' id='par_1_36' title="bbox 639 1992 2213 2067">
     <span class='ocr_line' id='line_1_36' title="bbox 639 1992 2213 2067; baseline -0.005 -14"><span class='ocrx_word' id='word_1_272' title='bbox 639 1999 859 2053; x_wconf 89' lang='lat' dir='ltr'><strong>humani</strong></span> <span class='ocrx_word' id='word_1_273' title='bbox 891 1997 1139 2067; x_wconf 80' lang='lat' dir='ltr'><strong>generis;</strong></span> <span class='ocrx_word' id='word_1_274' title='bbox 1166 1995 1477 2066; x_wconf 88' lang='lat' dir='ltr'><strong>suspicandi</strong></span> <span class='ocrx_word' id='word_1_275' title='bbox 1529 2010 1713 2050; x_wconf 87' lang='lat' dir='ltr'><strong>ansam</strong></span> <span class='ocrx_word' id='word_1_276' title='bbox 1748 1993 2088 2059; x_wconf 86' lang='lat' dir='ltr'><strong>habuissent,</strong></span> <span class='ocrx_word' id='word_1_277' title='bbox 2120 1992 2213 2064; x_wconf 85' lang='lat' dir='ltr'><strong>qui</strong></span> 
     </span>
    </p>
   </div>
   <div class='ocr_carea' id='block_1_37' title="bbox 2245 1992 3841 2067">
    <p class='ocr_par' dir='ltr' id='par_1_37' title="bbox 2315 1994 3841 2067">
     <span class='ocr_line' id='line_1_37' title="bbox 2315 1994 3841 2067; baseline -0.002 -19"><span class='ocrx_word' id='word_1_278' title='bbox 2315 1994 2476 2048; x_wconf 81' lang='lat' dir='ltr'><strong>6avov</strong></span> <span class='ocrx_word' id='word_1_279' title='bbox 2509 1996 2558 2048; x_wconf 86' lang='grc' dir='ltr'>οἱ</span> <span class='ocrx_word' id='word_1_280' title='bbox 2580 1994 2668 2047; x_wconf 88' lang='grc' dir='ltr'><strong>διὰ</strong></span> <span class='ocrx_word' id='word_1_281' title='bbox 2690 1995 2989 2063; x_wconf 72' lang='grc' dir='ltr'>φαντασίας</span> <span class='ocrx_word' id='word_1_282' title='bbox 3007 1995 3105 2067; x_wconf 81' lang='grc' dir='ltr'>τὴν</span> <span class='ocrx_word' id='word_1_283' title='bbox 3133 1996 3354 2066; x_wconf 84' lang='grc' dir='ltr'>δόκησιν</span> <span class='ocrx_word' id='word_1_284' title='bbox 3388 1995 3706 2063; x_wconf 82' lang='grc' dir='ltr'>εἰσάγοντες,</span> <span class='ocrx_word' id='word_1_285' title='bbox 3740 1995 3841 2064; x_wconf 73' lang='grc' dir='ltr'>μήτε</span> 
     </span>
    </p>
   </div>
   <div class='ocr_carea' id='block_1_38' title="bbox 639 2086 2235 2160">
    <p class='ocr_par' dir='ltr' id='par_1_38' title="bbox 639 2086 2214 2156">
     <span class='ocr_line' id='line_1_38' title="bbox 639 2086 2214 2156; baseline -0.004 -12"><span class='ocrx_word' id='word_1_286' title='bbox 639 2091 783 2144; x_wconf 87' lang='lat' dir='ltr'><strong>nudo</strong></span> <span class='ocrx_word' id='word_1_287' title='bbox 810 2088 1009 2143; x_wconf 89' lang='lat' dir='ltr'><strong>mentis</strong></span> <span class='ocrx_word' id='word_1_288' title='bbox 1040 2099 1343 2142; x_wconf 88' lang='lat' dir='ltr'><strong>commento</strong></span> <span class='ocrx_word' id='word_1_289' title='bbox 1372 2088 1551 2156; x_wconf 89' lang='lat' dir='ltr'><strong>specie</strong></span> <span class='ocrx_word' id='word_1_290' title='bbox 1581 2098 1739 2141; x_wconf 91' lang='lat' dir='ltr'><strong>tenus</strong></span> <span class='ocrx_word' id='word_1_291' title='bbox 1786 2086 2214 2140; x_wconf 86' lang='lat' dir='ltr'><strong>incarnationem</strong></span> 
     </span>
    </p>
   </div>
   <div class='ocr_carea' id='block_1_39' title="bbox 2124 2086 3720 2160">
    <p class='ocr_par' dir='ltr' id='par_1_39' title="bbox 2129 2086 3720 2160">
     <span class='ocr_line' id='line_1_39' title="bbox 2129 2086 3720 2160; baseline 0.001 -21"><span class='ocrx_word' id='word_1_292' title='bbox 2129 2098 2214 2139; x_wconf 91' lang='lat' dir='ltr'><strong>em</strong></span> <span class='ocrx_word' id='word_1_293' title='bbox 2313 2087 2421 2159; x_wconf 79' lang='grc' dir='ltr'>ἄρα</span> <span class='ocrx_word' id='word_1_294' title='bbox 2459 2088 2521 2139; x_wconf 77' lang='grc' dir='ltr'>οὐ</span> <span class='ocrx_word' id='word_1_295' title='bbox 2552 2087 2695 2140; x_wconf 82' lang='grc' dir='ltr'>κατὰ</span> <span class='ocrx_word' id='word_1_296' title='bbox 2723 2086 2979 2160; x_wconf 77' lang='grc' dir='ltr'>ἀλήθειαν</span> <span class='ocrx_word' id='word_1_297' title='bbox 3003 2087 3198 2159; x_wconf 76' lang='grc' dir='ltr'>ἔφερεν</span> <span class='ocrx_word' id='word_1_298' title='bbox 3233 2086 3523 2160; x_wconf 81' lang='grc' dir='ltr'>ἀνθρώπου</span> <span class='ocrx_word' id='word_1_299' title='bbox 3559 2087 3720 2159; x_wconf 80' lang='grc' dir='ltr'>σῶμα.</span> 
     </span>
    </p>
   </div>
   <div class='ocr_carea' id='block_1_40' title="bbox 639 2176 2217 2248">
    <p class='ocr_par' dir='ltr' id='par_1_40' title="bbox 639 2176 2217 2248">
     <span class='ocr_line' id='line_1_40' title="bbox 639 2176 2217 2248; baseline -0.003 -14"><span class='ocrx_word' id='word_1_300' title='bbox 639 2180 854 2244; x_wconf 88' lang='lat' dir='ltr'><strong>docent,</strong></span> <span class='ocrx_word' id='word_1_301' title='bbox 892 2195 996 2235; x_wconf 93' lang='lat' dir='ltr'><strong>non</strong></span> <span class='ocrx_word' id='word_1_302' title='bbox 1032 2177 1168 2233; x_wconf 79' lang='lat' dir='ltr'><strong>forte</strong></span> <span class='ocrx_word' id='word_1_303' title='bbox 1195 2179 1487 2232; x_wconf 90' lang='lat' dir='ltr'><strong>humanum</strong></span> <span class='ocrx_word' id='word_1_304' title='bbox 1526 2193 1723 2248; x_wconf 87' lang='lat' dir='ltr'><strong>corpus</strong></span> <span class='ocrx_word' id='word_1_305' title='bbox 1755 2191 1813 2231; x_wconf 88' lang='lat' dir='ltr'><strong>re</strong></span> <span class='ocrx_word' id='word_1_306' title='bbox 1867 2190 1951 2239; x_wconf 30' lang='lat' dir='ltr'><strong>ac,</strong></span> <span class='ocrx_word' id='word_1_307' title='bbox 1985 2176 2217 2230; x_wconf 84' lang='lat' dir='ltr'><strong>veritate</strong></span> 
     </span>
    </p>
   </div>
   <div class='ocr_carea' id='block_1_41' title="bbox 640 2281 898 2342">
    <p class='ocr_par' dir='ltr' id='par_1_41' title="bbox 640 2281 898 2342">
     <span class='ocr_line' id='line_1_41' title="bbox 640 2281 898 2342; baseline -0.012 -16"><span class='ocrx_word' id='word_1_308' title='bbox 640 2281 898 2342; x_wconf 74' lang='lat' dir='ltr'><strong>gestasse.</strong></span> 
     </span>
    </p>
   </div>
   <div class='ocr_carea' id='block_1_42' title="bbox 640 2368 2236 2505">
    <p class='ocr_par' dir='ltr' id='par_1_42' title="bbox 640 2378 2236 2505">
     <span class='ocr_line' id='line_1_42' title="bbox 640 2378 2236 2505; baseline -0.005 -66"><span class='ocrx_word' id='word_1_309' title='bbox 640 2383 769 2440; x_wconf 72' lang='lat' dir='ltr'><strong>CAP.</strong></span> <span class='ocrx_word' id='word_1_310' title='bbox 818 2383 949 2437; x_wconf 80' lang='lat' dir='ltr'>VIII.</span> <span class='ocrx_word' id='word_1_311' title='bbox 985 2382 1065 2434; x_wconf 83' lang='lat' dir='ltr'><strong>An</strong></span> <span class='ocrx_word' id='word_1_312' title='bbox 1094 2383 1291 2452; x_wconf 64' lang='lat' dir='ltr'><strong>nuptias</strong></span> <span class='ocrx_word' id='word_1_313' title='bbox 1319 2382 1494 2437; x_wconf 69' lang='lat' dir='ltr'><strong>malae.</strong></span> <span class='ocrx_word' id='word_1_314' title='bbox 1539 2381 1677 2437; x_wconf 77' lang='lat' dir='ltr'><strong>Caro</strong></span> <span class='ocrx_word' id='word_1_315' title='bbox 1702 2383 1925 2452; x_wconf 85' lang='lat' dir='ltr'><strong>peccati,</strong></span> <span class='ocrx_word' id='word_1_316' title='bbox 1949 2378 2155 2505; x_wconf 51' lang='lat' dir='ltr'><strong>corrigi]:</strong></span> <span class='ocrx_word' id='word_1_317' title='bbox 2180 2395 2236 2460; x_wconf 68' lang='lat' dir='ltr'><strong>co</strong></span> 
     </span>
     <span class='ocr_line' id='line_1_43' title="bbox 1981 2466 2232 2504; baseline -0.012 0"><span class='ocrx_word' id='word_1_318' title='bbox 1981 2468 2034 2504; x_wconf 81' lang='grc' dir='ltr'>ιη</span> <span class='ocrx_word' id='word_1_319' title='bbox 2163 2466 2232 2502; x_wconf 85' lang='lat' dir='ltr'><strong>rts</strong></span> 
     </span>
    </p>
   </div>
   <div class='ocr_carea' id='block_1_43' title="bbox 2245 2368 3841 2505">
    <p class='ocr_par' dir='ltr' id='par_1_43' title="bbox 2245 2368 3841 2505">
     <span class='ocr_line' id='line_1_44' title="bbox 2245 2368 3841 2455; baseline -0.006 -26"><span class='ocrx_word' id='word_1_320' title='bbox 2245 2376 2364 2442; x_wconf 81' lang='lat' dir='ltr'><strong>pulo</strong></span> <span class='ocrx_word' id='word_1_321' title='bbox 2392 2380 2701 2455; x_wconf 75' lang='lat' dir='ltr'><strong>propagata,</strong></span> <span class='ocrx_word' id='word_1_322' title='bbox 2730 2372 2879 2442; x_wconf 82' lang='lat' dir='ltr'><strong>cujus</strong></span> <span class='ocrx_word' id='word_1_323' title='bbox 2905 2388 2936 2425; x_wconf 90' lang='lat' dir='ltr'><strong>a</strong></span> <span class='ocrx_word' id='word_1_324' title='bbox 2961 2384 3168 2440; x_wconf 81' lang='lat' dir='ltr'><strong>peccato</strong></span> <span class='ocrx_word' id='word_1_325' title='bbox 3195 2383 3341 2429; x_wconf 81' lang='lat' dir='ltr'><strong>ortus</strong></span> <span class='ocrx_word' id='word_1_326' title='bbox 3366 2374 3602 2428; x_wconf 67' lang='lat' dir='ltr'><strong>exsistat.</strong></span> <span class='ocrx_word' id='word_1_327' title='bbox 3631 2368 3841 2425; x_wconf 74' lang='lat' dir='ltr'><strong>Fidelitm</strong></span> 
     </span>
     <span class='ocr_line' id='line_1_45' title="bbox 2245 2455 2543 2505; baseline -0.01 -5"><span class='ocrx_word' id='word_1_328' title='bbox 2245 2459 2285 2500; x_wconf 76' lang='lat' dir='ltr'><strong>ro</strong></span> <span class='ocrx_word' id='word_1_329' title='bbox 2331 2455 2543 2505; x_wconf 73' lang='lat' dir='ltr'><strong>napum.</strong></span> 
     </span>
    </p>
   </div>
   <div class='ocr_carea' id='block_1_44' title="bbox 1981 2450 2543 2512">
    <p class='ocr_par' dir='ltr' id='par_1_44' title="bbox 1981 2450 2543 2512">
     <span class='ocr_line' id='line_1_46' title="bbox 1981 2450 2543 2512; baseline -0.011 -9"><span class='ocrx_word' id='word_1_330' title='bbox 1981 2453 2034 2504; x_wconf 85' lang='lat' dir='ltr'><strong>in</strong></span> <span class='ocrx_word' id='word_1_331' title='bbox 2079 2450 2285 2505; x_wconf 85' lang='lat' dir='ltr'><strong>Christo</strong></span> <span class='ocrx_word' id='word_1_332' title='bbox 2331 2450 2543 2512; x_wconf 75' lang='lat' dir='ltr'><strong>nuptim.</strong></span> 
     </span>
    </p>
   </div>
   <div class='ocr_carea' id='block_1_45' title="bbox 708 2534 2304 2612">
    <p class='ocr_par' dir='ltr' id='par_1_45' title="bbox 708 2540 2220 2612">
     <span class='ocr_line' id='line_1_47' title="bbox 708 2540 2220 2612; baseline -0.004 -15"><span class='ocrx_word' id='word_1_333' title='bbox 708 2540 1000 2606; x_wconf 60' lang='lat' dir='ltr'><strong>Prxterea,</strong></span> <span class='ocrx_word' id='word_1_334' title='bbox 1056 2542 1101 2596; x_wconf 88' lang='lat' dir='ltr'><strong>si</strong></span> <span class='ocrx_word' id='word_1_335' title='bbox 1149 2556 1345 2610; x_wconf 85' lang='lat' dir='ltr'><strong>corpus</strong></span> <span class='ocrx_word' id='word_1_336' title='bbox 1395 2556 1459 2597; x_wconf 77' lang='lat' dir='ltr'><strong>ex</strong></span> <span class='ocrx_word' id='word_1_337' title='bbox 1508 2541 1606 2595; x_wconf 82' lang='lat' dir='ltr'><strong>viri</strong></span> <span class='ocrx_word' id='word_1_338' title='bbox 1659 2541 2038 2612; x_wconf 80' lang='lat' dir='ltr'><strong>conjunctione</strong></span> <span class='ocrx_word' id='word_1_339' title='bbox 2067 2558 2220 2596; x_wconf 72' lang='lat' dir='ltr'><strong>sum-</strong></span> 
     </span>
    </p>
   </div>
   <div class='ocr_carea' id='block_1_46' title="bbox 2245 2534 3841 2612">
    <p class='ocr_par' dir='ltr' id='par_1_46' title="bbox 2388 2534 3841 2607">
     <span class='ocr_line' id='line_1_48' title="bbox 2388 2534 3841 2607; baseline -0.001 -18"><span class='ocrx_word' id='word_1_340' title='bbox 2388 2536 2575 2597; x_wconf 83' lang='grc' dir='ltr'>Πάλιν.</span> <span class='ocrx_word' id='word_1_341' title='bbox 2602 2536 2650 2590; x_wconf 86' lang='grc' dir='ltr'><strong>εί</strong></span> <span class='ocrx_word' id='word_1_342' title='bbox 2671 2535 2737 2588; x_wconf 74' lang='grc' dir='ltr'>ἐκ</span> <span class='ocrx_word' id='word_1_343' title='bbox 2763 2535 3099 2607; x_wconf 87' lang='grc' dir='ltr'>συνδυασμοῦ</span> <span class='ocrx_word' id='word_1_344' title='bbox 3123 2534 3400 2606; x_wconf 79' lang='grc' dir='ltr'>ἀνειλήφει</span> <span class='ocrx_word' id='word_1_345' title='bbox 3433 2535 3611 2605; x_wconf 84' lang='grc' dir='ltr'>σῶμα.</span> <span class='ocrx_word' id='word_1_346' title='bbox 3636 2537 3723 2590; x_wconf 83' lang='grc' dir='ltr'>οὐκ</span> <span class='ocrx_word' id='word_1_347' title='bbox 3740 2535 3841 2606; x_wconf 78' lang='grc' dir='ltr'>ἔχων</span> 
     </span>
    </p>
   </div>
   <div class='ocr_carea' id='block_1_47' title="bbox 640 2627 2236 2701">
    <p class='ocr_par' dir='ltr' id='par_1_47' title="bbox 640 2628 2222 2701">
     <span class='ocr_line' id='line_1_49' title="bbox 640 2628 2222 2701; baseline 0.003 -20"><span class='ocrx_word' id='word_1_348' title='bbox 640 2628 857 2699; x_wconf 82' lang='lat' dir='ltr'><strong>psisset,</strong></span> <span class='ocrx_word' id='word_1_349' title='bbox 889 2645 1009 2684; x_wconf 91' lang='lat' dir='ltr'><strong>cum</strong></span> <span class='ocrx_word' id='word_1_350' title='bbox 1042 2630 1095 2684; x_wconf 93' lang='lat' dir='ltr'><strong>in</strong></span> <span class='ocrx_word' id='word_1_351' title='bbox 1145 2629 1288 2684; x_wconf 91' lang='lat' dir='ltr'><strong>nullo</strong></span> <span class='ocrx_word' id='word_1_352' title='bbox 1322 2628 1594 2697; x_wconf 71' lang='lat' dir='ltr'><strong>diﬂ‘erret;</strong></span> <span class='ocrx_word' id='word_1_353' title='bbox 1638 2630 1750 2699; x_wconf 85' lang='lat' dir='ltr'><strong>ipse</strong></span> <span class='ocrx_word' id='word_1_354' title='bbox 1794 2647 2007 2701; x_wconf 89' lang='lat' dir='ltr'><strong>quoque</strong></span> <span class='ocrx_word' id='word_1_355' title='bbox 2040 2633 2222 2701; x_wconf 89' lang='lat' dir='ltr'><strong>utique</strong></span> 
     </span>
    </p>
   </div>
   <div class='ocr_carea' id='block_1_48' title="bbox 2244 2627 3840 2701">
    <p class='ocr_par' dir='ltr' id='par_1_48' title="bbox 2315 2627 3840 2701">
     <span class='ocr_line' id='line_1_50' title="bbox 2315 2627 3840 2701; baseline -0.001 -20"><span class='ocrx_word' id='word_1_356' title='bbox 2315 2628 2377 2681; x_wconf 88' lang='grc' dir='ltr'><strong>τὸ</strong></span> <span class='ocrx_word' id='word_1_357' title='bbox 2409 2627 2875 2700; x_wconf 81' lang='grc' dir='ltr'>παρηλλαγμένον,</span> <span class='ocrx_word' id='word_1_358' title='bbox 2921 2629 3175 2701; x_wconf 77' lang='grc' dir='ltr'>ἐνομίσθη</span> <span class='ocrx_word' id='word_1_359' title='bbox 3210 2628 3275 2682; x_wconf 85' lang='grc' dir='ltr'>ἂν</span> <span class='ocrx_word' id='word_1_360' title='bbox 3297 2630 3394 2683; x_wconf 75' lang='grc' dir='ltr'>καὶ</span> <span class='ocrx_word' id='word_1_361' title='bbox 3419 2629 3581 2694; x_wconf 76' lang='grc' dir='ltr'>αὐτὸς</span> <span class='ocrx_word' id='word_1_362' title='bbox 3602 2629 3840 2689; x_wconf 76' lang='grc' dir='ltr'>ὑπεύθυνος</span> 
     </span>
    </p>
   </div>
   <div class='ocr_carea' id='block_1_49' title="bbox 638 2713 2234 2794">
    <p class='ocr_par' dir='ltr' id='par_1_49' title="bbox 638 2721 2220 2792">
     <span class='ocr_line' id='line_1_51' title="bbox 638 2721 2220 2792; baseline 0.002 -17"><span class='ocrx_word' id='word_1_363' title='bbox 638 2732 882 2790; x_wconf 80' lang='lat' dir='ltr'><strong>peccato,</strong></span> <span class='ocrx_word' id='word_1_364' title='bbox 911 2721 1053 2789; x_wconf 89' lang='lat' dir='ltr'><strong>quod</strong></span> <span class='ocrx_word' id='word_1_365' title='bbox 1102 2736 1168 2776; x_wconf 81' lang='lat' dir='ltr'><strong>ex</strong></span> <span class='ocrx_word' id='word_1_366' title='bbox 1212 2722 1419 2775; x_wconf 85' lang='lat' dir='ltr'><strong>Adamn</strong></span> <span class='ocrx_word' id='word_1_367' title='bbox 1469 2721 1584 2790; x_wconf 90' lang='lat' dir='ltr'><strong>ejus</strong></span> <span class='ocrx_word' id='word_1_368' title='bbox 1627 2737 1814 2778; x_wconf 89' lang='lat' dir='ltr'><strong>omnes</strong></span> <span class='ocrx_word' id='word_1_369' title='bbox 1872 2724 2071 2792; x_wconf 80' lang='lat' dir='ltr'><strong>pesteri</strong></span> <span class='ocrx_word' id='word_1_370' title='bbox 2126 2739 2220 2792; x_wconf 80' lang='lat' dir='ltr'><strong>per</strong></span> 
     </span>
    </p>
   </div>
   <div class='ocr_carea' id='block_1_50' title="bbox 2244 2713 3840 2794">
    <p class='ocr_par' dir='ltr' id='par_1_50' title="bbox 2317 2713 3840 2794">
     <span class='ocr_line' id='line_1_52' title="bbox 2317 2713 3840 2794; baseline 0.002 -24"><span class='ocrx_word' id='word_1_371' title='bbox 2317 2713 2456 2771; x_wconf 80' lang='grc' dir='ltr'>εἶναι</span> <span class='ocrx_word' id='word_1_372' title='bbox 2487 2718 2670 2792; x_wconf 80' lang='grc' dir='ltr'>ἐκείνῃ</span> <span class='ocrx_word' id='word_1_373' title='bbox 2696 2721 2759 2789; x_wconf 78' lang='grc' dir='ltr'>τῇ</span> <span class='ocrx_word' id='word_1_374' title='bbox 2814 2720 3079 2792; x_wconf 78' lang='grc' dir='ltr'>ἁμαρτίᾳ,</span> <span class='ocrx_word' id='word_1_375' title='bbox 3133 2715 3276 2794; x_wconf 76' lang='grc' dir='ltr'>ᾗπερ</span> <span class='ocrx_word' id='word_1_376' title='bbox 3298 2723 3393 2774; x_wconf 77' lang='grc' dir='ltr'>καὶ</span> <span class='ocrx_word' id='word_1_377' title='bbox 3423 2723 3474 2774; x_wconf 81' lang='grc' dir='ltr'>οἱ</span> <span class='ocrx_word' id='word_1_378' title='bbox 3504 2724 3566 2775; x_wconf 82' lang='grc' dir='ltr'>ἐκ</span> <span class='ocrx_word' id='word_1_379' title='bbox 3593 2720 3678 2774; x_wconf 84' lang='grc' dir='ltr'>τοῦ</span> <span class='ocrx_word' id='word_1_380' title='bbox 3716 2719 3840 2788; x_wconf 69' lang='grc' dir='ltr'><strong>’Δδᾶμ</strong></span> 
     </span>
    </p>
   </div>
   <div class='ocr_carea' id='block_1_51' title="bbox 638 2809 2234 2883">
    <p class='ocr_par' dir='ltr' id='par_1_51' title="bbox 638 2813 2215 2880">
     <span class='ocr_line' id='line_1_53' title="bbox 638 2813 2215 2880; baseline 0.003 -13"><span class='ocrx_word' id='word_1_381' title='bbox 638 2813 1037 2868; x_wconf 84' lang='lat' dir='ltr'><strong>successionem</strong></span> <span class='ocrx_word' id='word_1_382' title='bbox 1078 2815 1425 2880; x_wconf 85' lang='lat' dir='ltr'><strong>centrabunt,</strong></span> <span class='ocrx_word' id='word_1_383' title='bbox 1474 2816 1741 2869; x_wconf 81' lang='lat' dir='ltr'><strong>obnoxius</strong></span> <span class='ocrx_word' id='word_1_384' title='bbox 1788 2817 2004 2871; x_wconf 89' lang='lat' dir='ltr'><strong>habitus</strong></span> <span class='ocrx_word' id='word_1_385' title='bbox 2050 2825 2215 2873; x_wconf 87' lang='lat' dir='ltr'><strong>esset.</strong></span> 
     </span>
    </p>
   </div>
   <div class='ocr_carea' id='block_1_52' title="bbox 2245 2809 3841 2883">
    <p class='ocr_par' dir='ltr' id='par_1_52' title="bbox 2318 2809 3841 2883">
     <span class='ocr_line' id='line_1_54' title="bbox 2318 2809 3841 2883; baseline 0.001 -21"><span class='ocrx_word' id='word_1_386' title='bbox 2318 2810 2521 2873; x_wconf 81' lang='grc' dir='ltr'>πάντες</span> <span class='ocrx_word' id='word_1_387' title='bbox 2554 2809 2695 2863; x_wconf 81' lang='grc' dir='ltr'>κατὰ</span> <span class='ocrx_word' id='word_1_388' title='bbox 2723 2810 2972 2881; x_wconf 73' lang='grc' dir='ltr'>διαδοχὴν</span> <span class='ocrx_word' id='word_1_389' title='bbox 3019 2811 3284 2883; x_wconf 80' lang='grc' dir='ltr'>ὑπῆρχον.</span> <span class='ocrx_word' id='word_1_390' title='bbox 3337 2813 3403 2866; x_wconf 79' lang='lat' dir='ltr'><strong>Ei</strong></span> <span class='ocrx_word' id='word_1_391' title='bbox 3437 2812 3495 2866; x_wconf 86' lang='grc' dir='ltr'>δὲ</span> <span class='ocrx_word' id='word_1_392' title='bbox 3550 2813 3761 2883; x_wconf 85' lang='grc' dir='ltr'>λέγοιεν·</span> <span class='ocrx_word' id='word_1_393' title='bbox 3798 2812 3841 2864; x_wconf 82' lang='lat' dir='ltr'><strong>El</strong></span> 
     </span>
    </p>
   </div>
   <div class='ocr_carea' id='block_1_53' title="bbox 641 2898 2237 3002">
    <p class='ocr_par' dir='ltr' id='par_1_53' title="bbox 641 2902 2215 2977">
     <span class='ocr_line' id='line_1_55' title="bbox 641 2902 2215 2977; baseline 0.003 -20"><span class='ocrx_word' id='word_1_394' title='bbox 641 2902 698 2957; x_wconf 89' lang='lat' dir='ltr'><strong>Si</strong></span> <span class='ocrx_word' id='word_1_395' title='bbox 744 2918 872 2958; x_wconf 90' lang='lat' dir='ltr'><strong>vero</strong></span> <span class='ocrx_word' id='word_1_396' title='bbox 928 2903 1204 2958; x_wconf 82' lang='lat' dir='ltr'><strong>dixerint:</strong></span> <span class='ocrx_word' id='word_1_397' title='bbox 1263 2903 1317 2958; x_wconf 91' lang='lat' dir='ltr'><strong>Si</strong></span> <span class='ocrx_word' id='word_1_398' title='bbox 1346 2919 1472 2959; x_wconf 92' lang='lat' dir='ltr'><strong>caro</strong></span> <span class='ocrx_word' id='word_1_399' title='bbox 1495 2906 1702 2973; x_wconf 88' lang='lat' dir='ltr'><strong>peccati</strong></span> <span class='ocrx_word' id='word_1_400' title='bbox 1736 2914 1818 2961; x_wconf 89' lang='lat' dir='ltr'><strong>est</strong></span> <span class='ocrx_word' id='word_1_401' title='bbox 1845 2922 1965 2977; x_wconf 85' lang='lat' dir='ltr'><strong>quae</strong></span> <span class='ocrx_word' id='word_1_402' title='bbox 1996 2923 2059 2962; x_wconf 81' lang='lat' dir='ltr'><strong>ex</strong></span> <span class='ocrx_word' id='word_1_403' title='bbox 2084 2922 2215 2964; x_wconf 88' lang='lat' dir='ltr'><strong>con-</strong></span> 
     </span>
    </p>
   </div>
   <div class='ocr_carea' id='block_1_54' title="bbox 2245 2898 3841 3002">
    <p class='ocr_par' dir='ltr' id='par_1_54' title="bbox 2245 2898 3841 3002">
     <span class='ocr_line' id='line_1_56' title="bbox 2245 2898 3841 3002; baseline 0.003 -49"><span class='ocrx_word' id='word_1_404' title='bbox 2245 2943 2285 3002; x_wconf 65' lang='grc' dir='ltr'><em>ε</em></span> <span class='ocrx_word' id='word_1_405' title='bbox 2320 2898 2457 2972; x_wconf 78' lang='grc' dir='ltr'>σὰρξ</span> <span class='ocrx_word' id='word_1_406' title='bbox 2484 2901 2758 2972; x_wconf 82' lang='grc' dir='ltr'>ἁμαρτίας</span> <span class='ocrx_word' id='word_1_407' title='bbox 2785 2901 2930 2954; x_wconf 74' lang='grc' dir='ltr'>ἐστὶν</span> <span class='ocrx_word' id='word_1_408' title='bbox 2978 2905 3010 2974; x_wconf 77' lang='grc' dir='ltr'><strong>ἡ</strong></span> <span class='ocrx_word' id='word_1_409' title='bbox 3056 2903 3120 2956; x_wconf 85' lang='grc' dir='ltr'>ὲκ</span> <span class='ocrx_word' id='word_1_410' title='bbox 3150 2903 3409 2958; x_wconf 86' lang='grc' dir='ltr'>συνουσία</span> <span class='ocrx_word' id='word_1_411' title='bbox 3420 2924 3439 2968; x_wconf 86' lang='lat'><strong>;</strong></span> <span class='ocrx_word' id='word_1_412' title='bbox 3461 2905 3645 2977; x_wconf 84' lang='grc' dir='ltr'>ἀνδρὸς</span> <span class='ocrx_word' id='word_1_413' title='bbox 3671 2905 3751 2958; x_wconf 84' lang='grc' dir='ltr'>καὶ</span> <span class='ocrx_word' id='word_1_414' title='bbox 3771 2920 3841 2973; x_wconf 84' lang='grc' dir='ltr'>γν-</span> 
     </span>
    </p>
   </div>
   <div class='ocr_carea' id='block_1_55' title="bbox 636 2993 2232 3067">
    <p class='ocr_par' dir='ltr' id='par_1_55' title="bbox 636 2995 2212 3063">
     <span class='ocr_line' id='line_1_57' title="bbox 636 2995 2212 3063; baseline 0.004 -16"><span class='ocrx_word' id='word_1_415' title='bbox 636 2995 918 3063; x_wconf 84' lang='lat' dir='ltr'><strong>junctione</strong></span> <span class='ocrx_word' id='word_1_416' title='bbox 946 2995 1048 3049; x_wconf 91' lang='lat' dir='ltr'><strong>viri</strong></span> <span class='ocrx_word' id='word_1_417' title='bbox 1081 3005 1134 3049; x_wconf 90' lang='lat' dir='ltr'><strong>et</strong></span> <span class='ocrx_word' id='word_1_418' title='bbox 1163 2995 1374 3050; x_wconf 67' lang='lat' dir='ltr'><strong>fortuna:</strong></span> <span class='ocrx_word' id='word_1_419' title='bbox 1408 3007 1530 3050; x_wconf 87' lang='lat' dir='ltr'><strong>nata</strong></span> <span class='ocrx_word' id='word_1_420' title='bbox 1582 3006 1686 3063; x_wconf 91' lang='lat' dir='ltr'><strong>est,</strong></span> <span class='ocrx_word' id='word_1_421' title='bbox 1736 2998 1889 3052; x_wconf 67' lang='lat' dir='ltr'><strong>malae</strong></span> <span class='ocrx_word' id='word_1_422' title='bbox 1933 3008 2058 3053; x_wconf 91' lang='lat' dir='ltr'><strong>sunt</strong></span> <span class='ocrx_word' id='word_1_423' title='bbox 2113 3016 2212 3054; x_wconf 89' lang='lat' dir='ltr'><strong>nu-</strong></span> 
     </span>
    </p>
   </div>
   <div class='ocr_carea' id='block_1_56' title="bbox 2242 2993 3838 3067">
    <p class='ocr_par' dir='ltr' id='par_1_56' title="bbox 2248 2993 3838 3067">
     <span class='ocr_line' id='line_1_58' title="bbox 2248 2993 3838 3067; baseline 0.003 -22"><span class='ocrx_word' id='word_1_424' title='bbox 2248 2993 2284 3002; x_wconf 62' lang='grc'><strong>⁷</strong></span> <span class='ocrx_word' id='word_1_425' title='bbox 2317 2993 2503 3057; x_wconf 81' lang='grc' dir='ltr'>ναικὸς</span> <span class='ocrx_word' id='word_1_426' title='bbox 2545 2993 2815 3064; x_wconf 87' lang='grc' dir='ltr'>τεχθείσα,</span> <span class='ocrx_word' id='word_1_427' title='bbox 2869 2994 3036 3059; x_wconf 87' lang='grc' dir='ltr'>κακὸς</span> <span class='ocrx_word' id='word_1_428' title='bbox 3089 2997 3117 3049; x_wconf 86' lang='grc' dir='ltr'>ὁ</span> <span class='ocrx_word' id='word_1_429' title='bbox 3145 2998 3351 3067; x_wconf 73' lang='grc' dir='ltr'>γάμοςο</span> <span class='ocrx_word' id='word_1_430' title='bbox 3411 2999 3755 3061; x_wconf 82' lang='grc' dir='ltr'>ἀκουέτωσαν,</span> <span class='ocrx_word' id='word_1_431' title='bbox 3785 2997 3838 3049; x_wconf 79' lang='grc' dir='ltr'>ὅτι</span> 
     </span>
    </p>
   </div>
   <div class='ocr_carea' id='block_1_57' title="bbox 639 3085 2235 3165">
    <p class='ocr_par' dir='ltr' id='par_1_57' title="bbox 639 3085 2213 3161">
     <span class='ocr_line' id='line_1_59' title="bbox 639 3085 2213 3161; baseline 0.004 -23"><span class='ocrx_word' id='word_1_432' title='bbox 639 3086 798 3155; x_wconf 73' lang='lat' dir='ltr'><strong>ptite;</strong></span> <span class='ocrx_word' id='word_1_433' title='bbox 855 3087 1074 3140; x_wconf 80' lang='lat' dir='ltr'><strong>audiant</strong></span> <span class='ocrx_word' id='word_1_434' title='bbox 1116 3086 1202 3140; x_wconf 90' lang='lat' dir='ltr'><strong>isti</strong></span> <span class='ocrx_word' id='word_1_435' title='bbox 1232 3103 1245 3139; x_wconf 91' lang='lat'><strong>:</strong></span> <span class='ocrx_word' id='word_1_436' title='bbox 1276 3085 1414 3142; x_wconf 82' lang='lat' dir='ltr'><strong>Ante</strong></span> <span class='ocrx_word' id='word_1_437' title='bbox 1451 3088 1735 3143; x_wconf 85' lang='lat' dir='ltr'><strong>adventum</strong></span> <span class='ocrx_word' id='word_1_438' title='bbox 1769 3088 2088 3158; x_wconf 87' lang='lat' dir='ltr'><strong>Salvatoris,</strong></span> <span class='ocrx_word' id='word_1_439' title='bbox 2123 3090 2213 3161; x_wconf 90' lang='lat' dir='ltr'><strong>qui</strong></span> 
     </span>
    </p>
   </div>
   <div class='ocr_carea' id='block_1_58' title="bbox 2244 3085 3840 3165">
    <p class='ocr_par' dir='ltr' id='par_1_58' title="bbox 2317 3088 3840 3165">
     <span class='ocr_line' id='line_1_60' title="bbox 2317 3088 3840 3165; baseline 0.004 -25"><span class='ocrx_word' id='word_1_440' title='bbox 2317 3088 2431 3157; x_wconf 87' lang='grc' dir='ltr'><strong>Πρὸ</strong></span> <span class='ocrx_word' id='word_1_441' title='bbox 2463 3088 2561 3158; x_wconf 83' lang='grc' dir='ltr'><strong>τῆς</strong></span> <span class='ocrx_word' id='word_1_442' title='bbox 2595 3089 2689 3141; x_wconf 82' lang='grc' dir='ltr'>τοῦ</span> <span class='ocrx_word' id='word_1_443' title='bbox 2742 3088 2994 3161; x_wconf 80' lang='grc' dir='ltr'>Σωτῆρος</span> <span class='ocrx_word' id='word_1_444' title='bbox 3041 3091 3352 3162; x_wconf 77' lang='grc' dir='ltr'>ἐπιδημίας,</span> <span class='ocrx_word' id='word_1_445' title='bbox 3408 3094 3504 3145; x_wconf 83' lang='grc' dir='ltr'><strong>τοῦ</strong></span> <span class='ocrx_word' id='word_1_446' title='bbox 3545 3088 3840 3165; x_wconf 69' lang='grc' dir='ltr'>ἄραντοςτὴν</span> 
     </span>
    </p>
   </div>
   <div class='ocr_carea' id='block_1_59' title="bbox 640 3177 2236 3258">
    <p class='ocr_par' dir='ltr' id='par_1_59' title="bbox 640 3177 2210 3247">
     <span class='ocr_line' id='line_1_61' title="bbox 640 3177 2210 3247; baseline 0.004 -18"><span class='ocrx_word' id='word_1_447' title='bbox 640 3177 863 3231; x_wconf 86' lang='lat' dir='ltr'><strong>abstulit</strong></span> <span class='ocrx_word' id='word_1_448' title='bbox 896 3184 1172 3247; x_wconf 89' lang='lat' dir='ltr'><strong>peccatum</strong></span> <span class='ocrx_word' id='word_1_449' title='bbox 1196 3179 1403 3242; x_wconf 89' lang='lat' dir='ltr'><strong>mundi,</strong></span> <span class='ocrx_word' id='word_1_450' title='bbox 1433 3195 1624 3235; x_wconf 89' lang='lat' dir='ltr'><strong>omnes</strong></span> <span class='ocrx_word' id='word_1_451' title='bbox 1655 3180 1905 3237; x_wconf 86' lang='lat' dir='ltr'><strong>homines</strong></span> <span class='ocrx_word' id='word_1_452' title='bbox 1938 3181 2079 3237; x_wconf 85' lang='lat' dir='ltr'><strong>sicut</strong></span> <span class='ocrx_word' id='word_1_453' title='bbox 2105 3183 2210 3236; x_wconf 81' lang='lat' dir='ltr'><strong>alia</strong></span> 
     </span>
    </p>
   </div>
   <div class='ocr_carea' id='block_1_60' title="bbox 2246 3177 3842 3258">
    <p class='ocr_par' dir='ltr' id='par_1_60' title="bbox 2317 3181 3842 3258">
     <span class='ocr_line' id='line_1_62' title="bbox 2317 3181 3842 3258; baseline 0.003 -24"><span class='ocrx_word' id='word_1_454' title='bbox 2317 3181 2589 3253; x_wconf 84' lang='grc' dir='ltr'>ἁμαρτίαν</span> <span class='ocrx_word' id='word_1_455' title='bbox 2609 3183 2702 3235; x_wconf 75' lang='grc' dir='ltr'><strong>τοῦ</strong></span> <span class='ocrx_word' id='word_1_456' title='bbox 2735 3183 2963 3252; x_wconf 88' lang='grc' dir='ltr'>κόσμου,</span> <span class='ocrx_word' id='word_1_457' title='bbox 3016 3182 3255 3248; x_wconf 78' lang='grc' dir='ltr'>ἅπαντες</span> <span class='ocrx_word' id='word_1_458' title='bbox 3297 3186 3345 3237; x_wconf 78' lang='grc' dir='ltr'>οἱ</span> <span class='ocrx_word' id='word_1_459' title='bbox 3378 3185 3669 3258; x_wconf 74' lang='grc' dir='ltr'>ἄνθρωποι,</span> <span class='ocrx_word' id='word_1_460' title='bbox 3701 3184 3842 3252; x_wconf 66' lang='grc' dir='ltr'>ὥσπερ</span> 
     </span>
    </p>
   </div>
   <div class='ocr_carea' id='block_1_61' title="bbox 641 3269 2237 3345">
    <p class='ocr_par' dir='ltr' id='par_1_61' title="bbox 641 3269 2214 3343">
     <span class='ocr_line' id='line_1_63' title="bbox 641 3269 2214 3343; baseline 0.006 -23"><span class='ocrx_word' id='word_1_461' title='bbox 641 3283 763 3321; x_wconf 89' lang='lat' dir='ltr'><strong>cum</strong></span> <span class='ocrx_word' id='word_1_462' title='bbox 796 3276 1017 3336; x_wconf 89' lang='lat' dir='ltr'><strong>peccato</strong></span> <span class='ocrx_word' id='word_1_463' title='bbox 1040 3269 1287 3337; x_wconf 79' lang='lat' dir='ltr'><strong>agebant,</strong></span> <span class='ocrx_word' id='word_1_464' title='bbox 1316 3269 1395 3324; x_wconf 90' lang='lat' dir='ltr'><strong>sic</strong></span> <span class='ocrx_word' id='word_1_465' title='bbox 1415 3271 1575 3325; x_wconf 91' lang='lat' dir='ltr'><strong>etiam</strong></span> <span class='ocrx_word' id='word_1_466' title='bbox 1601 3272 1814 3341; x_wconf 85' lang='lat' dir='ltr'><strong>nuptias</strong></span> <span class='ocrx_word' id='word_1_467' title='bbox 1836 3287 1957 3328; x_wconf 91' lang='lat' dir='ltr'><strong>cum</strong></span> <span class='ocrx_word' id='word_1_468' title='bbox 1992 3283 2214 3343; x_wconf 85' lang='lat' dir='ltr'><strong>peccato</strong></span> 
     </span>
    </p>
   </div>
   <div class='ocr_carea' id='block_1_62' title="bbox 2246 3269 3842 3345">
    <p class='ocr_par' dir='ltr' id='par_1_62' title="bbox 2312 3271 3842 3345">
     <span class='ocr_line' id='line_1_64' title="bbox 2312 3271 3842 3345; baseline 0 -22"><span class='ocrx_word' id='word_1_469' title='bbox 2312 3271 2381 3325; x_wconf 82' lang='grc' dir='ltr'><strong>τὰ</strong></span> <span class='ocrx_word' id='word_1_470' title='bbox 2402 3271 2533 3327; x_wconf 77' lang='grc' dir='ltr'>ἄλλα</span> <span class='ocrx_word' id='word_1_471' title='bbox 2570 3272 2707 3342; x_wconf 81' lang='grc' dir='ltr'>μετὰ</span> <span class='ocrx_word' id='word_1_472' title='bbox 2744 3273 2941 3336; x_wconf 81' lang='grc' dir='ltr'>κακίας</span> <span class='ocrx_word' id='word_1_473' title='bbox 2968 3272 3258 3345; x_wconf 71' lang='grc' dir='ltr'>ἔπραττον,</span> <span class='ocrx_word' id='word_1_474' title='bbox 3307 3275 3455 3329; x_wconf 76' lang='grc' dir='ltr'>οὕτω</span> <span class='ocrx_word' id='word_1_475' title='bbox 3484 3278 3575 3329; x_wconf 78' lang='grc' dir='ltr'>καὶ</span> <span class='ocrx_word' id='word_1_476' title='bbox 3600 3275 3684 3329; x_wconf 83' lang='grc' dir='ltr'><strong>τὸν</strong></span> <span class='ocrx_word' id='word_1_477' title='bbox 3711 3274 3842 3344; x_wconf 69' lang='grc' dir='ltr'>γάμον</span> 
     </span>
    </p>
   </div>
   <div class='ocr_carea' id='block_1_63' title="bbox 640 3358 2236 3439">
    <p class='ocr_par' dir='ltr' id='par_1_63' title="bbox 640 3358 2213 3433">
     <span class='ocr_line' id='line_1_65' title="bbox 640 3358 2213 3433; baseline 0.004 -19"><span class='ocrx_word' id='word_1_478' title='bbox 640 3358 936 3428; x_wconf 86' lang='lat' dir='ltr'><strong>habebant.</strong></span> <span class='ocrx_word' id='word_1_479' title='bbox 966 3358 1115 3415; x_wconf 86' lang='lat' dir='ltr'><strong>Unde</strong></span> <span class='ocrx_word' id='word_1_480' title='bbox 1141 3360 1390 3416; x_wconf 86' lang='lat' dir='ltr'><strong>similiter</strong></span> <span class='ocrx_word' id='word_1_481' title='bbox 1415 3363 1480 3416; x_wconf 89' lang='lat' dir='ltr'><strong>de</strong></span> <span class='ocrx_word' id='word_1_482' title='bbox 1509 3363 1826 3433; x_wconf 87' lang='lat' dir='ltr'><strong>corporibus</strong></span> <span class='ocrx_word' id='word_1_483' title='bbox 1848 3379 1915 3418; x_wconf 81' lang='lat' dir='ltr'><strong>ex</strong></span> <span class='ocrx_word' id='word_1_484' title='bbox 1944 3366 2213 3431; x_wconf 72' lang='lat' dir='ltr'><strong>connubio</strong></span> 
     </span>
    </p>
   </div>
   <div class='ocr_carea' id='block_1_64' title="bbox 2246 3358 3842 3439">
    <p class='ocr_par' dir='ltr' id='par_1_64' title="bbox 2315 3361 3842 3439">
     <span class='ocr_line' id='line_1_66' title="bbox 2315 3361 3842 3439; baseline 0 -22"><span class='ocrx_word' id='word_1_485' title='bbox 2315 3363 2705 3434; x_wconf 84' lang='grc' dir='ltr'>ἅμαρτητικῶς</span> <span class='ocrx_word' id='word_1_486' title='bbox 2726 3361 2888 3434; x_wconf 75' lang='grc' dir='ltr'>εἶχον.</span> <span class='ocrx_word' id='word_1_487' title='bbox 2918 3365 2996 3417; x_wconf 80' lang='grc' dir='ltr'><strong>Δι’</strong></span> <span class='ocrx_word' id='word_1_488' title='bbox 3023 3365 3051 3418; x_wconf 86' lang='grc' dir='ltr'><strong>δ</strong></span> <span class='ocrx_word' id='word_1_489' title='bbox 3070 3365 3137 3418; x_wconf 81' lang='grc' dir='ltr'><strong>τά</strong></span> <span class='ocrx_word' id='word_1_490' title='bbox 3173 3367 3237 3420; x_wconf 84' lang='grc' dir='ltr'>ὲκ</span> <span class='ocrx_word' id='word_1_491' title='bbox 3260 3366 3355 3419; x_wconf 81' lang='grc' dir='ltr'>τοῦ</span> <span class='ocrx_word' id='word_1_492' title='bbox 3382 3368 3562 3439; x_wconf 87' lang='grc' dir='ltr'>γάμου</span> <span class='ocrx_word' id='word_1_493' title='bbox 3585 3366 3842 3438; x_wconf 69' lang='grc' dir='ltr'>γεννώμενα</span> 
     </span>
    </p>
   </div>
   <div class='ocr_carea' id='block_1_65' title="bbox 645 3451 2241 3531">
    <p class='ocr_par' dir='ltr' id='par_1_65' title="bbox 645 3451 2215 3526">
     <span class='ocr_line' id='line_1_67' title="bbox 645 3451 2215 3526; baseline 0.004 -21"><span class='ocrx_word' id='word_1_494' title='bbox 645 3452 788 3505; x_wconf 87' lang='lat' dir='ltr'><strong>natis</strong></span> <span class='ocrx_word' id='word_1_495' title='bbox 838 3451 1243 3522; x_wconf 84' lang='lat' dir='ltr'><strong>intelligendum</strong></span> <span class='ocrx_word' id='word_1_496' title='bbox 1288 3464 1371 3509; x_wconf 90' lang='lat' dir='ltr'><strong>est</strong></span> <span class='ocrx_word' id='word_1_497' title='bbox 1399 3470 1412 3506; x_wconf 92' lang='lat'><strong>:</strong></span> <span class='ocrx_word' id='word_1_498' title='bbox 1444 3455 1693 3524; x_wconf 86' lang='lat' dir='ltr'><strong>quodque</strong></span> <span class='ocrx_word' id='word_1_499' title='bbox 1721 3456 1852 3509; x_wconf 87' lang='lat' dir='ltr'><strong>adeo</strong></span> <span class='ocrx_word' id='word_1_500' title='bbox 1877 3464 1996 3526; x_wconf 91' lang='lat' dir='ltr'><strong>post</strong></span> <span class='ocrx_word' id='word_1_501' title='bbox 2023 3471 2215 3525; x_wconf 79' lang='lat' dir='ltr'><strong>pecca-</strong></span> 
     </span>
    </p>
   </div>
   <div class='ocr_carea' id='block_1_66' title="bbox 2242 3451 3838 3531">
    <p class='ocr_par' dir='ltr' id='par_1_66' title="bbox 2316 3451 3838 3531">
     <span class='ocr_line' id='line_1_68' title="bbox 2316 3451 3838 3531; baseline 0.004 -25"><span class='ocrx_word' id='word_1_502' title='bbox 2316 3451 2544 3524; x_wconf 85' lang='grc' dir='ltr'>σώματα</span> <span class='ocrx_word' id='word_1_503' title='bbox 2573 3456 2807 3525; x_wconf 79' lang='grc' dir='ltr'>νοητέον·</span> <span class='ocrx_word' id='word_1_504' title='bbox 2858 3457 2969 3510; x_wconf 79' lang='grc' dir='ltr'><strong>Καὶ</strong></span> <span class='ocrx_word' id='word_1_505' title='bbox 3005 3456 3197 3521; x_wconf 77' lang='grc' dir='ltr'>οὕτως,</span> <span class='ocrx_word' id='word_1_506' title='bbox 3259 3458 3385 3512; x_wconf 77' lang='grc' dir='ltr'>ἐπεὶ</span> <span class='ocrx_word' id='word_1_507' title='bbox 3418 3459 3557 3531; x_wconf 81' lang='grc' dir='ltr'>μετά</span> <span class='ocrx_word' id='word_1_508' title='bbox 3579 3460 3670 3531; x_wconf 78' lang='grc' dir='ltr'>τὴν</span> <span class='ocrx_word' id='word_1_509' title='bbox 3703 3459 3838 3529; x_wconf 83' lang='grc' dir='ltr'>ἅμαρ-</span> 
     </span>
    </p>
   </div>
   <div class='ocr_carea' id='block_1_67' title="bbox 642 3545 2238 3625">
    <p class='ocr_par' dir='ltr' id='par_1_67' title="bbox 642 3545 2213 3615">
     <span class='ocr_line' id='line_1_69' title="bbox 642 3545 2213 3615; baseline 0.003 -19"><span class='ocrx_word' id='word_1_510' title='bbox 642 3552 754 3598; x_wconf 90' lang='lat' dir='ltr'><strong>tum</strong></span> <span class='ocrx_word' id='word_1_511' title='bbox 800 3546 939 3599; x_wconf 83' lang='lat' dir='ltr'><strong>facta</strong></span> <span class='ocrx_word' id='word_1_512' title='bbox 989 3553 1072 3598; x_wconf 90' lang='lat' dir='ltr'><strong>est</strong></span> <span class='ocrx_word' id='word_1_513' title='bbox 1129 3545 1258 3601; x_wconf 67' lang='lat' dir='ltr'><strong>Atla:</strong></span> <span class='ocrx_word' id='word_1_514' title='bbox 1305 3561 1425 3601; x_wconf 90' lang='lat' dir='ltr'><strong>cum</strong></span> <span class='ocrx_word' id='word_1_515' title='bbox 1477 3548 1584 3601; x_wconf 89' lang='lat' dir='ltr'><strong>Eva</strong></span> <span class='ocrx_word' id='word_1_516' title='bbox 1627 3548 1970 3615; x_wconf 79' lang='lat' dir='ltr'><strong>conjunctio;</strong></span> <span class='ocrx_word' id='word_1_517' title='bbox 2010 3550 2213 3604; x_wconf 67' lang='lat' dir='ltr'><strong>idcirco</strong></span> 
     </span>
    </p>
   </div>
   <div class='ocr_carea' id='block_1_68' title="bbox 2242 3545 3838 3625">
    <p class='ocr_par' dir='ltr' id='par_1_68' title="bbox 2314 3547 3838 3625">
     <span class='ocr_line' id='line_1_70' title="bbox 2314 3547 3838 3625; baseline 0.001 -26"><span class='ocrx_word' id='word_1_518' title='bbox 2314 3547 2435 3600; x_wconf 83' lang='grc' dir='ltr'>τίαν</span> <span class='ocrx_word' id='word_1_519' title='bbox 2468 3547 2740 3618; x_wconf 82' lang='grc' dir='ltr'>ήσύνοδος</span> <span class='ocrx_word' id='word_1_520' title='bbox 2769 3548 2990 3618; x_wconf 76' lang='grc' dir='ltr'>γέγονεν</span> <span class='ocrx_word' id='word_1_521' title='bbox 3014 3549 3109 3603; x_wconf 79' lang='grc' dir='ltr'>τοῦ</span> <span class='ocrx_word' id='word_1_522' title='bbox 3154 3551 3325 3623; x_wconf 77' lang='grc' dir='ltr'>Ἀδὰμ</span> <span class='ocrx_word' id='word_1_523' title='bbox 3354 3554 3451 3606; x_wconf 79' lang='grc' dir='ltr'>καὶ</span> <span class='ocrx_word' id='word_1_524' title='bbox 3480 3555 3576 3625; x_wconf 84' lang='grc' dir='ltr'><strong>τῆς</strong></span> <span class='ocrx_word' id='word_1_525' title='bbox 3603 3553 3747 3616; x_wconf 71' lang='grc' dir='ltr'>Εὔας,</span> <span class='ocrx_word' id='word_1_526' title='bbox 3779 3548 3838 3603; x_wconf 75' lang='grc' dir='ltr'>διὰ</span> 
     </span>
    </p>
   </div>
   <div class='ocr_carea' id='block_1_69' title="bbox 642 3635 2238 3720">
    <p class='ocr_par' dir='ltr' id='par_1_69' title="bbox 642 3635 2210 3710">
     <span class='ocr_line' id='line_1_71' title="bbox 642 3635 2210 3710; baseline 0.004 -21"><span class='ocrx_word' id='word_1_527' title='bbox 642 3651 771 3691; x_wconf 89' lang='lat' dir='ltr'><strong>caro</strong></span> <span class='ocrx_word' id='word_1_528' title='bbox 804 3635 1011 3706; x_wconf 86' lang='lat' dir='ltr'><strong>peccati</strong></span> <span class='ocrx_word' id='word_1_529' title='bbox 1044 3636 1184 3692; x_wconf 90' lang='lat' dir='ltr'><strong>dicta</strong></span> <span class='ocrx_word' id='word_1_530' title='bbox 1215 3646 1317 3693; x_wconf 90' lang='lat' dir='ltr'><strong>est.</strong></span> <span class='ocrx_word' id='word_1_531' title='bbox 1350 3639 1450 3705; x_wconf 81' lang='lat' dir='ltr'><strong>Qui</strong></span> <span class='ocrx_word' id='word_1_532' title='bbox 1479 3640 1619 3694; x_wconf 91' lang='lat' dir='ltr'><strong>enim</strong></span> <span class='ocrx_word' id='word_1_533' title='bbox 1656 3650 1780 3694; x_wconf 88' lang='lat' dir='ltr'><strong>ante</strong></span> <span class='ocrx_word' id='word_1_534' title='bbox 1803 3650 2084 3710; x_wconf 89' lang='lat' dir='ltr'><strong>peccatum</strong></span> <span class='ocrx_word' id='word_1_535' title='bbox 2110 3645 2210 3697; x_wconf 82' lang='lat' dir='ltr'><strong>Illi-</strong></span> 
     </span>
    </p>
   </div>
   <div class='ocr_carea' id='block_1_70' title="bbox 2240 3635 3836 3720">
    <p class='ocr_par' dir='ltr' id='par_1_70' title="bbox 2312 3637 3836 3720">
     <span class='ocr_line' id='line_1_72' title="bbox 2312 3637 3836 3720; baseline 0.004 -29"><span class='ocrx_word' id='word_1_536' title='bbox 2312 3637 2471 3692; x_wconf 76' lang='grc' dir='ltr'>τοῦτο</span> <span class='ocrx_word' id='word_1_537' title='bbox 2528 3640 2663 3713; x_wconf 81' lang='grc' dir='ltr'>σὰρξ</span> <span class='ocrx_word' id='word_1_538' title='bbox 2716 3642 2989 3714; x_wconf 81' lang='grc' dir='ltr'>ἁμαρτίας</span> <span class='ocrx_word' id='word_1_539' title='bbox 3045 3644 3278 3715; x_wconf 77' lang='grc' dir='ltr'>εἴρηται.</span> <span class='ocrx_word' id='word_1_540' title='bbox 3314 3645 3627 3720; x_wconf 80' lang='grc' dir='ltr'>Ἀφθαρτος</span> <span class='ocrx_word' id='word_1_541' title='bbox 3676 3644 3764 3715; x_wconf 82' lang='grc' dir='ltr'><strong>γάρ</strong></span> <span class='ocrx_word' id='word_1_542' title='bbox 3785 3640 3836 3694; x_wconf 76' lang='grc' dir='ltr'>ὧν</span> 
     </span>
    </p>
   </div>
   <div class='ocr_carea' id='block_1_71' title="bbox 643 3728 2239 3811">
    <p class='ocr_par' dir='ltr' id='par_1_71' title="bbox 643 3728 2209 3803">
     <span class='ocr_line' id='line_1_73' title="bbox 643 3728 2209 3803; baseline 0.004 -21"><span class='ocrx_word' id='word_1_543' title='bbox 643 3728 891 3783; x_wconf 87' lang='lat' dir='ltr'><strong>mortalis</strong></span> <span class='ocrx_word' id='word_1_544' title='bbox 921 3736 1060 3793; x_wconf 84' lang='lat' dir='ltr'><strong>erat,</strong></span> <span class='ocrx_word' id='word_1_545' title='bbox 1090 3743 1188 3798; x_wconf 89' lang='lat' dir='ltr'><strong>per</strong></span> <span class='ocrx_word' id='word_1_546' title='bbox 1239 3741 1519 3799; x_wconf 88' lang='lat' dir='ltr'><strong>peccatum</strong></span> <span class='ocrx_word' id='word_1_547' title='bbox 1565 3732 1810 3786; x_wconf 87' lang='lat' dir='ltr'><strong>mortalis</strong></span> <span class='ocrx_word' id='word_1_548' title='bbox 1868 3732 2039 3787; x_wconf 79' lang='lat' dir='ltr'><strong>factus</strong></span> <span class='ocrx_word' id='word_1_549' title='bbox 2089 3746 2209 3803; x_wconf 87' lang='lat' dir='ltr'><strong>est;</strong></span> 
     </span>
    </p>
   </div>
   <div class='ocr_carea' id='block_1_72' title="bbox 2238 3728 3834 3811">
    <p class='ocr_par' dir='ltr' id='par_1_72' title="bbox 2314 3731 3834 3811">
     <span class='ocr_line' id='line_1_74' title="bbox 2314 3731 3834 3811; baseline 0.009 -29"><span class='ocrx_word' id='word_1_550' title='bbox 2314 3731 2420 3801; x_wconf 83' lang='grc' dir='ltr'><strong>πρὸ</strong></span> <span class='ocrx_word' id='word_1_551' title='bbox 2447 3731 2546 3802; x_wconf 84' lang='grc' dir='ltr'><strong>τῆς</strong></span> <span class='ocrx_word' id='word_1_552' title='bbox 2575 3733 2958 3805; x_wconf 78' lang='grc' dir='ltr'>παραϐάσεως,</span> <span class='ocrx_word' id='word_1_553' title='bbox 3006 3734 3244 3806; x_wconf 76' lang='grc' dir='ltr'>φθαρτὸς</span> <span class='ocrx_word' id='word_1_554' title='bbox 3280 3740 3571 3811; x_wconf 75' lang='grc' dir='ltr'>γεγένηται</span> <span class='ocrx_word' id='word_1_555' title='bbox 3603 3734 3834 3809; x_wconf 69' lang='grc' dir='ltr'>παραδάξ·</span> 
     </span>
    </p>
   </div>
   <div class='ocr_carea' id='block_1_73' title="bbox 643 3817 2239 3903">
    <p class='ocr_par' dir='ltr' id='par_1_73' title="bbox 643 3817 2212 3887">
     <span class='ocr_line' id='line_1_75' title="bbox 643 3817 2212 3887; baseline 0.003 -16"><span class='ocrx_word' id='word_1_556' title='bbox 643 3828 803 3887; x_wconf 85' lang='lat' dir='ltr'><strong>atque</strong></span> <span class='ocrx_word' id='word_1_557' title='bbox 832 3817 903 3870; x_wconf 90' lang='lat' dir='ltr'><strong>ita</strong></span> <span class='ocrx_word' id='word_1_558' title='bbox 938 3818 1210 3872; x_wconf 85' lang='lat' dir='ltr'><strong>successio</strong></span> <span class='ocrx_word' id='word_1_559' title='bbox 1241 3819 1621 3872; x_wconf 83' lang='lat' dir='ltr'><strong>mortalitatem</strong></span> <span class='ocrx_word' id='word_1_560' title='bbox 1654 3820 1834 3876; x_wconf 79' lang='lat' dir='ltr'><strong>habet.</strong></span> <span class='ocrx_word' id='word_1_561' title='bbox 1884 3819 2212 3876; x_wconf 78' lang='lat' dir='ltr'><strong>Similitudi-</strong></span> 
     </span>
    </p>
   </div>
   <div class='ocr_carea' id='block_1_74' title="bbox 2239 3817 3835 3903">
    <p class='ocr_par' dir='ltr' id='par_1_74' title="bbox 2312 3820 3835 3903">
     <span class='ocr_line' id='line_1_76' title="bbox 2312 3820 3835 3903; baseline 0.005 -28"><span class='ocrx_word' id='word_1_562' title='bbox 2312 3824 2406 3875; x_wconf 78' lang='grc' dir='ltr'>καὶ</span> <span class='ocrx_word' id='word_1_563' title='bbox 2427 3824 2597 3888; x_wconf 78' lang='grc' dir='ltr'>οὕτως</span> <span class='ocrx_word' id='word_1_564' title='bbox 2624 3828 2656 3898; x_wconf 78' lang='grc' dir='ltr'>ἡ</span> <span class='ocrx_word' id='word_1_565' title='bbox 2690 3825 2905 3899; x_wconf 81' lang='grc' dir='ltr'>διαδοχὴ</span> <span class='ocrx_word' id='word_1_566' title='bbox 2942 3827 3004 3881; x_wconf 86' lang='grc' dir='ltr'><strong>τὸ</strong></span> <span class='ocrx_word' id='word_1_567' title='bbox 3035 3828 3273 3902; x_wconf 81' lang='grc' dir='ltr'>φθαρτὸν</span> <span class='ocrx_word' id='word_1_568' title='bbox 3312 3830 3451 3903; x_wconf 75' lang='grc' dir='ltr'>ἔχει.</span> <span class='ocrx_word' id='word_1_569' title='bbox 3500 3831 3749 3903; x_wconf 80' lang='grc' dir='ltr'>Ὀμοίωμα</span> <span class='ocrx_word' id='word_1_570' title='bbox 3769 3820 3835 3879; x_wconf 71' lang='grc' dir='ltr'>οὖν</span> 
     </span>
    </p>
   </div>
   <div class='ocr_carea' id='block_1_75' title="bbox 642 3907 2238 3996">
    <p class='ocr_par' dir='ltr' id='par_1_75' title="bbox 642 3907 2209 3976">
     <span class='ocr_line' id='line_1_77' title="bbox 642 3907 2209 3976; baseline 0.005 -15"><span class='ocrx_word' id='word_1_571' title='bbox 642 3923 764 3963; x_wconf 90' lang='lat' dir='ltr'><strong>nem</strong></span> <span class='ocrx_word' id='word_1_572' title='bbox 801 3907 963 3976; x_wconf 86' lang='lat' dir='ltr'><strong>igitur</strong></span> <span class='ocrx_word' id='word_1_573' title='bbox 996 3907 1152 3975; x_wconf 88' lang='lat' dir='ltr'><strong>hujus</strong></span> <span class='ocrx_word' id='word_1_574' title='bbox 1180 3909 1360 3963; x_wconf 87' lang='lat' dir='ltr'><strong>carnis</strong></span> <span class='ocrx_word' id='word_1_575' title='bbox 1402 3909 1633 3964; x_wconf 85' lang='lat' dir='ltr'><strong>habebat</strong></span> <span class='ocrx_word' id='word_1_576' title='bbox 1669 3911 1938 3976; x_wconf 88' lang='lat' dir='ltr'><strong>Christus,</strong></span> <span class='ocrx_word' id='word_1_577' title='bbox 2000 3914 2209 3969; x_wconf 82' lang='lat' dir='ltr'><strong>tametsi</strong></span> 
     </span>
    </p>
   </div>
   <div class='ocr_carea' id='block_1_76' title="bbox 2240 3907 3836 3996">
    <p class='ocr_par' dir='ltr' id='par_1_76' title="bbox 2309 3914 3836 3996">
     <span class='ocr_line' id='line_1_78' title="bbox 2309 3914 3836 3996; baseline -0.008 -16"><span class='ocrx_word' id='word_1_578' title='bbox 2309 3914 2409 3988; x_wconf 73' lang='grc' dir='ltr'><strong>τῆς</strong></span> <span class='ocrx_word' id='word_1_579' title='bbox 2456 3917 2655 3987; x_wconf 76' lang='grc' dir='ltr'>σαρκὸς</span> <span class='ocrx_word' id='word_1_580' title='bbox 2713 3917 2915 3990; x_wconf 84' lang='grc' dir='ltr'>ταύτης</span> <span class='ocrx_word' id='word_1_581' title='bbox 2966 3916 3109 3992; x_wconf 80' lang='grc' dir='ltr'>εἶχεν</span> <span class='ocrx_word' id='word_1_582' title='bbox 3137 3924 3164 3975; x_wconf 85' lang='grc' dir='ltr'><strong>ό</strong></span> <span class='ocrx_word' id='word_1_583' title='bbox 3194 3922 3410 3996; x_wconf 78' lang='grc' dir='ltr'>Σωτὴρ,</span> <span class='ocrx_word' id='word_1_584' title='bbox 3465 3926 3513 3978; x_wconf 88' lang='grc' dir='ltr'><strong>εί</strong></span> <span class='ocrx_word' id='word_1_585' title='bbox 3544 3924 3631 3979; x_wconf 59' lang='grc' dir='ltr'><strong>καὶ¹</strong></span> <span class='ocrx_word' id='word_1_586' title='bbox 3657 3922 3719 3995; x_wconf 69' lang='grc' dir='ltr'>μὴ</span> <span class='ocrx_word' id='word_1_587' title='bbox 3737 3916 3836 3974; x_wconf 74' lang='grc' dir='ltr'>εἶδεν</span> 
     </span>
    </p>
   </div>
   <div class='ocr_carea' id='block_1_77' title="bbox 640 3997 2236 4090">
    <p class='ocr_par' dir='ltr' id='par_1_77' title="bbox 640 3997 2209 4074">
     <span class='ocr_line' id='line_1_79' title="bbox 640 3997 2209 4074; baseline 0.004 -20"><span class='ocrx_word' id='word_1_588' title='bbox 640 4013 767 4054; x_wconf 83' lang='lat' dir='ltr'><strong>caro</strong></span> <span class='ocrx_word' id='word_1_589' title='bbox 796 3998 910 4067; x_wconf 89' lang='lat' dir='ltr'><strong>ejus</strong></span> <span class='ocrx_word' id='word_1_590' title='bbox 940 4012 1045 4051; x_wconf 92' lang='lat' dir='ltr'><strong>non</strong></span> <span class='ocrx_word' id='word_1_591' title='bbox 1079 3997 1207 4051; x_wconf 76' lang='lat' dir='ltr'><strong>vidit</strong></span> <span class='ocrx_word' id='word_1_592' title='bbox 1241 4001 1638 4070; x_wconf 86' lang='lat' dir='ltr'><strong>corruptionem</strong></span> <span class='ocrx_word' id='word_1_593' title='bbox 1653 4003 1720 4057; x_wconf 77' lang='grc'>⁷⁸.</span> <span class='ocrx_word' id='word_1_594' title='bbox 1756 4000 1952 4056; x_wconf 83' lang='lat' dir='ltr'><strong>Verum</strong></span> <span class='ocrx_word' id='word_1_595' title='bbox 1987 4019 2082 4074; x_wconf 89' lang='lat' dir='ltr'><strong>per</strong></span> <span class='ocrx_word' id='word_1_596' title='bbox 2110 4007 2209 4060; x_wconf 83' lang='lat' dir='ltr'><strong>ad-</strong></span> 
     </span>
    </p>
   </div>
   <div class='ocr_carea' id='block_1_78' title="bbox 2238 3997 3834 4090">
    <p class='ocr_par' dir='ltr' id='par_1_78' title="bbox 2262 4007 3834 4090">
     <span class='ocr_line' id='line_1_80' title="bbox 2262 4007 3834 4090; baseline -0.002 -27"><span class='ocrx_word' id='word_1_597' title='bbox 2262 4034 2275 4047; x_wconf 88' lang='lat'><strong>-</strong></span> <span class='ocrx_word' id='word_1_598' title='bbox 2308 4010 2341 4079; x_wconf 80' lang='grc' dir='ltr'>ὴ</span> <span class='ocrx_word' id='word_1_599' title='bbox 2368 4008 2503 4080; x_wconf 72' lang='grc' dir='ltr'>σὰρξ</span> <span class='ocrx_word' id='word_1_600' title='bbox 2532 4009 2696 4063; x_wconf 81' lang='grc' dir='ltr'>αὑτοῦ</span> <span class='ocrx_word' id='word_1_601' title='bbox 2751 4012 3067 4085; x_wconf 79' lang='grc' dir='ltr'>διαφθοράν.</span> <span class='ocrx_word' id='word_1_602' title='bbox 3129 4014 3268 4069; x_wconf 80' lang='grc' dir='ltr'>Ἀλλ’</span> <span class='ocrx_word' id='word_1_603' title='bbox 3317 4017 3735 4090; x_wconf 75' lang='grc' dir='ltr'>ἐπιδημήσαντος</span> <span class='ocrx_word' id='word_1_604' title='bbox 3769 4007 3834 4064; x_wconf 76' lang='grc' dir='ltr'>τοῦ</span> 
     </span>
    </p>
   </div>
   <div class='ocr_carea' id='block_1_79' title="bbox 640 4064 2236 4180">
    <p class='ocr_par' dir='ltr' id='par_1_79' title="bbox 640 4064 2209 4164">
     <span class='ocr_line' id='line_1_81' title="bbox 640 4064 2209 4164; baseline 0.005 -22"><span class='ocrx_word' id='word_1_605' title='bbox 640 4101 856 4146; x_wconf 90' lang='lat' dir='ltr'><strong>ventum</strong></span> <span class='ocrx_word' id='word_1_606' title='bbox 895 4090 1031 4157; x_wconf 87' lang='lat' dir='ltr'><strong>ejus,</strong></span> <span class='ocrx_word' id='word_1_607' title='bbox 1063 4090 1203 4144; x_wconf 85' lang='lat' dir='ltr'><strong>sicut</strong></span> <span class='ocrx_word' id='word_1_608' title='bbox 1224 4090 1290 4144; x_wconf 91' lang='lat' dir='ltr'><strong>ab</strong></span> <span class='ocrx_word' id='word_1_609' title='bbox 1315 4089 1435 4145; x_wconf 84' lang='lat' dir='ltr'><strong>aliis</strong></span> <span class='ocrx_word' id='word_1_610' title='bbox 1462 4092 1641 4157; x_wconf 83' lang='lat' dir='ltr'><strong>rebus,</strong></span> <span class='ocrx_word' id='word_1_611' title='bbox 1674 4094 1753 4147; x_wconf 88' lang='lat' dir='ltr'><strong>sic</strong></span> <span class='ocrx_word' id='word_1_612' title='bbox 1784 4110 1812 4146; x_wconf 94' lang='lat' dir='ltr'><strong>a</strong></span> <span class='ocrx_word' id='word_1_613' title='bbox 1840 4064 2038 4164; x_wconf 82' lang='lat' dir='ltr'><strong>nuptiis</strong></span> <span class='ocrx_word' id='word_1_614' title='bbox 2061 4095 2209 4150; x_wconf 88' lang='lat' dir='ltr'><strong>abla-</strong></span> 
     </span>
    </p>
   </div>
   <div class='ocr_carea' id='block_1_80' title="bbox 2238 4064 3834 4180">
    <p class='ocr_par' dir='ltr' id='par_1_80' title="bbox 2308 4064 3834 4180">
     <span class='ocr_line' id='line_1_82' title="bbox 2308 4064 3834 4180; baseline 0.009 -30"><span class='ocrx_word' id='word_1_615' title='bbox 2308 4064 2464 4169; x_wconf 65' lang='grc' dir='ltr'>έωτῆ</span> <span class='ocrx_word' id='word_1_616' title='bbox 2474 4064 2584 4169; x_wconf 72' lang='grc' dir='ltr'>ρος,</span> <span class='ocrx_word' id='word_1_617' title='bbox 2615 4100 2692 4165; x_wconf 87' lang='grc' dir='ltr'>ὡς</span> 
     </span>
    </p>
   </div>
   <div class='ocr_carea' id='block_1_81' title="bbox 642 4181 2238 4271">
    <p class='ocr_par' dir='ltr' id='par_1_81' title="bbox 642 4181 2205 4254">
     <span class='ocr_line' id='line_1_83' title="bbox 642 4181 2205 4254; baseline 0.004 -18"><span class='ocrx_word' id='word_1_618' title='bbox 642 4192 753 4236; x_wconf 90' lang='lat' dir='ltr'><strong>tum</strong></span> <span class='ocrx_word' id='word_1_619' title='bbox 813 4189 894 4236; x_wconf 86' lang='lat' dir='ltr'><strong>est</strong></span> <span class='ocrx_word' id='word_1_620' title='bbox 941 4190 1240 4251; x_wconf 76' lang='lat' dir='ltr'><strong>pet-catum.</strong></span> <span class='ocrx_word' id='word_1_621' title='bbox 1299 4181 1497 4251; x_wconf 89' lang='lat' dir='ltr'><strong>Itaque,</strong></span> <span class='ocrx_word' id='word_1_622' title='bbox 1569 4200 1730 4248; x_wconf 85' lang='lat' dir='ltr'><strong>nunc,</strong></span> <span class='ocrx_word' id='word_1_623' title='bbox 1780 4186 1871 4254; x_wconf 90' lang='lat' dir='ltr'><strong>qui</strong></span> <span class='ocrx_word' id='word_1_624' title='bbox 1913 4188 2205 4242; x_wconf 78' lang='lat' dir='ltr'><strong>secundum</strong></span> 
     </span>
    </p>
   </div>
   <div class='ocr_carea' id='block_1_82' title="bbox 2237 4181 3833 4271">
    <p class='ocr_par' dir='ltr' id='par_1_82' title="bbox 2311 4189 3833 4271">
     <span class='ocr_line' id='line_1_84' title="bbox 2311 4189 3833 4271; baseline -0.009 -13"><span class='ocrx_word' id='word_1_625' title='bbox 2311 4189 2585 4260; x_wconf 78' lang='grc' dir='ltr'>ἁμαρτίας</span> <span class='ocrx_word' id='word_1_626' title='bbox 2616 4192 2859 4262; x_wconf 82' lang='grc' dir='ltr'>γέγονεν,</span> <span class='ocrx_word' id='word_1_627' title='bbox 2915 4192 3059 4248; x_wconf 76' lang='grc' dir='ltr'>οὕτω</span> <span class='ocrx_word' id='word_1_628' title='bbox 3118 4197 3212 4249; x_wconf 77' lang='grc' dir='ltr'>καὶ</span> <span class='ocrx_word' id='word_1_629' title='bbox 3252 4199 3364 4251; x_wconf 86' lang='grc' dir='ltr'><strong>άπὸ</strong></span> <span class='ocrx_word' id='word_1_630' title='bbox 3412 4199 3509 4255; x_wconf 80' lang='grc' dir='ltr'>τοῦ</span> <span class='ocrx_word' id='word_1_631' title='bbox 3553 4192 3833 4271; x_wconf 70' lang='grc' dir='ltr'>γάμου.Νῶ</span> 
     </span>
    </p>
   </div>
   <div class='ocr_carea' id='block_1_83' title="bbox 641 4270 2237 4362">
    <p class='ocr_par' dir='ltr' id='par_1_83' title="bbox 641 4270 2206 4342">
     <span class='ocr_line' id='line_1_85' title="bbox 641 4270 2206 4342; baseline 0.004 -15"><span class='ocrx_word' id='word_1_632' title='bbox 641 4272 988 4341; x_wconf 84' lang='lat' dir='ltr'><strong>Evangelium</strong></span> <span class='ocrx_word' id='word_1_633' title='bbox 1047 4273 1255 4337; x_wconf 82' lang='lat' dir='ltr'><strong>vivunt,</strong></span> <span class='ocrx_word' id='word_1_634' title='bbox 1323 4270 1525 4326; x_wconf 87' lang='lat' dir='ltr'><strong>habere</strong></span> <span class='ocrx_word' id='word_1_635' title='bbox 1595 4284 1819 4342; x_wconf 89' lang='lat' dir='ltr'><strong>possunt</strong></span> <span class='ocrx_word' id='word_1_636' title='bbox 1868 4274 2206 4333; x_wconf 84' lang='lat' dir='ltr'><strong>honorabiles</strong></span> 
     </span>
    </p>
   </div>
   <div class='ocr_carea' id='block_1_84' title="bbox 2235 4270 3831 4362">
    <p class='ocr_par' dir='ltr' id='par_1_84' title="bbox 2241 4281 3831 4362">
     <span class='ocr_line' id='line_1_86' title="bbox 2241 4281 3831 4362; baseline 0.003 -24"><span class='ocrx_word' id='word_1_637' title='bbox 2241 4284 2281 4338; x_wconf 92' lang='lat' dir='ltr'><strong>D</strong></span> <span class='ocrx_word' id='word_1_638' title='bbox 2309 4281 2438 4350; x_wconf 79' lang='grc' dir='ltr'>γοῦν</span> <span class='ocrx_word' id='word_1_639' title='bbox 2466 4284 2514 4336; x_wconf 87' lang='grc' dir='ltr'>οἱ</span> <span class='ocrx_word' id='word_1_640' title='bbox 2545 4284 2685 4337; x_wconf 80' lang='grc' dir='ltr'>κατὰ</span> <span class='ocrx_word' id='word_1_641' title='bbox 2734 4285 2795 4338; x_wconf 88' lang='grc' dir='ltr'><strong>τὸ</strong></span> <span class='ocrx_word' id='word_1_642' title='bbox 2834 4284 3165 4356; x_wconf 74' lang='grc' dir='ltr'>Εὑαγγέλιον</span> <span class='ocrx_word' id='word_1_643' title='bbox 3198 4288 3444 4360; x_wconf 79' lang='grc' dir='ltr'>βιοῦντες</span> <span class='ocrx_word' id='word_1_644' title='bbox 3480 4292 3617 4362; x_wconf 75' lang='grc' dir='ltr'>ἔχειν</span> <span class='ocrx_word' id='word_1_645' title='bbox 3638 4289 3831 4344; x_wconf 79' lang='grc' dir='ltr'>δύνανται</span> 
     </span>
    </p>
   </div>
   <div class='ocr_carea' id='block_1_85' title="bbox 641 4362 2237 4454">
    <p class='ocr_par' dir='ltr' id='par_1_85' title="bbox 641 4362 2208 4434">
     <span class='ocr_line' id='line_1_87' title="bbox 641 4362 2208 4434; baseline 0.003 -17"><span class='ocrx_word' id='word_1_646' title='bbox 641 4364 877 4434; x_wconf 88' lang='lat' dir='ltr'><strong>nuptias,</strong></span> <span class='ocrx_word' id='word_1_647' title='bbox 901 4370 955 4417; x_wconf 91' lang='lat' dir='ltr'><strong>et</strong></span> <span class='ocrx_word' id='word_1_648' title='bbox 983 4371 1158 4417; x_wconf 86' lang='lat' dir='ltr'><strong>torum</strong></span> <span class='ocrx_word' id='word_1_649' title='bbox 1206 4362 1631 4428; x_wconf 86' lang='lat' dir='ltr'><strong>innnaculatum,</strong></span> <span class='ocrx_word' id='word_1_650' title='bbox 1675 4364 1816 4418; x_wconf 87' lang='lat' dir='ltr'><strong>sicut</strong></span> <span class='ocrx_word' id='word_1_651' title='bbox 1852 4363 2047 4421; x_wconf 84' lang='lat' dir='ltr'><strong>Paulus</strong></span> <span class='ocrx_word' id='word_1_652' title='bbox 2072 4366 2208 4422; x_wconf 85' lang='lat' dir='ltr'><strong>scri-</strong></span> 
     </span>
    </p>
   </div>
   <div class='ocr_carea' id='block_1_86' title="bbox 2236 4362 3832 4454">
    <p class='ocr_par' dir='ltr' id='par_1_86' title="bbox 2312 4373 3832 4454">
     <span class='ocr_line' id='line_1_88' title="bbox 2312 4373 3832 4454; baseline 0.002 -27"><span class='ocrx_word' id='word_1_653' title='bbox 2312 4374 2491 4445; x_wconf 81' lang='grc' dir='ltr'>τίμιον</span> <span class='ocrx_word' id='word_1_654' title='bbox 2520 4377 2695 4447; x_wconf 84' lang='grc' dir='ltr'>γάμον</span> <span class='ocrx_word' id='word_1_655' title='bbox 2718 4377 2811 4431; x_wconf 71' lang='grc' dir='ltr'>καὶ</span> <span class='ocrx_word' id='word_1_656' title='bbox 2860 4380 3046 4451; x_wconf 89' lang='grc' dir='ltr'>κοίτην</span> <span class='ocrx_word' id='word_1_657' title='bbox 3076 4381 3358 4452; x_wconf 83' lang='grc' dir='ltr'>ἀμίαντον,</span> <span class='ocrx_word' id='word_1_658' title='bbox 3416 4384 3494 4448; x_wconf 83' lang='grc' dir='ltr'><strong>ὡς</strong></span> <span class='ocrx_word' id='word_1_659' title='bbox 3521 4385 3702 4454; x_wconf 81' lang='grc' dir='ltr'>γράφει</span> <span class='ocrx_word' id='word_1_660' title='bbox 3727 4373 3832 4432; x_wconf 74' lang='grc' dir='ltr'><strong>Παῦ-</strong></span> 
     </span>
    </p>
   </div>
   <div class='ocr_carea' id='block_1_87' title="bbox 640 4451 2236 4543">
    <p class='ocr_par' dir='ltr' id='par_1_87' title="bbox 640 4451 2208 4524">
     <span class='ocr_line' id='line_1_89' title="bbox 640 4451 2208 4524; baseline 0.001 -13"><span class='ocrx_word' id='word_1_661' title='bbox 640 4455 718 4511; x_wconf 76' lang='lat' dir='ltr'><strong>bit</strong></span> <span class='ocrx_word' id='word_1_662' title='bbox 749 4453 1037 4510; x_wconf 80' lang='lat' dir='ltr'><strong>ﬁdelibus:</strong></span> <span class='ocrx_word' id='word_1_663' title='bbox 1090 4451 1441 4507; x_wconf 80' lang='lat' dir='ltr'><strong>Honorabiles</strong></span> <span class='ocrx_word' id='word_1_664' title='bbox 1481 4454 1701 4524; x_wconf 75' lang='lat' dir='ltr'><strong>nttplitc,</strong></span> <span class='ocrx_word' id='word_1_665' title='bbox 1739 4465 1786 4508; x_wconf 79' lang='lat' dir='ltr'><strong>et</strong></span> <span class='ocrx_word' id='word_1_666' title='bbox 1821 4465 1966 4511; x_wconf 81' lang='lat' dir='ltr'><strong>torus</strong></span> <span class='ocrx_word' id='word_1_667' title='bbox 2018 4459 2208 4512; x_wconf 83' lang='lat' dir='ltr'><strong>imma-</strong></span> 
     </span>
    </p>
   </div>
   <div class='ocr_carea' id='block_1_88' title="bbox 2233 4451 3829 4543">
    <p class='ocr_par' dir='ltr' id='par_1_88' title="bbox 2315 4451 3829 4543">
     <span class='ocr_line' id='line_1_90' title="bbox 2315 4451 3829 4543; baseline 0.011 -27"><span class='ocrx_word' id='word_1_668' title='bbox 2315 4463 2406 4528; x_wconf 86' lang='grc' dir='ltr'><strong>λος</strong></span> <span class='ocrx_word' id='word_1_669' title='bbox 2447 4468 2559 4530; x_wconf 86' lang='grc' dir='ltr'>τοῖς</span> <span class='ocrx_word' id='word_1_670' title='bbox 2622 4470 2862 4532; x_wconf 85' lang='grc' dir='ltr'>πιστοῖς·</span> <span class='ocrx_word' id='word_1_671' title='bbox 2916 4451 3124 4539; x_wconf 12' lang='grc' dir='ltr'>Τίμιοςν</span> <span class='ocrx_word' id='word_1_672' title='bbox 3158 4475 3191 4526; x_wconf 83' lang='grc' dir='ltr'><em>ὁ</em></span> <span class='ocrx_word' id='word_1_673' title='bbox 3248 4473 3459 4542; x_wconf 76' lang='grc' dir='ltr'>γάμος,</span> <span class='ocrx_word' id='word_1_674' title='bbox 3502 4451 3595 4528; x_wconf 63' lang='grc' dir='ltr'>καὶ</span> <span class='ocrx_word' id='word_1_675' title='bbox 3705 4467 3829 4532; x_wconf 63' lang='grc' dir='ltr'>κοίτη</span> 
     </span>
    </p>
   </div>
   <div class='ocr_carea' id='block_1_89' title="bbox 641 4547 2237 4636">
    <p class='ocr_par' dir='ltr' id='par_1_89' title="bbox 641 4547 2208 4617">
     <span class='ocr_line' id='line_1_91' title="bbox 641 4547 2208 4617; baseline 0.003 -16"><span class='ocrx_word' id='word_1_676' title='bbox 641 4548 844 4602; x_wconf 81' lang='lat' dir='ltr'><strong>cnlatus</strong></span> <span class='ocrx_word' id='word_1_677' title='bbox 881 4562 900 4599; x_wconf 90' lang='lat'><strong><em>:</em></strong></span> <span class='ocrx_word' id='word_1_678' title='bbox 939 4547 1279 4617; x_wconf 78' lang='lat' dir='ltr'><strong>fornicatores</strong></span> <span class='ocrx_word' id='word_1_679' title='bbox 1332 4558 1505 4600; x_wconf 84' lang='lat' dir='ltr'><strong>autem</strong></span> <span class='ocrx_word' id='word_1_680' title='bbox 1551 4558 1598 4601; x_wconf 79' lang='lat' dir='ltr'><strong>et</strong></span> <span class='ocrx_word' id='word_1_681' title='bbox 1646 4549 1912 4604; x_wconf 83' lang='lat' dir='ltr'><strong>adulteros</strong></span> <span class='ocrx_word' id='word_1_682' title='bbox 1949 4552 2208 4613; x_wconf 79' lang='lat' dir='ltr'><strong>iudicabit</strong></span> 
     </span>
    </p>
   </div>
   <div class='ocr_carea' id='block_1_90' title="bbox 2229 4547 3825 4636">
    <p class='ocr_par' dir='ltr' id='par_1_90' title="bbox 2313 4555 3825 4636">
     <span class='ocr_line' id='line_1_92' title="bbox 2313 4555 3825 4636; baseline 0.008 -27"><span class='ocrx_word' id='word_1_683' title='bbox 2313 4555 2619 4625; x_wconf 69' lang='grc' dir='ltr'>ἀμίαντος*</span> <span class='ocrx_word' id='word_1_684' title='bbox 2643 4560 2906 4627; x_wconf 79' lang='grc' dir='ltr'>πόρνους</span> <span class='ocrx_word' id='word_1_685' title='bbox 2930 4559 2999 4614; x_wconf 79' lang='grc' dir='ltr'>δὲ</span> <span class='ocrx_word' id='word_1_686' title='bbox 3034 4562 3130 4616; x_wconf 79' lang='grc' dir='ltr'>καὶ</span> <span class='ocrx_word' id='word_1_687' title='bbox 3157 4565 3415 4635; x_wconf 82' lang='grc' dir='ltr'>μοιχοὺς</span> <span class='ocrx_word' id='word_1_688' title='bbox 3447 4565 3635 4636; x_wconf 77' lang='grc' dir='ltr'>κρινεῖ</span> <span class='ocrx_word' id='word_1_689' title='bbox 3654 4566 3684 4618; x_wconf 85' lang='grc' dir='ltr'><strong><em>ὁ</em></strong></span> <span class='ocrx_word' id='word_1_690' title='bbox 3709 4560 3825 4621; x_wconf 61' lang='lat' dir='ltr'><strong>885C-</strong></span> 
     </span>
    </p>
   </div>
   <div class='ocr_carea' id='block_1_91' title="bbox 639 4638 2235 4726">
    <p class='ocr_par' dir='ltr' id='par_1_91' title="bbox 639 4638 2210 4708">
     <span class='ocr_line' id='line_1_93' title="bbox 639 4638 2210 4708; baseline 0.004 -15"><span class='ocrx_word' id='word_1_691' title='bbox 639 4638 781 4693; x_wconf 85' lang='lat' dir='ltr'><strong>Deus</strong></span> <span class='ocrx_word' id='word_1_692' title='bbox 798 4639 866 4694; x_wconf 83' lang='grc'><strong>⁷⁷.</strong></span> <span class='ocrx_word' id='word_1_693' title='bbox 899 4638 1240 4708; x_wconf 86' lang='lat' dir='ltr'><strong>Distinguens</strong></span> <span class='ocrx_word' id='word_1_694' title='bbox 1266 4638 1412 4693; x_wconf 91' lang='lat' dir='ltr'><strong>enim</strong></span> <span class='ocrx_word' id='word_1_695' title='bbox 1439 4640 1655 4708; x_wconf 90' lang='lat' dir='ltr'><strong>nuptias</strong></span> <span class='ocrx_word' id='word_1_696' title='bbox 1685 4641 2001 4707; x_wconf 87' lang='lat' dir='ltr'><strong>honoratas,</strong></span> <span class='ocrx_word' id='word_1_697' title='bbox 2032 4656 2087 4698; x_wconf 90' lang='lat' dir='ltr'><strong>et</strong></span> <span class='ocrx_word' id='word_1_698' title='bbox 2115 4659 2210 4699; x_wconf 88' lang='lat' dir='ltr'><strong>eos</strong></span> 
     </span>
    </p>
   </div>
   <div class='ocr_carea' id='block_1_92' title="bbox 2231 4638 3827 4726">
    <p class='ocr_par' dir='ltr' id='par_1_92' title="bbox 2312 4647 3827 4726">
     <span class='ocr_line' id='line_1_94' title="bbox 2312 4647 3827 4726; baseline 0.009 -27"><span class='ocrx_word' id='word_1_699' title='bbox 2312 4647 2647 4702; x_wconf 82' lang='grc' dir='ltr'>Διαστέλλων</span> <span class='ocrx_word' id='word_1_700' title='bbox 2674 4650 2783 4722; x_wconf 85' lang='grc' dir='ltr'><strong>γὰρ</strong></span> <span class='ocrx_word' id='word_1_701' title='bbox 2820 4652 2912 4706; x_wconf 85' lang='grc' dir='ltr'><strong>τὸν</strong></span> <span class='ocrx_word' id='word_1_702' title='bbox 2939 4654 3120 4724; x_wconf 87' lang='grc' dir='ltr'>τίμιον</span> <span class='ocrx_word' id='word_1_703' title='bbox 3148 4655 3347 4726; x_wconf 83' lang='grc' dir='ltr'>γάμον,</span> <span class='ocrx_word' id='word_1_704' title='bbox 3381 4659 3477 4711; x_wconf 74' lang='grc' dir='ltr'><strong>καὶ</strong></span> <span class='ocrx_word' id='word_1_705' title='bbox 3518 4656 3637 4720; x_wconf 77' lang='grc' dir='ltr'>τοὺς</span> <span class='ocrx_word' id='word_1_706' title='bbox 3668 4647 3827 4726; x_wconf 73' lang='grc' dir='ltr'>χρωμέ-</span> 
     </span>
    </p>
   </div>
   <div class='ocr_carea' id='block_1_93' title="bbox 639 4732 2235 4821">
    <p class='ocr_par' dir='ltr' id='par_1_93' title="bbox 639 4732 2209 4800">
     <span class='ocr_line' id='line_1_95' title="bbox 639 4732 2209 4800; baseline 0.006 -20"><span class='ocrx_word' id='word_1_707' title='bbox 639 4732 730 4800; x_wconf 84' lang='lat' dir='ltr'><strong>qni</strong></span> <span class='ocrx_word' id='word_1_708' title='bbox 764 4732 842 4785; x_wconf 88' lang='lat' dir='ltr'><strong>eis</strong></span> <span class='ocrx_word' id='word_1_709' title='bbox 874 4741 1116 4798; x_wconf 88' lang='lat' dir='ltr'><strong>utuntur,</strong></span> <span class='ocrx_word' id='word_1_710' title='bbox 1147 4744 1177 4784; x_wconf 92' lang='lat' dir='ltr'><strong>a</strong></span> <span class='ocrx_word' id='word_1_711' title='bbox 1206 4732 1592 4786; x_wconf 89' lang='lat' dir='ltr'><strong>scortatorihus</strong></span> <span class='ocrx_word' id='word_1_712' title='bbox 1634 4741 1689 4787; x_wconf 90' lang='lat' dir='ltr'><strong>et</strong></span> <span class='ocrx_word' id='word_1_713' title='bbox 1746 4732 2038 4799; x_wconf 87' lang='lat' dir='ltr'><strong>adulteris;</strong></span> <span class='ocrx_word' id='word_1_714' title='bbox 2089 4749 2209 4790; x_wconf 90' lang='lat' dir='ltr'><strong>esse</strong></span> 
     </span>
    </p>
   </div>
   <div class='ocr_carea' id='block_1_94' title="bbox 2230 4732 3826 4821">
    <p class='ocr_par' dir='ltr' id='par_1_94' title="bbox 2310 4740 3826 4821">
     <span class='ocr_line' id='line_1_96' title="bbox 2310 4740 3826 4821; baseline 0.008 -30"><span class='ocrx_word' id='word_1_715' title='bbox 2310 4755 2436 4803; x_wconf 89' lang='grc' dir='ltr'>νους</span> <span class='ocrx_word' id='word_1_716' title='bbox 2492 4740 2660 4812; x_wconf 81' lang='grc' dir='ltr'>αὐτῷ,</span> <span class='ocrx_word' id='word_1_717' title='bbox 2696 4742 2805 4797; x_wconf 82' lang='grc' dir='ltr'>ἀπὸ</span> <span class='ocrx_word' id='word_1_718' title='bbox 2855 4744 3074 4817; x_wconf 88' lang='grc' dir='ltr'>πόρνων</span> <span class='ocrx_word' id='word_1_719' title='bbox 3102 4748 3198 4802; x_wconf 70' lang='grc' dir='ltr'>καὶ</span> <span class='ocrx_word' id='word_1_720' title='bbox 3246 4750 3474 4821; x_wconf 85' lang='grc' dir='ltr'>μοιχῶν,</span> <span class='ocrx_word' id='word_1_721' title='bbox 3519 4751 3579 4803; x_wconf 79' lang='grc' dir='ltr'>οὐ</span> <span class='ocrx_word' id='word_1_722' title='bbox 3611 4744 3826 4818; x_wconf 76' lang='grc' dir='ltr'>πορνείανι</span> 
     </span>
    </p>
   </div>
   <div class='ocr_carea' id='block_1_95' title="bbox 639 4821 2235 4909">
    <p class='ocr_par' dir='ltr' id='par_1_95' title="bbox 639 4821 2205 4892">
     <span class='ocr_line' id='line_1_97' title="bbox 639 4821 2205 4892; baseline 0.003 -16"><span class='ocrx_word' id='word_1_723' title='bbox 639 4822 760 4876; x_wconf 86' lang='lat' dir='ltr'><strong>illas</strong></span> <span class='ocrx_word' id='word_1_724' title='bbox 789 4821 1170 4877; x_wconf 85' lang='lat' dir='ltr'><strong>seortationem</strong></span> <span class='ocrx_word' id='word_1_725' title='bbox 1219 4830 1313 4875; x_wconf 92' lang='lat' dir='ltr'><strong>aut</strong></span> <span class='ocrx_word' id='word_1_726' title='bbox 1364 4821 1681 4877; x_wconf 88' lang='lat' dir='ltr'><strong>adulterium</strong></span> <span class='ocrx_word' id='word_1_727' title='bbox 1745 4824 1948 4879; x_wconf 87' lang='lat' dir='ltr'><strong>abnuit.</strong></span> <span class='ocrx_word' id='word_1_728' title='bbox 2000 4823 2205 4892; x_wconf 85' lang='lat' dir='ltr'><strong>Quam-</strong></span> 
     </span>
    </p>
   </div>
   <div class='ocr_carea' id='block_1_96' title="bbox 2232 4821 3828 4909">
    <p class='ocr_par' dir='ltr' id='par_1_96' title="bbox 2306 4829 3828 4909">
     <span class='ocr_line' id='line_1_98' title="bbox 2306 4829 3828 4909; baseline 0.012 -27"><span class='ocrx_word' id='word_1_729' title='bbox 2306 4829 2427 4883; x_wconf 78' lang='grc' dir='ltr'>οὺδὲ</span> <span class='ocrx_word' id='word_1_730' title='bbox 2454 4833 2698 4903; x_wconf 84' lang='grc' dir='ltr'>μοιχείαν</span> <span class='ocrx_word' id='word_1_731' title='bbox 2720 4835 2908 4891; x_wconf 78' lang='grc' dir='ltr'>τοῦτον</span> <span class='ocrx_word' id='word_1_732' title='bbox 2940 4837 3189 4908; x_wconf 78' lang='grc' dir='ltr'>βούλεται</span> <span class='ocrx_word' id='word_1_733' title='bbox 3215 4837 3353 4895; x_wconf 77' lang='grc' dir='ltr'>εἶναι</span> <span class='ocrx_word' id='word_1_734' title='bbox 3375 4859 3391 4873; x_wconf 88' lang='grc'><strong>·</strong></span> <span class='ocrx_word' id='word_1_735' title='bbox 3418 4842 3540 4897; x_wconf 84' lang='grc' dir='ltr'>ὅθεν</span> <span class='ocrx_word' id='word_1_736' title='bbox 3566 4840 3676 4896; x_wconf 77' lang='grc' dir='ltr'>οὐδὲ</span> <span class='ocrx_word' id='word_1_737' title='bbox 3697 4839 3828 4909; x_wconf 80' lang='grc' dir='ltr'><strong>ἀμαρ-</strong></span> 
     </span>
    </p>
   </div>
   <div class='ocr_carea' id='block_1_97' title="bbox 639 4914 2235 4995">
    <p class='ocr_par' dir='ltr' id='par_1_97' title="bbox 639 4914 1745 4984">
     <span class='ocr_line' id='line_1_99' title="bbox 639 4914 1745 4984; baseline 0.001 -17"><span class='ocrx_word' id='word_1_738' title='bbox 639 4915 823 4967; x_wconf 88' lang='lat' dir='ltr'><strong>obrem</strong></span> <span class='ocrx_word' id='word_1_739' title='bbox 856 4928 1028 4984; x_wconf 88' lang='lat' dir='ltr'><strong>neque</strong></span> <span class='ocrx_word' id='word_1_740' title='bbox 1055 4923 1331 4983; x_wconf 87' lang='lat' dir='ltr'><strong>peccatum</strong></span> <span class='ocrx_word' id='word_1_741' title='bbox 1363 4923 1489 4968; x_wconf 89' lang='lat' dir='ltr'><strong>sunt</strong></span> <span class='ocrx_word' id='word_1_742' title='bbox 1529 4914 1745 4984; x_wconf 71' lang='lat' dir='ltr'><strong>nuptiae.</strong></span> 
     </span>
    </p>
   </div>
   <div class='ocr_carea' id='block_1_98' title="bbox 1067 4914 2663 4995">
    <p class='ocr_par' dir='ltr' id='par_1_98' title="bbox 1067 4914 2663 4995">
     <span class='ocr_line' id='line_1_100' title="bbox 1067 4914 2663 4995; baseline 0.009 -30"><span class='ocrx_word' id='word_1_743' title='bbox 1067 4923 1331 4982; x_wconf 64' lang='lat' dir='ltr'><strong>peccatum</strong></span> <span class='ocrx_word' id='word_1_744' title='bbox 1363 4923 1489 4968; x_wconf 88' lang='lat' dir='ltr'><strong>sunt</strong></span> <span class='ocrx_word' id='word_1_745' title='bbox 1529 4914 1745 4984; x_wconf 64' lang='lat' dir='ltr'><strong>nuptiae.</strong></span> <span class='ocrx_word' id='word_1_746' title='bbox 2304 4920 2393 4974; x_wconf 83' lang='grc' dir='ltr'><strong>τία</strong></span> <span class='ocrx_word' id='word_1_747' title='bbox 2417 4922 2445 4974; x_wconf 86' lang='grc' dir='ltr'>ὁ</span> <span class='ocrx_word' id='word_1_748' title='bbox 2469 4924 2663 4995; x_wconf 86' lang='grc' dir='ltr'>γάμος.</span> 
     </span>
    </p>
   </div>
   <div class='ocr_carea' id='block_1_99' title="bbox 638 5022 3822 5115">
    <p class='ocr_par' dir='ltr' id='par_1_99' title="bbox 638 5022 3822 5115">
     <span class='ocr_line' id='line_1_101' title="bbox 638 5022 3822 5115; baseline 0.003 -38"><span class='ocrx_word' id='word_1_749' title='bbox 638 5023 767 5080; x_wconf 77' lang='lat' dir='ltr'><strong>CAP.</strong></span> <span class='ocrx_word' id='word_1_750' title='bbox 806 5022 896 5078; x_wconf 84' lang='lat' dir='ltr'><strong>IX.</strong></span> <span class='ocrx_word' id='word_1_751' title='bbox 951 5022 1273 5095; x_wconf 81' lang='lat' dir='ltr'><strong>Virginitalis</strong></span> <span class='ocrx_word' id='word_1_752' title='bbox 1316 5025 1887 5115; x_wconf 10' lang='lat' dir='ltr'><strong>encomiumidlolumi</strong></span> <span class='ocrx_word' id='word_1_753' title='bbox 1912 5030 2516 5115; x_wconf 37' lang='lat' dir='ltr'><strong>comparatio‘rie,.ipsum</strong></span> <span class='ocrx_word' id='word_1_754' title='bbox 2548 5037 2759 5115; x_wconf 58' lang='lat' dir='ltr'><strong>bonum.</strong></span> <span class='ocrx_word' id='word_1_755' title='bbox 2807 5036 3029 5115; x_wconf 74' lang='lat' dir='ltr'><strong>Virtutis</strong></span> <span class='ocrx_word' id='word_1_756' title='bbox 3071 5057 3241 5098; x_wconf 83' lang='lat' dir='ltr'><strong>comes</strong></span> <span class='ocrx_word' id='word_1_757' title='bbox 3280 5061 3344 5099; x_wconf 85' lang='lat' dir='ltr'><strong>ac</strong></span> <span class='ocrx_word' id='word_1_758' title='bbox 3374 5045 3521 5115; x_wconf 79' lang='lat' dir='ltr'><strong>fidei,</strong></span> <span class='ocrx_word' id='word_1_759' title='bbox 3572 5038 3822 5115; x_wconf 76' lang='lat' dir='ltr'><strong>persecutia.</strong></span> 
     </span>
    </p>
   </div>
   <div class='ocr_carea' id='block_1_100' title="bbox 1585 5086 3521 5177">
    <p class='ocr_par' dir='ltr' id='par_1_100' title="bbox 1585 5086 3521 5177">
     <span class='ocr_line' id='line_1_102' title="bbox 1585 5086 3521 5177; baseline 0.001 -28"><span class='ocrx_word' id='word_1_760' title='bbox 1585 5094 1692 5149; x_wconf 85' lang='lat' dir='ltr'><strong>Pro</strong></span> <span class='ocrx_word' id='word_1_761' title='bbox 1723 5098 1911 5151; x_wconf 80' lang='lat' dir='ltr'><strong>virium</strong></span> <span class='ocrx_word' id='word_1_762' title='bbox 1941 5086 2161 5166; x_wconf 79' lang='lat' dir='ltr'><strong>ratione,</strong></span> <span class='ocrx_word' id='word_1_763' title='bbox 2200 5086 2505 5157; x_wconf 55' lang='lat' dir='ltr'><strong>Christiano</strong></span> <span class='ocrx_word' id='word_1_764' title='bbox 2540 5106 2680 5159; x_wconf 83' lang='lat' dir='ltr'><strong>lucta</strong></span> <span class='ocrx_word' id='word_1_765' title='bbox 2708 5086 2958 5177; x_wconf 65' lang='lat' dir='ltr'><strong>grauior.w</strong></span> <span class='ocrx_word' id='word_1_766' title='bbox 2985 5086 3027 5095; x_wconf 40' lang='lat' dir='ltr'><strong>ﬂ</strong></span> <span class='ocrx_word' id='word_1_767' title='bbox 3072 5086 3241 5098; x_wconf 54' lang='lat' dir='ltr'><strong>&quot;um</strong></span> <span class='ocrx_word' id='word_1_768' title='bbox 3280 5086 3342 5099; x_wconf 56' lang='grc'><strong>’⁷</strong></span> <span class='ocrx_word' id='word_1_769' title='bbox 3374 5086 3521 5115; x_wconf 65' lang='grc'><strong>””””</strong></span> 
     </span>
    </p>
   </div>
   <div class='ocr_carea' id='block_1_101' title="bbox 704 5207 2300 5296">
    <p class='ocr_par' dir='ltr' id='par_1_101' title="bbox 704 5207 2202 5278">
     <span class='ocr_line' id='line_1_103' title="bbox 704 5207 2202 5278; baseline 0.001 -15"><span class='ocrx_word' id='word_1_770' title='bbox 704 5208 876 5263; x_wconf 85' lang='lat' dir='ltr'><strong>Aliter</strong></span> <span class='ocrx_word' id='word_1_771' title='bbox 926 5207 1088 5263; x_wconf 88' lang='lat' dir='ltr'><strong>etiam</strong></span> <span class='ocrx_word' id='word_1_772' title='bbox 1137 5208 1241 5264; x_wconf 90' lang='lat' dir='ltr'><strong>dici</strong></span> <span class='ocrx_word' id='word_1_773' title='bbox 1298 5215 1474 5278; x_wconf 91' lang='lat' dir='ltr'><strong>potest</strong></span> <span class='ocrx_word' id='word_1_774' title='bbox 1521 5207 1694 5277; x_wconf 88' lang='lat' dir='ltr'><strong>magis</strong></span> <span class='ocrx_word' id='word_1_775' title='bbox 1728 5207 2202 5278; x_wconf 82' lang='lat' dir='ltr'><strong>physice:Divina</strong></span> 
     </span>
    </p>
   </div>
   <div class='ocr_carea' id='block_1_102' title="bbox 2226 5207 3822 5296">
    <p class='ocr_par' dir='ltr' id='par_1_102' title="bbox 2373 5215 3822 5296">
     <span class='ocr_line' id='line_1_104' title="bbox 2373 5215 3822 5296; baseline 0.007 -30"><span class='ocrx_word' id='word_1_776' title='bbox 2373 5215 2484 5267; x_wconf 80' lang='grc' dir='ltr'><strong>Καὶ</strong></span> <span class='ocrx_word' id='word_1_777' title='bbox 2513 5216 2716 5288; x_wconf 77' lang='grc' dir='ltr'>ἑτέρως</span> <span class='ocrx_word' id='word_1_778' title='bbox 2757 5217 2815 5272; x_wconf 84' lang='grc' dir='ltr'>δὲ</span> <span class='ocrx_word' id='word_1_779' title='bbox 2842 5220 3217 5295; x_wconf 78' lang='grc' dir='ltr'>φυσικώτερον</span> <span class='ocrx_word' id='word_1_780' title='bbox 3259 5223 3610 5296; x_wconf 74' lang='grc' dir='ltr'>λεχθήσεταιο</span> <span class='ocrx_word' id='word_1_781' title='bbox 3649 5221 3704 5275; x_wconf 88' lang='grc' dir='ltr'><em>Ἦ</em></span> <span class='ocrx_word' id='word_1_782' title='bbox 3725 5230 3822 5286; x_wconf 68' lang='grc' dir='ltr'>περ·</span> 
     </span>
    </p>
   </div>
   <div class='ocr_carea' id='block_1_103' title="bbox 636 5298 2232 5386">
    <p class='ocr_par' dir='ltr' id='par_1_103' title="bbox 636 5298 2194 5371">
     <span class='ocr_line' id='line_1_105' title="bbox 636 5298 2194 5371; baseline 0.001 -16"><span class='ocrx_word' id='word_1_783' title='bbox 636 5300 879 5371; x_wconf 66' lang='grc' dir='ltr'>ηυωιίιιιη</span> <span class='ocrx_word' id='word_1_784' title='bbox 915 5313 1005 5354; x_wconf 89' lang='lat' dir='ltr'><strong>res</strong></span> <span class='ocrx_word' id='word_1_785' title='bbox 1035 5312 1118 5353; x_wconf 89' lang='lat' dir='ltr'><strong>est</strong></span> <span class='ocrx_word' id='word_1_786' title='bbox 1144 5299 1447 5370; x_wconf 76' lang='lat' dir='ltr'><strong>virginitas,</strong></span> <span class='ocrx_word' id='word_1_787' title='bbox 1473 5309 1635 5366; x_wconf 87' lang='lat' dir='ltr'><strong>atque</strong></span> <span class='ocrx_word' id='word_1_788' title='bbox 1666 5298 1731 5363; x_wconf 71' lang='lat' dir='ltr'><strong>in,</strong></span> <span class='ocrx_word' id='word_1_789' title='bbox 1747 5299 2001 5354; x_wconf 85' lang='lat' dir='ltr'><strong>virtutum</strong></span> <span class='ocrx_word' id='word_1_790' title='bbox 2030 5316 2194 5356; x_wconf 89' lang='lat' dir='ltr'><strong>censu</strong></span> 
     </span>
    </p>
   </div>
   <div class='ocr_carea' id='block_1_104' title="bbox 2226 5298 3822 5386">
    <p class='ocr_par' dir='ltr' id='par_1_104' title="bbox 2302 5304 3822 5386">
     <span class='ocr_line' id='line_1_106' title="bbox 2302 5304 3822 5386; baseline 0.005 -28"><span class='ocrx_word' id='word_1_791' title='bbox 2302 5304 2451 5359; x_wconf 88' lang='grc' dir='ltr'>θενία</span> <span class='ocrx_word' id='word_1_792' title='bbox 2500 5307 2640 5364; x_wconf 83' lang='grc' dir='ltr'>θεῖόν</span> <span class='ocrx_word' id='word_1_793' title='bbox 2698 5327 2753 5364; x_wconf 86' lang='grc' dir='ltr'><strong>τι</strong></span> <span class='ocrx_word' id='word_1_794' title='bbox 2801 5314 2989 5384; x_wconf 87' lang='grc' dir='ltr'>χρῆμα</span> <span class='ocrx_word' id='word_1_795' title='bbox 3036 5316 3315 5386; x_wconf 85' lang='grc' dir='ltr'>τυγχάνει,</span> <span class='ocrx_word' id='word_1_796' title='bbox 3343 5319 3441 5370; x_wconf 78' lang='grc' dir='ltr'><strong>καὶ</strong></span> <span class='ocrx_word' id='word_1_797' title='bbox 3484 5318 3637 5381; x_wconf 83' lang='grc' dir='ltr'><strong>ὡςέν</strong></span> <span class='ocrx_word' id='word_1_798' title='bbox 3655 5309 3822 5384; x_wconf 71' lang='grc' dir='ltr'>ἀρεταῖς</span> 
     </span>
    </p>
   </div>
   <div class='ocr_carea' id='block_1_105' title="bbox 635 5388 2231 5482">
    <p class='ocr_par' dir='ltr' id='par_1_105' title="bbox 635 5388 2202 5461">
     <span class='ocr_line' id='line_1_107' title="bbox 635 5388 2202 5461; baseline 0.002 -17"><span class='ocrx_word' id='word_1_799' title='bbox 635 5389 935 5458; x_wconf 85' lang='lat' dir='ltr'><strong>splendida.</strong></span> <span class='ocrx_word' id='word_1_800' title='bbox 983 5388 1041 5443; x_wconf 88' lang='lat' dir='ltr'><strong>Si</strong></span> <span class='ocrx_word' id='word_1_801' title='bbox 1085 5390 1208 5460; x_wconf 87' lang='lat' dir='ltr'><strong>quis</strong></span> <span class='ocrx_word' id='word_1_802' title='bbox 1255 5391 1418 5461; x_wconf 87' lang='lat' dir='ltr'><strong>igitur</strong></span> <span class='ocrx_word' id='word_1_803' title='bbox 1464 5390 1681 5459; x_wconf 85' lang='lat' dir='ltr'><strong>nuptias</strong></span> <span class='ocrx_word' id='word_1_804' title='bbox 1730 5405 1851 5444; x_wconf 88' lang='lat' dir='ltr'><strong>cum</strong></span> <span class='ocrx_word' id='word_1_805' title='bbox 1891 5391 2202 5460; x_wconf 78' lang='lat' dir='ltr'><strong>virginitate</strong></span> 
     </span>
    </p>
   </div>
   <div class='ocr_carea' id='block_1_106' title="bbox 2225 5388 3821 5482">
    <p class='ocr_par' dir='ltr' id='par_1_106' title="bbox 2301 5397 3821 5482">
     <span class='ocr_line' id='line_1_108' title="bbox 2301 5397 3821 5482; baseline 0.011 -34"><span class='ocrx_word' id='word_1_806' title='bbox 2301 5397 2557 5469; x_wconf 85' lang='grc' dir='ltr'>ὑπάρχει.</span> <span class='ocrx_word' id='word_1_807' title='bbox 2594 5400 2664 5454; x_wconf 66' lang='lat' dir='ltr'><strong>Et</strong></span> <span class='ocrx_word' id='word_1_808' title='bbox 2679 5419 2764 5466; x_wconf 87' lang='grc' dir='ltr'><strong>τις</strong></span> <span class='ocrx_word' id='word_1_809' title='bbox 2814 5400 2908 5459; x_wconf 84' lang='grc' dir='ltr'>οὖν</span> <span class='ocrx_word' id='word_1_810' title='bbox 2931 5407 3236 5479; x_wconf 85' lang='grc' dir='ltr'>συγκρίνων</span> <span class='ocrx_word' id='word_1_811' title='bbox 3262 5409 3437 5482; x_wconf 80' lang='grc' dir='ltr'>ταύτῃ</span> <span class='ocrx_word' id='word_1_812' title='bbox 3467 5409 3557 5463; x_wconf 87' lang='grc' dir='ltr'><strong>τὸν</strong></span> <span class='ocrx_word' id='word_1_813' title='bbox 3575 5408 3745 5478; x_wconf 78' lang='grc' dir='ltr'>γάμον,</span> <span class='ocrx_word' id='word_1_814' title='bbox 3766 5398 3821 5451; x_wconf 79' lang='grc' dir='ltr'><strong>λέ³</strong></span> 
     </span>
    </p>
   </div>
   <div class='ocr_carea' id='block_1_107' title="bbox 634 5471 2230 5573">
    <p class='ocr_par' dir='ltr' id='par_1_107' title="bbox 634 5479 2203 5552">
     <span class='ocr_line' id='line_1_109' title="bbox 634 5479 2203 5552; baseline 0.003 -16"><span class='ocrx_word' id='word_1_815' title='bbox 634 5479 939 5547; x_wconf 80' lang='lat' dir='ltr'><strong>conferens,</strong></span> <span class='ocrx_word' id='word_1_816' title='bbox 974 5481 1118 5549; x_wconf 89' lang='lat' dir='ltr'><strong>ipsas</strong></span> <span class='ocrx_word' id='word_1_817' title='bbox 1147 5482 1293 5537; x_wconf 89' lang='lat' dir='ltr'><strong>dicat</strong></span> <span class='ocrx_word' id='word_1_818' title='bbox 1320 5493 1636 5552; x_wconf 87' lang='lat' dir='ltr'><strong>peccatum;</strong></span> <span class='ocrx_word' id='word_1_819' title='bbox 1673 5497 1781 5537; x_wconf 85' lang='lat' dir='ltr'><strong>non</strong></span> <span class='ocrx_word' id='word_1_820' title='bbox 1808 5484 2052 5540; x_wconf 89' lang='lat' dir='ltr'><strong>absolute</strong></span> <span class='ocrx_word' id='word_1_821' title='bbox 2076 5494 2203 5540; x_wconf 87' lang='lat' dir='ltr'><strong>sunt</strong></span> 
     </span>
    </p>
   </div>
   <div class='ocr_carea' id='block_1_108' title="bbox 2220 5471 3816 5573">
    <p class='ocr_par' dir='ltr' id='par_1_108' title="bbox 2299 5471 3816 5573">
     <span class='ocr_line' id='line_1_110' title="bbox 2299 5471 3816 5573; baseline 0.005 -31"><span class='ocrx_word' id='word_1_822' title='bbox 2299 5505 2385 5558; x_wconf 90' lang='grc' dir='ltr'><strong>γοι</strong></span> <span class='ocrx_word' id='word_1_823' title='bbox 2411 5490 2573 5546; x_wconf 85' lang='grc' dir='ltr'>αὐτὸν</span> <span class='ocrx_word' id='word_1_824' title='bbox 2604 5493 2880 5566; x_wconf 86' lang='grc' dir='ltr'>ἁμαρτίαν</span> <span class='ocrx_word' id='word_1_825' title='bbox 2933 5471 3098 5564; x_wconf 33' lang='grc' dir='ltr'>εῖν-αι,</span> <span class='ocrx_word' id='word_1_826' title='bbox 3133 5501 3232 5554; x_wconf 85' lang='grc' dir='ltr'>οὐκ</span> <span class='ocrx_word' id='word_1_827' title='bbox 3260 5471 3664 5573; x_wconf 73' lang='grc' dir='ltr'>ἀπολελυμένως</span> <span class='ocrx_word' id='word_1_828' title='bbox 3682 5498 3816 5565; x_wconf 75' lang='grc' dir='ltr'>ἁμαρ·</span> 
     </span>
    </p>
   </div>
   <div class='ocr_carea' id='block_1_109' title="bbox 633 5568 2229 5667">
    <p class='ocr_par' dir='ltr' id='par_1_109' title="bbox 633 5568 2197 5643">
     <span class='ocr_line' id='line_1_111' title="bbox 633 5568 2197 5643; baseline 0.005 -19"><span class='ocrx_word' id='word_1_829' title='bbox 633 5579 935 5640; x_wconf 87' lang='lat' dir='ltr'><strong>peccatum.</strong></span> <span class='ocrx_word' id='word_1_830' title='bbox 970 5568 1162 5624; x_wconf 81' lang='lat' dir='ltr'><strong>Malum</strong></span> <span class='ocrx_word' id='word_1_831' title='bbox 1197 5571 1339 5626; x_wconf 89' lang='lat' dir='ltr'><strong>enim</strong></span> <span class='ocrx_word' id='word_1_832' title='bbox 1370 5587 1475 5628; x_wconf 91' lang='lat' dir='ltr'><strong>non</strong></span> <span class='ocrx_word' id='word_1_833' title='bbox 1525 5573 1578 5626; x_wconf 92' lang='lat' dir='ltr'><strong>in</strong></span> <span class='ocrx_word' id='word_1_834' title='bbox 1627 5575 2024 5643; x_wconf 87' lang='lat' dir='ltr'><strong>comparatione</strong></span> <span class='ocrx_word' id='word_1_835' title='bbox 2073 5578 2197 5633; x_wconf 90' lang='lat' dir='ltr'><strong>boni</strong></span> 
     </span>
    </p>
   </div>
   <div class='ocr_carea' id='block_1_110' title="bbox 2223 5568 3819 5667">
    <p class='ocr_par' dir='ltr' id='par_1_110' title="bbox 2296 5568 3819 5667">
     <span class='ocr_line' id='line_1_112' title="bbox 2296 5568 3819 5667; baseline 0.004 -34"><span class='ocrx_word' id='word_1_836' title='bbox 2296 5581 2385 5634; x_wconf 87' lang='grc' dir='ltr'><strong>τία</strong></span> <span class='ocrx_word' id='word_1_837' title='bbox 2417 5581 2683 5639; x_wconf 81' lang='grc' dir='ltr'>ὲστίν.’Τὸ</span> <span class='ocrx_word' id='word_1_838' title='bbox 2707 5587 2814 5660; x_wconf 85' lang='grc' dir='ltr'><strong>γάρ</strong></span> <span class='ocrx_word' id='word_1_839' title='bbox 2842 5590 3008 5646; x_wconf 88' lang='grc' dir='ltr'>κακὸν</span> <span class='ocrx_word' id='word_1_840' title='bbox 3039 5593 3101 5647; x_wconf 80' lang='grc' dir='ltr'>οὐ</span> <span class='ocrx_word' id='word_1_841' title='bbox 3130 5591 3410 5667; x_wconf 75' lang='grc' dir='ltr'>συγκρίσει</span> <span class='ocrx_word' id='word_1_842' title='bbox 3437 5568 3528 5648; x_wconf 70' lang='grc' dir='ltr'>ςοίῐ</span> <span class='ocrx_word' id='word_1_843' title='bbox 3552 5586 3730 5661; x_wconf 77' lang='grc' dir='ltr'>ἀγαθοῦ</span> <span class='ocrx_word' id='word_1_844' title='bbox 3750 5599 3819 5637; x_wconf 70' lang='grc' dir='ltr'>κε’</span> 
     </span>
    </p>
   </div>
   <div class='ocr_carea' id='block_1_111' title="bbox 672 5724 1707 5795">
    <p class='ocr_par' dir='ltr' id='par_1_111' title="bbox 672 5724 1707 5795">
     <span class='ocr_line' id='line_1_113' title="bbox 672 5724 1707 5795; baseline 0.003 -14"><span class='ocrx_word' id='word_1_845' title='bbox 672 5725 719 5759; x_wconf 78' lang='grc'>’⁸</span> <span class='ocrx_word' id='word_1_846' title='bbox 756 5724 898 5781; x_wconf 82' lang='lat' dir='ltr'><strong>Psal.</strong></span> <span class='ocrx_word' id='word_1_847' title='bbox 943 5742 1027 5792; x_wconf 80' lang='lat' dir='ltr'><strong>xv,</strong></span> <span class='ocrx_word' id='word_1_848' title='bbox 1067 5727 1152 5781; x_wconf 87' lang='grc'><strong>10.</strong></span> <span class='ocrx_word' id='word_1_849' title='bbox 1225 5727 1271 5759; x_wconf 80' lang='grc'><strong>⁷⁷</strong></span> <span class='ocrx_word' id='word_1_850' title='bbox 1313 5727 1473 5787; x_wconf 80' lang='lat' dir='ltr'><strong>IIebr.</strong></span> <span class='ocrx_word' id='word_1_851' title='bbox 1500 5742 1618 5795; x_wconf 77' lang='lat' dir='ltr'><strong>xm,</strong></span> <span class='ocrx_word' id='word_1_852' title='bbox 1652 5730 1707 5784; x_wconf 75' lang='grc'><strong>4.</strong></span> 
     </span>
    </p>
   </div>
  </div>
