4042 6404
206 401 346 470 -ιθθτ

1433 399 1709 457 CONTRA
1751 400 2198 459 MANlCllA‘IOS.

3299 407 3319 460 1
3331 405 3432 462 098

213 529 304 581 κόν
336 529 474 587 ἐστι.
531 523 648 577 καθ’
684 522 845 576 ἑαυτὸ
904 522 962 574 δν
1019 519 1246 574 τοιοῦτο.
1291 518 1356 572 Εἴ
1381 538 1510 573 ποτε
1549 521 1679 589 γοῦν
1705 521 1778 584 ὡς

1898 523 2082 575 nalum
2114 531 2219 586 cst,
2248 526 2340 578 sed
2371 523 2540 594 ipsum
2581 537 2674 593 per
2707 537 2764 578 se
2817 522 2920 578 tale
2953 532 3056 577 est.
3119 524 3177 577 Si
3231 525 3443 592 quando

215 616 347 688 πρὸς
367 614 566 683 ἀγαθὸν
611 613 820 681 λέγοιτό
846 631 898 665 τι
947 611 1135 678 κακὸν,
1157 611 1260 663 καὶ
1294 611 1423 663 αὐτὸ
1450 611 1648 678 ἀγαθὸν
1671 611 1777 682 εἴη,

213 706 592 776 ὑποδεέστερον
625 705 718 757 τοῦ
773 705 1197 775 προκρινομένου
1252 702 1414 755 αὐτοῦ
1467 701 1691 771 ἀγαθοῦ.
1721 705 1782 756 Oi.

211 797 390 849 τοίνυν
416 794 494 864 τῷ
523 793 834 864 Εὑαγγελίῳ
886 793 1329 865 προσερχόμενοι,
1358 792 1783 863 προηγουμένως

211 883 604 957 προσέρχονται
637 883 784 953 αὑτῷ
817 884 908 936 ἐπὶ
936 884 1014 954 τῷ
1037 882 1323 945 θεοσεϐεῖν,
1360 883 1450 935 καὶ
1482 883 1623 936 κατὰ
1655 881 1783 936 Θεὸν

209 975 466 1044 γενέσθαι
499 974 669 1044 σοφοί.
701 967 860 1028 Οὗτοι
895 973 1176 1044 ἑπομένως
1215 973 1397 1044 ἔχουσι
1434 974 1495 1026 τὸ
1530 973 1783 1043 πολεμεῖ-

211 1065 338 1120 σθαι
380 1066 484 1118 ὑπό
502 1082 689 1119 τινων·
727 1066 821 1118 καὶ
852 1064 960 1137 γὰρ
981 1065 1060 1118 δεῖ
1087 1065 1304 1128 τούτους
1340 1065 1570 1135 βεϐαίως
1590 1065 1786 1118 ἀναλα-

209 1157 329 1210 ϐεῖν
353 1157 441 1211 τὸν
464 1157 904 1229 Χριστιανισμόν.
938 1156 1296 1228 Προσγῑνεται
1334 1156 1388 1209 δὲ
1501 1155 1785 1226 βεϐαιότης

208 1248 277 1302 ἐκ
301 1249 402 1319 τῆς
417 1251 557 1302 κατά
581 1249 704 1311 τοὺς
723 1249 1056 1318 πειρασμοὺς
1084 1248 1406 1318 γυμνασίας.
1439 1247 1600 1301 Ὅθεν
1616 1247 1786 1315 ἀνάγ-

187 1351 284 1411 ’κη
348 1340 562 1409 ἀγῶνας
595 1340 788 1402 αὐτοὺς
816 1340 1121 1409 ὑπομένειν.
1149 1341 1258 1392 Καὶ
1291 1341 1479 1409 ὥσπερ
1503 1341 1550 1391 οἱ
1579 1339 1786 1405 ἀγωνο-

209 1430 514 1496 θετοῦντες,
544 1432 592 1484 εἰ
623 1432 715 1484 τοῦ
750 1432 968 1500 εὐλόγου
1002 1431 1353 1502 φροντίζοιεν,
1378 1432 1473 1501 οὐχ
1505 1431 1579 1493 ὡς
1601 1430 1788 1500 ἔτυχεν

207 1523 366 1576 τόνδε
405 1523 542 1591 μετὰ
588 1523 738 1576 τοῦδε
767 1523 1157 1594 συμϐάλλουσιν
1216 1521 1470 1593 ἀθλητὴν,
1525 1521 1659 1576 ἀλλὰ
1692 1523 1788 1576 σὺν

207 1614 473 1685 ἀκριϐείᾳ
495 1613 682 1685 πολλῇ,
735 1617 812 1679 εἰς
860 1614 957 1685 τὴν
985 1614 1272 1682 ἀναλογίαν
1303 1615 1402 1684 τῆς
1444 1613 1672 1666 ἑκάστου
1697 1613 1788 1665 δυ-

203 1704 433 1775 νάμεως
465 1705 820 1768 σκοποῦντες·
869 1703 1040 1768 οὕτως
1082 1707 1173 1758 καὶ
1200 1707 1228 1758 ὁ
1257 1704 1522 1776 ἡμέτερος
1574 1703 1791 1757 ἀθλοθέ-

203 1812 319 1866 της
367 1795 598 1865 Χριστὸς
660 1796 720 1848 οὐ
774 1797 978 1859 πάντας
1008 1799 1119 1858 τοῖς
1152 1798 1330 1859 αὐτοῖς
1365 1796 1790 1863 ἀνταγωνισταῖς

1883 614 2045 683 igitur
2079 615 2277 684 aliquid
2310 617 2506 671 malum
2535 617 2754 682 dicitur,
2787 631 2848 670 ea
2885 616 3090 670 ratione
3137 616 3278 684 quod
3323 631 3442 667 cum

1882 705 2025 758 bono
2055 709 2330 760 confertur
2355 723 2369 772 ;
2404 709 2572 777 ipsum
2599 709 2758 762 etiam
2788 708 2984 762 bonum
3015 708 3195 773 fuerit,
3223 708 3448 762 inferius

1883 795 2024 849 bono
2052 797 2193 865 quod
2219 797 2318 865 ipsi
2354 798 2670 851 antefertur.
2722 797 2821 862 Qui
2856 798 3015 867 igitur
3049 797 3334 867 Evangelia
3363 815 3448 852 ac-

1884 887 2104 951 cedunt,
2134 888 2197 940 ad
2232 888 2401 957 ipsum
2430 888 2481 942 in
2513 889 2700 958 primis
2720 889 2999 953 accedunt,
3045 898 3121 941 ut-
3141 889 3314 942 colant
3342 895 3452 956 pte-

1888 988 2072 1043 tatem,
2133 989 2188 1034 et
2240 981 2533 1035 secundum
2591 981 2757 1035 Deum
2809 980 3081 1049 sapientes
3146 979 3292 1032 fiant.
3359 978 3450 1031 llis

1887 1085 2068 1126 comes
2101 1083 2203 1136 est,
2244 1082 2302 1126 ut
2341 1089 2367 1126 a
2395 1072 2665 1126 nonnullis
2715 1083 3129 1141 Oppugnentur;
3185 1072 3448 1139 siquidem

1887 1177 2106 1217 necesse
2132 1172 2214 1217 εει
2232 1178 2324 1217 εοε
2349 1163 2573 1217 ﬁrmiter
2601 1164 2874 1232 animique
2903 1163 3204 1217 constantia
3237 1161 3452 1215 Christo

1888 1268 2086 1307 nomen
2114 1253 2265 1307 dare.
2316 1253 2572 1309 Firmitas
2624 1265 2801 1308 autem
2835 1269 2898 1308 ac
2945 1254 3245 1308 constantia
3284 1262 3453 1308 tenta-

1891 1346 2096 1399 tionum
2138 1347 2525 1401 exercitatione
2592 1356 2893 1414 prasstatur.
2949 1345 3306 1412 Quamobrem
3361 1361 3456 1398 nc-
3513 1338 3516 1340 ’

1889 1450 2040 1490 cesse
2065 1447 2164 1502 est,
2200 1446 2256 1488 ut
2279 1446 2332 1490 et
2357 1436 2429 1490 illi
2461 1437 2756 1490 certamina
2795 1436 3041 1490 subeant.
3085 1435 3452 1502 Quemadmo-

1891 1526 2016 1581 dum
2040 1537 2215 1582 autem
2246 1528 2334 1596 qui
2370 1529 2702 1583 certantibus
2731 1528 3066 1582 constituunt
3113 1527 3357 1596 prmmia,
3387 1524 3454 1591 si,

1891 1619 2031 1686 quod
2066 1631 2097 1671 e
2131 1618 2338 1672 ratione
2366 1632 2769 1688 congruumque
2800 1618 3068 1680 videatur,
3105 1617 3455 1686 spectandum.

1891 1707 1991 1761 sibi
2021 1709 2362 1776 putaverint,
2396 1709 2537 1763 haud
2577 1717 2776 1763 temere
2817 1709 2959 1762 hunc
3007 1709 3264 1776 illumque
3303 1708 3459 1778 pugi-

1892 1793 1996 1850 lem
2048 1800 2434 1862 commiserint,
2490 1799 2583 1854 sed
2627 1798 2791 1851 multa
2864 1797 3140 1867 diligentia
3201 1798 3459 1866 omnique

205 1887 596 1955 συζεύγνυσιν,
640 1886 775 1940 ἀλλὰ
801 1886 942 1940 κατὰ
969 1887 1064 1958 τὴν
1089 1886 1303 1957 ἠλικίαν
1323 1887 1415 1939 καὶ
1439 1885 1534 1956 τὴν
1565 1885 1792 1954 δύναμιν

1898 1887 2201 1952 sedulitate,
2237 1888 2497 1959 cujusque
2533 1889 2728 1943 virium
2783 1898 3020 1957 spectata
3078 1888 3326 1953 ratione;
3379 1889 3460 1942 sic

203 1980 451 2034 ἑκάστου
476 1981 566 2032 τὸν
621 1980 909 2033 ἀντίπαλον
937 1979 1169 2031 δίδωσιν.
1194 1977 1497 2049 Κορινθίοις
1525 1976 1675 2042 γοῦν,
1698 1994 1792 2046 νη-

203 2065 366 2127 πίοις
392 2060 540 2117 οὖσιν
592 2065 691 2129 ἔτι,
721 2065 827 2118 τῶν
874 2064 1210 2135 παθημάτων
1277 2065 1374 2135 τῆς
1411 2065 1607 2136 σαρκὸς
1642 2077 1793 2135 περι·-

202 2156 442 2226 ἔχεσθαι
472 2156 682 2220 Παῦλος
711 2157 940 2228 γράψει’
971 2157 1304 2225 Πειρασμὸς
1323 2154 1476 2226 ὑμᾶς
1498 2158 1607 2209 οὐκ
1627 2156 1790 2224 εἵλη-

203 2259 354 2310 ςεεν.
381 2244 430 2295 ει
454 2241 538 2311 μὴ
566 2243 950 2311 ἀνθρώπινος.
988 2245 1050 2296 Ol
1091 2244 1198 2314 γὰρ
1243 2245 1534 2315 πειρασμοὶ
1568 2244 1789 2311 τούτων,

203 2332 315 2385 καὶ
344 2332 392 2383 οἱ
444 2333 670 2398 ἀγῶνες,
707 2333 841 2404 πρὸς
895 2333 964 2386 τὰ
995 2335 1308 2405 ἀνθρώπινα
1355 2336 1654 2405 πράγματα
1697 2335 1793 2406 τὴν

203 2423 501 2492 ἀναφορὰν
537 2422 738 2493 ἔχουσι.
785 2426 918 2495 Περὶ⁸
947 2425 1139 2478 ἑαυτοῦ
1161 2426 1216 2478 δὲ
1241 2428 1334 2480 καὶ
1374 2428 1481 2480 τῶν
1504 2427 1792 2498 παραπλη-

207 2514 376 2576 σίων,
410 2515 708 2585 ἰσορρόπων
741 2533 800 2568 τε
845 2518 936 2570 καὶ
993 2517 1294 2582 ἰσοσθενῶν,
1332 2519 1556 2589 γράφων
1597 2519 1790 2589 φησιν’

205 2605 336 2657 Οὐκ
365 2604 513 2658 ἔστιν
547 2609 675 2677 ημῖν
707 2609 739 2677 ἡ
773 2609 917 2677 πάλη
953 2609 1086 2679 πρὸς
1141 2606 1281 2681 αἷμα
1304 2612 1397 2663 καὶ
1430 2613 1627 2682 σάρκα,
1663 2612 1796 2665 ἀλλά

207 2697 360 2767 πρὸς
384 2698 484 2760 τὰς
511 2700 704 2768 ἀρχὰς.
745 2700 838 2752 κοιλ⁸
881 2701 978 2764 τὰς
1011 2701 1274 2766 ἐξουσίας,
1317 2705 1410 2756 καὶ
1440 2705 1564 2766 τοὺς
1600 2722 1797 2775 κοσμο-

207 2788 498 2859 κράτορας
523 2789 615 2842 τοῦ
649 2791 868 2854 σκότους
902 2791 995 2844 τοῦ
1023 2793 1218 2856 αἰῶνος
1257 2795 1444 2848 τούτου
1469 2809 1483 2823 ·
1521 2797 1798 2866 μονονουχὶ

207 2877 380 2930 τοῦτο
425 2877 632 2946 λέγων’
681 2880 838 2952 Ἡμῖν
869 2885 981 2944 τοῖς
1033 2883 1565 2956 ὑπεραναὸεόηκόσιν
1617 2886 1796 2938 οὐκέτι

210 2968 361 3040 πρὸς
386 2964 527 3040 αἷμα
554 2972 648 3024 καὶ
667 2973 860 3044 σάρκα,
883 2974 1026 3027 τοῦτ’
1047 2976 1192 3028 ἔστιν
1215 2977 1546 3049 ἀνθρώπινα,
1572 2981 1603 3048 ἡ
1631 2976 1794 3047 πάλη,

210 3063 359 3116 ἀλλὰ
392 3065 530 3136 πρὸς
581 3065 648 3119 τὰ
680 3067 1192 3138 ὐπεραναϐεὸηκότα
1227 3069 1479 3139 τάγματα
1515 3068 1622 3122 τῶν
1661 3069 1800 3121 ἀντι-

213 3155 414 3208 πάλων
437 3173 450 3186 ·
503 3156 638 3210 εἰσὶν
662 3157 717 3210 δὲ
738 3157 909 3210 ταῦτα
938 3159 1048 3231 εἴδη
1081 3159 1332 3228 λογικῶν,
1371 3159 1618 3232 πονηρῶν
1644 3176 1797 3228 γενο-

219 3251 405 3318 μένων
431 3251 845 3319 προαιρετικῶς.

1892 1976 2147 2030 nimirum
2183 1979 2350 2031 nostri
2377 1993 2588 2046 quoque
2623 1977 2932 2032 certaminis
2975 1977 3178 2031 arbiter
3211 1976 3460 2032 Christus

1893 2084 2000 2124 non
2041 2083 2229 2124 omnes
2263 2069 2451 2124 iisdem
2481 2069 3026 2138 adversariisjuugit,
3075 2071 3168 2124 sed
3219 2085 3316 2138 pro
3365 2085 3460 2122 cu-

1888 2162 2084 2232 jusque
2139 2163 2312 2217 aetatis
2378 2162 2682 2230 viriumque
2726 2161 2959 2226 ratione,
3020 2176 3252 2230 quocum
3316 2161 3459 2214 lucta

1892 2255 2224 2306 conserenda
2247 2293 2262 2317 ,
2295 2255 2535 2323 Opponit.
2566 2253 2860 2308 Corinthiis
2902 2253 3103 2323 itaque,
3133 2267 3252 2306 cum
3286 2252 3462 2306 adhuc

1893 2342 2098 2410 parvuli
2133 2353 2334 2407 essent,
2364 2341 2560 2397 Paulus
2593 2343 2866 2410 scribit",
2923 2345 3091 2398 teneri
3141 2357 3234 2398 eos
3281 2343 3460 2396 carnis

1895 2433 2273 2502 passionibus:
2309 2433 2572 2498 Tentatio,
2606 2434 2797 2503 inquit,
2833 2450 2919 2488 vos
2956 2451 3059 2488 non
3100 2433 3458 2503 apprehendit,

1894 2527 1994 2578 nisi
2017 2525 2324 2580 humana".
2358 2527 2596 2596 lpsorum
2631 2543 2858 2596 namque
2892 2527 3211 2582 tentationes
3247 2541 3311 2580 ac
3337 2541 3461 2581 cer-

1896 2617 2095 2669 tamina
2128 2619 2195 2671 ad
2241 2632 2302 2671 ea
2341 2619 2658 2687 spectabant
2696 2633 2818 2688 qua:
2854 2627 3038 2673 essent
3077 2619 3332 2672 humana.
3385 2616 3460 2670 De

1899 2722 1957 2761 se
1987 2720 2166 2761 autem
2203 2710 2394 2777 suique
2447 2710 2735 2770 similibus.
2804 2710 2918 2780 pari
2973 2709 3175 2765 sciliCet
3232 2709 3461 2778 pectoris

1899 2799 2088 2852 robore
2123 2815 2184 2854 ac
2217 2801 2581 2866 animositate,
2636 2801 2826 2856 scribit
2874 2801 3060 2856 dicens
3081 2801 3125 2832 ⁸ο
3157 2819 3170 2854 :
3208 2799 3332 2854 Non
3385 2810 3460 2851 est

1898 2886 2047 2939 nobis
2087 2887 2384 2943 colluctatio
2420 2891 2665 2944 adversus
2699 2891 3001 2959 sanguinem
3025 2901 3072 2944 et
3115 2906 3342 2951 carnem,
3373 2891 3462 2942 ml

1896 2977 2144 3032 adversus
2182 2981 2504 3048 principatus
2549 2989 2595 3034 et
2649 2991 2952 3050 potestates,
2985 2983 3264 3050 mundique
3291 2980 3462 3033 domi-
3500 3006 3506 3012 ι

1898 3085 2011 3132 nos,
2039 3079 2256 3122 rectores
2283 3070 2608 3122 tenebrarum
2640 3070 2820 3123 swculi
2840 3071 3018 3141 hujus,
3063 3085 3126 3126 ac
3165 3072 3212 3125 si
3238 3071 3461 3134 diceret,

1900 3157 2065 3213 Nobis
2117 3160 2206 3228 qui
2261 3161 2488 3215 celsiore
2539 3160 2703 3229 gradu
2765 3162 3197 3225 conscendimus,
3247 3177 3351 3215 non
3381 3171 3465 3214 est

1907 3251 2047 3304 lutta
2089 3252 2348 3305 adversus
2374 3251 2688 3320 sanguinem
2720 3263 2774 3305 et
2799 3267 3016 3306 carnem
3057 3250 3135 3322 (id
3165 3261 3248 3305 est
3279 3251 3469 3304 adver-

223 3357 320 3395 sus
386 3341 666 3409 humana),
714 3342 806 3394 sed
861 3341 1120 3396 adversus
1168 3342 1506 3411 superiorum
1559 3341 1802 3397 ordinum
1845 3340 2200 3395 adversarios.
2261 3342 2397 3395 Sunt
2461 3356 2588 3395 vero
2623 3343 2672 3395 hi
2742 3343 3040 3395 animorqu
3087 3341 3313 3410 species,
3375 3347 3467 3409 qui

225 3433 522 3486 voluntatis
565 3434 788 3488 arbitrio
823 3435 969 3501 pravi
998 3443 1308 3489 evaserunt.

405 3520 538 3575 CAP.
580 3521 626 3575 Χ
703 3520 1004 3577 Voluntates
1033 3541 1134 3578 non
1169 3535 1287 3577 sunt
1317 3523 1624 3578 substantia:
1661 3523 1830 3644 malla'.
1875 3522 2182 3574 Animorum
2219 3535 2406 3588 genera
2437 3528 2483 3571 et
2517 3520 2707 3586 species
2737 3530 3054 3584 nuncupata,
3092 3537 3123 3573 a
3161 3537 3318 3584 prava

1697 3611 1754 3644 co
1782 3601 1976 3644 untate.

1697 3601 1976 3646 uoluntate.

299 3681 503 3749 Μηδεὶς
524 3679 582 3733 δὲ
628 3681 892 3754 ὑπολάϐῃ,
921 3685 1002 3736 ὅτι
1045 3685 1158 3756 εἴδη
1190 3687 1419 3753 Αογικῶν
1447 3687 1696 3757 πονηρῶν
1729 3689 1804 3738 εἰ-

225 3775 480 3846 ρηκότες,
514 3774 700 3826 οὐσίαν
741 3775 980 3848 πονηρὰν
1032 3777 1281 3848 λέγομεν.
1317 3779 1502 3831 Ἔστιν
1546 3778 1651 3850 γὰρ
1689 3778 1801 3848 εἴδη

222 3865 322 3918 καὶ
343 3864 476 3935 γένη
505 3865 597 3916 καὶ⁹
621 3865 727 3918 τῶν
759 3869 1152 3938 προαιρετικῶν
1170 3869 1535 3941 ὑπαρχόντων.
1563 3871 1803 3940 Λέγομεν

220 3953 360 4021 γοῦν
386 3953 504 4024 εἴδη
533 3955 821 4008 σπουδαίου
848 3955 1006 4025 εἶναι,
1042 3958 1266 4022 δίκαιον,
1305 3959 1574 4030 σώφρονα,
1622 3960 1805 4032 φρόνι-

222 4065 350 4119 μον.
419 4047 570 4100 Ἐπεὶ
600 4047 707 4120 γὰρ
737 4053 770 4120 ὴ
823 4050 989 4122 ἀρετὴ
1017 4052 1191 4120 γένος,
1215 4055 1292 4116 εἰς
1312 4053 1427 4125 εἴδη
1453 4055 1801 4126 μεριζομένη,

219 4143 308 4203 εἰς
335 4140 702 4212 δικαιοσύνην,
768 4146 1117 4216 σωῳροσύνην
1153 4148 1243 4200 καὶ
1269 4148 1338 4201 τὰ
1377 4148 1558 4213 λοιπὰ,
1592 4149 1802 4220 ἀνάγκη

219 4235 321 4286 τὸν
365 4231 463 4285 τοῦ
494 4233 683 4300 γένους
729 4236 1043 4306 μετέχοντα,
1102 4239 1384 4293 σπουδαῖον
1416 4241 1562 4307 ὄντα,
1607 4242 1805 4296 ὡσανεὶ

220 4324 388 4391 γένος
444 4318 581 4377 εἶναι
615 4325 720 4404 τῶν
749 4328 1080 4398 μετεχόντων
1107 4331 1214 4383 τῶν
1244 4332 1363 4385 κατ’
1403 4329 1537 4396 εἶδος
1563 4334 1799 4404 ἀρετῶν

222 4413 496 4475 ὡσαύτως
520 4413 611 4466 καὶ
638 4417 734 4484 τῆς
765 4418 1071 4488 ἐπιστήμης
1117 4419 1305 4486 γένους
1329 4418 1512 4488 οὔσης,
1544 4436 1805 4490 γραμμα-

222 4507 414 4576 τικῆς,
460 4507 723 4577 μουσικῆς
750 4508 972 4562 καὶτῶν
1005 4509 1333 4575 λοιπῶν,τὸν
1361 4511 1794 4582 παρονομαξόμε-

1911 4520 2079 4574 genus
2104 4519 2224 4561 esse
2260 4520 2443 4560 eorum
2478 4506 2568 4574 qui
2594 4505 2800 4574 Species
2831 4505 3087 4558 virtutum
3120 4503 3470 4573 participant.
3565 4520 3582 4542 κ

223 4613 320 4650 νον
349 4597 464 4650 ἀπὸ
489 4597 580 4650 τοῦ
604 4598 790 4666 γένους
813 4601 1006 4671 ὲπιστή
1018 4618 1172 4671 μονα,
1202 4603 1355 4670 γένος
1376 4601 1511 4657 εἶναι
1533 4605 1638 4657 τῶν
1665 4622 1806 4676 παρ-

226 4686 656 4759 ονομαζομένων
691 4691 797 4745 ἀπὸ
820 4692 928 4746 τῶν
957 4693 1055 4763 τῆς
1087 4696 1394 4766 ἐπιστήμης
1423 4697 1578 4750 εἰδῶν
1603 4715 1802 4768 φαμεν.

228 4779 353 4835 Κᾶν
381 4781 563 4834 τοίνυν
598 4782 848 4854 πονηρῶν
883 4784 1114 4853 λογικῶν
1137 4787 1247 4858 εἴδη
1278 4789 1522 4858 λέγομεν,
1547 4807 1803 4860 προαιρε-

225 4872 404 4935 τικῶς
433 4873 640 4935 πάντας
671 4876 795 4936 τοὺς
834 4875 938 4928 ὑπὸ
964 4876 1170 4948 τᾶιεῖδη
1197 4878 1367 4932 ταῦτα
1410 4879 1638 4950 λέγομεν
1669 4876 1807 4933 εἶναι

225 4959 532 5022 τοιούτους.
583 4962 796 5032 Ἀμέλει
821 4962 950 5031 γοῦν
987 4964 1054 5018 τὰ
1079 4966 1314 5038 ὀνόματα
1343 4969 1410 5022 τὰ
1439 4971 1808 5043 προειρημένα

228 5051 470 5124 πονηρὰ,
501 5053 600 5108 οὐκ
623 5055 838 5122 οὐσιῶν,
881 5056 1014 5110 ἀλλὰ
1049 5061 1438 5131 προαιρετικῶν
1465 5064 1610 5114 ἐστιν
1643 5063 1811 5132 ἐμφα-

229 5160 473 5197 νιστικα.

1982 3682 2148 3735 Nemo
2181 3694 2308 3734 vero
2336 3679 2629 3745 existimet,
2656 3695 2778 3735 cum
2832 3695 3117 3748 pravorum
3170 3681 3470 3736 animorum

1912 3773 2118 3842 species
2149 3770 2406 3835 diximus,
2440 3783 2658 3837 pravam
2707 3784 2807 3823 nos
2843 3769 3136 3824 essentiam
3183 3769 3361 3824 dicere
3409 3785 3472 3824 ac

1910 3855 2289 3918 substantiam.
2316 3860 2454 3914 Sunt
2511 3860 2653 3914 enim
2709 3861 2870 3914 etiam
2915 3861 3124 3930 species
3164 3869 3219 3916 et
3255 3865 3472 3930 genera,

1909 3971 2094 4013 eorum
2123 3969 2241 4024 qua:
2276 3954 2457 4008 liberae
2487 3953 2776 4008 voluntatis
2809 3965 2954 4008 sunt.
2985 3954 3218 4009 Dicimus
3261 3955 3473 4010 honesti

1909 4049 2118 4119 species
2182 4060 2322 4111 esse,
2383 4045 2608 4114 justum,
2662 4055 3068 4115 temperantem,
3125 4045 3469 4116 prudentem,

1910 4140 2123 4194 fortem.
2152 4138 2288 4205 Quia
2334 4152 2565 4206 namque
2611 4137 2784 4191 virtus
2810 4150 2979 4206 genus
3007 4147 3091 4192 est
3118 4153 3236 4206 qua:
3269 4137 3320 4190 in
3354 4153 3474 4207 spe-

1909 4232 2020 4287 cies
2046 4229 2422 4293 distribuatur,
2454 4228 2507 4282 iu
2533 4228 2820 4296 justitiam,
2854 4229 3261 4298 temperantiam
3295 4243 3358 4284 ac
3389 4244 3473 4284 τεο

1909 4325 2101 4394 liquas,
2163 4335 2382 4376 necesse
2421 4330 2503 4376 est
2537 4337 2658 4374 eum
2693 4322 2784 4390 qui
2832 4337 2999 4392 genus
3029 4322 3348 4390 participat,
3380 4323 3470 4390 qui

1909 4413 2158 4467 videlicet
2185 4414 2459 4468 studiosus
2493 4413 2720 4467 exsistat
2764 4427 2827 4466 ac
2855 4412 3052 4467 virtute
3078 4412 3298 4482 fulgeat,
3326 4411 3475 4466 velut

1912 4595 2194 4661 Similiter,
2263 4611 2381 4650 cum
2430 4596 2650 4650 scientia
2719 4610 2886 4664 genus
2941 4597 3030 4661 sit,
3087 4594 3471 4665 grammaticis.

1911 4688 2127 4742 musicae
2148 4697 2201 4743 et
2239 4688 2462 4742 aliarum
2489 4729 2504 4754 ,
2537 4703 2658 4742 eum
2693 4688 2806 4756 qui,
2841 4689 2999 4742 ducto
3032 4702 3063 4741 a
3115 4687 3337 4741 scientia
3374 4701 3472 4741 no-

1911 4779 2073 4847 mine,
2133 4780 2311 4834 sciens
2352 4779 2568 4840 dicitur,
2630 4794 2798 4849 genus
2845 4793 2966 4832 esse
3013 4777 3242 4832 dicimus
3265 4792 3471 4844 eorum,

1909 4872 2058 4939 quia
2096 4872 2186 4925 tali
2220 4872 2418 4940 talique
2451 4871 2675 4926 scientia
2720 4869 2984 4942 (scientiae
3031 4871 3238 4924 scilicet
3263 4872 3472 4940 specie-

1909 4962 2030 5031 bus)
2062 4962 2804 5032 nuncupantur.-Quanquam
2844 4963 3007 5033 igitur
3045 4977 3332 5034 pravorum
3365 4965 3474 5016 ani-

1911 5070 2119 5108 morum
2149 5057 2355 5124 species
2382 5057 2632 5119 dicimus,
2663 5070 2850 5110 omnes
2891 5056 3075 5109 subter
3120 5057 3217 5109 bas
3267 5057 3472 5126 species

1913 5147 2138 5215 positos,
2172 5146 2442 5202 voluntate
2471 5161 2666 5216 pravos
2708 5161 2828 5201 esse
2857 5146 3104 5200 dicimus.
3135 5146 3262 5212 Qua:
3292 5147 3474 5216 itaque

1913 5238 2055 5292 dicta
2083 5248 2207 5292 sunt
2237 5254 2398 5307 prava
2426 5241 2668 5302 nomina,
2695 5253 2800 5292 non
2861 5237 3122 5291 cssentias
3148 5235 3470 5306 signiﬁcant,

1911 5329 2005 5382 sed
2031 5329 2121 5397 qui
2153 5329 2320 5384 libera
2344 5330 2554 5399 praediti
2587 5328 2856 5383 voluntate
2883 5327 3164 5382 exsistant.

231 5424 370 5477 CAP.
413 5421 501 5477 XI.
549 5424 796 5508 Diabolus
846 5432 1123 5508 voluntatis
1153 5450 1354 5508 [tamen
1407 5436 1617 5508 (jusque
1674 5439 1966 5504 pravitatis.
2015 5439 2207 5500 Judas,
2257 5442 2518 5497 diabolus.
2575 5443 2765 5508 Judns,
2817 5447 2977 5497 bonus
3029 5444 3240 5506 electus,
3299 5443 3470 5503 {actus

549 5498 812 5552 voluntate
846 5499 1012 5552 malus
1048 5512 1094 5553 et
1128 5502 1386 5556 diabolus.
1423 5498 1693 5568 Diabolus,
1723 5519 1994 5560 accusator
2020 5521 2066 5562 et
2102 5498 2467 5569 calumniator.
2513 5498 2773 5581 Satanas,
2811 5516 3160 5568 adversarius.

312 5591 385 5644 Τὸ
434 5595 542 5667 γὰρ
569 5597 841 5663 διάϐολος
867 5598 1052 5669 ὄνομα,
1085 5598 1182 5650 οὐκ
1215 5597 1417 5660 οὐσίαν,
1454 5598 1587 5652 ἀλλὰ
1615 5600 1804 5670 προαί-

233 5697 393 5751 ρεσιν
418 5686 586 5757 δηλοῖ.
614 5690 820 5743 Αὐτίκα
853 5690 981 5758 γοῦν
1014 5691 1106 5743 καὶ
1151 5689 1239 5742 τὸν
1281 5690 1496 5753 Ἰούδαν,
1525 5690 1805 5762 ἄνθρωπον

325 5794 368 5825 ¹
407 5796 425 5850 1
467 5797 591 5854 Cor.
619 5817 698 5862 Ill,
737 5801 792 5855 2.
869 5801 912 5833 ⁷⁸
952 5801 1121 5855 1001·-
1159 5802 1323 5860 L15-

644 5894 907 5955 ΡΑτῐιοι..
965 5895 1078 5954 Gn.
1129 5894 1428 5958 XXXIX.

1981 5602 2130 5669 Quod
2179 5605 2319 5659 enim
2369 5605 2611 5661 diabolus
2658 5607 2871 5672 dicitur,
2917 5623 3020 5662 non
3059 5606 3348 5661 essentiam
3382 5605 3475 5658 deo

1915 5695 2103 5765 clarat,
2134 5699 2227 5753 sed
2258 5697 2607 5755 voluntatem.
2655 5700 2848 5755 Statim
2889 5701 3030 5756 enim
3069 5699 3230 5755 etiam
3260 5695 3472 5756 ludam,

1400 5803 1443 5833 ⁸ο
1485 5802 1675 5872 Eplies.
1717 5821 1786 5869 vt,
1824 5805 1906 5858 l2.

3085 5898 3162 5956 35
