4042 6404
651 337 789 394 1099

1870 327 2107 385 DIDYMI
2142 327 2617 385 ALEXANDRINI

3696 324 3802 381 “00

648 451 809 505 homo
841 461 962 502 cum
993 452 1157 512 esset,
1182 442 1451 500 diabolum
1480 441 1738 497 Dominus
1753 443 2067 507 nominavit.
2098 460 2207 501 non

2306 445 2453 512 ὄντα,
2487 443 2732 498 διάϐολον
2765 441 2793 494 6
2820 440 3041 511 Κύριος,
3071 439 3132 493 οὐ
3154 437 3243 492 διὰ
3264 437 3361 509 τὴν
3390 437 3579 504 οὐσίαν,
3606 437 3720 494 ἀλλὰ
3740 443 3805 496 διὰ

646 546 868 610 propter
897 535 1271 597 substantiam,
1307 532 1400 587 sed
1428 543 1647 601 propter
1684 531 2033 597 voluntatem,
2087 549 2208 589 cum

649 631 717 686 ad
748 643 937 684 omnes
959 626 1118 682 simul
1147 624 1434 695 discipulos
1465 627 1559 687 ait,
1590 624 1645 678 in
1668 624 1748 679 eis
1778 640 1992 697 quoque
2013 624 2206 682 Judam

648 731 1080 774 connumerans:
1118 714 1306 769 Nonne
1332 714 1604 767 duodecim
1652 715 1783 785 elegi
1825 732 1935 781 vos,
1968 727 2019 771 et
2074 734 2209 772 unus

648 826 713 863 ea:
734 810 872 863 vobis
902 808 1140 861 diabolus
1179 815 1252 860 est
1271 805 1357 859 ⁸ιῖ
1390 806 1777 875 Subiungitqne
1827 809 2162 878 Evangelista
2193 828 2207 865 :

649 898 765 953 Hoc
798 890 974 952 autem'
988 899 1118 951 dixit
1143 898 1207 951 de
1226 897 1392 959 Juda,
1423 898 1512 966 qui
1536 914 1651 950 eum
1681 911 1792 952 erat
1832 901 2207 956 traditurus”.

648 990 761 1044 Etsi
800 990 941 1043 enim
991 998 1207 1058 propter
1258 986 1493 1040 futuram
1547 988 1909 1056 proditionem
1967 989 2210 1047 diabolus

648 1092 870 1136 vocatus
903 1092 1019 1149 est;
1053 1097 1156 1135 non
1179 1083 1290 1150 jam
1319 1092 1441 1136 tunc
1472 1082 1714 1137 diabolus
1745 1092 1885 1147 erat,
1914 1098 2034 1137 cum
2063 1084 2210 1154 pari-

650 1184 734 1227 ter
760 1188 882 1227 cum
912 1174 1159 1228 omnibus
1184 1172 1388 1229 electus
1418 1183 1520 1238 est,
1551 1173 1620 1227 ob
1641 1189 1759 1227 eam
1788 1189 1892 1244 qua
1922 1185 2047 1229 tunc
2079 1192 2211 1246 prae-

648 1262 825 1315 stabat
876 1262 1149 1318 virtutem.
1192 1261 1347 1315 Tunc
1398 1272 1574 1316 autem
1631 1263 1876 1318 diabolus
1908 1265 2209 1335 appellatus

647 1361 749 1418 est,
782 1366 901 1407 cum
935 1367 997 1406 ea
1028 1351 1242 1407 molitus
1286 1363 1367 1408 est
1414 1368 1477 1407 ac
1524 1353 1670 1421 fecit,
1726 1370 1847 1422 quae
1898 1358 2210 1425 proditionis

647 1453 822 1496 erant.
864 1443 920 1497 Si
951 1458 1079 1514 ergo
1113 1445 1163 1497 in
1198 1443 1333 1498 Juda
1365 1461 1557 1499 nomen
1593 1446 1789 1500 diaboli
1832 1448 2097 1539 actionem
2142 1463 2209 1504 ex

646 1534 829 1588 libera!
876 1546 1006 1588 nutu
1057 1536 1346 1590 voluntatis
1395 1537 1638 1603 indicat;
1676 1538 1925 1593 similiter
1951 1534 2110 1595 etiam
2145 1542 2210 1597 de

646 1628 835 1695 quovis
862 1628 965 1681 alio
994 1627 1222 1692 dicatur,
1254 1629 1451 1697 aliquid
1484 1630 1550 1681 ad
1603 1629 1824 1683 liberam
1878 1631 2206 1687 voluntatem

646 1732 896 1789 spectans
933 1721 1217 1791 signiﬁcat.
1250 1723 1319 1774 At
1356 1736 1453 1775 nec
1483 1724 1883 1777 consuetudinis
1908 1723 2026 1793 ejus
2062 1727 2208 1780 vocis

647 1828 777 1866 usus
806 1812 1018 1882 ignotus
1046 1823 1148 1867 est.
1184 1813 1431 1867 Diabolos
1456 1824 1604 1866 certe
1634 1813 1819 1869 Graeca
1866 1831 1995 1870 voce
2046 1832 2209 1872 voca-

646 1921 766 1959 mus
792 1905 884 1972 qui
918 1904 1058 1971 apud
1090 1904 1224 1958 alios
1270 1905 1389 1958 aliis
1434 1906 1743 1972 detrahunt,
1773 1919 2132 1979 accusantque
2156 1918 2211 1963 et

647 1994 1062 2050 calumniantur.
1086 1993 1245 2048 'Unde
1275 1996 1437 2049 etiam
1469 1998 1593 2065 quia
1628 1997 1872 2053 diabolus
1906 1998 2071 2054 Deum
2117 2018 2211 2058 ac-

648 2094 799 2139 cusat
831 2084 969 2153 apud
996 2085 1260 2148 homines,
1291 2094 1345 2139 et
1374 2086 1616 2140 homines
1646 2087 1785 2155 apud
1812 2088 2002 2155 Deum,
2040 2092 2209 2161 ipsos-

646 2187 751 2240 que
783 2172 917 2226 alios
948 2173 1085 2239 apud
1116 2171 1247 2225 alios
1277 2173 1542 2237 homines,
1597 2174 1699 2229 hoc
1750 2190 1940 2230 nomen
1989 2181 2210 2234 sortitus

646 2273 745 2317 est.
778 2264 928 2329 Quod
957 2265 1002 2318 si
1038 2263 1197 2317 etiam
1239 2272 1441 2318 satanae
1478 2280 1670 2319 nomen
1706 2266 1771 2321 de
1817 2269 2029 2324 diabolo
2072 2271 2209 2325 dici-

649 2364 775 2417 tur,
814 2355 990 2408 sciant
1019 2355 1121 2408 hoc
1163 2355 1335 2424 ipsum
1365 2371 1558 2410 nomen
1593 2358 1894 2428 signiﬁcare
1945 2363 2084 2429 quod
2130 2373 2212 2418 est

646 2443 827 2497 libera:
849 2443 1152 2498 voluntatis.
1190 2441 1321 2497 Nam
1359 2460 1476 2499 cum
1531 2460 1745 2502 satanas
1787 2465 1887 2503 vox
1940 2450 2211 2508 llcbraica

645 2534 737 2598 sit,
777 2534 907 2588 nihil
940 2535 1084 2590 aliud
1119 2536 1392 2606 signiﬁcat
1422 2553 1581 2608 quam
1627 2542 2006 2609 adversarium,
2056 2544 2098 2597 si
2127 2545 2210 2613 ip-

644 2639 760 2682 sam
791 2626 978 2681 Latine
1002 2628 1388 2697 interpreteris.
1432 2630 1789 2686 Adversarius
1838 2648 1965 2687 vero
1994 2648 2117 2688 cum
2146 2636 2212 2691 de

645 2718 863 2774 homine
928 2719 1160 2785 dicitur,
1213 2722 1352 2775 idem
1404 2732 1487 2776 est
1529 2725 1668 2792 quod
1719 2726 1958 2779 inimicus
2000 2743 2205 2783 nocens.

647 2808 800 2863 Sicut
843 2810 1004 2881 igitur
1040 2812 1290 2867 inimicus
1319 2813 1591 2869 voluntate
1620 2825 1702 2870 est
1733 2816 2004 2885 inimicus,
2048 2819 2126 2873 sic
2156 2828 2212 2875 et

647 2900 1009 2953 adversarius.
1046 2899 1131 2954 Uti
1180 2903 1341 2955 etiam
1396 2903 1589 2956 horum
1652 2908 1944 2960 contraria.
1989 2909 2208 2965 Amicus

646 2992 789 3044 enim
820 2999 875 3045 et
905 2990 1195 3046 benevolus
1224 3002 1280 3047 et
1307 3009 1532 3048 concors
1571 3005 1625 3049 et
1658 2996 1795 3051 idem
1826 3001 2083 3064 sentiens,
2114 3016 2209 3055 no-

2308 535 2408 604 τὴν
2455 533 2769 606 προαίρεσιν
2816 531 3118 600 ὠνόμασεν,
3149 529 3321 597 λέγων
3349 527 3475 598 πρὸς
3518 528 3698 608 πάντας
3719 532 3809 601 ἅμα

2308 627 2434 689 τοὺς
2459 622 2725 694 μαθητὰς,
2754 620 2973 693 συναριθ
2983 620 3098 690 μῶν
3129 621 3222 672 καὶ
3244 618 3336 671 τὸν
3363 618 3552 671 Ἰούδαν
3573 621 3624 671 ὲν
3639 620 3810 684 αὐτοῖς·

2307 716 2451 784 Οὐχὶ
2480 715 2620 781 τοὺς
2666 712 2893 767 δώδεκα
2931 711 3085 781 ὑμᾶς
3134 708 3515 779 ἐξελεξάμην,
3555 710 3642 763 καί
3674 706 3747 776 εἷς
3763 713 3812 775 ἐξ

2309 806 2476 877 ὑμῶν
2516 806 2793 873 διάϐολός
2838 805 3042 866 ἐστιν;
3081 797 3150 874 ’ᾯ
3196 802 3441 872 ἐπιφέρει
3490 802 3810 873 συγγραφεύς·

2317 900 2493 954 Τοῦτο
2510 899 2576 951 δὲ
2599 893 2767 951 εἶπεν
2787 895 2918 965 περὶ
2950 895 3157 959 Ἰούδα,
3180 896 3285 948 τοῦ
3305 894 3621 963 μέλλοντος
3655 893 3810 960 προδι-

2309 992 2699 1046 δόναιαύτόν.
2725 990 2787 1041 Εί
2821 988 2927 1058 γὰρ
2974 986 3063 1040 διὰ
3111 987 3207 1056 τὴν
3249 984 3535 1057 μέλλουσαν
3580 985 3811 1055 προδοσίαν

2309 1080 2549 1144 διάϐολος
2572 1080 2807 1151 εἴρηται,
2838 1078 2898 1130 οὐ
2926 1077 3047 1129 τότε
3070 1074 3313 1139 διάϐολος
3339 1068 3426 1144 ἦν,
3454 1073 3536 1126 ὅτε
3561 1072 3665 1143 ἅμα
3688 1075 3810 1126 πᾶσιν

2298 1172 2534 1242 ἐκλογῆς
2561 1170 2766 1242 ἔτυχεν.
2806 1168 3086 1231 Ἐκλεκτδς
3120 1169 3217 1238 μὲν
3259 1166 3367 1237 γὰρ
3405 1165 3516 1236 ἃμα
3536 1164 3813 1256 πᾶσιν.γέγο-

2309 1282 2417 1328 νεν,
2451 1262 2538 1316 διὰ
2578 1262 2677 1334 τὴν
2717 1261 3020 1334 προσοῦσαν
3046 1260 3193 1330 αὐτῷ
3229 1259 3351 1313 τότε
3379 1258 3599 1329 ἀρετήν·
3624 1257 3813 1319 διάϐολος

2309 1359 2364 1411 δὲ
2388 1358 2507 1411 τότε
2542 1357 2924 1428 ἐχρημάτισεν,
2950 1354 3038 1407 ὅτε
3081 1350 3149 1405 τὰ
3169 1350 3269 1422 τῆς
3302 1349 3577 1422 προδοσίας
3607 1346 3814 1420 είργᾶοαο

2310 1466 2387 1502 το.
2422 1449 2484 1501 Ei
2519 1448 2694 1500 τοίνυν
2721 1445 2815 1498 ἐπὶ
2836 1444 2929 1497 τοῦ
2970 1442 3135 1496 Ἰούδα
3162 1441 3222 1496 τὸ
3250 1440 3523 1506 διάϐολος
3548 1440 3697 1510 ὄνομα
3714 1439 3816 1510 πρά-

2312 1540 2445 1605 ξεως
2488 1537 2875 1612 προαιρετικῆς
2921 1533 3211 1606 δηλωτικόν
3251 1535 3419 1596 ἐστιν,
3453 1531 3612 1594 οὕτως
3653 1530 3815 1583 κᾶνὲπ¹

2309 1631 2470 1684 ἄλλου
2514 1630 2655 1691 τινὸς
2682 1629 2714 1699 ἡ
2745 1626 2893 1697 φωνὴ
2919 1626 3147 1694 λέγοιτο,
3186 1623 3555 1695 προαιρετικὸν
3592 1640 3638 1675 τι
3659 1621 3816 1691 squal-

2309 1742 2407 1777 νει.
2431 1718 2580 1776 Οἶδεν
2606 1721 2662 1773 δὲ
2691 1720 2781 1773 κοιλ⁸
2806 1721 2839 1789 ή
2870 1717 3125 1787 συνήθεια
3155 1718 3253 1787 τὴν
3277 1717 3470 1787 χρῆσιν
3496 1713 3583 1767 τοῦ
3611 1714 3817 1782 ὀνόματος

2310 1815 2517 1867 τούτου.
2548 1811 2833 1873 Διαϐόλους
2855 1809 2983 1879 γοῦν
3006 1808 3274 1878 καλοῦμεν
3291 1809 3418 1869 τοὺς
3445 1803 3817 1876 κατηγοροῦντας

2310 1905 2496 1959 τούσδε
2546 1904 2739 1966 τοῖσδε,
2787 1902 3073 1963 κάκείνους
3122 1899 3347 1963 τούτοις.
3402 1899 3550 1952 Ἐπεὶ
3581 1894 3662 1950 οὖν
3702 1896 3816 1947 καὶὸ

2311 1996 2552 2058 διάϐολος
2574 1996 2704 2048 Θεὸν
2751 1992 3053 2064 ἀνθρώποις
3099 1990 3396 2055 διαϐάλλει,
3429 1990 3522 2044 καὶ
3554 1987 3816 2059 ἀνθρώπους

2310 2086 2447 2157 Θεῷ,
2480 2088 2573 2140 καὶ
2602 2085 2799 2147 αὐτοὺς
2837 2085 2964 2146 τοὺς
3021 2080 3338 2151 ἀνθρώπους
3375 2079 3633 2151 ἀλλήλοις,
3660 2076 3815 2145 ταύτης

2311 2179 2498 2247 ἔτυχεν
2544 2177 2643 2246 τῆς
2696 2176 3005 2244 ὀνομασίας.
3040 2174 3100 2226 Εἰ
3135 2172 3191 2226 δὲ
3220 2174 3313 2225 καὶ
3351 2172 3415 2225 τὸ
3452 2171 3669 2233 σατανᾶς
3689 2168 3816 2237 ὄνομα

2311 2272 2667 2342 κατηγοροῖτο
2708 2267 2871 2321 αὐτοῦ
2904 2264 2998 2319 τοῦ
3040 2264 3307 2329 διαϐόλου,
3344 2263 3591 2326 ἴστωσαν,
3633 2262 3703 2314 ὅτι
3748 2257 3815 2311 καί

2311 2363 2441 2415 αὐτὸ
2461 2363 2614 2414 τοῦτο
2638 2358 3013 2432 προαιρετικοῦ
3034 2357 3176 2419 τινός
3193 2356 3307 2409 ἐστι
3330 2354 3632 2426 δηλωτικόν.
3656 2348 3816 2420 Ἑϐραῖ-

2312 2455 2381 2525 xl;
2404 2454 2507 2525 γὰρ
2532 2449 2664 2507 οὖσα
2685 2455 2716 2522 ὴ
2743 2452 2911 2521 φωνὴ,
2932 2451 3029 2519 οὐχ
3057 2449 3240 2521 ἕτερόν
3267 2464 3318 2500 τι
3342 2446 3586 2517 σημαίνει
3608 2442 3711 2497 καθ’
3733 2440 3816 2493 Ἐλ-

2311 2543 2442 2597 λάδα
2473 2542 2674 2613 φωνὴν,
2719 2540 2752 2611 ἢ
2776 2540 2835 2594 τὸ
2859 2538 3295 2607 ἀντικείμενον·
3325 2534 3386 2588 τὸ
3414 2534 3469 2586 δὲ
3508 2529 3814 2599 ἀντικείμενον

2310 2636 2395 2688 ἐπ’
2444 2634 2730 2704 ἀνθρώπου
2789 2630 3214 2701 λαμϐανόμενον,
3251 2626 3365 2678 ἴσον
3394 2625 3509 2678 ἐστὶ
3535 2624 3606 2692 τῷ
3630 2618 3813 2690 ἐχθρὸς,

2305 2727 2622 2795 βλαϐερός.
2658 2725 2743 2787 Ὠς
2765 2719 2855 2777 οὖν
2876 2726 2904 2777 6
2919 2721 3010 2792 ὲχθ
3020 2721 3109 2792 ρος
3136 2718 3453 2791 προαιρέσει
3478 2716 3587 2769 ἐστὶ
3609 2711 3813 2773 τοιοῦτος,

2310 2820 2481 2881 οὓτως
2513 2818 2607 2870 καὶ
2664 2819 2692 2869 ὁ
2740 2813 3139 2882 ἀντικείμενος·
3195 2809 3386 2880 ὥσπερ
3433 2806 3625 2861 καὶτὰ
3660 2800 3814 2855 τούτων

2310 2910 2560 2961 ἐναντία·
2597 2905 2657 2958 τὸ
2697 2906 2806 2976 γὰρ
2849 2903 3034 2973 φίλος,
3064 2902 3158 2954 καὶ
3204 2899 3426 2963 εὐνοῶν,
3472 2897 3561 2951 καὶ
3609 2889 3813 2962 ὀμονοιῖιν,

2310 2998 2403 3052 καὶ
2426 2994 2761 3067 ὀμοφρονῶν,
2784 2993 3019 3062 ὀνόματα
3047 2988 3416 3062 προαιρέσεών
3442 2990 3552 3040 ἐστι
3581 2978 3814 3055 δηλωτικὰ.

646 3082 792 3136 mina
831 3092 976 3148 sunt,
1001 3084 1140 3152 quod
1173 3094 1254 3139 est
1278 3085 1459 3141 liberae
1488 3087 1779 3145 voluntatis
1829 3091 2205 3161 signiﬁcantia.

2310 3088 2539 3156 Λέγεται
2574 3088 2681 3157 γὰρ
2721 3084 2882 3147 αὐτὸς
2918 3075 3071 3145 οὗτος
3127 3079 3276 3148 φίλος
3315 3079 3414 3131 καὶ
3445 3075 3647 3137 εὐνοῶν,
3676 3071 3816 3137 ὥσπερ

645 3171 853 3226 Dicitur
879 3172 1023 3227 enim
1056 3174 1145 3228 hic
1182 3174 1321 3228 idem
1350 3175 1555 3231 amicus
1599 3187 1654 3231 et
1719 3180 2026 3243 benevolus,
2073 3182 2208 3248 sicut

2303 3180 2566 3243 διάϐολος,
2592 3179 2685 3231 καὶ
2728 3178 2983 3239 σατανᾶς,
3008 3173 3103 3227 καὶ
3140 3171 3393 3241 πονηρός.
3434 3170 3519 3232 Ὠς
3544 3170 3597 3221 έν
3632 3166 3819 3231 Exime-

648 3259 844 3314 dicitur
874 3260 1118 3316 diabolus
1165 3274 1218 3317 et
1251 3272 1466 3320 satanas
1518 3275 1572 3320 et
1618 3268 1809 3322 malus.
1856 3267 2211 3335 Quemadmo-

647 3346 773 3399 dum
804 3345 1050 3403 Salvator
1086 3349 1139 3403 in
1176 3348 1465 3419 Evangelio
1496 3362 1688 3422 praeter
1718 3367 1910 3411 caetera
1942 3359 2043 3414 hoc
2071 3376 2203 3430 quo-

647 3452 752 3505 que
783 3439 1071 3505 discipulos
1129 3441 1181 3495 in
1233 3444 1480 3499 oratione
1523 3447 1716 3504 docet:
1744 3448 1810 3502 Et
1841 3466 1902 3504 ne
1935 3467 2025 3504 uos
2055 3451 2211 3505 indu-

2304 3271 2401 3341 λίῳ
2435 3272 2462 3323 ὁ
2515 3268 2700 3340 Σωτὴρ
2735 3266 2869 3337 πρὸς
2896 3265 3101 3336 ἑτέροις
3143 3261 3418 3316 καὶτοῦτο
3447 3260 3612 3327 λέγειν
3631 3254 3819 3348 διδάσκει

2303 3363 2360 3414 ἐν
2390 3364 2455 3431 τῇ
2486 3359 2617 3428 εὐχῇ
2657 3356 2781 3419 τοὺς
2814 3355 3058 3427 μαθητάς
3077 3370 3088 3386 ο
3120 3354 3229 3407 Καὶ
3248 3353 3336 3423 μὴ
3353 3350 3687 3429 εἰσενέγκῃς
3704 3345 3817 3412 ἡμᾶς

2303 3454 2390 3517 εἱς
2418 3447 2776 3518 πειρασμὸν,
2810 3448 2971 3502 ἀλλὰ
3015 3447 3199 3515 ῥῦσαι
3230 3442 3387 3514 ἡμᾶς
3421 3443 3534 3497 ἀπὸ
3561 3439 3655 3494 τοῦ
3676 3449 3819 3498 πονη-

647 3544 734 3583 cas
751 3531 805 3583 in
844 3532 1200 3606 mirationem,
1224 3535 1314 3587 sed
1346 3534 1507 3591 libera
1538 3553 1630 3591 nos
1655 3557 1686 3593 a
1709 3541 1844 3594 malo
1861 3541 1927 3596 ⁸³.
1980 3540 2113 3597 Nam
2158 3553 2208 3598 et

2303 3543 2430 3612 ροῡ.
2466 3543 2575 3595 Καὶ
2598 3542 2704 3613 γὰρ
2738 3542 2830 3595 καὶ
2872 3541 2931 3593 τὸ
2962 3539 3056 3592 τοῦ
3100 3536 3336 3608 πονηροῦ
3391 3538 3557 3607 ὄνομα
3614 3523 3813 3602 προαιρέ·

647 3619 772 3674 mali
802 3636 997 3678 nomen
1027 3622 1250 3677 liberam
1274 3624 1491 3682 denotat
1517 3628 1862 3687 voluntatem.

2306 3633 2442 3697 σεώς
2466 3636 2581 3686 ἐστι
2608 3631 2919 3702 δηλωτικόν.

862 3736 989 3792 Car.
1030 3738 1141 3794 Xll.
1186 3738 1317 3794 Mali
1346 3755 1550 3807 nomen,
1576 3754 1632 3796 ut
1663 3743 1860 3797 diaboli
1900 3755 1948 3799 et
1980 3743 2213 3877 δηιαηιῖ,
2245 3749 2548 3807 voluntatis.
2584 3748 2835 3804 Diabolus
2872 3756 3073 3803 creatus
3113 3745 3263 3809 liber,
3306 3753 3364 3799 ut
3407 3751 3532 3800 esset
3558 3745 3714 3810 sponte

2186 3834 2336 3874 onus.

2186 3834 2336 3874 onus.

718 3896 772 3952 Si
802 3898 983 3969 igitur,
1014 3899 1208 3968 quibus
1259 3902 1509 3957 omnibus
1563 3904 1871 3962 nominibus
1917 3905 2208 3978 insignitur

2379 3912 2441 3964 El
2483 3911 2661 3965 τοίνυν
2707 3910 2795 3964 διὰ
2824 3908 3058 3973 πάντων,
3093 3902 3168 3962 ὧν
3209 3907 3485 3978 σημαίνει,
3522 3905 3549 3957 6
3572 3899 3813 3974 ἀρχέκακος

646 3988 774 4042 mali
811 3998 1000 4044 auctor
1027 3989 1341 4062 primusque
1367 3992 1584 4048 virtutis
1625 3994 1888 4062 desertor,
1918 3997 2207 4054 voluntatis

2308 4003 2402 4055 καὶ
2429 4002 2641 4073 πρῶτος
2667 4002 2977 4073 ἀποστάτης
2992 4000 3090 4070 τῆς
3117 4000 3317 4072 ἀρετῆς
3345 3993 3711 4071 προαιρετικῶς
3730 3987 3813 4039 ἔστι

646 4080 866 4136 arbitrio
910 4080 1030 4138 talis
1078 4094 1195 4152 est;
1238 4098 1333 4153 per
1377 4085 1665 4140 essentiam
1716 4085 1889 4141 malus
1938 4102 2057 4142 esse
2100 4102 2205 4142 nou

2306 4093 2566 4157 τοιοῦτος,
2621 4095 2681 4146 οὺ
2705 4092 2924 4146 δύναται
2966 4093 3082 4144 κατ’
3116 4092 3304 4145 οὐσίαν
3327 4085 3467 4144 εῖναι
3514 4084 3690 4147 κακός’
3717 4073 3812 4131 ila:

646 4181 842 4243 potest.
874 4171 1026 4240 Quod
1064 4177 1108 4229 si
1142 4176 1396 4240 dixerint,
1424 4177 1556 4231 Cum
1587 4185 1730 4231 esset
1757 4177 2055 4232 substantia
2093 4195 2208 4233 ma-

2307 4184 2512 4252 λέγοιεν
2538 4184 2714 4248 τοῦτο,
2767 4185 2847 4237 ὅτι
2877 4186 2942 4254 τῇ
2969 4182 3122 4252 οὐσία
3150 4182 3315 4246 κακὸς
3371 4181 3439 4235 ἂν
3464 4180 3637 4248 ἔτυχεν
3666 4169 3739 4225 καὶ
3762 4164 3810 4216 τά

646 4264 731 4319 lus
763 4274 924 4334 atque
952 4278 1164 4333 natura,
1192 4268 1487 4322 accessisse
1537 4278 1592 4322 et
1620 4283 1739 4338 qua:
1768 4279 1921 4323 erant
1964 4269 2208 4324 volunta-

2312 4276 2688 4347 προαιρετικὰ,
2733 4275 2799 4327 δι’
2840 4274 2876 4328 ἃ
2905 4274 3072 4337 οὕτως
3100 4273 3450 4344 ὠνόμασται·
3504 4272 3724 4324 ῐστωσαν.
3753 4260 3809 4311 δτι

649 4354 742 4421 tis,
786 4356 855 4409 ob
900 4371 1018 4425 quae
1073 4359 1152 4411 sic
1211 4357 1518 4414 nominatus
1569 4369 1691 4415 est:
1733 4361 1905 4414 sciant
1938 4361 2023 4416 isti
2049 4363 2102 4416 in
2140 4362 2206 4418 iis

2311 4370 2368 4421 ἐν
2412 4371 2522 4432 τοῖς
2559 4367 2867 4421 οὐσιὼδεσιν
2911 4367 2971 4419 οὐ
3021 4364 3502 4437 παραλαμϐάνεται
3540 4356 3808 4431 προαίρεσις·

647 4456 767 4512 quae
787 4441 856 4497 ad
879 4445 1168 4500 essentiam
1208 4455 1452 4515 spectant
1480 4462 1545 4502 ac
1568 4448 1885 4503 substantia:
1926 4460 2072 4515 sunt,
2099 4466 2206 4506 non

2314 4456 2499 4520 Οὐδεὶς
2534 4457 2641 4528 γὰρ
2683 4458 2828 4526 λέγει
2864 4456 3256 4528 προαιρετικιῖλς
3286 4454 3425 4520 ζῶον
3456 4450 3604 4511 εἶναι,
3630 4444 3808 4518 ἢλίθον·

646 4534 847 4588 assmni
878 4549 941 4589 ea
966 4550 1083 4604 qua:
1105 4546 1233 4591 sunt
1257 4536 1437 4593 libera:
1462 4539 1770 4593 voluntatis.
1820 4538 2005 4595 Nullus
2062 4543 2208 4596 enim

2303 4547 2476 4602 ταῦτα
2500 4548 2608 4620 γὰρ
2667 4549 2920 4620 οὐσιώδη.
2955 4549 3113 4602 Ὅθεν
3136 4548 3255 4601 οὐδὲ
3282 4542 3650 4618 προαιρετικύν
3677 4551 3744 4590 τι⁹
3769 4532 3810 4620 ἒν

645 4626 794 4691 dicit,
830 4626 997 4681 libera
1018 4627 1288 4684 voluntate
1318 4628 1516 4683 animal
1537 4642 1659 4686 esse
1687 4639 1783 4685 aut
1810 4630 2058 4701 lapidem.
2086 4631 2208 4688 Haec

2303 4638 2530 4703 ἐκείνοις
2561 4619 2668 4711 γὰρ
2701 4640 2769 4693 τὰ
2814 4619 3200 4711 προαιρετικὰ,
3252 4640 3312 4691 ὲν
3358 4633 3441 4701 οἷς
3469 4636 3558 4689 καὶ
3600 4634 3629 4702 ἠ
3669 4619 3807 4697 πρωί·

643 4714 785 4769 enim
820 4717 1191 4772 substantialia
1223 4728 1386 4776 sunt:
1418 4720 1653 4789 hincque
1682 4730 1783 4786 est,
1840 4731 1898 4775 ut
1942 4721 2075 4775 nihil
2122 4725 2208 4780 hic

2304 4746 2473 4800 ρεσις.

643 4805 825 4863 liberae
857 4809 1264 4867 sitvoluntatis.
1320 4810 1377 4865 ln
1432 4812 1517 4867 bis
1560 4814 1704 4868 enim
1748 4822 1873 4868 sunt
1922 4828 2043 4882 qua:
2087 4816 2154 4870 ad
2210 4816 2430 4875 liberam
2498 4832 2822 4877 voiuutatcm
2892 4831 3158 4892 spectant,
3205 4823 3257 4876 in
3310 4825 3503 4891 quibus
3547 4816 3691 4872 libera
3726 4810 3805 4873 ῖμω

642 4898 888 4954 voluntas
914 4911 1017 4956 est.

715 4990 823 5044 Sed
854 4991 1081 5047 fortasse
1102 4993 1313 5057 dicent,
1348 4993 1413 5049 Ut
1443 4995 1570 5066 quid
1620 5010 1749 5051 vero
1790 5012 1911 5052 eum
1943 5015 2033 5070 qui
2106 5008 2204 5058 da-

646 5096 865 5136 mnosus
896 5081 1105 5139 iuturus
1133 5093 1319 5139 eratet
1336 5087 1502 5154 pestis
1522 5100 1584 5139 ac
1602 5085 1767 5154 labes,
1787 5091 1955 5145 bonus
1984 5092 2124 5147 Deus
2150 5093 2203 5147 in

643 5186 825 5226 rerum
859 5183 1105 5226 naturam
1144 5175 1437 5243 produxit?
1466 5177 1629 5246 Atqui
1668 5183 1841 5234 sciant
1869 5181 1957 5250 qui
1993 5183 2093 5238 hoc
2124 5184 2205 5238 di-

644 5272 809 5325 cunt,
846 5278 951 5318 non
991 5264 1159 5319 solum
1196 5267 1351 5323 nobis
1382 5269 1693 5338 adversari,
1744 5273 1837 5326 sed
1872 5280 1925 5327 et
1956 5275 2206 5331 omnibus

576 5398 584 5405 .
645 5354 737 5424 qui
780 5355 1167 5424 providentiam
1213 5367 1435 5427 ponunt.
1488 5358 1638 5415 Multi
1681 5362 1823 5416 enim
1873 5364 2035 5419 etiam
2081 5366 2203 5430 alii,

645 5460 767 5501 cum
793 5446 1181 5516 providentiam
1206 5461 1438 5519 ponant,
1472 5452 1763 5508 animantia
1785 5454 1965 5510 omnia
1998 5456 2207 5511 ratione

646 5538 849 5591 utentia
876 5551 942 5592 ex
968 5538 1076 5594 Deo
1102 5554 1222 5597 esse
1252 5540 1470 5610 dicunt,
1505 5544 1556 5597 In
1587 5544 1780 5615 quibus
1809 5546 1969 5600 etiam
2006 5547 2206 5601 malitia

713 5716 759 5750 "-
791 5715 946 5774 Joan.
995 5733 1070 5785 vn,
1121 5718 1206 5774 7|.

2391 5002 2528 5055 Ἀλλ’
2542 5001 2666 5065 ἴσως
2684 5000 2917 5072 ἐροῦσιν·
2932 5002 3028 5055 Διὰ
3044 5003 3093 5054 τί
3115 5003 3205 5055 τὸν
3219 5002 3359 5056 οὕτω
3379 5001 3625 5073 μέλλοντα
3637 4986 3805 5046 ἔσεσθαι

2311 5094 2587 5165 βλαϐερὸν,
2622 5093 2655 5165 ἦ
2690 5092 2963 5164 λυμεῶνα,
3005 5096 3085 5157 είς
3112 5095 3173 5148 τὸ
3200 5088 3335 5147 εἶναι
3381 5094 3578 5164 ἤγαγεν
3608 5088 3633 5140 6
3656 5075 3804 5151 ἀγιθδς

2309 5185 2471 5249 Θεός;
2509 5185 2769 5238 Ἴστωσαν
2793 5184 2847 5237 δὲ
2885 5185 3043 5238 τοῦτο
3077 5185 3345 5254 λέγοντες,
3369 5186 3450 5239 ὅτι
3488 5184 3578 5251 οὐχ
3605 5179 3715 5249 ἡμῖν
3735 5185 3802 5240 μεθ’

2302 5292 2435 5338 νοις,
2469 5273 2600 5327 ἀλλὰ
2629 5274 2723 5327 καὶ
2761 5277 2923 5328 πᾶσιν
2952 5277 3063 5338 τοῖς
3088 5274 3388 5346 τιθεμένοις
3429 5272 3661 5344 πρόνοιαν
3695 5265 3802 5316 ἀντι·

2305 5365 2612 5423 πίπτουσιν.
2645 5365 2835 5419 Πολλοὶ
2865 5366 2974 5438 γὰρ
3003 5366 3095 5419 καὶ
3124 5367 3271 5422 ἄλλοι
3300 5366 3563 5437 τιθέμενοι
3586 5358 3801 5451 πρόνοιαξο

2305 5456 2368 5507 ὲκ
2399 5452 2533 5506 Θεοῦ
2565 5455 2813 5523 λέγουσιν
2840 5454 2979 5510 εἶναι
3005 5458 3183 5513 πάντα
3211 5459 3279 5512 τὰ
3306 5457 3494 5526 λογικᾶ
3533 5452 3654 5516 ζῶα,
3675 5449 3720 5499 ὲν
3744 5449 3801 5500 οἷς

2308 5544 2499 5613 φύεται
2526 5547 2670 5618 καὶὴ
2704 5547 2889 5603 κακία.
2916 5549 2979 5602 El
3012 5545 3105 5604 οὖν
3132 5551 3258 5621 περὶ¹
3291 5550 3384 5604 τοῦ
3419 5546 3644 5602 διαϐόλου
3674 5533 3799 5590 ταῦτα

1285 5721 1328 5753 ⁸³
1370 5721 1498 5776 ibid.
1528 5721 1621 5774 72.
1697 5722 1742 5754 ⁸³
1782 5722 1965 5780 Matth.
2001 5741 2073 5793 vt,
2117 5726 2212 5791 l5;
2245 5723 2370 5781 an.
2410 5744 2482 5793 χι,
2515 5729 2568 5784 4.
