4042 6404
257 390 396 448 ιιοι

1490 389 1764 444 CONTRA
1803 387 2248 445 MANICIl/EOS.

3355 395 3492 450 H02

249 504 524 574 λέγουσιν,
554 501 649 557 καὶ
676 500 804 571 περῒ
846 499 1062 553 πάντων
1087 499 1195 553 τῶν
1236 500 1467 569 λογικῶν
1496 502 1818 571 ἀναγκάζον·

1931 520 1993 558 ac
2029 504 2218 557 vitium
2250 501 2440 557 oritur.
2477 501 2530 555 Si
2565 503 2727 573 igitur
2762 504 2873 558 lucc
2901 503 2970 559 de
3013 504 3226 559 diabolo
3267 506 3488 571 dicunt,

249 613 343 649 ται
372 597 546 648 εἰπεῖν
587 591 764 647 τοῦτο.
793 593 983 658 Ὅμως
1024 591 1082 644 δέ
1125 594 1285 662 ήμείς
1317 592 1416 644 ούκ
1459 594 1697 656 ἐκείνους
1742 613 1828 664 μι-

255 686 539 756 μούμενοι,
571 684 776 754 φαμέν·
809 685 882 737 υύ
915 683 1111 746 κακίας
1135 683 1307 746 αἴτιος
1335 683 1364 733 ὁ
1394 686 1624 754 ποιήσας
1647 686 1708 738 τὸ
1735 687 1827 738 δυ-

249 777 486 846 νάμενον
520 775 577 842 ἐξ
611 775 744 838 ίδίας
775 776 946 845 ῥοπῆς
991 777 1072 838 εις
1103 775 1300 828 κακίαν
1348 775 1542 829 ἐλθεῖν.
1597 777 1828 844 Λογικὸν

249 868 364 938 γὰρ
411 866 812 920 κατεσκεύασεν
844 867 999 932 ζῶον,
1035 867 1063 919 ὃ
1111 867 1358 921 ἐϐούλετο
1399 863 1538 921 εἴναι
1585 869 1690 921 ἀπὸ
1727 871 1825 940 τῆς

251 959 448 1010 ἐαυτοῦ
477 957 844 1028 προαιρέσεως
876 957 1097 1025 ἀγαθὸν,
1130 956 1250 1026 ἔχον
1273 959 1352 1020 εἰς
1377 959 1612 1028 ἑκάτερα
1643 959 1826 1028 ῥέπειν

248 1048 314 1100 τὸ
376 1046 737 1111 αὐτεξούσιον.
804 1048 1031 1115 Ἀγαθὸν
1089 1048 1195 1118 γὰρ
1241 1049 1402 1100 αὑτὸν
1449 1049 1696 1100 ἐϐούλετο
1747 1045 1826 1101 εἶ-

247 1155 362 1201 ναι,
397 1138 513 1208 (51)
541 1140 806 1200 ἐγουσίως
832 1139 1152 1210 αἱρούμενον
1181 1141 1242 1192 τὸ
1276 1139 1492 1207 ἀγαθόν.
1512 1141 1693 1204 Οὐδεὶς
1718 1141 1824 1211 γὰρ

248 1231 492 1299 γενητῶν
543 1229 688 1282 ἄκων
733 1230 934 1297 ἀγαθὸς
976 1227 1112 1283 εἶναι
1171 1231 1413 1284 δύναταιο
1456 1231 1590 1284 ἀλλὰ
1625 1233 1824 1296 πάντες

245 1324 300 1374 οἱ
335 1322 486 1386 ὄντες
515 1321 706 1390 ἀγαθοὶ
747 1323 1004 1386 ἑκουσίως
1038 1325 1173 1376 εἰσὶν
1193 1324 1439 1378 τοιοῦτοι.
1474 1325 1619 1377 Ἔδει
1647 1326 1823 1377 τοίνυν

246 1415 342 1466 τὸν
374 1414 688 1485 προαιρέσει
713 1416 779 1484 τῇ
823 1415 1015 1468 ἐαυτοῦ
1062 1415 1263 1482 ἀγαθὸν
1294 1417 1567 1486 ἐσόμενον,
1597 1417 1822 1487 δύναμιν

247 1508 395 1577 ἔχειν
426 1507 522 1578 τὴν
549 1507 716 1577 αὐτὴν
745 1510 810 1577 τῇ
841 1506 1234 1578 ἐπιτηδειότητι
1268 1508 1404 1579 πρὸς
1438 1507 1696 1577 ἀνάληψιν
1729 1508 1820 1560 τοῦ

245 1599 480 1669 ἀγαθοῦ.
530 1599 727 1653 Εἵπετο
771 1600 826 1652 δὲ
891 1600 952 1652 τὸ
1000 1600 1247 1653 δεκτικὸν
1305 1600 1398 1654 τοῦ
1467 1601 1671 1668 ἀγαθοῦ
1727 1603 1821 1654 καὶ

248 1689 428 1742 κανκοῢ
493 1689 739 1744 δεκτικὸν
787 1686 956 1742 εἶναι’
1007 1689 1148 1742 οὕτω
1218 1691 1704 1760 κατεσκευασμένῳ
1743 1688 1821 1759 τῷ

247 1781 489 1852 λογικῷ,
555 1783 692 1851 πρὸς
744 1781 942 1854 ἀρετήν
1000 1781 1094 1835 καὶ
1162 1781 1360 1835 κακίαν
1410 1782 1816 1853 δύναμινέχειν,

1930 611 2152 650 necesse
2195 604 2305 657 est,
2343 603 2398 646 ut
2430 604 2486 648 et
2517 595 2581 648 de
2613 595 2862 649 omnilms
2889 595 3071 649 dicant
3111 599 3318 651 ratione
3355 614 3495 665 pra:-

1929 687 2055 740 ditis
2091 696 2252 754 atque
2293 685 2504 739 animis.
2542 683 2651 738 Nos
2678 686 2951 740 enimvero
2980 686 3070 755 qui
3123 687 3240 740 illos
3273 687 3494 741 minime

1927 793 2235 848 sequamur,
2290 777 2555 839 dicimus,
2607 791 2709 830 non
2750 791 2869 830 esse
2911 777 3036 830 mali
3080 789 3352 832 auctorem
3403 780 3494 846 qui

1929 886 2050 925 eum
2083 869 2334 938 produxit
2369 883 2431 922 ac
2461 869 2586 922 fecit
2608 909 2623 932 ,
2658 867 2749 937 qui
2781 883 2876 921 sua
2914 869 3026 935 ipse
3054 868 3275 936 proclivi
3308 869 3496 922 volun-

1927 971 2036 1014 tate
2062 971 2303 1029 nutuque
2321 961 2372 1012 in
2393 959 2586 1012 malum
2605 974 2825 1028 vergere
2840 967 3042 1029 potest,
3057 961 3214 1028 eique
3234 961 3498 1014 obnoxius

1926 1068 2066 1106 esse.
2096 1049 2229 1104 Dum
2254 1053 2396 1105 enim
2427 1051 2622 1104 animal
2652 1052 2889 1106 condidit
2939 1053 3164 1106 rationis
3194 1053 3493 1122 particeps,

1927 1143 2096 1196 voluit
2125 1159 2220 1196 sua
2257 1143 2426 1212 ipsqu
2463 1143 2736 1197 voluntate
2763 1158 2826 1196 ac
2855 1143 3079 1197 arbitrio
3113 1146 3307 1198 bonum
3343 1146 3494 1210 fore,

1925 1249 1986 1288 ea
2011 1235 2260 1288 facultate
2291 1235 2593 1301 pratditum,
2617 1250 2720 1303 qua
2749 1235 2932 1289 liceret
2954 1236 3017 1290 ad
3052 1236 3360 1290 utrumlibet
3383 1251 3498 1290 ver-

1925 1339 2071 1394 gere.
2124 1322 2346 1378 Voiebat
2382 1325 2522 1378 enim
2569 1325 2742 1393 ipsum
2786 1325 2983 1378 bonum
3042 1341 3200 1392 esse,
3250 1327 3495 1395 eligendo

1925 1426 2116 1484 sponte
2139 1417 2278 1484 quod
2327 1417 2522 1470 bonum
2561 1425 2663 1468 cst.
2712 1415 2900 1471 Nullus
2951 1417 3092 1470 enim
3147 1419 3198 1470 in
3261 1417 3325 1470 iis
3376 1432 3496 1486 qua:

1923 1507 2135 1561 condita
2165 1516 2321 1570 sunt,
2357 1507 2556 1560 invitus
2599 1507 2771 1560 bonus
2804 1521 2927 1561 esse
2968 1517 3187 1575 potest;
3239 1507 3331 1560 sed
3370 1521 3492 1559 om-

1922 1615 2018 1654 nes
2047 1599 2134 1668 qui
2168 1599 2289 1651 boni
2319 1607 2478 1660 sunt,
2515 1606 2705 1666 sponte
2748 1597 2883 1652 tales
2931 1588 3077 1651 sunt.
3128 1597 3305 1663 Quare
3332 1613 3496 1665 opor-

1923 1691 2097 1754 tebat,
2127 1701 2183 1743 ut
2207 1690 2296 1759 qui
2326 1690 2597 1743 voluntate
2625 1703 2720 1743 sua
2754 1688 2966 1742 i'uturus
2994 1699 3136 1743 esset
3166 1688 3338 1742 b0ttus
3359 1728 3373 1751 ,
3408 1704 3495 1756 po-

1923 1792 2166 1836 testatem
2191 1781 2434 1844 haberet,
2466 1795 2569 1850 qua
2601 1780 2822 1834 idoneus
2852 1788 2907 1832 et
2935 1789 3088 1848 aptus
3129 1788 3271 1832 esset
3307 1779 3373 1832 ad
3408 1779 3498 1832 bo-

245 1873 440 1944 ἐντολὴ
492 1874 698 1927 δέδοται
747 1875 896 1937 ὅπως
955 1873 1052 1944 τὴν
1101 1874 1199 1944 μὲν
1256 1873 1454 1944 ἀρετὴν
1511 1875 1629 1926 κατ’
1679 1874 1818 1944 ἐνέρ‹

1933 1890 2057 1926 ιιιιιιι
2091 1875 2474 1940 capesscndmn
2515 1887 2576 1924 ac
2607 1872 2746 1939 quod
2776 1871 3059 1923 honestum
3094 1877 3252 1923 esset.
3286 1867 3498 1936 Seque-

245 1982 429 2033 γειαν,
456 1965 550 2034 τὴν
578 1965 635 2018 δὲ
672 1966 870 2018 κακίαν
904 1965 1024 2018 κατ’
1063 1965 1472 2036 ἐπιτηδειότητα
1499 1966 1666 2036 μόνην
1687 1966 1817 2036 ἔχει.

257 2057 320 2108 ὐ
341 2057 452 2127 γὰρ
481 2055 575 2108 τοῦ
620 2055 1118 2128 δημιουργήσαντος
1166 2059 1327 2126 νόμος
1377 2057 1692 2127 προτρέπει,
1729 2057 1822 2110 καὶ

244 2145 481 2214 ἀλείφει,
529 2145 622 2196 καὶ
658 2148 904 2216 συνεργεῖ
945 2146 1080 2216 πρὸς
1108 2145 1334 2216 ἀρετὴν,
1365 2147 1685 2216 ἀποτρέπων
1725 2146 1823 2216 τὴν

249 2237 418 2306 φύσιν
445 2238 541 2307 τῆς
569 2239 781 2298 κακίας.
816 2235 931 2289 Κᾶν
952 2235 1130 2291 τοίνυν
1165 2237 1442 2308 ἐνυπάρχῃ
1469 2236 1692 2307 δύναμις
1720 2254 1823 2290 κα-

247 2330 379 2392 κίας
405 2330 464 2381 ἐν
485 2329 563 2398 τῷ
589 2327 811 2399 λογικῷ,
845 2329 904 2380 ού
932 2328 1017 2381 διὰ
1050 2328 1146 2399 τὴν
1167 2329 1390 2399 δύναμιν
1412 2329 1612 2398 φαῦλον
1648 2329 1820 2382 τοῦτο.

257 2419 611 2492 Ἀμφοτέρων
640 2420 767 2489 γὰρ,
796 2420 997 2488 ἀρετῆς
1037 2420 1129 2471 καὶ
1157 2420 1350 2481 κακίας
1377 2419 1537 2486 λέγω,
1581 2421 1636 2471 αἱ
1666 2419 1822 2472 διινά-

248 2529 373 2582 μεις
419 2512 513 2563 καὶ
545 2510 910 2581 προαιρέσεις.
962 2509 1274 2580 Λὶρούμεθα
1305 2510 1410 2581 γὰρ
1438 2512 1638 2581 ἀρετῆς
1681 2510 1825 2580 ἔχειν

243 2604 501 2671 δύναμιν,
534 2603 620 2655 ἵνα
648 2601 740 2654 καὶ
767 2601 1055 2654 ἀναλαϐεῖν
1077 2603 1193 2654 κατ’
1218 2603 1495 2674 ἐνέργειαν
1519 2601 1821 2672 δυνώμεθα·

245 2692 556 2762 αἱρούμεθα
583 2692 674 2744 καὶ
703 2691 898 2755 κακίας
928 2692 1071 2762 ἐχειν
1091 2691 1335 2761 δύναμιν.
1363 2693 1491 2745 Τότε
1519 2685 1624 2764 γὰρ
1658 2693 1824 2762 αὐτὴν

245 2775 468 2854 ἔχομεν,
503 2783 628 2835 ὅταν
649 2784 706 2835 ἐν
768 2783 1012 2854 ἐνεργείᾳ
1057 2784 1153 2853 τὴν
1209 2783 1406 2855 ἀρετὴν
1446 2784 1677 2854 ἔχωμεν.
1714 2784 1824 2836 Καὶ

243 2876 346 2945 οὐχ
375 2875 536 2945 ἡμῶν
562 2874 736 2945 μόνων
768 2875 942 2946 ήδὸξα
959 2875 1118 2948 αὕτη,
1143 2877 1274 2930 ἀλλὰ
1301 2879 1391 2930 καὶ
1417 2879 1630 2931 πάντων
1651 2876 1824 2946 ὀρθῶς

243 2983 311 3018 πε
320 2967 377 3036 pi.
403 2965 512 3019 τῶν
540 2965 770 3033 λογικῶν
793 2965 945 3030 ζώων
972 2966 1466 3038 φιλοσοφησάντων.

1930 1965 2088 2016 batur
2115 1973 2290 2018 autem
2314 2003 2329 2027 ,
2361 1973 2417 2016 ut
2437 1963 2575 2030 quod
2611 1961 2808 2017 bonum
2844 1974 3035 2029 capere
3064 1969 3276 2028 posset,
3313 1967 3498 2029 posset

1924 2065 1977 2108 et
2004 2055 2234 2122 malum,
2277 2057 2354 2110 sic
2399 2055 2657 2109 fabricata
2694 2054 2937 2108 rationali
2969 2052 3264 2106 substantia
3290 2090 3305 2115 ,
3335 2059 3391 2103 ιιι
3426 2049 3496 2102 ad

1923 2147 2173 2198 virtutem
2219 2147 2514 2214 vitiumque
2557 2144 2864 2198 facultatem
2912 2145 3170 2210 haberet,
3212 2143 3396 2196 datum
3441 2143 3493 2194 ei

1929 2238 2242 2291 mandatum
2271 2246 2382 2303 est,
2411 2248 2470 2290 ut
2494 2238 2740 2290 virtutem
2773 2236 2824 2290 in
2858 2245 3014 2300 actu,
3040 2235 3229 2290 vitium
3260 2249 3385 2289 \ero
3413 2248 3498 2288 so-

1925 2330 2034 2382 lum
2076 2330 2373 2399 aptitudine
2413 2330 2654 2382 haberet.
2685 2329 2962 2384 Creatoris
2993 2342 3224 2397 namque
3256 2327 3336 2379 lex
3369 2329 3496 2380 bor-

1928 2431 2094 2486 tatur,
2130 2420 2367 2488 facitque
2401 2422 2608 2474 animos
2649 2431 2809 2490 atque
2856 2420 3073 2487 adjuvat
3101 2423 3169 2472 ad
3202 2419 3492 2482 virtutem,

1925 2528 2158 2567 avocans
2190 2523 2440 2565 naturam
2473 2529 2500 2566 a
2534 2512 2680 2566 vitio.
2712 2512 2968 2578 Quamvis
3013 2511 3178 2580 igitur
3218 2510 3346 2563 insit
3377 2509 3490 2561 vitii

1926 2601 2154 2656 facultas
2193 2603 2242 2654 in
2280 2611 2465 2654 utente
2500 2601 2707 2654 ratione
2738 2616 2752 2664 ;
2788 2615 2890 2652 non
2923 2611 3141 2668 prepter
3173 2599 3485 2653 facultatem

1927 2695 2095 2748 t-nalus
2124 2703 2205 2748 est
2235 2695 2324 2761 qui
2355 2710 2415 2746 ca
2443 2694 2698 2762 praeditus
2724 2701 2806 2746 est
2833 2710 2847 2745 :
2880 2693 2944 2744 ad
2975 2691 3288 2745 utrumlibet
3341 2707 3493 2743 uant-
3554 2687 3555 2694 “

1927 2801 2052 2854 que,
2072 2786 2322 2839 virtutem
2352 2787 2560 2841 scilicet
2587 2793 2747 2852 atque
2774 2783 2982 2844 vitium,
3011 2797 3068 2835 se
3098 2783 3295 2836 habent
3322 2780 3490 2835 facul-

1929 2888 2064 2931 tates
2092 2887 2252 2946 atque
2289 2879 2467 2933 libera:
2505 2877 2823 2932 voluntates.
2868 2873 3061 2928 Libere
3100 2873 3242 2925 enim
3291 2873 3491 2926 habere

1938 2969 2148 3022 virtutis
2179 2967 2483 3023 facilitatem
2536 2969 2905 3031 volumus,ut
2960 2976 3014 3019 et
3079 2967 3128 3018 in
3193 2973 3315 3020 actu
3378 2964 3492 3032 ejus

244 3073 531 3131 cottipotes
570 3059 704 3113 eilici
744 3060 1058 3113 valeamus:
1088 3063 1200 3114 vitii
1245 3076 1456 3129 quoque
1501 3061 1802 3115 facultatem
1866 3060 2064 3115 habere
2116 3061 2284 3116 libere
2335 3062 2602 3115 volumus.
2653 3060 2802 3116 Tunc
2846 3063 2988 3117 enim
3036 3077 3155 3116 eam
3197 3061 3490 3124 habemus,

244 3172 368 3208 cum
400 3155 656 3207 virtutem
687 3153 737 3206 in
769 3161 889 3206 actu
923 3153 1197 3223 ipsamque
1261 3156 1552 3210 exercitam
1623 3156 1996 3209 habuerimus.
2031 3153 2215 3223 Neque
2276 3155 2388 3208 lucc
2457 3165 2634 3208 nostra
2672 3155 2932 3208 duntaxat
2958 3153 3139 3223 opinio
3168 3162 3285 3220 est,
3315 3154 3407 3207 sed
3440 3167 3495 3206 et

245 3250 487 3302 oniuium
522 3247 612 3315 qui
646 3245 712 3299 de
747 3245 939 3300 animis
1000 3257 1159 3316 atque
1217 3248 1695 3315 rationeprteditis
1729 3257 1872 3302 recte
1915 3256 2039 3302 sunt
2066 3246 2449 3316 pltil050pltati.
3230 3262 3237 3269 ·

248 3365 374 3417 Ωιι).
419 3359 555 3413 XIII.
601 3357 735 3410 Deus
781 3373 882 3410 non
916 3369 989 3412 est
1025 3370 1211 3414 auctor
1247 3361 1464 3429 peccati.
1518 3359 1708 3440 Omnes
1747 3361 1908 3441 animi
1961 3361 2079 3414 boni
2129 3362 2289 3441 creati
2333 3370 2380 3413 et
2420 3360 2488 3412 ad
2533 3361 2743 3414 bonum.
2790 3362 2930 3414 Arus
2979 3378 3173 3414 aousus
3214 3370 3262 3414 et
3297 3378 3487 3430 .egum,

1523 3432 1650 3497 ipsis
1686 3432 1857 3483 invitis
1895 3447 1943 3484 et
1980 3432 2226 3484 innoxiis.

326 3525 436 3576 Κᾶν
468 3523 652 3576 τοίνυν
698 3524 794 3595 τὴν
834 3523 1020 3576 οὐσίαν
1062 3521 1157 3592 τὴν
1204 3521 1541 3592 καλουμένην
1573 3522 1814 3576 διάϐολον

1989 3523 2142 3578 Licet
2174 3523 2335 3594 igitur
2365 3523 2505 3578 Deus
2550 3523 2907 3577 substantiam
2952 3524 3188 3578 condidit
3221 3539 3340 3593 quae
3373 3524 3489 3579 dia-

254 3617 282 3667 ὁ
311 3615 437 3678 Θεὸς
469 3614 743 3679 ἐποίησεν,
793 3615 912 3683 ούχὶ
955 3614 1198 3666 διάϐολον
1242 3613 1410 3684 αὐτὴν
1466 3613 1816 3684 ἐδημιούργη-

250 3725 358 3770 σεν,
401 3707 540 3760 ἀλλὰ
567 3707 819 3778 δεκτικὴν
850 3706 1069 3777 ἀρετῆς,
1105 3706 1188 3757 ἵνα
1212 3705 1412 3776 ταύτην
1441 3706 1538 3778 ἔχῃ
1561 3723 1572 3735 ·
1609 3705 1702 3758 καὶ
1728 3705 1814 3757 δε-

246 3799 442 3869 κτικὴν
465 3800 682 3861 κακίας,
713 3797 800 3850 ’ίνα
821 3797 1023 3867 ταύτης
1046 3797 1334 3866 ἀπέχηται.
1354 3798 1504 3848 Ἐπεὶ
1525 3797 1632 3869 γὰρ
1658 3799 1816 3852 ὰσυν-

242 3892 530 3962 ἁρπακτος
557 3891 667 3962 (5'2)
699 3892 730 3961 ἡ
759 3889 924 3961 ἀρετὴ
953 3891 1017 3959 τῇ
1049 3889 1231 3960 κακίᾳ,
1267 3889 1390 3959 φίλη
1429 3890 1486 3943 δὲ
1531 3889 1607 3960 τῷ
1637 3889 1755 3959 Θεῷ
1780 3891 1812 3960 ἡ

241 3985 438 4055 ἀρετὴ,
471 3984 793 4054 ἀμιροτέρων
838 3981 936 4044 τὰς
981 3981 1237 4050 δυνάμεις
1274 3982 1436 4045 ἐνιεὶς
1481 3980 1559 4052 τῷ
1608 3981 1810 4052 λογικῷ

239 4078 330 4130 διὰ
363 4075 526 4128 τοῦτο
576 4075 768 4145 ἐνῆκεν
813 4075 1002 4139 αὑτὰς,
1036 4075 1120 4128 ἵνα
1148 4075 1245 4144 τὴν
1275 4074 1369 4144 μὲν
1412 4073 1490 4136 είς
1536 4072 1815 4144 ἐνέργειαν

244 4166 662 4239 μεταλάϐωμεν,
697 4168 795 4236 τῆς
822 4167 877 4219 δὲ
907 4167 1098 4238 ἐτέρας
1143 4165 1422 4234 δυνάμεως
1470 4164 1562 4216 τοῦ
1604 4164 1811 4228 τέλους,

240 4261 379 4330 ὅπερ
404 4257 554 4309 ἐστὶν
578 4260 610 4327 ἡ
635 4257 901 4326 ἐνέργεια,
929 4254 1446 4326 ἀπεχώμεθα.”Ωστε
1467 4253 1685 4321 γέγονεν
1705 4255 1814 4306 πᾶν

239 4349 461 4417 λογικὸν
501 4349 593 4400 ἐπὶ
619 4346 700 4416 τῷ
733 4347 1012 4400 σπουδαῖον
1053 4341 1212 4407 εἶναι,
1247 4345 1338 4397 καὶ
1383 4343 1456 4413 μὴ
1489 4342 1708 4410 φαῦλον.
1749 4341 1818 4394 Εἴ

238 4461 362 4497 τινα
389 4439 484 4495 οὖν
512 4442 616 4494 τῶν
653 4440 882 4508 λογικῶν
921 4440 1019 4508 τὴν
1065 4436 1306 4491 ἐναντίαν
1353 4435 1689 4507 δεδρὰμηκεν
1735 4433 1812 4503 τῷ

239 4533 571 4603 πεποιηκότι
599 4534 690 4585 καὶ
722 4530 1124 4603 προνοουμένῳ,
1158 4530 1218 4580 οὑ
1243 4527 1338 4581 τοῦ
1365 4530 1684 4598 ποιήσαντος
1716 4528 1812 4579 καὶ

237 4623 706 4695 νομοθετήσαντος
763 4622 796 4690 ἡ
845 4620 1014 4681 αίτία,
1066 4617 1200 4670 ἀλλὰ
1244 4616 1352 4669 τῶν
1403 4615 1811 4668 ἀντιτεινάντων

238 4717 382 4786 πρὸς
438 4717 564 4778 τοὺς
613 4714 866 4777 δοθέντας
919 4712 1013 4764 καὶ
1053 4709 1188 4780 πρὸς
1227 4709 1352 4772 τοὺς
1390 4708 1811 4780 προνοουμένους

237 4809 297 4863 νύ
303 4825 463 4879 μους.
853 4853 860 4858 .

324 4895 576 4970 Ὀρῶμεν
604 4895 733 4963 γοῦν
765 4895 859 4948 καὶ
896 4897 976 4957 είς
1003 4894 1149 4965 ἡμᾶς
1181 4893 1396 4954 αὐτούς,
1421 4889 1506 4940 ἀεὶ
1537 4885 1709 4941 ταῦτα
1725 4903 1810 4954 γι-
1840 4899 1888 4957 ι)

235 4992 464 5062 νόμενα,
512 4989 546 5042 ἃ.
575 4989 896 5058 παιδεύομεν
927 4988 995 5040 τὰ
1015 4987 1199 5046 τέκνα,
1225 4985 1343 5037 κατ’
1378 4983 1688 5051 ἐπιστήμην
1722 4980 1810 5031 αύ-

233 5084 310 5137 τὰ
350 5083 572 5150 ἀνάγειν
618 5079 946 5150 βουλόμενοι,
989 5078 1074 5129 ἴνα
1122 5077 1214 5128 καὶ
1243 5074 1440 5144 ταύτην
1481 5071 1804 5142 ἐνεργῶσιψ

236 5177 302 5228 ού
323 5177 542 5236 πάντως
570 5173 625 5225 δὲ
650 5172 820 5234 οὕτως
843 5169 1172 5241 ἐνεργοῦσιν,
1198 5169 1272 5231 ὡς
1299 5164 1672 5236 ἐδιδάχθησαν·
1692 5163 1806 5216 ἀλλ’

237 5271 391 5322 ἐστιν
423 5268 511 5320 ὅτε
539 5265 792 5329 ἐναντίως
825 5265 1008 5317 πολλοὶ
1041 5264 1144 5315 υἱοὶ
1169 5261 1318 5332 παρὰ
1351 5259 1600 5328 πατέρων
1638 5255 1810 5324 ἰατροὶ

236 5359 663 5430 ἀνατραφέντες,
715 5359 775 5410 ού
823 5356 1043 5417 δεόντως
1075 5352 1309 5423 χρῶνται
1356 5353 1421 5420 τῇ
1461 5350 1693 5419 ἰατρικῇ,
1743 5345 1808 5398 τὰ

238 5452 499 5506 νοσοποιὰ
529 5451 646 5504 ἀντὶ
675 5451 780 5502 τῶν
807 5449 1055 5518 ὑγιεινῶν
1093 5448 1207 5508 τοῖς
1239 5442 1594 5512 κακουμένοις
1635 5457 1807 5511 προσ-

240 5544 501 5610 ἀγοντεςο
541 5541 633 5594 καὶ
659 5542 719 5594 ού
757 5540 926 5611 δήπου
961 5541 994 5608 ἡ
1047 5537 1282 5609 ἰατρικὴ,
1312 5534 1344 5605 ἢ
1377 5536 1404 5586 ὁ
1437 5536 1635 5602 ταύτην
1678 5549 1809 5584 παι-

320 5726 436 5798 (51)
465 5726 706 5798 Ἀγαθὸν
732 5726 840 5797 γὰρ
873 5726 1056 5780 αὑτὸν
1098 5725 1374 5798 ἐϐούλετο
1430 5717 1600 5798 εἶναι,
1656 5721 1796 5798 Tur-

247 5790 468 5853 riaitus:
509 5790 711 5852 Volebat
738 5790 870 5854 enim
895 5807 948 5850 ut
979 5799 1128 5850 homo
1167 5805 1292 5848 esset
1341 5796 1521 5846 bonus.
1559 5790 1672 5846 Non
1708 5794 1798 5850 bc‘-

1923 3617 2078 3671 bolus’
2108 3626 2470 3685 nuncupatur,
2505 3631 2611 3670 non
2649 3628 2824 3669 tamen
2855 3617 3025 3685 ipsam
3060 3617 3326 3671 diabolum
3360 3631 3489 3672 con-

1920 3707 2057 3760 didit
2082 3745 2097 3769 .
2125 3707 2217 3760 sed
2242 3706 2460 3760 virtutis
2484 3720 2737 3776 capacem
2755 3746 2770 3770 ,
2794 3713 2852 3758 ut
2878 3705 3019 3758 illaut
3047 3706 3485 3772 nancisceretur;

1922 3806 1976 3850 ct
2007 3797 2122 3851 vitii
2153 3811 2442 3866 capacem,
2480 3807 2538 3850 ut
2571 3797 2638 3850 ab
2676 3797 2794 3866 ipso
2830 3810 2952 3850 sese
2993 3797 3313 3852 abstineret.
3350 3799 3485 3865 Quia

1921 3889 2065 3943 enim
2096 3889 2271 3941 virtus
2297 3903 2416 3942 cum
2457 3887 2590 3941 vitio
2631 3887 2791 3941 simul
2827 3887 3092 3942 exsistere
3126 3903 3232 3942 non
3273 3899 3484 3959 potest;

1920 3989 1996 4034 est
2031 3988 2208 4034 autem
2241 3981 2412 4033 amica
2441 3980 2549 4034 Deo
2579 3979 2786 4044 virtus;
2814 3980 3095 4048 utriusque
3122 3978 3378 4036 facultate
3409 3984 3488 4036 iu-

1919 4071 2032 4126 dita
2061 4073 2228 4125 utenti
2256 4071 2495 4136 ratione,
2521 4080 2800 4140 propterea
2828 4069 3057 4136 indidit,
3087 4080 3143 4125 ut
3168 4071 3335 4126 altera
3365 4073 3486 4142 qui-

1920 4163 2041 4217 dem
2075 4163 2139 4216 ad
2164 4172 2340 4216 actum
2367 4163 2749 4230 capessendum
2781 4162 2984 4231 praediti
3012 4175 3286 4229 essemus,
3315 4163 3383 4217 ab
3407 4164 3485 4217 al-

1921 4256 2090 4311 terius
2119 4265 2298 4310 autem
2331 4255 2435 4309 iine
2469 4254 2736 4309 facultatis
2757 4294 2770 4317 ,
2803 4255 2892 4322 qui
2922 4263 3004 4308 est
3032 4255 3274 4322 operatio
3303 4267 3485 4315 actus-

1919 4364 2021 4419 que
2041 4388 2057 4413 ,
2101 4347 2512 4402 abstineremus.
2543 4347 2722 4414 itaque
2749 4361 2936 4400 omnes
2971 4347 3134 4400 animi
3162 4347 3327 4401 creati
3358 4357 3485 4401 sunt

1919 4449 1976 4494 ut
2002 4450 2183 4494 essent
2208 4438 2392 4507 probi,
2424 4452 2528 4491 non
2559 4437 2706 4490 mali.
2739 4435 2794 4490 Si
2824 4438 2923 4504 qui.
2945 4436 3109 4505 igitur
3138 4437 3190 4490 in
3222 4439 3322 4502 eis,
3353 4453 3485 4492 cou-

1921 4532 2082 4585 traria
2119 4530 2329 4586 auctori
2355 4545 2451 4583 suo
2481 4545 2543 4582 ac
2569 4527 2904 4596 providentia
2936 4529 3144 4596 regenti
3180 4529 3262 4587 via
3291 4545 3484 4584 cucur-

1918 4631 2141 4686 rerunt,
2177 4637 2281 4677 non
2318 4623 2432 4677 limo
2469 4620 2764 4674 conditoris
2811 4618 2966 4689 culpa
3011 4634 3075 4673 ac
3117 4619 3440 4686 legislatoris
3463 4661 3478 4685 ,

1916 4719 2008 4772 sed
2035 4729 2220 4769 eorum
2249 4752 2264 4777 ,
2309 4714 2398 4780 qui
2433 4723 2619 4767 contra
2660 4714 2804 4781 leges
2838 4713 2990 4766 datas
3018 4712 3344 4782 provideque
3369 4713 3482 4768 dis-

1917 4808 2117 4878 positas
2141 4806 2339 4860 obnixe
2366 4805 2692 4858 obstiterunt

1991 4899 2242 4953 Videmus
2281 4899 2336 4950 itt
2380 4898 2537 4952 nobis
2573 4898 2704 4968 ipsis
2742 4899 2857 4953 haec
2896 4913 3036 4967 saepe
3069 4897 3315 4952 accidere
3340 4939 3355 4964 ,
3388 4913 3481 4968 qut

1917 4990 2114 5045 liberos
2139 4989 2452 5044 erudiamus
2481 5003 2544 5043 eo
2578 4989 2760 5042 animo
2782 5028 2798 5053 ,
2832 4999 2891 5043 ut
2933 4991 2999 5041 ad
3040 4989 3320 5044 scientiam
3361 4989 3480 5046 illos

1916 5082 2302 5152 provehamus,
2341 5095 2449 5149 quo
2494 5081 2591 5148 ipsi
2627 5079 2849 5149 perinde
2890 5079 3170 5148 disciplina
3219 5090 3477 5146 utantur;

1916 5187 2037 5226 cum
2069 5179 2247 5224 tamen
2281 5169 2500 5222 omnino
2534 5177 2591 5221 ut
2625 5166 2799 5220 edocti
2830 5176 2957 5220 sunt
2978 5207 2993 5231 ,
3033 5167 3146 5234 ipsa
3181 5181 3286 5222 nou
3317 5177 3476 5221 utan-

1913 5273 1996 5317 tur
2021 5278 2035 5315 :
2068 5263 2177 5316 imo
2203 5261 2462 5330 contingit
2491 5259 2776 5327 aliquando
2803 5299 2817 5321 ,
2847 5269 2904 5311 ιιι
2931 5257 3079 5312 multi
3112 5257 3203 5311 IiIii
3230 5274 3257 5313 τι
3285 5273 3480 5328 paren-

1912 5350 2052 5402 tibus
2083 5348 2134 5400 in
2167 5357 2282 5400 arte
2314 5345 2521 5398 medica
2549 5345 2780 5406 eruditi,
2807 5358 2913 5396 non
2942 5353 3000 5396 ut
3028 5352 3238 5412 oportet
3265 5361 3327 5398 ea
3358 5355 3477 5398 arte

1910 5447 2172 5499 utantur;
2212 5436 2303 5490 sed
2335 5434 2513 5502 potius
2555 5449 2649 5502 pro
2693 5433 2996 5486 salubribus
3042 5447 3105 5487 ea
3139 5435 3355 5503 aegrotis
3383 5435 3478 5488 ad-

1911 5528 2163 5589 bibcant,
2216 5541 2334 5594 qua:
2380 5525 2491 5593 ipsa
2547 5525 2786 5578 morbida
2835 5524 3093 5594 qualitate
3137 5524 3204 5578 iis
3242 5525 3474 5580 exitiosa

1907 5735 1973 5776 ne
2001 5737 2012 5771 :
2042 5733 2160 5769 rum
2197 5717 2463 5785 praecipue
2491 5730 2666 5770 sermo
2694 5715 2764 5768 sit
2787 5715 2852 5769 de
2882 5715 3112 5769 diabolo.

1977 5789 2088 5859 (59.)
2114 5787 2622 5855 'AO'Urcij‘mxtoc.
2657 5785 2782 5857 Leg.
2822 5787 3255 5856 ὰσυνύπαρκτος.
