3894 6404
319 381 455 437 1105

1549 383 1778 439 DIDYMI
1814 385 2281 442 ALEXANDRINI

3407 389 3542 444 11οι

317 499 622 556 exsistant;
667 512 766 552 nec
807 507 934 554 tunc
975 499 1277 552 accusanda
1321 498 1615 566 medicina,
1647 509 1741 554 aut
1787 516 1882 556 vo-

1993 502 2209 566 Βεὺσας,
2255 504 2445 566 αἴτιος.
2495 503 2567 557 Οῦ
2621 503 2728 574 γὰρ
2767 502 2937 565 οὕτως
2982 501 3240 569 ἐδίδαξεν,
3281 502 3346 556 ἵν’
3376 502 3553 568 οὕτως

317 593 522 646 candus
566 592 619 646 in
673 592 874 645 crimen
926 592 1016 660 qui
1062 590 1262 644 docuit.
1313 590 1426 646 Non
1479 592 1622 648 enim
1669 592 1750 647 sic
1793 607 1886 647 eos

318 682 529 746 docuit,
561 691 622 735 ιιι
651 682 728 737 sic
758 682 862 734 iste
894 680 1134 745 faceret;
1167 681 1295 736 iacit
1325 682 1467 735 enim
1491 723 1505 747 ,
1545 697 1652 736 non
1702 693 1761 737 ιιι
1807 682 1889 737 fa-

319 789 444 827 cere
470 775 659 827 doetus
701 781 806 825 est.
855 771 1064 824 Rursus
1104 772 1247 841 leges
1289 773 1550 842 quosdam
1593 776 1886 839 docemus,

318 873 379 918 ut
406 863 668 930 justitiam
703 861 991 916 defendant
1016 871 1069 914 et
1096 861 1407 928 injustitiam
1431 863 1724 930 repellant:
1755 879 1890 918 non-

321 953 450 1006 nulli
483 963 663 1006 tamen
696 951 860 1004 animi
897 953 1160 1020 pravitate
1190 951 1332 1019 leges
1389 953 1648 1006 adeuntes
1700 961 1887 1007 contra

319 1031 523 1096 faciunt
554 1057 617 1095 ac
647 1041 973 1095 didicerunt.
1003 1040 1188 1108 Neque
1216 1050 1393 1094 tamen
1421 1042 1680 1096 continuo
1717 1041 1886 1112 legem

321 1142 412 1185 aut
446 1133 809 1202 legislatorem
844 1133 1211 1187 crimiuamur.
1250 1131 1308 1185 Si
1342 1133 1484 1185 enim
1525 1134 1574 1186 hi
1613 1133 1890 1202 iujustitia:

323 1222 400 1275 rei
432 1232 614 1276 essent
642 1262 656 1286 ,
689 1224 829 1278 baud
867 1222 1092 1290 injustos
1125 1226 1398 1292 punirent.
1431 1224 1561 1278 Nam
1591 1225 1642 1279 id
1679 1241 1889 1296 quoque

319 1329 504 1366 eorum
533 1314 826 1367 arbitratus
857 1325 940 1368 est
979 1329 1044 1369 ac
1083 1317 1384 1378 sententiae,
1426 1314 1584 1370 hsta
1624 1318 1888 1387 castigan-

319 1406 440 1456 dum
472 1406 948 1469 animadversione,
979 1408 1115 1475 quod
1149 1407 1405 1475 injustam
1436 1419 1530 1462 est.
1567 1407 1710 1461 Deus
1760 1410 1886 1463 item

319 1506 561 1548 satanam
591 1497 775 1562 punit,
814 1506 866 1551 et
890 1513 982 1552 eos
1006 1498 1097 1566 qui
1126 1499 1380 1554 divinitus
1403 1500 1723 1554 constitutas
1745 1500 1889 1570 leges

325 1590 811 1668 transgrediuntur.
838 1590 1168 1656 Quibusdam
1194 1592 1336 1646 enim
1369 1591 1551 1660 pravis
1579 1592 1653 1645 ait
1679 1609 1691 1646 :
1726 1590 1808 1645 Ite
1835 1593 1887 1646 in

321 1685 489 1751 ignem
515 1694 764 1738 ceternum
790 1725 805 1751 ,
832 1687 920 1756 qui
963 1698 1179 1754 paratus
1232 1695 1306 1740 est
1351 1687 1560 1740 diabolo
1586 1697 1632 1740 et
1687 1686 1886 1757 angelis

320 1776 431 1841 ejus
467 1776 533 1826 “.

1990 598 2138 666 ποιῇ.
2172 596 2405 666 Πρὰττει
2431 596 2537 666 γὰρ
2561 595 2658 666 οὐχ
2699 595 2774 658 ὡς
2805 593 3005 665 ἔμαθεν
3033 597 3223 648 ποιεῖν.
3257 594 3424 648 Πάλιν
3469 596 3558 649 νό-

1993 705 2126 758 μους
2162 688 2481 758 παιδεύομέν
2523 704 2692 750 τινας,
2731 687 2816 739 ἴνα
2845 685 3199 739 συνιστῶνται
3230 685 3307 756 τῷ
3331 686 3553 757 δικαίῳ,

1990 778 2084 831 καὶ
2113 778 2210 849 τὴν
2239 778 2449 831 ἀδικίαν
2483 776 2871 848 παραιτῶνται.
2923 775 3081 828 Ἀλλά
3103 776 3384 847 κακοήθως
3425 777 3554 830 ἔνιοι

1990 868 2167 922 αὐτῶν
2188 871 2299 932 τοῖς
2321 869 2507 939 νόμοις
2538 867 2880 939 προσιόντων,
2915 867 2974 920 τὸ
2997 867 3260 920 ἀνάπαλιν
3290 868 3551 922 ποιοῦσιν.

1990 961 2098 1012 Καὶ
2128 959 2250 1012 οῦτε
2276 959 2364 1012 τὸν
2391 960 2572 1029 νόμον,
2613 958 2735 1011 οὕτε
2776 959 2865 1011 τὸν
2904 957 3195 1028 νομοθέτην
3231 957 3552 1028 αἰτιώμεθα.

1989 1052 2052 1104 Et
2083 1051 2192 1123 γὰρ
2219 1051 2369 1104 αὐτοὶ
2391 1051 2490 1120 τῆς
2525 1050 2736 1113 ἀδικίας
2769 1050 2931 1102 αἴτιοι
2966 1045 3126 1120 ἦσαν,
3150 1051 3248 1102 οὐκ
3277 1049 3341 1103 ἂν
3365 1050 3558 1102 ἐκόλα-

1991 1139 2082 1203 ζον
2109 1143 2232 1204 τοὺς
2265 1142 2509 1204 ἀδίκους.
2542 1141 2650 1193 Καὶ
2682 1139 2789 1208 γὰρ
2829 1139 2923 1192 καὶ
2962 1139 3118 1192 τοῦτο
3159 1138 3252 1192 τοῦ
3297 1138 3560 1209 βουλήμα-

1989 1249 2079 1296 τος
2126 1233 2305 1287 αὑτῶν
2355 1231 2608 1301 ὑπάρχει,
2649 1230 2720 1283 Τὸ
2753 1229 3088 1284 κολαστέον
3116 1231 3222 1284 τόν
3249 1229 3456 1283 ἄδικον
3481 1227 3560 1284 εἴ·

1988 1340 2085 1376 ναι
2105 1339 2118 1352 ·
2147 1325 2239 1376 καὶ
2263 1324 2291 1376 ό
2311 1323 2440 1386 Θεὸς
2461 1323 2676 1386 κολάζει
2707 1322 2798 1374 τὸν
2832 1322 3086 1383 σατανᾶν,
3123 1321 3215 1374 καὶ
3237 1321 3360 1384 τοὺς
3387 1338 3560 1389 παρα-

1989 1415 2190 1477 ϐάντας
2231 1416 2353 1475 τοὺς
2399 1413 2506 1467 ἀπὸ
2548 1413 2682 1466 Θεοῦ
2727 1412 2981 1475 τεθέντας
3013 1413 3231 1481 νόμους.
3273 1412 3424 1464 Τισὶν
3452 1413 3560 1484 γάρ

1990 1507 2212 1576 φαύλοις
2253 1506 2434 1574 λέγει·
2499 1505 2784 1585 Ὑπάγετε
2811 1507 2900 1570 είς
2944 1503 3008 1558 τὸ
3041 1505 3160 1573 πῦρ
3190 1505 3255 1558 τὸ
3294 1503 3557 1567 αἰώνιον,

1989 1597 2056 1651 τὸ
2091 1597 2534 1668 ἡτοιμασμένον
2576 1595 2655 1662 τῷ
2699 1596 2956 1663 διαϐόλῳ
2988 1596 3087 1649 καί
3131 1596 3257 1662 τοῖς
3283 1596 3561 1665 ἀγγέλοις

1989 1687 2194 1742 αὐτοῦ.

320 1869 448 1922 (λιιι.
493 1867 630 1922 XIV.
674 1869 972 1923 Inconsona
1017 1869 1430 1925 Manichworum
1480 1872 1692 1928 delirio.
1739 1871 2017 1924 Peccatum
2055 1866 2279 1928 diaboli,
2321 1881 2420 1918 non
2462 1863 2694 1932 ingenita
2735 1862 2961 1929 malitia,
3002 1864 3091 1918 sed
3133 1872 3314 1933 sponte
3349 1861 3496 1932 longe
3527 1880 3559 1915 ιι

1655 1943 1912 1996 creatione
1936 1944 2219 2004 assumpta.
2763 1941 2770 1950 '

393 2028 582 2083 Sciant
611 2028 775 2096 igitur
806 2027 896 2096 qui
930 2029 1012 2082 his
1039 2030 1415 2085 contradicunt
1437 2071 1452 2094 ,
1492 2032 1592 2086 sibi
1633 2029 1764 2101 ipsis
1796 2047 1892 2099 pu-
1922 2040 1964 2094 Β

323 2119 830 2192 gnantiadicere.Si
849 2127 990 2174 enim
1023 2121 1263 2176 diabolus
1311 2124 1604 2178 secundum
1641 2122 1892 2177 substan-

323 2215 453 2266 tiam
489 2212 662 2266 malus
692 2221 809 2266 erat
836 2220 889 2266 et
924 2227 953 2264 a
988 2213 1128 2266 bono
1154 2211 1266 2266 Deo
1289 2213 1501 2267 alienus
1522 2253 1538 2276 ,
1564 2227 1627 2267 ac
1653 2214 1742 2281 qui
1777 2211 1891 2281 pari

325 2304 401 2358 illi
439 2303 630 2358 robore
660 2309 871 2357 certare
902 2312 1121 2371 posset,
1157 2318 1255 2357 nec
1300 2303 1372 2357 illi
1427 2303 1743 2372 supplicium
1792 2317 1891 2372 pa-

328 2410 455 2449 rare
483 2434 498 2460 ,
531 2409 631 2448 nec
674 2394 726 2447 in
771 2395 942 2462 ipsum
991 2409 1117 2448 cum
1167 2396 1380 2449 mittere
1424 2395 1707 2464 potuisset.
1758 2393 1893 2447 Dicit

323 2498 501 2541 tamen
530 2500 647 2540 esse
686 2486 859 2553 ignem
897 2485 1110 2540 diabolo
1134 2497 1396 2555 paratum.
1426 2486 1562 2552 Quin
1587 2485 1689 2540 boc
1711 2485 1894 2538 dicen-

323 2577 488 2631 dum:
523 2575 578 2631 Si
614 2575 756 2631 Deus
800 2576 975 2631 bonus
1025 2576 1373 2632 immutabilis
1417 2586 1534 2643 cst,
1584 2587 1641 2631 ut
1675 2576 1891 2646 quidem

322 2676 440 2731 est,
473 2674 525 2721 et
575 2667 766 2720 iisdem
806 2680 1018 2735 semper
1067 2665 1236 2720 fretus
1275 2666 1517 2730 viribus,
1562 2682 1735 2736 neque
1762 2667 1892 2721 alias

321 2758 510 2824 aliter,
579 2757 714 2812 alias
787 2757 943 2812 aliter
1013 2757 1192 2823 valet;
1254 2773 1373 2812 cum
1445 2758 1678 2813 futurum
1747 2767 1894 2814 esset

328 2861 388 2906 ut
419 2860 540 2921 post
567 2850 790 2904 multam
848 2866 1044 2905 noxam
1086 2861 1414 2922 acceptaque
1466 2852 1533 2905 ab
1589 2867 1654 2907 eo
1699 2852 1894 2907 damna

323 2952 527 2996 aeterno
554 2955 676 2994 eum
716 2941 824 3011 igni
868 2942 1144 3005 traderet;
1183 2943 1366 3012 quidni
1409 2943 1509 2996 hoc
1546 2958 1576 2996 a
1625 2943 1890 3014 principio

321 3033 484 3097 fecit,
544 3047 666 3086 cum
719 3048 778 3087 se
826 3033 914 3086 ille
977 3033 1028 3087 in
1089 3032 1261 3103 ipsum
1309 3034 1532 3100 extulit,
1591 3045 1647 3089 et
1687 3045 1891 3105 partem

324 3124 494 3195 ipsius
521 3126 850 3195 occupavit?
874 3124 1082 3181 Iustius
1120 3127 1265 3180 enim
1298 3136 1422 3181 tunc
1455 3127 1507 3181 in
1555 3143 1675 3181 eum
1704 3141 1891 3198 pinnas

322 3217 683 3282 decrevisset,
735 3223 794 3270 ut
845 3218 934 3286 qui
979 3217 1029 3271 in
1079 3216 1336 3286 majorem
1379 3218 1709 3288 deliquisset.
1761 3217 1888 3272 Nam

322 3324 465 3365 nunc
493 3311 709 3380 quidem
742 3309 1053 3365 hominibus
1085 3319 1242 3366 nocet
1289 3327 1304 3377 ;
1335 3319 1462 3365 tunc
1503 3320 1720 3378 autem,
1767 3311 1890 3365 illo-

2065 2025 2328 2078 Ἰστωσαν
2352 2024 2528 2077 τοίνυν
2551 2024 2599 2077 οἱ
2630 2023 2835 2087 τούτοις
2859 2023 3246 2092 ἀντιλέγοντες,
3281 2025 3561 2096 μαχόμενα

1995 2119 2204 2179 ἑαυτοῖς
2234 2116 2500 2184 λέγοντες.
2535 2117 2595 2168 Ei
2628 2116 2734 2187 γὰρ
2756 2117 2875 2170 κατ’
2902 2117 3086 2169 οὐσίαν
3108 2117 3275 2180 κακὸς
3302 2113 3370 2189 ἦν
3391 2119 3418 2171 6
3447 2119 3562 2172 διά-

1993 2207 2167 2270 δολος.
2193 2206 2286 2259 καὶ
2317 2206 2592 2278 ἀλλότριος
2621 2207 2714 2260 τοῦ
2743 2207 2947 2276 ἀγαθοῦ
2975 2207 3132 2272 Θεοῦ,
3154 2207 3448 2279 δυνάμενος
3465 2209 3562 2264 αὑ-

1991 2299 2069 2369 τῷ
2100 2298 2376 2370 ίσοσθενὴς
2415 2294 2586 2352 εἶναι·
2625 2299 2746 2352 οῦδὲ
2785 2299 3004 2352 κόλασιν
3050 2300 3342 2371 ἡτοίμαζεν
3391 2301 3560 2372 αὐτῷ,

1992 2389 2111 2441 οὐδὲ
2151 2389 2365 2459 βάλλειν
2414 2390 2574 2442 αὑτὸν
2608 2391 2686 2453 εἰς
2730 2390 2828 2461 τὴν
2869 2390 3090 2444 κόλασιν
3117 2390 3376 2461 ἠδύνατοο
3416 2392 3564 2462 λέγει

1992 2478 2049 2530 δὲ
2079 2479 2404 2550 ἡτοιμάσθαι
2437 2480 2547 2552 πῦρ
2570 2479 2646 2551 τῷ
2663 2481 2910 2551 διαϐόλῳ.
2933 2481 3043 2535 Καὶ
3065 2480 3223 2535 τοῦτο
3250 2483 3306 2536 δὲ
3338 2483 3528 2555 ῥητέον
3545 2501 3560 2516 °

1991 2569 2056 2622 Ei
2080 2571 2343 2637 ἄτρεπτος
2368 2573 2396 2624 6
2418 2571 2618 2639 ἀγαθὸς
2634 2571 2764 2637 Θεός
2783 2568 2950 2638 ἐστιν,
2975 2571 3161 2643 ὥσπερ
3176 2569 3268 2628 οῦν
3285 2574 3378 2628 καὶ
3394 2575 3560 2641 ἔστιν,

1993 2661 2086 2712 καὶ
2118 2660 2206 2712 ἀεὶ
2233 2661 2329 2731 τὴν
2354 2661 2521 2733 αὐτὴν
2551 2661 2662 2733 ἔχει
2685 2661 2938 2733 δύναμιν,
2978 2662 3052 2726 ὼς
3076 2663 3151 2733 μὴ
3177 2662 3363 2717 ἄλλοτε
3391 2664 3563 2729 ἄλλως

1997 2751 2219 2820 ἰσχύειν,
2262 2753 2354 2806 καὶ
2393 2753 2577 2807 ἄλλοτε
2616 2753 2820 2817 ἄλλως·
2869 2753 3061 2824 ἔμελλε
3101 2755 3326 2827 δὲμετά
3366 2758 3563 2832 πολλὴν

1994 2839 2196 2913 βλάϐην
2229 2845 2320 2896 καὶ
2355 2844 2649 2912 ἀπώλειαν,
2681 2845 2880 2917 πολλὴν
2920 2847 3051 2918 πυρὶ
3093 2849 3296 2920 αἰωνίῳ
3335 2850 3563 2922 παραδι-

1991 2931 2136 2985 δόναι
2169 2934 2260 2986 τὸν
2294 2937 2552 3001 σατανᾶν,
2578 2936 2666 2990 διὰ
2697 2937 2749 2989 τί
2785 2935 2860 3008 μὴ
2898 2936 2958 3000 ἐξ
2983 2937 3152 3009 ἀρχῆς
3183 2939 3340 2993 τοῦτο
3367 2943 3562 3006 ἐποίει,

1991 3025 2393 3098 ὃτεὲπανῆλθεν
2408 3029 2575 3100 αὐτῷ,
2592 3031 2684 3084 καὶ⁹
2712 3031 2874 3100 μέρος
2901 3031 3091 3084 ἔλαϐεν
3116 3031 3276 3085 αὑτοῦ
3301 3049 3314 3098 ;
3339 3035 3558 3088 Δικαιό-

1991 3135 2148 3190 τερον
2185 3119 2291 3191 γὰρ
2312 3121 2433 3172 τότε
2475 3120 2674 3192 μᾶλλον
2704 3124 2972 3196 τιμωρίαν
3004 3123 3202 3197 ὥριζεν
3231 3128 3350 3180 κατ’
3377 3127 3561 3194 αὐτοῦ,

1990 3209 2066 3272 ὡς
2095 3210 2235 3263 κατὰ
2266 3211 2510 3281 μείζονος
2541 3213 2644 3284 πλη
2655 3214 3042 3286 μμεληθέντος.
3063 3217 3175 3270 Νῦν
3213 3218 3309 3289 μὲν
3336 3218 3442 3291 γὰρ
3470 3220 3564 3273 ἀνι

1995 3300 2243 3368 θρώπους
2271 3302 2494 3372 βλάπτει
2515 3321 2527 3334 ο
2575 3304 2717 3367 τότε,
2751 3305 2870 3358 κατ’
2897 3306 3112 3374 αὐτοὺς,
3144 3308 3312 3380 αὐτὴν
3333 3309 3565 3380 ἔϐλαψεν

323 3417 442 3455 rum
475 3379 741 3456 sententia
775 3410 828 3455 et
860 3411 918 3455 ut
953 3401 1304 3468 existimant,
1343 3403 1444 3473 ipsi
1481 3419 1675 3458 noxam
1710 3404 1890 3459 intulit

1993 3395 2088 3465 τὴν
2123 3394 2369 3466 θεότητα,
2411 3396 2599 3468 ὥσπερ
2642 3399 2737 3451 καὶ
2783 3399 3090 3471 φρονοῦσιν.
3131 3379 3314 3472 Νόμος
3369 3402 3424 3455 δὲ
3471 3379 3565 3456 καὶ

322 3493 526 3547 deitati.
564 3491 723 3563 Legis
759 3507 888 3547 vero
916 3493 1186 3548 districtio
1239 3509 1304 3550 ac
1351 3494 1652 3556 indignatio
1690 3494 1891 3564 justior

319 3595 438 3652 est,
476 3585 520 3639 si
551 3585 672 3654 quis
703 3584 756 3637 in
792 3599 971 3653 regem
991 3625 1006 3646 ,
1041 3601 1201 3655 quam
1231 3585 1276 3639 si
1309 3585 1359 3639 in
1391 3587 1666 3651 subditos,
1697 3588 1888 3655 injuria

320 3688 524 3744 procax
554 3674 798 3729 exsistat.
835 3674 893 3728 Si
923 3675 1066 3729 enim
1095 3675 1174 3729 sic
1205 3675 1280 3728 illi
1314 3678 1378 3730 de
1393 3676 1476 3730 bis
1503 3678 1764 3745 sentiant,
1799 3687 1891 3732 aut

321 3767 513 3822 dicturi
544 3776 694 3831 sunt,
732 3768 1022 3824 nescivisse
1057 3779 1184 3822 tunc
1213 3767 1414 3831 Deum,
1449 3772 1718 3840 quomodo
1751 3771 1891 3826 ultu-

320 3873 414 3912 rus
439 3867 671 3922 essetet
708 3858 904 3912 malum
942 3858 1295 3924 impediturus
1319 3897 1332 3920 ,
1367 3869 1456 3912 aut
1487 3875 1593 3913 non
1630 3861 1886 3930 potuisse.

319 3949 392 4004 At
430 3958 683 4003 neutrum
725 3949 916 4002 borum
947 3949 1090 4004 bono
1119 3949 1230 4004 Deo
1258 3951 1596 4007 tribuendum
1624 3959 1745 4019 est;
1783 3968 1888 4006 non

322 4039 485 4109 igitur
513 4039 654 4094 nulla
685 4039 893 4110 origine
952 4039 1043 4094 Dei
1090 4041 1338 4095 inimicus
1382 4043 1432 4095 in
1472 4057 1592 4096 eum
1634 4056 1692 4097 se
1731 4052 1890 4098 extu-

319 4132 419 4198 lit;
467 4132 561 4185 sed
602 4129 690 4197 qui
744 4129 917 4185 factus
946 4141 1088 4185 esset
1116 4132 1364 4185 utbonus
1409 4144 1592 4198 esset,
1639 4132 1892 4188 facultate

326 4221 676 4289 capessenda:
714 4219 929 4273 virtutis
967 4218 1281 4288 imperfecta
1316 4234 1381 4273 ac
1417 4236 1604 4275 manca
1643 4230 1849 4278 retenta
1873 4263 1890 4289 ,

320 4313 459 4383 quod
493 4313 546 4366 in
581 4312 768 4365 vitium
810 4327 1038 4381 pronum
1067 4321 1214 4392 .erat
1258 4313 1440 4382 illique
1488 4314 1736 4369 idoneum
1766 4355 1781 4378 ,
1827 4317 1893 4370 ad

318 4414 496 4460 actum
524 4402 798 4473 perduxit.
831 4402 1192 4468 Quamobrem
1229 4404 1425 4473 dignus
1469 4406 1728 4474 supplicio
1771 4415 1892 4471 est,

318 4513 382 4554 ac
413 4498 608 4552 merito
639 4496 729 4551 diu
765 4507 884 4565 post
915 4495 989 4550 illi
1025 4507 1107 4550 est
1139 4497 1492 4564 mancipatus.

1989 3485 2359 3556 ἀγανάκτησις
2408 3486 2589 3540 δικαία
2628 3489 2744 3542 ἐστὶ
2801 3491 3000 3561 μᾶλλον
3043 3493 3076 3563 ἡ
3119 3492 3258 3545 κατά
3285 3492 3392 3546 τῶν
3426 3495 3566 3547 κατὰ

1991 3575 2254 3646 βασιλέως
2284 3577 2626 3648 τολμώντων,
2662 3581 2695 3652 ἡ
2728 3598 2891 3636 τινων
2917 3581 3026 3636 τῶν
3064 3584 3338 3655 ὑπηκόων.
3359 3586 3430 3660 Et
3455 3586 3562 3657 γὰρ

1987 3669 2158 3722 ταῦτα
2178 3669 2347 3734 οὕτως
2366 3672 2659 3744 φρονητέα,
2686 3674 2718 3744 ἢ
2747 3673 2966 3742 ἄγνοιαν
2988 3678 3323 3748 προσάψουσι
3348 3678 3424 3749 τῷ
3449 3679 3563 3750 Θεῷ

1987 3762 2130 3824 τότε,
2167 3761 2262 3815 τοῦ
2290 3763 2406 3826 πῶς
2435 3765 2806 3836 τιμωρήσεται
2842 3767 2936 3820 καὶ
2967 3769 3240 3841 ὲμποδίσῃ
3274 3770 3335 3823 τὸ
3373 3771 3561 3839 κακὸν,

1987 3852 2020 3924 ἢ
2064 3854 2388 3926 ἀδυναμίαν.
2427 3857 2564 3909 Ἀλλ’
2590 3858 2867 3929 οὐδέτερον
2910 3861 3114 3914 τούτων
3144 3861 3270 3932 περὶ
3301 3862 3392 3914 τὸν
3424 3863 3563 3932 ἁγα-

1988 3945 2078 3998 θὸν
2110 3945 2272 3998 Θεόνο
2305 3948 2403 4000 οὐκ
2446 3948 2553 4018 ἄρα
2584 3949 2862 4022 ἀγενήτως
2892 3951 3085 4024 ἐχθρὸς
3120 3955 3185 4007 ἂν
3218 3954 3351 4007 Θεοῦ
3400 3957 3564 4009 ἐπαν-

1985 4035 2083 4109 έϐη
2114 4039 2230 4090 κατ’
2267 4038 2430 4092 αὑτοῦ
2456 4056 2471 4071 ο
2511 4041 2646 4094 ἀλλά
2677 4027 2965 4114 γενόμενος
3015 4045 3107 4098 ἐπὶ
3149 4044 3226 4117 τῷ
3255 4041 3392 4100 εἶναι
3430 4047 3564 4113 ἀγα-

1989 4127 2100 4192 θὸς,
2150 4130 2250 4200 τὴν
2302 4131 2399 4202 μὲν
2429 4131 2654 4203 δύναμιν
2687 4133 2786 4204 τῆς
2823 4135 3025 4207 ἀρετῆς
3071 4137 3234 4208 ἀτελῆ
3277 4137 3560 4208 ἐφύλαξεν,

1994 4222 2091 4292 τὴν
2119 4221 2174 4274 δὲ
2198 4223 2295 4292 τῆς
2321 4223 2517 4287 κακίας
2562 4225 2973 4297 ἐπιτηδειότητα
3017 4227 3098 4290 εἰς
3127 4228 3402 4300 ἐνέργειαν
3429 4231 3557 4301 ῆγαο

1994 4330 2118 4382 γεν·
2145 4313 2211 4366 δι’
2240 4314 2268 4367 ὃ
2296 4318 2390 4368 καὶ
2418 4315 2724 4381 κολαστέος,
2761 4319 2854 4372 καὶ
2887 4311 3110 4384 εἰκότως
3141 4321 3279 4392 μετά
3307 4321 3440 4376 πολὺ
3474 4340 3553 4376 τι-
3611 4313 3622 4319 ’

1999 4405 2176 4478 μωρίᾳ
2209 4407 2508 4478 ὑπεϐλήθη.

1022 4586 1149 4642 CAP.
1193 4587 1306 4646 XV.
1350 4586 1550 4642 Eorum
1587 4589 1907 4658 paenitentia,
1951 4607 2136 4662 quibus
2181 4591 2377 4645 malum
2407 4608 2437 4645 a
2472 4593 2738 4646 voluntate
2766 4603 2861 4647 est.

392 4681 449 4736 Si
476 4695 602 4735 vero
629 4677 755 4734 illud
777 4677 1073 4748 objecerint
1093 4720 1108 4746 ,
1131 4680 1272 4750 quod
1296 4679 1497 4734 dictum
1521 4689 1605 4735 est
1631 4696 1657 4733 ιι
1680 4680 1890 4736 Joanne

2069 4685 2132 4737 Εἰ
2169 4683 2223 4737 δὲ
2250 4685 2470 4737 κάκεῖνο
2491 4685 2865 4755 προφέροιντο,
2901 4685 2960 4738 τὸ
2986 4684 3173 4755 λεχθὲν
3200 4686 3306 4740 ὑπὸ
3331 4686 3422 4741 τοῦ
3455 4689 3558 4742 Βα-

319 4759 586 4843 Baptista,
621 4772 706 4826 his
732 4771 822 4840 qui
857 4774 978 4826 licte
1012 4772 1299 4825 veniebant
1328 4771 1394 4826 ad
1432 4771 1792 4842 baptismum,
1832 4772 1883 4825 in

1998 4775 2217 4830 πτιστοῦ
2258 4775 2504 4829 Ἰωάννου
2533 4778 2644 4838 τοῖς
2674 4775 2790 4846 μεθ’
2821 4777 3160 4848 ὑποκρίσεως
3178 4780 3257 4843 είς
3282 4779 3341 4832 τὸ
3371 4779 3561 4850 βάπτι-

318 4868 434 4922 haec
475 4865 680 4919 verba:
729 4863 1033 4932 Serpentes,
1075 4865 1345 4934 progenies
1393 4866 1728 4934 viperarum,
1769 4863 1886 4932 quis

319 4955 544 5012 ostendit
573 4956 713 5009 vobis
740 4954 920 5023 fugere
949 4973 980 5007 a
1007 4965 1224 5008 ventura
1249 4956 1329 5008 ira
1353 4955 1378 5008 .9
1407 4953 1592 5008 Facite
1624 4970 1744 5024 ergo
1775 4953 1892 5022 [ru-

315 5061 456 5103 ctum
493 5047 712 5117 dignum
746 5045 1063 5116 paenitentia:
1094 5059 1112 5100 :
1141 5055 1190 5100 et
1223 5062 1284 5100 ne
1317 5045 1482 5101 velitis
1534 5044 1706 5098 dicere
1747 5047 1886 5098 intra

319 5157 439 5205 vos,
492 5149 690 5208 putrem
759 5139 1009 5191 habemus
1059 5136 1350 5190 Abraham.
1395 5135 1588 5190 Potens
1627 5146 1700 5190 est
1747 5135 1882 5188 enim

319 5233 458 5287 Deus
487 5232 550 5286 de
581 5231 844 5300 lapidibus
875 5231 990 5296 istis
1021 5231 1276 5284 suscitare
1312 5229 1452 5298 ﬁlios
1483 5228 1730 5283 Abralue.
1758 5227 1883 5282 Jam

315 5327 468 5390 porro
494 5323 692 5376 securis
718 5321 786 5374 ad
813 5321 1041 5374 radicem
1079 5322 1326 5373 arborum
1355 5320 1527 5387 posita
1565 5328 1666 5373 est.
1697 5318 1884 5372 Omnis

314 5431 436 5484 ergo
466 5415 624 5469 arbor
649 5430 765 5485 qua:
798 5428 899 5467 non
932 5411 1057 5480 facit
1084 5413 1314 5481 fructum
1348 5412 1536 5465 bonum
1559 5450 1573 5476 ,
1625 5411 1886 5464 exciditur

315 5517 363 5560 et
402 5509 455 5560 in
485 5508 654 5576 ignem
691 5506 917 5559 mittitur
951 5504 1018 5557 ⁸⁸.
1051 5503 1290 5558 Audiant
1320 5503 1439 5567 isti,
1469 5518 1572 5557 non
1605 5516 1762 5571 posse
1791 5515 1886 5555 eos

315 5597 552 5667 obiicere
570 5613 690 5666 qua:
709 5611 813 5651 non
836 5596 1113 5665 recipiunt.
1137 5594 1252 5650 Non
1277 5595 1418 5650 enim
1439 5593 1704 5663 recipiunt
1721 5590 1886 5647 Joan-

317 5705 438 5743 nem
472 5689 793 5760 Baptistam,
831 5689 920 5758 qui
954 5704 1090 5745 unus
1123 5689 1192 5743 sit
1221 5702 1253 5744 e
1287 5685 1465 5742 Veteri
1507 5684 1880 5740 Testamento.

1995 4884 2105 4936 σμα
2144 4865 2408 4927 ἐλθοῦσιν,
2438 4864 2606 4926 οὕτως
2637 4864 2792 4940 ἐχονξ
2829 4867 3044 4934 Ὄφεις,
3080 4867 3418 4936 γεννήματα
3444 4870 3562 4940 ἐχι-

1991 4955 2168 5020 δνῶν,
2218 4957 2308 5021 τίς
2357 4955 2670 5018 ὑπέδειξεν
2706 4955 2847 5024 ὑμῖν
2875 4955 3088 5025 φυγεῖν
3116 4957 3232 5011 ἀπὸ
3277 4956 3384 5026 τῆς
3418 4963 3561 5029 μελ-

1989 5049 2222 5115 λούσης
2273 5045 2481 5117 ὀργῆς;
2524 5045 2819 5111 Ποιήσατε
2835 5041 2950 5100 οὖν
2974 5048 3208 5115 καρπὸν
3245 5048 3422 5113 ἀξιον
3451 5049 3560 5118 τῆς

1983 5141 2320 5211 μετανοίας,
2356 5140 2453 5194 καὶ
2483 5139 2568 5208 μὴ
2602 5139 2816 5206 δόξητε
2842 5139 3041 5208 λέγειν
3083 5138 3152 5192 ὲν
3189 5136 3441 5204 ἑαυτοῖς,
3470 5136 3556 5190 ὅτι

1989 5231 2210 5298 cra-cepa
2237 5230 2455 5300 ἔχομεν
2487 5230 2592 5283 τὸν
2632 5229 2894 5299 Ἁϐραάμ.
2924 5232 3176 5284 Δύναται
3200 5230 3310 5299 γὰρ
3347 5232 3381 5283 ό
3415 5229 3559 5296 Θεὸς

1983 5322 2052 5374 ἐκ
2091 5323 2207 5377 τῶν
2231 5322 2417 5375 λίθων
2454 5322 2686 5376 τούτων
2711 5321 2926 5392 ἐγεῖραι
2961 5320 3142 5375 τέκνα
3171 5320 3251 5385 τῷ
3290 5320 3554 5389 Ἁϐραάμ.

1989 5415 2140 5482 Ἰιδη
2182 5414 2248 5468 δὲ
2283 5416 2318 5482 ἡ
2349 5415 2528 5482 ἀξίνη
2575 5414 2726 5483 πρὸς
2758 5413 2872 5482 τὴν
2913 5412 3084 5482 ῥίζαν
3127 5411 3245 5466 τῶν
3295 5411 3559 5479 δένδρων

1984 5506 2187 5560 κεῖται.
2213 5505 2342 5560 Πᾶν
2369 5503 2480 5561 οὖν
2506 5505 2757 5574 δένδρον
2772 5505 2856 5576 μὴ
2883 5505 3095 5559 ποιοῦν
3118 5505 3350 5572 καρπὸν
3367 5501 3557 5556 καλὸν
3591 5569 3602 5586 ⁸

1982 5595 2350 5661 ἐκκόπτεται,
2386 5595 2484 5649 καὶ
2523 5597 2609 5661 εἰς
2651 5593 2770 5662 πῦρ
2798 5592 3113 5657 βάλλεται.
3164 5592 3554 5652 ’Δκουέτωσαν,

1982 5687 2063 5739 ὃτι
2095 5686 2154 5740 οὐ
2184 5685 2436 5742 δῦνανται
2464 5685 2776 5758 προφέρειν,
2811 5686 2904 5754 ἀφ’
2933 5678 3007 5739 ὧν
3039 5683 3113 5755 μὴ
3139 5683 3554 5756 παραδέχονται.

391 5823 435 5853 εκ
476 5823 662 5877 διειιιιι.
696 5837 820 5888 xxv,
855 5821 946 5875 ιι.
1024 5821 1071 5852 ει
1110 5820 1300 5878 Μοιιὶι.
1335 5835 1433 5885 ιιι,
1467 5817 1635 5879 7-1ος
1669 5817 1796 5874 Luc.
1833 5833 1926 5885 ll),
1966 5791 2075 5873 749.
