4042 6404
191 325 316 380 Ηίδὸ

1419 338 1698 395 CONTRA
1738 342 2178 401 MANICHIEOS.

3279 356 3414 410 1106

187 438 255 489 Οὐ
285 437 394 508 γὰρ
419 436 660 508 δέχονται
689 441 777 494 τὸν
817 442 1122 514 Βαπτιστὴν
1168 445 1435 518 Ἰωάννην,
1464 451 1748 522 τυγχάνον-

1857 455 1948 510 Sic
1997 466 2171 514 tamen
2222 457 2324 515 illis
2376 463 2800 530 respondendum
2842 476 2942 523 est.
2995 468 3132 523 Toto
3182 467 3416 525 Joannes

185 545 248 581 τα
296 529 391 581 ἐνα
419 529 519 599 τῆς
558 533 798 596 Παλαιᾶς
844 536 1084 608 Γραφῆς.
1128 539 1316 610 Ὅμως
1348 541 1403 594 δὲ
1441 544 1532 596 καὶ
1578 544 1750 608 οὕτως

187 619 374 688 ῥητέον
424 621 559 690 πρὸς
603 623 818 688 αὐτούς’
871 625 972 678 Διὰ
1028 627 1206 698 πάσης
1247 631 1343 700 τῆς
1393 634 1750 704 συμφράσεως

184 712 396 781 ἀναιρεῖ
425 712 484 764 τὸ
531 713 689 782 φύσει
738 717 974 784 ἀγαθοὺς
1020 720 1112 772 καὶ
1157 721 1312 788 φύσει
1353 719 1490 775 εἶναι
1524 725 1743 789 κακούς.

181 800 342 868 Λέγει
390 802 498 873 γὰρ
553 805 689 875 πρὸς
741 808 962 872 αὐτούς·
1015 811 1311 875 Ποιήσατε
1360 808 1472 866 οὖν
1522 815 1749 882 καρπὸν

179 891 256 956 tif
261 910 352 945 ιον
381 892 485 961 τῆς
501 898 836 963 μετανοίας.
859 901 1130 955 Μετάνοια
1150 903 1206 955 δὲ
1229 903 1321 956 καὶ
1347 905 1555 976 καρπὸς
1579 907 1748 976 αὐτῆς

178 983 239 1035 οὐ
276 985 483 1050 πίπτει,
532 986 655 1039 οὔτε
697 990 834 1059 πρὸς
874 991 962 1045 τὸν
1009 993 1127 1046 κατ’
1177 994 1361 1047 οὐσίαν
1406 996 1595 1064 κακὸν,
1625 997 1747 1050 οὔτε

180 1074 318 1145 πρὸς
341 1077 430 1130 τὸν
465 1077 623 1147 φύσει
656 1081 858 1148 ἀγαθὸν
891 1083 1038 1136 ὄντα.
1070 1085 1192 1148 Πῶς
1222 1086 1329 1156 γάρ
1356 1089 1383 1140 ὁ
1411 1089 1520 1140 αἰεὶ
1546 1089 1748 1156 ἀγαθὸς

175 1166 368 1237 χρῄζει
395 1169 710 1238 μετανοίαςς
739 1172 770 1243 ἢ
807 1173 922 1237 πῶς
943 1176 971 1226 ὁ
998 1175 1153 1244 φύσει
1183 1177 1349 1242 κακὸς
1372 1181 1640 1250 χρήσηται
1671 1180 1748 1250 τῷ

174 1259 366 1329 ἀγαθῷ
398 1260 494 1329 τῆς
537 1262 855 1330 μετανοίας-ς
894 1265 951 1318 '0
973 1265 1081 1336 γάρ
1100 1271 1216 1322 κατ’
1250 1269 1437 1321 οὐσίαν
1461 1268 1534 1322 ῶν
1559 1270 1744 1334 κακὸς,

174 1349 518 1419 ἐκτραπῆναι
549 1350 647 1419 τῆς
673 1351 946 1421 ἁμαρτίας
972 1357 1032 1408 οὐ
1069 1358 1286 1412 δύναται
1308 1377 1321 1390 ο
1358 1361 1472 1414 ἀλλ’
1510 1362 1630 1416 οὐδέ
1660 1363 1745 1416 ἐπ’

171 1437 414 1509 ὠφελείᾳ
449 1441 703 1510 μετάνοια
729 1441 936 1510 γίνεται
967 1446 1058 1499 τοῦ
1090 1449 1315 1516 ἀγαθοῦ.
1360 1453 1478 1505 Ἔτι
1511 1453 1616 1524 μὴν
1654 1455 1748 1507 καὶ

170 1530 233 1581 ἐκ
263 1529 374 1581 τῶν
399 1529 583 1596 λίθων,
617 1531 724 1585 τῶν
753 1533 1116 1608 δεικνυμένων
1144 1541 1232 1592 ὑπ’
1266 1541 1450 1606 αὐτοῦ,
1489 1542 1632 1611 λέγει
1659 1544 1746 1596 τέ·

174 1637 284 1674 κνα
312 1621 704 1692 ἐγερθήσεσθαι
727 1625 801 1695 τῷ
830 1627 1075 1699 Ἀϐραάμ
1099 1649 1108 1657 ·
1141 1631 1319 1694 λίθους
1345 1633 1400 1686 δέ
1427 1634 1598 1700 λέγων
1622 1635 1747 1698 τοὺς

168 1711 434 1780 ἠλιθίους,
478 1715 569 1766 καὶ
597 1713 678 1767 ἔτι
734 1717 1066 1787 ἐμμένοντας
1105 1726 1170 1794 τῇ
1213 1727 1379 1797 κακίᾳ
1408 1727 1740 1799 ἀνθρώπους.

1855 557 2107 601 contextu
2139 549 2394 619 destruit,
2430 568 2548 608 esse
2580 566 2772 610 natura
2807 558 2980 614 bonos
3003 601 3016 623 ,
3039 569 3094 615 et
3121 561 3290 615 malos
3317 579 3417 616 na-

1855 645 1994 692 tura.
2018 637 2106 692 Ait
2133 641 2271 695 enim
2301 644 2365 696 ad
2399 645 2550 700 illos:
2582 645 2766 702 Facite
2793 667 2912 720 ergo
2945 651 3172 719 fructum
3200 634 3438 720 dignum,

1849 730 2194 796 pmnitentiw.
2238 732 2401 801 Atqui
2441 735 2751 803 paenitentia
2789 737 3008 807 ejusque
3052 739 3262 794 fructus
3309 757 3414 794 non

1851 821 2084 888 cadunt,
2116 837 2291 891 neque
2319 825 2370 878 in
2400 841 2518 880 eum
2550 828 2636 895 qui
2673 843 2766 896 per
2790 831 3078 884 essentiam
3108 831 3277 884 malus
3302 831 3372 884 sit
3397 871 3414 898 ,

1850 929 1948 967 nec
1973 914 2064 982 qui
2091 924 2280 968 natura
2310 916 2500 971 bonus.
2535 919 2810 984 Quomodo
2837 921 2978 974 enim
3007 932 3124 991 eget
3152 923 3418 992 poeniten-

1851 1004 1960 1067 tia,
1992 1005 2081 1074 qui
2113 1015 2197 1060 est
2245 1022 2459 1076 semper
2498 1011 2728 1078 probus?
2781 1023 2875 1066 aut
2919 1015 3185 1081 quomodo
3234 1015 3280 1069 is
3323 1016 3417 1083 qui

1847 1104 2036 1149 natura
2067 1097 2236 1153 malus
2263 1109 2373 1164 est,
2405 1101 2540 1155 bono
2564 1103 2896 1171 paenitentia:
2925 1107 3142 1160 utetur?
3168 1105 3298 1158 Nam
3324 1108 3414 1175 qui

1852 1202 1948 1255 per
1981 1190 2272 1244 essentiam
2313 1192 2487 1247 malus
2512 1203 2624 1260 est,
2655 1212 2682 1248 a
2712 1207 2932 1264 peccato
2962 1198 3155 1250 mutari
3183 1212 3288 1250 non
3323 1212 3416 1266 po-

1847 1286 1992 1343 test;
2025 1281 2116 1333 sed
2149 1297 2246 1336 nec
2289 1282 2395 1336 ulla
2437 1286 2642 1340 utilitas
2695 1295 2778 1342 est
2830 1289 3090 1358 poenitere
3136 1289 3201 1342 de
3253 1290 3413 1344 bono.

1845 1367 2113 1425 Praeterea
2159 1387 2225 1426 ex
2264 1376 2497 1430 ostensis
2545 1379 2611 1433 ab
2640 1378 2756 1445 ipso
2787 1379 3052 1449 lapidibus
3079 1381 3415 1437 suscitandas

1847 1461 1924 1515 ait
1952 1462 2096 1517 ﬁlios
2125 1466 2354 1520 Abrahae
2383 1485 2395 1529 ;
2427 1483 2616 1538 nempe
2645 1471 2845 1540 lapides
2876 1487 3070 1526 vocans
3105 1473 3330 1526 stolidos
3355 1485 3412 1526 et

1845 1553 2138 1618 vecordes,
2187 1569 2250 1609 ac
2303 1557 2392 1624 qui
2433 1559 2608 1612 adhuc
2664 1560 2714 1612 in
2769 1561 2969 1614 malitia
3020 1571 3412 1631 permanerent.

1845 1639 1954 1695 llos
1984 1644 2128 1697 enim
2181 1645 2227 1698 si
2281 1649 2593 1715 paenituerit
2638 1665 2699 1704 ac
2746 1649 2856 1705 Deo
2902 1653 3229 1707 crediderint
3269 1693 3284 1715 ,
3318 1653 3413 1706 ﬁlii

1847 1732 2080 1788 Abrahae
2119 1750 2320 1804 erunt;
2373 1741 2460 1808 qui
2518 1751 2800 1810 propterea
2846 1742 3006 1796 homo
3041 1746 3132 1798 Dei
3175 1746 3412 1810 audivit,

167 1803 228 1854 ΕΞ
256 1803 368 1872 γὰρ
404 1807 790 1876 μετανοήσαιεν
815 1803 981 1874 οὗτοι,
1005 1813 1099 1865 καὶ
1125 1815 1471 1870 πιστεύσαιεν
1499 1819 1576 1889 τῷ
1605 1819 1742 1891 Θεῷ,

1850 1825 1987 1891 quod
2023 1825 2076 1879 iu
2126 1826 2293 1882 Deum
2339 1803 2669 1897 crediderit,
2712 1834 2846 1888 adeo
2890 1843 2946 1888 ut
2992 1833 3124 1888 ilch
3166 1846 3408 1904 reputata

165 1895 338 1947 τέκνα
373 1896 466 1949 τοῦ
507 1896 756 1968 Ἀϐραὰμ
783 1900 1015 1970 ἔσονται,
1044 1906 1101 1968 ὃς
1142 1907 1229 1960 διὰ
1258 1909 1414 1962 τοῦτο
1459 1909 1740 1982 ἄνθρωπος

1849 1915 1919 1967 sit
1941 1915 1988 1968 ei
2022 1918 2084 1970 ad
2110 1917 2374 1986 justitiam
2408 1921 2473 1975 ⁸⁵.

163 1987 444 2059 Θεοῦ(55)
479 1991 860 2062 ἐχρημάτισεν,
893 1993 975 2047 ὃτι
1010 1995 1324 2051 ἐπίστευσεν
1392 2001 1471 2062 εἰς
1534 1999 1693 2052 αὐτὸν
1745 1998 1836 2052 τὸν
1873 2001 2022 2069 Θεὸν,
2081 2005 2156 2068 ὼς
2220 2006 2315 2061 τὴν
2367 2009 2548 2062 πίστιν
2601 2009 2764 2063 αντοῦ
2813 2011 2892 2073 εἰς
2936 2011 3276 2084 δικαιοσύνην
3330 2013 3415 2066 λο-

164 2096 212 2147 γι
223 2078 448 2149 σθῆναι.

929 2175 1056 2232 CAP.
1097 2177 1236 2232 XVI.
1279 2178 1552 2234 Genimina
1587 2181 1875 2249 viperarum
1907 2183 2053 2251 facti,
2091 2185 2178 2248 qui
2207 2189 2398 2254 posteri
2427 2188 2672 2245 Abrahae.

245 2269 410 2322 Ἐπεὶ
436 2268 491 2322 δὲ
521 2269 738 2323 κάκεῖνο
772 2269 1078 2340 ἠκούσαμεν
1119 2269 1408 2341 λεγόμενον
1450 2271 1542 2323 ὑπ’
1565 2272 1742 2325 αὐτῶν

167 2363 310 2432 πρὸς
337 2363 464 2425 τοὺς
501 2364 561 2414 ἐκ
586 2363 680 2415 τοῦ
721 2362 968 2434 Ἀϐραὰμ
993 2363 1087 2415 καὶ
1135 2362 1240 2415 τῶν
1273 2363 1445 2416 ἄλλων
1473 2365 1641 2431 ἁγίων
1662 2366 1748 2418 άν-

166 2452 313 2524 δρῶν
339 2451 785 2522 γεγεννημένους,
813 2453 894 2516 τὸ,
959 2454 1185 2521 Ὀφεις,
1239 2453 1578 2523 γεννήματα
1623 2456 1736 2525 ἐχι-

166 2541 352 2608 δνῶν,
369 2543 681 2614 λεγόμενον,
699 2543 906 2614 ἐχίδνας
921 2543 1046 2606 τοὺς
1061 2543 1204 2613 ἀμφὶ
1218 2544 1306 2596 τὸν
1323 2545 1522 2615 Ἀϐραὰ
1532 2563 1569 2615 μ
1584 2545 1748 2615 δηλοῖ·

167 2636 412 2688 τστωσαν
441 2635 719 2705 μαχόμενα
763 2638 828 2706 τῇ
864 2635 1160 2706 ἀκολουθίᾳ
1198 2635 1290 2688 τοῦ
1319 2635 1610 2704 κεφαλαίου
1660 2637 1748 2690 λέ‹

1922 2276 2056 2343 Quia
2079 2291 2205 2331 vero
2237 2277 2362 2330 illud
2387 2281 2549 2333 etiam
2581 2284 2647 2335 ab
2676 2283 2793 2337 istis
2830 2283 3030 2340 dictum
3073 2285 3401 2347 audivimus.

1852 2367 1905 2421 in
1937 2380 2029 2422 eos
2059 2368 2148 2436 qui
2176 2383 2238 2422 ex
2268 2367 2541 2424 Abraham
2575 2382 2628 2425 et
2650 2373 2770 2428 aliis
2794 2377 2994 2430 sanetis
3018 2377 3146 2430 viris
3173 2380 3411 2445 generati

1851 2467 2002 2524 sunt;
2035 2459 2186 2526 quasi
2217 2461 2470 2514 nimirqu
2505 2463 2766 2529 dicendo,
2815 2464 3106 2534 Serpentes,
3147 2471 3414 2535 progenies

1847 2549 2183 2616 viperarum,
2269 2552 2638 2606 Abrahamum
2705 2566 3033 2626 nepotesque
3109 2558 3411 2626 signiﬁcet;

1845 2639 2058 2694 discant
2085 2640 2170 2696 isti
2201 2643 2494 2712 pugnantia
2527 2659 2582 2699 se
2603 2645 2746 2716 loqui
2773 2650 3172 2718 consequentia:
3199 2651 3408 2718 capitis.

173 2747 383 2799 γοντες.
442 2729 682 2799 Ἐλέγχει
728 2729 836 2800 γάρ
884 2730 1099 2794 αὐτοὺς,
1141 2730 1216 2792 ὡς
1251 2730 1324 2800 μὴ
1359 2729 1452 2782 τοῦ
1501 2730 1747 2802 Ἀϐραὰμ

1850 2728 2030 2798 Arguit
2053 2730 2195 2784 enim
2229 2741 2282 2784 et
2315 2733 2600 2800 vituperat,
2629 2736 2769 2804 quod
2799 2752 2900 2790 non
2926 2751 3108 2793 essent
3130 2739 3222 2793 lilii
3250 2741 3414 2794 Abra-

167 2821 354 2884 6ντας,
413 2819 528 2874 ἀλλ’
579 2820 802 2890 ἐχιδνῶν
853 2821 1195 2889 γεννήματα,
1254 2820 1745 2892 προσποιουμένους

168 2913 259 2964 ιιαὶ
301 2913 481 2982 μάτην
504 2911 801 2980 αὐχοῦντας
835 2907 1086 2963 εἶναιτοῦ
1132 2909 1398 2980 Ἀϐραάμ.
1443 2912 1603 2979 Λέγει
1636 2911 1743 2982 γὰρ

168 3007 219 3058 ἐν
257 3007 438 3076 ἑτέρῳ
467 3004 741 3075 κεφαλαίῳ
760 3005 991 3076 ὁΣωτὴρ
1022 3005 1152 3076 πρὸς
1188 3003 1380 3066 αὐτούς
1407 3003 1536 3074 (54)-
1567 3003 1746 3056 Τοῦτο

178 3097 440 3166 Ἀϐραὰμ
478 3098 588 3150 οὐκ
625 3097 912 3163 ἐποίησεν
963 3096 1040 3166 (ὃν
1095 3096 1277 3169 λέγετε
1332 3096 1542 3166 πατέρα
1593 3094 1746 3165 ὑμῶν

170 3185 309 3243 εἶναι
339 3187 700 3260 ψευδόμενοι).
725 3192 794 3242 El
832 3189 942 3258 γὰρ
965 3189 1147 3242 τέκνα
1187 3184 1291 3257 ἦτε
1318 3187 1424 3241 τοῦ
1470 3187 1743 3255 Ἀϐραὰμ,

173 3281 425 3334 ἐποιεῖτε
454 3280 532 3334 ἂν
561 3281 666 3334 τοῦ
710 3280 966 3349 Ἀϐραὰμ
998 3281 1068 3332 τὰ
1097 3279 1256 3347 ἔργα.
1304 3279 1454 3332 Ἀλλ’
1485 3277 1652 3347 ὑμεῖς
1677 3277 1745 3330 ἐκ

178 3373 279 3426 τοῦ
303 3373 532 3440 πατρὸς
556 3371 721 3442 ὑμῶν
749 3373 887 3426 ἐστε
921 3370 1025 3425 τοῦ
1053 3370 1357 3432 διαϐόλου,
1381 3369 1476 3422 καὶ
1501 3369 1603 3434 τὰς
1631 3369 1748 3420 ἐπι-

188 3464 389 3530 θυμίας
419 3461 526 3517 τοῦ
557 3463 779 3530 πατρὸς
813 3461 975 3531 ὑμῶν
1006 3460 1206 3515 θέλετε
1244 3459 1452 3512 ποιεῖν.
1493 3457 1747 3522 Ἐκεῖνος

190 3555 294 3621 γὰρ
319 3554 807 3622 ἀνθρωποκτόνος
838 3553 1008 3607 ἐστὶν
1044 3553 1146 3606 ἀπ’
1193 3549 1406 3620 ἀρχῆς,
1447 3549 1544 3602 καὶ
1573 3550 1641 3602 ἐν
1673 3549 1748 3618 τῇ

186 3646 426 3711 ἀληθείᾳ
482 3647 595 3712 οὐχ
643 3645 917 3711 ἕστηκεν.
969 3639 1042 3696 Εὖ
1072 3643 1126 3694 δέ
1157 3643 1248 3695 καὶ
1297 3641 1356 3694 τὸ
1397 3643 1586 3706 εἰπεῖν,
1625 3643 1746 3707 Οὐχ

182 3735 461 3802 ἕστηκεν,
495 3734 705 3808 δεικνὺς
741 3734 900 3787 αὐτὸν
947 3733 1206 3804 πρότερον
1243 3732 1527 3801 ἱστάμενον
1574 3731 1630 3784 ἐν
1680 3733 1746 3800 τῇ

179 3827 424 3898 ἀληθείᾳ.
453 3826 673 3897 Πατέρα
695 3827 747 3879 δὲ
771 3825 947 3878 αὐτῶν
969 3824 1116 3893 λέγει
1142 3824 1230 3876 τὸν
1253 3823 1514 3884 διάϐολον,
1543 3821 1629 3874 διὰ
1651 3822 1748 3890 τὴν

173 3919 436 3988 ὁμοίωσιν
456 3917 556 3986 τῆς
585 3917 790 3988 τροπῆς
819 3917 912 3970 καὶ
937 3917 1035 3986 τῆς
1061 3915 1360 3985 ποιότητος.
1381 3915 1542 3966 Ὥστε
1568 3913 1627 3966 οὐ
1657 3913 1747 3965 τὸν

186 4009 441 4081 Ἀϐραὰμ
473 4008 566 4061 καὶ
613 3997 761 4071 τοὺς
800 4009 894 4060 σὺν
930 4006 1076 4077 αὑτῷ
1113 4007 1300 4075 ἁγίους
1337 4006 1547 4075 ἐχίδνας
1579 4001 1746 4058 εἶπεν.

184 4101 279 4155 Ἐκ
305 4099 612 4170 μεταϐολῆς
657 4101 764 4171 γὰρ
793 4099 947 4169 ἔσχον
986 4100 1160 4157 τοῦτο,
1204 4097 1262 4150 τὸ
1292 4097 1396 4150 υἱοὶ
1423 4097 1641 4167 ἐχιδνῶν
1673 4093 1749 4149 εἷ-

174 4210 285 4256 ναι,
319 4191 412 4244 διὰ
459 4191 521 4244 τὸ
544 4191 737 4253 αὐτοὺς
767 4193 1020 4265 πονηροῖς
1047 4189 1347 4260 κεχρῆσθαι
1391 4188 1748 4252 διδασκάλοις,

174 4284 247 4347 ὡς
279 4285 528 4354 εἴρηται,
572 4281 710 4335 κατὰ
767 4282 902 4334 ἰδίαν
937 4282 1273 4352 προαίρεσιν.
1325 4281 1486 4348 Λέγει
1528 4279 1751 4333 τοίνυνὸ

187 4376 446 4442 Ἰωάννης
474 4375 676 4437 αὐτοῖς·
730 4373 880 4426 Ἐπεὶ
911 4373 1050 4425 κατά
1084 4372 1379 4443 μεταϐολὴν
1401 4371 1496 4443 τὴν
1528 4371 1583 4437 ἐξ
1623 4373 1750 4442 ἀρε-

175 4466 269 4533 τῆς
298 4466 459 4534 ὄφεις
487 4461 786 4530 ἠθελήσατε
807 4461 1055 4530 γενέσθαι
1104 4463 1244 4531 (οὖδέ
1271 4462 1378 4532 γάρ
1418 4461 1537 4514 καθ’
1567 4461 1753 4513 οὐσίαν

176 4551 311 4624 ἦσαν
337 4554 618 4624 τοιοῦτοι),
648 4553 924 4607 παύσασθε
954 4553 1046 4607 τοῦ
1074 4551 1211 4607 εἶναι
1237 4554 1454 4624 ἐχιδνῶν
1490 4554 1759 4625 γεννήμα-

175 4665 265 4711 τα,
300 4641 382 4700 ὧν
415 4647 708 4717 ἐθελήσατε
737 4647 834 4718 τὴν
866 4647 1120 4716 ποιότητα
1174 4646 1337 4716 ἔχειν.
1381 4647 1614 4715 Πονηροὶ
1652 4647 1759 4718 γὰρ

182 4739 244 4789 ἐκ
281 4737 563 4807 πονηρῶν,
583 4737 677 4788 καὶ
700 4737 871 4789 ἄδικοι
893 4737 952 4800 ἐξ
977 4737 1175 4789 ἀδίκων
1205 4736 1570 4789 ἐσπουδάσατε
1597 4732 1756 4790 εἶναι.

189 4829 330 4882 Ἀλλ’
367 4829 515 4889 ἐπεὶ,
546 4828 634 4881 διὰ
662 4829 721 4880 τὸ
750 4830 842 4881 ἐπὶ
869 4829 928 4881 τὸ
967 4828 1249 4898 βάπτισμα
1281 4810 1556 4898 ἔρχεσθαι,
1594 4846 1752 4898 μετα-

175 4921 326 4983 νοίας
361 4920 551 4986 λέγετε
587 4923 808 4988 σημεῖον
839 4920 1045 4989 φέρειν,
1081 4919 1462 4990 προσποιητῶς
1494 4919 1551 4971 δὲ
1599 4919 1757 4972 τοῦτο

175 5015 412 5076 ποιεῖτε,
444 5011 590 5079 λέγω
620 5013 767 5082 ὑμῖν·
798 5013 892 5077 Τίς
906 5010 1218 5074 ὑπέδειξεν
1244 5010 1384 5080 ὑμῖν
1408 5010 1618 5079 φυγεῖν
1638 5011 1755 5064 ἀπὸ

174 5102 286 5170 τῆς
303 5106 660 5173 μελλούσης
689 5104 869 5173 ὀργῆς
891 5120 909 5166 ;
945 5105 1003 5157 Ὀ
1030 5101 1138 5174 γὰρ
1167 5102 1463 5173 μετανοῶν,
1495 5101 1582 5155 διὰ
1603 5103 1757 5155 τοῦτο

179 5197 457 5264 μετανοεῖ,
495 5196 579 5248 ἵνα
632 5197 828 5266 μηκέτι
857 5195 1184 5267 ἁμαρτάνων
1224 5193 1396 5264 φεύγῃ
1428 5193 1526 5264 τὴν
1568 5195 1759 5264 ἐσομέ-

249 5322 300 5354 ⁸⁶
342 5323 502 5376 Rom.
533 5336 608 5384 tv,
643 5321 697 5373 3.
773 5321 819 5352 ⁸⁷
850 5318 1005 5376 Joan.
1034 5336 1156 5386 vui,
1187 5320 1373 5377 59-44.

251 5457 371 5526 (55)
404 5459 747 5525 Ἀνθρωπος
773 5456 941 5513 Θεοῦ.
975 5457 1030 5512 1η
1063 5467 1245 5512 nostro
1270 5457 1586 5526 exemplari,
1624 5457 1756 5510 ami-

180 5545 275 5581 cus
314 5528 406 5580 Dei
443 5529 654 5595 legitur.
693 5527 1010 5582 Turriauus.
1045 5526 1250 5580 ——Jac.
1279 5527 1428 5585 ιι.Ξό
1462 5548 1472 5581 :
1518 5527 1626 5580 Καὶ
1677 5529 1758 5594 φί-

180 5596 438 5660 λοςΘεοῦ
466 5597 690 5668 ἐκλήθη.
741 5598 831 5652 Sic
874 5608 929 5653 et
965 5598 1006 5651 ιι
1052 5597 1225 5650 Paral.
1275 5613 1365 5662 xx,
1409 5598 1464 5660 7,
1510 5613 1606 5651 nec
1651 5613 1754 5651 non

183 5667 594 5804 lhaiiixblihlzbc
638 5738 874 5803 αὐτούς·
906 5736 1079 5792 τοῦτο
1108 5739 1251 5806 Ἀϐρ.
1294 5735 1367 5789 Ex
1415 5709 1561 5792 textu
1599 5734 1754 5790 Joan.

1846 2821 1951 2881 hae.
2004 2823 2097 2876 sed
2153 2824 2242 2892 qui
2279 2825 2565 2893 progenies
2605 2826 2936 2895 viperarum,
2980 2831 3176 2883 frustra
3229 2846 3413 2885 semen

1850 2912 2083 2967 Abrahae
2111 2913 2455 2982 praeferrent,
2488 2932 2660 2986 eoque
2691 2920 3053 2989 gloriarentur
3080 2938 3142 2977 ac
3175 2923 3274 2976 sibi
3300 2924 3413 2992 pla-

1851 3007 2056 3052 cerent.
2084 3000 2173 3052 Ait
2213 3004 2356 3055 enim
2389 3005 2453 3056 ad
2489 3019 2581 3058 eos
2624 3004 2874 3060 Salvator
2911 3009 2959 3061 in
3003 3010 3107 3063 alio
3133 3012 3367 3080 capitulo
3397 3028 3411 3067 :

1851 3085 1965 3142 [loc
2011 3091 2273 3146 Abraham
2327 3112 2430 3148 non
2477 3096 2619 3164 fecit,
2690 3114 2846 3166 quem
2883 3115 2980 3154 vos
3031 3102 3169 3156 falso
3204 3113 3410 3170 patrem

1849 3189 2083 3234 vestrum
2138 3197 2256 3238 esse
2300 3185 2500 3241 dicitis.
2539 3187 2600 3242 Si
2641 3191 2776 3242 enim
2807 3190 2908 3258 ﬁlii
2954 3192 3180 3246 Abrahae
3212 3195 3411 3260 essetis,

1849 3287 2002 3339 opera
2028 3274 2252 3329 Abralue
2288 3278 2547 3344 faceretis.
2581 3279 2684 3332 Sed
2713 3297 2797 3334 vos
2825 3298 2888 3334 ea:
2918 3293 3066 3350 patre
3094 3295 3258 3338 vestro
3291 3286 3411 3337 dia-

1849 3360 1964 3414 bolo
1990 3365 2137 3428 estis,
2165 3377 2210 3418 et
2247 3368 2508 3421 desideria
2534 3371 2699 3437 patris
2732 3374 2884 3423 vestri
2915 3372 3066 3425 vultis
3088 3374 3278 3440 facere.
3314 3373 3414 3428 Ille

1848 3455 1983 3506 enim
2029 3455 2288 3510 homicida
2353 3468 2465 3511 erat
2517 3461 2578 3512 ab
2623 3460 2790 3526 initio,
2847 3470 2894 3516 et
2945 3463 3000 3515 iu
3055 3467 3268 3516 veritate
3313 3481 3414 3518 non

1848 3547 1986 3599 stetit
2018 3547 2083 3599 ⁸⁷.
2117 3546 2227 3601 Hoc
2265 3565 2473 3618 quoquc
2520 3552 2774 3620 praeclare
2813 3553 3036 3617 dictum,
3091 3553 3158 3607 In
3203 3556 3415 3608 veritate

1850 3639 2122 3703 uoustetit,
2163 3656 2269 3708 quo
2303 3643 2448 3709 prius
2483 3642 2535 3694 in
2588 3643 2812 3698 veritate
2859 3645 3074 3698 stetisse
3123 3647 3411 3716 signiﬁcat.

1850 3728 2064 3783 Patrem
2113 3741 2293 3784 autem
2327 3748 2512 3786 eorum
2548 3736 2756 3788 vocavit
2793 3735 3086 3798 diabolum,
3120 3735 3263 3805 quod
3295 3738 3413 3804 pari

1851 3835 1972 3872 cum
2006 3821 2095 3873 illo
2123 3823 2332 3876 ratione
2369 3823 2558 3877 mutati
2611 3835 2736 3878 sunt
2783 3841 2845 3878 ac
2888 3827 3149 3894 qualitate
3200 3826 3413 3882 imbuti.

1851 3911 2207 3977 Quamobrem
2244 3929 2348 3968 non
2389 3916 2657 3969 Abraham
2690 3929 3012 3986 sanctosque
3059 3918 3130 3970 illi
3179 3917 3414 3971 asseclas

1851 4007 2063 4072 viperas
2095 4006 2399 4075 appellarit.
2451 4006 2517 4062 Ut
2561 4010 2702 4063 enim
2739 4009 2829 4063 ﬁlii
2863 4009 3168 4078 viperarum
3213 4018 3412 4072 essent,

1851 4110 1917 4149 ex
1956 4099 2254 4151 mutatione
2304 4098 2624 4164 habuerunt,
2667 4101 2866 4154 idcirco
2912 4101 3035 4170 quia
3077 4116 3172 4155 sua
3205 4110 3412 4168 sponte,

1851 4187 2009 4242 malis
2057 4189 2347 4257 magistris,
2408 4191 2547 4244 sicut
2594 4191 2794 4244 dictum
2844 4199 2946 4258 est,
2997 4192 3074 4245 usi
3125 4200 3266 4245 sunt.
3325 4190 3417 4244 Ait

1853 4276 2018 4347 igitur
2058 4278 2161 4332 illis
2196 4279 2468 4335 Joannes:
2500 4280 2944 4350 Quandoquidem
3004 4285 3180 4337 aversi
3235 4299 3263 4336 a
3309 4285 3417 4337 vir-

1782 4387 1824 4442 D
1857 4379 1986 4435 tute,
2021 4384 2300 4442 serpentes
2328 4373 2441 4427 ﬁeri
2476 4373 2716 4426 voluistis
2763 4372 2909 4443 (non
2941 4375 3082 4428 enim
3111 4390 3205 4444 per
3230 4390 3416 4429 essen-

1855 4463 1980 4516 tiam
2025 4463 2156 4517 tales
2182 4463 2398 4533 erant),
2441 4464 2670 4519 desinite
2699 4479 2819 4519 esse
2854 4465 3034 4532 proles
3080 4467 3410 4533 viperarum,

1852 4570 2079 4624 quarum
2121 4554 2436 4624 qualitatem
2464 4555 2708 4610 voluistis
2747 4557 2966 4609 habere.
2999 4554 3120 4608 Mali
3172 4557 3314 4609 enim
3349 4571 3415 4610 ex

1857 4647 2037 4709 malis,
2082 4659 2256 4715 exque
2306 4647 2506 4715 iniquis
2553 4647 2720 4716 iniqui
2773 4661 2894 4700 esse
2944 4647 3252 4700 studuistis.
3313 4647 3416 4700 Sed

1855 4733 1978 4800 quia
2015 4731 2195 4787 dicitis
2226 4749 2318 4787 vos
2353 4735 2684 4802 puruitentia:
2712 4735 2926 4803 signum
2953 4734 3114 4798 ferre,
3161 4733 3302 4803 quod
3349 4738 3417 4790 ad

1855 4825 2177 4892 baptismum
2227 4826 2453 4889 venitis;
2519 4827 2622 4881 hoc
2666 4837 2841 4880 autem
2895 4827 3146 4880 simulate
3203 4828 3414 4891 facitis;

1857 4916 1976 4969 dico
2015 4915 2184 4982 vobis,
2217 4916 2347 4981 Quis
2373 4919 2591 4970 ostendit
2622 4916 2762 4971 vobis
2792 4916 2966 4986 fugere
2991 4933 3022 4969 a
3049 4926 3263 4970 ventura
3297 4918 3375 4969 ira
3394 4916 3420 4969 3

1857 5009 2025 5073 Quem
2052 5009 2193 5063 enim
2226 5009 2465 5078 panitet,
2491 5010 2608 5063 ideo
2632 5011 2880 5077 paenitet,
2915 5019 2990 5072 ut,
3015 5010 3138 5062 dum
3159 5024 3265 5062 non
3296 5024 3413 5061 am-

1859 5099 1998 5168 plius
2015 5110 2219 5167 peccat,
2241 5103 2371 5154 iram
2389 5117 2506 5167 quae
2529 5100 2704 5154 futura
2727 5110 2809 5153 est
2826 5099 3084 5154 adversus
3107 5109 3422 5168 peccatores

1861 5191 2099 5262 effugiat.
2135 5192 2301 5262 Rogat
2333 5204 2534 5257 autem,
2563 5191 2692 5258 Quis
2713 5193 2850 5246 vobis
2878 5193 3142 5248 ostendit?
3172 5201 3232 5244 ut
3253 5192 3420 5255 dicat,

1864 5473 1985 5522 vttt,
2015 5457 2105 5522 40,
2146 5458 2287 5512 hunc
2325 5457 2502 5511 locum
2542 5457 3019 5528 sicidistinximus,
3049 5457 3272 5528 ejusque
3301 5475 3420 5512 ver-

1865 5531 2070 5582 sionem
2130 5528 2564 5581 reforutavimus.
2628 5527 2914 5594 Perperam
2967 5539 3190 5596 uterque
3256 5529 3419 5581 inter-

1865 5614 2013 5664 pres,
2043 5597 2339 5667 Turrianus
2365 5608 2417 5650 et
2445 5596 2799 5667 Combelisius
2823 5615 2836 5649 :
2866 5597 3000 5667 πρὸς
3027 5599 3223 5659 αὐτοὺς
3243 5598 3416 5650 τοῦτο.

1864 5667 2016 5736 Ἀϐρ.
2057 5697 2124 5706 --
2163 5667 2217 5720 In
2246 5665 2350 5722 alio
2387 5666 2619 5735 capitulo
2647 5685 2661 5721 :
2698 5665 2958 5720 Abraham
2983 5685 3084 5721 non
3110 5670 3250 5736 fecit.

3488 3703 3880 3793 (Γειίςνυεη
