4042 6404
632 356 765 410 H07

1854 340 2090 396 DIDYMI
2129 335 2601 395 ALEXANDRINI

3690 341 3788 397 11ῡ8

627 469 719 536 qui
747 468 903 520 docet
930 476 1055 517 vere
1079 476 1109 515 a
1141 459 1281 515 malo
1316 458 1568 513 recedere
1593 498 1609 522 ,
1661 469 1768 509 non
1799 469 1913 509 rem
1947 453 2200 508 simulate

2315 469 2398 521 θην
2423 450 2564 502 κατὰ
2612 447 2720 500 τῶν
2763 448 3187 519 ἁμαρτανόντων
3217 447 3404 517 ὁργην.
3444 446 3719 507 Πυνθάνεται
3752 460 3791 512 6‘;

629 569 922 628 praestare;
970 571 1064 610 vos
1093 564 1273 608 autent
1302 568 1423 607 cum
1461 549 1807 605 simulatione
1841 546 2039 610 facitis,
2073 545 2199 598 dum

629 653 694 703 ad
723 648 1044 716 baptismum
1081 645 1362 700 acceditis.
1419 641 1536 696 Non
1581 640 1744 708 igitur
1786 635 2198 691 mundabimini.

628 739 728 806 Qui
762 738 905 790 enim
944 735 1055 788 vult
1087 750 1211 789 vere
1241 730 1510 792 mundari,
1550 744 1579 782 a
1604 726 1844 797 peccatis
1882 725 2112 786 desistit,
2149 734 2204 778 et

629 829 934 899 hujusmodi
969 828 1201 880 fructum
1237 823 1568 893 poenitentia:
1595 819 1770 888 aﬂert,
1803 819 2010 872 faciens
2035 832 2201 885 opera

629 921 832 974 habitui
887 919 1093 987 peccati
1135 917 1427 971 contraria.
1481 914 1587 968 Vos
1627 913 1905 967 enimvero
1958 910 2058 964 hoc
2099 925 2203 963 non

631 1010 860 1072 fecistis,
919 1009 1032 1078 qui.
1077 1009 1175 1077 ipsi
1222 1023 1315 1061 vos
1375 1008 1524 1074 ipsos
1587 1002 2010 1064 condemnastis,
2075 999 2205 1054 dum

631 1102 833 1156 habere
862 1115 956 1152 vos
982 1098 1252 1153 Abraham
1296 1108 1503 1165 patrem
1537 1094 1735 1150 dicitis.
1790 1091 1903 1147 Non
1934 1093 2077 1146 enim
2107 1092 2206 1144 hoc

632 1206 728 1245 vos
754 1190 984 1258 juvabit,
1010 1187 1150 1258 quod
1179 1188 1411 1242 Abrahae
1436 1187 1530 1239 lilii
1557 1183 1920 1249 aestimemini,
1947 1181 2040 1235 sed
2066 1179 2205 1249 quod

630 1283 749 1353 ejus
777 1283 868 1337 ﬁlii
905 1284 1021 1337 sitis
1061 1297 1123 1337 ea
1155 1282 1364 1336 ratione
1388 1320 1402 1344 ,
1437 1279 1582 1349 quod
1639 1278 1806 1346 ipsius
1840 1275 1997 1330 fidem
2043 1285 2095 1326 et
2141 1273 2206 1326 ab

635 1375 792 1430 idolis
826 1374 1007 1443 fugam
1053 1374 1401 1427 mmulemini.
1447 1369 1830 1438 Quamobrem,
1863 1366 2072 1420 tametsi
2109 1364 2206 1417 ali-

636 1461 855 1530 quando
901 1461 994 1513 lilii
1037 1460 1270 1514 Abraha:
1324 1460 1519 1523 fuistis,
1559 1474 1666 1512 non
1723 1458 1824 1511 hoc
1878 1470 1970 1508 vos
2029 1454 2208 1508 salvos

633 1549 810 1604 faciet.
847 1551 979 1604 Nam
1011 1562 1066 1606 et
1103 1567 1197 1605 eos
1241 1554 1328 1620 qni
1375 1566 1481 1604 non
1535 1560 1662 1603 sunt
1710 1562 1852 1602 nunc
1915 1547 2030 1614 ejus
2088 1545 2206 1610 filii,

631 1652 810 1711 potest
869 1641 1012 1696 Deus
1075 1642 1243 1711 ipsius
1305 1641 1442 1696 filios
1495 1641 1695 1695 facere.
1751 1639 1930 1704 Quare
1981 1638 2207 1693 salutem

633 1736 990 1801 consequitur
1042 1734 1134 1802 qui
1192 1733 1408 1786 virtutis
1443 1732 1742 1785 rationibus
1786 1729 2021 1783 Abrahae
2070 1729 2209 1782 filius

2301 542 2381 606 τὸ,
2418 542 2512 605 Τίς
2571 539 2711 609 ὑμῖν
2763 539 3112 604 ὑπέδειξεν;
3155 540 3242 592 ἵνα
3271 538 3400 611 εἴπῃ
3429 539 3455 590 6
3477 542 3674 610 γνησίως
3705 547 3792 600 ὑπο

2301 635 2516 696 δεικνὺς
2547 632 2745 696 κακίας
2768 631 3092 702 ἀναχωρεῖν,
3143 631 3204 684 οὐ
3240 633 3572 702 προσποιήσει
3598 635 3724 687 τοῦτο
3740 639 3796 704 γί-

2304 725 2511 778 νεσθαι.
2571 725 2760 794 Ὑμεῖς
2797 723 2854 776 δὲ
2910 723 3065 776 τοῦτο
3108 725 3311 777 ποιεῖτε
3350 724 3464 794 μεθ’
3510 726 3800 797 ὑποκρίσεως,

2305 818 2397 870 ἐπὶ
2422 817 2483 870 τὸ
2529 815 2886 886 βαπτίζεσθαι
2910 817 3215 887 ἐρχόμενοι.
3248 817 3360 870 Οὐκ
3399 817 3501 887 ἄρα
3530 817 3803 890 καθαρθήσε-

2308 910 2419 962 σθε.
2460 909 2518 961 '0
2565 907 2673 980 γὰρ
2731 907 2947 978 ἀληθῶς
3008 906 3348 979 καθαρθῆναι
3397 907 3683 978 βουλόμενος
3729 910 3804 978 ἀφ-

2310 1001 2524 1054 ίσταται
2572 1001 3010 1072 ἁμαρτημάτων,
3052 1002 3144 1054 καί
3200 1001 3299 1071 τῆς
3327 1001 3563 1072 τοιαύτης
3586 1004 3802 1072 μετανοίας

2315 1094 2523 1164 καρπὸν
2554 1094 2728 1166 φέρει,
2759 1094 2828 1146 τὰ
2859 1094 2956 1164 τῆς
2977 1093 3225 1157 ἐναντίας
3245 1096 3311 1164 τῇ
3337 1095 3564 1166 ἁμαρτία
3587 1093 3726 1159 ἕξεως
3745 1095 3806 1166 ἕρ·

2308 1202 2378 1253 γα
2421 1185 2608 1238 ποιῶν.
2671 1184 2832 1238 Ἀλλὰ
2867 1185 3026 1238 τοῦτο
3073 1185 3170 1257 μὲν
3223 1185 3380 1256 ὑμεῖς
3419 1187 3475 1239 ου
3518 1186 3805 1256 πεποιήκατε,

2309 1278 2534 1339 ἑαυτοὺς
2610 1276 3069 1348 κατακρίναντες,
3147 1277 3444 1346 φάσκοντες
3511 1277 3699 1346 πατέρα
3746 1279 3809 1329 τὸν

2321 1368 2568 1438 Ἀϐραὰμ
2609 1367 2770 1438 ἔχειν.
2821 1369 2957 1421 Ἀλλ’
3009 1369 3069 1422 οὐ
3123 1368 3269 1422 τοῦθ’
3304 1369 3446 1440 ὑμᾶς
3485 1368 3737 1438 ὠφελήσει,
3769 1369 3810 1420 τὸ

2307 1459 2513 1514 οἴεσθαι
2542 1459 2706 1512 τέκνα
2748 1460 2840 1513 τοῦ
2887 1461 3138 1532 ’Λϐραὰμ
3166 1456 3328 1523 εἶναι,
3359 1460 3490 1513 ἀλλὰ
3519 1461 3575 1512 τὸ
3605 1457 3720 1512 εἶναι
3746 1460 3814 1512 αὺ-

2307 1551 2401 1605 τοῦ
2424 1551 2610 1615 τέκνα,
2653 1552 2745 1605 καὶ
2778 1556 2843 1623 τῇ
2891 1554 3072 1606 πίστει
3105 1553 3199 1606 καὶ
3227 1556 3291 1624 τῇ
3317 1553 3422 1606 ἀπὸ
3451 1552 3662 1605 εἰδώλων
3687 1554 3812 1621 φυγῇ.

2309 1643 2425 1697 Κᾶν
2461 1644 2639 1697 τοίνυν
2667 1646 2795 1698 ποτέ
2830 1645 2998 1699 τέκνα
3049 1646 3141 1698 τοῦ
3187 1646 3437 1718 Ἀϐραὰμ
3487 1645 3738 1713 γεγόνατε,
3774 1645 3816 1696 οὔ

2309 1737 2467 1791 τοῦτο
2503 1739 2646 1807 ὑμᾶς
2683 1737 2864 1791 σώσει.
2897 1740 3007 1790 Καὶ
3053 1739 3162 1809 γὰρ
3194 1740 3318 1801 τοὺς
3346 1737 3442 1791 νῦν
3495 1736 3564 1808 μὴ
3592 1737 3726 1797 ὄντας
3750 1735 3820 1786 αὑ-

633 1835 739 1889 est,
770 1843 874 1880 non
906 1825 996 1894 qui
1025 1827 1147 1894 ejus
1179 1826 1475 1879 secundum
1512 1838 1730 1878 carnem
1775 1821 1945 1876 solum
1994 1822 2202 1875 exstitit

2315 1830 2394 1882 τοῦ
2426 1831 2588 1882 τέκνα
2616 1830 2836 1883 δύναται
2865 1831 2892 1882 6
2915 1830 3047 1893 Θεὸς
3068 1830 3232 1884 τέκνα
3256 1829 3418 1882 αὐτοῦ
3458 1828 3820 1899 ποιῆσαι.Ὦστε

632 1917 795 1970 filius.
835 1916 985 1983 Quod
1020 1931 1064 1969 sn
1097 1916 1329 1984 exstitit,
1354 1931 1421 1970 ne
1446 1915 1704 1986 glorietur
1725 1915 1933 1983 sibique
1967 1915 2205 1982 placeat:

633 2019 716 2064 est
741 2011 884 2063 enim
916 2025 1000 2063 res
1027 2008 1290 2076 ejusmodi
1339 2025 1460 2078 qua:
1501 2009 1572 2063 sit
1607 2008 1710 2061 alia
1742 2007 1850 2060 alio
1883 2007 2106 2062 decidua
2145 2021 2208 2059 ac

634 2101 869 2169 proclive
923 2111 1180 2154 mutetur.
1240 2101 1480 2168 Denique
1534 2099 1728 2168 quibus
1781 2099 1944 2152 etiam
2003 2099 2054 2151 id
2101 2113 2206 2152 non

637 2192 850 2260 obtigit,
903 2202 1156 2260 poterunt
1215 2206 1550 2260 comparare.
1606 2190 1738 2243 Nam
1785 2200 1838 2246 et
1885 2189 2079 2244 Paulus
2128 2189 2210 2242 his

635 2297 771 2349 quos
831 2297 995 2336 carne
1043 2299 1148 2336 nun
1199 2293 1479 2351 genuerat,
1519 2283 1650 2339 dicit
1681 2299 1694 2335 :
1729 2281 1793 2336 In
1837 2282 2047 2337 Christo
2118 2297 2209 2351 per

636 2371 977 2441 Evangelium
1011 2390 1101 2443 ego
1132 2391 1218 2427 vos
1248 2375 1401 2443 genui
1440 2375 1505 2426 ⁸⁸.
2046 2371 2048 2374 ’

2314 1921 2586 1984 σώζεταιὸ
2610 1921 2682 1974 ὣν
2717 1921 2810 1974 τοῦ
2848 1921 3100 1993 Ἀὅραὰμ
3145 1921 3334 1974 τέκνον
3379 1921 3518 1975 κατά
3546 1919 3635 1990 τὴν
3649 1918 3819 1990 ἀρετὴν,

2309 2013 2406 2082 οὐχ
2439 2015 2466 2065 6
2488 2013 2776 2084 γενόμενος
2805 2013 2968 2066 αὑτοῦ
2998 2013 3183 2068 τέκνον
3214 2015 3354 2068 κατὰ
3382 2015 3554 2086 σάρκα
3579 2011 3734 2083 μόνον,
3749 2009 3822 2062 xiv

2309 2104 2365 2157 δὲ
2397 2104 2643 2174 γένηται,
2691 2105 2764 2174 μὴ
2797 2106 2939 2174 μέγα
2974 2105 3257 2174 φρονείτω
3301 2105 3638 2175 μετάπτωτον
3677 2099 3824 2168 γὰρτὸ

2310 2194 2536 2247 τοιοῦτο.
2587 2195 2801 2264 ’Λμέλει
2845 2195 2974 2263 γοῦν
3014 2195 3105 2248 καὶ
3133 2195 3182 2246 οἱ
3237 2195 3310 2265 μὴ
3341 2194 3552 2265 ἔχοντες
3581 2190 3696 2244 αὐτὸ
3730 2190 3824 2256 κτή-

2316 2286 2506 2338 σασθαι
2559 2287 2690 2338 αὐτὸ
2740 2287 3076 2356 δυνήσονται.
3115 2287 3224 2339 Καὶ
3280 2286 3390 2356 γὰρ
3438 2287 3466 2337 6
3518 2283 3721 2344 Παῦλος,
3760 2277 3826 2338 οὓς

2313 2380 2377 2448 τῇ
2430 2379 2591 2448 σαρκὶ
2641 2379 2701 2430 οὐ
2737 2380 3082 2446 γεγέννηκεν,
3124 2376 3292 2445 λέγει’
3359 2379 3462 2431 Ἑν
3509 2377 3609 2445 γὰρ
3650 2367 3825 2440 Χριστῷ

2313 2467 2409 2520 διὰ
2438 2467 2543 2520 τοῦ
2585 2469 2951 2537 Εὺιιγηέλίου
2984 2467 3098 2538 ἐγὼ
3131 2467 3281 2537 ὑμᾶς
3304 2469 3620 2538 ἐγέννησα.

923 2572 1052 2631 Car.
1094 2574 1254 2630 XVII.
1276 2574 1551 2639 l’eccator,
1581 2579 1631 2630 in
1663 2595 1720 2631 eo
1746 2578 1856 2646 ipso
1883 2578 2022 2645 quod
2049 2589 2245 2644 peccat,
2268 2596 2495 2648 praesens
2529 2582 2678 2635 habet
2712 2583 3026 2650 supplicium
3049 2598 3152 2649 quo
3177 2592 3251 2635 est
3287 2583 3601 2652 afficiendus.

714 2667 913 2723 Verum
953 2686 1074 2722 cum
1115 2669 1225 2724 haec
1276 2669 1494 2733 auditis,
1532 2686 1598 2723 ne
1637 2672 2016 2735 contemnatis,
2058 2671 2212 2740 quasi

639 2763 719 2814 ira
756 2761 807 2814 in
841 2773 1152 2828 peccatores
1186 2761 1509 2814 retardetur.
1561 2760 1679 2816 Jam
1735 2763 1877 2814 enim
1930 2762 2099 2814 malus
2160 2763 2212 2814 in

639 2869 706 2906 eo
760 2854 876 2921 ipso
925 2855 1066 2921 quod
1108 2861 1313 2922 peccat,
1365 2868 1602 2921 przesens
1652 2853 1971 2921 supplicium
2029 2854 2210 2919 habet,

638 2945 728 3012 qui
769 2944 883 3011 ejus
910 2960 1034 2998 reus
1073 2945 1294 2998 exsistat
1323 2961 1386 2998 ac
1416 2959 1589 3012 pinnae
1615 2944 1898 2998 obnoxius.
1929 2944 2210 3010 Quamob-

2393 2675 2552 2740 Ἀλλὰ
2580 2674 2731 2727 ταῦτ’
2759 2675 3048 2738 ἀκούοντες
3095 2675 3170 2746 μὴ
3211 2677 3618 2746 καταφρονεῖτε,
3647 2671 3712 2733 ὡς
3743 2669 3832 2738 $91-

2309 2767 2568 2837 δυνούσης
2598 2767 2696 2836 τῆς
2745 2768 2885 2820 κατὰ
2913 2768 3019 2820 τῶν
3051 2767 3477 2839 ἁμαρτανόντων
3529 2764 3702 2836 ὀργῆς.
3730 2761 3832 2827 Ἤδη

2310 2858 2417 2929 γὰρ
2472 2858 2536 2910 δι’
2589 2857 2753 2911 αὑτοῦ
2804 2857 2898 2910 τοῦ
2945 2857 3280 2928 ἁμαρτάνειν
3317 2859 3347 2911 6
3381 2857 3582 2926 φαῦλος
3610 2853 3834 2925 παροῦσαν

2310 2948 2420 3018 ἔχει
2452 2948 2547 3019 τὴν
2573 2949 2812 3002 κόλασιν.
2845 2949 3130 3012 κολαστέος
3169 2949 3454 3020 ὑπάρχων.
3487 2949 3562 3000 Δι’
3595 2946 3620 2998 ὃ
3645 2948 3740 2998 ἴστε
3766 2941 3834 3010 τὴν

643 3049 755 3088 rem
810 3035 1003 3089 scitote
1044 3035 1154 3102 jam
1198 3037 1430 3088 securim
1487 3037 1695 3090 radices
1743 3037 1997 3089 arborum
2042 3050 2205 3104 prope

2319 3042 2505 3110 ἀξίνην
2531 3041 2629 3112 ἤδη
2659 3045 2777 3104 ταῖς
2807 3041 2984 3112 ῥίζαις
3014 3037 3333 3110 ἐγγίζουσαν
3358 3042 3468 3094 τῶν
3493 3039 3726 3110 δένδρων.
3745 3035 3838 3086 Δέν-

641 3127 928 3195 attingere.
971 3127 1208 3181 Arbores
1257 3139 1435 3180 autem
1490 3137 1673 3190 vocat,
1723 3142 1825 3178 non
1867 3142 2001 3194 quas
2050 3141 2213 3180 sensu

640 3218 986 3287 percipimus,
1041 3220 1134 3272 sed
1178 3219 1419 3273 homines
1454 3219 1583 3271 vitio
1629 3219 1968 3287 depravatos.
2013 3217 2214 3272 [larunt

641 3321 820 3362 autem
865 3311 1116 3364 arbormn
1188 3311 1338 3364 radix
1414 3311 1642 3379 pessima
1686 3311 1964 3378 dispositio
2004 3321 2108 3370 est,
2149 3326 2220 3363 ex

640 3415 746 3469 qna
777 3415 882 3455 non
913 3401 1101 3456 cdulus
1129 3400 1356 3466 fructus,
1377 3405 1469 3455 sed
1508 3411 1798 3454 venenatus
1835 3400 2026 3455 oritur.
2066 3401 2218 3456 lIunc

642 3492 805 3561 igitur
831 3492 1041 3546 vocavit
1070 3491 1298 3546 fructum
1334 3508 1438 3545 non
1470 3492 1694 3546 bonum.
1729 3491 1933 3560 Itaque,
1972 3494 2216 3560 quamvis

643 3585 851 3638 securis
881 3584 1202 3654 supplicium
1231 3583 1477 3648 den0tat,
1507 3599 1570 3637 ac
1597 3583 1735 3636 mala
1765 3583 1924 3636 arbor
1946 3583 2215 3637 hominem

641 3684 979 3742 peccatorem
1007 3713 1023 3738 ,
1067 3690 1170 3728 non
1226 3684 1352 3728 sunt
1391 3676 1508 3728 duae
1545 3675 1625 3728 hae
1659 3684 1863 3728 natura:
1893 3685 2215 3744 pugnantes.

641 3770 980 3822 lntentantur
1010 3768 1152 3821 enim
1187 3767 1367 3832 ruinae,
1397 3777 1455 3820 ut
1489 3766 1709 3822 arbores
1755 3777 2046 3820 mutentur.
2083 3766 2214 3820 Nam

641 3857 734 3926 qui
791 3857 965 3912 minas
1010 3858 1388 3926 peccatoribus
1445 3860 1702 3922 intentat,
1774 3858 1890 3927 ipsa
1947 3858 2215 3911 minarum

643 3950 1002 4004 intentatione
1029 3951 1224 4020 satagit
1255 3952 1322 4004 ad
1357 3951 1631 4006 meliorem
1665 3953 1870 4020 frugem
1901 3953 2215 4012 transferre.

643 4041 842 4106 Quare,
878 4043 922 4096 si
963 4046 1224 4096 intentata
1259 4059 1356 4112 per
1403 4045 1635 4097 securim
1667 4043 1855 4097 eITctas
1899 4042 2119 4097 arbores
2152 4057 2215 4097 ac

642 4132 956 4200 elanguidas
995 4135 1301 4188 excisuram
1341 4135 1758 4188 comminatione
1784 4173 1800 4198 ,
1853 4134 1984 4202 ipsis
2026 4146 2216 4187 auctor

641 4231 745 4288 est,
776 4225 1110 4293 inducitque,
1144 4235 1200 4278 ut
1230 4241 1334 4278 non
1362 4227 1594 4290 malum,
1627 4229 1718 4280 sed
1753 4227 1986 4280 fruetnm
2016 4225 2212 4280 bonum

641 4316 850 4381 ferant;
896 4331 996 4370 nec
1024 4319 1188 4372 arbor
1226 4318 1364 4371 mala
1391 4327 1580 4372 natura
1611 4329 1715 4383 est,
1750 4333 1847 4374 nec
1873 4329 2064 4374 natura
2093 4334 2210 4372 ma-

642 4403 750 4456 lum
777 4405 1117 4475 supplicium.

2317 3135 2416 3206 δρα
2445 3135 2498 3187 δέ
2527 3137 2626 3186 οὐκ
2658 3135 2889 3206 αἰσθητὰ
2914 3135 3084 3203 λέγει,
3115 3136 3229 3189 ἀλλ’
3248 3134 3571 3206 ἀνθρώπους
3625 3129 3748 3184 κατὰ
3766 3143 3837 3178 κα-

2318 3226 2439 3279 κίαν
2464 3226 2880 3294 πεποιημένους.
2933 3226 3082 3289 Ῥίζα
3124 3226 3181 3278 δὲ
3211 3225 3318 3276 τῶν
3360 3224 3591 3294 δένδρων
3621 3219 3795 3273 τούτων
3820 3215 3842 3283 ἠ

2317 3317 2560 3388 χειρίστη
2594 3317 2723 3381 ἕξις.
2762 3319 2854 3385 ἀφ’
2876 3314 2943 3389 ἧς
2970 3318 3177 3388 καρπὸς
3205 3320 3303 3371 οὐκ
3332 3317 3614 3386 ἐδώδιμος,
3644 3311 3760 3365 ἀλλὰ
3777 3309 3842 3374 δη·

2317 3407 2569 3478 λητήριος
2601 3408 2825 3474 γίνεται.
2852 3407 3021 3460 Αὑτὸν
3051 3405 3143 3460 οὖν
3183 3408 3243 3460 οὐ
3278 3408 3448 3461 καλὸν
3484 3405 3684 3475 καρπὸν
3710 3396 3842 3453 εἶπεν.

2318 3499 2436 3550 Κᾶν
2465 3497 2640 3550 τοίνυν
2662 3501 2694 3568 η
2715 3498 2872 3568 ἀξίνη
2900 3498 2997 3567 τὴν
3027 3499 3245 3550 κόλασιν
3267 3499 3551 3570 σημαίνει,
3577 3497 3635 3548 τὸ
3649 3494 3698 3547 δὲ
3719 3488 3843 3543 κακὸν

2316 3588 2528 3659 δένδρον
2582 3590 2670 3642 τὸν
2725 3589 3104 3660 ἁμαρτάνοντα
3147 3589 3461 3660 ἄνθρωπον,
3493 3589 3554 3642 οὺ
3599 3583 3846 3658 μαχόμεναι

2317 3677 2507 3746 φύσεις
2544 3671 2722 3730 αὖταν
2742 3678 3040 3731 ἀπειλεῖται
3065 3677 3173 3749 γὰρ
3198 3681 3232 3747 ἡ
3256 3678 3485 3740 κόλασις
3513 3677 3603 3728 ἐπὶ
3627 3670 3698 3741 τῷ
3725 3681 3846 3739 μεταο

2318 3768 2498 3821 ϐαλεῖν
2556 3769 2624 3821 τὰ
2671 3768 2880 3839 δένδρα.
2925 3770 2982 3822 '0
3032 3770 3140 3839 γὰρ
3180 3768 3427 3821 ἀπειλῶν
3483 3769 3594 3827 τοῖς
3647 3755 3845 3832 ἁμαρτά·

2317 3877 2516 3923 νουσιν,
2547 3859 2614 3911 δι’
2640 3859 2808 3928 αὐτῆς
2845 3858 2942 3928 τῆς
2967 3859 3197 3928 ἀπειλῆς
3223 3859 3601 3928 μεταποιῆσαι
3632 3851 3846 3924 βούλεται.

2316 3952 2378 4003 Εἰ
2411 3952 2588 4003 τοίνυν
2618 3951 2705 4004 ’ὀιὰ
2731 3951 2830 4019 τῆς
2848 3951 3074 4020 ἀπειλῆς
3098 3951 3194 4020 τῆς
3220 3949 3438 4021 ἀξίνης,
3477 3949 3576 4017 τῆς
3605 3941 3847 4016 μελλούπης

2315 4044 2603 4096 ἐκκόπτειν
2643 4044 2711 4095 τὰ
2748 4042 2934 4112 σαπρὰ
2975 4042 3188 4111 δένδρα,
3245 4041 3430 4094 πείθει
3462 4039 3657 4099 αὐτοὺς
3685 4028 3850 4085 παύσα-

2318 4134 2440 4186 σθαι
2471 4134 2564 4186 τοῦ
2631 4134 2704 4204 μὴ
2755 4134 2924 4186 κακὸν
2979 4133 3190 4203 καρπὸν
3257 4133 3475 4204 φέρειν,
3527 4128 3659 4184 ἁλλὰ
3705 4118 3845 4176 καλὸν

2313 4229 2372 4280 οὐ
2401 4227 2556 4296 φύσει
2597 4226 2764 4280 κακὸν
2796 4227 2855 4278 τὸ
2887 4225 3124 4296 δένδρον,
3155 4225 3276 4277 οὐδὲ
3307 4225 3478 4293 φύσει
3536 4219 3677 4288 κακὴ
3725 4216 3754 4283 ἠ
3785 4208 3852 4262 κδ’

2314 4319 2488 4382 λασις.
3669 4346 3704 4352 --

1527 4523 1655 4578 CAP.
1699 4522 1881 4578 XVIII.
1926 4523 2221 4577 Prontiuio
2241 4531 2290 4577 et
2318 4522 2631 4591 supplicium
2669 4530 2792 4574 sunt
2826 4521 2979 4574 bona.

715 4634 822 4690 Sed
893 4634 1121 4690 fortasse
1181 4637 1492 4691 dicent:Si
1548 4651 1706 4706 ρωιιιι
1783 4647 1952 4691 mutat
2007 4635 2214 4700 malus,

641 4725 840 4780 bonum
879 4737 964 4780 est
997 4741 1208 4796 poenam
1254 4742 1392 4781 esse.
1435 4727 1492 4780 Si
1537 4739 1715 4782 autem
1749 4727 2034 4797 castigatio
2077 4728 2215 4781 bona

642 4826 747 4882 est,
782 4818 1017 4887 buicque
1049 4818 1320 4873 contraria
1355 4818 1640 4886 promissio
1669 4827 1769 4883 est,
1805 4834 1903 4872 nec
1940 4817 2215 4872 contraria

643 4911 805 4965 simul
832 4915 970 4966 bona
1005 4928 1126 4967 esse
1166 4922 1426 4981 possunt;
1455 4927 1585 4981 ergo
1617 4913 1753 4965 mala
1781 4921 1864 4966 est
1909 4911 2216 4980 promissio.

645 5003 740 5057 Sin
777 5012 953 5057 autem
987 5020 1090 5058 non
1124 5005 1249 5057 mali
1275 5013 1360 5058 est
1405 5006 1714 5074 promissio,
1752 5005 1846 5059 sed
1891 5004 2038 5067 boni,
2082 5002 2218 5056 mala

642 5093 749 5148 erit
774 5095 905 5148 ultio
956 5111 1019 5148 ac
1053 5110 1236 5164 paena.
1279 5095 1335 5150 Si
1367 5106 1549 5150 autem
1594 5095 1729 5148 mala
1762 5095 1913 5157 ultio,
1953 5110 2056 5148 non
2098 5109 2216 5149 eam

643 5187 807 5255 Deus,
833 5190 926 5244 sed
953 5189 1204 5255 Satanas,
1236 5190 1418 5244 infert.
1449 5189 1614 5244 lufert
1643 5200 1817 5243 autem
1847 5189 2074 5243 Satanas
2103 5201 2218 5258 pm-

644 5295 793 5346 nam,
829 5296 934 5334 non
963 5284 1077 5336 suis
1108 5298 1121 5334 :
1159 5292 1285 5336 sunt
1319 5283 1462 5336 enim
1491 5283 1632 5335 sicut
1661 5283 1794 5350 ipse,
1827 5279 1983 5345 mali;
2029 5293 2092 5332 ac
2122 5292 2217 5331 ne-

642 5386 798 5425 cesse
846 5382 930 5426 est
993 5374 1164 5441 ipsum
1224 5388 1440 5444 quoque
1507 5387 1678 5444 paena:
1746 5371 1958 5441 subjici.
2030 5370 2217 5423 Restat

643 5463 807 5531 igitur
847 5474 906 5516 ut
931 5466 1072 5518 bono
1099 5480 1316 5534 pinnam
1353 5467 1570 5520 inferat.
1612 5463 1718 5517 Sed
1765 5465 1865 5517 hoc
1900 5473 1982 5516 est
2017 5463 2216 5528 impos-

644 5553 820 5608 sibile.
871 5554 986 5608 Non
1027 5569 1154 5626 ergo
1187 5557 1359 5611 malus
1397 5573 1610 5626 pmnam
1663 5555 1872 5623 inﬂigit,
1926 5555 2018 5608 sed
2053 5553 2212 5606 Deus.

644 5645 912 5715 Quidquid
943 5657 1121 5702 autem
1152 5663 1183 5702 a
1231 5649 1337 5704 Deo
1377 5649 1657 5718 inﬂigitur,
1703 5647 1904 5701 utiliter
1932 5645 2210 5715 inﬂigitur,

725 5809 768 5841 ⁸⁸
801 5808 816 5862 l
850 5807 974 5863 Cor.
1013 5821 1089 5874 tv,
1133 5806 1218 5860 I5.

2396 4635 2531 4688 Ἀλλ’
2556 4637 2683 4699 ἴσως
2711 4635 2945 4706 ἐροῦσιν
2980 4635 3042 4686 Εἰ
3075 4635 3363 4704 μεταποιεῖ
3422 4631 3658 4700 φαύλους
3684 4621 3851 4694 ﬁxa-8‘

2317 4745 2418 4791 σις,
2463 4727 2664 4796 ἀγαθὸν
2711 4727 2880 4798 αὐτὴν
2935 4721 3098 4779 εἶναι’
3147 4728 3194 4778 εί
3239 4726 3293 4778 δὲ
3342 4729 3376 4796 ἡ
3433 4724 3653 4785 κόλασις
3674 4713 3850 4786 ἀγαθὸν.

2316 4822 2529 4874 ἐναντία
2560 4821 2617 4873 δὲ
2663 4819 2833 4890 ταύτῃ
2863 4822 2894 4890 ἡ
2933 4819 3254 4887 ἐπαγγελία,
3287 4817 3356 4870 τὰ
3391 4818 3451 4870 δὲ
3479 4813 3693 4868 ἐναντία
3717 4809 3765 4862 οὐ
3786 4803 3852 4854 δύο

2317 4928 2503 4965 νανται
2535 4911 2651 4980 ἅμα
2699 4908 2880 4976 ἀγαθὰ
2927 4904 3088 4960 εἶναι·
3139 4910 3172 4978 ἡ
3203 4909 3312 4977 ἄρα
3361 4904 3673 4974 ἐπαγγελία
3706 4893 3851 4952 κακόν.

2316 5004 2407 5073 Μὴ
2432 5000 2601 5054 κακοῦ
2636 5001 2692 5053 δὲ
2726 5002 2826 5070 τῆς
2861 4998 3212 5066 ἐπαγγελίας,
3245 4997 3360 5050 ἀλλ’
3392 4996 3609 5066 ἀγαθοῦ
3651 4983 3852 5055 canat

2318 5093 2534 5155 κόλασίς
2574 5094 2687 5144 ἐστι
2732 5091 2924 5144 κακόν.
2961 5092 3024 5143 Εἰ
3083 5089 3139 5142 δὲ
3179 5089 3348 5142 κακὸν
3382 5091 3418 5159 ἡ
3460 5087 3698 5146 κόλασις.
3725 5079 3803 5144 οὐκ
3835 5073 3853 5120 ἀ

2317 5185 2472 5250 Θεὸς,
2501 5184 2613 5236 ἀλλ’
2639 5186 2667 5236 6
2715 5185 2958 5246 Σατανᾶς
2990 5183 3156 5254 αὐτὴν
3193 5181 3478 5252 ἐπιφέρει.
3527 5175 3784 5243 Ἐπιφέρε⁸

2315 5279 2344 5328 6
2373 5277 2612 5339 Σατανᾶς
2638 5276 2734 5347 τὴν
2771 5276 2992 5329 κόλασιν
3019 5275 3081 5327 οὐ
3111 5277 3222 5337 τοῖς
3251 5271 3479 5326 ἑαυτοῦ·
3510 5271 3647 5322 εἰσιν
3671 5264 3780 5332 γὰρ,
3801 5266 3854 5309 ως

2317 5369 2496 5430 αὐτὸς,
2527 5369 2775 5438 πονηροὶ,
2829 5369 2922 5421 καὶ
2971 5367 3186 5435 ἀνάγκη
3219 5366 3312 5420 καὶ
3359 5363 3532 5417 αὑτὸν
3584 5354 3856 5448 ὑποπίπτειν

2315 5463 2382 5530 τῇ
2412 5460 2647 5513 κολάσει·
2678 5461 2756 5530 τῷ
2785 5462 2890 5530 ἄρα
2924 5459 3113 5529 ἀγαθῴ
3134 5460 3343 5510 ἐποίσει
3377 5457 3576 5524 αὐτὴν.
3618 5447 3742 5503 Ἀλλ’
3763 5444 3855 5538 ἁοζαῖ

2317 5571 2471 5607 νατον
2498 5553 2673 5606 τοῦτο’
2700 5555 2798 5604 οὐκ
2831 5554 2938 5623 ἄρα
2965 5556 2992 5605 6
3022 5551 3254 5622 πονηρὸς
3275 5549 3450 5619 αὐτὴν
3473 5544 3736 5615 ἐπιφέρει.
3757 5529 3858 5586 θιὼ

2315 5644 2465 5705 Θεὸς.
2504 5645 2618 5696 Πᾶν
2646 5644 2702 5697 δὲ
2740 5644 2800 5696 τὸ
2832 5643 2935 5696 ὑπὸ
2973 5643 3109 5696 Θεοῦ
3155 5641 3579 5711 ἐπιφερόμενον,
3613 5627 3854 5704 χρησίμωί
