4042 6404
208 337 350 394 “09

200 451 540 522 ἐπιφέρεται,
597 445 859 516 τυγχάνον
915 445 950 515 ἢ
994 442 1196 510 ἀγαθοῦ
1239 439 1536 509 ποιητικὸν,
1569 437 1603 507 ἢ
1657 453 1765 488 κω-

196 540 410 594 λυτικὸν
449 535 640 591 κακοῦ.
695 536 753 588 '0
789 534 898 605 ἄρα
939 533 1070 595 Θεὸς
1106 529 1333 584 κωλύειν
1365 528 1424 580 τὸ
1450 525 1616 579 κακὸν
1645 524 1761 594 βου-

195 631 440 701 λόμενος,
470 627 719 698 ἐπιφέρει
739 625 913 678 τοῦτο’
940 624 1039 676 οὐκ
1082 621 1147 676 ἂν
1169 622 1213 674 δ’
1243 621 1511 690 ἐπεχείρει
1536 618 1760 672 κωλύειν

195 719 255 771 τὸ
283 717 474 782 κακὸν,
497 718 544 768 εἰ
577 715 650 785 μὴ
677 714 896 768 δυνατὸν
915 709 982 784 ἧν
1016 710 1315 766 κωλύεσθαι
1341 710 1401 763 τὸ
1427 708 1610 762 κακόν.
1641 709 1763 761 Κω-

193 806 454 878 λυόμενον
472 805 528 858 δὲ
557 805 711 858 τοῦτο
745 805 804 857 ού
843 805 1064 858 δύναται
1087 798 1222 857 εἶναι
1258 801 1412 872 φύσει
1443 800 1535 853 καὶ
1575 800 1763 870 ἀγένη-

195 913 308 949 τον.
356 893 696 964 Ἐσφάλησαν
727 893 781 946 δὲ
805 894 896 946 καὶ
926 895 983 945 ὲν
1030 891 1204 962 τούτῳ
1251 892 1300 943 οἱ
1330 889 1578 960 ἀμαθεῖς,
1608 888 1760 958 νομί-

197 1004 392 1049 σαντες
425 985 665 1039 ἐναντίον
687 981 822 1038 εἶναι
842 985 937 1055 τὴν
966 984 1183 1038 κόλασιν
1203 985 1269 1054 τῇ
1293 981 1610 1051 ἐπαγγελίαν
1636 981 1767 1032 ἐκα-

195 1077 332 1146 τέρα
364 1076 473 1146 γὰρ
500 1075 852 1138 άνταπόδοσίς
887 1076 1112 1145 ἐστιν,ἡ
1153 1074 1248 1144 μὲν
1281 1075 1392 1136 τοῖς
1431 1072 1654 1141 ἀγαθοῖς
1683 1088 1770 1140 μι-

199 1167 328 1220 σθὸν
359 1166 617 1238 φέρουσα.
644 1166 678 1236 ἡ
695 1165 752 1218 δὲ
780 1164 1046 1235 τιμωρίαν
1068 1163 1206 1216 κατὰ
1238 1162 1346 1215 τῶν
1374 1161 1634 1223 ἑκουσίως
1667 1177 1771 1211 πα-

201 1257 587 1328 ραϐεϐηκότων
619 1257 746 1320 τοὺς
771 1256 946 1319 θείους
977 1256 1190 1325 νόμους.

233 1489 393 1505 -———

1185 321 1600 379 FRAGMENTA
1635 318 1726 372 EX
1763 312 1988 370 LIBRIS
2024 306 2441 364 DEPERDITIS.

1793 445 1840 496 Α
1870 442 1990 482 cum
2016 425 2086 480 sit
2112 424 2336 486 bonum,
2359 428 2454 473 aut
2484 418 2604 472 boni
2639 429 2853 485 parens,
2882 422 2974 468 aut
3002 426 3192 468 arcens
3208 410 3426 467 malum.

3293 301 3429 354 1110

1870 517 2008 570 Deus
2039 514 2222 582 igitur,
2259 526 2378 565 cum
2407 509 2535 564 velit
2560 506 2757 561 malum
2787 504 3084 574 impedire,
3111 503 3429 572 supplicium

1869 605 2163 661 constituit.
2193 603 2310 656 Non
2339 610 2514 655 autem
2543 607 2771 654 tentaret
2792 595 3288 664 malumimpedire,
3329 593 3432 647 nisi

1872 697 1997 750 illud
2038 703 2218 765 posset
2247 691 2668 762 impediri-:boc
2714 697 2890 742 autem
2934 685 3076 756 quod
3119 683 3430 753 impeditur,

1871 799 1990 841 esse
2018 795 2206 837 natura
2245 798 2348 836 non
2403 788 2576 850 potest
2617 795 2680 833 ac
2723 778 3039 846 ingenitum.
3082 775 3139 828 In
3170 776 3272 828 hoc
3304 788 3434 828 vero

1870 885 2128 947 prmterea
2160 872 2390 943 imperiti
2425 870 2667 924 homines
2698 882 2885 922 errore
2911 866 3040 936 lapsi
3068 874 3214 928 sunt,
3246 863 3435 918 exiSli-

1868 980 2078 1023 mantes
2114 965 2442 1021 contrariam
2487 977 2609 1018 esse
2653 960 3173 1016 animadversionem
3207 957 3434 1028 promis-

1871 1063 2030 1115 sioni.
2069 1059 2311 1127 Utraque
2340 1058 2481 1111 enim
2516 1055 2884 1110 remuneratio
2931 1061 3050 1119 est;
3103 1051 3267 1104 altera
3310 1049 3437 1118 qui-

1873 1155 2014 1216 dem,
2059 1167 2179 1221 quae
2222 1150 2375 1204 bonis
2429 1150 2732 1203 mercedem
2791 1144 3009 1212 alferat;
3073 1143 3240 1197 altera
3284 1154 3434 1206 vero,

1874 1259 1990 1312 quae
2021 1257 2232 1312 poenam
2262 1227 2584 1310 dignamque
2609 1239 2864 1293 ultionem
2891 1239 2944 1291 in
2978 1250 3071 1291 eos
3098 1235 3188 1306 qui
3228 1233 3437 1289 divinas

1876 1337 2022 1405 leges
2051 1336 2351 1389 voluntarie
2377 1332 2668 1402 trangressi
2698 1340 2842 1396 sunt,
2877 1331 3142 1400 rependat.

3141 1468 3430 1480 ...ι-ιο...-

2129 1483 2157 1491 ο
2167 1483 2179 1492 ρ
2187 1476 2942 1492 —————-—-——-——_—‘—:3
2950 1475 3050 1492 ——_
3017 1475 3096 1492 ___‘
3101 1489 3140 1492 _

1389 1665 2256 1782 FRAGMENTA

833 1913 993 2002 EX
1067 1909 1508 2000 DIDYMI
1587 1904 1983 1992 LIBRIS
2056 1895 2808 1990 DEPERDITIS.

528 2240 569 2295 l.
603 2239 686 2295 Ea:
717 2237 850 2293 libro
879 2238 963 2292 cui
995 2237 1213 2291 titulus:
1241 2232 1521 2305 Συμϐουλὴ
1551 2231 1732 2302 ἠθική.
1763 2229 1856 2298 Αρι

1884 2232 1914 2280 ιι
1957 2224 2190 2290 Socrat.,
2219 2222 2354 2278 llist.
2383 2223 2577 2276 eccles.
2609 2219 2700 2272 lib.
2739 2232 2810 2281 tv,
2841 2233 2958 2285 cap.
2992 2215 3083 2270 25.

274 2385 419 2446 Τοὺς
453 2381 582 2452 περί
627 2378 888 2450 Προνοίας
923 2379 1015 2431 καὶ
1046 2377 1277 2449 κρίσεως
1313 2381 1449 2429 κατὰ
1475 2373 1663 2426 σαυτὸν
1687 2372 1774 2425 ἀεὶ
1805 2391 1848 2445 Β

1947 2367 2232 2421 Sermones
2259 2364 2326 2418 de
2354 2361 2692 2416 Providentia
2719 2368 2774 2414 et
2797 2358 2860 2413 de
2880 2355 3080 2426 judicio
3107 2353 3197 2408 Dei
3232 2351 3443 2407 assidua

195 2473 453 2546 γύμναζε
477 2472 687 2540 λόγους,
728 2471 890 2539 φησὶν
919 2471 947 2522 ὁ
978 2469 1148 2538 μέγας
1175 2468 1269 2521 καὶ
1305 2466 1599 2534 γνωστικὸς
1630 2463 1774 2517 διδά-

1873 2457 2220 2513 meditatione
2251 2464 2426 2509 tccum
2463 2454 2575 2522 ipse
2615 2449 2811 2514 recole,
2864 2448 2940 2500 ait
2968 2459 3189 2514 magnus
3229 2444 3316 2498 ille
3351 2443 3446 2497 do-

198 2538 413 2625 σκάλος
448 2538 699 2631 Δίδύμος,
727 2538 822 2613 καὶ
851 2559 1053 2612 τούτων
1091 2559 1190 2620 τὰς
1241 2557 1374 2620 ὔλας
1420 2556 1506 2608 διὰ
1561 2555 1776 2625 μνήμης

1881 2559 1988 2604 ctor
2016 2560 2068 2602 et
2097 2546 2318 2616 spiritali
2349 2544 2568 2600 scientia
2594 2545 2887 2596 instructus
2916 2538 3204 2608 Didymus;
3231 2551 3444 2590 eorum-

197 2657 402 2727 φέρειν
457 2653 766 2724 πειράθητι.
827 2652 1095 2714 ’Ἅπαντες
1128 2649 1236 2720 γὰρ
1268 2649 1449 2718 σχεδὸν
1481 2649 1536 2700 ὲν
1573 2646 1778 2710 τούτοις

198 2746 630 2818 προσ-πταίουσι.
662 2744 770 2796 Καὶ
799 2744 923 2805 τοὺς
948 2741 1044 2811 μὲν
1073 2741 1196 2812 περὶ
1227 2740 1453 2801 κτίσεως
1495 2737 1680 2804 λόγους
1723 2737 1779 2787 ὲν

199 2843 271 2910 τῇ
300 2837 536 2907 διαφορᾷ
557 2834 662 2887 τῶν
695 2832 957 2903 σωμάτων
986 2831 1076 2885 καὶ
1107 2830 1247 2883 κατὰ
1271 2830 1358 2881 τὸν
1392 2829 1591 2897 κόσμον
1615 2826 1779 2895 εὑρή-

202 2943 349 2991 σειςο
377 2927 510 2988 τοὺς
529 2925 582 2977 δὲ
617 2925 741 2996 περὶ
775 2923 1052 2994 Προνοίας,
1071 2924 1126 2973 ὲν
1162 2923 1270 2982 τοῖς
1302 2921 1519 2988 τρόποις
1541 2919 1651 2978 τοῖς
1675 2915 1780 2968 ἀπὸ

203 3019 418 3080 κακίας
457 3018 552 3069 καὶ
583 3016 854 3084 ἀγνωσίας
883 3015 974 3068 ἐπὶ
994 3014 1088 3085 τὴν
1121 3011 1318 3082 ἀρετὴν
1411 3010 1500 3062 ἐπὶ
1532 3008 1626 3078 τὴν
1646 3007 1785 3074 γνὼ-

204 3130 296 3166 σιν
325 3111 480 3181 ἡμᾶς
512 3110 860 3176 ἐπανάγουσι.

1876 2655 1978 2709 que
2015 2653 2321 2693 sermonum
2371 2635 2623 2690 materias
2655 2633 2740 2687 fac
2776 2632 2826 2686 in
2863 2629 3118 2685 memoria
3162 2625 3446 2682 circumfe-

1879 2747 1988 2784 ras.
2013 2729 2212 2784 Omnes
2239 2729 2379 2782 enim
2412 2727 2525 2782 fere
2552 2727 2603 2780 in
2637 2726 2720 2780 his
2771 2724 3042 2777 labuntur.
3076 2721 3139 2774 Et
3169 2731 3447 2773 sermones

1885 2823 2098 2890 quidem
2127 2836 2188 2875 ac
2217 2820 2450 2874 rationes
2500 2819 2567 2872 de
2589 2815 2787 2887 judicio
2821 2816 2871 2868 in
2913 2811 3212 2866 differentia
3252 2822 3446 2876 corpo-

1887 2928 2002 2966 rum
2027 2921 2078 2965 et
2106 2913 2158 2965 in
2188 2910 2430 2981 partibus
2468 2908 2648 2963 mundi
2681 2907 2932 2976 reperies.
2965 2905 3251 2960 Sermones
3271 2911 3446 2955 autem

1889 3004 1953 3058 de
1979 3003 2324 3058 Providentia
2361 3002 2414 3054 in
2446 3000 2618 3055 modis
2644 2999 2750 3052 illis
2781 2997 2972 3066 quibus
3001 3010 3030 3047 a
3073 2993 3200 3046 vitio
3220 3001 3276 3044 et.
3298 2991 3450 3059 igno-

1891 3096 2064 3148 rantia
2119 3096 2185 3148 ad
2247 3096 2494 3149 virtutem
2545 3102 2598 3148 et
2643 3089 2995 3160 cognitionem
3054 3083 3299 3138 ducimur
3355 3080 3450 3134 deo

1892 3188 2206 3255 preltendes.

581 3455 645 3508 ll.
675 3452 759 3507 Ea:
784 3453 917 3508 libro
942 3453 1085 3525 Πρὸς
1117 3451 1404 3521 φιλόσοφον
1429 3458 1694 3516 inscripto.
1733 3447 1856 3517 Aput

1881 3445 2072 3499 ’Joan.
2105 3443 2416 3497 Damascen.
2448 3443 2498 3496 in
2537 3442 2836 3505 Parallelis,
2868 3457 2921 3509 ιτ.
2951 3439 3053 3493 643
3080 3456 3093 3492 :

309 3599 404 3652 Ἐκ
431 3595 658 3668 μελέτης
691 3593 886 3676 πολλῆς
909 3594 1000 3645 καὶ
1018 3592 1299 3662 ἀσκήσεως
1325 3590 1358 3658 ἡ
1379 3587 1468 3657 βία
1485 3587 1576 3639 καὶ
1599 3583 1778 3656 ἀγριό-

223 3706 322 3760 της
359 3686 472 3740 τῶν
499 3684 686 3739 παθῶν
711 3683 975 3746 ἀσθενεῖς.

1959 3579 2217 3633 Diuturno
2253 3578 2431 3632 studio
2458 3588 2512 3631 et
2540 3578 2884 3631 meditatione
2917 3578 3305 3632 concitatorum
3338 3572 3460 3633 anis

1901 3676 1972 3726 mi
2010 3682 2249 3726 motuum
2273 3671 2352 3723 vis
2390 3679 2442 3722 et
2481 3670 2664 3724 feritas
2687 3669 3048 3725 debilitantur.

939 3921 1024 3975 Ill.
1071 3918 1152 3972 Ex
1179 3918 1312 3971 libro
1350 3916 1484 3986 Περὶ
1506 3914 1818 3984 ἀσωμάτου.
1847 3915 1996 3982 Apud
2020 3912 2254 3967 eumdem
2285 3911 2436 3978 ibid.,
2464 3930 2592 3983 pag.
2618 3913 2738 3967 780.

297 4065 581 4134 Διδύμου,
620 4062 688 4115 ἐκ
710 4059 817 4115 τοῦ
839 4059 975 4128 Περὶ
1010 4056 1345 4128 ἀσωμάτου.
1381 4054 1624 4107 ’Λνύουσι
1653 4050 1802 4122 παρὰ
1830 4057 1856 4114 ί

1979 4049 2206 4120 Didymi,
2239 4066 2301 4103 ea:
2329 4051 2457 4104 libro
2497 4050 2567 4106 De
2601 4053 2917 4121 incorporeo.
2952 4048 3186 4118 Magistri
3228 4048 3467 4116 discipli-

216 4154 556 4212 διδασκάλου
595 4149 902 4212 παιδεύσεις
942 4165 1001 4200 τε
1037 4147 1128 4200 καὶ
1167 4143 1470 4216 προτροπαὶ
1500 4142 1636 4212 πρὸς
1659 4140 1799 4209 ὠφέ-

215 4256 384 4302 λειαν
407 4245 514 4297 τῶν
547 4241 929 4314 ἀκροωμένων,
969 4239 1066 4309 οὐχ
1102 4239 1225 4291 ὅταν
1246 4237 1387 4305 λόγῳ
1413 4237 1556 4306 μόνῳ
1576 4233 1799 4303 διδάσκῃ

219 4345 252 4396 ὁ
291 4336 611 4407 παιδευτὴς,
650 4333 784 4388 ἀλλὰ
812 4333 908 4385 καὶ
942 4329 1136 4402 πράξει
1190 4327 1502 4399 καταλλήλῳ
1532 4327 1624 4379 καὶ
1677 4341 1802 4376 συν-

1906 4160 1972 4198 na
2018 4152 2068 4198 et
2111 4145 2510 4198 exltortationcs
2558 4144 2858 4198 auditorum
2907 4142 3121 4196 utilitati
3163 4141 3466 4204 conferunt,

1909 4252 2013 4291 non
2063 4237 2276 4306 quando
2336 4237 2590 4307 magister
2646 4236 2759 4290 solo
2825 4249 3073 4290 sermone
3128 4233 3318 4296 docet,
3375 4235 3470 4288 sed

1909 4328 2122 4397 quando
2154 4328 2362 4382 actione
2397 4329 2555 4382 etiam
2585 4329 2742 4383 dictis
2772 4336 3148 4392 consentanea,
3188 4327 3452 4395 rebusque

221 4435 366 4501 αφεῖ
412 4433 524 4493 τοῖς
557 4426 1065 4498 ἐπαγγελλομένοις.
1099 4423 1266 4477 Πάλιν
1317 4421 1394 4473 δεῖ
1443 4420 1534 4471 τὸν
1581 4418 1804 4486 γνήσιον

224 4523 557 4580 διδάσκαλον
598 4520 710 4591 βίον
757 4517 1088 4586 κατάλληλον
1140 4514 1282 4584 ἔχειν
1329 4514 1438 4574 τοῖς
1493 4511 1583 4562 ὑπ’
1639 4505 1809 4561 αὐτοῦ

225 4613 742 4687 νομοθετουμένοις,
769 4612 855 4665 ἵνα
955 4608 1014 4661 τὸ
1047 4606 1206 4677 ἔργον
1244 4601 1407 4656 αὑτοῦ
1441 4596 1809 4670 συνηρμοσμέ-

227 4729 323 4767 νον
352 4708 434 4780 τῷ
462 4707 623 4778 λόγῳ.

1909 4421 2187 4490 promissis
2212 4419 2374 4474 amni.
2430 4421 2660 4475 Rursum
2702 4421 2970 4476 sincerum
3011 4419 3281 4474 doctorem
3309 4418 3468 4472 vitam

1909 4511 1976 4566 iis
2027 4527 2145 4579 qua:
2200 4511 2312 4581 ipse
2364 4513 2590 4575 statuit,
2648 4521 3025 4583 congruentem
3094 4525 3251 4580 agere
3315 4525 3475 4579 opor-

1918 4612 2015 4671 tet,
2052 4611 2108 4656 ut
2150 4602 2264 4672 ejus
2325 4602 2464 4656 actio
2509 4619 2628 4656 cum
2683 4617 2930 4656 sermone
2979 4609 3124 4656 recte
3170 4601 3473 4656 conveniat.

1099 4857 1256 4910 Aliud
1285 4855 1628 4924 fragmentum
1651 4849 1788 4903 dedit
1806 4846 1861 4901 Μ
1868 4849 2104 4918 ingarelli
2139 4851 2192 4902 in
2223 4861 2355 4913 ηομ,
2381 4863 2499 4918 pag.
2524 4843 2648 4898 2'77.

1845 4970 1914 4981 .—

464 5077 556 5133 lV.
594 5076 806 5130 Βιῦλίον
848 5075 983 5147 πρὸς
1026 5074 1303 5142 Ῥουφῖνον
1349 5068 1489 5123 διατί
1543 5066 1948 5138 ἀποθνήσκουσι
1977 5063 2046 5116 τὰ
2086 5062 2281 5134 βρέφη,
2313 5061 2513 5130 καίπερ
2547 5057 2632 5110 διὰ
2668 5055 2762 5118 τὰς
2792 5053 3066 5125 ἁμαρτίας
3104 5047 3266 5103 αὐτοῦ

1579 5156 1910 5212 ἀναλαϐόντα
1939 5155 2179 5225 σώματα.

1050 5260 1176 5314 Vide
1208 5257 1377 5328 Opera
1406 5255 1707 5325 Hieronymi
1737 5254 1819 5306 ed.
1853 5251 2045 5321 Migne,
2084 5261 2209 5305 tom.
2240 5249 2304 5313 ll,
2331 5265 2448 5318 pag.
2488 5245 2590 5299 478
2619 5243 2671 5301 D.
