4042 6404
263 316 402 370 “l3

1454 313 1881 371 FRAGMENTA
1919 316 1989 370 IN
2028 313 2337 370 EXODUM.

3373 321 3507 375 IIII

260 429 359 498 τῆς
390 423 665 495 ἀληθείας,
694 419 763 496 ἦς
792 424 1037 495 μετέχειν
1059 425 1205 493 εἰκὸς
1222 428 1311 483 τὸν
1333 429 1558 483 εἰσιέναι
1583 430 1838 501 βουλόμε-
1865 471 1874 489 ε

1942 430 2083 494 licet,
2136 429 2330 497 quibus
2387 428 2719 497 signiﬁcatur
2754 431 2989 500 cognitio
3030 432 3307 499 veritatis,
3345 450 3504 505 quam

261 537 351 573 νον
396 515 772 589 (ἑρμηνεύεται
826 516 937 586 γὰρ
1000 519 1232 587 πλῆθος
1274 521 1590 591 γνώσεως)⁶
1632 522 1729 593 τῆς
1776 523 1833 575 δὲ

263 613 559 685 ῥομφαίας,
597 612 695 683 τὴν
749 614 1003 668 ἐπίπονον
1044 616 1287 688 ἀγωγήν.
1336 616 1434 671 Διὰ
1460 617 1669 670 πολλῶν
1727 616 1834 688 γὰρ

262 706 491 775 θλίψεων
546 706 647 775 τῆς
708 705 911 759 εἰσόδου
966 710 1066 779 τῆς
1121 708 1396 778 βασιλείας
1458 709 1606 763 ἔστιν
1652 712 1837 761 ἐπιτυ-

261 814 401 867 χειν.

331 975 489 1028 ΚΕΦ.
527 977 617 1043 ς’,
646 992 730 1030 στ.
766 974 870 1045 κβ’.
894 976 978 1029 Σὺ
1004 973 1071 1028 δὲ
1096 975 1268 1044 λήψῃ
1289 972 1518 1039 σεαυτῷ
1543 973 1660 1028 ἀπὸ
1687 973 1837 1026 πάν-

260 1086 382 1122 των
412 1069 527 1123 τῶν
556 1068 904 1138 βρωμάτων,
932 1070 970 1124 ἆ
994 1068 1228 1133 ἕδεσθε,
1250 1069 1345 1122 καί
1383 1066 1669 1132 συνάξεις
1687 1066 1835 1135 πρὸς

259 1160 546 1223 σεαυτὸν,
576 1160 673 1214 καί
717 1160 887 1214 ἔσται
928 1160 1026 1214 σοί
1057 1160 1155 1213 καὶ
1184 1160 1435 1224 ἐκείνοις
1462 1157 1690 1227 φαγεῖν.

332 1250 608 1319 Διδῠμσυ.
646 1251 708 1304 Ἦ
760 1250 818 1304 δὲ
876 1250 1007 1320 περί
1056 1249 1166 1302 τῶν
1207 1249 1488 1303 σκυϐἁλων
1526 1248 1635 1300 τῶν
1682 1244 1835 1311 ζώων

258 1341 494 1411 πάροδος
537 1340 717 1404 καλῶς
756 1340 1268 1411 παρασεσιώπηται,
1303 1339 1397 1392 καὶ
1427 1337 1517 1392 τοῦ
1558 1337 1680 1390 Νῶε
1722 1337 1836 1407 ἅμα

255 1434 372 1494 τοῖς
410 1434 545 1496 υἱοῖς
564 1432 874 1503 δυναμένων
914 1432 971 1485 τὸ
1010 1432 1301 1486 ἀκόλουθον
1330 1432 1457 1503 περὶ
1493 1430 1679 1484 τούτου
1708 1447 1834 1482 σκο-

255 1524 456 1594 πῆσαι,
504 1525 599 1585 καὶ
651 1525 806 1595 ημῶν
851 1526 921 1577 τὰ
965 1524 1437 1596 παραλελειμμένα
1478 1521 1835 1576 πονάσασθαι

254 1617 355 1669 καὶ
391 1615 801 1687 ἀναπληρῶσαι.

330 1707 487 1759 ΚΕΦ.
529 1708 609 1772 II',
677 1724 758 1759 στ.
811 1713 878 1763 α’.
937 1708 1046 1762 Kal
1107 1708 1377 1776 ἐμνήσθη
1441 1708 1472 1760 ό
1531 1706 1675 1760 Bede
1730 1707 1834 1762 τοῦ

251 1792 408 1853 Νῶε,
434 1810 484 1845 κ.
518 1811 569 1846 τ.
599 1793 648 1845 λ.

328 1884 608 1953 Διδύμου.
643 1885 738 1949 Τὸ,
786 1885 1088 1955 Ἐμνήσθη
1144 1890 1176 1941 ὁ
1213 1888 1355 1953 Θεὸς
1384 1887 1488 1942 τοῦ
1530 1888 1676 1951 Νῶε,
1710 1888 1827 1941 θεο-

144 2035 149 2039 ,
249 1973 487 2043 πρεπῶς
523 1976 829 2028 ἀκουστέον.
893 1977 1003 2047 Οὐχ
1050 1977 1126 2041 ὡς
1179 1977 1459 2049 ἐκλήθης,
1487 1979 1599 2032 ἀλλ’
1643 1979 1830 2048 ῶσπερ

248 2067 390 2140 περὶ
418 2065 524 2119 τῶν
547 2067 756 2120 ἀσεϐῶν
784 2067 951 2135 λέγει,
984 2072 1104 2123 Οὐκ
1137 2065 1268 2123 οἴδα
1286 2069 1439 2138 ὑμᾶς
1459 2073 1641 2123 πόθεν·
1672 2070 1833 2134 ἐστὲ,

244 2157 526 2221 τουτέστι,
563 2159 827 2212 Οὐδέποτε
849 2159 1018 2228 ἔγνων
1058 2161 1222 2231 ὑμᾶς,
1260 2163 1334 2225 ὡς
1391 2162 1623 2217 ἐνταῦθα
1654 2162 1837 2233 δηλοῦ-

248 2246 387 2299 σθαι
420 2248 501 2308 τὸ,
558 2249 823 2302 Οὐδέποτε
854 2249 928 2313 ὡς
971 2251 1271 2322 ἡμετέρους
1306 2252 1449 2322 ὑμᾶς
1473 2252 1646 2323 ἔσχον.
1678 2252 1832 2305 Οὕτω

246 2334 539 2390 κάνταῦθα
564 2338 623 2391 τὸ
652 2338 917 2411 ἐμνήσθη,
953 2341 1071 2393 ἀντὶ
1099 2340 1214 2406 τοῦ,
1246 2342 1635 2413 Ἐπεισήγανεν
1668 2343 1819 2412 αὐτὴ·

247 2426 435 2497 ἀρχὴν
456 2429 704 2497 γενέσθαι
730 2430 823 2483 τοῦ
852 2434 1061 2499 γένους.

1937 521 2263 588 participare
2292 522 2445 574 decet
2475 535 2595 574 eum
2623 520 2714 589 qui
2749 521 2952 590 ingredi
2985 525 3188 592 appetit
3207 524 3226 595 (
3246 525 3507 580 cherubim

1935 613 2075 667 enim
2130 613 2512 681 interpretatur
2559 614 2839 666 multitudo
2887 616 3253 683 cognitionis);
3293 626 3347 670 et
3393 618 3507 687 gla-

1936 705 2107 767 dium,
2159 718 2267 771 quo
2315 704 2578 758 laboriosa
2613 704 2719 756 vita
2757 704 3021 757 innuitur.
3062 704 3174 759 Non
3226 708 3329 761 nisi
3361 708 3505 762 enim

1937 812 2030 864 per
2056 796 2252 848 multas
2278 794 2654 850 tribulationes
2688 796 2985 866 ingressum
3031 797 3083 850 in
3114 812 3333 867 regnum
3359 812 3509 851 asse-

1939 886 2029 954 qui
2067 886 2207 939 licet.

2004 975 2151 1030 CAP.
2197 974 2285 1039 VI,
2318 990 2461 1031 vers.
2485 974 2575 1028 29..
2619 974 2785 1029 Tolles
2814 976 2972 1045 igitur
2993 985 3156 1029 tecum
3178 992 3241 1030 ex
3265 977 3501 1030 omnibus

1933 1068 2061 1120 escis
2087 1082 2205 1135 qua:
2232 1066 2411 1118 mandi
2437 1076 2675 1131 possunt,
2713 1076 2761 1119 et
2787 1068 3134 1135 coutportabis
3171 1068 3310 1131 apud
3351 1078 3422 1133 te,
3455 1078 3503 1120 es

1934 1167 2087 1211 erunt
2115 1168 2220 1210 tam
2242 1157 2336 1209 tibi
2368 1173 2522 1227 quam
2548 1157 2652 1209 illis
2674 1159 2727 1210 in
2759 1158 2951 1211 cibum.

2007 1249 2241 1318 Didymi.
2269 1248 2399 1314 Quze
2426 1257 2605 1301 autem
2644 1249 2711 1301 ad
2748 1256 2991 1302 stercora
3024 1248 3333 1302 animalium
3374 1262 3504 1318 per-

1937 1338 2124 1403 tinent,
2160 1346 2304 1392 recte
2345 1337 2563 1392 silentio
2586 1339 2857 1405 praeterita
2901 1349 3049 1407 Sunt,
3081 1343 3344 1411 siquidem
3376 1343 3503 1397 huic

1935 1424 2010 1478 rei
2045 1424 2158 1479 Noe
2190 1439 2313 1480 cum
2360 1424 2483 1479 liliis
2529 1426 2909 1482 convenienter
2965 1431 3247 1497 providere
3295 1433 3499 1499 potuit,

1934 1517 2217 1586 nobisque,
2250 1532 2367 1585 quae
2397 1519 2758 1588 praetermissa
2809 1532 2957 1587 sunt,
2987 1524 3257 1591 conjicere
3286 1534 3337 1581 et
3371 1541 3499 1595 sup-

1934 1610 2079 1681 plere
2102 1609 2315 1663 obvium
2354 1619 2455 1663 est.

2004 1702 2157 1758 CAP.
2197 1701 2328 1766 VIII,
2368 1717 2510 1758 vers.
2554 1704 2602 1757 I.
2650 1707 2719 1759 Et
2749 1706 3047 1759 recordatus
3077 1714 3152 1761 est
3188 1706 3327 1762 Deus
3364 1707 3497 1777 Noe,

1864 1786 1906 1840 Β
1933 1806 2039 1851 etc.

2011 1886 2244 1955 Didymi.
2291 1885 2445 1952 Illud,
2487 1885 2805 1942 Recordatus
2830 1887 2971 1942 Deus
3019 1888 3156 1954 Noe,
3190 1891 3269 1945 sic
3312 1890 3504 1945 intent-

1936 1978 2163 2047 gendum
2198 1989 2299 2044 est,
2334 1988 2391 2033 ut
2429 1990 2632 2034 natura:
2653 1980 2846 2034 divinae
2876 1982 3177 2035 conveniat.
3218 1981 3330 2035 Non
3363 1982 3501 2036 obli-

1932 2070 2141 2123 vionem
2176 2085 2383 2138 passus,
2409 2070 2501 2124 sed
2536 2070 2729 2139 impios
2770 2081 3071 2136 aversatus,
3102 2073 3232 2126 dicit
3261 2091 3274 2127 :
3306 2070 3500 2125 Nescio

1932 2176 2019 2213 vos
2046 2161 2183 2213 unde
2206 2161 2320 2213 sitis
2347 2159 2496 2232 (Luc.
2518 2178 2637 2226 xm,
2675 2162 2767 2232 27)
2789 2203 2803 2227 ,
2839 2163 2889 2217 id
2935 2174 3037 2229 est,
3066 2161 3345 2233 Nunquam
3379 2164 3499 2217 novi

1933 2266 2060 2313 vos;
2101 2252 2249 2320 quasi
2279 2251 2766 2323 dicatzNunquam
2801 2270 2897 2308 vos
2948 2255 2999 2307 in
3048 2264 3352 2309 nostrorum
3401 2272 3503 2307 nu-

1935 2356 2083 2395 mero
2116 2343 2296 2395 Italiui.
2332 2342 2423 2396 Sic
2478 2344 2639 2395 etiam
2702 2343 2849 2409 illud,
2876 2343 3201 2398 Recordatus
3236 2353 3330 2410 est,
3357 2343 3497 2397 idem

1933 2441 2013 2487 est
2035 2448 2097 2487 ac
2124 2433 2167 2487 si
2197 2434 2402 2490 diceret
2426 2450 2439 2487 :
2468 2433 2668 2488 Statuit
2690 2434 2837 2489 illum
2866 2436 3187 2506 principium
3214 2434 3325 2491 fore
3354 2449 3504 2491 nova:

1926 2528 2305 2597 generationis.

1126 2801 1846 2893 FRAGMENTA
1920 2804 2043 2891 IN
2121 2800 2672 2894 EXODUM.

1598 2996 1705 3061 (Ex
1727 2996 1906 3050 eadem
1928 2995 2171 3071 Catena.)

328 3286 495 3341 ΚΕΦ.
530 3286 659 3349 ΚΔ’,
695 3301 777 3339 στ.
807 3290 860 3339 ι’.
904 3286 1009 3341 Kal
1032 3282 1195 3341 εἶδον
1225 3285 1333 3342 τὸν
1353 3288 1539 3342 τόπον
1557 3285 1627 3344 οὗ
1650 3287 1829 3356 ἐστή-
1857 3295 1874 3354 t

2004 3291 2156 3346 CAP.
2198 3290 2391 3355 XXIV,
2418 3304 2557 3344 vers.
2588 3288 2675 3343 I0.
2718 3287 2783 3342 Et
2823 3288 3059 3342 viderunt
3096 3289 3258 3342 Deum
3292 3287 3506 3343 Israel:

261 3400 355 3435 κει
387 3379 564 3434 ἐκεῖό
586 3378 727 3445 Θεὸς
760 3379 866 3433 τοῦ
914 3380 1177 3449 Ἰσραήλ·
1210 3382 1307 3435 καί
1337 3381 1408 3434 τὰ
1430 3380 1548 3436 ὑπὸ
1572 3382 1712 3447 τοὺς
1740 3384 1841 3434 πός

269 3476 375 3541 δας
424 3475 609 3530 αὐτοῦ
654 3474 794 3527 ὠσεί
850 3473 1026 3543 ἔργον
1060 3475 1314 3530 πλίνθου
1344 3477 1703 3544 σαπςρείρου,
1742 3479 1840 3531 καὶ

271 3566 473 3632 ὥσπερ
500 3559 657 3631 εἷδος
680 3562 1083 3632 στερεὼματος
1110 3564 1217 3617 τοῦ
1262 3562 1523 3632 οὐρανοῦ
1554 3563 1629 3631 τῇ
1668 3567 1845 3618 καθα·-

260 3658 518 3726 ριότητι.

336 3748 621 3816 Διδύμου.
656 3746 919 3818 Δηλοῦται
944 3745 1053 3817 γὰρ
1080 3746 1170 3799 καὶ
1203 3748 1261 3799 ἐν
1289 3746 1354 3814 τῇ
1378 3743 1521 3807 λέξει
1556 3744 1747 3817 ταύτῃ,
1771 3746 1846 3808 ὼς

263 3842 404 3896 ἔνθα
458 3839 591 3893 Θεοῦ
627 3838 896 3909 παρουσία
948 3838 1128 3909 νόησιν
1175 3837 1319 3907 ἔσχε,
1356 3840 1517 3891 τόπον
1565 3840 1846 3909 εἰρήκασιν

265 3931 417 3986 εἶναι
455 3930 563 3984 τῶν
612 3930 787 3984 ποδῶν
836 3930 1022 3993 αὑτοῦ,
1079 3929 1308 3999 βεϐαίως
1364 3929 1662 4001 ἱδρυμένων
1720 3928 1847 3981 ἔνθα

264 4024 447 4097 ἁρετὴ
470 4024 765 4095 πρακτική.
806 4022 880 4076 Ἢ
920 4022 1191 4092 δηλοῦται,
1234 4021 1323 4074 διὰ
1348 4022 1446 4090 τῆς
1486 4020 1706 4074 πλίνθου
1749 4022 1848 4090 τῆς

267 4119 658 4187 σαπςρειρίνης,
716 4115 809 4169 καὶ
836 4115 1015 4184 σοφία,
1045 4116 1187 4184 ἣτις,
1220 4113 1307 4166 διὰ
1338 4112 1447 4164 τῶν
1487 4111 1693 4181 νοητῶν
1725 4111 1851 4164 θεω-

271 4213 368 4283 ρία
395 4209 682 4279 ὑπάρχειν,
728 4208 794 4276 τῇ
828 4206 1179 4275 καθαριότητι
1211 4201 1636 4273 παραϐάλλεται.

345 4384 509 4437 ΚΕΦ.
538 4382 660 4445 AI",
688 4398 769 4433 στ.
798 4386 887 4442 ιγ’.
905 4381 970 4431 El
988 4375 1099 4433 οὖν
1123 4379 1345 4446 εῦρηκα
1380 4378 1553 4448 χάριν
1576 4379 1853 4432 ἐναντίον

270 4492 419 4533 σου,
463 4471 800 4541 ἐμφάνισον
849 4487 951 4539 μοι
986 4472 1266 4526 σεαυτόν
1304 4470 1584 4539 γνωστῶς
1607 4471 1709 4524 ἵνα
1749 4470 1852 4523 ιδω

271 4583 374 4631 σε,
403 4564 563 4629 ὅπως
602 4562 678 4617 ἂν
711 4557 759 4616 ὧ
800 4560 1064 4630 εὑρηκὼς
1093 4561 1268 4630 χάριν
1292 4560 1547 4615 ἐνώπιόν
1569 4576 1707 4623 σου,
1754 4562 1852 4614 καί

273 4662 382 4714 ἵνα
406 4654 545 4727 γνῶ,
589 4654 678 4707 ὅτι
729 4655 878 4719 λαός
910 4669 1025 4707 σου
1051 4649 1248 4717 οὗτος,
1284 4653 1349 4705 τὸ
1383 4654 1557 4717 ἔθνος
1584 4652 1780 4706 τοῦτο.

348 4748 633 4815 Διδύμου.
669 4745 742 4797 Τὸ
767 4744 1021 4813 γνωστῶς
1047 4743 1339 4814 ὁρώμενον,
1375 4743 1593 4812 εὔδηλον
1617 4744 1692 4806 ὡς
1719 4744 1855 4796 θεω-

281 4842 378 4913 ρίᾳ
413 4839 594 4909 μόνον,
628 4837 721 4889 καὶ
742 4835 840 4889 οὐκ
864 4834 1113 4905 αἰσθήσει
1140 4833 1629 4903 καταλαμϐάνεται.
1648 4834 1856 4905 Ὥσπερ

277 4933 393 5003 γὰρ
421 4930 518 4984 καὶ
566 4927 837 4996 ὀφθαλμὸς
868 4926 974 4979 τῶν
1004 4925 1273 4995 αἰσθητῶν
1316 4925 1770 4995 ἀντιλαμϐάνεται
1792 4926 1857 4978 δι’

278 5025 530 5095 ὁράσεως
582 5019 752 5083 eici»;
775 5021 803 5071 ὁ
840 5018 984 5081 νοῦς,
1017 5017 1110 5071 διὰ
1157 5016 1431 5081 γνώσεως,
1464 5016 1598 5070 Θεοῦ
1630 5016 1860 5088 θεωρίαν

281 5114 525 5183 δέχεται.

357 5201 452 5253 Στ.
482 5195 566 5251 ιϐ’.
592 5195 696 5251 Kal
713 5192 900 5259 εἶπεν,
932 5195 1080 5266 Ἐγὼ
1104 5199 1548 5267 παρελεύσομαι
1575 5200 1861 5266 πρότερόν

286 5308 405 5344 σου
427 5287 503 5356 τῇ
531 5287 679 5354 δόξῃ
700 5305 839 5356 μου,
870 5288 1230 5357 πορεύσομαι
1254 5289 1367 5356 πρὸ
1397 5290 1718 5356 προσώπου
1746 5307 1861 5343 σου

290 5382 362 5451 τῇ
412 5381 567 5447 δόξῃ
604 5397 747 5449 μου,
801 5380 899 5433 καί
941 5380 1177 5434 καλέσω
1226 5379 1306 5446 τῷ
1358 5382 1600 5451 ὀνόματι
1641 5382 1861 5455 Κυρίου

289 5474 571 5529 ἐναντίον
591 5486 728 5526 σου.

360 5563 635 5631 Διδύμου.
698 5563 828 5616 Μετ’
878 5564 1045 5633 αὐτὴν
1104 5567 1209 5638 γὰρ
1242 5566 1525 5636 ὑπάρχεις.
1572 5562 1861 5635 ’Υπάρχων

293 5655 401 5726 γὰρ
445 5655 552 5724 πρὸ
581 5653 689 5707 τῶν
719 5654 949 5715 αίῶνων,
979 5656 1288 5727 εὑρίσκεται
1315 5659 1348 5727 ἡ
1386 5656 1491 5726 ἐμὴ
1541 5655 1688 5718 δόξα,
1716 5658 1743 5707 ὁ
1776 5672 1862 5725 μο-

295 5749 517 5809 νονενῇς
551 5763 650 5815 μου
677 5746 801 5805 Υἱὸς
845 5742 994 5801 οὖσα.
1035 5749 1199 5802 Ὅταν
1233 5747 1341 5801 ἐγὼ
1376 5748 1673 5818 προδιαϐῶ,
1725 5747 1859 5816 ἔχων

1940 3394 1989 3438 el
2014 3386 2109 3438 sub
2144 3384 2360 3452 pedibus
2383 3381 2494 3450 ejus
2522 3383 2675 3452 quasi
2711 3396 2839 3447 Opus
2872 3381 3064 3448 lapidis
3094 3380 3410 3449 sapphirini,
3461 3390 3510 3434 et

1945 3475 2098 3543 quasi
2133 3478 2317 3527 cretum
2351 3489 2467 3525 cum
2487 3486 2725 3525 serenum
2750 3480 2843 3523 est.

2018 3734 2253 3803 Didymi;
2276 3761 2344 3771 -—-
2373 3730 2449 3784 Ex
2475 3730 2576 3783 hac
2608 3727 2749 3782 enim
2777 3725 3004 3780 lectione
3062 3723 3403 3778 manifestum:
3453 3722 3515 3777 ﬁt

1948 3829 2112 3897 quod,
2153 3824 2325 3880 sicubi
2378 3824 2519 3878 Deus
2586 3819 2934 3890 spiritualiter
2986 3818 3157 3881 adest,
3215 3819 3285 3872 ibi
3342 3815 3514 3869 locum

1949 3933 2069 3974 esse
2098 3920 2292 3987 pedum
2340 3914 2455 3982 ejus
2501 3914 2714 3977 dicitur,
2752 3910 2981 3965 ﬁrmiter
3012 3909 3100 3964 hic
3132 3909 3391 3963 stantium
3425 3907 3515 3961 ubi

1950 4011 2188 4083 practica
2234 4018 2319 4065 est
2360 4009 2549 4062 virtus.
2583 4004 2743 4059 Forte
2792 4003 2975 4066 etiam,
3010 4016 3110 4069 per
3143 4016 3271 4070 opus
3300 3996 3514 4066 sapphi-

1951 4105 2057 4157 rini
2094 4100 2311 4170 lapidis,
2334 4096 2593 4168 sapientia
2623 4095 2951 4164 designatur,
2971 4108 3108 4161 qum,
3128 4092 3249 4160 quia
3275 4090 3328 4143 in
3357 4088 3511 4142 intelv

1952 4195 2258 4251 lectualium
2307 4187 2763 4258 contemplatione
2813 4184 3064 4241 consistit
3148 4181 3276 4235 caelo
3336 4195 3516 4234 sereno

1951 4303 2137 4356 compa
2147 4294 2314 4339 ratur.

2024 4378 2178 4434 CAP.
2206 4374 2445 4440 XXXIII,
2481 4388 2625 4429 vers.
2667 4373 2755 4427 15.
2784 4370 2844 4426 Si
2866 4386 2986 4439 ergo
3012 4368 3183 4422 inveni
3214 4366 3435 4435 gratiam
3464 4359 3520 4418 in

1954 4481 2227 4539 conspectu
2258 4480 2368 4532 tuo,
2402 4472 2614 4521 ostende
2652 4465 2779 4518 mihi
2805 4462 2996 4531 faciem
3034 4469 3179 4511 tuam
3213 4466 3270 4509 ut
3304 4471 3392 4524 per
3433 4472 3522 4508 co-

1957 4566 2234 4635 gnitionem
2260 4563 2460 4615 videam
2490 4570 2537 4613 te
2570 4571 2613 4613 et
2644 4558 2903 4611 inveniam
2935 4553 3161 4623 gratiam
3190 4560 3313 4605 ante
3345 4550 3521 4604 oculos

1877 4642 1933 4702 Ῑ)
1956 4668 2091 4718 tuos,
2115 4667 2162 4710 et
2196 4669 2475 4725 cognoscas
2503 4653 2624 4715 quia
2645 4650 2863 4718 populus
2902 4657 3025 4699 tuus
3047 4654 3120 4697 est
3142 4660 3265 4713 gens
3291 4646 3411 4696 ista.

2024 4743 2337 4816 Didymi.-—
2354 4741 2503 4809 Quod
2534 4754 2628 4807 per
2650 4737 3007 4807 cognitionem
3036 4734 3264 4795 videtur,
3290 4730 3525 4787 nbintel-

1954 4835 2093 4890 lectu
2128 4842 2364 4897 tantum,
2397 4829 2617 4883 minime
2658 4840 2787 4878 vero
2837 4840 2866 4877 a
2904 4822 3152 4877 sensibus
3198 4819 3523 4889 apprehendi

1955 4925 2299 4982 manifestum
2339 4932 2441 4976 est.
2484 4920 2637 4973 Sicut
2689 4919 2831 4970 enim
2877 4913 3067 4968 oculus
3121 4926 3215 4982 per
3262 4911 3523 4965 visionem

1958 5017 2231 5074 sensibilis
2262 5013 2509 5085 percipit,
2546 5011 2624 5065 sie
2657 5023 2829 5071 meus,
2874 5020 2972 5074 per
3001 5004 3391 5067 cognitionem,
3430 5001 3523 5056 Dei

1958 5112 2216 5165 visionem
2241 5106 2449 5171 recipit.

2028 5198 2299 5254 “3115.19.
2318 5194 2384 5249 Et
2416 5194 2545 5247 dixit
2567 5192 2705 5263 :Ego
2724 5192 2955 5245 transibo
2984 5189 3126 5258 prior
3142 5198 3191 5239 te
3222 5200 3337 5239 cum
3355 5182 3526 5253 gloria

1958 5308 2113 5355 mea;
2154 5290 2349 5357 prwibo
2399 5296 2520 5339 ante
2551 5285 2738 5353 faciem
2770 5295 2914 5335 tuam
2958 5297 3075 5334 cum
3106 5278 3273 5349 gloria
3305 5292 3439 5338 mea,
3477 5282 3527 5327 et

1961 5383 2157 5436 vocabo
2188 5380 2394 5433 nomine
2422 5376 2633 5433 Domini
2662 5390 2838 5428 coram
2874 5383 2943 5426 te.

2043 5560 2347 5629 l)idymi.—
2361 5556 2635 5612 Posterior
2652 5552 2797 5608 enim
2816 5550 2905 5605 illa
2924 5547 3113 5619 (gloria
3126 5544 3261 5616 mea)
3290 5558 3369 5599 es.
3393 5542 3527 5596 Nam

1969 5662 2093 5708 ante
2108 5650 2299 5706 srecula
2329 5649 2537 5705 exsistit
2562 5644 2729 5716 gloria
2754 5658 2891 5708 mea,
2920 5656 3038 5711 qua:
3070 5647 3153 5693 est
3186 5636 3353 5690 Filius
3381 5646 3532 5686 meus

1971 5743 2294 5815 unigenitus.
2342 5742 2471 5797 Cum
2516 5754 2643 5809 ergo
2674 5737 2822 5807 prior
2865 5732 3145 5796 transiero,
3182 5727 3382 5785 habens
3416 5721 3528 5793 glo—
