4024 6396
569 270 708 325 1115
1799 275 2034 332 DIDYMI
2070 276 2534 335 ALEXANDRINI
3627 284 3743 338 lllﬁ

570 393 707 446 riam
746 400 1007 459 nostram,
1055 401 1108 448 tu
1157 393 1521 463 subsequeris,
1556 396 1692 450 sicut
1726 411 1913 452 servus
1958 400 2129 453 domi-

2161 407 2207 462 Α
2236 400 2335 471 τὴν
2362 400 2634 472 ἡμετέραν
2649 400 2823 467 δόξαν,
2852 401 2974 455 τότε
3007 403 3071 456 σὺ
3088 400 3549 473 ἐπακολουθήσεις.
3578 396 3658 456 οἷα
3678 405 3750 457 θε-

568 496 717 537 suun.

2236 493 2421 563 ράπων
2448 492 2503 545 δε
2511 493 2697 567 σπότῃ.

639 570 803 627 Vens.
845 572 934 627 25'.
973 572 1272 639 Tollantque
1310 591 1519 629 manum
1550 592 1715 632 meam
1744 587 1790 632 et
1820 580 2012 633 videbis
2049 597 2135 648 po-

2304 584 2395 636 Στ.
2427 591 2532 652 κγ’.
2570 584 2678 638 Καὶ
2728 583 2931 654 (ipsis?)
2958 583 3074 652 τὴν
3125 584 3309 653 χεζοα,
3351 583 3446 637 καὶ
3479 586 3602 638 τότε
3642 584 3756 654 ὄψει

568 661 789 714 steriara
826 677 941 715 mea
969 677 989 715 :
1026 663 1214 731 faciem
1251 677 1425 719 autem
1458 682 1624 720 meum
1662 670 1833 723 videre
1862 687 1962 723 non
1991 682 2134 739 pote-

2234 674 2306 728 τὰ
2354 675 2546 728 ὀπίσω
2574 692 2705 730 αου*
2748 674 2816 730 τὸ
2838 672 2914 728 ’δὲ
2938 678 3258 743 πρόσωπόν
3274 693 3391 746 μου
3437 679 3544 731 οὐκ
3595 677 3756 746 63961}-

570 769 662 806 τίει
2231 767 2400 821 σεται
2429 781 2545 823 σοι.

642 840 878 913 Didymi.
900 872 972 882 -—-
1004 843 1193 898 Divina
1241 854 1455 912 natura,
1487 847 1659 915 qualis
1684 850 1750 903 ab
1774 859 1975 905 αξιοι-πο
2009 862 2134 907 ante

2304 856 2577 924 Διδύμου.
2623 856 2687 908 Ἦ
2721 856 2817 927 μὲν
2838 857 3168 928 προκόσμιος
3205 855 3432 929 ὖπαρξίς
3446 875 3503 911 τε
3531 874 3619 911 και
3642 858 3760 911 θειό-

572 935 757 988 mundi
778 936 1216 990 constitutionem
1251 939 1569 1007 exsistebat,
1588 956 1681 1009 per
1702 941 1891 1010 {aciem
1932 944 2136 997 indica-

2232 965 2333 1020 της
2365 947 2614 1019 δηλοῦται
2636 948 2725 1001 διὰ
2743 949 2847 1003 τοῦ
2864 948 3205 1017 προσώπου*
3234 949 3268 1019 ἡ
3283 949 3338 1002 δὲ
3358 948 3668 1023 δημιουργία
3686 947 3760 1001 καὶ

576 1031 692 1086 tur;
735 1026 938 1079 creatio
966 1036 1140 1080 autem
1167 1036 1222 1080 et
1251 1028 1584 1095 providentia
1624 1045 1719 1098 per
1743 1033 2033 1098 posteriora
2061 1032 2135 1086 si-

1481 1031 1584 1083 ntia
1624 1045 1719 1098 per
1743 1033 2033 1098 posteriora
2061 1032 2135 1086 si-
2237 1039 2481 1108 πρόνοια,
2506 1039 2593 1093 διὰ
2621 1038 2737 1093 τῶν
2761 1041 2951 1095 ὀπίσω
2972 1040 3070 1112 (l).

573 1115 918 1182 gnilicantur.

646 1204 800 1259 CAP.
846 1206 1083 1271 XXXIV,
1119 1224 1260 1263 vers.
1328 1210 1384 1267 2.
1438 1210 1565 1265 Esto
1614 1222 1828 1279 paratus
1882 1230 2033 1268 mane
2079 1226 2136 1268 ut

2307 1216 2463 1269 ΚΕΦ.
2484 1213 2604 1280 AA',
2631 1231 2712 1269 στ.
2750 1216 2815 1286 β’.
2843 1216 2958 1271 Καϊ
2975 1217 3145 1286 γίνου
3178 1215 3407 1285 ἕτοιμος
3425 1217 3510 1281 εις
3535 1212 3599 1267 τὸ
3620 1212 3760 1282 πρωΐ,

574 1300 828 1351 ascendas
870 1301 1048 1352 statim
1092 1302 1148 1353 in
1182 1312 1406 1356 montem
1436 1301 1606 1368 Sinai,
1640 1304 1907 1373 stabisque
1941 1322 2138 1359 mecum

2237 1307 2334 1367 κω
2367 1306 2641 1375 ἀναϐήσῃ
2691 1307 2758 1360 τὸ
2794 1307 2942 1375 πρωῒ
2968 1309 3054 1374 εἰς
3097 1306 3164 1361 τὸ
3205 1306 3341 1375 ὅρος
3376 1305 3444 1360 τὸ
3484 1302 3640 1370 Σινᾶ,
3683 1302 3761 1356 καὶ

574 1403 731 1455 super
755 1391 1014 1443 verticem.

2237 1394 2439 1463 στήσῃ
2463 1414 2565 1465 μοι
2586 1396 2714 1449 ἐκεῖ
2735 1397 2826 1449 ἐπ’
2872 1396 3059 1464 ἄκρου
3087 1396 3193 1449 τοῦ
3217 1395 3413 1464 ὅρους.

647 1480 881 1551 Didymi.
906 1512 979 1522 —
1011 1481 1128 1537 Non
1159 1484 1300 1538 enim
1331 1499 1452 1538 cum
1478 1485 1586 1539 alio
1604 1495 1711 1540 stat
1743 1487 1844 1542 nisi
1865 1502 1985 1542 cum
2007 1488 2136 1553 Deo,

2307 1488 2579 1557 Διδύμου.
2607 1488 2681 1541 Oi)
2702 1488 2807 1559 γὰρ
2842 1487 3011 1558 ἑτέρῳ
3037 1486 3145 1539 τινὶ
3176 1485 3407 1551 ἵσταται,
3439 1483 3551 1538 ἀλλ’
3593 1482 3624 1552 ἢ
3648 1480 3764 1551 Θεῷ,

581 1573 666 1627 cui
700 1575 1011 1640 praedictum
1043 1575 1340 1644 profectum
1370 1578 1625 1646 perﬁciet.
1671 1577 1809 1645 Quid
1851 1593 1935 1635 est
1959 1593 2136 1634 autem

2236 1569 2280 1643 ᾧ
2311 1576 2411 1646 τὴν
2434 1575 2762 1646 δηλωθείσαν
2808 1575 3084 1647 προκοπὴν
3124 1574 3384 1627 διανύσει.
3425 1572 3491 1626 Τί
3511 1571 3565 1625 δέ
3587 1571 3692 1622 ἐστι
3719 1569 3768 1622 τὸ

576 1671 719 1715 stare
751 1675 874 1718 eum
908 1664 1039 1731 Deo,
1066 1665 1167 1720 nisi
1212 1675 1456 1735 paratum
1495 1680 1616 1723 esse
1644 1670 1710 1723 ad
1752 1669 2012 1723 audienda
2045 1668 2135 1724 Dei

2241 1669 2458 1723 ἑστάναι
2489 1667 2627 1740 Θεῷ,
2651 1668 2684 1740 ἢ
2711 1669 2770 1721 τὸ
2792 1670 3006 1739 ἕτοιμον
3055 1666 3306 1723 γενέσθαι
3338 1665 3472 1729 ποὺς,
3509 1664 3567 1718 τὸ
3594 1663 3768 1733 ἀκροᾶ-

578 1757 879 1824 ρτωοοριοῗ
2171 1765 2212 1820 Β
2250 1759 2372 1813 σθαι
2404 1758 2540 1812 Θεοῦ
2560 1759 2928 1827 διδασκαλίαν;

653 1844 816 1902 Vens.
847 1848 902 1903 5.
942 1847 1010 1904 Et
1056 1851 1229 1906 nullus
1270 1852 1515 1907 ascendat
1552 1860 1720 1904 tecum
1769 1867 1862 1905 nec
1902 1852 2138 1905 rideatur

2315 1851 2406 1903 Στ.
2444 1857 2513 1920 γ’.
2554 1853 2662 1905 Kal
2696 1851 2906 1921 μηδεὶς
2934 1850 3206 1920 ἀναόήτω
3222 1848 3372 1919 μετὰ
3399 1847 3531 1913 σοῦ,
3567 1847 3653 1900 καὶ
3673 1862 3768 1914 μη-

579 1938 842 2007 quispiam
884 1957 977 2009 per
1008 1951 1172 1995 totum
1219 1944 1657 1997 montem:boves
1691 1958 1893 2012 quoque
1937 1952 1983 1995 et
2031 1960 2144 1996 ores

2240 1940 2363 2007 δεὶς
2411 1943 2647 2010 όφθήτω
2689 1944 2760 1995 ἐν
2787 1944 2964 1997 παντὶ
3015 1941 3095 2008 τῷ
3130 1942 3266 2011 ὄρει·
3303 1940 3404 1996 καὶ
3449 1940 3519 1994 τὰ
3545 1940 3770 2007 πρόϐατα

582 2046 685 2083 non
711 2042 994 2098 pascantur
1022 2049 1049 2086 e
1074 2045 1275 2086 contra.

2242 2033 2339 2087 καὶ
2381 2037 2435 2089 οἱ
2482 2035 2630 2100 βόες
2667 2033 2750 2103 μὴ
2789 2034 3176 2104 νεμέσθωσαν
3198 2033 3458 2102 πλησίον
3481 2029 3583 2084 τοῦ
3602 2030 3766 2097 ὄρους.

653 2120 1274 2194 Didymi—Quicunque
1305 2123 1485 2194 Moyse
1523 2121 1943 2191 imperfectiores
1971 2131 2144 2185 erant,

2315 2124 2590 2195 Διδύμου.
2618 2127 2742 2190 Τοῖς
2790 2125 3235 2198 ἀπολειπομένοις
3276 2125 3377 2195 τῆς
3408 2122 3502 2177 τοῦ
3532 2119 3769 2182 Μωῦσὲως

582 2226 678 2267 ωε
710 2212 810 2268 sub
838 2224 1016 2267 monte
1046 2222 1193 2268 stare
1231 2214 1537 2284 imperavit.

2245 2214 2575 2287 τελειότητος
2599 2217 2780 2289 μένειν
2798 2218 2946 2272 κάτω
2972 2218 3061 2271 τοῦ
3088 2217 3246 2290 ὅρους
3276 2215 3588 2288 προσέταξε.

573 2402 583 2413 γ
617 2344 733 2469 δίε)
784 2345 930 2468 Huicl
959 2350 1342 2407 commentario
1371 2349 1650 2420 sequentia
1695 2350 1746 2403 in
1779 2348 1961 2405 codice
2009 2345 2437 2418 subiunguntur:
2472 2353 2618 2408 Idem
2649 2364 2695 2408 et
2759 2352 3037 2424 Gregorius
3086 2353 3358 2425 Nysstrus.
3392 2351 3516 2407 Ilaec
3534 2363 3694 2407 autem
3726 2351 3766 2405 in

583 2429 631 2468 e'
656 2432 667 2468 I
697 2432 739 2469 IS
766 2433 884 2469 mox
936 2429 1184 2469 eauntur.

583 2429 739 2470 cuius
766 2433 884 2470 mox
918 2429 1184 2486 leguntur.

1246 2738 1959 2828 FRAGMENTA
2033 2741 2154 2828 IN
2236 2740 2642 2832 REGUM
2720 2741 2955 2828 LIB.
3031 2740 3168 2829 II.

1518 2926 1624 2999 (Ea:
1650 2926 1848 2983 Catena
1881 2927 2164 2999 Nicep/tori
2189 2947 2344 3001 supra
2371 2930 2611 2997 laudata,
2640 2938 2765 2986 tam.
2789 2930 2899 3002 II.)

659 3237 810 3295 CAP.
851 3236 1015 3296 XXII.
1068 3237 1222 3295 Vers.
1270 3236 1323 3292 5.
1377 3237 1515 3304 Quia
1566 3238 2016 3294 circumdederunt
2071 3245 2217 3302 meC.

2182 3245 2217 3302 [ἶ.
2321 3241 2476 3294 ΚΕΦ.
2516 3240 2644 3305 KB’,
2675 3256 2756 3294 στ.
2787 3247 2847 3296 ε’.
2872 3241 2999 3295 Ὅτι
3022 3239 3348 3309 περιέσχον
3368 3258 3446 3312 με
3466 3237 3771 3311 συντριμμοι

589 3331 919 3385 contritiones
969 3331 1150 3385 mortis
1173 3346 1192 3384 :
1220 3339 1472 3385 torrentes
1530 3332 1822 3401 iniquitatis
1860 3342 2155 3387 terruerunt

2254 3331 2534 3397 θανάτου,
2561 3332 2660 3387 καὶ
2685 3334 2991 3403 χείμαρῤοι
3016 3335 3265 3404 ἀνομίας
3289 3333 3772 3408 ἐξεθάμϐησύνμε.

589 3440 690 3480 me.

664 3516 894 3586 Didymi.
922 3542 992 3555 -—
1040 3514 1130 3570 Vel
1176 3515 1337 3571 etiam
1389 3527 1641 3572 torrentes
1679 3516 1975 3588 iniquitatis
2003 3518 2154 3582 dicit,

2323 3508 2600 3578 Διδύμου.
2639 3509 2712 3562 ’Ἠ
2740 3508 2834 3562 καὶ
2878 3510 3170 3580 χείμαρροι
3209 3508 3473 3581 ἀνομίας,
3504 3507 3589 3562 διὰ
3624 3506 3677 3560 τὺ
3714 3504 3773 3565 εις

589 3608 715 3675 quia
748 3608 800 3662 in
842 3606 1178 3677 iniquitatem
1224 3608 1471 3664 incidunt
1510 3611 1599 3679 qui
1625 3626 1730 3665 non
1764 3610 1991 3666 viriliter
2025 3611 2156 3665 resi-

2257 3604 2483 3674 ἀνομίαν
2510 3602 2763 3674 ἔρχεσθαι
2790 3603 2916 3666 τοὺς
2948 3602 3021 3672 μὴ
3046 3602 3310 3669 γενναίως
3336 3600 3706 3675 ὑφισταμένους
3721 3596 3772 3648 τὰ

589 3705 744 3752 stunt
769 3698 1174 3754 tentationlbus.

1016 3699 1174 3754 tibus.
2257 3698 2603 3768 πειρατήρια.

664 3788 830 3844 Vens.
863 3788 918 3845 6.
950 3789 1168 3844 Dolores
1190 3791 1387 3861 inferni
1409 3791 1855 3845 circumdederunt
1886 3808 1964 3847 me
2016 3809 2157 3862 pra:-

2324 3790 2417 3842 Στ.
2459 3795 2533 3853 ς’.
2584 3786 2810 3853 Ὠδῖνες
2836 3786 2986 3853 ᾅδου
3015 3783 3511 3854 περιεκύκλωσάν
3537 3798 3639 3853 με,
3666 3791 3773 3846 :tpa-

592 3888 840 3934 t'enerunt
867 3895 949 3934 me
984 3881 1287 3951 aﬂlictiones
1315 3882 1519 3936 mortis.

2258 3877 2533 3949 ἐφθασάν
2554 3895 2632 3947 με
2663 3876 2923 3931 θανάτου
2952 3877 3368 3945 σκληρότητες

665 3968 900 4039 Didymi.
930 4000 1002 4012 —-
1042 3971 1267 4027 Dolores
1324 3972 1515 4027 mortis
1565 3981 1621 4027 et
1686 3973 1883 4029 inferni
1936 3983 2158 4045 peccata

2330 3969 2607 4039 Διδύμου.
2655 3968 2851 4032 Ὠδίνες
2876 3967 3106 4022 θανάτου
3136 3968 3230 4021 καὶ
3257 3966 3388 4022 ἇδου
3414 3967 3480 4023 τὰ
3506 3966 3630 4039 πρὸς
3648 3962 3771 4016 θάνα-

596 4067 721 4113 sunt
745 4057 945 4113 letalia.

2261 4075 2351 4112 τον
2382 4060 2601 4131 ἀμαρτή
2611 4075 2773 4128 ματα.

667 4149 830 4206 Vens.
859 4152 913 4207 9.
949 4154 1200 4207 Ascendit
1231 4153 1407 4224 [unius
1452 4157 1510 4209 in
1559 4172 1640 4210 ira
1677 4173 1811 4225 ejus.
1842 4166 1890 4210 et
1940 4158 2072 4226 ignis
2097 4159 2160 4212 de

2331 4149 2421 4202 Στ.
2464 4148 2529 4203 θ’.
2573 4148 2780 4217 Ἀνέϐη
2809 4148 3037 4214 καπνὸς
3058 4148 3129 4202 ὲν
3153 4146 3307 4218 ὀργῆ
3335 4148 3539 4214 αὐτοῦ,
3572 4144 3657 4200 καὶ
3681 4139 3769 4205 πῦρ

598 4258 687 4297 ore
712 4243 826 4313 ejus
854 4245 1081 4311 vorabit;
1110 4248 1360 4300 carbones
1389 4248 1596 4301 accensi
1620 4256 1743 4302 sunt
1770 4249 1833 4302 ab
1858 4265 1941 4302 eo.

2260 4240 2328 4294 ἐκ
2362 4240 2657 4310 στόματος
2684 4240 2871 4295 αὐτοῦ
2901 4239 3234 4294 κατέδεται·
3262 4239 3552 4308 ἄνθρακες
3578 4229 3771 4301 ἐξεκαύ-

2261 4335 2457 4399 θησαν
2481 4331 2581 4385 ἀπ’
2607 4331 2813 4385 αὐτοῦ.

663 4418 899 4490 Didymi.
933 4448 1003 4459 -—-
1028 4420 1272 4476 Ascendit
1302 4422 1476 4492 fumus
1502 4423 1556 4476 in
1594 4424 1676 4476 ira
1717 4424 1851 4493 ejus,
1883 4423 2006 4479 dum
2036 4439 2163 4481 con-

2332 4422 2608 4491 Διδύμου.
2668 4423 2876 4491 Ἀνέϐη
2924 4422 3154 4490 καπνὸς
3194 4423 3264 4478 ἐν
3299 4422 3447 4494 ὀργῇ
3482 4417 3666 4482 αὐτοῦ,
3698 4413 3768 4482 τῆς

599 4512 832 4567 sumitur
857 4513 1157 4582 perniciosa
1210 4513 1455 4577 materia,
1501 4512 1802 4585 analogiam
1853 4514 2054 4569 habens
2094 4514 2161 4568 ad

2269 4513 2545 4584 μοχθηρᾶς
2593 4511 2726 4582 ὕλης
2770 4512 3163 4584 δαπανωμένης
3181 4552 3197 4577 ,
3248 4513 3534 4581 ἀναλογίαν
3590 4503 3769 4577 ἐχούσης

596 4603 818 4674 lignum,
852 4603 1051 4673 fenum,
1087 4603 1363 4673 stipulam,
1386 4619 1507 4674 qua:
1544 4605 1613 4660 ab
1644 4605 1902 4672 improbis
1933 4605 2165 4661 ltomini-

2191 4603 2242 4662 D
2269 4603 2403 4674 πρὸς
2438 4601 2508 4654 τὰ
2542 4599 3037 4671 ἐποικοδομούμενα
3072 4599 3166 4653 ἐπὶ
3208 4598 3288 4669 τῷ
3331 4594 3560 4670 Χριστοῦ
3587 4586 3768 4662 θεμελίῳ

598 4697 701 4751 bus
747 4694 1250 4765 superandiiicantur
1301 4710 1463 4765 super
1510 4709 1698 4750 verum
1752 4695 2157 4752 fundamentum

2192 4721 2202 4738 ι
2262 4694 2378 4749 ὄντι
2415 4693 2519 4747 ὑπὸ
2553 4692 2774 4762 φαύλων
2807 4689 3129 4763 ἀνθρώπων,
3158 4690 3336 4756 ξύλα,
3371 4689 3594 4758 χόρτον,
3634 4676 3771 4765 καλά’

598 4786 796 4842 Christi
827 4786 881 4860 (Ι
904 4787 1028 4843 Cor.
1044 4805 1126 4852 ιιι,
1150 4787 1259 4861 12).
1284 4764 1410 4844 Haec
1434 4798 1612 4845 autem
1636 4802 1762 4844 sunt
1789 4804 1968 4857 pravas
1992 4788 2162 4844 actio-

2259 4802 2403 4855 μην.
2442 4784 2647 4838 Φαῦλαι
2699 4783 2756 4836 δὲ
2797 4782 2970 4836 ταῦτα
3010 4782 3238 4854 πράξεις
3280 4782 3377 4836 καὶ
3403 4778 3637 4867 γνῶμαι.-
3655 4764 3768 4867 01.8%

599 4894 699 4935 nes
721 4880 801 4935 vel
830 4893 1083 4951 perversa
1117 4879 1382 4950 dogmata.
1420 4877 1681 4934 Carbones
1709 4894 1840 4934 vero
1870 4879 2160 4948 aliquando

2263 4875 2530 4946 ἄνθρακες
2563 4873 2691 4927 ποτὲ
2722 4873 2821 4945 μὲν
2853 4870 3107 4935 κολάσεις
3136 4871 3507 4943 σημαίνουσιν,
3535 4866 3603 4929 ὡς
3622 4863 3765 4951 ὲνῖιξν

599 4946 885 5039 designant
920 4946 1324 5041 castigationes,
1352 4986 1402 5024 ν.
1432 4984 1506 5035 c.,
1532 4984 1653 5025 cum
1678 4969 1806 5025 dicit
1833 4946 2156 5038 Apostolus:

2276 4967 2416 5021 Ἐὰν
2452 4962 2628 5031 πεινᾷ
2669 4968 2703 5020 ὀ
2751 4963 2964 5033 ἐχθρός
2994 4978 3146 5028 σου,
3197 4958 3412 5032 ψώμιζε
3458 4956 3654 5012 αὐτόν·
3689 4946 3767 5001 ἐὰν

599 5058 656 5113 Si
689 5060 931 5114 esurierit
971 5060 1212 5114 inimicus
1235 5069 1376 5126 tuus,
1405 5061 1519 5114 ciba
1540 5059 1692 5114 illum
1713 5077 1733 5125 ;
1754 5059 1800 5113 si
1826 5060 1959 5125 sitit,
1980 5070 2161 5128 potum

2271 5055 2439 5127 διψᾷ,
2473 5054 2664 5117 πότιζε
2694 5056 2898 5110 αὐτόν.
2940 5054 3120 5109 Τοῦτο
3162 5053 3273 5123 γὰρ
3308 5051 3492 5107 ποιῶν
3525 5047 3768 5128 ἄνθρακας

598 5152 668 5204 da
700 5150 778 5204 illi
803 5166 820 5205 :
842 5150 938 5205 hoc
955 5152 1091 5206 enim
1121 5153 1341 5221 faciens,
1372 5152 1620 5205 carbones
1642 5151 1781 5221 ignis
1804 5126 2045 5221 congeres
2074 5168 2164 5204 su-

2273 5126 2461 5220 πορὸς
2506 5148 2833 5216 σωρεύσεις
2874 5146 2973 5201 ἐπὶ
3014 5144 3130 5214 τὴν
3161 5143 3436 5215 κεφαλὴν
3469 5137 3666 5195 αὐτοῦ·
3700 5126 3766 5221 ml

597 5258 692 5311 per
709 5253 866 5311 caput
898 5242 1098 5312 ipsius;
1119 5216 1174 5299 et
1198 5243 1364 5298 David
1388 5260 1401 5295 :
1429 5242 1629 5298 Cadent
1653 5216 1811 5313 super
1841 5216 1929 5297 eos
1970 5247 2162 5298 carbo-

2269 5216 2383 5313 eq),
2424 5241 2758 5296 Πεσοῦνται
2790 5239 2882 5293 ἐπ’
2921 5238 3124 5304 αὐτοῖς
3151 5237 3441 5305 ἄνθρακες
3484 5228 3671 5300 πυρὸς,
3697 5216 3766 5313 ita!

601 5347 713 5395 nes,
745 5331 800 5384 in
840 5331 1008 5400 ignem
1041 5332 1252 5402 dejicies
1289 5350 1397 5389 eos.
1430 5334 1492 5389 Ili
1540 5334 1807 5390 carbones
1852 5346 2015 5390 erunt
2064 5335 2162 5391 tibi

2270 5310 3049 5398 καταϐαλεῖςαὺτούς.οὗτοι
3078 5328 3290 5383 ἔσονται
3313 5345 3397 5381 σοι
3426 5324 3641 5397 βοήθεια.
3662 5310 3765 5368 ΙΙπέ

601 5423 825 5480 auxilio.
853 5414 1161 5493 Aliquando
1193 5437 1374 5480 autem
1413 5428 1662 5482 carbones
1705 5426 1992 5498 designant
2020 5427 2166 5498 igni-

2268 5427 2325 5480 δὲ
2373 5426 2501 5488 τοὺς
2544 5422 2839 5491 διαπύρους
2882 5421 2975 5475 τοῦ
3017 5420 3151 5475 Θεοῦ
3194 5421 3416 5490 λόγους,
3471 5410 3766 5481 καθαίροντας

603 5528 688 5574 tos
734 5518 827 5574 Dei
857 5532 1158 5585 sermones,
1199 5522 1396 5591 quibus
1421 5525 1778 5593 cogitationes
1804 5525 1997 5580 anima:
2025 5524 2169 5595 puri-

2270 5520 2396 5582 τοϋς
2430 5519 2530 5589 τῆς
2562 5517 2740 5587 ψυχῆς
2772 5513 3082 5585 λογισμούς.
3130 5514 3241 5568 Καὶ
3284 5512 3438 5583 δῆλον
3468 5508 3524 5571 ἐξ
3572 5498 3761 5595 Ἡσαΐουζ

603 5610 867 5676 ﬁcantur;
896 5611 1037 5681 quod
1069 5613 1412 5668 manifestum
1456 5614 1584 5670 facit
1630 5614 1817 5679 Isaias,
1852 5580 2040 5671 dicens
2061 5632 2074 5667 :
2098 5613 2165 5669 Et

2271 5580 2540 5683 φήσαντος
2559 5580 2588 5640 θ’
2619 5580 2729 5664 ιξιὶι
2768 5580 3080 5673 ἀεέεστὰλη
3119 5605 3190 5661 ἐν
3240 5580 3358 5659 τῶν
3408 5594 3665 5669 depasci”.
3690 5580 3762 5638 καὶ

604 5703 793 5758 missus
818 5712 894 5759 est
924 5719 1058 5761 unus
1095 5721 1160 5760 ex
1198 5706 1479 5778 seraphim,
1530 5718 1576 5766 et
1651 5709 1843 5779 forcipe
1888 5709 2162 5766 carbonem

2270 5682 2485 5761 ἐλαϐεν
2505 5700 2768 5770 ἄνθρακα
2798 5699 2869 5770 τῇ
2890 5698 3086 5755 λαϐίδι
3105 5699 3223 5754 ἀπὸ
3248 5697 3354 5752 τοῦ
3376 5682 3757 5752 θυσιαστηρίου·
