4024 6396
264 279 398 333 1117

1489 280 1910 339 FRAGMENTA
1947 285 2013 340 IN
2047 284 2089 341 ll
2128 283 2284 340 ΒΕΘ.

3386 291 3524 346 1118

261 395 435 465 Πυροῖ
476 393 656 446 τοίνυν
699 391 779 457 είς
827 391 1163 464 φαιδρότητα
1211 393 1337 457 τοὺς
1388 394 1680 467 λογισμοὺς
1735 397 1830 468 τῆς

1943 403 2060 456 tulit
2086 405 2148 457 de
2174 403 2334 457 altari
2365 402 2499 474 (lsa.
2537 419 2609 468 Vl,
2640 402 2718 475 6).
2747 403 2915 458 Porro
2945 403 3084 471 ignis
3117 404 3205 459 ille
3234 405 3429 461 animm
3453 409 3518 459 ad

261 485 483 556 ἑτοίμου
514 485 651 556 πρὸς
676 485 836 539 τοῦτο
861 485 1061 556 ψυχῆς,
1091 485 1448 557 ἁμαρτωλοὺς
1476 488 1534 540 δὲ
1560 489 1835 559 καθαίρει,

259 580 360 642 τὰς
389 580 620 650 πράξεις
653 581 836 644 αὐτῶν
866 581 1213 653 καταφλέγον
1241 584 1358 637 τόδε
1389 583 1534 656 πῦρ·
1569 587 1616 638 εί
1655 585 1728 657 μὴ
1753 586 1838 639 δέ-

259 672 462 738 ξωνται
490 673 672 738 τοῦτο,
710 673 1039 744 καταφλέξει
1067 675 1126 729 τὸ
1156 674 1264 750 πῦρ
1290 676 1488 740 αὐτοὺς
1508 677 1571 731 τὸ
1598 677 1835 732 αἰώνιον.

328 854 424 907 Στ.
466 861 520 910 ι’.
557 854 669 908 Καὶ
716 856 959 909 ἔκλινεν
1006 855 1268 924 οὐρανὸν
1313 855 1414 909 καὶ
1457 854 1695 924 κατέϐη,
1742 852 1839 909 καί

253 948 485 1016 γνόφος
511 946 794 1004 ὑποκάτω
839 947 960 1000 τῶν
987 947 1191 1001 ποδῶν
1217 947 1425 1001 αὐτοῦ.

327 1039 608 1110 Διδύμου.
657 1040 721 1093 Ἠ
754 1041 811 1095 δὲ
847 1041 1149 1105 κατάϐασις
1181 1044 1247 1112 τῇ
1282 1039 1376 1094 τοῦ
1422 1040 1676 1111 Σωτῆρος
1707 1040 1838 1093 ἀκό-

251 1132 446 1196 λουθος
495 1134 794 1205 οἰκονομίᾳ.
834 1133 1054 1203 Κατέϐη
1085 1134 1141 1186 δὲ
1178 1135 1238 1186 οὐ
1278 1132 1550 1198 τοπικῶς,
1585 1134 1720 1187 ἀλλ’
1770 1133 1841 1186 ἐν

247 1223 459 1294 μορφῇ
509 1225 656 1280 Θεοῦ
701 1224 1024 1295 ὑπάρχων,
1071 1225 1316 1295 μορφὴν
1354 1225 1582 1279 δούλου
1615 1225 1834 1279 λαϐὼν.

254 1317 333 1371 Τὸ
363 1317 423 1370 δὲ
452 1317 658 1387 ἀσαφὲς
702 1317 794 1370 καὶ
823 1316 1084 1370 λανθάνον
1115 1317 1212 1389 τῆς
1250 1317 1342 1369 τοῦ
1392 1316 1528 1370 Θεοῦ
1585 1317 1838 1386 γνώσεως

250 1410 346 1464 διὰ
390 1410 487 1464 τοῦ
542 1410 742 1479 γνόφου
797 1409 1150 1479 παρίσταται.
1196 1410 1291 1473 Εἰς
1336 1409 1526 1463 τοῦτον
1579 1410 1687 1482 γὰρ
1743 1410 1837 1463 καὶ

249 1503 520 1573 Μωῦσῆς,
553 1501 629 1565 ὡς
661 1497 730 1574 ἦν
775 1500 1050 1572 ἀνθρώπῳ
1073 1501 1317 1564 δυνατὸν,
1351 1501 1683 1573 εἰσελήλυθε.
1719 1503 1838 1555 Τοι-

248 1594 399 1665 αὕτη
426 1595 520 1649 καὶ
541 1596 574 1665 ἡ
594 1594 752 1666 δεῦρο
782 1593 1068 1666 ἐπιδημία,
1095 1596 1172 1667 τῷ
1201 1596 1276 1668 μὴ
1306 1595 1370 1649 δι’
1403 1596 1538 1650 ὅλων
1566 1595 1834 1666 ἐγνῶσθαι

245 1688 369 1750 τοῖς
402 1688 670 1757 γενητοῖς.

325 1868 421 1920 Στ.
465 1874 553 1924 ια’.
611 1868 717 1922 Καὶ
782 1867 1141 1922 ἐπεκάθισεν
1193 1867 1292 1920 ἐπὶ
1359 1866 1692 1936 χερουϐεὶμ,
1735 1865 1834 1920 καὶ

241 1958 580 2028 east-dada,
610 1959 708 2014 καί
741 1958 905 2028 ὤφθη
935 1960 1031 2013 ἐπὶ
1065 1961 1372 2029 πτερύγων
1403 1959 1656 2029 ἀνέμων.

324 2053 606 2122 Διδύμου.
650 2054 723 2106 Τὸ
746 2054 802 2106 δέ
839 2053 1062 2122 χεροὺό
1087 2052 1448 2124 ἑρμηνεύεται
1477 2051 1835 2121 πληθυσμός

241 2147 559 2218 γνώσεως.
614 2147 738 2210 Τοῖς
778 2141 872 2200 οῦν
905 2146 1143 2214 λογικοῖς
1185 2145 1395 2209 τούτοις
1429 2145 1588 2209 ζώοις
1612 2186 1627 2210 ,
1676 2146 1708 2216 ἢ
1743 2145 1836 2198 καὶ

243 2241 379 2302 ταῖς
429 2236 706 2300 τοιαύταις
745 2236 943 2307 ψυχαῖς
981 2236 1176 2300 ἐπιϐὰς
1219 2239 1247 2290 ὁ
1288 2235 1451 2300 Θεὸς,
1491 2236 1714 2290 ἴπταται
1747 2235 1834 2289 διὰ

240 2329 354 2394 τῆς
380 2328 644 2398 ὀξυτάτης
669 2329 925 2398 νοήσεως.
965 2327 1239 2396 Ἀνέμους
1272 2327 1357 2390 δέ,
1391 2329 1438 2380 εἰ
1469 2328 1566 2398 μὲν
1599 2328 1722 2390 τοὺς
1748 2329 1833 2380 αἰ-

247 2421 492 2491 σθητοὺς
537 2420 754 2486 λάϐοις,
797 2421 874 2490 τῷ
918 2420 1062 2491 λόγῳ
1110 2421 1210 2490 τῆς
1264 2420 1518 2492 προνοίας
1565 2419 1833 2472 ἐπιϐαίνει

244 2513 462 2567 τούτων
498 2513 647 2578 Θεὸς,
685 2513 832 2581 ἄγων
877 2514 1074 2576 αὐτοὺς
1119 2512 1193 2576 ὡς
1235 2511 1514 2582 βούλεται·
1576 2511 1835 2583 Ἐξάγων

243 2608 364 2678 γάρ
391 2609 540 2661 ἐστιν
567 2606 826 2675 ἀνέμους
855 2607 924 2660 ἐκ
953 2605 1276 2673 θησαυρῶν
1301 2605 1507 2659 αὑτοῦ.
1542 2606 1606 2658 Εἰ
1633 2606 1687 2658 δέ
1710 2607 1834 2670 τοὺς

244 2700 528 2772 πνεύματι
581 2698 1107 2772 μετεωριζομένους,
1147 2699 1242 2752 καὶ
1284 2697 1358 2763 ὡς
1397 2698 1632 2769 ἀνέμους
1666 2698 1833 2762 πνοὰς

245 2794 670 2864 ἐκπέμποντας,
725 2791 922 2862 σοφοὺς
967 2791 1164 2862 ἄνδρας
1205 2791 1451 2862 νοήσεις,
1496 2792 1590 2844 καὶ
1630 2791 1833 2844 τούτων

239 2891 372 2951 ταῖς
421 2887 664 2958 πτέρυξι,
713 2887 958 2940 τουτέστι
999 2888 1116 2949 ταῖς
1169 2884 1457 2954 ὑψιπετέσι
1511 2885 1759 2955 νοήσεσιν
1806 2885 1833 2936 ὁ

243 2980 387 3043 Θεὸς
421 2978 714 3032 ἐπιϐαίνων
748 2978 969 3031 ἴπταται
1003 2975 1297 3047 πανταχοῦ.
1330 2976 1440 3029 Καὶ
1468 2975 1730 3045 ἀνέμους
1766 2975 1835 3028 δὲ

1944 495 2046 549 hoc
2098 506 2300 564 parata:
2352 496 2710 564 cogitationes
2754 496 2945 565 probat
2997 503 3052 549 ut
3108 496 3197 550 illa
3229 497 3510 566 pulchrior

1940 588 2167 652 evadat;
2209 586 2456 654 purificat
2491 598 2672 642 autem
2721 597 3036 656 peccatores
3084 603 3280 656 pravas
3329 603 3520 642 eorum

1943 679 2188 733 actiones
2226 694 2551 734 consumens
2585 696 2600 733 :
2629 695 2787 748 quem
2835 679 3010 748 ignem
3045 680 3148 734 nisi
3192 680 3521 748 receperint,

1941 781 2142 826 αξιοι-πο
2171 772 2292 841 igne
2321 773 2727 827 comburentur.

2013 861 2177 916 Vens.
2225 859 2309 916 10.
2349 860 2633 916 lnclinavit
2664 862 2820 916 calas
2851 871 2896 916 et
2941 862 3226 928 descendit,
3255 871 3301 915 et
3351 859 3520 930 caligo

1940 952 2035 1006 sub
2062 952 2277 1018 pedibus
2306 950 2438 1020 ejus.

2012 1043 2336 1113 Ditlgmi.——
2378 1043 2668 1098 Descensm
2717 1058 2782 1097 an
2828 1056 3187 1098 mconommm
3231 1039 3514 1096 referenda

1941 1145 2042 1191 est.
2081 1135 2364 1190 Descendit
2395 1145 2575 1189 autem
2618 1151 2723 1190 non
2769 1137 2943 1188 locum
2977 1134 3255 1194 mutando,
3285 1133 3376 1186 sed
3402 1133 3518 1199 for-

1941 1246 2081 1283 mam
2109 1229 2244 1282 servi
2287 1229 2608 1295 accipiendo,
2637 1244 2751 1282 cum
2786 1228 2838 1280 in
2869 1227 3038 1297 forma
3075 1227 3166 1279 Dei
3203 1235 3334 1280 esset
3364 1224 3520 1291 (Phi-

1943 1322 2068 1390 lipp.
2102 1336 2165 1384 ll,
2201 1319 2252 1380 6.
2282 1319 2358 1388 7).
2390 1321 2539 1386 Quod
2594 1335 2724 1374 vero
2757 1322 3045 1375 obscurum
3080 1327 3132 1373 et
3167 1319 3406 1372 abditum
3436 1328 3519 1373 est

1940 1412 1992 1466 in
2021 1411 2328 1481 cognitione
2360 1411 2474 1472 Dei,
2509 1426 2604 1478 per
2633 1410 2911 1479 caliginem
2950 1411 3267 1477 designatur
3304 1427 3317 1462 :
3352 1423 3516 1479 quam

1939 1503 2154 1573 quidem
2199 1501 2508 1572 caliginem,
2543 1512 2803 1571 quantum
2854 1503 3055 1556 homini
3105 1502 3362 1572 possibile
3413 1509 3517 1566 est,

1942 1593 2243 1664 penetravit
2275 1593 2501 1666 Moyses.
2521 1594 2667 1648 Talis
2696 1595 2796 1648 fuit
2829 1595 3077 1649 Deiinler
3104 1611 3201 1649 nos
3231 1594 3514 1658 adventus,

1939 1685 2208 1755 siquidem
2255 1702 2318 1740 ex
2358 1695 2513 1754 parte
2563 1695 2769 1739 tantum
2810 1687 3057 1757 cognitus
3096 1695 3179 1739 est
3226 1700 3255 1738 a
3285 1681 3520 1738 mortali-

1940 1778 2060 1832 bus.

2014 1869 2177 1922 Vens.
2218 1869 2302 1923 11.
2336 1869 2398 1923 Et
2440 1871 2571 1924 sedit
2622 1887 2777 1938 super
2810 1867 3094 1932 cherubim,
3127 1876 3173 1921 et
3227 1865 3436 1931 volavit,
3467 1875 3518 1920 et

1938 1963 2181 2030 apparuit
2204 1979 2358 2029 super
2387 1979 2583 2030 pennas
2611 1975 2894 2016 ventorum.

2011 2055 2238 2124 Didymi.
2280 2086 2351 2095 —
2379 2053 2581 2109 Cherub
2612 2057 2997 2124 interpretatur
3020 2053 3299 2107 multitudo
3334 2053 3516 2122 cogni-

1941 2147 2120 2201 tionis.
2153 2146 2262 2202 lllis
2295 2148 2456 2216 igitur
2491 2147 2846 2203 rationalibus
2871 2147 3216 2209 animalibus,
3243 2147 3326 2201 vel
3350 2148 3516 2201 etiam

1937 2239 2222 2294 animabus
2253 2255 2371 2309 qua-
2430 2240 2557 2309 ipsis
2610 2240 2815 2294 similes
2861 2249 3008 2304 sunt,
3067 2239 3306 2293 insidens
3355 2237 3516 2298 Deus,

1937 2347 2034 2400 per
2079 2332 2450 2386 acutissimam
2491 2346 2678 2386 eorum
2723 2330 3134 2402 intelligentiam
3169 2329 3336 2384 volat.
3362 2327 3514 2396 Quod

1936 2425 1984 2479 si
2013 2434 2205 2479 ventos
2232 2424 2516 2478 sensibiles
2557 2423 2913 2486 intellexeris,
2949 2422 3055 2477 illis
3095 2438 3190 2492 per
3223 2420 3516 2491 providen-

1939 2518 2065 2571 tiam
2099 2503 2298 2571 insidet
2321 2515 2482 2580 Deus,
2518 2516 2665 2584 ipsos
2695 2531 2792 2586 pro
2817 2515 3044 2569 arbitrio
3067 2514 3309 2586 dirigens
3335 2529 3348 2564 :
3387 2511 3519 2566 Pro-

1936 2611 2079 2663 ducit
2111 2611 2280 2674 enim,
2323 2609 2516 2678 inquit,
2555 2619 2729 2664 ventos
2773 2610 2837 2663 de
2880 2608 3140 2662 thesauris
3186 2607 3296 2660 suis
3339 2603 3513 2671 (Psal.

1935 2717 2158 2766 cxxxrv,
2187 2702 2262 2770 7).
2301 2702 2357 2756 Si
2389 2711 2569 2756 autem
2608 2711 2875 2755 ventorum
2925 2699 3141 2754 nomine
3201 2711 3296 2752 eos
3360 2696 3517 2752 intel-

1939 2797 2137 2850 lexeris
2166 2797 2256 2865 qui
2305 2794 2512 2864 Spiritu
2550 2795 2602 2848 in
2662 2793 2895 2849 sublime
2945 2791 3218 2857 feruntur,
3256 2790 3514 2856 virosque

1938 2889 2208 2958 sapientes
2259 2889 2434 2942 ventis
2484 2886 2642 2942 ﬂatus
2697 2900 2831 2941 suos
2886 2884 3260 2938 eminentibus
3307 2881 3516 2937 similes

1937 2998 2056 3038 esse
2091 2983 2350 3046 volneris,
2389 2982 2604 3035 illorum
2653 2981 2817 3036 etiam
2853 2978 2976 3044 alis,
3001 2978 3052 3030 id
3077 2986 3160 3033 est
3195 2974 3517 3032 sublimibus

245 3072 673 3138 διδασκαλίας,
710 3071 839 3142 περὶ
865 3071 1185 3141 ἑτεροδόξων
1215 3069 1386 3139 λέγων
1413 3066 1562 3123 εἶπεν
1595 3073 1623 3123 ὁ
1673 3070 1830 3122 Ἀπό-

1940 3075 2375 3143 cogitationibus,
2405 3073 2548 3126 Deus
2587 3071 2847 3127 invehens
2879 3069 3077 3138 ubique
3127 3066 3294 3121 volat.
3325 3066 3431 3121 Sed
3463 3075 3520 3120 et

246 3167 441 3230 στολος
459 3183 472 3197 ’
502 3167 634 3221 Ἵνα
652 3166 862 3236 μηκέτι
887 3160 1045 3235 ὦμεν
1064 3166 1288 3231 νήπιοι,
1316 3164 1829 3233 κλυδωνιᾰῂιενοι,

247 3257 348 3313 καί
372 3259 819 3328 περιφερόμενοι
836 3257 1016 3312 παντὶ
1043 3257 1238 3326 ἀνέμῳ
1279 3256 1390 3326 τῆς
1416 3256 1830 3324 διδασκαλίας,

249 3354 318 3404 ἐν
345 3350 426 3420 τῇ
457 3351 665 3419 κυϐείᾳ
689 3351 810 3404 τῶν
841 3349 1188 3418 ἀνθρώπων,
1224 3351 1294 3404 ἐν
1319 3349 1654 3418 πανοιφγίᾳ
1683 3348 1832 3417 πρὸς

255 3447 363 3515 τὴν
382 3446 705 3516 μεθοδείαν
728 3444 838 3516 τῆς
871 3445 1129 3512 πλάνης.

317 3646 417 3699 Στ.
462 3643 544 3698 ιδ’.
587 3644 698 3700 Kal
744 3645 1109 3714 ἐϐρόντησεν
1164 3645 1232 3710 ἐξ
1281 3645 1542 3713 οὐρανοῦ
1592 3645 1830 3713 Κύριος,

246 3736 347 3790 καὶ
379 3739 416 3791 ό
444 3737 728 3806 Ὕψιστος
760 3736 943 3791 ἔδωκε
976 3735 1192 3806 φωνὴν
1216 3735 1423 3790 αὑτοῦ.

316 3828 600 3898 Διδύμου.
650 3829 957 3894 Ἐκϐἀσεως
990 3830 1367 3901 τετυχηκότων
1403 3830 1511 3884 τῶν
1537 3829 1666 3901 περὶ
1695 3831 1830 3901 Χρι-

243 3920 380 3974 στοῦ
395 3920 905 3992 προφητευομένων,
921 3923 948 3975 ὁ
970 3921 1101 3984 Θεὸς
1123 3922 1282 3985 εὐθὺς
1302 3919 1589 3992 οὐρανόθεν
1609 3920 1827 3992 βροντᾷ·

242 4009 414 4064 τοῦτο
451 4011 592 4082 μὲν,
625 4011 704 4082 τῷ
741 4015 807 4083 τῇ
841 4012 1064 4066 ἐκϐάσει
1104 4011 1522 4083 μεγαλοφώνους
1564 4011 1828 4081 δεδεῖχθαι

241 4105 347 4169 τὰς
381 4106 758 4176 προφητείαςο
796 4104 955 4160 τοῦτο
992 4106 1082 4171 δὲ,
1127 4104 1207 4176 τῷ
1255 4103 1533 4172 θεολογίας
1571 4101 1704 4174 ὕψος
1742 4104 1831 4158 τὸν

241 4199 386 4251 Θεὸν
433 4201 555 4262 ταῖς
599 4197 857 4262 διανοίαις
899 4197 1026 4270 περὶ
1069 4196 1162 4251 τοῦ
1209 4196 1531 4268 μονογενοῦς
1575 4195 1831 4268 ἐμϐαλεῖν

241 4287 407 4351 Υίοῦ,
442 4291 537 4342 καὶ
568 4289 744 4359 λέγειν
764 4307 776 4320 ⁸
813 4285 1000 4356 Οὗτός
1025 4291 1196 4344 ἐστιν
1241 4293 1273 4344 ό
1318 4292 1450 4356 Υἱός
1471 4308 1590 4360 μου
1623 4292 1653 4343 ό
1687 4289 1832 4358 ἁγα-

241 4381 478 4450 πητὸς,
515 4381 585 4436 ἐν
607 4373 655 4448 ᾦ
692 4381 1018 4450 εὐδόκησα.
1053 4381 1354 4452 Τοιγαροῦν
1386 4383 1500 4450 οὐχ
1549 4377 1692 4450 αἷμα
1729 4381 1827 4433 καὶ

1937 3179 2112 3221 ιιριιιοε
2137 3167 2393 3220 doctrina!
2420 3164 2627 3218 inducit
2659 3162 2970 3230 Apostolus,
3017 3175 3160 3226 cum,
3192 3159 3258 3212 de
3298 3159 3516 3213 hetero-

1936 3257 2092 3310 tloxis
2127 3256 2376 3325 loquens,
2432 3256 2607 3308 dicit:
2646 3252 2714 3308 Ut
2755 3255 2874 3324 jam
2941 3269 3043 3307 non
3088 3253 3254 3305 simus
3311 3249 3516 3320 parvuli

1935 3352 2270 3418 ﬂuctuantes,
2307 3358 2353 3402 et
2390 3348 2827 3415 circumferuntur
2873 3347 3014 3399 omni
3044 3355 3192 3398 vento
3237 3343 3510 3406 doctrinm,

1937 3444 1992 3495 in
2018 3444 2248 3510 nequitia
2275 3441 2566 3502 hominum,
2595 3441 2649 3492 in
2678 3440 2874 3492 astutia
2909 3439 2977 3490 ad
3013 3436 3510 3490 circumventionem

1934 3534 2127 3586 erroris
2162 3531 2378 3601 (Ep/tes.
2411 3545 2485 3593 Iv,
2529 3529 2636 3598 14).

2005 3641 2169 3700 Vens.
2207 3644 2292 3698 H.
2335 3643 2402 3696 Et
2430 3645 2661 3696 intonuit
2685 3643 2746 3696 de
2778 3641 2904 3696 caelo
2951 3642 3230 3706 Dominus,
3254 3651 3312 3695 'et
3345 3641 3512 3694 Altis-

1934 3737 2098 3791 simus
2138 3737 2282 3790 dedit
2326 3752 2496 3789 vocem
2530 3750 2702 3789 suam.

2006 3828 2245 3899 Didymi.
2277 3859 2349 3868 —
2392 3827 2632 3898 Impletis
2691 3826 2946 3883 omnibus
2990 3840 3111 3895 qua:
3175 3826 3244 3882 de
3298 3826 3516 3881 Christo

1939 3923 2307 3992 prazdixerant
2342 3921 2637 3988 prophetae,
2677 3921 2927 3990 protinus
2973 3921 3039 3974 de
3071 3919 3213 3974 coelo
3257 3920 3397 3974 Deus
3428 3921 3514 3974 in-

1941 4024 2137 4069 tonat:
2187 4022 2300 4067 tum
2361 4014 2715 4067 altitonarum
2770 4012 3179 4083 prophetiarnm
3233 4012 3512 4066 veritatem

1934 4109 2051 4179 ipso
2087 4123 2266 4164 rerum
2310 4107 2458 4162 exitu
2519 4106 2959 4174 demonstrando,
3003 4114 3115 4161 tum
3155 4105 3322 4160 etiam
3367 4105 3518 4160 altis-

1934 4202 2131 4255 simum
2159 4200 2226 4255 de
2255 4198 2432 4254 divina
2457 4196 2578 4252 Filii
2627 4199 2708 4252 sui
2739 4198 3006 4269 unigeniti
3055 4207 3246 4252 natura
3295 4211 3512 4252 sensum

1933 4293 2174 4348 omnium
2231 4291 2504 4348 mentibus
2556 4291 2868 4359 injiciendo,
2920 4307 3041 4347 cum
3079 4292 3144 4345 de
3178 4295 3293 4358 ipso
3328 4290 3459 4346 dicit
3496 4307 3510 4344 :

1937 4383 2037 4437 llic
2066 4393 2146 4438 est
2179 4382 2354 4437 Filius
2388 4400 2536 4437 meus
2566 4383 2806 4446 dilectus,
2829 4383 2882 4437 in
2912 4399 3015 4451 quo
3048 4383 3176 4436 mihi
3203 4383 3327 4436 bene
3371 4399 3514 4436 com-

241 4476 406 4545 σὰρξ
430 4474 612 4540 αὐτοῖς
629 4475 1044 4544 ἀπεκάλυψεν,
1063 4475 1177 4528 ἀλλ’
1193 4477 1226 4529 ό
1249 4474 1452 4543 Πατὴρ
1475 4478 1508 4529 ό
1528 4473 1827 4543 οὐράνιος,

1940 4476 2106 4544 placui
2159 4472 2375 4544 (Matth.
2425 4489 2556 4538 xvn,
2595 4474 2674 4541 5).
2731 4471 2870 4527 Caro
2915 4473 3168 4542 equidem
3208 4482 3257 4527 et
3296 4475 3510 4542 sanguis

239 4568 335 4621 τὸν
378 4568 510 4621 ἴδιον
565 4568 686 4622 Υίὸν
730 4569 1189 4639 παρασκευάσας,
1229 4568 1365 4638 πρὸς
1415 4567 1680 4639 ὑποδοχὴν
1731 4569 1831 4637 τῆς

242 4660 401 4724 θείας
434 4659 665 4731 βροντῆς
698 4661 756 4714 ἐν
794 4663 864 4732 γῇ
895 4660 1221 4731 σωματικῶς
1259 4660 1561 4729 γεγονέναι,
1600 4660 1695 4712 καὶ
1731 4659 1828 4728 τὴν

246 4754 389 4807 ἰδίαν
435 4752 612 4824 ψυχὴν
667 4754 817 4826 νόμῳ
867 4754 1193 4825 θνητότητος
1245 4752 1509 4823 προέσθαι
1553 4751 1692 4821 ὑπὲρ
1735 4750 1829 4803 τοῦ

244 4848 589 4916 πλάσματος,
618 4846 693 4910 ὡς
718 4847 782 4900 ἂν
807 4848 872 4900 ἐκ
897 4847 995 4917 τῆς
1025 4844 1316 4916 οὐρανόθεν
1339 4843 1642 4916 ἐρχομένης
1673 4841 1828 4914 βρον-

239 4940 343 5010 τῆς
382 4937 840 5010 μετεωρισθέντες
870 4939 978 4992 τῶν
1011 4938 1245 5008 γηίνων,
1292 4935 1716 5008 προσπελάσωσι
1753 4934 1830 5006 τῷ

239 5027 504 5100 οὐρανίῳ,
533 5027 646 5096 τὴν
667 5029 873 5082 εἰκόνα
897 5027 1004 5082 τοῦ
1042 5028 1409 5096 ἐπουρανίου
1434 5026 1782 5096 φοροῦντες.

311 5302 406 5354 Στ.
451 5308 533 5356 ιε’.
585 5303 693 5356 Kal
733 5303 1055 5360 ἀπέστειλε
1093 5305 1275 5374 βέλη,
1313 5307 1411 5360 καὶ
1454 5307 1829 5376 ἑσκόρπισεν

238 5394 502 5458 αὐτούς·
540 5395 635 5448 καὶ
678 5394 990 5464 ἤστραψεν
1044 5398 1387 5468 ἀστραπὴν,
1440 5400 1537 5452 καὶ
1567 5399 1826 5469 ἐξέστη-

237 5498 358 5536 σεν
391 5485 637 5551 αὐτούς.

314 5577 596 5646 modum).
625 5580 749 5643 Τοῖς
772 5581 1029 5646 ἐναντίως
1055 5581 1416 5656 διακειμένοις
1443 5583 1823 5649 ἐξαποστέλλει

244 5669 397 5740 βέλη,
436 5672 768 5744 συνταράξαι
791 5673 1063 5746 δυνάμενα
1097 5679 1222 5742 τοὺς
1250 5678 1608 5750 ὁμονοοῦντας
1657 5681 1716 5732 ἐν
1750 5679 1825 5749 τῷ

242 5761 421 5834 κακῷ.
469 5765 640 5834 Λέγει.
665 5766 720 5819 δὲ
753 5767 846 5824 νῦν
887 5768 1012 5841 βέλη
1059 5772 1184 5836 τοῦς
1220 5772 1820 5844 προαναφωνουμένους

1935 4583 2038 4619 non
2073 4564 2315 4620 reuelauit
2352 4565 2480 4632 illis,
2502 4566 2592 4619 sed
2619 4565 2781 4619 Pater
2811 4565 3065 4619 caelestis:
3103 4567 3218 4635 qui,
3247 4577 3302 4620 ut
3342 4566 3508 4620 divini

1936 4658 2137 4711 tonitru
2165 4658 2566 4727 susceptionem
2602 4668 2955 4728 praepararet,
2983 4657 3178 4711 Filium
3204 4673 3359 4712 suum
3390 4673 3512 4713 cor-

1934 4752 2189 4821 poraliter
2245 4752 2297 4805 in
2368 4761 2510 4806 terra
2565 4751 2878 4805 conversari
2926 4751 3145 4816 statuit,
3214 4749 3514 4821 pr0priam-

1933 4859 2037 4914 que
2096 4843 2330 4896 animam
2392 4843 2665 4898 dimittere
2723 4852 2946 4912 propter
3009 4853 3337 4906 creaturam,
3407 4857 3514 4911 quo

1933 4937 2157 5001 scilicet,
2214 4951 2309 5006 per
2354 4935 2480 4990 illud
2532 4935 2742 4991 coalitus
2795 4936 3180 5006 superveniens
3231 4936 3428 4989 tonitru
3480 4953 3511 4990 a

1933 5029 2165 5084 terrenis
2227 5028 2457 5083 sublime
2513 5029 2792 5088 abstracti,
2822 5027 3025 5081 homini
3066 5027 3272 5082 cmlcsti
3321 5043 3515 5104 appro-

1933 5122 2275 5189 pitn'tarent,
2334 5118 2554 5173 cwlestis
2603 5117 2685 5173 (ut
2733 5118 2809 5172 ait
2861 5116 3176 5187 Apostolus)
3232 5119 3513 5188 imaginem

1933 5212 2172 5280 ferentes.

2004 5329 2167 5382 Vens.
2205 5328 2290 5383 l5.
2324 5328 2468 5382 Misit
2503 5328 2723 5398 sagittas
2768 5337 2814 5382 et
2856 5328 3129 5396 dissipauit
3163 5344 3269 5393 eos,
3317 5337 3365 5382 et
3418 5326 3517 5395 [ul-

1931 5421 2138 5489 guravit
2171 5420 2372 5490 fulgur,
2398 5431 2445 5474 et
2477 5421 2812 5476 obstupefecit
2836 5437 2943 5475 eos.

2001 5597 2422 5667 Didymi.—ln
2485 5600 2702 5655 inimice
2760 5599 2984 5656 allectos
3045 5601 3209 5656 mittit
3264 5599 3509 5670 sagittas,

1934 5703 2053 5756 qua:
2079 5691 2196 5745 illos
2238 5691 2584 5756 conturbent,
2611 5693 2662 5746 in
2699 5693 2842 5747 malo
2870 5695 3174 5748 unanimes.
3201 5691 3297 5746 llic
3328 5700 3509 5744 autem

1937 5782 2162 5852 sagittas
2208 5795 2363 5840 vocat
2409 5785 2568 5841 verba
2613 5787 2859 5857 superius
2914 5788 2980 5844 de
3020 5787 3222 5842 ultione
3271 5783 3506 5855 prolata.
