4024 6396
616 273 752 329 ltt9

1843 286 2072 341 DIDYMI
2113 288 2577 345 ALEXANDRINI

3666 296 3775 352 “20

613 388 922 447 Turhuntur
957 393 1103 449 enim
1135 410 1256 451 cum
1295 396 1438 453 illam
1487 397 1744 453 ultionem
1801 400 1941 454 Deus
1972 401 2051 454 eis
2078 403 2169 456 mi-

2280 403 2410 473 περὶ
2443 404 2716 467 κολάσεως
2757 403 2964 471 λόγους.
3008 404 3372 475 Ταράττονται
3410 403 3508 476 γὰρ
3543 408 3647 470 ταῖς
3679 409 3780 479 περὶ

613 493 790 538 natur.

2278 494 2444 562 αὐτῆς
2471 493 2738 558 ἀπειλαῖς.

1591 827 2307 918 FRAGMENTA
2383 830 2508 919 IN
2579 827 2836 919 JOB.

1515 1019 1634 1090 (Ex
1699 1019 1896 1076 Catena
1960 1020 2161 1076 Nicette
2212 1022 2295 1077 ed.
2355 1022 2506 1096 Yung
2555 1026 2682 1080 anni
2736 1027 2928 1098 1657.)

679 1284 831 1340 CAP.
866 1285 910 1337 Ι.
954 1282 1108 1337 Vcrs.
1140 1283 1192 1336 l.
1238 1281 1409 1339 Homo
1454 1285 1666 1355 quidam
1715 1295 1826 1340 erat
1874 1286 1928 1340 in
1966 1288 2170 1356 regione

607 1375 867 1438 Ausitide,
898 1373 982 1426 cui
1014 1388 1197 1426 nomen
1218 1371 1341 1426 Job.

679 1466 914 1534 Didymi.
951 1493 1020 1503 —
1054 1462 1349 1518 Sublimius
1375 1473 1553 1519 autem
1595 1465 2017 1534 interpretando,
2058 1467 2168 1521 Au-

608 1559 726 1613 sitis
755 1556 938 1611 Graeca
992 1554 1173 1625 lingua
1224 1554 1500 1608 consilium
1537 1556 1826 1626 signiﬁcat,
1858 1558 1910 1612 in
1942 1573 2048 1627 quo
2077 1556 2168 1626 ju-

607 1658 722 1703 stus
766 1646 1060 1700 habitabat.
1115 1643 1214 1711 Qui
1250 1647 1395 1700 enim
1447 1647 1514 1701 ad
1574 1647 1709 1700 iram
1759 1661 2038 1718 promptus
2065 1658 2174 1715 cst,

608 1742 725 1796 sine
758 1739 981 1794 consilio
1017 1737 1168 1808 agit;
1207 1739 1349 1793 unde
1385 1748 1442 1792 ut.
1493 1741 1702 1794 catulus
1737 1754 1921 1804 canes,
1961 1744 2038 1798 sic
2084 1743 2174 1799 ille

607 1832 751 1886 dicta
787 1846 850 1886 ac
878 1829 1018 1885 facta
1066 1844 1205 1884 cazca
1237 1829 1508 1898 producit,
1540 1829 1627 1886 hic
1673 1841 1850 1886 autem
1875 1831 2056 1900 justus
2088 1833 2172 1888 ui-

608 1922 684 1976 hil
739 1937 843 1976 non
899 1937 962 1976 ex
1024 1918 1252 1976 consilio
1313 1920 1747 1982 administrabat,
1810 1923 2058 1990 prudenti
2101 1923 2175 1978 illi

606 2026 873 2082 prmcepto
915 2016 1341 2084 obtemperans:
1395 2009 1530 2066 Cum
1587 2011 1801 2066 consilio
1857 2015 2035 2069 omnia
2092 2015 2175 2085 [ac

608 2106 798 2177 (Eccli.
838 2123 1013 2173 XXUI,
1049 2107 1163 2176 24).
1198 2106 1315 2161 Jobi
1346 2123 1477 2162 vero
1509 2121 1726 2171 nomen,
1768 2107 2025 2177 patientia
2069 2116 2169 2173 est,

604 2208 766 2268 atque
791 2199 1130 2268 intelligitur,
1158 2199 1226 2252 ita
1261 2210 1319 2252 ut
1347 2199 1398 2253 id
1421 2198 1532 2268 jam
1565 2199 1726 2254 luerit
1749 2201 1890 2268 quod
1919 2210 2044 2254 ante
2075 2214 2172 2254 v0-

605 2291 852 2355 cabatur,
893 2299 984 2343 aut
1011 2291 1064 2344 id
1098 2299 1322 2346 vocatus
1363 2292 1458 2357 sit,
1497 2293 1639 2361 quod
1666 2302 1848 2360 postea
1878 2292 2112 2348 exstitit.

675 2380 844 2436 Vens.
874 2382 931 2435 2.
961 2380 1119 2436 Facti
1150 2392 1270 2436 sunt
1304 2393 1475 2436 autem
1516 2385 1562 2436 ei
1590 2383 1691 2452 ﬁlii
1714 2393 1929 2453 septem,
1961 2393 2007 2438 et
2045 2383 2173 2451 ﬁlia:

605 2481 727 2527 tres.

2353 1291 2512 1346 ΚΕΦ.
2552 1293 2629 1356 Α¹,
2675 1309 2758 1346 στ.
2799 1299 2870 1346 α’.
2923 1295 3257 1364 Ἀνθρωπος
3298 1307 3387 1358 τις
3428 1287 3503 1362 ἦν
3560 1291 3624 1343 ἐν
3663 1291 3788 1360 χώρᾳ

2201 1401 2245 1456 Β
2277 1377 2352 1448 τῇ
2383 1383 2674 1448 Αῠσίτιδι,
2719 1401 2768 1449 ῳ
2809 1385 2994 1452 ὄνομα
3046 1384 3188 1442 Ἰώϐ.

2349 1475 2630 1546 Διδύμου.
2681 1477 3037 1550 ’Υψηλότερον
3066 1480 3123 1533 δὲ
3141 1519 3156 1544 ,
3188 1479 3404 1543 Δὺσίτις
3431 1476 3623 1543 ,βουλὴ
3651 1477 3790 1546 ἑρμη-

2274 1567 2492 1620 νεύεται
2512 1606 2528 1631 ,
2580 1568 2720 1622 κατὰ
2751 1568 2848 1647 τὴν
2888 1569 3112 1624 Ἐλλάδα
3146 1569 3324 1640 φωνὴν
3345 1610 3359 1633 ,
3395 1570 3451 1622 ὲν
3492 1563 3663 1641 ᾖῷκει
3685 1569 3709 1619 ὁ
3729 1566 3790 1618 δέ·

2273 1673 2448 1720 καιος.
2499 1657 2797 1728 Ὀξύθυμος
2853 1659 2950 1729 μὲν
2978 1658 3084 1730 γὰρ
3123 1661 3260 1731 μετὰ
3284 1659 3534 1722 ἀϐουλίας
3563 1658 3789 1728 πράσσεν

2271 1745 2353 1799 διὸ
2395 1747 2572 1815 τυφλὰ
2607 1750 2732 1820 παρ’
2772 1749 2920 1820 αὐτῴ
2959 1752 3230 1818 γεννᾶται,
3263 1750 3504 1820 καθάπερ
3538 1751 3640 1810 τοῖς
3672 1747 3788 1809 κυσὶ,

2275 1837 2370 1890 καὶ
2406 1837 2475 1891 τὰ
2502 1837 2803 1909 πράγματα
2847 1840 2937 1893 καὶ
2961 1840 3029 1893 τὰ
3056 1843 3272 1912 ῥήματα
3291 1857 3304 1872 ο
3329 1843 3357 1894 ὁ
3379 1840 3433 1893 δὲ
3459 1840 3648 1900 δίκαιος
3672 1835 3789 1888 οὐδὲν

2277 1927 2519 1993 ἀϐούλως
2563 1932 2726 1994 ποιεῖ,
2757 1930 2834 2001 τῷ
2869 1931 3014 2002 σοφῷ
3047 1932 3464 2004 παραγγέλματι
3503 1929 3677 1998 ἐκείνῳ
3702 1943 3790 1978 πει-

2279 2016 2504 2086 θόμενος
2524 2037 2538 2050 ο
2570 2021 2730 2074 Μετὰ
2754 2021 2994 2090 βουλῆς
3042 2021 3238 2075 πάντα
3291 2023 3468 2075 ποίει.
3499 2020 3568 2072 Τὸ
3602 2020 3651 2072 δὲ
3699 2015 3788 2069 Ἰὼϐ

2276 2107 2446 2180 ὄνομα
2484 2109 2728 2182 ὑπομονὴ
2771 2113 2971 2165 νοεῖται
3014 2113 3107 2164 καὶ
3139 2111 3302 2174 ἔστιν,
3331 2111 3406 2174 ὡς
3437 2109 3669 2178 γενέσθαι
3693 2106 3788 2159 toﬁ-

2274 2217 2366 2256 τον
2406 2201 2435 2254 ὃ
2473 2199 2808 2272 προεκλήθη,
2843 2200 2876 2272 ἢ
2911 2199 3170 2271 κληθῆναι
3209 2201 3344 2271 ὅπερ
3373 2200 3580 2252 ἐγένετο

2349 2381 2440 2438 Στ.
2483 2381 2548 2452 β’.
2600 2381 2908 2451 Ἐγένοντο
2945 2382 3013 2436 δὲ
3052 2380 3211 2448 αὐτῷ
3257 2381 3377 2436 vlol
3417 2379 3564 2435 ἑπτὰ
3597 2380 3684 2436 καὶ
3715 2381 3791 2433 θυ-

2281 2472 2522 2542 γατέρες
2549 2472 2706 2540 τρεῖς

673 2565 907 2635 Didymi.
955 2594 1028 2606 -—
1069 2563 1380 2636 Catalogum
1438 2565 1756 2630 liberorum,
1790 2568 1882 2638 qui
1928 2569 2169 2640 mysticis

2351 2561 2626 2630 Διδύμου.
2683 2560 2944 2614 Ἐνταῦθα
2981 2561 3036 2614 δὲ
3069 2562 3162 2616 καὶ
3199 2563 3228 2617 ό
3258 2562 3368 2616 τῶν
3416 2562 3614 2616 παίδων
3656 2558 3789 2613 κατά-

605 2658 904 2711 rationibus
931 2659 1204 2722 convenit,
1233 2657 1509 2726 Scriptura
1568 2660 1670 2713 hoc
1702 2661 1755 2712 in
1792 2659 1909 2714 loco
1955 2662 2172 2731 dignum

604 2763 726 2803 esse
759 2748 1050 2812 existimat,
1088 2750 1179 2819 qui
1232 2759 1594 2804 recenseatur.
1620 2749 1752 2815 Quis
1793 2751 1934 2804 enim
1965 2753 2175 2823 ignorat

606 2855 892 2893 numerum
933 2841 1300 2908 septenarium
1361 2855 1481 2895 esse
1536 2852 1745 2910 septem
1787 2843 2170 2900 charismatum

606 2928 841 2982 indicem
867 2966 883 2993 ,
920 2929 1062 2982 sicut
1095 2929 1254 2983 trium
1289 2930 1576 3000 appellatio
1599 2929 1663 2983 ad
1693 2931 1745 2984 id
1775 2931 1915 2999 quod
1940 2943 2022 2987 est
2051 2950 2175 3004 per-

608 3019 804 3074 fectius
857 3029 1020 3090 atque
1057 3020 1294 3076 divinius
1336 3022 1527 3076 referri
1568 3022 1746 3077 solet?
1800 3023 2061 3079 Nimirum
2117 3036 2174 3081 ut

607 3111 842 3164 sciamus
890 3110 1176 3165 Trinitatis
1211 3111 1389 3177 iidem,
1428 3121 1684 3180 tanquam
1740 3125 1900 3183 caput
1957 3115 2174 3184 aliquod

607 3198 835 3267 reliquis
890 3199 1182 3256 virtutibus
1237 3201 1588 3270 impositam,
1652 3211 1859 3257 sentem
1909 3203 2174 3260 donorum

586 3288 848 3356 .0pilicem
883 3304 1024 3344 esse.
1314 3289 1326 3296 “

678 3395 841 3454 Vens.
878 3399 931 3454 5.
967 3400 1037 3454 Et
1071 3413 1180 3457 erat
1203 3404 1353 3459 homo
1386 3404 1473 3460 ille
1502 3405 1710 3474 nobilis,
1753 3407 1888 3462 inter
1918 3424 2001 3463 eos
2021 3410 2111 3480 qui
2143 3429 2175 3466 a

605 3490 733 3544 solis
767 3503 906 3545 ortu.

675 3580 909 3654 Didymi.
948 3612 1018 3624 —
1053 3584 1260 3640 Dicitur
1297 3587 1365 3642 ad
1413 3587 1681 3657 litteram,
1732 3606 1929 3663 genere
1976 3593 2156 3649 clarus

606 3673 748 3728 inter
789 3675 1102 3743 orientales,
1133 3681 1387 3748 quoniam
1417 3685 1712 3739 secundum
1751 3701 1969 3740 carnem
2001 3685 2177 3740 Abrae

605 3765 767 3819 hamo
799 3776 1059 3836 cognatus
1089 3769 1208 3835 luit,
1237 3771 1303 3824 ad
1336 3788 1551 3826 sensum
1584 3786 1764 3830 autem
1821 3779 2174 3847 anagogicum

2273 2654 2430 2723 λογος
2475 2654 2656 2725 τίμιος
2699 2653 2848 2725 παρὰ
2883 2657 2950 2725 τῇ
2997 2654 3220 2725 Γραφῇ,
3262 2655 3358 2707 καὶ
3401 2654 3576 2722 λόγοις
3615 2652 3791 2722 σύμφω-

2275 2763 2364 2810 νος
2401 2748 2698 2818 μυστικοῖς.
2754 2746 2849 2809 Τίς
2880 2743 2988 2817 γὰρ
3021 2745 3122 2798 οὐκ
3162 2740 3269 2798 οἶδε
3318 2747 3418 2817 τὴν
3457 2746 3673 2816 ἑϐδόμην
3713 2744 3792 2795 ἀπο

2275 2837 2570 2909 αρίθμησιν
2612 2837 2718 2890 τῶν
2768 2838 2904 2890 ἑπτὰ
2933 2838 3284 2909 χαρισμάτων
3318 2837 3540 2909 μηνύειν
3578 2837 3664 2906 τὴν
3696 2832 3792 2886 σύν·

2275 2925 2412 2992 οδον,
2441 2925 2628 2998 ὥσπερ
2668 2921 2758 2980 οὖν
2787 2926 2880 2979 καὶ
2915 2928 3013 2996 τὴν
3042 2927 3229 2998 τρίτην
3263 2926 3586 2997 ὲκφώνησιν,
3620 2923 3733 2996 πρὸς
3751 2921 3792 2975 τὸ

2276 3016 2604 3088 τελειότερον
2632 3018 2762 3088 όρᾷν
2788 3018 2880 3071 καὶ
2918 3017 3222 3090 θειότερον;
3257 3018 3345 3072 ἵνα
3373 3019 3623 3089 μάθωμεν
3655 3016 3794 3088 τὴνὲν

2277 3104 2466 3175 Τριάδι
2502 3105 2683 3157 πίστιν
2729 3107 2826 3177 τῆς
2875 3106 3105 3178 ἑϐδόμης
3139 3105 3239 3178 [ῖσ.
3283 3105 3590 3179 ἐϐδομαίας]
3621 3107 3794 3178 χάριτος

2276 3192 2415 3249 εἶναι
2448 3197 2798 3268 δημιουργὸν,
2833 3196 3085 3270 καθάπερ
3109 3198 3230 3251 τινὰ
3267 3199 3510 3268 κεφαλὴν
3537 3195 3794 3266 ἐπιτιθεμέ-

2275 3304 2374 3357 νην
2407 3289 2525 3350 ταῖς
2554 3288 2795 3357 ἀρεταῖς.

2345 3403 2437 3456 Στ.
2469 3408 2537 3470 γ’.
2581 3402 2685 3455 Καὶ
2726 3397 2806 3472 ἦν
2851 3403 2884 3456 ὁ
2925 3400 3234 3470 ἅνθρωπος
3271 3401 3506 3468 ἐκεῖνος
3560 3395 3792 3468 εὐγενὶιςν

2273 3492 2392 3550 τῶν
2417 3495 2516 3563 ἀφ’
2543 3495 2720 3562 ἡλίου
2745 3492 3073 3549 ἀνατολῶν.

2344 3585 2620 3653 Διδύμου.
2642 3585 2785 3656 Πρὸς
2819 3583 2917 3654 μὲν
2949 3580 3040 3637 οὖν
3077 3583 3138 3637 τὸ
3160 3582 3345 3655 ῥητὸν,
3378 3583 3596 3653 εὐγενὴς
3621 3579 3700 3633 τοῦ
3725 3577 3792 3644 ἀφ’

2275 3677 2425 3748 ἡλίου
2458 3676 2729 3729 ἀνατολῶν
2749 3717 2763 3742 ,
2802 3676 3045 3744 λέγεται,
3104 3674 3191 3728 διὰ
3237 3675 3337 3747 τὴν
3372 3674 3512 3729 κατὰ
3541 3673 3698 3744 σάρκα
3722 3666 3790 3720 τοῦ

2289 3767 2537 3839 Ἀϐραὰμ
2566 3768 2870 3831 οἰκειότητα
2889 3784 2903 3798 ο
2938 3766 3072 3837 πρὸς
3097 3766 3152 3818 δὲ
3183 3767 3497 3837 ἀναγωγὴν,
3528 3768 3573 3818 oi
3611 3763 3700 3818 υἱοὶ
3721 3757 3791 3813 τοῦ

604 3861 750 3929 quod
788 3863 1003 3930 attinet,
1041 3863 1176 3920 lucis
1209 3874 1263 3920 et
1313 3866 1403 3921 Dei
1458 3867 1551 3922 lilii
1605 3885 1634 3922 a
1682 3869 1873 3925 lucidis
1919 3872 2169 3940 operibus

2279 3857 2473 3928 φωτὸς,
2504 3856 2594 3910 καὶ
2622 3858 2787 3910 τέκνα
2817 3855 2950 3909 Θεοῦ
2982 3855 3047 3908 δι’
3077 3855 3251 3928 ἔργων
3276 3856 3550 3925 φωτεινῶν
3572 3848 3789 3926 χρηματί-

611 3954 786 4009 vocati
812 3954 888 4008 illi
912 3965 1056 4020 sunt,
1089 3957 1181 4026 qui
1223 3958 1485 4014 orientem
1519 3961 1776 4017 incolunt.
1819 3961 2004 4019 Justus
2028 3963 2169 4018 enim

2279 3949 2491 4017 ζονται,
2525 3944 2670 4003 οὗτοί
2700 3951 2836 4003 εἰσιν
2894 3950 2941 4002 oi
2991 3949 3084 4018 ἀφ’
3118 3949 3268 4020 ἡλίου
3305 3949 3595 4004 ἀνατολῶν.
3635 3948 3682 3999 '0
3709 3943 3789 4010 γὰρ

611 4062 718 4102 non
757 4047 826 4101 ab
859 4048 1186 4113 hominibus,
1225 4050 1320 4105 sed
1375 4065 1403 4104 a
1438 4051 1719 4121 splendore
1759 4054 1888 4110 solis
1933 4055 2170 4124 iustitiae,

611 4139 1071 4209 splendescentem
1107 4138 1411 4206 assequitur
1444 4139 1804 4198 nobilitatem.

673 4340 840 4397 Vens.
895 4341 949 4395 5.
997 4339 1067 4394 Et
1123 4347 1399 4411 postquam
1448 4342 1795 4395 consummati
1843 4351 2008 4396 essent
2062 4343 2171 4398 dies

601 4434 838 4498 convivii,
860 4431 1096 4486 mittebat
1135 4429 1236 4487 Job
1295 4440 1347 4487 et
1394 4431 1704 4502 purificabat
1742 4448 1829 4487 eos
1883 4451 2169 4490 exsuraens

601 4537 775 4584 mane,
808 4531 917 4575 etc.

671 4612 910 4682 Didymi.
930 4643 1002 4654 —
1027 4611 1485 4678 Quemadmodum
1511 4614 1598 4670 ille
1626 4615 1760 4670 dixit
1789 4633 1802 4670 :
1829 4613 1902 4670 De
1932 4624 2076 4670 nocte
2101 4617 2168 4669 ad

600 4712 650 4757 te
686 4704 750 4756 de
775 4719 928 4757 mane
967 4705 1141 4774 uigilat
1183 4705 1398 4773 spiritus
1432 4721 1596 4769 meus,
1641 4722 1669 4760 ο
1698 4706 1837 4760 Deus
1864 4705 2165 4774 (bonum,

599 4793 677 4865 9).
705 4795 770 4848 Et
798 4812 812 4848 :
841 4795 1001 4862 Deus,
1027 4797 1165 4851 Deus
1193 4812 1356 4861 meus,
1387 4797 1455 4850 ad
1489 4807 1538 4851 te
1567 4799 1631 4852 de
1669 4797 1784 4852 luce
1810 4799 1964 4869 vigilo
1993 4797 2164 4870 (Psat.

599 4898 732 4949 LXII,
767 4885 843 4956 l),
885 4888 955 4940 ita
984 4885 1086 4942 Job
1113 4886 1313 4941 nullam
1339 4887 1499 4940 aliam
1530 4888 1598 4941 ob
1633 4901 1745 4941 rem
1777 4887 2010 4942 diluculo
2039 4905 2158 4943 sur-

599 4977 776 5044 gebat,
813 4993 974 5047 quam
1005 4987 1062 5031 ut
1095 4978 1204 5033 Deo
1239 4978 1506 5033 sacriﬁcia
1561 4995 1657 5048 pro
1706 4979 1891 5036 liberis
1920 4979 2162 5045 offerret,

592 5067 752 5137 juxta
799 5084 1072 5124 numerum
1110 5086 1313 5135 eorum,
1351 5074 1452 5127 hoc
1481 5081 1587 5138 est,
1640 5089 1735 5140 pro
1761 5087 2084 5142 unoquoque
2109 5082 2165 5128 et

600 5155 826 5225 singulis
859 5159 1068 5225 ordine;
1103 5159 1236 5213 nihil
1273 5161 1415 5214 enim
1453 5161 1768 5231 perturbate
1810 5163 1972 5218 homo
2031 5179 2162 5218 san-

601 5254 722 5300 ctus
756 5248 969 5317 agebat.
998 5250 1079 5304 Ad
1123 5251 1258 5314 haec,
1291 5251 1516 5305 vitulum
1555 5267 1653 5320 pro
1690 5254 1940 5308 omnibus
1967 5255 2160 5309 immo-

601 5335 768 5401 labat,
798 5339 1049 5407 peculiari
1087 5355 1185 5396 suo
1222 5356 1390 5406 more,
1436 5352 1496 5396 ut
1550 5343 1615 5396 ad
1650 5358 1768 5398 eam
1812 5346 2071 5398 rationem
2110 5346 2171 5398 ti-

601 5430 707 5486 lios
733 5447 946 5502 quoque
974 5447 1101 5490 suos
1133 5435 1514 5490 assuefaceret.
1553 5433 1642 5490 Sic
1665 5434 1829 5505 igitur
1854 5435 2005 5490 ﬁnito
2037 5450 2168 5490 cou-

602 5521 744 5577 vivio
782 5537 875 5578 cos
922 5525 1218 5594 purgabat;
1268 5542 1388 5581 cum
1449 5529 1763 5598 purgatione
1803 5528 2008 5582 scilicet
2047 5543 2166 5597 qua:

611 5613 715 5668 sub
745 5629 963 5671 sensum
1010 5618 1175 5682 cadit,
1225 5619 1388 5673 etiam
1432 5634 1494 5675 ea
1539 5635 1657 5688 qua:
1687 5621 1753 5672 ad
1781 5620 2016 5674 animum
2047 5635 2167 5688 pur-

619 5707 850 5773 gandum
921 5710 1283 5768 conducerent
1334 5711 1586 5768 ostendit.
1641 5710 1957 5781 Prophctice
2019 5714 2162 5768 enim

2275 4041 2479 4105 δίκαιος
2524 4043 2798 4110 εὐγένειαν
2849 4042 3063 4107 κτᾶται,
3095 4043 3195 4094 οὐκ
3234 4041 3330 4094 ἀπ’
3371 4040 3674 4110 ἀνθρώπων,
3703 4032 3786 4087 ἀλλ’

2275 4133 2385 4187 ἀπὸ
2415 4132 2507 4187 τοῦ
2540 4134 2714 4203 φωτὸς
2741 4132 2833 4186 τοῦ
2866 4133 3013 4204 ἡλίου
3034 4133 3134 4203 τῆς
3164 4133 3531 4205 δικαιοσύνης,
3559 4129 3786 4195 καταλαμ-

2277 4223 2538 4296 πομένην.

2344 4338 2435 4390 Στ.
2479 4344 2550 4402 ς’.
2594 4336 2705 4392 Kal
2734 4337 2816 4402 ὡς
2845 4336 2922 4390 ἂν
2963 4335 3498 4404 συνετελέσθησαν
3538 4339 3592 4390 al
3621 4329 3784 4402 ὴμέμιι

2271 4430 2376 4484 τοῦ
2389 4431 2575 4483 πότου
2585 4471 2598 4493 ,
2615 4430 2969 4484 ἀπέστειλεν
2997 4428 3116 4483 Ἰὼϐ
3124 4429 3222 4482 καὶ
3241 4429 3579 4500 ἐκαθάριζεν
3590 4421 3779 4483 αὐτοὺς,

2271 4520 2666 4589 ἀνιστάμενος·
2698 4520 2763 4574 τὸ
2793 4521 2962 4589 πρωῒ,
2999 4538 3053 4575 κ.
3085 4538 3137 4574 τ.
3165 4521 3215 4574 λ.

2340 4613 2614 4682 Διδύμου.
2656 4613 2764 4666 Καὶ
2809 4613 2948 4666 κατὰ
2991 4613 3080 4665 τὸν
3118 4611 3412 4683 είρηκότα,
3475 4614 3568 4666 Ἐκ
3614 4608 3782 4661 νυκτός

2272 4705 2517 4774 ὀρθρίζει
2550 4705 2615 4758 τὸ
2649 4703 2884 4774 πνεῦμά
2919 4722 3036 4774 μου
3077 4703 3227 4772 πρὸς
3271 4707 3368 4770 σὲ,
3413 4707 3446 4759 ὀ
3485 4704 3619 4766 Θεός
3644 4719 3656 4732 ο
3685 4694 3778 4750 καί·

2285 4797 2336 4848 '0
2369 4796 2541 4863 Θεὸς,
2573 4799 2606 4849 ὁ
2643 4797 2783 4862 Θεός
2823 4813 2962 4866 μου,
2997 4796 3146 4863 πρὸς
3178 4794 3252 4848 σὲ
3301 4794 3535 4865 ὀρθρίζω
3555 4832 3569 4856 ,
3595 4791 3648 4844 οὐ
3681 4786 3779 4855 πρὸς

2267 4889 2452 4960 ἕτερον
2495 4889 2654 4960 ἔργον
2699 4889 2727 4940 ὁ
2775 4888 3042 4959 μακάριος
3103 4886 3221 4940 Ἰὼϐ
3271 4888 3333 4940 τὸ
3377 4887 3519 4958 πρωῒ
3550 4873 3775 4939 ἀνίστατο.

2269 4979 2403 5032 ἀλλὰ
2432 4979 2562 5048 πρὸς
2591 4976 2723 5030 Θεὸν
2754 4975 2855 5047 [ἴσ.
2888 4976 2965 5046 τῷ
2992 4973 3132 5046 Θεῷ]
3155 5015 3169 5037 ,
3203 4975 3344 5046 ὑπὲρ
3373 4975 3481 5026 τῶν
3507 4971 3687 5024 παίδων
3709 4964 3775 5013 θυι

2269 5072 2388 5124 σίαν
2416 5070 2704 5141 προσάγων
2752 5067 2850 5139 [ἴσ.
2898 5064 3226 5136 προσάξων],
3259 5064 3410 5118 κατὰ
3444 5063 3546 5117 τὸν
3582 5054 3776 5128 ἀριθμὸν

2265 5160 2463 5214 αὐτῶν·
2488 5177 2502 5191 ·
2538 5161 2565 5212 ὅ
2598 5163 2712 5212 ἐστι
2732 5199 2746 5221 ,
2785 5157 2907 5211 καθ’
2935 5158 3161 5210 ἕκαστον
3182 5197 3196 5219 ,
3226 5158 3318 5208 καὶ
3344 5155 3637 5214 εὐτάκτως·
3665 5145 3777 5200 οὐδὲν

2263 5253 2373 5323 γὰρ
2424 5249 2826 5321 συγκεχυμένον
2873 5250 2930 5302 ὲν
2984 5248 3272 5318 σπουδαίῳ.
3335 5247 3490 5301 mm
3544 5244 3629 5297 καὶ
3674 5234 3774 5310 μετὰ

2261 5345 2438 5407 τοῦτο,
2471 5343 2609 5413 ὑπὲρ
2640 5343 2856 5395 πάντων
2890 5340 3088 5410 μόσχον
3121 5341 3365 5412 προσῆγε
3407 5338 3544 5393 κατὰ
3566 5337 3646 5388 τὸν
3674 5332 3773 5381 ἴδιον

2265 5435 2485 5506 τρόπον,
2518 5433 2610 5485 καὶ
2634 5435 2701 5502 τῇ
2725 5433 2833 5485 τῶν
2877 5432 3083 5485 παίδων
3111 5434 3300 5503 ἀγωγῇ
3329 5428 3625 5494 συνεθίζων.
3655 5419 3772 5474 Οὕτω

2274 5524 2395 5594 γοῦν
2431 5525 2524 5576 καὶ
2567 5521 2887 5593 ὲκαθάριζεν
2928 5523 3124 5584 αότοὺς
3155 5523 3291 5592 μετὰ
3324 5522 3385 5574 τὸ
3419 5512 3770 5577 συντελεσθῆναί

2261 5617 2352 5668 τὸν
2393 5614 2552 5667 πότον
2573 5655 2587 5680 ,
2622 5613 2761 5684 μετὰ
2801 5615 2898 5684 τῆς
2933 5613 3198 5684 αἰσθητῆς
3228 5613 3567 5683 καθάρσεως,
3612 5602 3689 5658 καὶ
3722 5596 3769 5647 τὰ

2267 5705 2620 5763 συντελοῦντα
2669 5705 2804 5776 πρὸς
2835 5705 3067 5760 διάνοιαν
3113 5709 3382 5781 καθάρσια
3441 5691 3764 5773 tapetas-tacui;-
