4024 6396
250 363 381 420 1121

1512 359 1936 419 FRAGMENTA
1975 359 2042 417 ΙΝ
2078 360 2105 417 εἰ
2112 360 2218 417 ΟΒ.

3347 368 3484 424 “39.

247 479 500 532 Φαίνεται
527 474 635 547 γὰρ
664 471 1012 546 προφητικῶς
1035 473 1131 527 καὶ
1165 474 1305 529 κατὰ
1334 475 1514 546 νόμον,
1545 477 1636 530 καὶ
1674 475 1818 529 κατὰ

1924 488 2039 526 cum
2071 473 2368 529 secundum
2406 472 2598 543 legem,
2641 481 2751 528 tum
2783 476 3080 529 secundum
3114 477 3341 546 gratiam
3387 494 3480 534 sa-

247 571 404 642 χὰριν
435 569 532 632 τὰς
555 567 741 630 θυσίας
767 566 1008 638 πληρῶν.
1050 566 1206 620 Κατὰ
1230 569 1393 637 νόμον
1425 570 1542 638 μὲν,
1578 569 1677 632 τὰς
1699 569 1815 621 δια-

247 663 476 733 φόρους
525 659 668 712 κατὰ
715 660 872 729 χάριν
913 659 990 722 δὲ,
1029 660 1120 713 τὸν
1166 660 1260 713 ἕνα
1316 661 1512 731 μόσχον
1554 663 1645 715 τὸν
1685 664 1813 733 περὶ

247 751 542 823 ἁμαρτίας.
587 750 696 803 Καὶ
741 751 848 822 γὰρ
891 750 925 820 ἡ
976 750 1196 822 τοιαύτη
1235 751 1395 804 θυσία
1442 753 1540 823 τῆς
1591 753 1816 824 χάριτος

248 843 559 914 προεμήνυε
599 841 698 913 τὴν
741 841 1016 913 ἀλήθειαν,
1065 842 1163 914 τὴν
1214 842 1342 911 μίαν
1385 842 1627 898 τυποῦσα
1674 843 1816 896 κατὰ

251 935 432 1004 σάρκα
467 933 656 985 Θυσίαν
682 932 773 985 τοῦ
806 933 1126 1003 μονογενοῦς
1155 934 1284 986 Υίοῦ
1320 935 1411 986 τοῦ
1436 935 1593 989 Θεοῦ.
1619 937 1680 990 Εί
1707 935 1762 988 δὲ
1785 937 1814 988 6

246 1026 386 1096 ὑπὲρ
431 1026 684 1078 ἁπάντων
736 1025 1141 1095 προσαγόμενος
1189 1027 1386 1097 μόσχος
1432 1027 1522 1080 τὸν
1560 1028 1626 1081 δι’
1669 1030 1815 1099 ἡμᾶς

245 1116 480 1187 σταυρὸν
528 1115 896 1185 ὑπομείναντα
946 1116 1172 1186 Σωτῆρα
1211 1116 1378 1186 δηλοῖ,
1426 1118 1814 1187 συνεπίσκεψαι

244 1211 339 1264 καὶ
403 1208 478 1279 μὴ
527 1207 841 1280 θαυμάσῃς·
871 1207 932 1258 οὑ
965 1205 1074 1276 γὰρ
1117 1205 1357 1277 ἀμύητος
1401 1202 1468 1277 ἦν
1501 1209 1529 1260 6
1573 1204 1690 1259 Ἰὼϐ
1718 1207 1816 1277 τῆς

239 1301 337 1354 τοῦ
366 1301 614 1372 Σωτῆρος
645 1299 957 1368 ἐπιδημίας,
992 1301 1019 1352 6
1061 1298 1254 1367 λέγων,
1283 1300 1365 1352 ὅτι
1405 1299 1563 1361 αὑτός
1601 1300 1748 1352 ἐστιν
1787 1300 1817 1353 6

242 1393 456 1464 μέλλων
482 1393 541 1444 τὸ
569 1390 708 1462 μέγα
735 1390 900 1460 κῆτος
925 1388 1307 1462 χειρώσασθαι.

313 1570 407 1622 Στ.
439 1567 503 1633 ζ’.
570 1566 677 1621 Kal
706 1565 1046 1634 ἀποκριθεὶς
1102 1567 1136 1619 ὁ
1159 1564 1434 1630 διάϐολος
1480 1565 1559 1631 τῷ
1603 1567 1814 1634 Κυρίῳ,

234 1661 374 1718 sine
394 1677 409 1692 '
438 1659 768 1729 Περιελθὼν
803 1657 916 1727 τὴν
936 1658 1054 1729 γῆν
1079 1658 1175 1712 καὶ
1206 1657 1685 1728 ἐμπεριπατήσας
1704 1657 1818 1726 τὴν

232 1759 345 1814 ὑπ’
377 1754 658 1824 οὐρανὸν,
686 1752 941 1822 πάρειμι.

1917 565 2164 619 criﬁcare
2196 565 2340 619 visus
2368 574 2452 620 est
2485 581 2500 619 :
2528 565 2827 620 secundum
2876 566 3043 636 legem
3089 567 3328 637 quidem,
3362 585 3484 625 cum

1919 655 2159 710 diversas
2195 655 2400 710 hostias
2431 656 2766 724 immolaret;
2795 657 3090 712 secundum
3134 659 3363 726 gratiam
3393 675 3485 714 ve-

1919 760 2001 810 ro,
2035 762 2157 800 cum
2189 746 2413 801 vitulum
2455 763 2617 801 unum
2667 763 2764 818 pro
2806 759 3025 815 peccato
3077 748 3318 804 offerret.
3353 751 3486 804 'l‘ale

1919 838 2058 891 enim
2090 837 2416 892 sacriﬁcium
2456 839 2646 907 gratiae
2679 839 2964 893 veritatem
3013 841 3488 907 praemonstrabat,

1919 929 2175 998 unigeniti
2203 928 2293 983 Dei
2329 929 2446 983 Filii
2480 930 2806 984 sacriﬁcium
2833 931 2884 984 in
2922 947 3088 987 carne
3126 934 3479 988 adumbratis.

1922 1019 2157 1074 Vitulum
2191 1030 2372 1076 autem
2407 1037 2503 1092 pro
2557 1022 2806 1077 omnibus
2847 1022 3109 1087 oblatum,
3146 1024 3368 1090 Christi,
3396 1026 3486 1095 qui

1917 1127 2014 1181 pro
2048 1113 2201 1169 nobis
2231 1129 2444 1168 crucem
2474 1116 2712 1184 pertulit,
2751 1125 2931 1185 typum
2971 1115 3163 1182 fuisse,
3196 1117 3338 1171 haud
3375 1117 3481 1171 mi-

1921 1204 2129 1270 rabere,
2171 1205 2216 1259 si
2263 1221 2470 1260 mecum
2519 1207 2948 1262 consideraveris
2977 1206 3168 1263 Jobum
3218 1209 3489 1278 mysteriis

1917 1294 2183 1350 adventus
2213 1295 2414 1352 Christi
2451 1299 2718 1352 initiatum
2773 1297 2964 1364 fuisse,
3024 1309 3084 1353 ut
3128 1300 3220 1368 qui
3258 1300 3478 1361 dixerit,

1917 1386 2060 1455 quod
2113 1387 2198 1441 ille
2234 1398 2335 1454 est,
2371 1389 2463 1458 qui
2503 1405 2755 1460 magnum
2781 1400 2959 1446 cetum
3015 1405 3375 1460 Oppi-essurus
3404 1401 3488 1446 est

1919 1477 2040 1550 (Job
2074 1495 2156 1542 ιιι,
2185 1480 2261 1551 ε).

1991 1570 2154 1625 Vens.
2183 1570 2234 1624 7.
2283 1570 2347 1624 Et
2408 1572 2718 1639 respondens
2777 1572 3018 1626 diabolus
3059 1565 3282 1626 Domino
3317 1573 3486 1627 dixit:

1919 1659 2049 1716 Cum
2079 1664 2423 1716 circumierim
2477 1679 2692 1731 terram,
2726 1675 2773 1718 et
2801 1665 3172 1718 ambulaverint
3200 1681 3335 1730 eam,
3371 1679 3486 1734 qum

1919 1753 2013 1807 sub
2047 1752 2172 1807 caelo
2196 1765 2290 1821 est,
2320 1756 2525 1808 adsum.

313 1849 593 1916 Διδύμου.
625 1845 959 1918 Σημειωτέον
990 1843 1068 1906 δὲ,
1100 1844 1182 1896 ὅτι
1203 1841 1446 1914 διάφοροι
1479 1843 1633 1895 τόποι
1663 1843 1700 1910 ἡ
1737 1840 1814 1912 γῆ

1992 1831 2226 1916 Didymi.
2262 1847 2808 1902 Animadvertendum
2851 1857 2956 1913 est,
2989 1863 3093 1904 non
3143 1847 3328 1903 eadem
3371 1847 3486 1902 loca

232 1943 339 1998 καὶ
357 1944 398 2010 ἡ
434 1943 534 1996 ὑπ’
566 1937 822 2007 οὐρανόν
849 1937 983 1989 εἰσι·
1013 1935 1115 2006 τῆς
1151 1935 1250 2006 μὲν
1276 1935 1378 2004 γῆς
1406 1934 1509 1988 ὑπὸ
1533 1933 1624 1986 τὸν
1657 1935 1818 2005 οὐρα.

235 2037 334 2090 νον
362 2033 550 2104 οὔσης,
583 2031 689 2084 τῶν
719 2030 776 2083 δὲ
795 2029 885 2082 ὑπ’
909 2028 1133 2100 οὐρανὸν
1172 2026 1349 2080 τόπων
1382 2026 1443 2078 οὑ
1476 2026 1689 2089 πάντως
1715 2025 1819 2094 γῆς

231 2127 620 2198 ὑπαρχόντων.
661 2122 770 2194 Τὴν
804 2122 900 2192 μὲν
933 2117 1025 2174 οὖν
1079 2119 1185 2190 γῆν
1217 2119 1504 2191 περίεισιν,
1536 2119 1620 2171 ἵνα
1653 2134 1822 2171 κατα-

232 2223 416 2292 νοήσῃ
468 2216 596 2288 περὶ
641 2215 784 2276 τίνος
821 2210 1105 2284 ἀνθρώπου
1129 2211 1370 2280 αἰτήσειο
1392 2209 1486 2280 τὴν
1515 2209 1571 2261 δὲ
1605 2209 1694 2261 ὑπ’
1727 2208 1819 2260 οὑ-

235 2311 407 2382 ρανὸν
437 2307 817 2378 ὲμπεριπατεϊ,
851 2302 1272 2373 εὐφραινόμενος
1298 2304 1410 2364 τοῖς
1433 2301 1820 2370 πνευματικοῖς

229 2402 341 2470 τῆς
372 2399 658 2469 πονηρίας,
709 2392 819 2459 τοῖς
854 2393 1212 2466 ὑπηρετοῦσιν
1275 2391 1422 2462 αὑτῷ
1455 2392 1588 2461 πρὸς
1635 2391 1702 2444 τὰ
1732 2391 1818 2443 ati-

235 2509 462 2562 σχιστα.
497 2491 569 2542 υὺ
626 2487 788 2540 δεῖδὲ
835 2483 1152 2550 ξενίζεσθαι,
1211 2485 1260 2535 εί
1319 2481 1511 2535 λεπτὸν
1558 2481 1819 2552 ὑπάρχων

231 2583 485 2652 πνεῦμα,
525 2578 673 2648 διέϐη
709 2579 830 2639 τοὺς
851 2571 1288 2647 ¹προειρημένους
1319 2573 1514 2636 τόπους
1535 2589 1549 2603 ο
1596 2573 1688 2626 καὶ
1711 2572 1819 2644 γὰρ

231 2676 364 2729 οὐδὲ
395 2676 422 2727 6
447 2673 576 2734 Θεὸς
604 2671 678 2734 ὡς
703 2669 1029 2739 ψευδόμενον
1067 2666 1227 2719 αὑτὸν
1254 2665 1465 2737 ἤλεγξε.
1509 2666 1582 2718 Τὸ
1638 2666 1818 2736 μέντοι

231 2765 519 2834 ἀνήμερον
561 2759 653 2812 καὶ
695 2756 1106 2827 ἀφιλάνθρωπον
1138 2755 1230 2808 τοῦ
1250 2756 1473 2826 τρόπου.
1496 2757 1560 2826 τῇ
1585 2754 1816 2826 τοσαύτῃ

235 2854 481 2925 περιόδῳ
529 2850 867 2919 καταμηνύει
892 2849 920 2901 6
955 2847 1208 2918 πονηρός.
1253 2846 1498 2901 Μανικοῦ
1533 2847 1640 2916 γάρ
1678 2863 1820 2909 τινος

238 2949 343 3002 καὶ
370 2946 477 2998 ὑπὸ
501 2943 801 3014 ἐμπληξίας
833 2939 1267 3012 περινοστοῦν-τός
1302 2941 1417 2991 ἐστι
1461 2938 1530 2991 τὰ
1565 2940 1782 3008 ῥήματα
1802 2953 1817 2968 ο

235 3037 430 3100 καθὼς
459 3035 553 3087 καὶ
586 3032 809 3103 ἑτέρωθί
866 3049 967 3086 που
1010 3032 1222 3102 εἴρηται
1243 3046 1258 3060 ’
1291 3031 1408 3082 Ὅτι
1458 3033 1489 3083 ό
1520 3030 1820 3094 ἀντίδικος

234 3129 422 3199 ἡμῶν
457 3126 753 3192 διάϐολος,
811 3125 886 3192 ὡς
920 3122 1075 3178 λέων
1113 3122 1448 3190 ὠρυόμενος
1495 3117 1814 3188 περιπατεῖ,

236 3219 438 3289 ζητῶν
468 3218 602 3270 τινα
625 3216 904 3282 καταπίῃ.
942 3215 1249 3284 Ἀγρυπνος
1277 3213 1386 3283 γὰρ
1448 3211 1690 3276 πολεμεῖ,
1721 3208 1825 3271 καὶ,

239 3311 621 3383 περιέρχεται,
673 3310 797 3369 τοὺς
832 3306 929 3376 μὲν
994 3305 1177 3373 φίλους
1209 3304 1571 3372 ὑπαγόμενος,
1608 3301 1732 3362 τοὺς
1761 3299 1817 3352 δὲ

242 3403 475 3474 ἐχθροὺς
510 3398 909 3467 ἐξαιτούμενος·
952 3397 1012 3449 οὑ
1042 3397 1147 3467 γὰρ
1180 3393 1475 3458 ἐξουσιάζει
1504 3391 1678 3463 ἡμῶν.
1710 3390 1818 3444 Καί

250 3492 560 3547 τιτοιοῦτον
582 3489 742 3542 αὑτοῦ
782 3489 849 3542 τὰ
881 3489 1097 3558 ῥήματα
1129 3486 1402 3556 βούλεται·
1449 3483 1683 3554 Ἐπειδὴ,
1719 3501 1818 3553 φη-

254 3587 322 3646 σὶ,
348 3585 557 3656 γηίνων
587 3583 680 3636 καὶ
709 3578 1388 3651 ἀερίων-ὑποτασσομένων
1422 3594 1530 3646 μοι,
1573 3575 1690 3628 Ἰὼϐ
1726 3574 1821 3646 μό-

248 3693 335 3739 νος
357 3674 697 3736 ἀνθίσταται,
730 3672 849 3742 ἥκω
878 3669 1037 3722 αὑτὸν
1071 3669 1440 3739 αἰτησόμενος.

315 3849 412 3902 Στ.
449 3848 514 3901 θ’.
559 3845 859 3915 Ἀπεκρίθη
892 3843 959 3898 δὲ
987 3847 1020 3899 ό
1061 3843 1357 3907 διάϐολος,
1398 3843 1494 3896 καὶ
1524 3838 1691 3895 εἶπεν
1724 3842 1822 3896 ἐν·

238 3941 460 3994 αντίον
487 3938 728 4005 Κυρίου.

317 4032 601 4100 Διδύμου.
638 4030 796 4082 Ἵδιον
841 4028 898 4081 δὲ
927 4027 1035 4082 τῶν
1090 4025 1227 4096 πρὸς
1275 4026 1475 4097 ἀρετὴν
1526 4027 1824 4098 ἀπεχθανο-

244 4124 451 4195 μένων,
483 4121 543 4173 τὸ
568 4120 641 4192 μὴ
677 4116 982 4186 λογίζεσθαι
1015 4117 1213 4187 γνήσια
1238 4116 1306 4169 τὰ
1337 4116 1475 4170 καλὰ
1496 4116 1604 4170 τῶν
1631 4117 1821 4182 πέλας,

241 4215 386 4268 ἀλλὰ
412 4211 794 4272 διαϐάλλοντας
814 4208 1013 4277 λέγειν,
1043 4208 1117 4272 ὡς
1145 4209 1230 4261 ὅδε
1254 4225 1338 4271 τις
1365 4208 1567 4272 δίκαιός
1591 4211 1726 4273 ἐστι,
1756 4209 1822 4261 δι’

240 4305 554 4373 ἀδυναμίαν
583 4300 675 4356 τοῦ
732 4302 970 4356 ἀδικεῖν·
1036 4301 1122 4354 ὅδε
1175 4318 1258 4363 τις
1309 4298 1558 4372 σώφρων,
1612 4300 1700 4354 διὰ
1727 4301 1825 4374 τὴν

241 4395 592 4465 καλουμένην
613 4394 925 4465 ἠλιθιότητα
942 4411 956 4424 ’
986 4394 1014 4446 6
1038 4392 1115 4456 δὲ,
1143 4395 1393 4464 χρήματα
1415 4394 1507 4446 καὶ
1528 4397 1826 4466 πορισμοὺς

1920 1950 2059 1998 esse.
2098 1945 2312 1998 terram.
2346 1947 2419 2000 et,
2447 1955 2560 1990 eam
2599 1950 2718 2006 qua:
2744 1939 2837 1991 sub
2875 1937 3022 2004 caelo,
3057 1955 3177 1992 eum
3217 1948 3358 1993 terra
3388 1939 3490 1993 sub

1921 2025 2061 2081 emlo
2089 2028 2194 2092 sit,
2226 2027 2338 2082 loca
2385 2043 2512 2081 vero
2552 2043 2669 2097 qua}
2703 2028 2802 2082 sub
2836 2030 2971 2083 caelo
2999 2039 3142 2093 sunt,
3174 2045 3276 2082 non
3315 2031 3491 2085 conti-

1925 2131 2034 2169 nuo
2063 2127 2202 2170 terra
2234 2118 2362 2172 sint.
2392 2117 2611 2174 Terram
2642 2122 2784 2174 enim
2817 2122 3086 2186 cireuivit,
3141 2132 3196 2176 ut
3226 2123 3488 2190 intelligat

1921 2219 2077 2272 quem
2113 2206 2381 2261 hominem
2413 2218 2666 2273 accuset;
2702 2210 2815 2264 loca
2862 2225 3010 2276 vero,
3064 2226 3182 2279 qua:
3219 2213 3318 2265 sub
3348 2215 3490 2266 cmlo

1921 2303 2064 2360 sunt,
2102 2296 2434 2362 obambulat,
2468 2298 2521 2351 in
2549 2300 2803 2368 nequitiae
2827 2300 3132 2369 spiritibus,
3165 2304 3254 2370 qui
3291 2302 3390 2356 sibi
3421 2301 3490 2357 ad

1922 2400 2010 2440 res
2043 2387 2384 2455 turpissimas
2409 2400 2604 2457 priesto
2628 2399 2774 2454 sunt,
2815 2405 2936 2446 sese
2977 2392 3272 2446 oblectuns.
3304 2391 3490 2462 Neque

1921 2491 2050 2531 vero
2077 2479 2378 2533 mirandum
2429 2491 2528 2544 est,
2583 2496 2703 2535 cum
2755 2483 2825 2534 sit
2863 2484 3042 2538 tenuis
3089 2485 3328 2554 spiritus,
3371 2486 3488 2540 loca

1921 2585 2040 2640 qua:
2070 2583 2488 2626 connuemorata
2519 2583 2643 2626 sunt
2694 2566 3012 2643 pervasisse,
3053 2578 3486 2647 quandoquidem

1921 2662 2309 2716 necmcndacii
2367 2679 2488 2716 eum
2544 2664 2686 2718 Deus
2738 2665 3092 2720 insimulavit.
3148 2667 3321 2722 Tanto
3364 2683 3492 2724 veto

1923 2764 2187 2807 terrarum
2229 2753 2472 2808 anfractu
2509 2771 2570 2810 ac.
2596 2756 2937 2823 circuitione,
2985 2759 3256 2814 feritatem
3294 2761 3490 2815 imma-

1922 2846 2251 2914 nitatemque
2276 2863 2427 2899 suam
2461 2848 2756 2902 sceleratus
2785 2857 3012 2904 testatur
3040 2891 3053 2912 ,
3104 2852 3370 2919 siquidem
3411 2853 3494 2906 in-

1921 2939 2036 2992 sani
2065 2949 2116 2990 et
2153 2954 2263 3006 prae
2293 2940 2474 2992 furore
2526 2944 3007 2996 circumcursantis
3059 2955 3184 2997 Sunt
3237 2945 3326 2998 illa
3377 2944 3494 3012 ejus

1922 3029 2103 3082 verba.
2134 3029 2270 3082 Alibi
2315 3045 2528 3099 quoque
2561 3033 2761 3085 dictum
2811 3045 2926 3088 est:
2979 3034 3116 3101 Quia
3159 3039 3493 3092 aduersarius

1921 3129 2084 3173 vester
2114 3121 2377 3187 diabolus,
2401 3131 2648 3192 tanquam
2677 3123 2754 3175 leo
2792 3126 3000 3192 rugiens
3024 3124 3228 3188 circuit,
3257 3141 3492 3192 quwrcns

1921 3225 2072 3279 quem
2107 3211 2309 3264 devoret
2343 3210 2392 3280 (Ἰ
2433 3208 2545 3265 Pet.
2573 3228 2612 3274 ι,
2648 3212 2702 3278 5,
2734 3214 2813 3283 8).
2866 3212 3104 3284 Vigilaus
3131 3216 3272 3268 enim
3325 3225 3378 3268 et
3408 3216 3495 3268 in-

1924 3304 2126 3357 somnis
2161 3305 2440 3373 praeliatur
2477 3315 2530 3358 et
2573 3305 2843 3370 circumit,
2877 3307 3080 3360 amicos
3124 3306 3337 3375 quidem
3378 3307 3497 3359 alli-

1924 3396 2135 3463 ciendo,
2167 3397 2416 3452 inimicos
2447 3412 2575 3452 vero
2605 3399 2670 3452 ad
2721 3398 2945 3451 exitium
2987 3398 3290 3466 poscendo:
3324 3413 3497 3467 neque

1926 3487 2069 3542 enim
2105 3487 2398 3541 dominium
2423 3488 2590 3541 ullum
2617 3488 2668 3541 in
2696 3503 2793 3541 nos
2820 3489 3000 3542 habet.
3023 3489 3203 3556 Atque
3235 3488 3496 3556 ejusmodi

1929 3579 2145 3647 quidem
2184 3580 2467 3633 verborum
2505 3579 2622 3648 ejus
2654 3592 2846 3632 sensus
2879 3587 2963 3633 est
2996 3577 3168 3631 :Cum
3203 3588 3414 3633 terrena
3444 3588 3499 3632 et

1927 3671 2072 3725 aeria
2104 3670 2428 3740 subegerim,
2456 3671 2604 3724 solus
2632 3670 2761 3724 mihi
2795 3668 2964 3724 Jobus
2980 3670 3327 3735 adversatur;
3349 3669 3497 3724 illum

1845 3756 1851 3761 ’
1931 3773 1992 3817 ιιι
2019 3765 2305 3833 deposcam
2342 3763 2520 3818 venio.

1999 3854 2163 3912 Vens.
2191 3858 2244 3912 ‘J.
2273 3853 2556 3926 Respondit
2582 3862 2756 3908 autem
2780 3853 3047 3920 diabolus,
3071 3865 3119 3910 ct
3153 3855 3291 3910 dixit
3321 3871 3497 3908 coram

1925 3946 2172 4003 Domino.

1999 4037 2236 4109 Didymi.
2289 4038 2569 4109 Proprium
2617 4056 2802 4096 eorum
2845 4049 2944 4106 est,
3001 4041 3090 4109 qui
3130 4041 3315 4096 virtuti
3371 4053 3501 4098 sunt

1931 4128 2294 4198 infensiores,
2350 4143 2667 4188 cactcrorum
2727 4135 2868 4187 bona
2931 4134 3151 4188 minime
3206 4149 3327 4189 vera
3381 4150 3501 4190 esse

1931 4221 2262 4289 existimare,
2327 4224 2420 4278 sed
2478 4224 2655 4294 potius
2701 4241 2796 4296 per
2823 4227 3144 4280 calumniam
3177 4226 3381 4290 dicere,
3415 4228 3503 4280 hic

1932 4311 2146 4378 quidem
2171 4315 2240 4368 ob
2279 4327 2516 4383 ereptam
2555 4317 2655 4371 sibi
2687 4316 2911 4370 nocendi
2938 4325 3282 4386 potestatem,
3320 4317 3500 4384 justus

1931 4409 2048 4468 est;
2090 4402 2178 4456 ille
2206 4419 2334 4458 vero
2365 4403 2504 4475 lrugi
2532 4420 2599 4459 ac
2646 4416 2974 4475 temperans,
3031 4419 3250 4475 propter
3287 4408 3503 4462 stolidi-

238 4490 345 4541 οὑκ
375 4486 511 4557 ἔχει,
541 4487 629 4539 διὰ
657 4487 717 4539 τὸ
743 4487 878 4558 πρὸς
909 4484 1082 4539 ταῦτα
1111 4485 1478 4555 ἀνεπιτήδειον
1497 4503 1512 4516 ·
1546 4488 1639 4539 καὶ
1669 4486 1820 4550 ὅλως,

1936 4499 2138 4554 tatem;
2174 4493 2262 4548 ille
2303 4492 2442 4548 alter
2484 4495 2723 4562 pecuniis
2753 4496 3050 4564 opibusque
3078 4506 3252 4563 caret,
3283 4497 3407 4565 quia
3437 4498 3502 4553 iis

238 4579 420 4641 οὐδεὶς
463 4577 663 4647 φαῦλος
713 4577 1032 4648 ἀποδέχεται
1084 4593 1227 4640 τινος
1283 4576 1504 4648 ἀρετὴν,
1558 4578 1633 4640 ὡς
1690 4595 1824 4650 γνη-

242 4668 394 4723 σίαν.

315 4866 409 4917 Στ.
449 4871 538 4917 ια’.
599 4862 772 4918 Ἀλλὰ
815 4864 1181 4918 ἀπόστειλον
1233 4863 1347 4930 τὴν
1372 4864 1538 4934 χεῖρά
1561 4882 1695 4926 σου,
1727 4867 1824 4920 καὶ

240 4958 399 5025 ἅψαι
445 4956 688 5010 πάντων
720 4951 808 5010 ὧν
845 4957 990 5026 ἔχει,
1048 4953 1089 5027 ἦ
1134 4955 1262 5026 μὴν
1290 4959 1376 5012 sic
1401 4960 1724 5026 πρόσωπόν
1752 4975 1825 5013 σε

241 5049 591 5115 εὐλογήσει.

315 5139 595 5208 Διδύμου.
627 5140 795 5210 Χεῖρα
823 5139 956 5192 Θεοῦ
998 5140 1267 5210 διαφόρως
1300 5141 1615 5212 ὲκληπτέον,
1666 5141 1698 5213 ἢ
1728 5141 1824 5213 τὴν

242 5231 574 5301 κολαστικὴν
613 5232 708 5284 καὶ
735 5235 813 5295 είς
844 5232 1004 5285 τοῦτο
1035 5233 1372 5304 ὑπηρετικὴν
1407 5234 1659 5305 δύναμιν,
1700 5235 1826 5304 ἥτις

243 5326 340 5379 καὶ
402 5324 594 5386 σκεῦος
643 5323 812 5394 ὀργῆς
843 5323 1059 5393 λέγεται
1099 5323 1240 5377 κατά
1287 5325 1366 5389 τὸ,
1428 5325 1489 5379 Ἠ
1537 5328 1665 5394 χείρ
1709 5341 1855 5393 σου¹

241 5418 394 5483 ἔθνη
436 5417 918 5484 ἐξωλόθρευσενσ
959 5415 1117 5486 ἢτὴν
1167 5415 1536 5488 φρουρητικὴν
1573 5418 1664 5469 καὶ
1691 5434 1823 5470 σκε-

243 5509 522 5578 παστικὴν
543 5508 792 5579 δύναμιν,
817 5508 891 5572 ὡς
917 5509 995 5573 τὸ,
1023 5508 1334 5574 Ἔπλασὰς
1359 5527 1453 5578 με,
1480 5509 1577 5562 καὶ
1604 5511 1822 5577 ἔθηκας

243 5602 337 5654 ἐπ’
377 5601 483 5672 ἐμὲ
514 5601 627 5669 τὴν
653 5599 819 5669 χεῖρά
853 5614 987 5654 σου.
1035 5600 1298 5654 Ἐνταῦοα
1330 5601 1506 5653 τοίνυν
1542 5602 1621 5666 τὸ,
1667 5603 1826 5656 Ἁπό-

245 5698 496 5747 στειλον
515 5693 630 5761 τὴν
646 5693 810 5762 χεῖρά
835 5708 970 5756 σου,
1016 5693 1134 5746 ἀντὶ¹
1169 5693 1284 5758 τοῦ,
1313 5694 1627 5764 πληκτικῶς
1659 5694 1821 5747 αὑτοῦ

249 5784 588 5856 περίδραξαι,
645 5784 857 5855 εἴρηται
885 5801 896 5817 ·
932 5784 993 5837 τὸ
1015 5784 1092 5849 δὲ,
1121 5785 1303 5853 ’Ἄγε-(ιι
1341 5784 1528 5854 αὑτοῦ,
1561 5785 1680 5840 ἀντὶ
1705 5785 1820 5849 τοῦ,

1933 4584 2190 4650 parandis
2226 4585 2365 4639 haud
2396 4596 2477 4640 est
2508 4586 2754 4641 idoneus.
2796 4587 3061 4656 Denique,
3111 4603 3272 4644 nemo
3303 4593 3504 4659 impro-

1934 4673 2033 4725 bus
2055 4673 2372 4743 cujusquam
2416 4678 2667 4730 virtutem
2706 4685 2765 4730 ut
2819 4677 3114 4747 legitimam
3167 4680 3503 4751 solidamque

1933 4760 2189 4816 admittit.

2007 4871 2171 4932 Vens.
2213 4877 2297 4932 Η.
2343 4876 2448 4931 Sed
2478 4880 2623 4932 mitte
2647 4897 2860 4935 manum
2885 4891 3050 4945 tuam,
3083 4894 3128 4936 et
3155 4893 3305 4954 tange
3324 4888 3502 4942 omnia

1932 4983 2049 5036 qute
2078 4970 2250 5036 habet,
2277 4971 2320 5023 si
2349 4987 2450 5024 non
2479 4972 2532 5024 in
2567 4973 2754 5039 [aciem
2784 4974 2876 5026 tibi
2909 4973 3249 5028 benedixerit.

2003 5143 2242 5214 Didymi.
2287 5145 2573 5201 Sciendum
2627 5154 2705 5201 est
2762 5163 2977 5201 manum
3027 5148 3121 5202 Dei
3169 5163 3289 5204 esse
3320 5150 3503 5206 multi-

1932 5238 2161 5308 plieem;
2191 5242 2431 5308 quaedam
2460 5243 2602 5296 enim
2632 5251 2714 5297 est
2745 5243 2967 5305 vindex,
2997 5252 3050 5296 el
3079 5243 3299 5299 ultionis
3325 5244 3502 5299 admi-

1934 5330 2101 5384 nistra
2123 5341 2386 5397 potestas,
2412 5347 2531 5400 quae
2553 5347 2645 5386 vas
2666 5333 2756 5386 irae
2788 5333 3004 5400 dicitur,
3030 5335 3094 5389 de
3117 5349 3218 5404 qua
3241 5335 3504 5405 scriptum

1933 5433 2048 5476 est:
2086 5421 2276 5478 Manus
2307 5435 2396 5478 tua
2430 5437 2601 5494 gentes
2625 5425 2934 5493 disperdidit
2967 5427 3298 5497 (Psalnunu,
3322 5426 3389 5494 2,
3415 5428 3503 5495 5);

1935 5515 2036 5568 alia
2070 5531 2197 5569 vero
2244 5528 2484 5587 potestas
2528 5521 2645 5586 ejus
2675 5529 2778 5584 est,
2808 5536 2927 5588 qua:
2969 5519 3142 5574 munit
3171 5528 3224 5573 et
3255 5525 3502 5590 protegit,

1934 5607 1999 5659 ad
2034 5621 2190 5671 quam
2227 5607 2354 5660 illud
2379 5608 2631 5677 pertinet,
2665 5608 3052 5677 Formastime,
3078 5622 3122 5662 et
3171 5608 3394 5678 posuisti
3413 5623 3503 5660 sn-

1933 5711 2023 5763 per
2046 5710 2125 5746 me
2146 5711 2359 5751 manum
2393 5710 2535 5751 tuam
2565 5698 2738 5768 (l’sal.
2767 5714 3028 5767 ειυς-ιιι,
3077 5699 3154 5768 5).
3196 5697 3365 5769 Igitur
3401 5697 3503 5751 hoc

1935 5786 2085 5844 loco:
2114 5786 2267 5845 Mitte
2295 5807 2504 5845 manum
2562 5804 2726 5858 tuam,
2755 5807 2851 5862 pro
2887 5792 2975 5847 illo
3023 5804 3124 5850 est.
3177 5790 3317 5846 male
3352 5789 3500 5842 illum
