4024 6396
624 329 761 386 11ὲῦ

1846 330 2076 386 DIDYMI
2115 284 2584 390 ALEXANDRlNI

3659 343 3763 398 “Si

621 459 825 514 acetpe,
858 453 911 499 et
938 443 1128 514 aﬂlige.
1160 443 1336 513 Tange
1375 455 1574 509 autem,
1635 460 1732 515 pro
1784 446 2167 514 manusinjice,

2281 449 2540 518 καθάψαι,
2571 451 2814 518 ὲπάγαγε
2861 449 3102 531 θλισερὰ.
3171 451 3402 522 Ἐχομεν
3429 451 3478 504 δὲ
3513 454 3592 506 καὶ
3621 456 3768 508 τούτου

569 531 571 534 ’
620 536 852 604 positum
887 545 1015 588 est:
1051 535 1222 596 illum,
1285 535 1527 602 inquam,
1571 546 1784 598 attere;
1832 536 1958 589 huic
2007 536 2181 588 simile

619 623 745 676 illud
769 633 871 687 est,
907 622 1084 676 Nolite
1115 633 1323 690 tangere
1353 624 1568 676 christos
1589 623 1910 694 meos(Psal.
1937 638 2044 688 Civ,
2066 624 2176 692 15).

619 713 803 781 Neque
838 713 979 766 enim
1009 713 1323 783 simpliciter
1361 728 1574 767 omnem
1611 725 1805 768 tactum
1844 715 2178 777 inliiliet,sed

616 820 737 858 eum
768 805 858 872 qui
912 819 1031 858 cum
1085 805 1303 858 audacia
1357 807 1569 860 sanctis
1599 805 1846 875 injuriam
1887 806 2070 857 infert.
2112 806 2180 858 At

617 893 756 956 vide,
789 910 949 962 quant
1013 895 1370 959 veteratorie,
1429 911 1701 964 quamque
1755 897 2041 950 simulate:
2074 913 2176 951 non

617 985 768 1049 dicit,
795 987 924 1038 milii
971 990 1244 1054 permitte,
1296 989 1387 1040 sed
1440 998 1493 1040 tu
1557 986 1753 1051 facito;
1796 987 2178 1040 imbecillitatis

613 1076 756 1129 enim
786 1092 895 1130 smn
933 1077 1099 1145 probe
1132 1079 1229 1130 sibi
1263 1081 1512 1132 conscius
1558 1088 1660 1141 est,
1704 1079 1796 1132 sed
1827 1087 2004 1131 tamen
2035 1079 2180 1131 insa-

615 1168 719 1229 nit,
750 1178 940 1235 estque
992 1183 1254 1237 arrogans
1303 1179 1356 1221 et
1387 1179 1700 1228 contumax.
1749 1170 1889 1236 quod
1921 1179 2177 1223 extrema:

614 1269 691 1312 est
747 1259 1030 1312 'ementiae.
1075 1258 1152 1310 'l‘u
1189 1274 1317 1312 vero
1351 1260 1480 1312 mihi
1513 1259 1674 1313 aliam
1719 1259 1939 1313 attende
1975 1259 2176 1328 impro-

615 1347 835 1400 bitatem
867 1362 928 1398 ac
956 1346 1271 1399 dialiolicam
1303 1346 1622 1410 caccitatem,
1657 1346 1796 1413 quod
1823 1346 1870 1398 ci
1903 1345 1994 1413 qui
2030 1343 2176 1397 solus

614 1436 788 1488 bonus
836 1444 939 1498 est,
990 1445 1047 1487 ut
1099 1435 1238 1487 male
1279 1445 1480 1503 ageret,
1539 1433 1866 1502 persuadere
1927 1433 2173 1486 voluerit.

612 1523 730 1578 Non
757 1525 948 1578 suﬂicit
993 1536 1169 1578 autem
1228 1525 1405 1578 nimiae
1437 1525 1552 1592 ejus
1609 1523 1931 1586 crudelitati,
1966 1533 2174 1590 partem

613 1616 848 1684 aliquam
877 1617 1209 1670 fortunarum
1249 1615 1366 1682 ejus
1409 1616 1654 1684 perdere,
1715 1623 1808 1666 aut
1847 1614 2104 1682 quosdam
2139 1626 2170 1667 e

613 1705 798 1760 liberis
830 1707 1161 1770 interimere,
1196 1706 1290 1759 sed
1331 1706 1490 1758 simul
1530 1715 1584 1760 et
1611 1705 1787 1758 subito
1815 1703 1971 1756 bonis
2005 1703 2174 1756 omni-

2282 541 2630 611 παράδειγμα
2655 541 2732 604 τὸ,
2766 542 2862 610 Μὴ
2889 542 3132 610 ᾶψησθε
3158 541 3277 595 τῶν
3323 542 3561 612 χριστῶν
3572 564 3686 614 μου.
3711 550 3769 601 οὐ

2281 633 2389 702 γάρ
2420 633 2514 703 τὴν
2545 633 2719 704 ἁπλὴν
2742 634 2885 704 ἁφὴν
2915 634 3266 706 ἀπαγορεύει,
3289 634 3420 688 ἀλλὰ
3446 637 3533 704 τὴν
3557 638 3673 691 κατὰ
3691 639 3774 692 τῶν

2282 725 2451 791 ἁγίων
2474 725 2677 796 τόλμαν
2737 726 2828 778 ἐπὶ
2882 725 3141 780 κακώσει.
3181 725 3322 796 Ὅρα
3346 726 3399 778 δὲ
3427 727 3558 791 ὅπως
3588 730 3774 802 mncip-

2279 832 2412 882 γως,
2436 815 2529 867 καὶ
2581 814 2699 884 μεθ’
2731 816 3084 885 ὑποκρίσεως,
3110 816 3171 867 οὐ
3223 815 3388 884 λέγει,
3413 815 3486 868 ὅτι
3518 817 3775 890 Ἐπὶτρεψιιν

2284 923 2394 974 μοι,
2450 905 2604 968 ἀλλὰ,
2663 907 2734 958 Σὺ
2785 907 3029 976 ποίησον.
3089 906 3302 960 Σύνοιδε
3355 908 3457 978 γὰρ
3498 909 3584 976 τὴν
3628 912 3773 964 ἑαυτοῦ

2280 994 2582 1059 ἀσθένειαν,
2619 998 2711 1049 καὶ
2735 997 2879 1066 ὅμως
2928 997 3137 1068 μέμηνε
3168 999 3262 1050 καὶ
3286 999 3652 1066 ἀλαζονεύεται,
3679 1004 3778 1074 ὅπερ

2277 1089 2376 1157 τῆς
2405 1089 2636 1158 ἐσχάτης
2667 1089 2849 1152 ἀνοίας
2909 1089 3043 1145 ἐστί.
3086 1092 3156 1142 Σὺ
3184 1091 3241 1144 δέ
3267 1109 3355 1161 μοι
3390 1092 3566 1163 θεὼρει
3587 1094 3665 1146 καὶ
3695 1096 3776 1147 ἑτέ-

2281 1195 2380 1248 ραν
2408 1178 2622 1240 κακίαν,
2654 1179 2746 1231 καὶ
2774 1178 3078 1249 τυφλότητα
3105 1179 3432 1251 διαὸολικὴν,
3454 1182 3528 1234 ὅτι
3558 1181 3638 1233 τὸν
3662 1183 3777 1252 μόνον

2278 1269 2477 1335 ἀγαθὸν
2512 1270 2718 1321 πείθειν
2748 1270 2918 1323 ἐθέλει
2970 1275 3316 1326 κακοποιεῖν·
3376 1273 3510 1324 κατὰ
3553 1272 3778 1342 πολλὴνδὲ

2276 1359 2393 1411 λίαν
2421 1360 2694 1431 ὠμότητα,
2729 1363 2828 1414 οὐκ
2871 1363 3119 1433 ἀρκεῖται
3151 1365 3315 1436 μέρος
3343 1363 3498 1417 αὑτοῦ
3523 1365 3608 1434 τῆς
3639 1364 3779 1426 οὐσίας

2278 1450 2556 1516 ᾁπολέσαι,
2587 1453 2620 1521 ἦ
2671 1469 2821 1511 τινας
2878 1453 2987 1506 τῶν
3021 1455 3246 1519 παίδων,
3282 1455 3393 1508 ἀλλ’
3441 1454 3616 1525 ἀθρόον
3660 1455 3781 1507 αὑτὸν

2277 1543 2492 1595 πάντων
2529 1542 2731 1613 ἔρημον
2789 1546 3128 1616 καταστῆσαι
3193 1546 3463 1617 βούλεταιν
3493 1546 3566 1599 διὸ
3590 1547 3642 1598 οὑ
3667 1563 3782 1616 μερι-

2276 1633 2406 1696 κῶς,
2439 1633 2572 1685 ἀλλὰ
2604 1634 2902 1696 καθολικῶς
2949 1637 3236 1703 ὲξαιτεῖται
3267 1638 3356 1692 τὸν
3386 1639 3593 1696 δίκαιον,
3621 1637 3780 1705 λέγων’

2281 1723 2452 1790 "Ay-at
2486 1721 2725 1776 πάντων
2753 1718 2840 1776 ὧν
2871 1727 3016 1795 ἔχει,
3045 1727 3337 1796 γύμνωσον-
3362 1730 3511 1782 αὐτὸν
3538 1729 3691 1797 πάσης
3715 1727 3782 1778 ἀν-

609 1794 709 1847 bus
737 1808 856 1848 eum
883 1811 1080 1849 exuere
1104 1795 1232 1849 vult.
1270 1794 1447 1861 Quare
1488 1810 1590 1847 non
1627 1809 1690 1848 ex
1729 1802 1900 1861 parte,
1932 1793 2024 1845 sed
2052 1807 2167 1845 om-

2277 1813 2552 1886 θρωπίνης
2604 1816 2835 1883 ἐλπίδος,
2887 1793 3026 1870 ἔστω
3052 1793 3281 1888 θλίψεων
3333 1821 3423 1873 καὶ
3447 1819 3636 1890 θρήνων
3657 1793 3783 1870 εἰκὼν

610 1886 738 1939 nino
767 1887 937 1939 virum
998 1887 1200 1955 justum
1231 1885 1463 1955 postulat
1518 1887 1582 1938 ad
1641 1885 1878 1947 ruinam,
1907 1899 2030 1937 cum
2064 1883 2171 1937 ait:

615 1976 789 2045 Tange
814 1979 988 2031 omnia
1015 1994 1129 2046 qua:
1184 1979 1358 2040 habet,
1415 1991 1508 2044 spe
1555 1975 1698 2030 omni
1742 1976 1974 2028 humana
2025 1973 2173 2027 illum

611 2071 833 2137 nudato,
865 2069 1219 2122 acerbitatum
1252 2083 1313 2122 ac
1360 2067 1600 2120 dolorum
1646 2066 1716 2119 sit
1765 2064 2038 2133 exemplar
2065 2065 2177 2118 sin-

611 2181 827 2248 gulare,
864 2190 988 2234 tunc
1014 2179 1154 2233 enim
1183 2178 1322 2231 illius
1359 2177 1497 2245 grati
1533 2177 1696 2230 animi
1728 2176 2047 2245 signiﬁcatio
2075 2175 2174 2229 ad-

612 2274 885 2327 mirationi
935 2275 1056 2336 erit,
1100 2287 1218 2327 cum
1280 2281 1578 2339 temporum
1629 2268 2171 2336 rerumqneiuclina-

611 2362 1284 2431 tionibushaudquaquam
1309 2360 1526 2430 coargui
1569 2359 1827 2429 potuerit.
1875 2358 1938 2411 Si
1985 2373 2088 2409 non
2115 2357 2168 2408 in

2272 1907 2676 1977 ἀπαράὸλητος.
2725 1909 2856 1962 Τότε
2920 1910 3030 1983 γὰρ
3064 1913 3157 1964 καὶ
3215 1912 3275 1965 τὸ
3303 1913 3603 1982 εὐχάριστον
3640 1910 3782 1962 καὶτὸ

2271 1997 2548 2068 εῠγνωμον
2593 1998 3052 2070 θαυμασθήσεται,
3083 2006 3198 2067 ταῖς
3233 2003 3546 2074 μεταϐολαῖς
3575 2000 3784 2073 μηδαμῶς

2273 2089 2641 2159 ἐλεγχόμενον.
2677 2094 2744 2145 El
2775 2095 2884 2146 οὐκ
2917 2096 3002 2159 εὶς
3045 2095 3367 2161 πρόσωπόν
3395 2113 3468 2148 σε
3498 2092 3780 2160 εὐλογήσειν

2269 2179 2544 2232 τουτέστιν
2570 2180 2663 2233 ἐὰν
2697 2182 2770 2252 μὴ
2823 2183 2941 2236 τότε
2970 2201 3028 2236 σε
3056 2185 3303 2256 φανερῶς
3344 2185 3696 2256 βλασφημήσῃ,
3717 2183 3784 2235 καὶ

2269 2269 2507 2322 ἐναντίον
2564 2287 2656 2322 σου
2700 2271 3098 2343 θρασυνόμενος
3144 2277 3396 2347 ἀκονὴσει
3440 2279 3531 2348 τὴν
3566 2277 3781 2346 γλῶσσαν,

2269 2360 2362 2412 ἇτε
2393 2361 2500 2412 τῶν
2527 2363 2818 2433 συμφορῶν
2847 2364 2920 2435 μὴ
2952 2365 3228 2434 βαστάζων
3251 2369 3312 2420 τὸ
3344 2369 3581 2440 μέγεθος.

605 2457 795 2522 [aciem
833 2456 926 2508 tibi
957 2453 1315 2513 benedixerit;
1348 2454 1397 2506 id
1428 2463 1531 2516 est,
1583 2453 1626 2505 si
1656 2466 1758 2503 non
1789 2459 1840 2504 te
1869 2449 2164 2504 maledictis
2201 2449 2376 2517 palam
2441 2462 2566 2507 tunc
2595 2455 2899 2518 incesserit,
2952 2466 3006 2509 et
3073 2460 3295 2513 audacia
3345 2471 3527 2514 contra
3573 2468 3618 2513 te
3651 2457 3781 2512 elatus

605 2544 838 2614 linguam
873 2547 1171 2612 exacuerit,
1205 2545 1402 2614 quippe
1428 2560 1546 2598 cum
1599 2543 1923 2598 calamitatis
1965 2541 2385 2609 magnitudinem
2416 2545 2556 2598 ferre
2592 2561 2695 2599 non
2730 2558 2915 2615 queat.

676 2638 791 2694 Hoc
819 2640 982 2708 igitur
1003 2639 1140 2701 loco,
1171 2653 1266 2707 pro
1307 2638 1438 2691 diris
1487 2636 1966 2702 imprecationibus
1993 2645 2042 2688 te
2074 2634 2165 2687 de-

611 2732 845 2796 vovebit,
897 2742 950 2783 et
1008 2729 1307 2783 maledictis
1335 2739 1710 2797 prosequetur,
1743 2726 2010 2789 diabolus,
2041 2739 2164 2793 spe-

605 2822 808 2875 ciosius
856 2818 1169 2872 vocabulum
1228 2831 1514 2883 usurpans,
1571 2816 1871 2881 benedicet,
1909 2815 2064 2880 dixit,
2104 2828 2170 2868 ne

605 2925 789 2963 vocem
817 2908 1145 2976 asperiorem
1175 2907 1462 2974 proferret,
1521 2915 1576 2959 et
1628 2906 1738 2960 Deo
1769 2906 1996 2973 diceret,
2026 2904 2167 2973 quod

604 2999 769 3053 Jobus
808 2999 906 3066 ipsi
948 2998 1221 3051 adversari
1250 2997 1428 3051 vellet.

686 3093 841 3144 iens.
876 3091 959 3142 12.
993 3088 1134 3142 Tunc
1165 3089 1294 3141 dixit
1335 3088 1593 3142 Dominus
1618 3086 1825 3140 diabolo
1848 3102 1866 3139 :
1894 3086 2029 3140 Ecce
2058 3104 2162 3140 om-

605 3184 692 3235 nia
717 3197 1031 3251 qna'cunque
1053 3192 1171 3234 sunt
1194 3183 1262 3244 ei,
1286 3181 1352 3234 do
1376 3181 1430 3233 in
1475 3195 1690 3233 manum
1738 3187 1904 3243 tuam,
1931 3179 2020 3232 sed
2051 3195 2167 3232 eum

605 3291 668 3327 ne
687 3275 930 3342 tetigeris.

671 3365 904 3435 Didymi.
938 3363 1069 3419 Illud
1092 3366 1252 3429 enim,
1279 3363 1412 3419 Ecce
1453 3366 1506 3418 in
1546 3380 1756 3418 manum
1787 3374 1929 3417 tuam
1957 3367 2025 3420 do
2056 3383 2167 3420 om-

605 3456 716 3518 nia,
743 3469 966 3523 prorsus
990 3458 1299 3525 persuadet,
1339 3458 1455 3511 sine
1480 3459 1573 3514 Dei
1626 3458 1887 3528 permissu
1919 3473 1948 3512 a
1981 3457 2167 3513 diabo-

607 3546 659 3598 lo
687 3546 878 3600 tentari
913 3548 1215 3601 neminem:
1267 3557 1326 3602 ut
1361 3561 1541 3602 autem
1577 3551 1834 3614 sciamus,
1862 3549 1962 3617 ipsi
1999 3549 2162 3602 etiam

602 3635 942 3703 permissioui
959 3639 1117 3691 statui
1136 3639 1372 3702 modum,
1389 3640 1558 3705 addit,
1576 3639 1677 3694 Sed
1690 3657 1806 3694 eum
1829 3655 1889 3693 ne
1906 3640 2161 3708 attigeris.

611 3726 762 3780 Unde
795 3727 1009 3795 planum
1053 3737 1157 3790 est,
1216 3743 1320 3784 non
1371 3729 1503 3796 fato,
1561 3733 1642 3786 vel
1668 3748 1816 3799 casu,
1856 3733 1950 3788 sed
1984 3733 2162 3787 divina

603 3819 957 3889 perniissione
985 3818 1316 3876 calamitates
1345 3822 1610 3876 accidere.

669 4099 736 4152 Et
774 4116 1007 4168 egressus
1034 4111 1108 4153 est
1140 4101 1379 4153 diabolus
1403 4119 1432 4154 n
1457 4101 1700 4156 Domino.

670 4191 746 4244 lix
773 4192 1126 4260 quorumdam
1183 4193 1472 4256 sententia,
1511 4193 1609 4246 nisi
1650 4201 1798 4246 extra
1834 4191 2000 4246 Deum
2025 4191 2158 4244 fuis-

597 4293 679 4339 set
702 4283 966 4348 diabolus,
1001 4292 1186 4336 contra
1244 4281 1436 4335 Jobum
1487 4282 1619 4335 nihil
1671 4293 1924 4348 operatus
1947 4281 2155 4335 fuisset.

2339 2635 2630 2689 Κάνταῦθα
2694 2639 2891 2701 τοίνυν,
2935 2640 3053 2692 ἀντὶ
3104 2641 3228 2706 τοῦ,
3297 2644 3664 2713 καταράσεται,
3715 2635 3783 2692 και

2267 2722 2644 2796 βλασφημήσει
2692 2745 2768 2792 σε,
2823 2729 3119 2792 ὁδιάϐολος
3167 2727 3306 2796 εἷπε,
3353 2733 3430 2802 τῷ
3487 2730 3782 2802 εὐφημοτέρῳ

2263 2819 2605 2886 χρησάμενος
2633 2820 2874 2888 ὀνόματι,
2930 2821 3076 2882 ὅπως
3108 2820 3180 2891 μὴ
3210 2822 3345 2892 πρὸς
3370 2823 3499 2876 Θεὸν
3529 2824 3617 2893 τὴν
3637 2838 3784 2892 τραχυ-

2265 2905 2427 2975 τέραν
2455 2909 2849 2978 προενέγκηται
2885 2909 3047 2974 λέξιν,
3092 2910 3224 2981 μηδὲ
3248 2913 3385 2982 ἐρεῖ,
3411 2915 3488 2967 ὅτι
3512 2912 3566 2977 ἐξ
3586 2911 3782 2972 ἐναντίας

2269 2996 2332 3050 ἄν
2365 3016 2444 3050 σοι
2471 2999 2589 3072 ἔσῃ,
2613 3001 2690 3070 τῷ
2715 3000 2853 3070 Θεῷ.

2340 3092 2429 3144 Στ.
2464 3091 2548 3160 ιβ’.
2586 3094 2722 3145 Τότε
2747 3090 2914 3146 εἶπεν
2947 3097 2979 3146 ὀ
3015 3095 3226 3161 Κύριος
3259 3095 3337 3161 τῷ
3362 3096 3604 3159 διαϐόλῳ
3625 3112 3637 3125 ·
3675 3091 3784 3146 Ἰδοὺ

2267 3183 2460 3238 πάντα
2487 3185 2602 3237 ὅσα
2649 3185 2772 3254 ἔχει
2803 3186 3006 3255 δίδωμι
3036 3188 3105 3241 ὲν
3126 3188 3200 3255 τῇ
3223 3192 3380 3258 χειρί
3403 3206 3534 3253 σοι’,
3560 3186 3681 3242 ἀλλ’
3710 3187 3787 3237 σὺ·

2268 3277 2370 3328 τοῦ
2388 3295 2430 3344 μ
2441 3278 2474 3344 ἡ
2506 3277 2653 3346 ἅψῃ.

2337 3367 2609 3437 Διδύμου.
2642 3371 2714 3422 Τὸ
2762 3371 2887 3441 γὰρ,
2935 3370 3088 3424 Ἰδοὺ
3138 3371 3369 3426 δέδωκα
3415 3373 3601 3427 πάντα
3645 3372 3702 3423 ἐν’
3732 3365 3786 3431 τῇ

2265 3461 2415 3525 χειρί
2446 3475 2582 3523 σου,
2617 3463 3022 3532 παραστατικὸν
3083 3465 3198 3515 ἐστι
3222 3464 3317 3516 τοῦ
3380 3466 3454 3536 μὴ
3493 3463 3646 3534 χωρὶς
3673 3457 3785 3518 θείας

2267 3549 2666 3618 συγχωρήσεως
2724 3552 3048 3605 ὑποπίπτειν
3085 3554 3206 3606 τινά
3254 3557 3591 3626 πειρασμοῖς.
3625 3554 3719 3604 Ἵνα
3743 3548 3784 3600 δὲ

2265 3638 2496 3708 φανερὸν
2548 3641 2794 3711 γένηται,
2839 3643 2918 3694 ὅτι
2975 3642 3157 3713 μέτρῳ
3207 3646 3302 3696 καὶ
3351 3644 3448 3714 τὴν
3495 3641 3783 3710 συγχώρησιν

2264 3732 2516 3792 ποιεῖται,
2552 3732 2819 3800 ἐπιφέρει.
2861 3733 3012 3785 Ἀλλ’
3034 3734 3219 3787 αὐτοῦ
3243 3734 3332 3802 μὴ
3368 3735 3514 3803 ἅψῃ.
3545 3734 3686 3787 Ὅθεν
3712 3730 3783 3798 δῆ-

2261 3819 2372 3881 λον,
2407 3820 2486 3871 ὅτι
2517 3819 2640 3872 οὔτε
2691 3817 2996 3894 εἱμαρμένῃ
3047 3825 3101 3875 αί
3141 3826 3489 3893 περιστάσεις
3515 3822 3784 3894 συμὸαίνον·

2265 3926 2368 3970 σιν,
2403 3909 2512 3962 οὒτ’
2561 3913 2624 3964 ὲκ
2675 3913 3037 3983 ταυτομάτου,
3097 3914 3210 3968 ἀλλ’
3255 3917 3324 3970 ὲκ
3375 3916 3509 3970 Θεοῦ
3550 3911 3785 3984 συγχωρὴ-

2264 4019 2416 4064 σεως.

2383 4093 2489 4146 Καὶ
2519 4093 2776 4160 ἐξῆλθεν
2803 4099 2836 4147 ό
2863 4095 3144 4163 διάϐολος
3172 4099 3335 4166 παρὰ
3357 4099 3462 4152 τοῦ
3488 4099 3702 4166 Κυρίου.

2330 4183 2484 4236 Κατὰ
2518 4184 2574 4236 δέ
2620 4201 2790 4249 τινας,
2843 4186 2892 4237 εί
2928 4186 3001 4256 μὴ
3027 4187 3130 4253 ἔξω
3157 4188 3348 4257 γέγονε
3389 4189 3482 4242 τοῦ
3511 4183 3778 4240 Θεοῦὸόιά·

2261 4271 2430 4334 εολος,
2464 4274 2562 4325 οὐκ
2595 4272 2660 4325 ἂν
2709 4275 2976 4344 ἐνήργησε
3001 4276 3070 4329 τὰ
3107 4279 3244 4332 κατὰ
3268 4279 3365 4332 τοῦ
3415 4279 3550 4331 ’1ιῦ6.
3574 4272 3780 4346 Κυριολε-

597 4384 676 4427 ne
705 4374 768 4428 de
791 4373 1002 4427 diabolo
1029 4373 1201 4442 magis
1236 4373 1450 4442 proprie
1469 4387 1629 4439 quam
1652 4372 1718 4424 de
1737 4370 1905 4425 Caino
1928 4372 2150 4426 dicitur:

2262 4366 2466 4416 κτεῖται
2515 4364 2570 4415 δὲ
2630 4365 2722 4416 ἐπὶ
2774 4365 2960 4418 τούτου
2995 4367 3190 4436 μᾶλλον
3234 4369 3266 4439 ἢ
3329 4371 3421 4422 ἐπὶ
3463 4370 3553 4422 τοῦ
3580 4368 3698 4421 Καῖν
3719 4363 3778 4415 τό·

597 4466 852 4535 Egressus
881 4475 954 4518 est
983 4483 1012 4518 a
1045 4465 1179 4532 facie
1212 4465 1423 4517 Domini
1448 4461 1604 4532 (Cen.
1639 4478 1712 4528 tv,
1745 4462 1854 4532 16),
1892 4463 2032 4531 quod
2071 4463 2152 4516 in-

595 4559 711 4612 nuit
739 4574 859 4612 euin
887 4557 1091 4611 visione
1122 4557 1210 4612 Dei
1255 4573 1359 4610 non
1399 4555 1500 4609 frui
1526 4573 1540 4622 ;
1574 4570 1638 4610 ex
1669 4568 1853 4607 eorum
1884 4553 2023 4607 enim
2059 4568 2158 4606 nu-

595 4663 745 4702 mero
777 4657 861 4703 est
881 4647 970 4716 qui
1005 4647 1147 4701 foras
1198 4647 1572 4711 excluduntur,
1612 4646 1735 4700 licet
1780 4660 1883 4698 una
1932 4659 2053 4698 cum
2090 4644 2156 4699 iis

594 4739 682 4806 qui
721 4737 826 4792 Deo
852 4739 1129 4800 assiswnt,
1161 4737 1340 4801 specie
1369 4737 1598 4805 quadam
1625 4736 1852 4791 venerit.

667 4827 828 4882 Vens.
870 4828 956 4881 1⁸5.
1000 4827 1065 4880 Et
1104 4839 1212 4880 erat
1237 4828 1366 4880 sicut
1399 4828 1507 4880 dies
1534 4829 1664 4880 lucc.

667 4919 897 4988 Didymi.
943 4917 1346 4988 Consequenter
1386 4919 1598 4988 quidem
1629 4919 1755 4980 diei,
1779 4929 1834 4971 et
1863 4918 2149 4971 liberorum

593 5026 878 5063 consessus
910 5011 1171 5075 meminit,
1232 5019 1289 5063 ut
1343 5010 1444 5064 hac
1469 5011 1676 5064 ratione
1707 5010 1918 5064 illorum
1952 5010 2151 5072 obitus,

592 5101 878 5168 quisubito
912 5102 1067 5156 unius
1124 5101 1382 5170 temporis
1429 5113 1724 5166 momento,
1768 5102 1960 5155 aedium
1998 5101 2151 5153 ruina

592 5191 839 5243 exstincti
862 5200 1005 5252 sunt,
1034 5191 1137 5244 lide
1165 5207 1268 5244 non
1295 5203 1523 5247 careret.

667 5280 826 5336 Vens.
870 5282 956 5336 Η.
997 5281 1061 5332 Et
1105 5299 1218 5336 ecce
1269 5284 1481 5336 nuntius
1535 5284 1668 5336 venit
1719 5283 1786 5336 ad
1839 5281 2053 5347 Jobnm,
2103 5292 2153 5335 et

592 5373 725 5425 dixit
759 5374 828 5437 ei,
855 5383 964 5426 etc.

661 5462 894 5532 Didymi.
927 5464 1402 5520 Animadversione
1466 5467 1681 5536 dignum
1724 5477 1824 5530 est,
1889 5469 2148 5534 quemad-

591 5557 829 5620 modum,
881 5571 998 5624 qna:
1059 5556 1234 5610 subito
1278 5558 1562 5626 contigisse
1621 5558 1862 5610 nuntiata
1904 5568 2047 5622 sunt,
2087 5573 2151 5610 ex

593 5650 704 5714 ipsa
731 5649 984 5702 relatione
1011 5648 1263 5701 acerbum
1293 5649 1344 5701 in
1379 5665 1435 5702 se
1463 5652 1794 5713 contineant,
1824 5661 1876 5702 et
1914 5652 1978 5701 ad
2001 5665 2150 5701 sum-

592 5753 732 5793 tn.un
762 5739 1030 5793 tristitiam
1067 5739 1343 5796 inclinent.
1386 5738 1605 5803 Verum,
1649 5741 1749 5794 etsi
1795 5749 2013 5809 propter
2055 5756 2146 5794 su-

2273 4454 2556 4522 Ἐξῆλθεν
2609 4457 2726 4510 ἀπὸ
2775 4457 3096 4525 προσώπου
3162 4463 3386 4528 Kvpt'ov
3415 4478 3428 4492 ·
3491 4461 3518 4513 ὂ
3579 4458 3704 4528 δηλοῖ
3737 4451 3779 4504 τὸ

2257 4546 2595 4615 ἁφάνταστον
2627 4547 2720 4600 τοῦ
2744 4549 2876 4601 Θεοῦ
2911 4545 3047 4601 εἶναι
3078 4552 3256 4604 αὐτόν.
3288 4550 3458 4616 Οὗτος
3485 4552 3586 4622 γὰρ
3612 4549 3684 4602 ἀεὶ
3700 4543 3780 4596 τῶν

2257 4641 2360 4705 ἔξω
2385 4643 2659 4712 τυγχάνει,
2718 4646 2767 4696 εί
2820 4644 2913 4696 καὶ
2970 4647 3352 4717 προσποιητῶς
3378 4644 3506 4719 ἦλθε
3538 4641 3661 4719 μετὰ
3697 4637 3776 4691 τῶν

2257 4733 2618 4803 παραστατῶν
2649 4733 2740 4786 τοῦ
2767 4733 2920 4786 Θεοῦ.

2325 4826 2414 4876 Στ.
2460 4823 2544 4892 ιγ’.
2569 4825 2676 4878 Καὶ
2701 4821 2780 4894 ἦν
2804 4826 2883 4890 ὡς
2915 4826 2953 4893 ἡ
2976 4826 3164 4894 ἡμέρα
3183 4828 3356 4895 αὕτη.

2330 4915 2606 4983 Διδύμου.
2648 4916 2978 4980 Ἀκολούθως
2999 4919 3091 4969 καὶ
3110 4919 3207 4988 τῆς
3239 4919 3455 4990 ἡμέρας
3480 4909 3775 4989 μνημονεύειν

2256 5007 2467 5077 καὶτῆς
2497 5007 2857 5070 συνελεύσεως
2888 5007 2995 5061 τῶν
3049 5009 3275 5072 τέκνων,
3343 5011 3432 5064 ἵνα
3481 5009 3613 5062 οὕτω
3642 4999 3777 5056 καὶτὸ

2254 5097 2347 5150 τοῦ
2374 5098 2601 5151 θανάτου
2632 5099 2809 5151 αὐτῶν
2858 5099 3081 5170 γένηται
3128 5101 3337 5164 πιστὸν,
3379 5101 3585 5172 ἁθρόως
3608 5095 3684 5164 ὑφ’
3706 5091 3778 5144 ἕνα

2256 5190 2443 5260 καιρὸν
2472 5189 2574 5241 ὑπὸ
2601 5190 2699 5258 τὴν
2729 5191 2937 5242 πτῶσιν
2963 5191 3062 5260 τῆς
3087 5191 3261 5253 οἰκίας
3283 5192 3664 5244 ἀποθανόντων.

2326 5280 2414 5330 Στ.
2450 5279 2526 5331 ιδ’.
2581 5279 2689 5331 Καὶ
2724 5279 2851 5332 ἰδοὺ
2892 5279 3145 5349 ἄγγελος
3169 5277 3315 5350 ἦλθε
3351 5281 3501 5349 πρὸς
3539 5279 3662 5341 Ἰὼϐ,
3701 5269 3773 5324 καὶ

2254 5369 2420 5422 εἶπεν
2442 5369 2619 5435 αὐτῷ,
2643 5386 2696 5423 κ.
2727 5387 2776 5422 τ.
2803 5369 2852 5422 λ.

2325 5460 2598 5528 Διδύμου.
2639 5463 2933 5514 Κατανοεῖν
2963 5461 3018 5514 δὲ
3043 5463 3212 5526 ἄξιον,
3245 5465 3393 5527 ὅπως
3423 5462 3491 5517 τὰ
3517 5466 3606 5532 τῆς
3630 5469 3772 5519 atra?-

2254 5551 2437 5620 γελίας
2498 5551 2708 5621 ἀθρόως
2741 5552 3099 5621 γεγενημένα,
3149 5554 3240 5605 καὶ
3285 5555 3350 5605 ἐκ
3381 5554 3476 5622 τῆς
3520 5551 3771 5618 διηγήσεως

2253 5643 2363 5713 ἔχει
2391 5642 2450 5695 τὸ
2477 5643 2635 5713 βαρὺ,
2659 5645 2750 5695 καὶ
2778 5644 2838 5694 τὸ
2867 5643 3000 5712 πρὸς
3029 5643 3203 5713 λύπην
3221 5638 3771 5713 ὑπερϐάλλουσανέπιρι

2259 5735 2418 5785 ἀρε-’έ-
2482 5734 2616 5784 .-\)‘t‘
2646 5737 2687 5771 ci

2293 5772 2437 5785 »ιιι-..-
2496 5773 2510 5785 ο
2561 5771 2600 5785 ιι
2644 5767 2687 5785 ι..

2293 5767 2437 5796 ειιιῦτ.
2496 5767 2600 5785 οιΙινι
2644 5767 2689 5786 ει.

2735 5735 2826 5786 καὶ
2865 5735 3023 5787 ἱκανά
3050 5730 3117 5804 ἦν
3138 5735 3391 5806 ταράξαι,
3426 5733 3511 5787 διὰ
3539 5732 3591 5784 τὸ
3611 5727 3768 5794 ἐθέτῦυν
