4024 6396
235 319 374 373 1123

1502 327 1930 386 FRAGMENTA
1967 329 2035 386 IN
2071 329 2213 387 JOB.

3345 340 3481 394 1126

233 440 326 492 τοῦ
357 441 617 511 χαλεποῦ,
665 442 813 512 ὅμως
834 443 934 496 οὐκ
961 443 1233 516 ἐταράχθη
1274 447 1302 498 6
1328 445 1550 512 δίκαιος.
1582 450 1808 522 Εἴρηται

1916 452 2087 507 bitum
2121 467 2324 517 casum,
2361 455 2677 522 perturbare
2697 453 2812 510 Jobi
2849 464 3078 512 mentem
3110 458 3221 514 haec
3250 445 3360 530 ipsa
3392 479 3486 529 po-

231 530 364 596 γοῦν
399 531 457 582 ἐν
478 532 556 584 ἐνὶ
576 531 682 585 τῶν
703 531 931 601 ψαλμῶν
960 535 1087 605 περὶ
1112 533 1202 586 τοῦ
1228 535 1383 603 ἁγίου
1407 553 1418 565 ·
1457 537 1597 590 Ἀπὸ
1623 540 1811 608 ἀκοῆς

232 619 501 688 πονηρᾶς
529 623 601 674 οὐ
631 619 1051 690 φοϐηθήσεται.

302 798 394 850 Στ.
440 805 534 863 ις’.
581 800 700 853 Ἔτι
727 803 939 857 τούτου
991 806 1348 869 λαλοῦντος,
1395 802 1580 874 ἦλθεν
1613 807 1811 874 ἕτερος

227 889 513 958 ἄγγελος,
543 890 640 943 καὶ
665 888 793 945 εἷπε
832 895 980 960 πρὸς
1018 894 1162 958 Ἰὼϐ,
1201 895 1326 962 Πῦρ
1350 895 1569 949 ἕπεο-εν
1609 898 1675 949 ἐκ
1706 899 1810 951 τοῦ

228 983 511 1052 στεφανοῦ,
559 983 656 1036 καὶ
710 985 1042 1039 κατέκαυσε
1099 987 1172 1040 τὰ
1229 989 1512 1055 πρόϐατα,
1547 988 1811 1055 καὶτοὺς

223 1082 517 1150 ποιμένας
567 1081 898 1152 κατέφαγεν
924 1085 1156 1152 ὁμοίως,
1203 1085 1300 1138 καὶ
1329 1086 1543 1151 σωθείς
1569 1085 1682 1154 ἐγὼ
1697 1087 1808 1154 μό-

225 1192 356 1240 νος,
384 1171 575 1244 ἦλθον
601 1174 709 1228 τοῦ
745 1176 1100 1245 ἀπαγγεῖλαί
1139 1193 1257 1230 σοι.
1540 1181 1551 1193 ⁸

297 1263 576 1332 Διδύμου..
627 1265 700 1317 Οὐ
731 1264 838 1337 γὰρ
870 1265 1111 1330 διάϐολος
1144 1266 1390 1332 ἐξουσίαν
1437 1268 1567 1339 ἔχει,
1603 1268 1713 1340 πῦρ
1750 1269 1810 1334 ἐξ

221 1355 458 1426 οὐρανοῦ
489 1362 843 1426 καταγαγεῖν,
880 1358 1014 1412 ἀλλά
1048 1359 1168 1431 θείᾳ
1201 1361 1377 1432 κρίσει
1403 1364 1558 1416 τοῦτο
1585 1364 1808 1434 γεγένη-

219 1466 336 1512 ται,
398 1451 546 1512 ὅπως
580 1454 908 1523 παραστήσῃ
955 1452 1030 1521 τῷ
1076 1453 1290 1524 Σατανᾷ
1322 1455 1349 1506 6
1385 1454 1628 1519 δεδωκὼς
1661 1455 1808 1526 αὑτῷ

218 1539 322 1611 τὴν
381 1541 630 1607 ἐξουσίαν
658 1544 764 1596 τῶν
794 1542 887 1596 τοῦ
929 1542 1047 1595 Ἰὼϐ
1097 1543 1248 1607 Θεὸς,
1288 1545 1369 1598 ὅτι
1409 1545 1527 1598 οὐδὲ
1553 1546 1702 1615 μέλει
1730 1545 1808 1615 τῷ

221 1632 486 1702 μακαρίῳ
514 1633 620 1684 τῶν
650 1633 1022 1704 ἀνθρωπίνων,
1067 1632 1167 1686 κᾶν
1197 1633 1394 1698 πολλὰς
1428 1635 1602 1710 πλέκῃ
1630 1654 1807 1707 μηχα-

216 1722 342 1785 νάς.
382 1723 638 1791 Καίτοιγε
669 1725 718 1776 εἰ
753 1725 844 1776 καὶ
866 1724 934 1777 τὰ
957 1725 1202 1795 δόγματα
1230 1727 1326 1796 τῆς
1359 1726 1617 1795 ἀληθείας
1647 1731 1806 1799 ἠκρι-

216 1813 420 1876 ϐωκὼς
445 1816 474 1866 6
500 1813 652 1882 ἅγιος
701 1815 1015 1884 ἐγίνωσκεν,
1065 1817 1139 1880 ὡς
1188 1819 1289 1870 οὐκ
1321 1819 1447 1871 ἄνευ
1471 1819 1604 1872 Θεοῦ
1647 1820 1807 1891 ἡτῶν
1843 1819 1884 1872 Β

214 1904 549 1974 πειρασμῶν
585 1907 853 1978 ἐπιτροπὴ
885 1907 1128 1976 γέγονεν,
1180 1909 1292 1962 ἀλλ’
1326 1911 1510 1963 ἱκανὸν
1545 1907 1612 1981 ἦν
1641 1914 1700 1964 τὸ
1730 1930 1812 1980 γι-

213 1995 451 2064 νόμενον
483 1996 744 2067 μεγίστην
768 1998 1123 2070 αὐτῷφέρειν
1149 2000 1346 2070 λύπην,
1373 2001 1458 2053 διὰ
1484 2003 1608 2065 τοὺς
1648 2020 1810 2055 σκαν-

209 2086 624 2157 δαλιζομένους,
658 2091 732 2152 ὼς
762 2091 856 2143 καὶ
887 2091 1021 2143 Θεοῦ
1048 2094 1166 2145 κατ’
1194 2093 1356 2146 αὑτοῦ
1393 2094 1712 2164 χωροῦντος.
1741 2095 1812 2148 T6

210 2180 331 2249 γάρ
365 2181 495 2243 τοῦς
530 2182 1028 2251 αἰχμαλωτίζοντας
1063 2185 1403 2248 ἐπελθόντας,
1446 2185 1512 2238 τα
1552 2187 1646 2255 μὲν
1682 2188 1811 2256 κτή-

209 2286 283 2338 νη
316 2269 614 2334 ἀπελάσαι,
660 2273 786 2333 τοὺς
833 2271 888 2323 δὲ
939 2273 1131 2336 παῖδας
1167 2274 1495 2342 ἀποσφάξαι,
1551 2274 1810 2342 ἠδύναντο

210 2359 544 2426 λογίσασθαι
581 2363 627 2413 οἱ
655 2361 1029 2434 ἀπλούστεροι,
1082 2364 1162 2415 ὅτι
1197 2364 1345 2434 νόμῳ
1378 2365 1636 2435 πολέμου,
1695 2367 1808 2418 ἀλλ’

209 2451 318 2503 οὐκ
353 2451 461 2505 ἀπὸ
491 2450 622 2503 Θεοῦ
648 2452 867 2519 γέγονεν
891 2470 904 2483 ο
935 2454 1021 2505 ὅτε
1053 2452 1109 2504 δὲ
1141 2452 1251 2524 πῦρ
1279 2454 1616 2524 ἀπήγγελται
1640 2457 1808 2526 οὐρα-

211 2543 374 2595 νόθεν
408 2541 686 2603 κατελθὸν,
747 2543 862 2605 δέος
895 2539 961 2613 ἧν
992 2545 1064 2614 μή
1098 2562 1180 2606 τις
1214 2545 1490 2615 λογίξηται
1523 2545 1629 2598 τῶν
1652 2546 1810 2599 ἀσθε-

211 2630 348 2694 νῶν,
386 2630 462 2694 ὡς
503 2631 652 2685 οὐδὲν
699 2632 1006 2702 θαυμαστὸν
1107 2633 1294 2704 ἀρετὴ,
1351 2634 1444 2686 καὶ
1479 2635 1625 2705 παρά
1674 2635 1808 2688 Θεοῦ

208 2723 633 2794 τιμωρουμένου
663 2724 753 2777 τοῦ
789 2724 988 2794 ταύτην
1014 2725 1246 2795 ἔχοντος.
1288 2727 1444 2796 Ἀλλά
1500 2729 1593 2780 καὶ
1617 2728 1807 2782 τούτου

212 2816 547 2885 συμϐάντος,
589 2819 617 2869 ὁ
652 2818 801 2886 ἅγιος
850 2819 949 2872 οὐκ
975 2818 1219 2872 ὤκλασεν
1245 2835 1259 2849 ⁸
1299 2820 1419 2873 ὅθεν
1448 2820 1584 2891 πρὸς
1619 2820 1678 2873 τὸ
1711 2822 1807 2873 ἀν-

210 2906 430 2960 ένδοτον
448 2907 542 2959 τοῦ
570 2907 798 2978 ἀθλητοῦ
831 2909 1197 2981 ἐναργέστατα
1241 2911 1452 2981 εἴρηται
1484 2910 1582 2982 [ῖσ.
1618 2911 1808 2982 δηλοῦ-

215 2997 371 3068 σθαι]
403 2997 484 3061 τὸ,
510 2999 636 3050 Ὅτε
665 2992 818 3062 οὗτος
842 2999 1039 3062 ἐλάλει,
1063 3001 1155 3054 καὶ
1181 2995 1333 3063 οὗτος
1356 2997 1537 3071 ἦλθεν.
1568 3002 1682 3054 Ἵνα
1702 3001 1809 3072 γὰρ

215 3089 498 3160 μηδεμίαν
549 3090 653 3142 τῶν
706 3093 880 3144 πόνων
943 3092 1223 3163 ἀναψυχὴν
1284 3092 1360 3163 τῷ
1415 3093 1685 3162 παλαιστῇ
1713 3093 1804 3162 δῷ,

215 3181 357 3233 ἄλλα
380 3181 458 3252 τῷ
491 3184 701 3252 συνεχεῖ
740 3183 839 3253 τῆς
869 3184 1127 3252 ἀγγελίας
1184 3184 1395 3255 ταράξῃ
1451 3184 1541 3236 τὸν
1573 3184 1799 3248 δίκαιον,
1831 3174 1873 3230 C

218 3274 313 3325 καὶ
345 3273 603 3343 καθάπερ
636 3274 786 3339 ναῦν,
833 3275 908 3345 τῷ
939 3275 1220 3346 ἐπαλλήλῳ
1248 3277 1352 3329 τῶν
1390 3277 1644 3346 κυμάτων
1673 3278 1804 3329 ὑπο-

217 3364 443 3434 ερύχιον
498 3365 746 3432 γενέσθαι
791 3368 1182 3440 παρασκευάσῃ
1213 3370 1323 3430 τοῖς
1362 3368 1576 3430 πάθεσι,
1626 3368 1804 3421 πυκνὰ

226 3458 338 3507 κατ’
370 3456 539 3509 αὑτοῦ
600 3457 804 3529 πέμπει
857 3446 925 3512 τὰ
961 3460 1133 3529 πικρά
1187 3459 1313 3528 βέλη
1348 3459 1455 3511 τῶν
1493 3459 1807 3530 συμφορῶν.

231 3547 396 3611 Αὐτὸς
423 3551 451 3602 6
477 3549 586 3601 τῶν
615 3551 798 3604 κακῶν
837 3550 1092 3622 ἐργάτης,
1125 3551 1286 3614 αὐτὸς
1313 3551 1340 3602 ὁ
1371 3551 1618 3619 ἄγγελος,
1647 3551 1808 3614 αὐτὸς

225 3638 424 3711 ἔπληξε
461 3639 532 3692 τά
556 3642 748 3712 κτήνη,
779 3643 872 3695 καὶ
902 3641 1060 3704 αὐτὸς
1091 3640 1422 3709 ἀπαγγέλλει
1451 3641 1548 3711 τὴν
1574 3640 1805 3710 πληγὴν,

222 3733 313 3785 καὶ
347 3733 553 3803 ταύτην
582 3733 720 3785 κατά
757 3733 856 3805 τὴν
889 3733 1186 3804 συνέχειαν,
1222 3734 1308 3786 ῖνα
1340 3732 1472 3803 μηδέ
1497 3732 1808 3805 ἀναπνεύσῃ

215 3825 246 3877 6
278 3825 520 3878 ἀκούων.

1920 552 2117 607 terant,
2177 557 2512 612 nequaquam
2566 556 2745 600 tamen
2804 545 3009 614 justum
3065 561 3481 617 permoverunt;

1919 636 2176 704 scriptum
2207 637 2350 691 enim
2376 647 2457 692 est
2487 637 2680 694 alicubi
2708 640 2762 694 in
2793 640 3020 697 Psalmis
3049 643 3115 698 de
3144 654 3335 701 sancto
3368 664 3382 700 :
3409 649 3486 700 Ab

1915 726 2184 780 auditione
2221 727 2360 779 mala
2391 744 2493 781 non
2526 729 2720 783 timebit
2760 730 2934 802 (Ptol.
2969 747 3099 797 exn,
3129 733 3201 802 7).

1995 816 2152 873 Vens.
2193 818 2278 873 16.
2319 820 2504 874 Adhuc
2526 822 2898 890 istoloquente,
2923 827 3054 878 venit
3086 826 3222 880 alius
3251 830 3485 893 nuntius,

1916 919 1960 960 et
1997 911 2130 963 dixit
2163 911 2230 963 ad
2259 910 2450 964 Jobum
2481 928 2499 964 :
2529 911 2674 980 Ignis
2696 915 2882 966 cecidit
2911 915 2973 969 de
3013 917 3161 981 ctelo,
3187 929 3232 970 et
3251 921 3488 972 combus-

1914 1000 1980 1052 sit
2007 1016 2143 1066 oves,
2166 1011 2213 1054 et
2238 995 2470 1069 pastores
2521 1005 2777 1058 devoravit
2831 1007 3098 1072 similiter,
3159 1021 3206 1063 et
3257 1010 3488 1065 salvatus

1913 1107 2006 1161 ego
2031 1093 2197 1159 solus,
2218 1095 2328 1148 veni
2360 1105 2414 1147 ut
2444 1098 2809 1152 annuntiarem
2845 1099 2958 1152 tibi.

1988 1289 2222 1360 Didymi.
2259 1291 2366 1348 Nec
2391 1294 2533 1348 enim
2558 1305 2767 1363 poterat
2817 1299 3060 1355 diabolus
3095 1318 3268 1372 Ignem
3292 1321 3322 1360 e
3351 1306 3488 1361 caelo

1919 1380 2204 1446 deducere,
2265 1398 2450 1438 verum
2513 1387 2604 1440 Dei
2657 1387 2860 1457 judicio
2924 1391 3026 1446 hoc
3061 1392 3256 1448 factum
3296 1407 3400 1460 est,
3428 1412 3490 1454 ut

1916 1472 2128 1528 Satanae
2179 1477 2512 1545 ostenderet,
2546 1479 2635 1547 qui
2667 1491 2988 1548 potestatem
3026 1485 3078 1539 in
3109 1484 3227 1542 Jobi
3258 1487 3486 1545 faculta-

1915 1569 1996 1616 tes
2019 1561 2066 1615 ei
2093 1575 2454 1633 concesserat,
2496 1568 2653 1622 beato
2695 1571 2810 1625 viro
2867 1572 3114 1628 mortalia
3151 1586 3207 1631 et
3245 1577 3481 1635 humana

1914 1652 2027 1712 hare
2063 1657 2210 1710 cordi
2240 1671 2344 1709 non
2402 1673 2543 1724 esse,
2587 1665 2928 1730 quantumvis
2953 1668 3148 1721 multas
3209 1671 3486 1728 machinas

1914 1744 2013 1814 ipsi
2073 1748 2402 1802 admoveret.
2440 1749 2591 1806 Licet
2628 1755 2770 1807 enim
2820 1767 3042 1814 sanctus
3080 1760 3364 1831 diligenter
3425 1765 3481 1819 iu

1913 1835 2154 1890 veritatis
2210 1839 2546 1904 dogmatibus
2579 1853 2841 1908 versatus,
2891 1846 3008 1901 sine
3059 1849 3149 1904 Dei
3193 1853 3482 1920 permissu,

1915 1932 2156 1986 tentandi
2189 1933 2400 1988 veniam
2439 1936 2658 1990 minime
2683 1939 2924 2003 concedi,
2953 1952 3101 1996 certo
3125 1943 3479 2015 intelligeret;

1913 2032 2134 2091 propter
2169 2037 2261 2078 eos
2298 2032 2472 2080 tamen
2511 2029 2601 2094 qui
2633 2029 3162 2098 scandalizabantur,
3187 2050 3250 2091 ac
3274 2038 3316 2091 si
3348 2023 3487 2093 Deus

1914 2109 2093 2178 ipsum
2150 2112 2422 2169 hostiliter
2458 2117 2679 2172 adortus
2714 2117 2924 2184 fuisset,
2974 2137 3078 2176 non
3119 2123 3285 2178 levem
3310 2125 3356 2179 ei
3389 2127 3488 2181 do-

1913 2199 2080 2255 lorem
2109 2204 2309 2267 attulit,
2340 2205 2392 2258 id
2426 2208 2568 2274 quod
2600 2221 2873 2263 evenerat.
2947 2211 3156 2266 Etenim
3188 2217 3326 2282 quod
3351 2231 3487 2284 prm-

1914 2291 2105 2346 dantes
2137 2296 2430 2349 adversarii
2457 2313 2622 2365 pecus
2646 2301 2974 2370 abegissent,
3011 2305 3151 2372 quod
3194 2321 3386 2373 pueros
3413 2309 3488 2361 in-

1915 2384 2272 2449 terfecissent,
2308 2386 2358 2440 id
2395 2404 2500 2441 non
2529 2404 2559 2441 a
2598 2389 2726 2453 Deo,
2768 2393 2859 2444 sed
2890 2393 2956 2447 ab
3004 2393 3247 2449 hostibus
3278 2396 3489 2451 hostili-

1913 2483 1994 2528 ter
2024 2476 2400 2532 invadentibus
2457 2480 2660 2534 factum
2720 2497 2860 2547 esse,
2912 2483 2947 2537 ii
2987 2485 3075 2553 qui
3129 2486 3486 2553 simpliciores

1905 2549 2092 2636 erant,
2118 2572 2341 2626 credere
2371 2580 2614 2640 poterant
2640 2589 2655 2636 ;
2686 2583 2740 2626 at
2773 2575 2859 2629 ubi
2893 2575 3067 2644 ignem
3096 2590 3126 2630 e
3169 2578 3306 2632 coelo
3345 2595 3483 2634 nun-

1913 2662 2102 2715 tiatum
2134 2672 2215 2718 est
2248 2679 2275 2717 a
2310 2663 2420 2718 Deo
2443 2664 2714 2733 delapsum
2742 2680 2879 2731 esse,
2908 2681 3037 2722 sane
3063 2669 3356 2737 periculum
3383 2673 3485 2724 im-

1912 2750 2119 2806 becillis
2149 2751 2419 2807 mentibus
2443 2755 2748 2819 creabatur,
2787 2771 2854 2810 ne
2887 2755 3025 2810 forte
3051 2758 3330 2812 crederent
3352 2759 3485 2813 nihil

1911 2842 2116 2896 essein
2159 2842 2272 2911 ipsa
2323 2844 2523 2897 virtute
2570 2842 2923 2908 admirabile,
2978 2860 3100 2899 cum
3146 2844 3193 2900 is
3245 2847 3336 2914 qui
3361 2861 3483 2901 eam

1912 2934 2211 3004 possideret
2241 2950 2269 2988 a
2299 2935 2408 2990 Deo
2455 2935 2805 2991 nihilominus
2864 2938 3225 2991 cruciaretur.
3249 2936 3356 2992 Sed
3390 2953 3483 2993 ne-

1911 3041 2037 3094 que,
2072 3042 2194 3080 cum
2221 3029 2322 3082 hoc
2356 3030 2663 3093 accidisset,
2696 3039 2914 3083 sanctus
2946 3029 3127 3083 animo
3151 3030 3479 3095 labascebat;

1914 3119 2052 3171 unde
2078 3126 2486 3172 utconstantem
2540 3129 2595 3173 et
2627 3119 2958 3174 irremissum
3016 3120 3189 3174 sancti
3238 3129 3482 3175 tenorem

1908 3208 2186 3263 evidenter
2228 3211 2624 3276 manifestaret,
2649 3211 2850 3267 dictum
2883 3223 2986 3277 est,
3012 3213 3153 3282 quod
3187 3214 3311 3266 dum
3345 3229 3484 3268 unus

1910 3299 2237 3369 loqueretur,
2297 3303 2432 3358 alter
2487 3305 2714 3360 venerit.
2778 3304 2856 3359 Ne
2904 3305 3068 3375 igitur
3126 3305 3484 3360 luctatorire—

1909 3393 2090 3459 quiem
2124 3393 2286 3447 ullam
2332 3404 2385 3449 et
2429 3396 2840 3465 respirationem
2888 3397 3130 3452 laborum
3171 3397 3482 3468 largiretur,

1907 3485 2000 3537 sed
2034 3483 2302 3553 frequenti
2335 3488 2522 3541 nuntio
2546 3489 2752 3554 justum
2809 3487 3073 3553 turbaret,
3123 3498 3176 3542 et
3202 3487 3478 3558 argritudi-

1907 3588 2034 3626 num
2095 3574 2234 3628 mole
2297 3587 2552 3644 tanquam
2603 3593 2793 3632 navem
2845 3577 3100 3632 [luctuum
3143 3578 3483 3633 multitudine

1905 3663 2180 3731 obrutam,
2211 3668 2561 3723 succumbere
2588 3680 2826 3739 cogeret,
2872 3668 3037 3723 multa
3071 3678 3126 3723 et
3159 3668 3354 3724 acerba
3389 3684 3481 3722 ca-

1905 3754 2202 3812 lamitatum
2239 3758 2344 3814 tela
2375 3770 2562 3814 c0ntra
2610 3759 3120 3830 ipsum.jaculatur;
3172 3760 3286 3828 ipse
3313 3758 3483 3812 malo-

1905 3864 2025 3903 rum
2049 3850 2252 3919 opifex,
2290 3853 2402 3922 ipse
2438 3853 2677 3918 nuntius,
2727 3855 2838 3923 ipse
2900 3853 3142 3923 jumenta
3187 3851 3474 3923 percussit,

213 3952 275 3995 et
309 3943 427 4010 ipse
455 3939 661 4010 plagam
689 3942 986 4006 annuntiat,
1017 3949 1070 3994 et
1109 3940 1253 3995 illam
1281 3938 1768 4008 frequentemadeo
1809 3955 1872 3997 ac
1910 3943 2221 3999 continuam
2258 3987 2272 4014 ,
2313 3955 2371 4001 ut
2416 3946 2644 4001 auditori
2687 3947 2972 4015 respiratio
3032 3960 3140 4001 non
3206 3945 3480 4001 conceda-

216 4046 333 4091 tur.

289 4129 388 4180 Στ.
429 4127 513 4190 ιζ’.
541 4127 662 4179 Ἔτι
709 4125 921 4179 τούτου
968 4126 1324 4189 λαλοῦντος,
1374 4120 1562 4193 ἦλθεν
1604 4123 1802 4192 ἕτερος

213 4219 500 4288 ἄγγελος.
533 4217 626 4269 καὶ
655 4213 784 4269 εἷπε
825 4217 975 4282 πρὸς
1012 4215 1150 4279 Ἰὼϐ,
1189 4215 1265 4267 ’οὶ
1286 4213 1484 4278 ἱππεῖς
1507 4214 1803 4280 ἐποίησαν

211 4309 364 4378 ἡμῖν
413 4307 678 4376 κεφαλὰς
721 4305 910 4374 τρεῖς,
950 4305 1046 4359 καὶ
1097 4305 1456 4359 ἐκύκλωσαν
1480 4304 1586 4357 τὰς
1613 4303 1802 4361 καμή-

208 4405 391 4465 λους,
430 4416 486 4452 κ.
518 4417 568 4451 τ.
592 4398 641 4450 λ.

1979 4130 2145 4185 Vens.
2180 4129 2263 4181 17.
2305 4128 2489 4181 Adhuc
2510 4137 2606 4182 isto
2636 4128 2889 4197 loquente,
2914 4134 3047 4180 venit
3081 4124 3217 4178 alius
3242 4125 3477 4189 nuntius,

1908 4235 1954 4278 et
1978 4224 2107 4276 dixit
2138 4223 2206 4275 ad
2233 4221 2422 4275 Jobum
2457 4235 2475 4272 :
2499 4218 2709 4290 Equites
2735 4217 3125 4288 [eceruntnobz'a
3157 4218 3257 4270 tria
3281 4216 3473 4286 capita,

1908 4326 1952 4367 et
1982 4314 2433 4366 circumdederunt
2461 4311 2711 4375 camelos,
2737 4319 2842 4365 etc.

288 4491 566 4559 Διδύμου.
601 4491 674 4542 Τὸ
692 4489 822 4558 γοῦν
853 4490 946 4542 κα)⁵
977 4490 1106 4560 περὶ
1144 4489 1242 4560 τῆς
1275 4488 1490 4558 σφαγῆς
1523 4487 1630 4540 τῶν
1677 4486 1803 4539 παί-

1975 4487 2207 4557 Didymi.
2246 4487 2320 4541 De
2355 4485 2643 4540 liberorum
2706 4499 2839 4540 nece
2895 4485 3102 4549 audire,
3158 4485 3318 4554 idque
3348 4485 3473 4540 forti

207 4585 318 4636 διον
383 4582 636 4640 ἀκοῦσαι.
668 4583 760 4634 καὶ
801 4582 1059 4652 ἀνδρείως
1086 4583 1349 4648 ἐνεγκεῖν,
1381 4579 1538 4632 τοῦτο
1563 4579 1804 4631 δείκνυσι

207 4677 314 4745 τὴν
349 4674 603 4745 ἀνδρείαν
650 4691 709 4726 τε
761 4672 856 4726 τοῦ
895 4673 1101 4726 δικαίου
1141 4674 1234 4724 καὶ
1273 4671 1586 4741 καρτερίαν.
1637 4668 1804 4739 Δῆλον

213 4768 290 4829 δὲ,
315 4767 397 4828 ὡς
429 4765 518 4831 ὑφ’
549 4764 606 4816 ἓν
652 4765 825 4818 πάντα
859 4764 1068 4832 γέγονε,
1114 4763 1247 4834 μηδὲ
1291 4762 1640 4816 ἀκουσάντων
1672 4760 1805 4813 υίών

212 4859 285 4910 τὰ
337 4854 745 4926 συμϐεῦηκὸτα,
799 4856 1027 4926 καὶγὰρ
1089 4852 1464 4924 ἐσημειώσατο
1589 4851 1797 4923 Γραφὴ’

215 4953 299 5003 ὅτι
346 4947 502 5020 παρά
528 4948 606 5018 τῷ
657 4947 1008 5018 πρεσϐυτέρῳ
1061 4947 1237 5000 αὐτῶν
1283 4943 1494 5014 ἀδελσῷ
1541 4943 1798 5014 ἠρίστων.

213 5042 405 5095 Ταῦτα
436 5041 598 5093 ἱκανά
625 5036 692 5112 ἦν
727 5042 806 5103 εἰς
837 5039 1091 5093 ἔκστασιν
1119 5040 1345 5107 ἀγαγεῖν
1375 5039 1466 5091 καὶ
1501 5035 1800 5106 θορυϐῆσαι

213 5138 339 5196 τοὺς
369 5134 445 5204 μὴ
477 5132 856 5201 λογιζομένους
899 5130 995 5193 τάς
1034 5133 1272 5200 συνεχεῖς
1299 5128 1504 5200 τροπὰς
1533 5127 1639 5179 τῶν
1662 5143 1801 5197 πρα-

212 5229 444 5296 γμάτων
483 5225 578 5278 καὶ
616 5225 946 5286 ἀλλοιώσεις,
986 5225 1109 5286 τοὺς
1143 5222 1382 5292 συνέχειν
1430 5217 1800 5290 πειρωμένους

210 5320 282 5371 τα
315 5319 393 5388 μὴ
417 5319 543 5379 ἴδια,
571 5311 645 5370 ὧν
671 5319 702 5387 ἡ
735 5317 924 5386 κτῆσις
951 5315 1294 5386 λυπηροτέρα
1322 5313 1413 5366 καὶ
1442 5313 1542 5382 τῆς
1579 5312 1802 5384 πρώτης

214 5411 550 5481 στερήσεως.
588 5409 726 5478 Ἤδη
765 5408 874 5478 γάρ
904 5424 1048 5469 τινες
1072 5407 1148 5476 τῷ
1186 5405 1368 5476 ἀθρόῳ
1392 5406 1489 5474 τῆς
1518 5403 1796 5473 μεταπτὼ-

216 5519 352 5564 σεως
382 5499 904 5571 προσομιλήσαντες,
948 5500 1043 5551 καὶ
1072 5498 1200 5568 περὶ
1235 5496 1395 5550 αὑτὸν
1429 5496 1518 5548 τὸν
1549 5494 1800 5564 σώφρονα

211 5595 336 5646 νοῦν
369 5592 765 5654 ἐκινδύνευσαν,
791 5591 1041 5644 τοσοῦτον
1069 5590 1283 5651 ἁλόντες
1310 5588 1416 5640 ὑπὸ
1445 5587 1537 5641 τοῦ
1575 5588 1798 5649 πάθους,

215 5686 337 5738 ὅσον
360 5685 455 5737 καὶ
480 5684 773 5754 ἠγάπησαν
796 5684 860 5737 τὰ
889 5684 1078 5753 μίσους
1100 5681 1226 5748 ἀξια
1251 5680 1344 5734 καὶ
1365 5680 1563 5749 φυγῆς.
1598 5680 1802 5748 Μετρεῖ

217 5779 324 5846 γὰρ
365 5778 547 5836 aurei:
581 5778 680 5830 ττν
734 5776 992 5848 ἀθυμίαν,
1046 5777 1140 5845 τῆς
1206 5773 1402 5843 πολλῆς
1435 5771 1695 5840 εὐθυμίας
1739 5769 1801 5821 τὸ

1905 4581 2086 4633 animo
2116 4578 2260 4632 ferre
2287 4618 2302 4641 ,
2333 4577 2466 4648 justi
2497 4575 2863 4630 fortitudinem
2908 4577 3274 4645 invictumque
3315 4578 3476 4630 robur

1909 4674 2154 4720 testatur.
2181 4665 2354 4733 Atque
2407 4665 2593 4718 istluec
2620 4665 2800 4718 omnia
2851 4663 2968 4719 Jobi
3003 4665 3127 4718 filiis
3162 4665 3473 4730 impruden-

1907 4757 2072 4820 tibus,
2114 4756 2354 4825 nihilque
2407 4755 2721 4818 scientibus,
2772 4755 2936 4808 simul
2985 4755 3228 4810 evenisse
3272 4756 3476 4810 indicat

1907 4857 2090 4915 aperte
2117 4847 2415 4916 Scriptura,
2444 4861 2565 4899 cum
2597 4846 2735 4914 apud
2793 4845 3014 4900 fratrem
3054 4855 3182 4899 natu
3211 4845 3471 4914 majorem

1903 4941 2027 4996 illos
2061 4940 2341 5008 prandisse
2361 4938 2617 4992 ostendit.
2673 4935 2916 5006 Magnam
2944 4935 3051 4990 vim
3090 4937 3202 4990 haec
3247 4937 3472 5000 habent.

1902 5035 1968 5088 ad
1994 5033 2210 5088 illorum
2237 5040 2443 5085 mentes
2468 5030 2864 5085 conturbaudas
2907 5038 2962 5083 et
2995 5042 3211 5099 Stupore
3237 5041 3474 5087 conster-

1903 5125 2136 5188 nandas,
2171 5123 2262 5192 qui
2289 5121 2596 5189 frequentes
2629 5135 2810 5174 rerum
2857 5121 3214 5174 humanarum
3242 5135 3476 5176 conver—

1903 5218 2084 5272 siones
2107 5225 2164 5272 et
2191 5214 2517 5267 mutationes
2552 5212 2773 5265 minime
2802 5212 3276 5281 meditantur;qu
3309 5214 3471 5267 bona.

1900 5326 2019 5380 quae
2051 5325 2145 5364 SUB
2183 5322 2285 5360 non
2313 5302 2754 5366 suut,corradere
2785 5313 3070 5367 conantur,
3102 5319 3330 5372 quorum
3362 5319 3478 5356 mo-

1903 5397 2085 5450 lestior
2108 5395 2248 5450 solet
2282 5407 2400 5447 esse
2428 5391 2718 5460 possessio,
2766 5406 2925 5458 quam
2977 5391 3206 5458 privatio
3232 5392 3298 5445 ab
3322 5391 3473 5445 initio

1902 5486 2025 5543 fuit.
2061 5487 2335 5541 llactev'tus
2357 5484 2500 5538 enim
2549 5481 2791 5535 nonnulli
2831 5480 2885 5534 in
2937 5481 3114 5535 subita
3144 5496 3323 5534 rerum
3350 5496 3470 5534 mu-

1905 5580 2105 5633 tatione
2133 5583 2435 5636 versantes.
2458 5587 2604 5628 sane
2630 5572 2826 5626 mentis
2871 5571 3166 5641 periculum
3201 5569 3468 5634 adierunt,

1903 5685 1955 5726 et
1991 5666 2384 5740 perturbatiOni
2420 5665 2582 5719 animi
2639 5675 2848 5718 tantum
2902 5672 3203 5728 cesserunt,
3239 5670 3297 5714 ut
3349 5676 3470 5731 qure

1905 5765 2027 5821 odio
2054 5780 2114 5819 ac
2143 5763 2264 5833 fuga
2296 5761 2458 5829 digna
2523 5769 2698 5822 erant,
2737 5757 3074 5822 adamarint;
3109 5753 3471 5823 lranquillitas
