3894 6404
476 343 614 399 “27

1702 345 1934 404 DlDYMI
1972 348 2439 407 ΔιΕΧΑΝυιιιΝι

3552 359 3670 414 1128

471 463 618 518 enim
647 460 808 517 nullis
835 461 1088 516 aerumnis
1130 462 1388 528 exercita,
1451 461 1660 517 illorum
1705 465 2028 520 anxietatem

2136 468 2509 524 ἀϐασάνιστον.
2542 470 2612 522 Τὸ
2636 469 2742 541 γὰρ
2779 467 2853 540 μὴ
2873 468 3006 539 πρὸς
3038 467 3230 538 κτῆσιν
3265 468 3432 532 ἐλθὸν,
3478 473 3566 526 καὶ
3594 474 3676 528 λύ-

472 553 713 608 metitur.
739 550 1005 606 Bonorum
1027 552 1171 606 enim
1198 552 1588 622 possessionem
1641 568 1746 608 non
1787 556 2029 624 adipisci,

473 643 749 698 tristitiam
773 643 1023 696 comitem
1058 658 1163 696 non
1201 647 1484 714 agnoscit;
1521 647 1908 714 experientiam
1941 663 2036 700 au-

478 746 584 790 tem
620 751 803 790 eorum
840 734 1004 789 semel
1064 734 1336 802 habuisse,
1392 745 1680 804 antequam
1708 737 2029 806 eripiantur,

469 836 676 881 metum
707 841 828 880 cum
894 827 1305 895 perturbatione
1361 828 1708 897 coniunctum
1770 830 1952 897 habet,
1982 841 2036 886 et

473 928 754 988 postquam
811 927 994 986 erepta
1060 915 1280 980 fuerint,
1339 920 1551 974 dolores
1605 920 1827 975 acerbos
1852 937 2031 976 secum

473 1007 629 1062 affert
653 1049 667 1075 ,
698 1009 960 1078 siquidem
1003 1009 1367 1078 tranquillitas
1401 1009 1636 1074 eiirenis,
1662 1023 1715 1066 et
1745 1028 1895 1068 mens
1917 1027 2036 1082 qua!

473 1099 750 1168 disciplina
777 1099 939 1157 imbui
974 1100 1176 1169 nequit,
1212 1101 1530 1156 miserrimis
1564 1101 2035 1160 lamentationibus

473 1191 782 1260 corripitur.
818 1189 964 1244 Talis
1027 1205 1362 1260 nequaquam
1406 1191 1505 1246 fuit
1577 1194 1798 1263 insignis
1847 1193 2032 1260 Johns,

473 1279 629 1343 illud,
662 1281 899 1348 inquam,
939 1279 1192 1334 eximium
1252 1280 1550 1336 tolerantia:
1610 1283 2036 1352 constantiaque

472 1371 764 1438 peculium,
797 1385 1004 1424 summa
1042 1370 1128 1423 illa
1184 1370 1516 1426 fortitudinis
1571 1373 1857 1439 absolutio,
1900 1373 2031 1428 illud

474 1463 686 1532 pietatis
745 1471 925 1530 caput,
970 1469 1024 1513 et
1065 1460 1419 1530 philosophiae
1485 1477 1666 1516 rarum
1719 1464 2034 1532 exemplar:

477 1552 922 1622 tranquillitatem
948 1553 1091 1606 enim
1135 1554 1446 1620 prudenter,
1472 1561 1526 1606 et
1542 1553 2037 1609 calamitatemfor-

477 1645 605 1698 liter
672 1644 814 1698 ferre
871 1651 1122 1707 noverat;
1193 1645 1581 1712 phi|050pltiam
1611 1644 1753 1698 enim
1779 1654 2039 1714 etazqtta-

477 1734 793 1797 nitnitatem,
817 1748 922 1802 qua
983 1733 1132 1800 prius
1176 1733 1410 1786 imbutus
1459 1742 1598 1798 erat,
1661 1747 1780 1801 qua:
1844 1733 2039 1788 deinde

2137 576 2246 629 πης
2274 561 2418 614 ἐστὶν
2451 559 2772 630 ἀπείρατον·
2821 559 2880 613 τὸ
2901 560 2956 612 δέ
2979 561 3036 612 ἐν
3063 559 3228 631 πείρᾳ
3264 561 3563 630 γενόμενον,
3593 567 3678 620 καὶ

2137 647 2244 717 πρὸ
2263 648 2360 717 τῆς
2387 649 2690 718 στερήσεως
2732 646 2973 700 σύνοικον
3029 644 3140 715 ἔχει
3170 645 3260 699 τὸν
3288 646 3444 715 φόϐον
3479 648 3565 700 τοῦ
3589 649 3680 704 πά-

2137 736 2281 801 θους,
2308 738 2400 789 καὶ
2425 737 2561 808 μετά
2591 736 2688 808 τὴν
2725 737 2978 808 στέρησιν
3004 736 3251 808 δριμείας
3287 737 3438 806 φέρει
3461 736 3553 800 τὰς
3576 737 3684 791 ὀδύ-

2135 845 2252 892 νας.
2290 827 2534 897 Εὐθυμία
2570 828 2679 899 γάρ
2719 826 3064 898 ἀχαλίνωτος,
3108 828 3203 881 καὶ
3239 826 3360 889 νοῦς
3389 826 3682 896 ἀπαιδαγώο

2135 935 2319 990 γητος,
2371 920 2697 982 τελευταίοις
2727 919 3002 972 ἁλίσκεται
3062 918 3300 991 θρήνοις.
3344 917 3477 969 Ἀλλ’
3513 917 3571 969 οὐ
3594 934 3685 969 τοι·

2134 1009 2288 1075 οῦτος
2311 1006 2377 1080 ἦν
2424 1009 2542 1063 Ἰὼϐ
2585 1011 2615 1062 6
2655 1009 2913 1080 ἀοίδιμος,
2961 1009 3058 1080 τῆς
3087 1007 3379 1081 καρτερίας
3413 1007 3473 1060 τὸ
3503 1007 3685 1078 θαυμα·

2138 1102 2261 1155 στὸν
2291 1101 2496 1176 χρῆμα,
2534 1101 2630 1170 τῆς
2663 1100 2911 1172 ἀνδρείας
2939 1101 2968 1153 6
2996 1099 3289 1170 ἀκρότατος
3339 1098 3485 1168 ὄρος,
3515 1097 3573 1148 τὸ
3599 1098 3684 1167 τῆς

2136 1192 2412 1256 εὐσεϐείας
2443 1191 2748 1261 κεφάλαιον,
2791 1191 2888 1261 τῆς
2917 1189 3228 1259 φιλοσοφίας
3261 1187 3322 1242 τὸ
3357 1188 3495 1259 μέγα
3526 1189 3684 1258 παρά·

2133 1280 2556 1351 δειγμα.Φέρειν
2580 1278 2688 1350 γὰρ
2713 1275 2842 1338 οἶδε.
2870 1278 2963 1331 καὶ
2989 1277 3252 1348 εὐθυμίαν
3277 1276 3580 1346 σωφρόνως,
3603 1276 3684 1328 καὶ

2139 1373 2420 1442 συμφοράν
2459 1373 2738 1440 γενναίως.
2789 1371 2855 1424 Ἦ
2907 1370 3016 1442 τάρ
3049 1368 3392 1441 προλαϐοῦσα
3421 1366 3682 1436 φιλοσοφία

2135 1465 2254 1525 ταῖς
2279 1462 2414 1532 μετὰ
2436 1461 2606 1514 ταῦτα
2642 1461 2876 1532 πληγαῖς
2903 1459 3154 1530 οὐδαμῶς
3175 1459 3549 1528 ἀπελέγχεται.
3574 1457 3683 1519 Πῶς

2136 1553 2180 1606 δ’
2212 1553 2277 1607 ἂν
2310 1554 2404 1606 καὶ
2425 1553 2638 1620 ἐγένετο
2658 1552 2718 1605 τὸ
2749 1539 2916 1614 πάθος
2949 1549 3218 1621 ἀφδρητον
3238 1549 3316 1620 τῷ
3356 1547 3424 1601 τὰ
3457 1547 3571 1602 θεῖα
3596 1564 3684 1600 πε·

2139 1645 2498 1714 παιδευμένῳ,
2522 1646 2615 1698 καὶ
2644 1643 3041 1716 προασκηθέντι
3061 1632 3240 1706 καλῶς
3267 1640 3364 1711 τὴν
3394 1639 3684 1703 εὐσέϐειανς

2149 1737 2209 1790 '0
2237 1735 2344 1807 γὰρ
2371 1735 2460 1788 τὸν
2491 1734 2716 1788 πλοῦτον
2747 1733 2922 1788 κοινὸν
2955 1734 3096 1804 ἔχειν
3113 1731 3554 1802 πεπαιδευμένος,
3581 1731 3686 1791 ταῖς

478 1834 768 1880 consecuta
803 1833 927 1878 sunt
975 1824 1220 1888 vulnera,
1276 1823 1494 1877 minime
1559 1822 1877 1876 refutarunt.
1923 1824 2034 1890 Qua

2139 1828 2404 1891 δαπάναις
2435 1826 2542 1879 τῶν
2569 1826 2837 1898 δεομένων
2861 1825 3098 1892 πλουτεῖ,
3151 1825 3246 1878 καὶ
3273 1824 3374 1878 οὐκ
3403 1823 3687 1876 εὐλαϐεῖται

476 1917 619 1968 enim
670 1915 898 1978 ratione,
957 1912 1159 1967 homini
1208 1913 1510 1965 divinarum
1545 1925 1720 1964 rerum
1754 1911 2038 1979 disciplina

475 2003 709 2069 exculto,
740 2014 898 2070 atque
922 2003 986 2056 ad
1011 2004 1262 2071 pietatem
1298 2013 1452 2056 antea
1479 2001 1747 2067 instituto,
1782 2003 2038 2058 intolera-

473 2094 598 2149 bilis
623 2110 861 2147 aerumua
897 2094 983 2147 illa
1018 2094 1184 2147 videri
1223 2093 1475 2162 poterat?
1525 2093 1618 2162 qui
1659 2093 1800 2147 enim
1830 2094 2036 2163 didicit,

474 2185 691 2241 divitias
719 2200 1032 2240 communes
1053 2185 1268 2248 habere,
1301 2193 1548 2254 sumptus
1571 2184 1813 2239 faciendo
1840 2185 1890 2238 in
1915 2201 2039 2254 ege-

474 2289 576 2329 nos
599 2274 840 2340 ditescit,
872 2288 968 2328 nec
1007 2274 1314 2328 divitiarum
1372 2273 1642 2342 jacturam
1688 2275 2034 2330 reformidat:

473 2377 642 2432 quare
686 2377 783 2416 uec
811 2365 877 2415 ab
916 2360 1022 2416 illis
1053 2361 1290 2416 divulsus
1317 2377 1460 2431 aegre
1494 2362 1616 2427 fert,
1644 2364 1736 2417 sed
1764 2363 2040 2417 calamita-

477 2465 581 2506 tem
610 2452 958 2522 philosopltiae
1009 2459 1065 2505 et
1130 2452 1546 2520 arquauimitatis
1593 2465 1814 2504 causam
1863 2452 2040 2520 potius

473 2541 641 2609 facit;
681 2546 840 2596 rebus
875 2541 1144 2611 prosperis
1169 2581 1183 2605 ,
1217 2556 1426 2594 morum
1471 2541 1732 2595 modestia
1761 2557 1857 2610 pro
1888 2541 2040 2598 freno

472 2643 575 2697 est,
599 2643 653 2686 et
686 2633 930 2686 adversis
963 2647 1021 2686 se
1055 2631 1227 2701 frangi
1259 2641 1313 2686 et
1334 2634 1525 2685 cedere
1553 2646 1660 2686 non
1689 2633 1839 2697 sinit,
1857 2643 2041 2700 utpote

472 2725 564 2795 qui
603 2725 782 2778 divino
813 2723 1060 2791 prazsidio
1090 2733 1272 2792 septus
1321 2721 1412 2776 sit.
1447 2721 1605 2776 Novit
1646 2723 1789 2777 enim
1831 2735 2040 2780 utrum-

471 2831 574 2884 que
597 2825 792 2871 statum
821 2815 1154 2884 philosophia
1183 2813 1474 2876 moderari,
1508 2815 1648 2870 unde
1691 2831 1790 2870 nec
1827 2819 2038 2888 magni-

474 2909 686 2962 ficentia
722 2907 786 2960 ad
824 2907 1073 2976 injuriam
1127 2907 1387 2971 abutitur,
1453 2906 1845 2976 philosophiam
1895 2910 2042 2964 enim

472 2998 731 3068 possidet,
751 3012 923 3065 neque
940 3011 1300 3050 azrumnarum
1330 2999 1561 3066 procella
1581 2999 1848 3063 obruitur,
1873 3001 2038 3054 animi

469 3088 613 3144 enim
647 3089 987 3143 tolerantiam
1014 3097 1256 3154 exercet,
1309 3101 1362 3143 et
1418 3090 1636 3158 maligni
1683 3092 1908 3146 tentatio
1955 3093 2038 3145 via

473 3181 545 3235 illi
577 3183 644 3235 ad
684 3182 909 3235 salutem
944 3181 1020 3233 fit.
1066 3180 1333 3248 Deceptus
1369 3180 1532 3250 igitur
1561 3192 1644 3236 est
1674 3182 2036 3250 adversarius,
2068 3180 2107 3207 “

475 3273 564 3340 qui
592 3270 727 3328 Jobo
749 3273 814 3326 ad
838 3273 1099 3326 bonorum
1161 3273 1554 3341 possessionem
1586 3275 1727 3328 viam
1761 3274 2036 3344 patefecit,

469 3365 598 3434 quia
629 3367 838 3434 eripere
867 3365 913 3418 ei
951 3369 1002 3417 in
1030 3365 1212 3418 animo
1253 3364 1480 3420 habuit:
1539 3381 1706 3436 quare
1765 3375 1817 3420 et
1841 3366 2036 3435 coujux

472 3456 726 3512 insidiosa
762 3455 1101 3526 objurgatur,
1128 3465 1181 3510 et
1206 3455 1497 3511 liberorum
1517 3458 1756 3511 omnium
1788 3457 2038 3512 interitus

470 3549 726 3618 pietatem
763 3549 983 3604 minime
1015 3547 1186 3614 laedit,
1215 3563 1312 3602 nec
1345 3549 1482 3618 ignis
1535 3563 1698 3604 ruens
1723 3563 1754 3604 e
1791 3549 1929 3604 caelo
1971 3547 2040 3602 de

470 3656 568 3695 suo
597 3651 735 3696 statu
759 3650 1014 3703 mentem,
1040 3638 1133 3694 Dei
1164 3640 1424 3695 beneﬁcio
1451 3651 1740 3706 servatam,
1761 3641 2032 3696 deturbat:

2139 1920 2238 1992 τὴν
2280 1920 2566 1990 στέρησιν·
2607 1918 2687 1971 διὸ
2730 1918 2826 1972 καὶ
2856 1916 3222 1987 ἀφιστάμενος
3250 1916 3308 1968 οὐ
3345 1913 3686 1984 δυσχεραίνει,

2141 2009 2456 2078 φιλοσοφίας
2505 2009 2560 2062 δὲ
2590 2009 2788 2080 μᾶλλον
2820 2008 3072 2079 ἀφορμὴν
3103 2006 3164 2060 τδ
3193 2006 3362 2070 πάθος
3395 2004 3685 2071 πεποίηται,

2141 2103 2233 2154 καὶ
2267 2102 2377 2164 τοῖς
2403 2101 2646 2172 φαιδροῖς
2672 2100 2888 2171 χαλινὸν
2922 2099 3182 2162 ἐπιτιθεῖς
3208 2098 3300 2152 τοῦ
3331 2097 3493 2169 ἧθους
3516 2096 3572 2148 τὸ
3605 2095 3690 2165 μέ-

2140 2201 2307 2262 τριον,
2341 2190 2433 2243 καὶ
2477 2191 2588 2252 τοῖς
2611 2189 2873 2262 λυπηροῖς
2913 2189 3080 2242 είκειν
3117 2186 3217 2241 οὐκ
3247 2186 3586 2257 ἀνεχόμενος,
3611 2177 3690 2235 οἷα

2140 2285 2233 2337 καὶ
2272 2283 2670 2356 φρουρούμενος
2703 2283 2927 2338 ἀνωθεν.
2955 2279 3075 2336 Οἵδε
3110 2279 3219 2352 γάρ
3260 2278 3544 2350 φιλοσοφία
3568 2274 3689 2345 πρὸς

2140 2376 2407 2447 ἑκατέραν
2441 2375 2737 2446 μεταϐολὴν
2777 2376 3099 2446 σωφρονεῖν·
3161 2372 3281 2426 ὅθεν
3308 2370 3431 2424 οὐτε
3459 2372 3572 2432 ταῖς
3601 2383 3689 2418 που

2140 2469 2432 2532 λυτέλείαις
2465 2468 2713 2539 ἐξύϐρισε
2749 2466 2848 2539 [ίσ.
2882 2464 3174 2538 ἐξυϐρίζει]
3204 2465 3449 2536 (πλουτεῖ
3489 2460 3592 2532 γάρ
3616 2477 3690 2528 φι-

2139 2559 2413 2629 λοσοφίαν)
2441 2597 2456 2622 ,
2512 2556 2634 2611 οὐτε
2709 2555 3170 2619 καταϐαπτίζεται
3220 2555 3340 2616 ταῖς
3407 2549 3690 2622 συμφοραῖς

2142 2651 2324 2721 (ἀσκεῖ
2353 2649 2462 2720 γὰρ
2492 2648 2589 2719 τὴν
2619 2647 2957 2720 καρτερίαν),
3001 2647 3094 2700 καὶ
3124 2645 3328 2715 γίνεται
3362 2643 3508 2714 αὐτῷ
3537 2656 3690 2707 σωτη-

2143 2741 2264 2812 ρίας
2291 2740 2406 2803 ὁδὸς
2433 2742 2464 2810 ἡ
2490 2739 2582 2792 τοῦ
2617 2738 2887 2809 βασκάνου
2929 2740 3113 2808 πεῖρα.
3147 2735 3344 2789 Ἔλαθε
3392 2735 3498 2806 γὰρ
3522 2729 3690 2785 ἐαυτὸν

2139 2835 2168 2886 6
2199 2832 2476 2902 πολέμιος,
2523 2831 2735 2884 ἐκεῖθεν
2786 2830 3044 2884 ὁδοποιῶν
3071 2829 3216 2900 αὐτῷ
3243 2829 3383 2900 πρὸς
3401 2828 3499 2898 τὴν
3520 2822 3691 2893 κτῆσιν

2141 2923 2247 2977 τῶν
2269 2923 2508 2992 ἀγαθῶν,
2539 2921 2661 2976 ὃθεν
2687 2922 2825 2974 ὲλεῖν
2846 2921 3006 2974 αὐτὸν
3034 2919 3428 2991 προσεδόκησε·
3481 2915 3564 2969 διά
3586 2911 3680 2966 τοῦ

2140 3032 2203 3068 το
2245 3016 2339 3068 καὶ
2373 3014 2614 3076 σύνοικος
2635 3010 3055 3065 ἐπιϐουλεύουσα
3081 3009 3438 3079 διελέγχεται,
3464 3007 3556 3060 καὶ
3585 3003 3671 3056 παί

2141 3103 2244 3156 δων
2288 3101 2608 3172 πανολεθρία
2653 3101 2753 3172 τὴν
2805 3099 3082 3154 εὐσέϐειαν
3117 3099 3176 3152 οὐ
3215 3099 3557 3168 λυμαίνεται,
3613 3091 3692 3147 καὶ

2142 3193 2253 3267 πῦρ
2278 3195 2396 3266 ῥέον
2435 3194 2528 3246 ἀπ’
2551 3190 2776 3264 οὐρανοῦ
2805 3191 2903 3262 τὴν
2934 3191 3164 3245 διάνοιαν
3187 3191 3244 3243 οὐ
3279 3186 3692 3261 παρακρούεται,

2143 3286 2452 3356 σωζομένην
2481 3285 2585 3337 ὑπὸ
2638 3283 2808 3337 Θεοῦ·
2839 3284 2932 3336 καὶ
2973 3284 3029 3335 αἱ
3075 3285 3315 3352 συνεχεῖς
3372 3282 3480 3335 τῶν
3525 3274 3692 3332 κακῶν

2143 3376 2413 3446 ἀγγελίαι,
2438 3376 2530 3429 καὶ
2563 3377 2618 3430 αί
2647 3375 2980 3445 πανταχόθεν
3000 3374 3236 3446 οἰμωγαὶ
3268 3373 3370 3445 τὴν
3415 3368 3691 3448 καρτερίαν

2141 3468 2202 3520 οὐ
2257 3466 2558 3521 σαλεύουσι.
2617 3468 2732 3530 Πᾶς
2778 3465 2886 3538 γάρ
2928 3465 3046 3536 Θεῷ
3097 3463 3483 3537 προσομιλῶν,
3540 3456 3691 3532 μικρᾶ

2137 3557 2407 3629 φροντίζει
2457 3558 2564 3611 τῶν
2618 3558 2768 3612 κάτω
2825 3557 2918 3610 καὶ
2945 3556 3333 3630 φθειρομένων.
3380 3547 3691 3622 Τοσούτῳδέ

2138 3649 2335 3719 μᾶλλον
2360 3649 2650 3702 οίκειοῦται
2670 3652 2785 3712 τοῖς
2831 3650 2942 3703 ἀνω
2979 3649 3074 3702 καὶ
3122 3647 3398 3718 μένουσιν,
3457 3647 3562 3714 ὅσῳ
3611 3640 3690 3694 κα¹ί

471 3749 572 3788 nec
608 3735 915 3801 frequentes
970 3731 1236 3794 malorum
1288 3732 1485 3798 nuntii,
1543 3741 1596 3787 et
1651 3734 1742 3804 qui
1806 3733 2034 3801 undique

2136 3738 2238 3792 τῶν
2269 3738 2550 3809 παρόντων
2571 3739 2875 3792 ἐλαύνεται.
2899 3731 2972 3791 Τδ
2999 3738 3107 3810 γὰρ
3135 3738 3231 3808 τῆς
3263 3737 3527 3810 πονηρίας
3556 3729 3691 3786 πνεῦ·

470 3827 900 3882 exaudiebantur
959 3825 1210 3894 eiulatus,
1269 3825 1632 3881 constantiam
1690 3825 2036 3880 labefactant.

469 3917 602 3972 Nam
638 3917 725 3986 qui
758 3917 867 3971 Deo
906 3917 1072 3970 utitur
1105 3915 1470 3982 familiariter,
1533 3931 1617 3971 res
1672 3924 1958 3972 terrestres
1981 3925 2038 3972 et

469 4008 846 4078 corruptibiles
870 4009 1017 4076 parvi
1048 4008 1255 4077 pendit,
1289 4018 1544 4077 tantoque
1570 4008 1788 4077 propius
1826 4008 1893 4063 ad
1946 4023 2037 4062 su-

467 4117 632 4171 perna
663 4110 716 4154 et
746 4101 850 4156 ftxa
879 4103 1015 4155 bona
1051 4101 1299 4165 accedit,
1331 4111 1533 4169 quanto
1582 4100 1650 4154 ab
1697 4101 1782 4154 his
1818 4099 2038 4156 caducis

468 4194 682 4264 longius
703 4193 874 4246 abest.
916 4191 1182 4259 Nequitia:
1211 4191 1354 4246 enim
1410 4192 1656 4260 spiritus,
1697 4200 1752 4245 et
1781 4190 2036 4246 concitati

469 4286 681 4352 ﬂuctus,
705 4285 907 4353 justam
942 4293 1172 4338 mentem
1203 4285 1555 4354 submergere
1606 4299 1710 4339 non
1759 4292 2034 4352 poterant;

472 4378 613 4433 Deus
662 4377 804 4431 enim
858 4374 1149 4431 calamitati
1205 4376 1419 4430 modum
1485 4384 1752 4441 statuens,
1786 4374 2034 4442 prtesidio

2136 3847 2232 3900 μα,
2259 3831 2352 3883 καὶ
2396 3830 2428 3899 ή
2464 3829 2557 3882 τοῦ
2583 3829 2848 3893 κλύδωνος
2896 3830 3282 3894 ἐπανάστασις,
3340 3829 3554 3882 δικαίαν
3605 3823 3693 3876 οὐκ

2132 3918 2240 3974 οἶδε
2273 3920 2675 3975 καταϐλάπτειν
2709 3920 2806 3993 [ῖσ.
2841 3919 3231 3991 καταϐάπτειν]
3252 3919 3468 3991 ψυχήν·
3502 3912 3692 3986 ἐφρού-

2139 4025 2222 4080 ρει
2244 4010 2352 4080 γάρ
2375 4009 2542 4080 αὐτὴν
2589 4012 2617 4063 6
2646 4010 2798 4074 Θεὸς,
2856 4011 3127 4082 μετρήσας
3151 4009 3249 4079 τὴν
3295 4027 3356 4061 συ
3365 4007 3577 4079 μφοράν
3599 4020 3612 4033 ·
3634 4000 3694 4052 τά

2141 4097 2238 4167 μὲν
2269 4099 2368 4152 ὅσα
2402 4099 2529 4170 περὶ
2556 4099 2745 4170 αὐτὴν,
2769 4098 2848 4170 τῷ
2875 4099 3185 4170 πειράζοντι
3223 4099 3598 4169 συγχωρήσας.
3624 4093 3692 4152 εις

2137 4190 2354 4260 ἔλεγχον
2377 4189 2650 4261 σώφρονος
2670 4190 2950 4261 λογισμοῦ,
2978 4191 3066 4243 τὸν
3087 4189 3143 4243 δέ
3167 4188 3291 4244 νοῦν
3321 4188 3510 4257 ἀπαθῆ
3541 4182 3693 4255 φυλά-

2138 4279 2252 4346 ξας,
2283 4275 2328 4348 ᾧ
2384 4281 2478 4334 καὶ
2513 4281 2768 4352 πολεμεῖν
2823 4282 3064 4353 ἔμελλεν.
3097 4274 3142 4350 ᾧ
3173 4281 3267 4336 καὶ¹
3315 4277 3692 4353 παραταξάμε-

2137 4389 2244 4436 νος,
2277 4372 2385 4426 τῶν
2411 4374 2678 4427 τοσούτων
2707 4376 2980 4446 τροπαίων
3009 4376 3329 4446 ἐκράτησεν.

467 4471 516 4526 ei
549 4471 686 4525 fuit:
721 4471 834 4538 qui,
863 4468 987 4523 licet
1056 4477 1276 4524 externa
1344 4467 1523 4522 omnia
1600 4469 1851 4522 tentatori
1917 4467 2241 4538 permiserit,
2291 4477 2348 4522 ut
2393 4467 2510 4524 Jobi
2562 4467 2895 4538 prudentiam
2945 4478 2999 4522 et
3061 4467 3221 4520 animi
3284 4464 3692 4520 moderatiOnem

466 4559 792 4621 ostenderet,
818 4567 1051 4611 mentem
1090 4567 1288 4622 tamen,
1337 4571 1498 4624 quam
1567 4556 1620 4610 in
1657 4556 1826 4610 aciem
1856 4560 1923 4610 ad
1954 4554 2254 4608 bellandum
2290 4556 2558 4622 produxit,
2613 4564 2670 4610 et
2730 4571 2825 4626 per
2886 4571 3044 4626 quam
3089 4563 3168 4609 tot
3212 4563 3470 4624 tantaque
3509 4563 3694 4621 tropa-a

467 4650 781 4720 reportavit,
815 4648 1077 4702 illibatam
1109 4658 1161 4702 et
1193 4648 1450 4702 intactam
1490 4649 1746 4704 servavit.

535 4739 814 4802 “139.18,
850 4740 936 4794 19.
979 4739 1160 4792 Adhuc
1184 4740 1281 4792 ista
1323 4739 1580 4810 loquente,
1628 4740 1765 4793 alius
1819 4739 2028 4792 nuntius

2205 4733 2294 4810 ξτ.
2331 4749 2386 4810 ιη
2407 4773 2421 4795 ,
2452 4731 2534 4786 ιθ’.
2588 4733 2726 4810 Ἕζι.
2765 4733 2979 4810 τούτῳ
3003 4733 3365 4810 {relying-oc,
3395 4732 3585 4810 d.1_.10c
3602 4729 3693 4794 dr-

464 4835 622 4898 rem't,
651 4833 825 4886 dicens
843 4830 1013 4885 laba:
1051 4828 1206 4884 Filii;
1233 4833 1360 4896 tuis,
1396 4841 1500 4884 etc.

537 5021 769 5090 Didymi.
808 5019 921 5074 Non
955 5019 1151 5074 frustra
1200 5019 1327 5074 illud
1371 5020 1608 5087 additur,
1640 5021 1767 5089 ﬁliis
1800 5031 1850 5076 et
1882 5023 2024 5092 ﬁlia-

468 5115 562 5168 bus
587 5114 690 5166 tuis
717 5114 984 5166 edentibus
1031 5130 1094 5166 ac
1149 5114 1456 5178 bibentibus,
1494 5129 1678 5169 verum
1732 5117 1798 5169 ad
1830 5132 2029 5186 augen-

466 5208 589 5259 dam
627 5205 924 5258 molestiam
954 5205 1196 5260 diabolus
1225 5205 1277 5258 id
1311 5207 1551 5269 molitnr,
1582 5217 1641 5259 ut
1679 5222 1884 5273 rerum,
1908 5224 2027 5278 qua:

466 5304 764 5348 consecuta:
801 5305 945 5358 sunt,
977 5304 1131 5351 atrox
1166 5297 1402 5351 narratio
1439 5298 1676 5353 dolorem
1703 5299 1850 5369 justo
1873 5298 2033 5354 affer-

467 5392 551 5437 ret
608 5383 993 5437 incredibilem.
1057 5384 1112 5438 Si
1169 5385 1336 5450 enim,
1378 5385 1772 5442 dormientibus
1823 5389 2026 5456 liberis,

469 5474 571 5527 hoc
605 5473 895 5538 evenisset,
947 5475 1123 5540 ruina,
1157 5489 1278 5544 qua:
1315 5477 1431 5532 sine
1483 5492 1642 5532 sensu
1697 5479 1814 5543 fuit,
1849 5480 2028 5535 minus

466 5563 584 5618 Jobi
615 5565 850 5618 animum
881 5567 1207 5622 cruciasset:
1240 5568 1456 5623 additur
1502 5584 1629 5624 vero
1655 5570 1806 5636 illud,
1828 5571 2022 5635 subito,

467 5665 520 5708 et
548 5655 822 5724 emphasin
849 5655 1023 5720 habet,
1049 5667 1104 5710 ut
1131 5658 1414 5728 signiﬁcet,
1447 5676 1558 5715 rem
1604 5663 1674 5716 ita
1710 5665 2019 5734 contigisse,

471 5756 528 5801 ut
549 5745 745 5802 nemini
768 5747 1022 5803 evadendi
1050 5746 1276 5805 facultas
1302 5750 1372 5806 sit
1395 5765 1671 5806 concessa.

2135 4805 2310 4872 τελος
2357 4801 2608 4870 ἔρχεται,
2655 4800 2848 4870 λέγων
2879 4800 2957 4866 τῷ
3003 4801 3147 4868 Ἰὼϐ,
3212 4801 3334 4857 Τῶν
3385 4803 3532 4856 υἱῶν
3565 4815 3692 4858 σου.

2134 4891 2185 4928 κ’
2203 4871 2476 5008 Χίδὶύᾆιου.
2501 4941 2573 4993 Οὐ
2609 4941 2784 5011 μάτην
2808 4939 3125 5011 πρόσκειται
3152 4939 3234 5003 τὸ,
3261 4940 3386 4995 Τῶν
3409 4943 3556 4997 υἱῶν
3584 4953 3692 4993 σου

2132 5033 2366 5086 καὶτῶν
2387 5032 2720 5103 θυγατέρων
2745 5033 3066 5086 ἐσθιόντων
3099 5032 3197 5086 καὶ
3224 5035 3543 5104 πινόντων,
3569 5031 3692 5088 ἀλλά

2135 5125 2270 5197 πρὸς
2303 5125 2548 5178 ἐπίτασιν
2592 5125 2796 5188 ἀνοίας,
2855 5125 2948 5178 καὶ
2976 5125 3133 5178 τοῦτο
3159 5125 3250 5178 τοῦ
3278 5126 3530 5180 διαϐόλου
3571 5143 3691 5196 πρα-

2134 5215 2561 5286 γματευομένου,
2606 5216 2693 5268 ἴνα
2741 5217 2774 5285 ἡ
2821 5215 2930 5268 τῶν
2978 5216 3360 5287 γεγενημένων
3405 5217 3691 5285 ἐπαγγελία

2129 5307 2320 5377 βαρεῖα
2347 5307 2629 5378 γενομένη,
2658 5307 2832 5379 λύπην
2862 5308 3297 5380 ὑπερϐάλλουσαν
3327 5309 3408 5380 τῷ
3431 5311 3572 5380 ἀγίῳ
3603 5311 3692 5378 ἐμ-

2127 5399 2346 5468 ποῖήσῃ.
2374 5398 2744 5468 Κοιμωμένων
2788 5399 2895 5469 γάρ
2922 5400 3031 5452 τῶν
3067 5401 3279 5454 τέκνων
3310 5403 3359 5454 εί
3394 5401 3613 5472 συνέϐη,
3637 5398 3691 5450 τὸ

2124 5488 2222 5557 τῆς
2258 5485 2516 5551 πτώσεως
2564 5489 2954 5561 ἀνεπαίσθητον
2984 5491 3348 5564 λογιζόμενος,
3387 5493 3486 5564 οὐχ
3533 5493 3690 5552 οὕτως

2122 5579 2351 5646 ἠνιᾶτο·
2407 5577 2724 5647 πρόσκειται
2775 5580 2830 5633 δὲ
2883 5581 2962 5645 τὸ,
3011 5582 3319 5651 ἐξαίφνης,
3367 5582 3688 5653 ἐμφαντικὸν

2122 5668 2214 5722 τοῦ
2242 5668 2314 5738 μὴ
2338 5666 2596 5724 δύνασθαί
2618 5688 2736 5724 τινα
2762 5671 3061 5742 διαδρᾶναι,
3097 5673 3240 5728 οὕτω
3265 5675 3567 5744 συμϐάντος
3603 5671 3686 5726 τοῦ

2125 5759 2465 5830 πράγματος.
