3894 6404
369 387 508 444 “99

1633 381 2053 438 FRAGMENTA
2095 381 2161 435 ΙΝ
2201 381 2340 437 JOB.

440 503 596 556 ΚΕΦ.
618 501 693 565 B',
716 517 800 558 στ.
830 499 904 564 ς’.
949 498 1095 556 Ehe
1122 501 1190 554 δὲ
1227 505 1260 555 ὁ
1297 502 1514 568 Κύριος
1539 501 1619 567 τῷ
1649 502 1938 565 διαϐόλῳ·

2113 500 2266 557 CAP.
2299 498 2362 562 Il,
2386 512 2524 552 vers.
2562 497 2614 552 6.
2648 497 2793 550 Dixit
2844 506 3013 549 autem
3059 493 3312 547 Dominus
3363 491 3607 548 diabolo.-

380 591 548 656 Ἰδοὺ,
601 590 968 660 παραδίδωμι
1000 607 1101 644 σοι
1121 591 1309 644 αὐτόν
1329 608 1344 622 ·
1375 591 1567 658 μόνον
1588 589 1704 658 τὴν
1728 589 1940 660 ψυχὴν

369 684 555 738 αὑτοῦ
599 682 972 750 διαφύλαξον
1016 685 1066 749 (ὁ
1108 683 1165 736 δὲ
1220 680 1530 742 Θεοδοτίων,
1580 679 1692 748 τῆς
1737 677 1942 750 ψυχῆς

364 777 444 830 αὐ
452 774 554 828 τοῦ
582 777 694 843 οὐχ
727 773 905 843 ἅψῃ).
1808 825 1812 828 ,

439 866 716 934 Διδύμου.
749 867 860 918 Καὶ
903 863 1061 918 τοῦτο
1082 864 1219 935 πρὸς
1249 863 1522 934 ἡμετέραν
1551 861 1838 930 ὠφέλειαν,
1858 862 1943 915 ἵνα

367 958 654 1030 χαρακτὴρ
687 957 781 1011 καὶ
818 956 988 1021 τύπος
1028 955 1298 1028 ἀνδρείας.
1344 954 1593 1025 καθάπερ
1646 955 1705 1006 ἐν
1753 952 1944 1024 στηλο-

367 1050 597 1120 γριφίᾳ,
623 1051 653 1102 ὁ
690 1047 808 1102 Ἰὼϐ
834 1047 1030 1111 τεθεὶς,
1072 1047 1271 1110 σκοπὸς
1299 1048 1397 1116 τῆς
1425 1045 1680 1116 τοιαύτης
1721 1045 1941 1116 ἀρετῆς,

367 1141 594 1202 καὶτοῖς
621 1139 764 1202 τότε,
810 1139 904 1191 καὶ
953 1140 1064 1200 τοῖς
1093 1137 1593 1208 μεταγενεστέροις,
1650 1135 1886 1208 ὑπάρξῃ·
1915 1136 1944 1188 ὅ

368 1231 464 1284 καὶ
495 1232 737 1300 γέγονεν.
765 1229 940 1286 Αὐτοῦ
979 1230 1088 1301 γὰρ
1124 1230 1268 1284 ἐστιν
1313 1229 1542 1284 ἀκοῦσαι
1589 1229 1684 1284 τοῦ
1715 1229 1943 1301 ἀθλητοῦ

369 1323 464 1378 καὶ
509 1321 810 1389 ἁγωνιστοῦ
871 1321 1150 1390 λέγοντος*
1213 1318 1358 1376 Οἶδα
1398 1321 1534 1392 ἐγὼ,
1597 1323 1685 1376 ὅτι
1717 1323 1946 1387 δίκαιος

367 1413 802 1482 ἀναφανοῦμαι.
828 1413 1160 1484 Παραδιδοὺς
1179 1413 1236 1466 δὲ
1265 1416 1294 1466 ὁ
1318 1413 1524 1485 Κύριός
1556 1429 1708 1484 φησι,
1743 1415 1946 1468 Μόνον

368 1503 708 1574 τὴνψυχὴν
755 1503 941 1560 αὐτοῦ
967 1503 1358 1572 διαφύλαξον.
1398 1505 1572 1574 Ὅπερ
1609 1504 1828 1575 νοηθείη
1863 1503 1948 1556 οῦ-

368 1615 498 1661 τως·
527 1597 860 1670 Παρακοπάς
912 1597 1189 1660 πολλάκις,
1219 1596 1315 1649 κα)¹
1342 1595 1437 1648 τοῦ
1474 1595 1802 1666 ἡγεμονικοῦ
1835 1595 1948 1650 δια-

376 1689 617 1760 στροφάς
657 1690 715 1745 ἐν
745 1706 888 1745 τισιν
921 1690 1136 1762 ὁρῶμεν
1162 1689 1473 1760 γινομένας,
1517 1688 1585 1741 δι’
1610 1688 1702 1752 οὒς
1734 1686 1840 1742 οἶδε
1861 1689 1948 1742 λό-

368 1797 501 1848 γους
531 1782 559 1833 ὁ
590 1780 658 1833 τὰ
688 1781 906 1852 κρυπτὰ
934 1780 1215 1850 γινώσκων
1245 1781 1397 1844 Θεός.
1446 1781 1598 1834 Ἐπεὶ
1622 1777 1716 1835 οῦν
1737 1784 1815 1846 εἰς
1843 1800 1948 1835 πα-

2049 589 2208 658 Ecce,
2254 594 2404 644 trado
2456 590 2548 642 tibi
2589 605 2706 642 eum
2739 604 2758 642 :
2792 586 3151 640 tantummodo
3211 587 3444 640 animum
3499 585 3611 656 ejus

2045 685 2248 738 custodi
2276 681 2632 752 (Theodotion
2663 695 2808 744 vero,
2851 680 3081 733 animum
3111 677 3223 746 ejus
3246 693 3310 731 ne
3337 677 3611 750 tetigeris).

2128 861 2358 931 Didymi.
2387 859 2454 913 Et
2474 857 2577 912 hoc
2613 855 2829 925 quidem
2861 853 2927 907 ad
2956 863 3195 908 nostram
3225 850 3535 914 utilitatem,
3558 859 3617 904 ut

2053 953 2244 1019 Jobus,
2275 953 2560 1007 character
2585 963 2649 1003 ac
2679 949 2848 1001 forma
2879 946 3229 1010 fm-titudinis,
3271 953 3524 1014 tanquam
3559 942 3612 996 in

2049 1046 2322 1106 columna,
2351 1042 2749 1110 relinqueretur
2775 1038 3096 1106 insculptas,
3119 1046 3370 1107 essetque
3395 1051 3499 1090 non
3529 1052 3617 1091 so-

2049 1139 2162 1191 lum
2193 1136 2338 1190 illius
2359 1133 2535 1188 aetatis
2575 1130 2902 1196 hominibus,
2940 1144 3123 1183 verum
3164 1129 3326 1182 etiam
3364 1129 3614 1197 posteris,

2052 1245 2159 1284 tam
2203 1227 2429 1292 insignis
2462 1224 2677 1280 virtutis
2723 1237 2951 1292 scepus;
3001 1221 3142 1290 quod
3176 1220 3416 1290 profecto
3444 1221 3618 1274 conti-

2051 1321 2166 1388 git:
2198 1317 2368 1386 ipsum
2403 1315 2546 1370 enim
2569 1314 2830 1368 athletam
2863 1322 2918 1365 et
2961 1310 3188 1381 pugilem
3221 1309 3486 1365 dicentem
3522 1325 3618 1363 au-

2051 1411 2164 1462 dire
2181 1407 2308 1462 licet
2332 1404 2498 1461 :Noei
2514 1421 2606 1474 ego
2626 1405 2763 1473 quod
2784 1404 2956 1470 iustus
2981 1404 3234 1471 apparebo
3260 1401 3380 1472 (Job
3407 1400 3614 1467 xm,8).

2055 1501 2310 1556 Dominus
2339 1508 2516 1554 autem
2545 1497 2758 1552 diabolo
2813 1512 2935 1552 eum
3003 1496 3219 1550 tradens
3275 1495 3425 1554 dicit.
3475 1492 3617 1548 Tan-

2054 1594 2320 1645 tummodo
2369 1590 2600 1644 animam
2625 1587 2738 1657 ejus
2792 1587 3015 1642 custodi.
3053 1586 3288 1653 Quorum
3328 1587 3614 1641 verborum

2053 1697 2114 1738 ea
2148 1683 2362 1736 videtur
2382 1695 2502 1735 esse
2531 1681 2798 1736 sententia
2824 1696 2837 1732 :
2867 1679 3140 1745 Quosdam
3181 1687 3398 1746 propter
3424 1691 3618 1734 causas

2053 1772 2264 1827 abditas
2293 1781 2345 1825 et
2369 1780 2629 1837 secretas,
2660 1784 2796 1838 quas
2828 1770 2976 1824 solus
3015 1769 3161 1823 novit
3191 1769 3353 1834 Deus,
3383 1769 3435 1822 in
3470 1783 3622 1824 men-

3475 373 3612 429 HSO
3704 409 3706 416 ι

371 1872 719 1944 ραφροσύνην
751 1872 844 1926 τὸν
885 1873 1093 1927 δίκαιον
1123 1874 1354 1942 ἀγαγεῖν
1409 1872 1670 1926 ἔσπευδεν
1701 1875 1731 1926 ὁ
1771 1873 1950 1926 διάϐο-

2068 1865 2124 1919 .is
2149 1863 2386 1918 furorem
2417 1863 2790 1931 iusaniamque
2819 1874 3185 1932 saepenumero
3214 1861 3453 1916 incidere
3478 1861 3623 1915 vide~

371 1964 480 2027 λος.
513 1965 607 2017 καὶ
631 1964 887 2018 ἔκστασιν
925 1964 1158 2036 φρενῶν,
1192 1965 1279 2018 ἵνα
1312 1966 1407 2019 καὶ
1430 1965 1631 2019 ἄκοντα
1653 1965 1812 2018 αὑτὸν
1837 1969 1950 2028 τοῖς

2068 1972 2196 2013 mus.
2231 1955 2494 2023 Quoniam
2539 1956 2703 2024 igitur
2748 1955 2816 2008 ad
2866 1953 3228 2023 insipientiam
3296 1965 3351 2008 et
3423 1953 3621 2008 mentis

371 2049 469 2119 τῆς
493 2047 840 2121 βλασφημίας
873 2051 1138 2123 περιϐάλῃ
1189 2055 1447 2124 ῥήμασιν,
1483 2053 1635 2116 Ἰδοὺ.
1659 2054 1812 2125 φησὶ,
1845 2071 1951 2107 πα-

2068 2049 2379 2105 3motionem
2413 2048 2659 2104 diabolus
2693 2046 2898 2116 justum
2933 2045 3207 2114 impellere
3237 2045 3530 2109 nitebatur,
3563 2056 3624 2100 ut

373 2139 633 2212 ραδίδωμί
667 2159 749 2196 σοι
774 2142 833 2196 ὃν
857 2143 1126 2214 ἐξῃτήσω.
1175 2144 1260 2196 ἵνα
1296 2148 1544 2208 κακεῖνος
1575 2144 1759 2198 πλεῖον
1798 2146 1945 2199 εὐδο-

2068 2141 2138 2196 rel
2168 2140 2414 2206 invitum,
2443 2140 2604 2210 impia
2644 2151 2700 2194 et
2726 2138 3038 2208 blasphema
3079 2138 3236 2194 verba
3266 2138 3508 2206 proferre
3531 2152 3622 2192 co-

373 2231 605 2303 κιμήσῃ,
635 2233 728 2286 καὶ
763 2234 828 2286 σὺ
853 2235 1159 2304 αἰσχυνθείς
1184 2229 1288 2307 [ίσ.
1318 2235 1637 2307 αἰσχυνθῇς]
1655 2253 1668 2268 ·
1875 2239 1949 2308 μὴ

2068 2243 2225 2302 geret,
2261 2233 2488 2294 Idcirco,
2521 2231 2697 2302 inquit
2737 2232 2900 2296 Deus,
2942 2232 3096 2286 trado
3130 2229 3223 2284 tibi
3255 2244 3413 2298 quem
3458 2231 3623 2298 depo-

374 2320 543 2393 κάρον
575 2323 724 2394 αὐτῷ
745 2325 839 2377 καὶ
864 2324 1196 2397 διαστροφὴν
1222 2326 1444 2397 ἐργάσω
1472 2327 1567 2380 τοῦ
1600 2327 1951 2400 ἡγεμονικοῦ.

2068 2323 2294 2388 ioscisti,
2348 2333 2490 2378 utet
2519 2323 2636 2392 ejus
2681 2323 2852 2393 magis
2887 2331 3079 2377 testata
3125 2323 3196 2376 sit
3230 2321 3420 2383 virtus.
3465 2332 3521 2375 et
3565 2330 3620 2374 tu

375 2414 547 2468 Τοῦτο
576 2415 684 2488 γὰρ
720 2417 819 2470 οὐκ
850 2417 1063 2486 ἐφεῖταί
1104 2435 1206 2478 σοι,
1260 2419 1323 2472 ἵν’
1359 2419 1656 2490 ἐρρωμένῳ
1705 2420 1782 2492 τῷ
1808 2421 1954 2487 λογι-

2068 2415 2267 2485 majore
2292 2416 2495 2486 pudore
2523 2413 2847 2483 perl'undarc
2883 2432 2897 2468 :
2942 2429 3128 2470 verum
3158 2428 3312 2480 cave,
3339 2428 3408 2468 ne
3441 2424 3621 2468 veter-

377 2504 502 2576 σμῷ
551 2507 649 2579 τὴν
678 2509 736 2561 ἐν
765 2511 874 2571 τοῖς
930 2508 1160 2562 πάθεσιν
1190 2507 1493 2578 ἐνδείξηται
1521 2508 1793 2580 ἀνδρείαν,
1819 2507 1954 2562 ἀλλὰ

2071 2525 2178 2563 tum
2209 2510 2454 2570 inducas,
2489 2519 2543 2562 et
2569 2507 2734 2562 animi
2766 2506 3127 2577 principatum
3167 2516 3476 2574 pervertas;
3533 2521 3610 2558 ne

379 2597 595 2669 σαρκῶν
627 2598 822 2664 ἅπτου,
840 2599 934 2651 καὶ
949 2598 1175 2662 ὀστέων,
1199 2598 1276 2662 ὡς
1301 2598 1571 2670 ἐξητήσω.

2068 2613 2154 2668 ιιιο
2180 2599 2324 2652 enim
2363 2597 2415 2652 id
2449 2596 2540 2650 tibi
2583 2596 2932 2666 permittitur,
2986 2595 3110 2663 quia
3161 2595 3358 2650 mentis
3393 2594 3624 2650 sanitate

377 2699 719 2754 conservata,
777 2689 1034 2744 fortitudo
1077 2691 1235 2760 ejus,
1288 2693 1340 2745 in
1379 2691 1718 2768 perferendis
1775 2690 1949 2754 malis,
2019 2690 2353 2745 ostendenda
2399 2699 2515 2744 est'
2588 2689 2705 2754 sed,
2745 2695 2806 2743 ut
2855 2687 3078 2757 petiisti,
3139 2702 3334 2744 carnes
3393 2703 3624 2761 ossaque

376 2782 494 2852 ejus
522 2782 740 2850 tangito.
1317 2777 1374 2813 ⁸

451 2878 539 2930 Στ.
572 2875 637 2929 θ’.
687 2875 914 2940 Χρόνου
940 2872 1008 2926 δὲ
1037 2877 1270 2928 πολλου
1310 2871 1763 2942 προοεὸηκότος,
1789 2871 1958 2930 εἶπεν

377 2967 539 3032 αὐτῷ
578 2965 792 3035 virvir-ii
838 2963 1058 3018 αὐτοῦ’
1090 2964 1278 3034 Μέχρι
1334 2966 1498 3031 τινος
1549 2965 1954 3036 καρτερήσεις,

379 3058 602 3128 λέγων·
649 3055 793 3110 Ἰδοὺ
835 3055 1109 3124 ἀναμένω
1136 3057 1358 3122 χρόνον
1379 3056 1468 3110 ἐτι
1511 3057 1746 3126 μικρὸν,
1769 3071 1956 3126 προσ-

379 3148 700 3218 δεχόμενος
721 3145 834 3213 τὴν
860 3145 1079 3199 ἐλπίδα
1113 3144 1224 3213 τῆς
1253 3147 1550 3213 σωτηρίας
1561 3164 1711 3215 μους

452 3235 727 3305 Διδύμου.
763 3235 1054 3306 ’Λτονήσας
1077 3234 1140 3287 ἐκ
1163 3235 1268 3289 τῶν
1294 3235 1558 3290 τοσούτων
1588 3235 1901 3308 προσϐολῶν
1927 3239 1955 3288 ὁ
1982 3277 2024 3334 C

2134 2873 2293 2925 Vens.
2325 2870 2378 2924 9.
2425 2867 2670 2936 Tempore
2699 2879 2870 2922 autem
2905 2878 3068 2920 mu.to
3097 2879 3381 2934 transacto,
3413 2871 3546 2924 dixtt
3577 2889 3626 2925 et

2051 2981 2188 3018 uxor
2213 2963 2330 3031 ejus
2351 2980 2370 3018 :
2436 2959 2718 3025 Quousque
2756 2960 3036 3013 sustinebis
3076 2961 3252 3014 dicens
3283 2975 3304 3012 .'
3344 2960 3478 3016 Ecce
3503 2978 3625 3030 per-

2053 3074 2238 3110 maneo
2267 3070 2463 3123 tempus
2501 3054 2674 3106 adhuc
2705 3069 2945 3120 parvum,
2974 3063 3278 3122 exspectans
3307 3072 3449 3123 spent
3477 3058 3626 3110 salu—

2052 3151 2118 3202 tis
2140 3150 2305 3203 meat?

2129 3239 2364 3309 Didymi.
2400 3237 2502 3291 Tot
2531 3235 2931 3291 incursionibus
2963 3249 3027 3290 ac
3063 3236 3254 3306 pugnis
3282 3236 3486 3292 fractus
3513 3238 3630 3292 dia-

377 3328 642 3392 διάϐολος,
674 3328 768 3381 καὶ
812 3328 910 3380 οὐκ
936 3328 1072 3398 ἔχων
1101 3328 1128 3381 ὃ
1156 3345 1209 3380 τι
1243 3329 1456 3399 ποιήσει
1496 3328 1700 3383 λοιπὸν.
1737 3329 1826 3380 ἐπὶ
1858 3328 1954 3398 τὴν

2068 3331 2236 3396 bolus,
2262 3345 2382 3384 cum
2417 3329 2558 3398 quod
2596 3327 2826 3398 amplius
2854 3326 3078 3392 faceret,
3111 3328 3359 3392 nesciret,
3400 3329 3454 3383 in
3487 3332 3629 3384 anti-

381 3423 480 3490 τῆς
502 3419 734 3491 ἀρχαίας
763 3418 1052 3488 ἐπιϐουλῆς
1085 3419 1303 3489 ἔρχεται
1333 3421 1572 3490 μνήμην,
1606 3421 1700 3473 καὶ
1729 3418 1823 3472 τοῦ
1858 3437 1956 3487 γυ-

384 3512 530 3565 ναίου
557 3511 792 3564 διάνοιαν
825 3509 1122 3580 ὑποσύρας,
1167 3509 1234 3562 δι’
1268 3510 1481 3577 ἐκείνης
1525 3509 1770 3562 σαλεύειν
1803 3511 1953 3562 ἐπει-

384 3606 518 3674 ρᾶτο
543 3603 632 3655 τὸν
659 3602 897 3672 ἀθλητήν
916 3618 930 3632 ·
985 3601 1077 3652 καὶ
1130 3599 1310 3669 τρίτον
1374 3599 1521 3669 αὐτῷ
1546 3599 1737 3652 πλέκει
1763 3599 1956 3652 πάλαι-

385 3709 517 3762 σμα,
547 3691 644 3761 τὴν
669 3689 837 3761 αὐτῆς
882 3688 1116 3759 ὁμιλίαν,
1172 3688 1301 3751 ἴσως
1325 3687 1412 3740 διὰ
1442 3687 1644 3757 ταύτης
1684 3685 1773 3740 τὸν
1813 3687 1954 3750 Ἰὼϐ,

379 3782 458 3844 ὼς
494 3779 586 3834 καὶ
613 3779 699 3832 διὰ
726 3779 823 3849 τῆς
846 3777 988 3842 Εὔας
1016 3777 1106 3831 τὸν
1141 3777 1330 3847 Ἀδὰμ,
1381 3779 1697 3848 ἀπαιτήσειε.
1748 3778 1954 3848 Χρόνου

382 3872 491 3943 γὰρ
514 3870 705 3924 πολλοῦ
758 3869 1178 3941 Ιπροϐεϐηκότος,
1209 3869 1284 3933 ὡς
1317 3869 1439 3922 οὐδὲ
1469 3869 1630 3932 αὐτὸς
1678 3867 1956 3938 δεδύνηται

385 3964 562 4015 σεῖσαι
614 3961 704 4014 τον
753 3960 853 4029 τῆς
879 3959 1157 4024 εὐσεϐείας
1186 3959 1413 4030 πύργον,
1446 3959 1514 4012 τά
1546 3960 1644 4030 τῆς
1669 3958 1956 4030 ὀλιγωρίας

385 4052 682 4123 προφέρειν
714 4050 889 4103 πείθει
909 4051 1008 4121 τὴν
1035 4053 1266 4120 γυναῖκα
1287 4051 1527 4122 ῥήματα.

454 4251 610 4304 ΚΕΦ.
662 4250 737 4313 I",
779 4267 860 4302 στ.
917 4257 985 4318 η’.
1047 4248 1214 4304 Allis
1266 4249 1663 4318 καταράσαιτο
1701 4252 1894 4319 αὐτὴν
1923 4256 1957 4306 ό

383 4339 794 4409 καταρώμενος
819 4339 932 4406 τὴν
965 4337 1191 4407 ἡμέραν
1222 4338 1462 4405 ἐκείνην
1484 4355 1498 4369 ⁸
1548 4341 1581 4392 o'
1622 4339 1864 4408 μέλλων
1892 4339 1958 4392 τὸ

378 4431 533 4502 μέγα
567 4430 752 4500 κῆτος
783 4429 1202 4501 χειρώσασθαι.

453 4525 729 4594 Διδύμου.
762 4524 952 4587 Καλῶς
979 4524 1037 4576 δὲ
1067 4524 1148 4587 τὸ,
1202 4523 1256 4574 Ὀ
1274 4526 1518 4592 μέλλων
1541 4521 1955 4591 χειρώσασθαι,

2062 3439 2180 3492 quae
2213 3422 2417 3477 fraudis
2461 3420 2779 3475 memoriam
2829 3419 3004 3484 redit,
3043 3429 3097 3474 et
3135 3420 3460 3476 mulierculae
3508 3423 3630 3476 ani-

2064 3529 2209 3568 mum
2241 3511 2464 3567 subdole
2504 3513 2570 3565 ad
2606 3525 2665 3566 se
2693 3510 2958 3575 alliciens,
2999 3510 3138 3563 illius
3168 3525 3328 3579 opera
3371 3513 3628 3567 athletam

2065 3601 2380 3654 subvertere
2404 3609 2661 3662 conatur;
2719 3607 2774 3652 et
2815 3599 3031 3652 tertium
3065 3609 3251 3653 contra
3289 3615 3409 3672 cum
3455 3614 3631 3655 certa-

2065 3707 2186 3745 men
2216 3690 2452 3752 molitur,
2483 3689 2806 3758 colloquium
2863 3689 3070 3745 scilicet
3126 3706 3246 3745 cum
3283 3691 3392 3756 illa,
3421 3693 3464 3746 si
3493 3692 3632 3748 forte

2065 3782 2165 3836 hac
2192 3782 2403 3836 ratione
2445 3780 2638 3836 Jobum
2693 3782 2937 3838 inescare
2965 3792 3183 3851 posset,
3230 3795 3385 3851 prout
3412 3787 3480 3840 ab
3517 3784 3630 3841 Eva

2062 3874 2301 3930 Adamus
2340 3874 2394 3928 in
2434 3873 2680 3928 fraudem
2726 3873 2938 3929 illectus
2987 3873 3107 3928 fuit.
3150 3874 3414 3944 Tempore
3451 3890 3628 3932 autem

2065 3967 2232 4020 multo
2264 3963 2480 4029 cﬂluxo,
2507 3979 2627 4018 cum
2657 3963 2870 4032 pietatis
2918 3965 3109 4018 turrim
3155 3975 3377 4034 quatere
3415 3983 3472 4020 se
3522 3984 3628 4022 non

2065 4072 2221 4126 posse
2261 4058 2498 4119 videret,
2553 4055 2767 4127 conjugi
2822 4055 3111 4126 persuadet
3178 4065 3236 4110 ut
3289 4059 3450 4112 verba
3497 4074 3632 4114 ceu-

2068 4159 2296 4218 temptus
2323 4147 2582 4216 proferat.
2679 4193 2688 4202 ,

2145 4259 2298 4314 CAP.
2334 4257 2424 4321 Ill,
2461 4274 2601 4316 vers.
2637 4258 2690 4311 8.
2729 4254 2833 4310 Sed
2875 4258 3147 4312 maledicat
3188 4260 3235 4312 ei
3257 4261 3345 4328 qui
3371 4261 3631 4318 maledicit

2065 4354 2201 4407 diem
2225 4353 2393 4415 illam,
2419 4352 2512 4411 aui
2537 4352 2684 4406 habet
2718 4365 2966 4418 magnum
2995 4361 3162 4403 cetum
3193 4352 3499 4418 opprimere.

2141 4531 2371 4600 Didymi.
2407 4530 2573 4585 Recte
2616 4541 2795 4584 autem
2837 4528 3036 4580 dictum
3072 4537 3176 4591 est,
3209 4526 3312 4592 Qui
3342 4529 3492 4584 habet
3537 4549 3624 4599 op-

386 4619 618 4689 εἴρηται,
645 4616 836 4688 δηλοῦν
869 4617 928 4670 τὸ
973 4617 1112 4669 κατὰ
1164 4616 1260 4687 τὴν
1308 4614 1721 4686 ὲνανθρώπησιν
1753 4617 1956 4686 μυστη-

2068 4626 2307 4694 primere,
2351 4631 2407 4674 ut
2449 4617 2836 4672 lncarnationis
2880 4618 3187 4688 mysterium
3233 4607 3629 4682 tnauifestaret,

390 4725 520 4778 ριον,
559 4707 633 4771 ὡς
673 4710 838 4779 μήπω
858 4708 976 4759 τότε
1010 4707 1249 4775 γεγονὸς,
1285 4705 1475 4775 μέλλον
1507 4705 1563 4758 δέ
1585 4705 1853 4773 γενέσθαι.
1891 4705 1966 4761 Ού

385 4800 492 4872 γὰρ
515 4798 723 4872 ἥρμοζε
753 4801 929 4869 γυμνῇ
949 4801 1014 4868 τῇ
1043 4797 1254 4866 θεότητι
1276 4797 1621 4868 καταργῆσαι
1643 4796 1740 4866 [fon
1768 4813 1971 4866 καταρ-

388 4891 645 4964 γηθῆναι]
699 4891 789 4944 τὸν
815 4891 1014 4961 κράτος
1068 4887 1259 4959 ἔχοντα
1304 4887 1397 4940 τοῦ
1427 4887 1654 4940 Θανάτου
1696 4887 1962 4952 διάϐολον,

389 4984 523 5038 ἀλλὰ
554 4984 638 5037 διὰ
670 4983 763 5035 τοῦ
811 4982 938 5035 ναοῦ
972 4981 1064 5034 τοῦ
1096 4981 1268 5049 Λόγου
1301 4978 1398 5051 [ῖσ.
1427 4978 1521 5031 τοῦ
1552 4978 1723 5046 Λόγου
1754 4976 1965 5049 ἀνθρώ-

389 5076 516 5148 που]
549 5075 915 5146 γεγενημένου
970 5075 1033 5126 ἐκ
1085 5071 1397 5144 σπέρματος
1461 5069 1553 5122 τοῦ
1595 5068 1964 5138 ἀπατηθέντος

390 5168 494 5221 ὑπὸ
542 5167 636 5220 τοῦ
671 5164 940 5219 διαϐόλου.
983 5163 1260 5232 Καύχημα
1289 5157 1491 5231 γὰρῆν
1520 5159 1593 5230 τῷ
1631 5160 1872 5230 πονηρῷ,
1915 5163 1964 5213 εί

387 5261 568 5328 γυμνῇ
593 5259 657 5328 τῇ
714 5255 926 5326 θεότητι
978 5254 1380 5325 χειρωσάμενος
1422 5253 1582 5304 αὑτὸν
1627 5252 1854 5320 ὑπῆρξε.
1886 5251 1966 5303 Τὰ

386 5350 616 5419 διάφορα
643 5348 697 5400 δὲ
727 5347 964 5417 ὀνόματα
1018 5343 1112 5398 τοῦ
1145 5343 1388 5399 διαϐόλου
1408 5385 1423 5408 ,
1477 5341 1755 5413 ἐνεργείας
1801 5339 1964 5393 αὑτοῦ

387 5441 697 5512 διαφόρους,
721 5440 820 5491 οὐκ
847 5437 1054 5503 οὐσίας,
1077 5437 1244 5507 δηλοῖ.
1274 5435 1528 5497 Διάϐολος
1563 5434 1669 5505 γὰρ
1698 5433 1788 5486 καὶ
1815 5435 1964 5486 άντι-

389 5533 660 5603 κείμενος,
696 5531 790 5584 καὶ
839 5530 1095 5601 πονηρὸς,
1127 5531 1222 5583 καὶ
1272 5529 1428 5592 λέων,
1459 5529 1551 5581 καὶ
1599 5527 1834 5598 δράκων,
1869 5527 1962 5579 καὶ

388 5623 530 5690 ὄφις,
560 5624 652 5677 καὶ
681 5622 887 5694 θηρίον,
923 5624 1016 5676 καὶ
1059 5623 1244 5693 κῆτος,
1281 5620 1370 5674 διὰ
1392 5621 1482 5674 τὸν
1506 5621 1704 5693 τρόπον
1725 5621 1961 5689 λέγεται,

389 5714 660 5787 διαφόρως
691 5712 854 5766 αὑτοῦ
879 5714 973 5784 τὴν
1007 5714 1204 5766 κακίαν
1248 5711 1596 5784 ἐνεργοῦντος
1617 5730 1630 5744 ·
1657 5714 1791 5784 ὅπερ
1835 5713 1966 5765 ἁνα-

389 5807 678 5881 τρεπτικόι
704 5807 818 5858 ἐστι
846 5803 939 5858 τοῦ
964 5803 1299 5875 Μανιχαῖκοῦ
1327 5805 1612 5875 δόγματος.

597 5903 864 5963 Ριτιιοι..
905 5901 1019 5960 Gtt.
1067 5900 1368 5960 XXXIX.

2065 4713 2204 4780 quod
2237 4720 2346 4762 tum
2375 4724 2477 4762 non
2511 4707 2706 4768 fuerat,
2733 4705 2831 4759 sed
2863 4718 3045 4775 postea
3087 4709 3321 4760 luturum
3356 4720 3489 4762 erat.
3526 4709 3625 4763 Ne-

2063 4818 2167 4872 que
2202 4802 2344 4855 enim
2395 4799 2503 4853 sola
2531 4798 2809 4851 divinitate
2859 4797 3148 4862 diabolum,
3181 4799 3270 4865 qui
3305 4800 3491 4854 mortis
3530 4799 3629 4854 im-

2062 4892 2268 4962 perium
2303 4889 2534 4943 habebat
2556 4885 2741 4957 (Hebr.
2772 4901 2834 4950 ιι,
2873 4885 2961 4952 Μ)
2981 4924 2994 4948 ,
3023 4884 3228 4940 aboleri
3257 4888 3498 4952 decebat,
3537 4890 3626 4943 sed

2063 4998 2156 5052 per
2189 4980 2420 5035 Verbum
2450 4977 2650 5031 factum
2689 4975 2978 5040 hominem,
3011 4991 3078 5029 ex
3107 4978 3313 5031 semine
3338 4977 3451 5045 ejus
3466 4993 3626 5049 quen.

2061 5072 2272 5140 decepit
2301 5068 2582 5133 diabolus;
2629 5067 2874 5134 improbo
2918 5067 3059 5120 enim
3090 5068 3315 5120 daamoui
3347 5067 3626 5138 gloriatio-

2064 5165 2146 5217 nis
2182 5160 2406 5215 materia
2450 5159 2656 5222 fuisset,
2691 5158 2732 5210 si
2759 5159 2869 5211 sola
2894 5157 3172 5213 divinitate
3195 5173 3318 5212 eum
3344 5159 3626 5228 sulijugas-

2067 5265 2166 5310 set.
2203 5251 2391 5314 Porro,
2435 5251 2628 5304 diaboli
2673 5250 2896 5303 dirersa-
2942 5249 3351 5319 appellationes,
3388 5250 3630 5304 diversas

2066 5346 2180 5414 ejus
2217 5343 2582 5414 operationes,
2621 5356 2726 5394 non
2769 5339 2897 5394 item
2941 5339 3289 5406 multiplicem
3317 5341 3628 5404 essentiam,

2067 5435 2360 5491 declarant.
2391 5431 2646 5486 Diabolus
2683 5431 2848 5494 enim,
2894 5431 3256 5494 adversarius,
3293 5432 3486 5496 malus,
3523 5431 3628 5492 leo.
3735 5458 3738 5462 -

2063 5527 2245 5588 draco,
2299 5539 2552 5592 serpens,
2613 5521 2785 5577 bellua
2849 5529 2902 5576 et
2945 5530 3120 5586 cetus,
3178 5533 3397 5592 propter
3430 5523 3631 5593 ingenii

2063 5631 2264 5682 mores,
2301 5613 2620 5684 appellatur,
2651 5613 2902 5682 quoniam
2933 5611 3218 5682 multiplici
3254 5613 3484 5670 artiﬁcio
3517 5629 3635 5666 ma-

2063 5711 2236 5767 litiam
2267 5722 2422 5763 suam
2472 5716 2766 5777 operatur:
2800 5707 2942 5777 quod
2989 5703 3410 5763 Manichaeorum
3439 5704 3632 5774 degma

2067 5799 2302 5856 funditus
2335 5799 2544 5854 evertit.

3246 5891 3323 5947 36
