3796 6342
126 379 3323 452 W

1337 611 1507 656 ANNO
1564 608 1783 653 DOMINI
1846 607 2116 653 CCCXCIV.

737 986 909 1162 S.
1053 975 2698 1161 AMPHILOCHIUS

1282 1281 1700 1342 ICONIENSIS
1727 1276 2152 1340 EPISCOPUS.

912 1451 1115 1514 (Notitia
1137 1464 1203 1500 es
1226 1447 1523 1500 Bibliotheca
1544 1450 2019 1513 Gallandiana,tom.
2048 1451 2131 1510 Vl,
2154 1450 2356 1513 Prolcg.
2380 1464 2430 1512 p.
2455 1449 2545 1499 χι)

182 1643 219 1697 I.
275 1642 653 1712 Cappadocem
717 1640 881 1697 fuisse
938 1642 1391 1708 Amphilochium,
1456 1638 1676 1709 perinde
1703 1648 1750 1702 Α
1779 1635 2059 1704 Lycaonia:
2094 1648 2239 1685 more
2275 1629 2567 1697 apostolico
2602 1631 2968 1698 composuisse
2999 1630 3222 1683 traditur
3251 1627 3336 1701 (ι).

125 1751 261 1807 atque
282 1738 543 1791 Basilium
573 1748 626 1790 et
647 1735 962 1804 Gregorium
1011 1734 1427 1795 Nazianzenum,
1477 1732 1674 1785 diserte
1774 1730 1932 1781 Anno
1966 1737 2165 1786 autem,
2197 1733 2255 1776 ut
2283 1723 2493 1777 videtur
2524 1722 2642 1793 (m),
2678 1720 2779 1775 377
2809 1722 3079 1777 consultus
3108 1724 3175 1778 ab
3204 1722 3339 1777 alte-

123 1832 277 1892 prodit.
340 1829 709 1898 Hieronymus
739 1826 813 1893 (a)
845 1842 857 1877 :
890 1824 1016 1893 quin
1046 1834 1101 1878 et
1152 1823 1433 1886 Cmsarea’,
1470 1824 1521 1875 in
1562 1824 1675 1889 ipsa

124 1920 347 1973 videlicet
378 1918 640 1988 primaria
669 1916 1019 1984 Cappadocizc
1050 1914 1201 1979 urbe,
1251 1915 1536 1983 magnique
1574 1908 1676 1965 Ba-

126 2012 211 2064 silii
242 2011 404 2078 patria
431 2052 447 2073 ,
507 2020 683 2062 ortum
722 2007 995 2071 habuisse,
1055 2013 1238 2075 aperte
1268 2006 1398 2059 satis
1450 2012 1678 2059 testatur

129 2103 247 2155 idem
272 2101 501 2155 Basilius
523 2100 618 2169 (b).
645 2098 879 2152 Primum
907 2099 1088 2153 rhetor
1111 2112 1175 2151 ac
1197 2096 1312 2150 foro
1334 2096 1674 2163 assuetuslc),

130 2192 171 2244 in
206 2192 538 2244 solitudinem
572 2188 830 2241 secedens
881 2189 1195 2241 monachum
1236 2186 1363 2255 egit.
1420 2185 1679 2253 Deinceps

130 2295 237 2333 vero
271 2277 693 2333 ineluctabilibus
726 2278 911 2346 gratim
945 2278 1137 2329 retibus
1190 2286 1392 2345 captus,
1434 2288 1583 2345 atque
1626 2277 1677 2328 in

130 2372 330 2422 medium
358 2370 623 2423 Pisidiam
646 2371 856 2421 numine
886 2368 1061 2421 divino
1102 2368 1379 2432 deductus,
1414 2376 1470 2420 ut
1500 2366 1678 2420 verbis

132 2474 236 2513 utar
282 2462 459 2514 Basilii
520 2462 621 2527 (d),
679 2459 841 2513 lcouii
900 2460 1181 2528 episcopus
1221 2460 1321 2511 fuit
1375 2459 1677 2523 ordinatus,

129 2565 259 2601 anno
282 2550 382 2603 373
405 2560 647 2611 exeunte,
688 2549 769 2601 vel
804 2550 958 2601 initio
982 2550 1103 2600 anni
1132 2549 1235 2600 ’574
1272 2564 1340 2601 ex
1389 2548 1491 2601 viri
1540 2548 1679 2602 docti

127 2642 381 2693 Sententia
412 2640 478 2709 (e)
521 2655 677 2705 quam
710 2640 1006 2707 sequimur.
1056 2638 1248 2692 Basilio
1285 2640 1335 2692 in
1370 2639 1554 2708 primis
1585 2640 1683 2692 fuit

129 2731 357 2780 omnium
390 2730 757 2790 charissimus,
784 2738 841 2779 ut
866 2743 931 2781 ex
960 2727 1198 2795 pluribus
1222 2727 1338 2795 ejus
1362 2727 1599 2796 epistolis
1616 2729 1681 2783 ad

132 2820 284 2884 ipsum
319 2818 455 2871 datis
507 2827 843 2885 cmnpertum
884 2817 1178 2880 habemus;
1226 2833 1357 2887 quas
1386 2818 1526 2871 inter
1551 2818 1682 2870 emi-

136 2923 241 2964 nent
266 2924 371 2966 tres
403 2914 680 2966 canonica:
704 2912 793 2981 (Ῑ),
824 2912 962 2965 intra
996 2927 1165 2965 annos
1198 2912 1300 2965 574
1333 2923 1387 2966 et
1434 2913 1536 2967 575
1568 2927 1683 2981 per-

135 3006 357 3069 scriptae:
386 3017 495 3069 quo
543 3002 759 3068 quidem
814 3010 1057 3069 tempore
1093 3003 1283 3057 librum
1336 3018 1545 3071 quoque
1607 3001 1683 3055 De

136 3088 309 3155 Spiritu
347 3104 529 3145 sancto
582 3092 815 3146 Basilius
864 3094 1038 3147 eidem
1093 3093 1467 3161 Amphilocltio
1498 3094 1684 3146 inscri-

137 3183 280 3248 psisse
304 3184 619 3252 perhibetur
663 3183 757 3254 (g).
805 3184 881 3237 Eo
930 3184 1110 3237 itidem
1171 3183 1505 3237 familiariter
1556 3201 1684 3239 usus

137 3277 403 3347 Gregorius
432 3280 765 3348 Theologus,
803 3289 859 3331 ut
881 3295 944 3332 ex
969 3280 1085 3346 ejus
1123 3280 1364 3349 epistolis
1388 3280 1527 3331 haud
1558 3294 1687 3345 pau-

139 3370 200 3423 cis
224 3374 284 3423 ad
311 3373 481 3439 ipsum
514 3372 655 3423 datis
683 3381 912 3423 constat.
949 3370 1011 3423 Et
1033 3370 1154 3438 jure
1180 3386 1312 3424 sane
1362 3370 1566 3438 optimo
1597 3384 1687 3421 no.

138 3461 542 3516 sterlconiensis
596 3464 822 3515 antistes
875 3464 1084 3530 magnis
1121 3460 1222 3514 illis
1254 3461 1385 3514 viris
1415 3465 1463 3512 in
1514 3460 1687 3528 pretio

140 3552 367 3605 habitus:
416 3553 507 3621 qui
580 3554 837 3606 nimirum
889 3553 1116 3622 egregiis
1175 3568 1296 3605 cum
1332 3552 1525 3605 mentis
1574 3561 1686 3604 tum

138 3644 279 3694 animi
310 3643 519 3695 dotibus
555 3642 809 3710 prteditus
852 3642 1018 3696 fuisse
1054 3652 1321 3695 noscatur.
1357 3642 1503 3697 Illius
1540 3645 1685 3697 enim

140 3732 307 3798 igneus
328 3734 605 3786 charitatis
641 3732 842 3794 fervor,
878 3748 1193 3800 morumque
1242 3735 1476 3800 gravitas
1516 3750 1578 3789 ac
1613 3744 1689 3789 ta-

141 3824 400 3877 citurnitas
442 3825 749 3877 celebratur
783 3824 881 3892 (It).
921 3824 1167 3877 Disceudi
1232 3825 1465 3876 studium
1496 3835 1551 3878 et
1591 3828 1689 3879 hu-

142 3916 391 3969 m‘litatem
443 3915 819 3967 admirabatur
867 3915 919 3968 in
978 3928 1041 3967 eo
1093 3912 1318 3968 Basilius
1356 3915 1456 3987 fi);
1492 3916 1688 3985 quippe

143 4006 216 4071 qui
249 4006 449 4057 discere
474 4022 577 4059 nou
614 4013 956 4073 gravaretur,
984 4019 1104 4057 cum
1137 4004 1363 4058 docendi
1397 4004 1569 4058 locum
1606 4016 1687 4058 te-

144 4108 301 4149 neret.
332 4096 551 4149 Tantum
582 4097 815 4163 denique
839 4097 1037 4148 amoris
1063 4094 1163 4150 sibi
1194 4097 1331 4164 apud
1353 4111 1537 4149 onmes
1560 4110 1689 4149 con-

143 4188 357 4249 ciliabat,
383 4198 435 4239 ut
459 4186 654 4239 nullius
679 4186 962 4253 praesentia
989 4185 1155 4254 magis
1174 4195 1685 4255 expetereturquam

144 4278 473 4347 thnpbilochii
504 4278 589 4349 (ί).

206 4370 263 4422 II.
299 4369 409 4424 tam
436 4386 589 4435 vero,
626 4380 684 4425 ut
714 4385 803 4425 res
833 4369 885 4423 in
917 4369 1222 4438 episcopatu
1255 4370 1322 4423 ab
1345 4385 1408 4424 eo
1429 4369 1684 4439 prreclare

147 4474 304 4526 gestas
345 4463 655 4516 summatim
707 4475 1100 4522 recenseamus,
1161 4459 1463 4515 Isaurorum
1510 4460 1688 4515 Eccle-

149 4552 263 4603 siatn
298 4564 507 4607 sanctus
536 4555 695 4608 Pater
750 4557 1039 4622 prudenter
1084 4569 1303 4609 curasse
1338 4552 1435 4624 (Ii),
1496 4569 1687 4623 resque

214 4796 279 4869 ta)
307 4798 522 4853 Hieron.
547 4798 707 4867 epist.
735 4799 824 4865 70,
858 4800 927 4853 al.
956 4800 1042 4859 84,
1080 4797 1106 4869 §
1142 4815 1211 4852 rv.

236 4870 453 4935 (1)385".
480 4871 637 4938 epist.
670 4871 796 4929 161.
834 4871 903 4922 al.
930 4872 1053 4931 395,
1090 4872 1115 4939 ς
1146 4887 1182 4924 ι.

237 4949 277 4999 ε)
302 4938 369 5010 l_d.
403 4941 558 5007 epist.
597 4939 720 5003 150,
750 4941 822 4993 al.
852 4941 973 5003 592,
1014 4940 1074 5010 §§
1096 4938 1144 4993 ill
1178 4949 1229 4993 et
1256 4955 1329 4993 iv.

406 5011 564 5081 epist.
602 5010 723 5081 Ilii,
755 5010 856 5081 1.

212 5056 279 5150 (ej
297 5056 579 5150 ῥίῖηἱῗιῗίἰι
607 5056 732 5135 vi}:
756 5056 933 5133 “Bitia.
964 5095 1081 5146 cap.
1110 5079 1195 5143 δυ,
1237 5078 1295 5150 §§

214 5148 268 5213 tl)
296 5148 455 5201 Rasil.
485 5154 644 5216 epist.
674 5150 794 5211 188,
836 5150 957 5211 199,
989 5150 1113 5202 ΞΠ.

214 5220 276 5283 (9)
314 5218 511 5288 μέδηαι.
541 5222 592 5270 in
639 5217 739 5271 Vit.
769 5218 934 5274 Basil.
958 5235 1075 5284 cap.
1105 5219 1193 5279 50,
1226 5218 1252 5288 §
1286 5234 1357 5274 vi.

217 5288 280 5360 (ti)
302 5286 476 5360 _Basil.
516 5288 717 5360 lib._l)¢
743 5290 891 5360 _Spir.
942 5299 1141 5353 sancto,
1172 5286 1287 5358 cap.
1317 5288 1403 5352 50,
1437 5289 1462 5360 §
1499 5302 1684 5342 LXXIX.

214 5357 263 5420 ί.)
295 5354 374 5428 tu.
400 5359 557 5423 epist.
586 5358 704 5428 490.
736 5358 763 5428 ς
796 5374 835 5412 ι.

240 5428 267 5483 il
295 5425 366 5477 Id.
396 5428 554 5493 epist.
592 5427 715 5479 176.

254 5440 366 5478 Hd.
396 5440 554 5493 epist.
592 5440 617 5479 1
638 5440 715 5478 ιι).

212 5440 275 5587 lt)
300 5494 789 5587 aesaes-1.90,
816 5496 842 5569 δ
872 5514 909 5552 ι-

234 5566 268 5627 t,
300 5563 372 5616 Id.
409 5566 566 5632 epist.
604 5566 732 5620 200.

217 5600 756 5710 l'éi':ii_gi§:fi._fi‘ii.
787 5636 952 5710 Bgasit.
987 5639 1217 5710 cap._58,
1256 5639 1347 5710 ξε.

161 5734 167 5749 .
220 5710 286 5767 tn)
313 5700 519 5757 Tillem.
550 5704 709 5758 .Ifém.
733 5708 859 5761 εδει.
899 5718 1027 5762 ιοιη.
1053 5700 1155 5773 ἸΧ,
1331 5711 1455 5765 624.

411 5817 682 5878 ΡΑτιιοι.
720 5821 840 5882 Gn.
878 5820 1175 5880 XXXIX“

1321 5095 1336 5130 ι
1378 5086 1428 5131 et
1454 5091 1523 5132 Vt.

1778 1821 1888 1872 rius
1924 1817 2231 1887 provinciae,
2260 1815 2489 1871 fortasse
2518 1813 2799 1884 Lycieusis
2830 1813 2930 1884 (η),
2966 1814 3227 1883 episcopis
3248 1815 3341 1883 qui

1778 1913 1920 1965 circa
1995 1908 2290 1964 Macedonii
2345 1907 2592 1961 hazresim
2644 1907 2994 1971 ﬂuctuabant,
3056 1906 3340 1960 concilium

1778 2002 1955 2073 coegit
1988 2023 1999 2056 :
2030 2001 2082 2055 in
2123 2016 2229 2070 quo
2268 1998 2646 2054 consultationi
2691 1999 3038 2066 respondens.
3071 1998 3341 2067 egregiam

1778 2093 2088 2162 synodicam
2129 2107 2225 2145 suo
2264 2101 2317 2144 et
2351 2092 2577 2144 aliorum
2620 2091 2988 2159 episcoporum
3023 2089 3344 2159 Lycaonien-

1784 2185 1924 2239 sium
1957 2184 2169 2238 nomine
2195 2185 2540 2251 conscripsit;
2573 2199 2730 2252 quam
2781 2184 2974 2237 saeculo
2996 2185 3270 2251 superiore
3313 2199 3345 2235 a

1779 2276 2043 2330 Cotelerio
2076 2276 2295 2338 editam,
2340 2276 2482 2328 inter
2511 2282 2690 2328 nostra
2751 2274 3190 2344 Amphilochiana
3220 2287 3346 2341 pro-

1782 2366 2018 2420 tulimus.
2051 2365 2207 2419 Anno
2240 2367 2490 2434 deinceps
2541 2366 2637 2420 ’581
2681 2366 2887 2434 synodo
2914 2364 3149 2435 generali
3200 2364 3345 2418 Con-

1783 2459 2278 2526 Stantinopolitante
2304 2456 2566 2523 interfuit,
2594 2467 2756 2526 atque
2776 2473 2804 2510 a
2826 2457 3072 2512 Patribus
3096 2458 3160 2510 ad
3186 2456 3344 2509 fidem

1781 2549 2103 2606 catholicam
2134 2565 2231 2619 per
2263 2549 2405 2603 Asiae
2438 2550 2744 2617 provincias
2772 2549 3158 2602 restituendam
3197 2545 3345 2599 dele-

1781 2652 1935 2711 gatus
1957 2640 2121 2695 fuisse
2157 2642 2484 2709 comperitur
2520 2641 2615 2711 (ο).
2647 2641 2761 2705 Quo
2794 2640 2919 2693 item
2972 2653 3111 2692 anno
3140 2637 3346 2705 primus

1782 2731 2099 2799 subscripsit
2126 2740 2308 2785 noster
2358 2730 2649 2785 lconiensis
2698 2731 2980 2797 episcopus
3030 2731 3347 2789 testamento

1782 2824 2023 2891 Gregorii
2076 2819 2422 2884 Nazianzeni,
2484 2820 2667 2873 Flavio
2724 2820 2988 2873 Eucherio
3052 2826 3106 2871 et
3165 2814 3349 2870 Flavio

1781 2915 2009 2984 Evagrio
2039 2930 2178 2969 coss.
2238 2914 2434 2969 litteris
2473 2914 2786 2982 consignato
2836 2911 2933 2983 (p).
2974 2910 3194 2964 Biennio
3230 2918 3349 2977 post

1785 3009 1987 3078 synodo
2016 3006 2202 3075 viginti
2248 3006 2483 3075 quinque
2530 3006 2900 3072 episcoporum
2937 3001 3169 3071 praefuit,
3208 3002 3348 3056 Sida:

1788 3100 1840 3152 iu
1870 3098 2181 3169 Pamphylia
2201 3107 2387 3153 contra
2412 3096 2757 3151 Messalianos
2777 3104 2997 3160 coactae,
3015 3105 3148 3148 teste
3170 3095 3346 3149 Theo-

1787 3191 1963 3244 dorito
1996 3192 2067 3260 (q)
2095 3208 2107 3242 :
2137 3193 2225 3258 qui
2276 3200 2331 3243 et
2375 3188 2498 3241 alibi
2543 3188 2613 3257 (τ)
2656 3207 2667 3240 :
2709 3205 2727 3238 ι
2768 3187 3109 3252 Accuratius,
3144 3186 3343 3254 inquit,

1789 3282 2035 3335 liceresim
2078 3278 2565 3349 (Messalianorum)
2623 3277 2860 3332 confodit
2909 3277 3064 3346 longe
3120 3277 3350 3345 Optimus

1788 3371 2209 3440 Amphilochius,
2264 3370 2374 3438 ipsa
2440 3369 2650 3423 illorum
2683 3371 2841 3422 verba
2877 3368 3010 3421 actis
3041 3385 3069 3419 ιι
3104 3382 3162 3421 se
3221 3382 3351 3421 con-

1786 3463 1940 3516 fectis
1968 3462 2233 3521 inserens,
2269 3474 2385 3528 quae
2414 3459 2716 3527 dogmatum
2766 3456 3120 3512 differentiam
3171 3468 3353 3524 aperte

1789 3554 2089 3609 declarant.
2136 3570 2154 3602 ι
2188 3551 2290 3605 Sed
2325 3550 2626 3617 hujusmodi
2664 3563 2798 3617 opus
2827 3547 3350 3615 Amphilochianum,

1792 3656 1852 3701 ut
1884 3644 2053 3699 ferme
2078 3643 2302 3711 reliqua,
2354 3642 2642 3696 intercidit.
2678 3642 2866 3695 Exstat
2898 3641 3251 3709 fragmentum
3284 3652 3352 3693 ex

1790 3738 2149 3806 Amphilochii
2181 3735 2405 3806 epistola
2433 3735 2730 3804 dogmatica
2765 3735 2830 3788 ad
2855 3733 3206 3787 Pancharium
3240 3732 3357 3785 dia-

1789 3845 1980 3883 conum
2013 3830 2289 3883 Sidensem
2316 3828 2406 3897 (δ),
2434 3828 2572 3896 quod
2601 3827 2825 3879 fortasse
2856 3826 2921 3879 ad
2952 3840 3038 3878 res
3065 3825 3117 3877 in
3162 3838 3224 3877 ea
3272 3822 3356 3876 Si-

1790 3921 1982 3975 detaua
2014 3921 2219 3989 synodo
2248 3927 2424 3988 gestas
2447 3919 2740 3987 pertinere,
2772 3917 2912 3971 haud
2942 3916 3206 3969 immerito
3232 3917 3353 3983 quis

1787 4012 2078 4067 existimet.
2105 4012 2384 4079 Utcunque
2411 4009 2594 4077 fuerit,
2614 4010 2822 4080 juvabit
2846 4019 3022 4063 tamen
3047 4009 3193 4063 adire
3216 4007 3355 4061 Pho-

1791 4103 1921 4156 tium
1959 4103 2047 4172 (ι),
2077 4102 2167 4171 qui
2191 4111 2309 4156 acta
2343 4102 2565 4171 hujusce
2593 4101 2783 4171 synodi
2810 4099 2950 4155 Sidae
2973 4099 3167 4153 habita:
3204 4098 3350 4168 legit,

1788 4192 2051 4261 pluraque
2083 4195 2149 4247 de
2182 4209 2244 4247 ea
2275 4193 2412 4247 scitu
2440 4194 2595 4262 digna
2628 4192 2856 4261 posteris
2890 4190 3127 4244 tradidit.
3170 4188 3353 4257 Neque

1714 4320 1756 4377 ο
1791 4283 2184 4338 Tillemontium
2214 4286 2315 4339 hac
2344 4286 2410 4339 de
2438 4300 2498 4339 re
2519 4293 2801 4353 praetereas
2821 4282 2977 4336 velim
3008 4282 3107 4353 (ιι).

1865 4374 1947 4427 Ill.
1991 4376 2157 4429 Porro
2179 4379 2243 4431 ad
2269 4376 2411 4430 hunc
2440 4378 2616 4445 ipsum
2643 4390 2838 4428 annum
2871 4373 2997 4437 585,
3029 4382 3087 4427 ut
3116 4381 3234 4443 post
3254 4371 3355 4424 Ba-

1794 4466 2006 4520 ronium
2034 4466 2107 4538 (v)
2142 4476 2364 4524 censent
2395 4467 2640 4521 Valesius
2666 4466 2745 4537 (as)
2774 4482 2839 4520 ac
2869 4464 3241 4520 Tillemontius
3269 4466 3346 4532 (y)

1795 4566 2001 4626 spectat
2029 4559 2300 4628 egregium
2336 4558 2467 4613 illud
2498 4558 2852 4627 Amphilochii
2890 4556 3121 4621 facinus,
3157 4572 3357 4610 memo-

1860 4801 1932 4872 (ο)
1965 4802 2172 4927 δοεὲτιῑ.
2208 4803 2348 4857 Hist.
2376 4804 2501 4859 εστι.
2547 4802 2635 4856 lib.
2673 4819 2723 4869 v,
2769 4817 2886 4872 cap.
2919 4802 2982 4867 8;
3014 4800 3226 4855 Sozom.
3262 4802 3353 4855 lib.

1860 4888 2036 4927 ucao.
2112 4918 2123 4927 .

1791 4885 1889 4931 νιι,
1919 4888 2036 4931 CBD.
2073 4885 2123 4927 υ.

2154 4942 2283 4997 Naz.
2310 4940 2444 5011 Opp.
2477 4956 2605 4997 tom.
2640 4942 2679 5003 Ι.
2708 4942 2804 4997 sub
2826 4943 2942 4996 init.

1885 5018 1937 5077 ᾳ)
1968 5012 2233 5066 'l'heodor.
2274 5012 2412 5067 Hist.
2453 5016 2577 5065 eccl.
2615 5015 2706 5065 lih.
2740 5028 2814 5073 1v,
2846 5028 2942 5077 cap

1885 5018 1937 5077 ᾳ)
1968 5012 2233 5081 'l‘heodor.
2274 5012 2412 5067 Hist.
2453 5016 2577 5065 eccl.
2615 5015 2706 5065 lih.
2740 5028 2814 5073 1v,
2846 5028 2963 5081 cap.
3009 5013 3096 5067 Il.

1862 5085 1931 5145 (ν)
1968 5081 2041 5151 Id.
2074 5080 2271 5137 Hazret.
2297 5082 2403 5149 fab.
2440 5084 2530 5137 lib.
2562 5098 2633 5145 ιν,
2663 5098 2782 5151 cap.
2811 5083 2895 5135 Il.

1866 5151 1932 5217 (δ)
1961 5150 2099 5203 Infra
2122 5152 2219 5203 sub
2240 5168 2386 5205 num.
2416 5154 2500 5206 I6.

1867 5222 1931 5286 (ι)
1966 5218 2122 5272 Phot.
2148 5219 2285 5273 Bibl.
2313 5224 2431 5275 cod.
2470 5238 2559 5277 ut.

1866 5289 2358 5361 tu)_Ti_llemeem.
2389 5293 2513 5345 ecct.
2533 5304 2654 5345 tom.
2684 5292 2817 5357 Vill,
2845 5307 2996 5361 pagg.
3029 5290 3132 5345 554
3153 5303 3206 5345 et
3232 5288 3356 5348 798.

1798 5368 1911 5412 not.
1937 5359 1991 5420 2,
2017 5356 2120 5412 Sur
2143 5359 2213 5413 les
2234 5358 2558 5414 Messaliens.

1896 5428 1944 5496 υ)
1979 5428 2171 5482 Baron.
2196 5434 2259 5482 ad
2293 5447 2417 5483 ann.
2451 5432 2573 5493 585,
2608 5432 2634 5496 §
2664 5448 2812 5485 χχχι.

1896 5432 1944 5496 υ)
1979 5432 2171 5482 Baron.
2196 5434 2259 5482 ad
2293 5447 2417 5483 ann.
2451 5432 2573 5493 585,
2664 5448 2812 5485 xxxr.

1879 5432 2163 5621 Exngales.
2194 5502 2257 5552 ad
2288 5498 2552 5556 Theodor.
2584 5432 2723 5555 Iiist.
2746 5503 2870 5556 εει-ι.
2908 5500 2999 5555 lib.
3032 5514 3086 5567 ν,
3128 5512 3243 5567 εει).
3268 5496 3357 5560 16,

1805 5585 1914 5622 “Ol.
1946 5585 1999 5621 '2.

1875 5640 1949 5709 fy)
1979 5638 2189 5711 Tillem.
2229 5638 2384 5694 Mém.
2426 5641 2549 5695 ccci.
2582 5652 2710 5699 tom.
2748 5643 2830 5705 VI,
2875 5658 2993 5711 pag.
3021 5639 3122 5695 6%7
3150 5646 3204 5692 et
3230 5634 3359 5702 80?,

1804 5720 1917 5765 not.
1952 5710 2070 5778 105,
2102 5708 2203 5762 Sur
2236 5711 2306 5764 tes
2336 5711 2543 5765 Λήθης.

2998 5825 3027 5880 1
