3744 6310
412 353 478 410 Η
1360 355 1417 409 S.
1457 355 1898 409 AMPlllLthllll
1938 351 2318 409 ICONIENSIS
2356 351 2659 407 EPISCOPI
3587 353 3663 408 1‘2

412 474 493 528 ria
524 472 723 527 scilicet
782 472 1170 541 dignissimum,
1206 488 1310 540 quo
1344 488 1371 525 a
1424 488 1615 542 magno
1649 472 1969 535 Theodosio,
2003 482 2045 532 Α
2074 488 2169 527 cua
2203 487 2217 523 :
2250 486 2367 540 qua:
2402 480 2577 525 tamen
2610 468 2787 523 omnia
2815 469 2880 521 ad
2918 483 3013 522 nos
3060 482 3164 522 non
3220 468 3528 537 pervenisse
3552 472 3658 523 do-

414 562 580 615 invito
608 561 755 627 licet,
783 562 1088 629 impetravit
1113 573 1169 615 ut
1220 562 1543 615 Arianorum
1594 563 1967 617 conventicula

414 661 741 705 vetarentur.
775 651 905 705 Rem
942 652 1111 705 fusius
1133 665 1350 705 enarrat
1371 651 1726 711 Theodoritus
1761 653 1855 723 (η),
1880 654 1969 707 sed

416 742 590 793 minus
616 753 863 794 accurate
897 740 1227 795 Sozomenus
1280 740 1377 810 (ὁ).
1433 740 1691 794 Nimirum
1737 743 1788 796 itt
1824 743 1969 808 pala-

418 831 548 881 tium
573 830 844 899 ingressus
868 831 1213 883 admirandus
1236 831 1325 883 ille
1350 831 1771 899 Amphilochius,
1800 830 1971 884 Tlteo~

416 928 624 979 dosiuut
655 927 870 994 quidem
902 925 1055 979 solito
1085 927 1289 981 honore
1319 936 1633 992 prosecutus
1665 936 1780 990 est;
1806 928 1974 978 Arca-

414 1016 557 1067 dium
590 1031 716 1068 vero
745 1017 880 1084 patri
910 1025 1197 1076 astantem,
1220 1031 1377 1083 quem
1410 1017 1496 1068 ille
1524 1015 1679 1083 paulo
1709 1025 1832 1069 ante
1863 1017 1973 1069 Au-

414 1114 622 1173 gustum
656 1106 1071 1168 renuntiaverat,
1128 1106 1467 1157 iusalutatum
1498 1106 1769 1173 praeteriit.
1822 1106 1969 1171 Quod

413 1198 627 1262 quidem
669 1198 883 1267 indigne
919 1197 1101 1250 ferens
1124 1196 1431 1263 imperator,
1462 1197 1527 1248 de
1553 1194 1641 1248 lilii
1665 1206 1969 1263 contemptu

418 1288 556 1354 quod
597 1288 647 1340 in
678 1303 734 1341 se
768 1288 935 1355 ipsunt
974 1287 1190 1349 recidat,
1225 1301 1344 1338 cum
1376 1285 1624 1353 episcopo
1650 1287 1969 1354 expostulat.

418 1379 565 1430 'l‘unc
589 1393 712 1431 vero
762 1386 1009 1431 contenta
1062 1392 1193 1430 voce
1237 1376 1688 1443 Amphilochius:
1737 1395 1753 1427 ι
1788 1374 1968 1440 Vides,

417 1468 605 1535 inquit,
638 1468 946 1535 imperator,
983 1476 1033 1519 te
1065 1466 1154 1519 lilii
1193 1466 1264 1519 tui
1289 1466 1662 1519 contumeliam
1701 1464 1839 1519 ferre
1866 1482 1968 1519 nou

410 1574 597 1627 posse;
646 1560 735 1611 sed
772 1574 1089 1613 succensere
1123 1560 1186 1611 iis
1215 1558 1305 1626 qui
1357 1559 1429 1611 illi
1463 1558 1835 1613 contumeliam
1891 1560 1971 1610 fa-

411 1652 575 1701 ciunt.
604 1648 775 1702 Crede
800 1650 979 1711 igitur,
1008 1650 1169 1702 Deum
1202 1663 1412 1717 quoqoe
1440 1648 1595 1716 hujus
1618 1648 1854 1700 universi
1880 1663 1970 1702 eos

411 1740 643 1790 averSat-i
671 1750 828 1807 atque
859 1740 983 1793 odio
1018 1739 1233 1798 habere.
1287 1740 1374 1807 qui
1417 1738 1610 1791 Filium
1648 1738 1815 1807 ipsius
1853 1739 1971 1790 titti-

2074 561 2306 616 tendum.

2149 652 2211 705 V.
2249 650 2432 718 Neque
2461 648 2614 701 aliter
2652 661 2779 699 sane
2804 645 3152 709 censendum,
3178 646 3219 699 si
3252 654 3565 713 spectentur
3599 647 3657 699 in

2076 744 2267 811 primis
2294 740 2735 809 Antphilochiaua
2773 736 3217 806 fraguteuta‘qute
3243 748 3451 789 veteres
3484 738 3651 791 nobis

2072 844 2348 887 servarunt
2378 832 2660 903 :Cyrillus,
2687 832 2927 898 inquam,
2954 830 3368 892 Alexandrinus,
3399 830 3654 884 Theodo-

2073 924 2225 989 ritus,
2254 924 2566 977 Anastasius
2602 923 2832 985 Sinaita,
2871 921 3126 974 Leontius
3162 919 3504 991 Byzantinus,
3544 920 3653 974 Fa-

2072 1016 2273 1069 cundus
2308 1014 2726 1076 llermianensis,
2762 1011 2993 1065 Joannes
3028 1013 3410 1075 Damascenus,
3444 1013 3651 1081 aliique

2072 1106 2325 1160 Ecclesiae
2377 1105 2690 1172 scriptores.
2736 1102 2857 1155 lltec
2902 1112 3078 1156 autem
3132 1118 3375 1171 magnam
3435 1113 3650 1171 partem

2071 1198 2286 1267 collegit
2318 1196 2715 1251 Combelisius:
2754 1195 2946 1262 quibus
3004 1194 3107 1246 alia
3162 1210 3331 1261 neque
3375 1210 3539 1263 pauca
3593 1204 3653 1248 et

2071 1288 2169 1358 ipsi
2201 1288 2491 1357 adjeciutus
2530 1303 2547 1346 ς
2589 1300 2758 1353 eaque
2785 1287 2961 1339 omnia
3000 1287 3230 1351 primum
3253 1298 3505 1353 congesta
3536 1302 3649 1340 non

2071 1379 2589 1448 soluntdigessimus,
2610 1378 2700 1432 sed
2726 1378 2887 1430 etiam
2911 1390 3036 1429 cum
3058 1376 3262 1443 pridem
3287 1377 3442 1429 editis
3468 1377 3651 1431 denuo

2071 1470 2419 1524 contulimus.

2145 1559 2229 1613 Vl.
2261 1558 2464 1612 I’rzrter
2492 1558 2751 1626 ejusmodi
2812 1574 3067 1627 germana
3106 1558 3462 1626 Amphilocltii
3508 1574 3649 1627 ope-

2074 1670 2190 1707 rum
2222 1654 2619 1721 (leperditorum
2655 1652 2977 1722 fragmenta,
3013 1668 3078 1705 ex
3113 1654 3334 1705 vetustis
3365 1653 3636 1706 ecclesia-

2074 1746 2222 1797 sticis
2252 1744 2605 1811 scriptoribus
2632 1746 2930 1811 desumpta,
2965 1752 3177 1796 exstant
3201 1753 3455 1811 prmterea
3489 1744 3644 1812 ejus-

410 1828 641 1893 genitum
702 1828 1092 1895 blasphemant.
1130 1846 1148 1879 t
1190 1828 1408 1881 Factum
1457 1828 1761 1903 dictumque
1801 1828 1965 1880 admi-
2000 1813 2041 1871 Β
2072 1837 2189 1890 de."
2239 1836 2409 1889 sancti
2471 1834 2647 1889 Patris
2695 1834 2866 1887 lumbi
2897 1835 2964 1887 ad
3002 1833 3296 1897 Seleucum,
3333 1849 3465 1901 quos
3512 1850 3643 1891 cum

412 1932 554 1970 ratus
586 1920 895 1987 imperator,
930 1920 1097 1987 legem
1126 1936 1154 1972 a
1186 1920 1341 1973 beato
1378 1920 1616 1973 antistite
1649 1904 1967 1987 postulatam

408 2012 674 2078 extemplo
722 2012 856 2065 tulit.
890 2012 1039 2077 Quod
1084 2022 1344 2078 superest,
1402 2012 1541 2063 idem
1570 2010 1969 2079 Amphilochius

409 2119 549 2155 anno
584 2102 687 2155 594
713 2104 988 2156 desinente
1009 2104 1234 2156 concilio
1255 2102 1842 2171 Constantinopolitano
1870 2104 1968 2156 sub

411 2189 661 2244 Nectario
702 2191 880 2245 habito
907 2191 1169 2257 interluit,
1226 2193 1277 2245 in
1314 2208 1420 2261 quo
1449 2192 1632 2261 Agapii
1664 2202 1718 2246 et
1752 2192 1967 2261 Bagadii

408 2284 497 2351 qui
522 2284 587 2336 de
635 2283 945 2337 Bostrorum
985 2285 1035 2337 in
1088 2284 1285 2337 Arabia
1317 2284 1627 2351 episcopatu
1684 2284 1968 2338 contende-

409 2375 559 2436 bant,
596 2389 753 2429 causa
789 2375 1003 2429 deﬁnita
1032 2383 1133 2429 est.
1168 2374 1291 2428 Post
1314 2376 1425 2429 hiet:
1466 2386 1642 2428 autent
1684 2390 1791 2443 quo
1833 2383 1967 2427 tem-

409 2477 535 2531 pore
560 2478 862 2532 supremum
899 2466 1036 2519 diem
1075 2466 1269 2519 obterit
1301 2477 1518 2520 sanctus
1554 2466 1771 2533 prtesul,
1825 2466 1964 2519 haud

405 2557 536 2610 satis
561 2565 644 2610 est
662 2557 1018 2625 exploratum,
1072 2569 1129 2612 ut
1182 2560 1361 2613 videre
1398 2568 1483 2613 est
1527 2560 1579 2612 in
1613 2559 1798 2627 primis
1824 2560 1962 2629 apud

407 2644 805 2701 Tillemontium
831 2646 922 2716 (c).
956 2647 1088 2703 Illud
1140 2649 1316 2716 potius
1349 2650 1750 2711 attendendum,
1792 2650 1962 2718 ipsmn

407 2737 609 2791 scilicet
638 2738 763 2791 dum
791 2738 963 2791 adhuc
1003 2739 1055 2791 in
1107 2742 1241 2793 vivis
1268 2750 1470 2809 ageret,
1498 2738 1761 2806 Gregorio
1790 2737 1965 2792 Theo-

405 2826 523 2896 logo
550 2835 684 2882 teste
718 2828 817 2897 (ά),
852 2828 1121 2883 miraculis
1144 2831 1420 2883 claruisse.
1452 2829 1580 2899 Ejus
1608 2844 1734 2883 vero
1764 2845 1965 2883 mento-

406 2921 483 2969 ria
510 2916 595 2970 die
628 2916 698 2969 25
750 2916 1064 2971 Novembris
1119 2919 1185 2971 ab
1220 2930 1443 2986 utraque
1499 2917 1731 2971 Ecclesia
1772 2919 1964 2973 recoli-

408 3019 515 3062 lttt‘.

479 3102 563 3154 IV.
600 3100 874 3167 Reliquum
905 3112 1004 3165 est,
1036 3112 1089 3154 ut
1112 3102 1175 3155 de
1208 3100 1374 3153 sancti
1420 3100 1597 3155 Patris
1627 3102 1793 3155 nostri
1818 3102 1960 3155 litte-

406 3207 583 3245 rarum
616 3191 957 3244 monimentis
1001 3192 1162 3243 verba
1206 3190 1486 3244 faciamus.
1519 3191 1581 3243 Et
1610 3190 1963 3261 Hieronymus

405 3281 615 3348 quidem
644 3280 838 3349 egregii
873 3281 1029 3331 unius
1059 3279 1177 3332 libri
1220 3278 1290 3332 De
1321 3278 1517 3346 Spiritu
1549 3292 1728 3331 sancto
1751 3280 1817 3331 ab
1838 3280 1967 3330 Atii-

404 3371 671 3441 philochio
701 3370 1007 3437 conscripti,
1049 3372 1366 3423 mentionem
1420 3370 1589 3439 injicit
1638 3371 1732 3438 (ε).
1787 3370 1966 3437 Neque

404 3461 456 3514 id
484 3475 611 3514 sane
641 3462 831 3513 mirum
872 3499 885 3512 .
926 3458 1044 3512 Non
1089 3462 1245 3525 enim,
1298 3460 1465 3526 inquit
1497 3458 1589 3529 (Ῑ),
1622 3461 1685 3512 de
1730 3460 1809 3512 Itis
1851 3476 1966 3528 qua:

404 3566 505 3603 non
544 3550 664 3619 legi,
694 3566 840 3603 nosse
869 3550 1049 3616 potui;
1083 3560 1128 3601 et
1157 3548 1291 3617 quod
1323 3549 1441 3602 aliis
1491 3548 1709 3618 forsitan
1761 3550 1829 3602 sit
1868 3566 1959 3602 no-

403 3654 535 3705 tum,
570 3642 695 3694 mihi
743 3643 797 3694 in
824 3641 917 3695 hoc
948 3652 1206 3694 terrarum
1254 3641 1446 3711 angulo
1478 3642 1960 3711 (Bethlehemitico)

402 3730 556 3799 fuerit
591 3732 839 3800 ignotum.
902 3733 969 3782 At
1005 3745 1131 3783 vero
1184 3730 1321 3783 idem
1370 3728 1557 3783 doctor
1593 3730 1857 3782 maximus
1896 3732 1961 3781 ad

403 3822 646 3891 Magnum
685 3832 953 3875 oratorem
978 3822 1219 3876 scribens
1246 3838 1383 3873 anno
1422 3822 1635 3874 circiter
1661 3822 1785 3883 397,
1818 3821 1963 3888 quiu-

401 3926 510 3980 que
539 3914 786 3967 nimirum
815 3923 933 3980 post
973 3928 1141 3966 annos
1160 3914 1225 3966 ab
1257 3913 1396 3967 edito
1423 3928 1518 3965 suo
1556 3912 1692 3965 libro
1735 3914 1808 3963 l)e
1840 3913 1961 3965 ciris

400 4002 713 4066 illustribus,
747 4019 812 4056 ex
831 4019 937 4072 quo
968 4014 1317 4056 memoratum
1355 4018 1492 4070 opus
1516 4001 1590 4055 De
1621 4001 1819 4071 Spiritu
1840 4020 1962 4055 son-

400 4106 482 4148 cto
508 4095 574 4148 ab
623 4094 993 4163 Amphilocbio
1039 4094 1138 4146 sib.
1191 4103 1379 4145 tectum
1420 4100 1682 4145 testatur:
1716 4092 1958 4145 eumdem

402 4188 898 4257 pnestantissimum
928 4185 1207 4254 pratsnlem
1252 4184 1602 4250 lconiensem,
1632 4184 1702 4237 ob
1751 4196 1959 4253 specta-

402 4290 508 4331 tam
535 4278 645 4345 jam
682 4287 735 4330 et
798 4278 885 4330 diu
944 4276 1208 4344 cognitam
1244 4276 1358 4341 ejus
1390 4276 1709 4340 doctrinam,
1765 4275 1960 4329 Basilio

402 4385 593 4438 magno
620 4380 671 4422 et
690 4368 946 4438 Gregorio
974 4366 1248 4434 Theologo
1270 4377 1515 4435 exaequat
1536 4367 1616 4421 bis
1632 4368 1807 4421 verbis
1838 4369 1911 4437 (g)
1942 4388 1953 4421 :

405 4453 625 4510 Exstant
656 4469 701 4511 et
731 4459 863 4511 Julii
906 4458 1144 4525 Africani
1187 4458 1325 4511 libri.
1356 4495 1371 4509 .
1410 4498 1425 4511 .
1460 4494 1476 4509 .
1512 4498 1525 4511 .
1562 4456 1957 4526 Cappadocum-
1992 4482 2033 4536 D

396 4563 494 4617 que
518 4548 724 4609 Basilii,
755 4546 1009 4617 Gregorii,
1033 4546 1388 4615 Amphilochii
1418 4565 1430 4599 :
1454 4548 1542 4616 qui
1564 4564 1738 4600 ontnes
1764 4549 1816 4599 in
1840 4559 1957 4600 tan-

400 4650 506 4690 tum
542 4638 959 4705 philosophorum
993 4637 1245 4688 doctrinis
1302 4646 1454 4705 atque
1513 4638 1776 4689 sententiis
1836 4654 1957 4690 suos

400 4726 686 4795 refarciunt
725 4726 917 4792 libros,
960 4737 1012 4777 ut
1070 4726 1268 4778 nescias
1320 4726 1442 4793 quid
1489 4726 1542 4777 in
1592 4726 1697 4778 illis
1734 4727 1957 4791 primum

398 4820 651 4871 admirari
682 4819 886 4879 debeas,
941 4817 1280 4870 eruditionem
1350 4817 1548 4880 saeculi,
1582 4835 1648 4869 an
1685 4818 1955 4870 scientiam

397 4909 809 4977 Scripturarnm.
841 4908 914 4961 Ex
946 4909 1062 4976 ipso
1095 4924 1221 4977 ergo
1252 4907 1577 4976 Hieronymo
1622 4919 1952 4975 compertum

400 5002 679 5066 habemus,
706 5000 977 5068 complura
1018 5000 1181 5053 fuisse
1214 5000 1280 5053 ab
1309 4999 1683 5067 Ampliilocltio
1726 4998 1953 5066 perscri-

394 5104 507 5159 pta,
537 5102 591 5144 et
617 5089 961 5144 multiformis
988 5090 1200 5159 quidem
1233 5090 1492 5144 doctrinae
1536 5090 1694 5143 laude
1742 5090 1953 5157 conspi-

462 5265 538 5333 (a)
566 5264 836 5319 Theodor.
865 5264 1005 5319 Ilist.
1039 5265 1161 5318 eccl.
1190 5264 1280 5317 lib.
1311 5279 1362 5328 v,
1389 5280 1507 5333 cap.
1540 5264 1627 5315 l6.

464 5337 537 5403 (ὁ)
570 5338 781 5389 Sozam.
818 5336 907 5387 lib.
944 5351 1034 5397 vn,
1066 5351 1184 5402 cap.
1212 5335 1261 5386 6.

462 5402 531 5471 (c)
564 5404 772 5457 'I‘illem.
806 5404 964 5456 Mém.
988 5406 1110 5456 eccl.
1154 5415 1280 5456 tum.
1312 5402 1401 5467 IX,
1434 5418 1553 5472 pag.
1586 5402 1707 5465 745,
1746 5412 1853 5457 not.
1892 5403 1946 5466 4,

387 5470 497 5529 Sur
524 5472 583 5527 S.
610 5475 837 5541 Amphil.
1510 5470 1523 5472 '

392 5617 403 5621 Δ
462 5543 734 5621 (d)_Greg.
762 5544 1093 5621 Naz_.ucart_n.
1128 5557 1199 5606 LI,
1226 5540 1522 5621 [mtuet-tl],
1568 5542 1600 5610 ᾖ
1658 5543 1785 5606 242,
1808 5542 1943 5611 Opp.

388 5612 527 5666 tom.
556 5614 617 5677 ll,
654 5612 775 5683 pag.
820 5613 920 5665 1'25
956 5612 1070 5683 led.
1100 5628 1219 5683 nov.
1256 5627 1308 5681 p.
1344 5612 1525 5681 1017].

483 5686 531 5748 e)
561 5680 776 5737 Hieron.
807 5684 895 5734 lib.
925 5680 999 5734 De
1025 5682 1119 5734 rir.
1151 5680 1343 5733 illustr.
1373 5680 1499 5749 cap.
1520 5680 1637 5734 l55.

481 5754 525 5820 1)
554 5753 629 5808 Id.
665 5754 715 5807 in
746 5754 952 5821 prolog.
986 5759 1049 5806 ad
1080 5753 1170 5805 lib.
1208 5752 1281 5805 De
1321 5754 1415 5805 vir.
1445 5751 1635 5804 illustr.
1688 5750 1691 5757 ’

2073 1926 2391 1994 metaphrasi
2418 1924 2603 1978 Latina
2633 1925 2861 1993 primum
2904 1924 3067 1978 edidit
3104 1922 3465 1993 Sehleusingte
3494 1940 3648 1978 anno

2073 2017 2205 2070 1609
2236 2015 2546 2070 Joachimus
2580 2014 2871 2068 Zehnerus.
2908 2014 3043 2068 Sunt
3084 2025 3260 2067 autem
3294 2028 3478 2069 versus
3507 2016 3645 2083 353,

2069 2121 2271 2175 eosque
2318 2106 2369 2159 in
2406 2107 2510 2158 line
2548 2105 2864 2158 adnumerat
2894 2106 3120 2172 ipsemet
3176 2114 3361 2157 auctor
3400 2120 3492 2171 per
3528 2117 3647 2158 tres

2072 2198 2451 2254 hecatontsdas
2493 2205 2547 2250 et
2587 2197 2817 2250 decadas
2860 2196 3078 2250 totidem
3107 2210 3169 2249 ac
3214 2199 3468 2249 mouadas
3504 2206 3642 2261 tres,

2069 2292 2133 2344 ad
2166 2289 2266 2344 SS.
2300 2288 2617 2343 Trinitatem
2645 2288 2887 2341 videlicet
2919 2287 3229 2353 reSpicieus.
3259 2288 3330 2340 De
3354 2289 3533 2366 operis
3555 2290 3646 2341 in-

2072 2382 2323 2452 tegritate
2364 2380 2630 2433 dissident
2665 2380 2877 2435 eruditi.
2910 2378 3095 2432 Billius
3145 2380 3347 2447 primus
3387 2382 3638 2433 omnium

2069 2474 2166 2526 hos
2198 2471 2405 2523 lambos
2450 2470 2711 2539 Gregorio
2751 2469 3089 2522 Nazianzetto
3133 2484 3373 2523 asserere
3421 2470 3641 2533 nititur,

2067 2581 2130 2618 ex
2161 2562 2453 2630 antiquarii
2505 2578 2611 2630 quo
2654 2576 2781 2614 usus
2824 2570 2907 2613 est
2949 2558 3249 2626 ltujusmodi
3285 2560 3639 2628 conjectura:

2067 2658 2173 2710 Καὶ
2196 2657 2368 2709 ταῦτα
2399 2655 2543 2708 δοκεῖ
2572 2671 2658 2723 μοι
2685 2652 2777 2705 τοῦ
2817 2652 3074 2719 Θεολὸγου
3112 2652 3392 2721 τυγχάνειν
3416 2650 3641 2722 φρενὸς,

2065 2746 2138 2809 ὡς
2170 2746 2317 2815 παρὰ
2351 2732 2695 2815 Ἀμῲιλοχίου
2727 2743 3024 2814 γραφένταο
3064 2741 3193 2795 11αέ
3234 2744 3359 2795 mihi
3393 2744 3645 2795 videnlur

2067 2853 2097 2886 a
2134 2835 2377 2903 Tlteologi
2428 2845 2594 2886 mente
2644 2833 2895 2901 profecta,
2936 2844 3183 2898 tanquam
3224 2834 3317 2884 sub
3360 2832 3640 2898 Amphilo-

2070 2921 2177 2973 c/tit'
2203 2923 2408 2973 nomine
2450 2922 2641 2986 scripta
2680 2936 2697 2972 :
2737 2936 2797 2972 ea
2824 2921 3076 2973 nimirum
3110 2921 3334 2983 ratione,
3362 2935 3463 2987 qua
3512 2919 3631 2973 Na-

2068 3012 2359 3065 zianzenus
2414 3010 2480 3063 ad
2520 3008 2830 3062 Nicobulum
2880 3026 2943 3063 ex
2982 3010 3218 3063 Nicobuli
3255 3011 3343 3063 lilii
3380 3026 3638 3078 persona,

2066 3111 2113 3153 et
2150 3100 2251 3152 alia
2304 3100 2545 3167 qttatdam
2581 3097 2644 3149 ad
2670 3097 3003 3171 Vitalianum
3051 3111 3322 3167 parentem
3368 3100 3642 3171 ἄστοργον

2067 3191 2299 3258 scripsit.
2331 3209 2347 3239 ι
2389 3188 2523 3241 Sunt
2547 3188 2914 3248 nihilominus,
2950 3189 3120 3256 inquit
3157 3190 3507 3244 Combelisius
3526 3192 3639 3260 (Ii),

2069 3285 2178 3335 lttec
2210 3282 2428 3341 leviora,
2470 3295 2626 3347 quam
2672 3287 2730 3331 ut
2777 3278 2933 3332 ﬁdem
2964 3280 3207 3332 codicum
3244 3280 3636 3334 vindicantium

2065 3372 2435 3439 Amphilochio
2478 3371 2707 3425 clevent.
2763 3369 3001 3423 Primum
3060 3374 3201 3424 enim
3250 3372 3423 3426 minus
3487 3389 3633 3440 qua-

2066 3462 2221 3513 drant
2267 3461 2355 3513 hic
2410 3460 2579 3525 posita
2636 3459 2700 3512 de
2735 3458 2885 3512 libris
2919 3460 3194 3513 canonicis
3229 3476 3351 3513 cum
3404 3462 3467 3514 iis
3510 3478 3641 3529 qua:

2068 3552 2225 3603 habet
2276 3549 2719 3620 Tlteologus(i),
2764 3550 2851 3604 ubi
2903 3550 3145 3605 absolute
3203 3552 3512 3620 pronuntiat
3564 3554 3641 3607 de

2064 3639 2211 3692 Pauli
2244 3639 2495 3706 Epistolis
2518 3650 2570 3691 et
2608 3651 2809 3706 septem
2850 3640 3149 3703 catholicis,
3182 3640 3321 3693 nulla
3354 3642 3639 3695 mentione

2065 3731 2184 3784 libri
2219 3730 2410 3783 Esther
2437 3738 2527 3782 aut
2560 3730 2929 3799 Apocalypsis.
2965 3728 3098 3783 Tum
3129 3730 3253 3798 quia
3283 3731 3529 3785 videntur
3573 3734 3636 3787 lii

2063 3820 2225 3874 Itltllbi
2283 3835 2386 3872 non
2438 3820 2509 3873 ita
2565 3823 2822 3874 accedere
2869 3821 2933 3873 ad
2979 3821 3301 3874 cothurnum
3336 3821 3633 3891 Gregoria-

2064 3930 2213 3971 nutn.
2242 3912 2524 3979 potiusque
2558 3912 2757 3964 referre
2792 3910 3000 3967 facilem
3028 3913 3387 3981 Atnphilochii
3415 3930 3636 3977 venant,

2063 4019 2124 4055 ac
2162 4000 2402 4054 nonnihil
2435 4001 2684 4054 licentius
2717 4003 3004 4055 decurrere
3044 4013 3096 4055 et
3127 4003 3264 4073 stylo
3286 4004 3469 4057 soluite
3502 4022 3637 4059 ora-

2063 4094 2188 4146 tioni
2237 4092 2673 4161 propinquiori...
2714 4091 2866 4157 ltem,
2901 4094 3027 4160 quid
3070 4105 3213 4147 vetat
3264 4105 3320 4147 ut
3357 4094 3638 4165 Theologo

2062 4183 2298 4251 a-qualis,
2328 4184 2477 4249 isque
2510 4182 2620 4248 ipse
2654 4181 2799 4233 omni
2836 4182 3183 4235 scientiarunt
3220 4198 3415 4252 genere
3442 4186 3638 4235 excul-

2064 4284 2146 4327 tus
2176 4288 2238 4327 ac
2265 4272 2418 4342 plane
2444 4273 2527 4325 vir
2555 4270 3001 4340 ἐλλογιμώτατος.
3031 4273 3188 4325 etiam
3228 4282 3397 4326 metro
3438 4273 3639 4326 Seleu-

2061 4378 2180 4414 cum
2234 4362 2552 4425 instituerit,
2608 4362 2672 4413 ad
2714 4376 2870 4426 quem
2910 4376 3065 4430 prosa
3106 4362 3269 4414 semel
3320 4372 3372 4415 et
3426 4362 3631 4415 iterum

2062 4469 2182 4505 eum
2217 4453 2498 4520 scripsisse
2524 4453 2822 4521 dogtuatica
2854 4453 3078 4519 probant
3115 4468 3232 4520 qua:
3279 4453 3392 4521 ejus
3420 4453 3634 4521 prodit-

2066 4544 2235 4598 cintus
2273 4542 2611 4612 fragmenta?
2645 4541 2752 4595 Nec
2811 4553 2892 4596 est
2939 4542 3112 4595 simile
3156 4543 3207 4596 itt
3251 4544 3372 4597 aliis
3419 4543 3626 4609 allatis,

2067 4634 2328 4700 inquibus
2353 4634 2530 4685 statim
2557 4633 2728 4700 palam
2760 4644 2840 4685 est
2872 4645 3144 4701 assumpta
3177 4650 3425 4702 persona.
3446 4634 3631 4689 Etiam

2066 4721 2341 4774 Balsamon
2377 4722 2536 4774 habet
2564 4732 2621 4773 ttt
2663 4723 3139 4791 Amphilochiiﬁ),
3176 4726 3481 4795 passimque
3516 4726 3633 4779 Da-

2066 4826 2347 4866 mascenus
2386 4813 2437 4864 in
2471 4810 2754 4864 Elementis
2801 4817 2965 4870 emin.
3010 4814 3384 4881 llupifucaldii.
3428 4836 3446 4867 ι
3497 4815 3635 4873 llaec

2064 4917 2223 4970 porro
2253 4900 2437 4956 eadem
2460 4916 2579 4970 qua:
2609 4902 2867 4956 hactenus
2891 4903 3263 4967 Gombelisius,
3304 4906 3496 4973 repetit
3526 4923 3634 4959 at:-

2062 5004 2253 5064 getque
2285 4993 2655 5048 Tillemoutius
2686 4994 2782 5062 (lt),
2825 4994 2946 5047 licet
2978 4997 3152 5064 operis
3183 5008 3451 5051 auctorem
3487 4999 3632 5050 Am-

2061 5086 2385 5156 philochium
2419 5085 2584 5140 libere
2611 5097 2855 5140 astruere
2884 5102 2987 5141 non
3019 5089 3227 5141 audeat.

2130 5261 2205 5331 (g)
2231 5261 2306 5335 ltl.
2336 5263 2492 5335 epist.
2524 5263 2592 5316 70
2620 5263 2749 5316 alias
2782 5262 2887 5335 84,7
2917 5264 2985 5335 nd
3017 5264 3262 5333 Magnum
3290 5274 3447 5330 orat.,
3476 5266 3503 5335 §
3550 5283 3630 5321 tv.

2150 5335 2202 5401 It)
2230 5333 2467 5387 Combef.
2500 5344 2608 5385 not.
2642 5338 2704 5384 ad
2740 5334 2969 5401 Ampltil.
2996 5350 3111 5400 pag.
3140 5336 3263 5387 23.3.

2150 5336 2202 5401 It)
2230 5336 2467 5387 Gntnbef.
2500 5344 2608 5385 not.
2642 5338 2704 5384 ad
2740 5336 2969 5401 Amphil.
2996 5350 3111 5400 pag.
3140 5336 3263 5387 23.3.

2126 5336 2402 5476 ii)‘_Greg.
2452 5401 2580 5476 Nae.
2622 5418 2802 5476 carm.
2855 5402 3234 5476 xxxttt_[uuuc
3290 5403 3427 5476 t'ttt].
3473 5404 3623 5473 Opp.

2057 5482 2184 5524 tont.
2218 5471 2278 5533 Il,
2311 5488 2427 5541 pag.
2456 5472 2523 5524 9S
2549 5472 2654 5541 [etL
2683 5487 2803 5526 nov.
2839 5490 2889 5540 p.
2930 5471 3105 5541 1089].

2128 5542 2454 5661 ljjblizgsattt.
2484 5542 2773 5594 Comment.
2804 5558 2924 5613 pag.
2956 5542 3147 5598 656‘ct
3181 5544 3316 5598 1082
3360 5544 3487 5598 edit.
3518 5543 3595 5597 Pa

2060 5611 2151 5665 ris.
2180 5611 2335 5664 1620.

2131 5680 2441 5754 (k)‘_'l'il_lcut.
2466 5679 2693 5754 lllemor.
2724 5681 2845 5734 εδει.
2873 5692 3000 5735 ιοιη.
3020 5681 3108 5749 IX,
3138 5700 3254 5754 pag.
3287 5683 3408 5747 746,
3436 5694 3551 5737 nul.
3572 5684 3633 5748 6,

2060 5748 2166 5803 Sur
2200 5748 2257 5804 S.
2291 5750 2515 5813 Amp/tit.
