3744 6308
142 439 194 491 15
1471 425 1628 482 VITA
1664 424 1990 492 ANTIQUA.
3273 426 3340 482 I4

204 554 377 608 Verum
405 552 472 605 ad
502 549 884 603 Vindicandum
928 560 1146 602 carmen
1188 545 1478 601 iambienm
1515 555 1669 600 extra
1704 553 1746 607 Α
1775 562 1931 614 quam
1962 544 2157 599 saeculo
2190 543 2467 614 superiore
2494 542 2774 598 desinente
2824 544 2878 598 in
2924 544 3098 599 lucem
3139 548 3335 601 extulit

142 662 325 699 omnem
373 642 722 697 dubitationis
786 640 955 694 aleam
1022 640 1273 708 episcopo
1321 647 1508 693 nostro
1563 638 1677 690 Ico-

144 737 306 800 niensi,
334 744 524 800 pneter
555 732 777 788 codices
803 748 964 786 manu
998 740 1249 784 exaratos
1277 744 1414 799 quos
1443 744 1551 798 prae
1574 743 1678 782 eae-

145 829 253 881 teris
295 824 484 879 euitat
540 822 1115 889 Moutlauconius(a),
1170 833 1409 877 veterum
1467 836 1679 892 quoque

144 919 427 985 Scriptorum
473 916 685 969 accedit
725 916 1036 977 auctoritas,
1085 932 1189 969 non
1237 915 1409 969 solum
1456 912 1680 968 Joannis

144 1004 421 1059 Daitiaseeni
453 1014 505 1058 et
540 1003 904 1067 Balsamonis,
933 1020 1160 1072 quorum
1194 1003 1435 1058 meminit
1451 1001 1678 1056 Combe-

142 1098 284 1159 lisius.
320 1098 405 1151 sed
436 1097 595 1149 etiam
620 1094 841 1150 Zonaras
875 1096 951 1166 (b)
981 1095 1295 1149 Balsamone
1329 1094 1673 1163 antiquioris:

141 1187 249 1251 quin
288 1197 344 1240 et
384 1184 592 1238 Cosnue
639 1184 1059 1255 lndicopleustar,
1103 1187 1192 1254 qui
1238 1185 1383 1239 circa
1441 1185 1675 1238 medium

140 1277 296 1333 saeculi
347 1294 395 1332 νι
441 1279 686 1333 Ilornisse
744 1278 1056 1346 perhibetur
1098 1278 1189 1349 (ο).
1234 1278 1674 1346 Quandoquidem

136 1385 245 1424 vero
275 1370 507 1438 ejusdem
542 1370 750 1424 Cosmaa
778 1370 951 1424 locum
986 1372 1085 1423 hac
1118 1372 1182 1423 de
1210 1385 1265 1424 re
1298 1386 1454 1423 nemo
1495 1372 1676 1425 hacte-

140 1477 223 1514 nus
249 1461 640 1526 animadvertit,
674 1476 743 1515 ne
776 1462 887 1530 ipse
914 1461 1125 1528 quidem
1161 1460 1437 1516 Fabricius
1460 1463 1677 1531 Amphi-

135 1550 275 1603 lochii
324 1551 517 1618 scripta
555 1565 861 1608 recensens,
907 1551 1081 1618 ipsum
1130 1562 1411 1619 propterea
1462 1553 1562 1605 huc
1596 1553 1677 1605 af-

134 1642 480 1708 lerrejuverit.
501 1642 591 1695 Sic
611 1643 771 1710 igitur
787 1642 873 1695 ille
888 1643 964 1709 (ά)
981 1658 995 1697 :
1015 1642 1361 1712 Ἀμιριλόχιος
1380 1643 1675 1707 ἐπίσκοπος

132 1733 396 1801 γενόμενος
425 1732 517 1784 τοῦ
552 1733 789 1797 Ἰκονίου,
817 1734 967 1801 φίλος
996 1734 1091 1786 καὶ
1115 1734 1428 1796 κοινωνικὸς
1448 1733 1541 1786 τοῦ
1572 1751 1674 1804 μα-

130 1826 305 1893 καρίου
334 1825 626 1887 Βασιλείου,
660 1827 754 1878 καὶ
779 1826 937 1889 αὐτὸς
969 1827 1026 1879 ἐν
1053 1828 1164 1889 τοῖς
1192 1825 1343 1894 πρὸς
1368 1825 1675 1881 Σέλευκον

1779 636 2095 700 (ἶοιθὲειίιις,
2125 650 2280 689 nemo
2308 644 2389 689 est
2423 636 2510 703 qui
2536 634 2772 705 ambigat
2801 653 2814 689 :
2853 636 2948 689 Est
2973 637 3137 701 enim,
3170 637 3345 706 inquit

1780 730 1847 785 el.
1884 729 2076 793 editor,
2121 738 2228 783 tota
2277 727 2747 796 Amphilochiana,
2788 728 3080 795 Basiliana,
3138 727 3347 799 Grego-

1782 823 1950 875 riana.
1982 819 2055 874 De
2087 836 2148 874 ea
2179 819 2418 888 pluribus
2447 819 2818 873 Tillemontius
2839 820 2936 890 (Ῑ).

1850 909 1923 965 Ex
1953 921 2075 966 octo
2098 920 2274 966 autem
2304 910 2638 965 orationibus
2665 926 2799 979 quas
2836 912 2935 965 sub
2976 911 3338 979 Amphilochii

1782 1007 1994 1058 nomine
2036 1004 2203 1057 edidit
2228 1003 2602 1065 Combelisius,
2630 1005 2864 1072 quinque
2900 1013 3107 1057 tantum
3149 1004 3342 1073 selegi-

1781 1111 1919 1161 tuus,
1958 1097 2125 1149 tribus
2152 1095 2390 1164 reliquis,
2422 1110 2540 1147 cum
2572 1096 2756 1148 eodem
2788 1094 3009 1158 editore,
3041 1096 3144 1148 alio
3166 1111 3342 1148 aman-

1780 1188 2026 1257 dalis(g).
2062 1187 2229 1241 Porro
2260 1187 2324 1240 de
2357 1187 2438 1241 his
2476 1188 2723 1241 omnibus
2778 1186 3023 1239 laudatus
3052 1185 3344 1240 Tillemon-

1781 1280 1885 1332 tius
1922 1294 2021 1347 pro
2058 1292 2205 1332 more
2254 1293 2351 1332 suo
2402 1289 2650 1332 accurate
2692 1279 2824 1331 satis
2870 1278 3197 1349 disseritth).
3232 1277 3345 1333 Hoc

1781 1388 1944 1425 unum
1974 1372 2240 1434 addimus,
2287 1371 2583 1425 orationem
2630 1368 2876 1423 videlicet
2914 1384 2973 1429 ιι,
3008 1368 3084 1420 De
3122 1385 3342 1421 occursu

1780 1462 2010 1526 Domini,
2039 1462 2412 1531 Ampliilochio
2459 1461 2627 1515 asseri
2668 1476 2733 1514 ex
2782 1461 2965 1514 codice
3008 1461 3343 1515 bibliotheca:

1778 1550 2025 1605 Medicea‘
2082 1551 2219 1617 apud
2262 1549 2715 1603 Montfauconium
2760 1550 2856 1616 (i);
2897 1548 2984 1615 qui
3026 1556 3080 1601 et
3116 1548 3341 1602 alterum

1778 1640 2112 1694 bibliotheca:
2166 1640 2449 1694 Sl‘ortiana:
2484 1638 2725 1692 codicem
2766 1638 2948 1691 laudat
2988 1637 3075 1707 (j),
3120 1653 3186 1691 ex
3236 1654 3343 1707 quo

1776 1732 1946 1787 eidem
1980 1732 2235 1786 Ieouiensi
2267 1732 2493 1785 antistiti
2541 1730 2804 1785 astruitur
2837 1730 3009 1783 oratio
3042 1743 3125 1797 ιιι,
3151 1731 3204 1783 in
3240 1728 3345 1783 La-

1778 1840 1959 1877 zarum
1988 1826 2424 1894 quatriduanum.

131 1916 261 1984 αὐτῷ
295 1920 575 1985 γραφεῖσιν
596 1916 827 1985 ἰάμϐοις
856 1917 1332 1988 ἀμφιϐαλλομὲνας
1364 1918 1533 1981 αὑτὰς
1558 1919 1674 1986 (τὰς

1853 1914 2023 1967 Vitam
2067 1913 2281 1967 demum
2337 1911 2701 1982 Amphilochii
2759 1926 2918 1981 quam
2984 1913 3174 1967 damus
3226 1922 3343 1983 post

132 2005 425 2073 καθολικὰς)
446 2006 675 2072 ἐξεῖπεν.
704 2007 759 2061 Id
796 2016 879 2061 est
910 2025 923 2061 :
950 2008 1337 2073 Amphilochius
1372 2007 1542 2061 Iconii
1569 2010 1677 2075 epi-

130 2114 323 2165 scopus,
350 2099 545 2150 amicus
590 2109 635 2150 et
674 2097 958 2164 familiaris
998 2096 1135 2150 beati
1195 2097 1405 2162 Basilii,
1448 2113 1499 2151 IN
1552 2098 1677 2150 Ian-

132 2204 194 2241 εις
215 2204 331 2242 suis
356 2204 421 2241 AD
449 2187 730 2242 Seecucuu
774 2190 977 2255 scriptis
1026 2188 1216 2241 dubias
1266 2188 1385 2241 illas
1431 2187 1679 2252 (catholi-

132 2293 206 2331 cas
230 2278 521 2347 Epistolas)
547 2280 925 2342 pronuntiavit.
972 2279 1049 2332 Eo
1092 2278 1307 2347 quidem
1355 2278 1456 2333 loci
1501 2278 1678 2332 minus

135 2381 373 2425 accurate
422 2370 653 2439 loquitur
692 2372 792 2424 iste
839 2371 1130 2424 monachus
1161 2370 1447 2440 Egyptius
1490 2372 1555 2425 de
1587 2385 1677 2424 se-

134 2468 256 2524 ptem
294 2462 571 2515 catholicis
604 2460 875 2529 Epistolis,
909 2470 967 2513 ut
1008 2461 1171 2530 probe
1198 2462 1431 2515 advertit
1461 2462 1544 2515 vir
1582 2460 1675 2514 do-

131 2552 387 2605 ctissimus
417 2552 486 2621 (e)
516 2570 529 2604 :
558 2567 741 2605 verum
784 2553 851 2604 ad
898 2566 1009 2604 rem
1061 2561 1303 2605 nostram
1355 2553 1486 2606 satis
1531 2562 1675 2622 apte,

131 2646 312 2713 quippe
356 2648 444 2713 qui
506 2642 718 2697 iambos
770 2643 1242 2712 Amphilochianos
1302 2654 1557 2712 agnoscat
1589 2645 1674 2714 (‘).

134 2741 196 2792 Ex
224 2740 411 2806 quibus
439 2753 587 2806 ergo,
619 2751 733 2792 mea
787 2736 1000 2804 quidem
1038 2735 1328 2800 sententia,
1364 2736 1543 2791 nullus
1576 2741 1676 2791 du-

133 2831 317 2882 bitandi
349 2831 493 2883 locus
526 2828 866 2897 relinquitur,
907 2827 1035 2895 quin
1080 2840 1297 2880 carmen
1329 2826 1455 2879 illud
1481 2826 1677 2880 iambi-

133 2936 235 2972 cum
287 2930 535 2988 tanquam
587 2920 829 2973 sincerus
861 2916 1221 2986 Amphilochii
1275 2917 1413 2971 fetus
1463 2918 1533 2972 sit
1584 2918 1680 2972 ha-

134 3011 362 3063 bettdutn.

193 3099 296 3153 VII.
324 3101 393 3155 De
416 3101 685 3171 synodica:
716 3099 1073 3170 Amphilochii
1104 3100 1339 3168 epistolae
1359 3101 1679 3173 γνησιότητι

1778 2006 2188 2070 Combelisium,
2240 2006 2526 2075 descripsit
2582 2006 2755 2060 editor
2812 2021 2878 2059 ex
2943 2006 3091 2074 regio
3156 2006 3342 2059 codice

1778 2098 2088 2166 n.xcu,qui
2109 2099 2244 2152 etde
2274 2097 2359 2152 illa
2383 2098 2495 2151 haec
2520 2098 2679 2151 habet
2694 2098 2765 2166 (Is)
2794 2115 2809 2152 :
2841 2117 2859 2148 σ
2884 2098 2995 2166 Ipsa
3026 2106 3108 2152 est
3129 2098 3343 2166 antiqua

1779 2189 2138 2258 Amphilochii
2178 2188 2320 2254 Vita,
2360 2206 2464 2243 non
2492 2205 2652 2258 quam
2683 2191 3071 2261 Metaphrastes
3102 2191 3240 2260 stylo
3266 2206 3347 2243 or-

1778 2282 1927 2334 navit
1981 2295 2043 2334 ae
2098 2280 2439 2352 μεταφράσει
2478 2280 2752 2334 reddidit:
2786 2282 3041 2349 quidquid
3087 2282 3218 2335 mihi
3256 2282 3339 2351 ju-

1780 2372 1935 2436 niori,
1983 2386 2172 2441 meque
2216 2382 2401 2428 secuto
2444 2373 2693 2443 Philippo
2720 2372 2900 2426 Lalihe
2926 2373 3181 2442 obrepsit.
3223 2392 3242 2425 ι
3285 2374 3347 2427 Et

1778 2462 1900 2516 alibi
1931 2461 1988 2533 (ι)
2020 2481 2034 2516 :
2067 2480 2085 2512 ι
2127 2462 2381 2518 Eamdem
2429 2466 2587 2519 vitam
2624 2464 2785 2519 habet
2812 2464 3063 2533 Aloysius
3094 2462 3346 2534 Lipoma-

1779 2568 1882 2604 nus
1915 2562 2043 2605 tom.
2079 2550 2141 2616 V,
2177 2561 2231 2605 et
2256 2568 2320 2607 ex
2356 2568 2421 2607 eo
2464 2553 2655 2608 Surius
2687 2570 2820 2608 χχιιι
2852 2553 3203 2622 Novembris;
3234 2570 3348 2608 ma-

1779 2642 1875 2698 iori
1910 2654 2087 2697 tamen
2134 2646 2421 2699 verborum
2461 2644 2625 2708 ﬂuxu,
2660 2660 2821 2715 quam
2866 2644 3061 2699 habeat
3100 2644 3347 2701 laudatus

1779 2736 1945 2789 codex
1976 2735 2196 2803 regius:
2227 2751 2398 2805 eoque
2428 2736 2523 2791 fuit
2552 2738 2741 2792 Latina
2764 2739 2942 2792 versio
2972 2736 3175 2792 Graecis
3202 2755 3348 2794 com-

1780 2826 2042 2895 ponenda,
2088 2842 2181 2881 seu
2242 2829 2418 2896 potius
2466 2845 2600 2883 nova
2637 2830 2945 2883 adornanda
3003 2849 3016 2885 :
3069 2829 3345 2885 nonnullis

1780 2919 1939 2970 etiam
1988 2933 2050 2972 re
2090 2918 2240 2988 ipsa,
2301 2935 2605 2990 quanquam
2664 2923 2887 2977 minoris
2942 2923 3236 2989 momenti,
3295 2926 3345 2977 in

1782 3015 1965 3061 nostro
1998 3018 2053 3061 et
2088 3023 2195 3078 quo
2230 3025 2357 3065 usus
2402 3021 2485 3066 est
2516 3011 2795 3081 Lipomani
2833 3015 3122 3083 interpres,
3165 3016 3349 3071 codice

1782 3099 2027 3155 diversis.
2060 3120 2078 3152 ι

192 3235 477 3309 (aiblontl.
504 3236 642 3309 Bibl.
676 3237 797 3292 bibl.
830 3235 1030 3309 tomal,
1056 3253 1174 3308 pag.
1196 3238 1592 3301 257A,etlom.
1616 3240 1678 3304 II,
1711 3231 1751 3285 C
1856 3231 1932 3309 (Γ)
1960 3233 2179 3309 Tillem.
2212 3235 2370 3309 diem.
2409 3238 2532 3291 eccl.
2565 3249 2692 3292 tom.
2713 3239 2801 3297 IX.
2834 3256 2955 3309 pag.
2998 3241 3102 3294 624
3125 3256 3242 3309 seq.

132 3318 241 3375 pag.
272 3306 402 3359 1050
435 3307 492 3369 ι),
532 3307 670 3362 1055
701 3308 759 3371 Ε,
798 3309 926 3361 1551
967 3308 1024 3359 Β.

190 3377 258 3444 (bl
290 3377 482 3430 Zonar.
510 3376 800 3431 Comment.
827 3394 947 3445 pag.
977 3377 1081 3430 “5
1105 3378 1232 3430 edit.
1268 3377 1440 3433 Paris.
1478 3377 1635 3431 1618.

192 3447 257 3514 (c)
282 3446 468 3499 Moutl.
498 3447 712 3501 Przefat.
745 3450 811 3501 ad
838 3451 1018 3501 Cosm.
1039 3447 1259 3515 Topogr.
1281 3447 1606 3517 Christ.cap.
1630 3449 1682 3513 1,

282 3583 459 3639 Cosm.
487 3585 653 3639 lndic.
681 3585 876 3640 Christ.
906 3586 1126 3653 Topogr.
1154 3587 1249 3641 lib.
1285 3603 1376 3640 VII.

133 3658 289 3777 ω(εέ
310 3655 599 3795 Βὲοιιιῐλιιε.
654 3656 871 3712 Ριέιιῐειι.
902 3658 968 3711 ad
1004 3659 1184 3711 CUSIII.
1222 3655 1418 3711 Christ.
1455 3656 1675 3726 Topogr.

188 3741 234 3791 p.
294 3766 308 3788 ,
391 3741 443 3777 ι.

188 3741 359 3791 p.o,3
391 3741 443 3777 ι.

1859 3305 1929 3371 (9)
1948 3304 2192 3388 ρειιιιὺθΐ.
2219 3306 2444 3362 Recens.
2469 3320 2611 3363 auct.
2642 3312 2707 3363 ad
2734 3304 2867 3363 Bibl.
2895 3304 3129 3366 cunctati.
3159 3304 3287 3366 tum.
3307 3313 3346 3376 I,

1826 3388 1910 3427 (ιιι.
1947 3394 2000 3427 ί).

1789 3388 2311 3521 Ρθῗξιῆἰιιειηιιηᾳ.
2347 3462 2467 3521 pag.
2505 3447 2629 3511 747,
2660 3458 2769 3521 not.
2803 3449 2853 3521 7,
2889 3448 2992 3504 Sur
3024 3451 3086 3506 S.
3120 3452 3346 3521 Amphil.

1857 3514 1920 3647 fi)
1954 3513 2141 3597 Menti.
2173 3517 2309 3569 Bibl.
2345 3513 2469 3598 bibl.
2507 3534 2624 3602 pag.
2655 3518 2759 3574 258
2793 3519 2854 3573 C.

1873 3591 1922 3647 1)
1959 3584 2036 3639 ld.
2060 3587 2189 3640 tbtd.
2224 3601 2343 3647 pag.
2387 3588 2480 3641 :02
2511 3591 2571 3644 IL.

1873 3584 1922 3650 ι)
1959 3584 2036 3639 ld.
2060 3587 2189 3640 ibid.
2224 3601 2343 3655 pag.
2380 3588 2480 3641 702
2510 3584 2571 3644 Ε.

1880 3654 1927 3719 k)
1963 3656 2203 3709 Conibel'.
2232 3657 2270 3710 Ι.
2300 3654 2349 3710 c.

1880 3658 1927 3719 k)
1963 3658 2203 3709 Combel'.
2232 3658 2270 3710 ι.
2303 3674 2349 3710 c.

1857 3658 1919 3793 ξι)
1957 3724 2029 3778 Id.
2074 3726 2127 3778 in
2162 3736 2273 3779 not.
2304 3727 2370 3781 ad
2398 3727 2660 3794 Amphil.,
2690 3742 2742 3796 p.
2770 3728 2894 3783 279.

194 3842 253 3917 (Ἀ)
273 3842 507 3917 Alterius
534 3843 755 3917 ‘Cosmae
786 3843 1540 3917 testimoniumﬂadiliposset
1579 3841 1668 3912 qui
1703 3842 1752 3917 in
1811 3840 2043 3917 SC_II0lijS
2075 3842 2137 3893 ad
2172 3842 2415 3917 Gregorii
2448 3844 2772 3917 Nazianaeni
2819 3862 3036 3901 carmen
3068 3847 3149 3899 Ad
3173 3848 3353 3917 Olymv

135 3910 268 3983 piada
298 3914 405 3981 (ap.
442 3912 545 3966 Mai
582 3914 829 3983 Spicileg.
868 3914 1045 3980 Bone,
1072 3924 1109 3967 ι.
1144 3913 1206 3977 ll,
1244 3930 1294 3979 p.
1326 3909 1444 3977 197,
1491 3923 1544 3967 et
1582 3909 1718 3979 apud
1752 3926 1849 3983 nos
1878 3912 1928 3963 in
1957 3909 2220 3983 AGregorio
2247 3909 2612 3983 Nazianzeno)
2660 3915 2947 3968 lambicum
2973 3919 3040 3970 ad
3076 3909 3353 3972 Seleucum

136 3980 481 4061 thnphiloehio
514 3983 701 4061 tribuit
730 3980 811 4039 his
836 3986 1011 4061 verbis
1046 4002 1060 4037 :
1093 3984 1324 4061 Ταύτης.
1331 3984 1386 4036 δὲ
1416 3984 1513 4054 τῆς
1546 3982 1666 4061 Ὀλὲ)

1853 3998 1904 4061 ac;
1945 3981 2254 4061 ἁδξλςειδοῦξ
2287 3983 2547 4061 Σεξλιευκος
2569 3981 2840 4061 ,ἦ-νηπρὸς
2873 3986 2947 4061 ὃνΛ
2963 3986 3059 4056 τὴν
3096 3987 3354 4061 ὶᾳμὸικὴν

138 4050 390 4126 {messim
435 4049 779 4124 ’Δμςριλόχιος
813 4054 1159 4125 γεγράφηκεν
1192 4049 1418 4107 ...Ὀιιιιι
1450 4049 1576 4126 vero
1624 4051 1674 4126 P_:

1853 4051 2175 4106 Benedictini
2230 4049 2523 4109 lambicuut
2567 4049 2695 4109 illud
2744 4049 2885 4110 inter
2912 4049 3085 4126 Opera
3123 4049 3355 4111 Nazian~

136 4122 240 4172 zeni
260 4122 600 4188 retinueriut,
640 4122 709 4178 ab
738 4122 1117 4179 eis'dtscede're
1143 4125 1436 4179 noluimus.
1472 4123 1628 4175 EDIT.
1656 4122 1825 4175 Pun.

3186 4274 3356 4284 _.—_.

943 4373 1170 4459 ΤΟΥ
1206 4370 1783 4460 ΜΑΚΑΡΙΟΥ
1817 4374 2532 4463 ΑΜΦΙΛΟΧΙΟΥ

1391 4510 1782 4563 ΕΠῙΣΚΟΠΟΥ
1805 4512 2093 4565 ΙΚΟΝῙΟΥ

598 4628 958 4681 ΔΙΗΓΙΙΣΙΣ
994 4628 1179 4681 ΚΑΤΑ
1218 4629 1571 4682 ΑΡΕΙΑΝΟΥ
1603 4628 1736 4681 ΚΑΙ
1773 4629 2164 4683 ΕΥΝΟΜΙΟΥ
2198 4634 2330 4684 ΚΑΙ
2368 4632 2863 4688 ΜΑΚΕΔΟΝΙΟΥ.

1144 4879 1247 4986 Β.
1325 4874 2335 4982 AMPHILOCHII

1471 5060 1743 5104 EPISCOPI
1773 5061 1961 5104 ICONII

345 5164 750 5229 HISTORIA
772 5166 885 5225 AD
897 5165 1108 5225 VERS
1119 5165 1215 5226 US
1244 5164 1647 5226 ARIANUM
1674 5165 2210 5240 EUNOMIUMQ
2224 5166 2333 5226 UE
2362 5167 2485 5226 ΕΤ
2508 5167 2958 5230 MACEDON]
2971 5171 3111 5231 ΠΜ.

1703 5308 1771 5320 σι.-

112 5408 123 5419 ’
191 5397 377 5453 ΝΟΤᾹ.
411 5399 581 5455 Voces
616 5414 724 5452 non
754 5412 939 5466 paucae
989 5398 1040 5449 in
1073 5396 1172 5449 hoc
1222 5395 1484 5469 opusculo
1528 5405 1843 5469 occurrunt,
1907 5396 2109 5469 usitato
2161 5395 2435 5469 scribendi
2472 5396 2636 5468 modo
2672 5413 2897 5466 prorsus
2948 5409 3347 5469 repugnantes,

145 5479 337 5531 Quarum
370 5479 547 5524 tamen
608 5465 941 5538 scripturam
997 5476 1215 5538 mutare
1267 5465 1425 5538 nobis
1468 5466 1665 5538 religio
1710 5465 2155 5538 fuit,_siquidem
2192 5467 2257 5538 ad
2313 5465 2694 5538 Egyptiaeam
2736 5465 3024 5523 dialeetum
3079 5465 3350 5535 pertinere

146 5538 411 5592 videantur.
441 5540 689 5611 Ignoscat
721 5535 890 5611 igitur
921 5537 1076 5611 nobis
1116 5536 1308 5599 lector,
1343 5536 1515 5589 sicubi
1583 5535 1674 5594 lem

1854 5535 2076 5605 λειάσῃς
2112 5550 2205 5604 pro
2230 5535 2523 5608 δειλιάσῇς,
2568 5540 2843 5609 ποιμένων
2879 5554 2977 5608 pro
3009 5539 3311 5607 ποιμαίνων
3331 5577 3346 5605 ,

147 5619 409 5679 teneraque
448 5606 501 5665 id
539 5626 729 5680 genus.
759 5608 924 5662 Eutr.
959 5606 1198 5659 Ριιτιιοιρ.

196 5721 264 5773 Δ’.
294 5717 398 5774 Ἦν
437 5740 518 5785 τις
554 5720 782 5791 μοναχὸς
824 5716 963 5788 ἀνὴρ
1007 5716 1230 5787 ὀνόματι.
1282 5715 1629 5786 Ἀμφιλόχιος
1654 5732 1666 5745 ·

149 5812 217 5861 ui
235 5805 373 5876 οὗτος
396 5813 597 5877 δίκαιος
624 5808 691 5883 ἦν
713 5811 809 5864 καὶ
837 5808 1112 5879 Θεοπεϐής.
1145 5801 1313 5872 Οὗτος
1339 5808 1396 5863 ὲν
1424 5806 1671 5877 σπηλαίῳ

1850 5714 1891 5769 l.
1922 5715 2051 5770 Erat
2081 5718 2377 5772 monachus
2414 5719 2628 5787 quidam
2652 5722 2867 5777 nomine
2899 5721 3338 5791 Amphilochius;

1780 5808 1988 5881 fuitque
2030 5808 2113 5863 vir
2149 5808 2236 5865 ille
2264 5809 2444 5879 justus
2470 5819 2524 5865 et
2546 5812 2686 5881 pius.
2710 5810 2757 5867 Is
2791 5827 2962 5868 annos
2987 5812 3341 5880 quadraginta
