3744 6302
422 427 490 481 15
1365 424 1421 479 S.
1464 423 1913 479 AMPHH.OGHII
1955 421 2335 479 ICONIENSIS
2373 422 2677 478 EPISCOPI
3583 426 3657 480 {6

425 545 706 599 vixeratin
739 542 1015 613 spelunca,
1044 558 1178 612 quos
1204 542 1348 597 sicco
1371 544 1523 612 panis
1555 554 1610 596 et
1644 559 1795 613 aquae
1827 543 1963 611 epult

2122 544 2338 612 ποίησεν
2381 543 2475 613 ἔτη
2513 543 2594 613 μ⁹’
2650 542 2804 613 διῆγε
2851 543 2908 596 δὲ
2960 544 3298 615 ξηροφαγίαν
3346 545 3510 615 ἄρτου
3556 548 3660 599 καὶ

424 644 783 707 transegerat;
814 637 992 690 vinum
1049 645 1224 688 autem
1248 643 1300 688 et
1330 635 1503 688 oleum
1532 650 1802 704 nunquam
1838 651 1981 689 sum-

423 732 547 796 psit.
581 729 792 784 Accidit
824 737 998 781 autem
1028 736 1083 779 ιιι
1119 740 1184 779 eo
1212 734 1451 793 tempore
1476 726 1981 793 decederetepisco-

422 837 523 891 pus
569 819 803 875 civitatis
854 818 1047 882 lconii;
1102 816 1322 886 angelus
1370 830 1499 869 vero
1536 815 1746 869 Domini
1811 818 1983 870 astitit

423 911 798 984 Amphilochia
832 911 1015 965 dicens
1048 925 1061 961 :
1098 907 1458 976 Amphilochi,
1490 910 1630 959 vade
1680 907 1731 959 in
1789 907 1980 959 civita-

424 1018 550 1069 tem,
600 1019 758 1074 pasce
810 1016 935 1056 oves
984 1001 1201 1055 Christi.
1246 1000 1314 1052 At
1355 999 1440 1052 ille
1461 1014 1563 1051 non
1588 998 1976 1065 acquiescebat.

422 1097 765 1165 Rursumque
818 1106 999 1149 astans
1039 1091 1255 1160 angelus
1286 1090 1491 1143 Domini
1541 1090 1615 1141 ait
1657 1089 1727 1141 illi
1761 1104 1774 1139 :
1810 1088 1978 1141 Etiam

424 1206 564 1244 nunc
596 1188 733 1249 dico,
770 1187 924 1243 vade.
967 1184 1049 1237 fac
1075 1184 1216 1250 quod
1261 1182 1360 1235 fuit
1392 1190 1742 1250 praeceptum.
1773 1178 1864 1234 llle
1886 1196 1984 1233 att-

422 1288 531 1332 tem
564 1292 660 1332 nec
690 1278 766 1331 sic
795 1276 1040 1345 parebat;
1077 1273 1287 1326 dicebat
1321 1274 1464 1325 enim
1517 1272 1653 1339 apud
1686 1287 1764 1336 se,
1810 1273 1979 1341 ipsum

420 1369 581 1423 etiam
619 1367 872 1421 Satanam
905 1366 956 1418 in
992 1364 1239 1430 angelum
1273 1362 1408 1417 lucis
1433 1376 1491 1416 se
1536 1363 1976 1429 transfigurare‘.

423 1460 752 1527 Factumque
785 1467 870 1511 est
903 1466 1059 1509 nocte
1089 1454 1268 1516 tertia,
1293 1462 1350 1506 ut
1379 1454 1426 1507 ei
1462 1469 1649 1508 rursus
1673 1463 1854 1508 astans
1882 1470 1977 1507 an-

422 1549 570 1619 gelus
610 1549 846 1602 diceret:
882 1548 1052 1615 Surge
1105 1561 1133 1597 a
1178 1556 1267 1598 tuo
1302 1548 1403 1599 isto
1448 1555 1638 1608 strato,
1671 1556 1725 1599 et
1762 1546 1897 1599 vade
1929 1546 1979 1597 in

420 1641 713 1703 civitatem,
768 1653 830 1691 ac
877 1652 1035 1706 pasce
1086 1651 1213 1690 oves
1241 1635 1463 1690 Christi.
1524 1636 1871 1705 Surgensque
1896 1636 1982 1689 ille

420 1728 591 1782 tenuit
628 1742 748 1781 eum
799 1726 1023 1779 dicens:
1052 1726 1107 1778 Si
1162 1725 1382 1793 angelus
1427 1724 1519 1780 Dei
1572 1741 1650 1789 es,
1678 1735 1885 1780 stemus
1922 1727 1973 1779 in

418 1819 677 1873 oratione.
716 1817 943 1885 Moxque
983 1816 1200 1883 angelus
1240 1817 1471 1881 Domini,
1528 1816 1762 1870 demisso
1803 1817 1978 1885 capite

2084 637 2273 699 ὕδατος
2291 653 2302 665 '
2333 636 2479 689 οἴνου
2509 636 2566 689 δὲ
2594 637 2689 689 καὶ
2718 635 2897 689 ὲλαίου
2928 636 3180 689 οὐδέποτε
3216 637 3652 707 μετελάμϐανεν.

2096 729 2340 796 Ἐγένετο
2372 728 2428 780 δὲ
2459 728 2517 779 ἐν
2546 729 2658 791 τοῖς
2687 731 2898 797 καιροῖς
2923 728 3151 791 ἐκείνοις
3170 767 3183 789 ,
3210 729 3531 798 τελευτῆσαι
3560 731 3659 782 τὸν

2081 820 2376 873 ἐπίσκοπον
2434 819 2687 879 Ἰκονίου,
2735 820 2829 871 καὶ
2863 818 3062 889 ἐπέστη
3104 822 3133 872 6
3167 819 3395 887 ἄγγελος
3442 822 3657 889 Κυρίου

2081 911 2157 981 τῷ
2198 910 2530 980 ’Δμιριλοχίῳ
2567 910 2773 977 λέγων·
2817 910 3164 979 Ἀμφιλόχιε,
3199 910 3401 962 ἄπελθε
3438 914 3518 973 είς
3552 912 3658 979 τὴν

2084 1001 2257 1062 πόλιν,
2292 1001 2523 1071 ποίμανε
2554 1001 2620 1053 τὰ
2659 1000 2905 1071 πρόϐατα
2956 1000 3050 1053 τοῦ
3077 1001 3335 1072 Χριστοῦ.
3374 1002 3431 1053 ὐ
3461 1002 3517 1053 δὲ
3548 1004 3655 1053 οὐκ

2085 1092 2325 1143 ἐπείθετο
2344 1108 2356 1121 ’
2388 1094 2481 1143 καὶ
2506 1090 2733 1153 ἐπιστὰς
2766 1090 2925 1143 πάλιν
2953 1093 2980 1143 6
3014 1089 3240 1158 ἄγγελος
3270 1092 3471 1162 Κυρίου
3500 1092 3656 1159 λέγει

2082 1182 2229 1252 αὐτῷ
2250 1198 2262 1210 θ
2294 1183 2403 1236 Καὶ
2429 1184 2527 1254 ἤδη
2558 1183 2701 1251 λέγω
2730 1200 2810 1236 σοι
2828 1200 2843 1215 ο
2875 1183 3136 1252 Πορεύου,
3164 1184 3223 1237 τὸ
3251 1184 3536 1237 κελευσθέν
3566 1201 3655 1237 σοι

2083 1278 2323 1346 ποίησον.
2373 1277 2428 1327 '0
2469 1276 2525 1328 δὲ
2579 1277 2699 1328 οὐδὲ
2742 1274 2915 1338 οὕτως
2950 1276 3196 1349 ἐπείθετο
3218 1294 3230 1306 ·
3266 1278 3418 1345 ἔλεγε
3450 1278 3559 1349 γὰρ
3592 1280 3656 1329 ἐν

2082 1366 2256 1436 ἑαυτῴ
2277 1406 2291 1429 ,
2329 1367 2410 1418 ὅτι
2438 1366 2533 1419 καὶ
2569 1367 2729 1428 αὐτὸς
2766 1368 2793 1418 6
2825 1367 3067 1428 Σατανᾶς
3113 1368 3653 1438 μετασχηματίζεται

2080 1461 2159 1521 είς
2206 1459 2435 1526 ἄγγελον
2481 1459 2677 1526 φωτός.
2724 1458 2832 1509 Καὶ
2883 1458 3100 1525 ἐγένετο
3143 1460 3207 1527 τῇ
3256 1458 3409 1529 τρίτῃ
3454 1461 3653 1521 νυκτὶ,

2081 1548 2304 1610 ἐπιστὰς
2344 1548 2504 1600 πάλιν
2532 1547 2679 1617 αὐτῷ
2709 1550 2736 1599 6
2771 1548 3000 1615 ἄγγελος
3033 1548 3209 1616 λέγει·
3257 1551 3501 1619 Ἐγείρου
3541 1550 3655 1603 ἀπὸ

2079 1640 2179 1709 τῆς
2208 1639 2497 1710 στρωμνῆς
2533 1657 2626 1691 σου
2653 1638 2874 1709 ταύτης,
2905 1642 2999 1692 καὶ
3034 1640 3263 1711 πορεύου
3299 1643 3378 1703 είς
3418 1641 3514 1711 τὴν
3548 1642 3656 1694 πό-

2080 1730 2159 1781 λιν
2179 1770 2192 1792 ,
2229 1731 2321 1783 καὶ
2352 1730 2584 1799 ποίμανε
2610 1730 2677 1783 τὰ
2708 1731 2954 1800 πρόϐατα
2979 1732 3235 1802 Χριστοῦ.
3269 1733 3378 1784 Ka‘t
3404 1733 3654 1795 ἀναστὰς

2081 1823 2343 1893 κατέσχεν
2392 1823 2553 1875 αὑτὸν
2603 1822 2811 1891 λέγων’
2863 1824 2926 1875 Εἰ
2971 1823 3199 1891 ἄγγελος
3247 1820 3297 1899 εξ
3333 1824 3425 1876 τοῦ
3470 1824 3656 1887 Θεοῦ,

418 1907 690 1972 clamavit,
708 1906 891 1960 dicens
916 1924 929 1959 :
956 1904 1200 1970 Sanctus,
1225 1918 1453 1969 sanctus,
1484 1918 1697 1960 sanctus
1727 1906 1963 1960 Domina;

2122 1916 2293 1983 τῶμεν
2330 1918 2407 1978 είς
2443 1915 2772 1987 προσευχήνο
2807 1916 2896 1967 καὶ
2922 1915 3127 1977 εὐθέως
3158 1894 3326 1967 κλίνει
3355 1916 3453 1985 τὴν
3476 1933 3660 1984 κεφαο

417 2000 557 2054 Deus
587 1998 853 2054 Sabaoth:
876 1998 1081 2065 plenum
1105 2009 1175 2051 est
1198 1998 1377 2051 caelum
1400 2009 1444 2051 et
1460 2008 1597 2051 terra
1620 1999 1784 2067 gloria
1806 2000 1918 2068 ejus
1938 2002 1977 2053 ¹.

416 2090 867 2159 Apprehensaque
907 2087 1260 2155 Ampltilocltii
1288 2089 1533 2151 dextera,
1582 2088 1733 2141 duxit
1778 2102 1895 2142 eum
1927 2090 1979 2143 in

417 2182 719 2243 ecclesiam,
756 2193 875 2249 quae
912 2178 1053 2231 uitro
1081 2178 1158 2231 eis
1190 2188 1374 2246 aperta
1406 2187 1519 2241 cst;
1552 2184 1712 2246 atque
1753 2176 1979 2247 ingressi

417 2272 667 2327 viderunt
701 2286 888 2340 magna
927 2268 1150 2329 lumina.
1184 2269 1406 2337 perinde
1440 2278 1601 2337 atque
1631 2267 1683 2321 in
1712 2266 1849 2322 festo
1874 2269 1980 2322 Do-

419 2364 546 2416 mini
566 2363 661 2432 (α).
704 2362 977 2430 Erantque
1026 2360 1127 2413 viri
1177 2359 1432 2427 singulari
1494 2359 1798 2428 eximioque
1847 2361 1981 2415 ami—

416 2464 504 2508 ctu
526 2452 620 2523 (ὁ),
656 2466 883 2520 quorum
937 2464 1042 2503 non
1102 2458 1221 2503 erat
1272 2463 1551 2503 numerus.
1598 2442 1657 2503 ‘li
1699 2460 1977 2515 acceptum

415 2560 562 2606 eum,
595 2544 862 2597 duxerunt
900 2542 965 2595 ad
1000 2555 1149 2593 aram
1180 2549 1421 2595 sanctam
1459 2554 1473 2590 :
1505 2553 1567 2594 ac
1592 2554 1701 2609 prae
1735 2541 1980 2596 manibus

418 2634 762 2705 Evangelium
802 2634 1081 2700 habentes,
1111 2633 1443 2687 tradiderunt
1477 2632 1547 2695 ei,
1579 2633 1849 2687 dicentes:
1876 2633 1978 2687 Do-

418 2726 596 2778 minus
631 2734 824 2777 tecum.
866 2721 1014 2776 Unus
1061 2732 1239 2775 autem
1282 2737 1350 2775 8).
1406 2721 1607 2776 sanctis
1642 2722 1846 2789 angelis
1887 2722 1979 2790 qui

416 2816 581 2869 etiam
612 2825 729 2868 erat
762 2815 817 2868 in
855 2814 934 2868 eis
972 2814 1199 2883 primus,
1225 2813 1355 2867 dicit
1390 2813 1455 2865 ad
1490 2828 1625 2866 eos:
1656 2812 1976 2877 Precemini,

417 2920 625 2961 omnes.
654 2906 938 2974 Cmpitque
970 2906 1146 2959 dicere
1175 2920 1189 2954 :
1217 2904 1403 2957 Divina
1433 2903 1602 2971 gratia
1631 2902 1853 2971 praeficit
1890 2918 1979 2957 or-

417 2999 674 3066 dinatque
728 2995 801 3066 (c)
831 2995 1055 3049 fratrem
1102 3004 1340 3051 nostrum
1393 2993 1821 3063 Amphilochium
1865 2994 1979 3061 epi-

494 3111 508 3139 ¹
538 3107 579 3161 ΙΙ
606 3107 729 3162 Cor.
760 3124 835 3173 XI,
871 3108 925 3161 4.
999 3109 1019 3139 ²
1046 3107 1147 3162 lsa.
1183 3122 1260 3171 Vl,
1296 3108 1349 3161 3.

2081 2008 2180 2078 λὴν
2211 2008 2238 2058 6
2272 2007 2502 2074 ἄγγελος
2541 2006 2777 2076 Κυρίου,
2818 2007 2911 2059 καὶ
2944 2006 3135 2075 ἐϐόησε
3182 2007 3353 2075 λέγων
3374 2026 3386 2038 -
3420 2008 3617 2075 Ἄγιος
3638 2048 3654 2069 ,

2081 2098 2241 2167 ἅγιος
2261 2138 2275 2160 ,
2310 2097 2475 2166 ἅγιος
2510 2099 2722 2165 Κύριος
2751 2097 2989 2150 Σαϐαὼθ
3008 2115 3019 2125 ·
3063 2100 3301 2166 πλήρης
3328 2102 3361 2153 ὁ
3393 2100 3659 2167 οὐρανὸς

2082 2187 2177 2240 καὶ
2210 2189 2247 2255 ἡ
2279 2186 2355 2256 γῆ
2386 2186 2494 2254 τῆς
2525 2187 2714 2255 δόξης
2744 2188 2947 2241 αὑτοῦ.
2988 2190 3096 2241 Ka‘.
3125 2189 3513 2261 ἐπιλαϐόμενος
3545 2191 3658 2259 τῆς

2079 2278 2257 2342 δεξιᾶς
2293 2279 2664 2349 Ἀμφιλοχίου,
2690 2281 2895 2349 ἤγαγεν
2922 2280 3079 2333 αὑτὸν
3104 2282 3183 2343 εἰς
3202 2282 3300 2353 τὴν
3318 2282 3653 2350 ἐκκλησίαν

2080 2370 2173 2423 καὶ
2217 2371 2521 2440 αὐτόματος
2559 2370 2749 2441 ἠνοίγη
2796 2373 3009 2434 αὐτοῖς’
3065 2371 3158 2424 καὶ
3191 2368 3327 2425 εἶδον
3356 2373 3510 2441 φῶτα
3547 2391 3653 2443 με-

2082 2460 2239 2527 γάλα,
2266 2461 2341 2523 ὡς
2370 2462 2461 2513 ἐπὶ
2488 2462 2679 2531 ἑορτῆς
2707 2463 2930 2533 Κυρίου.
2955 2464 3065 2515 Καὶ
3083 2463 3273 2534 ἄνδρες
3301 2465 3651 2534 μονάζοντες,

2080 2544 2154 2603 ὧν
2183 2552 2283 2603 οὐκ
2308 2546 2377 2621 ῆν
2406 2551 2637 2621 ἀριθμός
2659 2569 2672 2581 '
2706 2553 2798 2603 καὶ
2826 2553 3203 2621 ἐπιλαϐόμενοι
3231 2554 3411 2618 αὐτὸν,
3438 2556 3654 2624 ἤγαγον

2080 2645 2169 2696 ἐπὶ
2193 2643 2253 2695 τὸ
2282 2643 2663 2715 θυσιαστήριον
2682 2662 2694 2674 ·
2729 2645 2822 2696 καὶ
2843 2641 2986 2714 εἶχον
3013 2646 3071 2696 ὲν
3094 2648 3214 2707 ταῖς
3245 2646 3430 2715 χερσὶν
3464 2647 3654 2700 αὐτῶν

2080 2734 2441 2801 Εὑαγγέλιον,
2477 2736 2570 2787 καὶ
2604 2736 2891 2789 ἀπέδωκαν
2928 2736 3073 2803 αύτῷ
3108 2736 3386 2804 λέγοντεςο
3436 2739 3491 2790 Ὀ
3531 2739 3652 2790 Κύ-

2085 2841 2194 2894 ριος
2245 2825 2379 2893 μετὰ
2426 2824 2541 2877 σοῦ.
2589 2820 2683 2887 Εἷς
2720 2825 2777 2877 δὲ
2818 2826 3032 2896 πρῶτος
3080 2826 3257 2879 αὐτῶν
3306 2828 3451 2895 λέγει
3504 2828 3652 2898 πρὸς

2079 2916 2303 2980 αύτούς·
2343 2916 2581 2982 Εῠξασθε
2627 2917 2845 2980 πάντες.
2912 2919 3019 2970 Καὶ
3066 2918 3264 2988 ἤρξατο
3315 2919 3523 2987 λέγειν·
3577 2921 3651 2973 Ἦ

2078 3004 2194 3057 Θεία
2237 3005 2393 3074 χάρις
2429 3006 2826 3075 προχειρίζεται
2858 3006 2948 3058 τὸν
2986 3008 3208 3075 ἀδελφὸν
3246 3009 3399 3077 ἡμῶν
3447 3010 3648 3078 Ἄμφι-

490 3221 566 3295 (ιι)
600 3219 825 3295 Perinde
851 3232 1003 3295 atque
1029 3223 1087 3295 in
1109 3225 1238 3295 festo
1270 3220 1498 3295 Domini.
1535 3220 1621 3295 ἐὶς
1654 3221 1750 3295 ἐπὶ.
1778 3221 1970 3292 ἑορτῆς
1998 3225 2037 3281 C
2070 3222 2411 3295 gnificaretttr
2438 3221 2650 3276 traditio
2683 3224 2803 3295 talis
2842 3224 2922 3276 vel
2960 3223 3082 3277 talis
3121 3225 3453 3295 potestatisa
3490 3223 3634 3295 legi-

418 3290 648 3362 Κυρίου,
667 3291 808 3362 velut
835 3291 919 3344 die
942 3290 1239 3362 Dntninico,
1266 3290 1346 3362 vel
1364 3293 1518 3351 forte,
1545 3290 1818 3343 Dominica
1840 3290 1963 3357 ipsa

422 3360 864 3422 Iteéurrectionis,
903 3375 930 3411 a
965 3375 1067 3428 qua
1097 3360 1283 3428 reliqui
1330 3375 1424 3426 per
1453 3375 1649 3411 annum
1683 3362 1878 3413 habent
1909 3371 1967 3413 ut

417 3434 524 3484 sint
556 3430 878 3484 Christianis
911 3431 1175 3483 solemnes
1211 3440 1265 3483 et
1302 3428 1581 3490 Dominici,
1617 3428 1825 3497 laetique
1854 3446 1967 3482 om-

420 3501 574 3564 nino;
615 3514 773 3568 quam
800 3514 985 3568 eorum
1018 3498 1255 3568 laetitiam
1287 3508 1340 3551 et
1369 3497 1719 3568 φαιδρότητα,
1757 3499 1966 3567 μεγάλα

420 3570 507 3622 illa
545 3581 598 3621 et
619 3567 742 3622 vere
785 3567 1001 3638 φαιδρὰ,
1037 3568 1086 3621 in
1111 3567 1353 3622 ecclesiis
1382 3567 1578 3620 lumina
1607 3568 1855 3636 cereique
1882 3580 1967 3622 ut-

420 3654 631 3705 cunque
660 3647 1060 3704 reprtesetttent.

488 3708 562 3775 (ὁ)
596 3707 860 3777 Erantque
890 3707 986 3759 viri
1019 3706 1272 3777 singulari
1295 3706 1582 3774 eximioque
1610 3708 1844 3777 amictu.
1866 3706 1966 3760 Ha-

416 3777 532 3831 bttit
564 3786 743 3831 noster
768 3776 935 3830 codex
968 3776 1287 3847 μονάζοντες
1312 3817 1325 3839 ,
1358 3791 1456 3847 nec
1481 3776 1763 3847 movimus,
1786 3792 1962 3847 quan-

415 3863 575 3915 quam
604 3856 658 3898 ttt
681 3847 854 3899 minus
869 3844 1291 3915 cettgruumnon
1313 3844 1660 3898 reddidimus.
1689 3845 1793 3915 Etsi
1821 3847 1963 3899 enim

419 3917 662 3984 plerique
692 3916 921 3983 episcopi
957 3914 1125 3969 Graeci
1162 3914 1271 3981 jam
1311 3915 1434 3967 olim
1465 3917 1738 3984 assumpti
1763 3914 1966 3969 fuerittt

418 3983 449 4039 ε
470 3998 610 4038 coetu
640 3986 1040 4049 monachorum,
1074 3998 1244 4051 eoque
1283 3984 1549 4051 potuerint
1574 3983 1747 4051 angeli
1776 3999 1967 4037 conve-

421 4054 562 4108 nisse
597 4055 977 4106 monachorum
1004 4053 1200 4120 specie,
1225 4054 1290 4104 ad
1322 4054 1737 4105 consecrandum
1770 4053 1821 4103 in
1849 4055 1964 4120 epi-

418 4138 636 4191 scopum
670 4123 992 4176 confratrem
1024 4123 1380 4174 monachum:
1409 4122 1581 4187 aptius
1602 4130 1787 4191 tamen
1819 4124 1966 4175 vide-

420 4189 584 4245 tur—ut
614 4192 824 4245 cultiori
850 4201 905 4245 et
933 4206 1087 4245 sacro
1114 4190 1295 4243 habitu
1333 4189 1697 4257 apparuerint,
1729 4205 1792 4244 ac
1821 4192 1964 4259 quali

419 4266 633 4316 deceret
664 4272 865 4313 tantum
901 4260 1289 4323 ministerium;
1330 4259 1487 4324 idque
1529 4270 1715 4312 auctor
1758 4260 1965 4327 signina

417 4347 540 4385 care
585 4331 831 4384 voluerit.
875 4330 1051 4395 Quare
1095 4330 1420 4384 reddidimus
1452 4328 1591 4398 velut
1625 4338 1761 4398 esset
1812 4330 1967 4398 μονό-

416 4400 596 4465 ζωνοι,
631 4401 897 4468 quomodo
928 4400 1242 4468 babttitsine
1280 4398 1438 4451 dubio
1468 4397 1633 4451 codex
1662 4397 1963 4465 Lipomani,

416 4473 554 4537 apud
591 4467 746 4537 quem
787 4469 1049 4538 legimus:
1082 4467 1494 4538 Virigprazclara
1534 4476 1667 4521 veste
1696 4470 1885 4531 induti,
1914 4479 1961 4521 el

418 4535 574 4592 cincti
609 4535 865 4620 singulari
893 4539 1147 4620 lcinguloz
1178 4535 1792 4620 Ubi‘qtte-Hieronytttus
1844 4554 1959 4618 eam
2001 4567 2041 4620 Ι)

415 4624 602 4662 vocem
639 4602 831 4670 reddit,
887 4602 1228 4660 latrunculos.
1266 4602 1489 4658 Videtur
1524 4602 1734 4666 sonare.
1773 4609 1967 4661 eximie

418 4688 471 4731 et
506 4678 848 4746 singulariter
872 4678 1127 4739 cinctum,
1156 4690 1324 4742 coque
1356 4685 1545 4727 ornatu
1572 4676 1790 4746 reliquis
1826 4677 1966 4728 mili-

415 4749 555 4802 tibus
604 4745 879 4816 praelatum
923 4756 976 4797 et
1029 4748 1450 4806 honoratiorem,
1498 4754 1553 4795 ιιι
1598 4745 1791 4797 Suidas
1820 4764 1831 4797 :
1862 4762 1966 4813 quo

414 4833 571 4871 sensu
599 4818 797 4883 optime
832 4818 918 4869 hic
947 4816 1191 4883 quadrat.

485 4888 554 4957 (ε)
588 4887 772 4939 Divina
801 4884 1210 4957 gratiapfa'ﬁcit
1244 4886 1566 4957 ordinatque.
1619 4883 1966 4957 Προχειρίζε-

414 4954 543 5008 ται(
563 4957 652 5009 Sic
676 4958 836 5008 etiam
860 4956 995 5022 apud
1019 4954 1388 5021 Lipomauum,
1416 4955 1499 5005 cui
1539 4954 1709 5005 tamen
1740 4954 1963 5007 alteram

414 5041 597 5079 vocem
630 5026 951 5087 addidimus,
982 5025 1354 5091 explicationis
1381 5038 1566 5086 causa,
1598 5035 1649 5075 et
1683 5024 1804 5089 quia
1859 5026 1966 5090 pri-

415 5110 582 5157 mum,
617 5094 900 5163 prwﬁcere,
942 5109 1039 5147 usu
1080 5092 1270 5145 Latino
1304 5096 1545 5145 videatur
1586 5093 1760 5145 minus
1788 5093 1966 5145 deter-

415 5167 674 5217 minatum
714 5166 779 5216 ad
812 5164 977 5231 ipsam
1022 5162 1481 5215 consecrationem
1518 5163 1741 5229 promoti
1779 5164 1965 5215 atha-

414 5236 515 5287 lem
541 5234 760 5301 gradum
786 5232 1208 5301 signiﬁcandam,
1232 5247 1389 5299 quam
1415 5232 1617 5285 Grtecis
1636 5231 1721 5301 τὸ,
1748 5248 1965 5301 προχει-

414 5299 693 5374 ρίζεσθαι·
725 5299 865 5374 quod
911 5303 979 5374 sit
1028 5305 1347 5374 χειροτονεῖν
1395 5310 1446 5354 et
1480 5299 1819 5370 χειροθετεῖν,
1858 5299 1962 5374 non

414 5370 620 5425 iautum
653 5370 1057 5434 caerimoniale;
1082 5370 1335 5439 quidquid
1383 5374 1582 5434 multis,
1627 5381 1765 5422 totus
1802 5370 1964 5423 male-

411 5444 568 5495 dictis
597 5441 895 5504 infercitus,
924 5442 975 5493 in
1012 5442 1301 5495 Arcudium
1328 5441 1565 5507 aliosque
1592 5442 1831 5499 aemulos,
1864 5439 1964 5492 Ca-

414 5511 736 5581 toncyritus;
783 5514 875 5565 sed
912 5526 1051 5581 vere
1100 5512 1485 5581 sacramentale
1518 5508 1960 5581 etsubstantiale

409 5579 575 5634 sacrae
600 5580 954 5645 ordinationi;
992 5580 1079 5632 illa
1116 5595 1366 5632 manuum
1412 5579 1771 5646 impositioae.
1802 5594 1953 5631 accc-

410 5654 570 5702 dente
605 5653 886 5705 verborum
915 5652 1083 5702 forma
1114 5650 1243 5702 satis
1284 5650 1616 5715 exprimente
1648 5649 1959 5701 tradendam

407 5736 473 5789 eo
508 5730 626 5773 actu
654 5730 990 5789 potestatem,
1022 5720 1264 5787 idemque
1302 5728 1609 5789 pra-stante,
1636 5726 1793 5784 atque
1827 5720 1962 5784 apud

406 5788 627 5843 Latinos
658 5788 916 5859 prtcstant
950 5791 1067 5843 alia:
1098 5790 1438 5850 cazrimoniaz,
1486 5788 1701 5859 Christo
1756 5797 1958 5859 tantum

410 5856 739 5930 instituea'te,
775 5870 829 5915 ut
871 5860 1023 5929 signo
1064 5861 1240 5929 aliquo
1268 5859 1503 5915 sensibili
1536 5856 1855 5911 sullicicuter
1882 5857 1958 5911 si-

2074 3296 2199 3344 timo
2238 3292 2521 3343 ministro:
2574 3294 2840 3357 quomodo
2886 3295 3047 3346 etiam
3085 3302 3313 3354 constat.
3363 3294 3517 3347 aliter
3546 3292 3639 3346 or-

2067 3364 2277 3414 dinatos
2308 3362 2509 3427 primos
2545 3362 2837 3423 diaconos,
2880 3378 3041 3427 qttant
3097 3367 3252 3415 modo
3299 3362 3645 3428 ordinentur,

2067 3431 2565 3500 porrectionelibri
2619 3431 3046 3499 Evangeliorum,
3098 3431 3348 3485 Matthzeo
3381 3434 3469 3500 qui
3527 3434 3649 3500 pri-

2070 3516 2191 3553 mus
2246 3499 2456 3566 scripsit
2497 3500 2863 3566 Evangelium,
2902 3502 3102 3569 aliquot
3146 3499 3483 3569 postmodum
3530 3499 3648 3555 fart-

2069 3570 2173 3631 nis,
2198 3570 2426 3635 primum
2467 3570 2757 3623 scribente.
2794 3570 2898 3624 Sed
2937 3573 3001 3623 de
3040 3572 3123 3624 his
3161 3572 3423 3639 pluribus,
3458 3571 3646 3625 eccle-

2068 3640 2407 3707 siasticarum
2461 3653 2638 3690 rerum
2698 3640 2923 3707 diligens
2974 3650 3244 3693 scrutator
3311 3641 3642 3695 Parisiensis

2067 3708 2321 3777 Ecclesiae
2370 3706 2669 3777 theologus.
2698 3710 2763 3777 D.
2796 3706 2990 3762 l'sacius
3038 3709 3299 3763 [Libertus
3329 3711 3380 3762 in
3427 3711 3647 3777 Ἀρχιε-

2058 3775 2313 3843 ρατικῴ,
2342 3786 2395 3847 et
2419 3776 2649 3847 Jacobns
2681 3776 2824 3831 Guar
2848 3780 2897 3830 itt
2923 3779 3268 3846 Eucltologio.
3293 3780 3442 3844 Quod
3478 3775 3648 3847 βοτη)

2067 3854 2271 3917 spectat
2305 3845 2370 3897 ad
2402 3846 2775 3900 miraculosam
2814 3848 2993 3910 istaut,
3021 3858 3074 3899 et
3100 3845 3293 3914 praeter
3324 3845 3514 3917 legem,
3545 3865 3645 3901 or-

2068 3916 2433 3981 dinationem;
2496 3918 2990 3969 constantissimttm
3059 3928 3161 3979 est,
3221 3916 3457 3981 potuisse
3513 3932 3639 3969 eam

2068 3985 2206 4047 fieri,
2244 3983 2520 4051 fuisseque
2551 3987 2782 4054 omnino
2818 3987 3142 4038 credendum
3180 3987 3379 4039 sanctis
3407 3988 3641 4054 angelis,

2069 4057 2133 4124 de
2148 4069 2207 4107 ea
2226 4055 2723 4124 testantibtts,juxta
2757 4053 3051 4124 doctrinam
3081 4054 3373 4109 D.Thoma:
3398 4071 3454 4108 ιιι
3475 4053 3553 4124 p.,
3575 4072 3638 4123 q.

2071 4122 2164 4183 64,
2190 4138 2241 4175 a.
2272 4123 2324 4175 7.
2359 4121 2541 4189 Neque
2564 4124 2705 4175 enim
2731 4124 2780 4175 id
2808 4123 2879 4175 illi
2913 4134 3254 4190 atlentarent,
3288 4126 3384 4177 nisi
3420 4121 3644 4181 Christo

2063 4192 2305 4260 jubente,
2341 4192 2431 4258 qui
2459 4202 2636 4258 potest
2663 4208 2769 4260 quo
2793 4194 3038 4246 maluerit
3070 4195 3311 4247 ministro
3344 4195 3416 4246 uti
3448 4196 3498 4246 in
3541 4210 3640 4248 sa-

2068 4262 2356 4331 cramentis
2383 4279 2396 4313 :
2426 4276 2729 4328 quanquam
2757 4264 3045 4315 secundum
3080 4262 3248 4331 legem
3292 4273 3472 4316 utatur
3498 4265 3635 4316 solis

2070 4330 2395 4393 hominibus,
2424 4333 2821 4399 utquibuscum
2856 4331 2990 4398 ipse,
3041 4330 3502 4385 sacramentorum
3542 4349 3644 4386 au-

2067 4409 2207 4461 ctor,
2246 4402 2605 4453 communicat
2672 4401 2723 4452 itt
2770 4408 2995 4452 natura:
3026 4416 3198 4469 neque
3249 4416 3363 4469 non,
3403 4402 3637 4465 laetum,

2078 4470 2308 4536 Spiritus
2362 4470 2629 4533 veritatis,
2662 4470 2939 4523 mendacio
2968 4468 3289 4525 astruerent.
3324 4468 3423 4523 Vix
3448 4481 3636 4525 autem

2080 4538 2237 4591 fuerit
2270 4538 2483 4605 aliquis,
2512 4539 2577 4591 de
2618 4553 2723 4606 quo
2765 4539 2951 4607 majori
2992 4540 3171 4606 specie
3204 4539 3633 4606 probabilitatis,

2071 4609 2634 4677 privilegiumrtatttum
2670 4609 2814 4661 credi
2850 4610 2935 4675 pie
2978 4618 3178 4673 posset,
3214 4611 3327 4663 sive
3360 4610 3633 4677 insignem

2067 4676 2426 4744 Amphilochii
2475 4678 2813 4730 sanctitatem
2860 4687 2912 4729 et
2960 4678 3426 4744 contemplationis
3456 4676 3642 4730 excel-

2068 4745 2283 4815 lentiam
2315 4755 2653 4814 spectemus;
2681 4747 2791 4800 sive
2817 4746 3072 4799 malitiam
3095 4748 3375 4813 temporis.
3414 4750 3641 4815 quando

2066 4814 2132 4867 ad
2168 4816 2619 4883 petulantissitnos
2648 4816 2929 4869 haereticos
2959 4821 3301 4879 coercendos,
3322 4814 3487 4883 major
3513 4820 3639 4870 viro

2067 4886 2155 4953 qui
2205 4883 2347 4937 velut
2393 4887 2638 4953 princeps
2707 4884 3092 4938 catholicorum
3151 4888 3641 4953 episcoporumque

2067 4963 2231 5023 esset_
2265 4953 2496 5017 futurus,
2536 4954 2829 5007 Athanasio
2877 4954 3172 5023 Basilioque
3199 4973 3228 5007 e
3264 4956 3395 5007 vivis
3452 4970 3638 5007 exem-

2107 5021 2543 5092 tis,jactatoque,
2600 5039 2663 5077 ac
2720 5024 2929 5076 tandem
2972 5021 3319 5077 exauctorato
3368 5024 3637 5092 Gregorio

2118 5094 2363 5161 lteologo,
2403 5093 2695 5148 auctoritas
2717 5092 3050 5146 concilianda
3081 5093 3203 5147 fuit.

2137 5162 2230 5215 Est
2262 5160 2311 5215 in
2354 5161 2486 5215 Vitis
2530 5162 2744 5214 Patrum
2784 5162 3089 5231 Rosweydi,
3126 5173 3180 5213 Ill.
3222 5160 3518 5215 monachus
3551 5163 3629 5214 sit

2068 5234 2316 5285 redactus
2341 5232 2404 5283 ad
2433 5233 2674 5284 ordinem
2706 5247 2734 5283 a
2776 5232 3043 5295 l’atribus,
3071 5234 3159 5299 qui
3188 5233 3291 5285 sibi
3332 5233 3622 5299 videbatur

2067 5303 2145 5353 sic
2192 5301 2508 5355 tniraculose
2553 5303 2831 5355 ordinatus
2877 5303 2932 5353 in
2985 5303 3375 5371 presbyterum.
3438 5298 3636 5421 Malgna

2067 5380 2211 5421 certe
2268 5373 2319 5421 in
2371 5374 2528 5421 rebus
2561 5373 2689 5421 tanti
2750 5374 3002 5421 tnomenti
3039 5386 3173 5421 onus
3200 5372 3464 5421 cautione.
3562 5372 3636 5420 ul-

2067 5380 2211 5423 certe
2268 5373 2319 5423 in
2371 5374 2528 5423 rebus
2561 5373 2689 5422 tanti
2750 5374 3002 5424 momenti
3039 5386 3173 5438 opus
3200 5372 3464 5423 cautione.
3508 5372 3640 5421 Nul-

2069 5440 2175 5491 lum
2200 5443 2334 5507 apud
2365 5441 2694 5508 antiquiores
2722 5442 2955 5493 occurrit
2992 5442 3211 5505 hujusce
3241 5451 3345 5492 tam
3385 5440 3634 5505 singula-

2070 5513 2142 5561 ris
2172 5510 2521 5563 ordinationis
2566 5510 2925 5577 Atnpltilocbii
2967 5512 3133 5561 nostri
3168 5522 3572 5562 monunentuut
3615 5528 3630 5560 :

2070 5581 2167 5631 nisi
2204 5580 2338 5632 forte
2381 5578 2668 5649 Gregorius
2717 5596 2884 5632 carm.
2923 5583 3243 5649 parmnetico
3272 5578 3335 5630 ad
3367 5577 3640 5649 Olympia-

2068 5651 2185 5701 dent
2239 5650 2304 5701 ad
2348 5664 2463 5700 eam
2496 5647 2814 5715 'respexerit
2858 5650 2889 5716 ii
2934 5647 3050 5709 ιυΞ,
3089 5650 3492 5716 ιτιιιιειιιίεδιοιιε
3542 5648 3633 5699 illa

2068 5720 2130 5769 ad
2166 5720 2349 5779 Deum,
2384 5717 2557 5789 Θεκλῇ
2593 5714 2655 5785 γε
2685 5720 2779 5770 σὺν
2809 5714 2947 5788 ἁγνῇ
2970 5734 2981 5745 ·
3026 5734 3141 5769 cum
3182 5720 3373 5785 virgine
3402 5714 3634 5789 Thecla;

2069 5802 2190 5858 nam
2224 5804 2342 5840 cum
2391 5804 2493 5841 non
2534 5787 2714 5858 possit
2769 5787 2994 5856 intelligi
3024 5790 3088 5841 de
3125 5787 3532 5858 transmissione
3562 5790 3633 5838 ad

2072 5855 2232 5911 Deum
2274 5874 2367 5926 per
2392 5852 2668 5913 excessum
2706 5873 2735 5910 a
2793 5858 2922 5923 vita,
2946 5852 3015 5911 ἰιι
3044 5859 3173 5911 satis
3202 5858 3336 5911 bene
3368 5852 3637 5909 Baromus
