3796 6306
193 287 263 341 ιτ
1555 290 1716 346 VITA
1750 291 2076 361 ANTIQUA.
3348 285 3421 348 ts

189 401 372 470 ὶόχιον
395 401 684 454 ἐπίσκοπον
728 402 949 474 Ἰκονίου
971 444 986 469 ,
1013 404 1180 476 ψήφῳ
1209 408 1302 460 καὶ
1336 408 1566 480 κινδύνῳ
1599 412 1632 480 ἡ
1642 410 1754 481 μῶν

1865 429 2082 483 scopum
2114 412 2345 468 civitatis
2377 412 2564 477 lconii,
2589 421 2772 465 nostro
2795 412 2885 480 qui
2917 409 3187 463 adfuimus
3213 417 3267 461 et
3299 405 3416 460 sui“-

190 492 678 560 :apaysvopévwv'
715 492 1000 565 ὠξώμεθα
1035 492 1127 548 οὖν
1148 537 1162 559 ,
1207 499 1292 549 ἵνα
1327 497 1456 572 ἔλθῃ
1490 501 1576 553 ἐπ’
1607 502 1755 572 αύτῷ

192 582 223 650 ἡ
251 583 405 651 χάρις
429 581 520 634 τοῦ
553 575 764 655 Κυρίου
793 586 950 655 ἡμῶν
989 587 1163 657 Ἰησοῦ
1194 591 1460 659 Χριστοῦ.
1487 593 1595 645 Καὶ
1621 594 1756 663 μετὰ

191 673 250 722 τὸ
279 673 530 739 εὔξασθαι
563 676 745 729 αὐτῶν
765 719 780 741 ,
814 679 1020 731 ἔδωκαν
1048 681 1194 751 αύτῷ
1223 682 1319 751 τὴν
1359 684 1612 755 εἰρήνηνο
1661 687 1755 739 καὶ

196 766 409 832 αςανείς
432 765 680 834 ἐγένοντο
710 770 806 822 ἀπ’
831 770 1017 824 αὑτοῦ.

260 857 458 910 B'.Kai.
488 857 596 910 ἰδοὺ
623 860 910 914 ἐπίσκοποι
926 862 1071 926 tam
1086 864 1334 935 ἀριθμὸν,
1353 868 1756 938 ἐκπεμφθέντες

198 947 295 999 ὑπὸ
324 951 410 1000 τοῦ
435 950 595 1018 ἁγίου
625 952 765 1006 Πνεύ
775 971 967 1024 ματος,
989 956 1288 1026 ἐπηρώτων
1314 959 1441 1027 περὶ
1467 959 1632 1012 αὑτοῦ
1658 960 1752 1012 τοῦ

207 1041 570 1111 Ἀμφιλοχίου,
625 1043 876 1112 λέγοντες
934 1047 1117 1117 αὐτῷ·
1165 1050 1237 1102 Σὺ
1289 1046 1344 1103 εἷ
1407 1052 1754 1122 Ἀμφιλὸχιος

197 1133 451 1201 μωαχός;
499 1135 559 1187 Ὀ
594 1134 652 1188 δὲ
696 1136 880 1204 λέγει·
929 1139 1043 1190 Πᾶν
1076 1138 1268 1208 ψεῦδος
1293 1143 1356 1194 ἐκ
1387 1142 1480 1195 τοῦ
1521 1143 1753 1214 πονηροῦ

191 1225 353 1285 ἐστιν,
391 1224 495 1276 κᾶν
521 1226 614 1278 ἐπὶ
648 1227 886 1296 μεγάλου
916 1228 1244 1301 πράγματος
1277 1232 1504 1300 γίνεται,
1536 1233 1637 1288 κᾶν
1665 1236 1755 1287 ἐπὶ

193 1313 406 1382 μικροῦ.
436 1315 547 1367 Καὶ
579 1312 735 1370 εἶπεν
754 1335 770 1348 ⁵
809 1319 950 1387 Ἐγώ
979 1323 1093 1391 εἰμι
1129 1324 1474 1395 Ἀμφιλόχιος
1502 1325 1751 1396 μοναχός.

189 1406 300 1458 Καὶ
333 1407 584 1472 λαϐόντες
617 1410 782 1462 αὐτὸν
808 1414 857 1465 οἱ
896 1414 1185 1469 ἐπίσκοποι
1226 1418 1522 1488 εἰσήγαγον
1553 1419 1633 1482 εἰς
1658 1418 1754 1489 τὴν

191 1496 502 1566 ἐκκλησίαν.
546 1501 659 1553 Kal.
699 1501 850 1569 λέγει
901 1504 1086 1568 αὐτοῖς
1138 1507 1374 1570 ἐκεῖνος·
1432 1507 1752 1572 Ἀκούσατε,

191 1586 403 1654 ἀδελφοὶ
430 1590 524 1641 καὶ
572 1592 842 1663 πατέρες,
879 1595 956 1659 ὡς
995 1596 1093 1666 τὴν
1139 1597 1395 1667 ἀλήθειαν
1433 1601 1560 1669 ύμῖν
1593 1599 1750 1668 λέγω.

202 1678 288 1728 Ἐν
316 1678 422 1749 γὰρ
458 1683 524 1750 τῇ
563 1685 719 1735 νυκτὶ
757 1685 926 1756 ταύτῃ
972 1686 1189 1753 ἄγγελοι
1250 1689 1384 1741 Θεοῦ
1422 1690 1755 1760 ἐχειροτόνη-

194 1771 288 1820 σάν
326 1788 393 1839 με
427 1772 726 1827 ἐπίσκοπον
768 1776 976 1839 πόλεως
1016 1779 1255 1833 Ἰκονίου.
1284 1782 1394 1833 Καὶ
1425 1782 1755 1845 ἀκούσαντες

192 1859 362 1913 ταῦτα
390 1865 436 1914 οἱ
468 1863 778 1928 ἐπίσκοποι,
809 1866 1043 1938 ἔστησαν
1067 1870 1257 1937 ὲννεοὶ,
1289 1871 1650 1941 ἐμϐλέποντες
1676 1874 1754 1937 εἰς

189 1949 273 2001 τὸν
300 1952 416 2013 ἕνα,
450 1955 543 2006 καὶ
577 1954 862 2022 λέγοντεςο
907 1960 1002 2012 Ὃν
1035 1960 1062 2011 ὁ
1091 1958 1224 2022 Θεὸς
1265 1961 1639 2031 ἐχειροτόνησε
1668 1962 1756 2015 διὰ

188 2041 290 2091 τῶν
345 2043 508 2108 ἁγίων
551 2045 717 2097 αὐτοῦ
772 2046 1049 2115 ἀγγέλων,
1091 2051 1256 2120 ἡμεῖς
1298 2053 1673 2122 χειροτονῆσαι
1718 2055 1752 2124 ἢ

190 2136 519 2206 παρυϐρίσαι
545 2138 606 2189 ού
636 2137 916 2209 δυνάμεθα
936 2156 950 2170 ·
976 2140 1088 2194 ἀλλ’
1116 2140 1268 2195 ἔσται
1293 2143 1653 2214 εὐλογημένος
1677 2147 1756 2208 εἰς

189 2228 310 2288 τοὺς
358 2228 556 2291 αἰῶνας
601 2229 712 2283 τῶν
764 2230 1010 2284 αἰώνων·
1055 2233 1149 2285 καὶ
1200 2233 1308 2304 δῴη
1358 2235 1505 2304 αὐτῷ
1554 2236 1757 2305 Κύριος

193 2319 366 2370 πᾶσαν
405 2320 562 2390 χάριν
609 2321 704 2373 καὶ
749 2322 1052 2374 ἀνάπαυσιν
1077 2338 1093 2352 ·
1139 2323 1235 2375 xui.
1277 2325 1384 2376 υἱοὶ
1431 2324 1658 2394 ἀνομίας
1695 2326 1754 2377 οὐ

194 2407 528 2461 κακώσουσιν
577 2408 747 2480 αὐτῷ.
793 2412 904 2462 Καὶ
944 2411 1126 2473 δόντες
1167 2411 1315 2481 αὐτῷ
1355 2412 1453 2483 τὴν
1501 2415 1754 2484 εἰρήνην,

193 2497 539 2568 ἀνεχώρησαν
566 2499 661 2551 ἀπ’
693 2500 860 2552 αὑτοῦ
880 2516 894 2530 ο
927 2502 1020 2552 καὶ
1047 2500 1288 2570 ἀπῆλθον
1308 2502 1536 2566 ἕκαστος
1558 2506 1636 2564 εἰς
1661 2503 1758 2575 τὴν

203 2589 336 2640 ἰδίαν
364 2590 547 2653 πόλιν,
579 2590 674 2642 καὶ
718 2589 1046 2661 διηγήσαντο
1084 2590 1155 2644 τὰ
1197 2593 1324 2663 περὶ
1373 2595 1751 2664 Ἀμφιλοχίουε

194 2683 279 2732 καὶ
324 2684 479 2745 αὐτὸς
518 2678 588 2753 ἦν
643 2683 922 2751 ποιμένων
974 2684 1036 2736 τὸ
1078 2683 1326 2754 ποίμνιον
1367 2685 1640 2754 Χριστοῦ,
1700 2689 1757 2739 ὲν

198 2771 322 2822 πᾶσι
343 2773 580 2842 ὁσιότητι
597 2771 714 2852 ,καὶ
746 2773 1079 2846 δικαιοσύνῃ.

256 2861 327 2916 Γ.
345 2863 499 2915 Μετὰ
533 2862 587 2915 δὲ
601 2862 730 2933 τρέα
757 2863 873 2934 ἐτη,
897 2865 1262 2937 ἀνέστησανόἱ
1289 2865 1452 2918 λύκος
1466 2865 1565 2937 τῆς
1595 2867 1756 2937 Ἀρα-

197 2952 342 3017 ϐίας,
370 2954 642 3023 Εὑνὸμιος
681 2955 776 3007 καὶ
823 2955 1099 3026 Ἀρειανὸς
1137 2957 1232 3010 καὶ
1269 2957 1628 3020 Μακεδόνιος,
1662 2959 1756 3011 καὶ

1858 508 2028 575 fragio
2074 515 2128 560 et
2181 505 2419 574 periculo
2478 504 2577 574 (a).
2647 505 2937 558 Precemur
2977 515 3126 568 ergo,
3155 507 3213 552 ιιι
3241 497 3415 567 gratia

1857 598 2063 652 Domini
2099 601 2262 653 nostri
2290 597 2417 652 Jesu
2449 597 2644 652 Christi
2686 609 2846 665 super
2886 610 3005 649 enm
3046 593 3245 647 veniat.
3285 591 3418 644 Per-

1857 692 2096 759 actisque
2129 691 2396 758 precibus,
2433 691 2694 744 dederunt
2724 689 2771 742 ei
2808 702 3014 758 pacein,
3048 695 3105 740 et
3133 683 3414 753 disparue-

1858 793 1981 836 runt
2015 783 2080 836 ab
2109 783 2226 851 ejus
2247 783 2436 836 oculis.

1928 873 1986 926 ll.
2021 873 2159 927 Ecce
2184 882 2361 928 autem
2400 883 2605 940 septem
2628 885 2848 924 numero
2874 868 3131 939 episcopi,
3168 866 3414 922 mittente

1857 964 2058 1031 Spiritu
2110 961 2797 1031 sancto,percontabantnr
2849 960 2916 1014 de
2971 960 3088 1028 ipso
3126 957 3408 1028 Amphilo-

1855 1054 1998 1117 chio,
2035 1053 2308 1108 dicentes:
2341 1052 2492 1105 Tune
2534 1065 2592 1105 es
2632 1049 3040 1120 Amphilochius
3079 1045 3412 1104 monachus?

1856 1144 1955 1211 Qui
1985 1145 2089 1198 ait:
2111 1143 2445 1198 Mendacium
2476 1155 2634 1196 omne
2662 1156 2691 1195 a
2723 1141 2864 1196 malo
2900 1152 2978 1195 est
3003 1141 3099 1212 (ὁ),
3137 1142 3252 1195 sive
3293 1139 3413 1209 qnis

1855 1235 2144 1288 mentiatur
2193 1236 2245 1289 in
2301 1251 2360 1290 re
2397 1250 2609 1305 magna,
2638 1236 2750 1289 sive
2785 1235 2835 1287 in
2885 1249 3068 1302 parva.
3102 1233 3416 1302 Respondit-

1854 1341 1958 1396 que
1988 1344 2001 1380 :
2036 1327 2144 1396 Ego
2161 1341 2276 1380 sum
2303 1326 2711 1396 Amphilochius
2737 1326 3048 1380 monachus.
3087 1325 3239 1379 Tunc
3271 1324 3413 1378 acci-

1855 1417 2060 1485 pientes
2105 1418 2274 1485 ipsum
2295 1417 2551 1485 episcopi,
2588 1418 2855 1470 duxerunt
2901 1417 2952 1470 in
2985 1415 3287 1471 ecclesiam.
3315 1416 3408 1468 A-it

1855 1521 1982 1560 vero
2010 1505 2112 1560 illis
2139 1522 2154 1560 :
2188 1505 2398 1572 Audite,
2426 1508 2619 1561 fratres
2649 1516 2703 1560 et
2730 1515 2910 1576 patres
2931 1545 2946 1570 ,
2982 1515 3040 1560 ut
3060 1505 3209 1560 vobis
3231 1506 3412 1560 dicam

1855 1599 2151 1653 veritatem.
2191 1598 2302 1653 Hac
2349 1597 2496 1652 enim
2539 1606 2696 1652 nocte
2734 1597 2911 1668 angeli
2937 1597 3028 1650 Dei
3059 1610 3150 1650 me
3177 1595 3413 1649 civitatis

1855 1689 2016 1744 lconii
2059 1689 2443 1743 ordinaverunt
2490 1689 2820 1757 episcopum.
2865 1689 2934 1743 lis
2961 1688 3034 1742 illi
3059 1687 3274 1750 auditis,
3306 1693 3410 1740 ste-

1858 1788 2037 1832 terunt
2065 1779 2217 1843 muti,
2246 1780 2296 1833 in
2321 1795 2378 1834 se
2413 1780 2639 1833 invicem
2669 1779 3373 1849 aspicientes,dicentesque
3395 1795 3414 1829 :-

1868 1869 2034 1935 Quem
2067 1867 2206 1923 Deus
2229 1883 2323 1937 per
2339 1877 2556 1922 sanctos
2587 1869 2806 1938 angelos
2834 1882 2960 1922 suos
2987 1865 3273 1928 ordinavit,
3303 1877 3412 1917 non

1855 1974 2139 2031 possumus
2166 1961 2264 2030 ipsi
2299 1961 2548 2016 ordinare
2581 1970 2673 2015 aut
2706 1960 2918 2014 allicere
2950 1957 3293 2021 contumelia,
3321 1955 3415 2010 sed

1855 2054 1960 2107 erit
1985 2052 2298 2107 benedictus
2327 2052 2377 2105 in
2409 2052 2602 2107 saecula
2634 2051 2986 2115 saeculorum;
3020 2052 3178 2119 eique
3224 2047 3414 2102 Dami‘

1859 2159 1958 2198 nos
2005 2144 2230 2213 gratiam
2273 2157 2486 2198 omnem
2521 2153 2575 2197 et
2617 2143 2853 2212 quietem
2903 2142 3150 2196 dederit:
3185 2155 3284 2195 nec
3317 2137 3418 2192 ﬁlii

1858 2233 2156 2300 iniquitatis
2192 2235 2460 2288 nocebunt
2486 2234 2535 2287 ei
2559 2234 2600 2287 ⁸.
2633 2235 2764 2288 Data
2796 2249 2922 2301 ergo
2965 2234 3013 2288 ei
3060 2247 3212 2302 pace,
3243 2245 3418 2286 reces-

1855 2333 2034 2376 serunt
2073 2323 2140 2376 ab
2182 2339 2279 2388 eo;
2324 2340 2554 2394 cumque
2607 2325 2661 2379 in
2695 2341 2848 2380 suam
2877 2327 3102 2394 quisque
3142 2324 3414 2378 civitatein

1859 2413 2056 2468 reversi
2109 2424 2310 2478 essent,
2362 2426 2716 2470 narraverunt
2773 2431 2891 2484 qua:
2941 2417 3082 2469 circa
3139 2414 3416 2484 Amphilo-

1857 2504 2034 2558 chium
2066 2515 2214 2572 gesta
2243 2513 2414 2559 erant.
2455 2505 2570 2575 Ipse
2591 2520 2750 2573 porro
2779 2505 3186 2576 Amphilochius
3213 2504 3413 2559 Christi
3468 2545 3476 2554 .

1859 2608 2073 2663 gregem
2124 2595 2377 2665 pascebat
2427 2595 2478 2648 in
2514 2598 2762 2651 omnibus
2809 2598 3098 2652 sanctitate
3155 2606 3209 2650 et
3257 2595 3416 2666 justi-

1860 2687 1950 2740 tia.

1926 2871 2011 2929 Ill.
2041 2871 2168 2927 Post
2218 2881 2327 2928 tres
2377 2881 2556 2927 autem
2606 2886 2798 2937 annos,
2846 2871 3255 2926 insurrexerunt
3308 2865 3421 2935 lupi

1857 2965 2068 3021 Arabiae
2102 2967 2194 3037 (c),
2222 2967 2538 3028 Eunomius,
2585 2965 2825 3033 inquam,
2865 2963 3116 3025 Arianns,
3145 2970 3198 3013 et
3246 2957 3420 3011 Mace-

197 3048 481 3118 σ’,ιξήτησιν
513 3049 797 3102 ἐποιοῦντο
834 3051 960 3120 περὶ
988 3051 1088 3120 τῆς
1131 3051 1365 3113 πίστεως
1393 3053 1492 3122 τῆς
1532 3055 1611 3116 εἰς
1642 3053 1751 3106 Κύ-

1865 3058 2072 3136 donius,
2129 3060 2584 3129 qumstionemque
2615 3066 2895 3112 moverunt
2923 3055 2990 3109 de
3021 3054 3124 3107 ﬁde
3157 3054 3208 3105 in
3239 3051 3415 3105 Domi-

197 3153 300 3206 ριον
347 3142 380 3209 ἡ
389 3140 507 3209 μῶν
565 3141 773 3209 Ἰησοῦν
819 3143 1050 3212 Χριστόν
1073 3159 1084 3172 ⁸
1127 3143 1221 3194 καὶ
1249 3143 1424 3205 οὐδεὶς
1453 3145 1632 3212 ἴσχυεν
1664 3147 1758 3198 ἀν-

195 3230 431 3298 τιστῆναι
465 3230 545 3300 τῷ
589 3230 735 3299 λόγῳ
762 3231 940 3283 αὐτῶν
962 3247 973 3259 ·
1002 3231 1094 3284 καὶ
1127 3231 1344 3299 ἐγένετο
1381 3231 1597 3296 σύνοδος
1638 3237 1755 3287 ὲπιο

256 3341 438 3397 ’Psal.
469 3358 732 3406 Lxxxvm,
766 3343 854 3396 25.

195 3470 274 3513 an.
317 3457 446 3520 59.5,
473 3457 731 3525 quidquid
760 3457 930 3512 [crius
959 3457 1280 3514 scholiastes
1309 3458 1607 3514 Germanus
1637 3475 1758 3513 car-

193 3527 344 3581 minis
365 3532 432 3580 ad
457 3526 737 3581 Seleucum
767 3548 781 3580 :
812 3537 864 3581 et
889 3531 1164 3582 evidenter
1184 3529 1455 3596 colligitur
1482 3544 1548 3584 ex
1571 3528 1756 3583 lliero-

195 3611 344 3667 nymo
380 3596 458 3650 De
514 3599 858 3664 scriptoribus
902 3597 1286 3664 ecclesiasticis,
1341 3600 1589 3667 loquente
1638 3609 1759 3667 post

192 3664 440 3736 Gregorii
471 3667 676 3719 obitum
732 3669 798 3721 de
854 3668 1232 3736 Amphilochio
1263 3676 1321 3721 ut
1351 3664 1422 3724 de.
1447 3664 1755 3736 superstite,

196 3751 362 3804 exque
394 3734 695 3805 Menologio
723 3734 1088 3806 longissimam
1113 3738 1160 3790 ei
1189 3747 1406 3791 aetatem
1444 3734 1712 3793 tribuente
1737 3758 1750 3794 :

195 3821 306 3858 cum
340 3807 481 3875 iteni
522 3806 862 3860 transmissio
885 3806 1180 3875 spiritualis
1213 3806 1281 3859 ob
1314 3808 1482 3859 solam
1513 3808 1756 3860 devotio-

195 3890 309 3926 nem
342 3876 396 3928 in
438 3873 698 3928 Theclam
752 3873 928 3930 minus
983 3875 1250 3930 sulﬁciens
1278 3877 1526 3931 videatur
1551 3876 1756 3931 intento

195 3943 454 4012 Gregorii,
503 3945 595 4012 qui
637 3955 780 3998 totus
819 3947 1070 4014 mysteria
1109 3945 1363 4014 loquitur,
1414 3947 1613 4012 vixque
1659 3949 1754 4000 lia-

199 4015 280 4084 ιιοιι
307 4014 570 4084 syllabam
615 4024 709 4068 aut
732 4029 938 4077 vocem,
969 4015 1051 4067 cui
1086 4031 1188 4069 non
1247 4017 1317 4068 sit
1359 4014 1599 4082 adjectus
1628 4017 1757 4069 sub-

200 4081 904 4154 limis'aliquisAtlivinusque
933 4099 1120 4138 sensus
1143 4081 1447 4154 (utegregie
1476 4087 1754 4154 prosequi-

202 4162 277 4205 tur
311 4153 427 4218 ejus
451 4151 893 4208 studiosissimus
925 4162 978 4207 et
1002 4154 1116 4223 ipse
1135 4151 1544 4223 nervosiSSim'us
1585 4151 1755 4208 Maxi-

199 4238 330 4284 mus,
363 4225 429 4275 ad
462 4223 691 4290 primam
723 4232 912 4292 quaest.
948 4224 1000 4275 in
1026 4222 1193 4278 forat.
1240 4222 1318 4277 De
1361 4237 1536 4276 amore
1561 4241 1754 4289 paupe-

199 4306 306 4343 rum
340 4293 584 4360 ejusdem
631 4292 902 4362 Gregorii,
921 4294 1223 4360 propediem
1267 4307 1386 4346 cum
1422 4293 1636 4362 reliquis
1669 4295 1750 4361 ip-

197 4363 301 4414 sius
334 4368 402 4413 ali
433 4362 769 4416 amicissimo
798 4361 944 4431 regio
976 4365 1265 4430 interprete
1290 4361 1661 4429 Alberto,’jam
1681 4379 1745 4416 ex

198 4432 372 4499 (lyrilli
419 4431 602 4496 magni
638 4431 872 4485 editione
903 4446 1006 4485 non
1033 4446 1220 4500 parum
1247 4432 1412 4493 claro,
1441 4431 1492 4484 in
1532 4433 1620 4496 jus
1651 4447 1748 4500 pti-

201 4503 418 4561 lilicuni;
461 4501 702 4554 nonnihil
737 4502 900 4554 etiam
933 4499 1085 4554 nobis
1117 4500 1199 4554 vel
1248 4499 1752 4556 conferentibus’vel

197 4571 563 4624 annitentibus
613 4571 902 4624 celeranda
940 4571 1112 4640 operi,
1138 4579 1192 4624 et
1216 4571 1516 4638 promptius
1547 4570 1755 4625 fodien-

201 4643 330 4693 tibus
364 4641 576 4702 multis,
603 4641 842 4694 eruendo
872 4642 1141 4702 thesauro,
1171 4642 1621 4710 transierendus).
1647 4657 1752 4694 ιιοιι

200 4711 452 4763 absonum
483 4711 653 4762 videri
685 4711 872 4776 possit,
902 4721 958 4762 nt
991 4725 1056 4764 eo
1082 4710 1244 4772 dicat,
1281 4711 1346 4762 ad
1378 4708 1542 4762 Deum
1578 4708 1754 4764 trans-

202 4781 402 4834 misisse
450 4794 576 4832 cum
623 4781 829 4848 virgine
876 4778 1096 4843 Thecla,
1125 4779 1248 4847 quia
1304 4779 1404 4832 sibi
1445 4780 1531 4832 illa
1582 4781 1754 4848 ipsunt

202 4852 492 4910 ascivisset,
516 4858 572 4902 et
594 4864 704 4902 sua:
730 4849 802 4901 illi
829 4849 1076 4903 Ecclesia:
1102 4850 1421 4902 miraeulose
1446 4848 1753 4917 praefectum

201 4928 249 4971 et
282 4921 590 4973 ordinatum
627 4919 942 4980 antistitem,
977 4920 1120 4972 velut
1168 4919 1279 4983 jam
1326 4933 1428 4972 non
1482 4929 1754 4972 terrenum

201 4990 485 5049 hominem,
514 4998 571 5042 et
604 5003 703 5058 pro
725 4989 847 5040 vita:
885 4987 1052 5058 hujus
1098 4997 1236 5041 statu
1287 4987 1540 5042 Ecclesia:
1582 4989 1759 5056 praesi-

201 5060 332 5123 dem,
375 5059 472 5112 sed
506 5057 764 5126 tanquam
794 5057 1067 5111 ctelestem
1095 5059 1294 5120 virum,
1323 5065 1376 5108 et
1399 5058 1510 5124 jam
1541 5059 1592 5111 in
1621 5058 1758 5111 caelo

201 5137 248 5178 et
278 5144 397 5180 cum
423 5128 702 5180 caalitibus
733 5127 944 5197 Deoque
981 5126 1402 5197 peculiarissime
1429 5139 1752 5189 versantem,

199 5206 248 5265 et
278 5198 388 5250 fere
424 5208 604 5250 status
644 5196 872 5250 beatiﬁci
930 5196 1049 5250 cum
1105 5197 1216 5265 ips‘a
1255 5205 1559 5249 consortem
1590 5198 1757 5250 videri

202 5263 446 5329 fecisset;
475 5279 654 5335 eoque
698 5281 823 5319 vere
850 5266 950 5320 sibi
982 5263 1233 5327 amicum,
1271 5266 1410 5332 quod
1450 5266 1756 5330 dicebatur;

199 5337 444 5390 omnibus
465 5338 578 5402 jam
609 5337 1003 5404 quodammodo
1035 5347 1089 5388 et
1115 5335 1340 5403 mystice
1364 5337 1758 5397 communibus,

200 5409 539 5460 ostendisset.
565 5403 821 5474 Eanideni
857 5403 1190 5474 Nicephorns
1217 5405 1494 5458 historiam
1519 5420 1582 5474 et
1617 5421 1764 5458 com-

202 5478 340 5528 muni
393 5477 538 5528 fama
575 5473 771 5538 refert;
809 5476 899 5526 sed
933 5473 998 5528 is
1021 5474 1202 5541 junior
1247 5484 1347 5534 est,
1379 5488 1476 5528 nec
1527 5473 1662 5528 forte
1698 5478 1762 5528 ab

203 5547 300 5598 alio
327 5549 538 5612 accepit
575 5561 738 5613 quam
764 5563 794 5596 a
820 5544 1201 5612 Metaphraste,
1243 5559 1405 5612 penes
1431 5559 1612 5612 quem,
1641 5559 1761 5598 cum

202 5617 419 5682 quaestio
450 5617 577 5668 facti
605 5615 696 5675 sit,
732 5623 837 5668 stet
873 5617 947 5666 rei
975 5624 1135 5666 tanta:
1168 5615 1316 5666 lides.

267 5687 342 5758 (ιι)
373 5684 570 5740 Nostro
622 5685 711 5753 qui
757 5684 1024 5753 adfuimus
1059 5693 1105 5740 et
1154 5683 1406 5752 sit/Tragic
1437 5692 1484 5737 et
1515 5683 1761 5740 vericulo.

1863 3165 1988 3203 mnu
2022 3149 2202 3204 Jesum
2239 3151 2510 3205 Christum
2545 3167 2558 3203 :
2592 3163 2690 3204 nec
2741 3148 3022 3216 quisquam
3077 3161 3262 3200 eorum
3312 3159 3422 3196 ser-

1864 3241 2005 3296 moni
2037 3251 2245 3310 poterat
2274 3242 2527 3297 resistere
2553 3241 2630 3312 (ά)
2657 3256 2668 3291 :
2703 3240 2954 3308 factaque
2991 3246 3074 3292 est
3110 3235 3422 3291 Constanti-

1863 3447 2043 3518 Ψήφῳ
2072 3447 2164 3522 καὶ
2197 3442 2427 3522 κινδύνῳ
2465 3439 2620 3522 ἡμῶν
2653 3437 3126 3522 παραγενομένων.
3164 3435 3419 3522 Loquitur:

1865 3507 1952 3569 ιιιιί
1973 3507 2146 3585 aitgeli
2182 3529 2328 3568 more
2381 3507 2681 3585 hominum,
2711 3507 2902 3578 quibus
2937 3507 3424 3585 suﬂraganti‘linset

1862 3575 2259 3654 iinponeutibus
2278 3596 2488 3654 manus,
2510 3596 2612 3654 non
2641 3575 2756 3654 leve
2775 3589 2856 3654 est
2880 3575 3424 3654 perictilii'in._Qnani-

1862 3645 2044 3709 olirem
2085 3653 2280 3708 Paulus
2333 3649 2614 3725 Timotheo
2631 3649 3028 3725 _cliarissiino_:
3057 3645 3268 3725 Nemini
3298 3645 3422 3725 rcilo

1862 3741 2046 3778 manus
2081 3723 2414 3791 imposueris,
2441 3731 2569 3784 etc.,
2631 3717 2844 3794 Tim._v,
2876 3717 2965 3771 22.
2994 3716 3182 3776 Angeli
3218 3724 3418 3794 autem.

1862 3810 1982 3846 cum
2030 3788 2224 3846 divinae
2276 3800 2480 3844 tantum
2522 3788 2810 3842 voluntatis
2839 3794 3207 3845 exsecutores,
3238 3788 3428 3850 etjanr

1863 3864 2026 3927 beati,
2055 3863 2107 3915 id
2135 3863 2374 3932 muneris
2405 3858 2658 3924 obierint,
2688 3855 3040 3932 extra_aleam
3069 3854 3299 3906 inerunt.
3330 3850 3428 3932 Vel

1865 3933 2024 3987 fuerit
2073 3928 2382 3986 nonnullum
2438 3943 2622 3982 eorum
2667 3927 2982 3995 periculum.
3018 3939 3085 3978 ne
3130 3938 3235 3995 non
3289 3927 3424 3995 satis

1863 4004 2021 4071 digne
2059 4001 2361 4055 sacerdotio
2388 3993 2891 4071 fungeretu'r,_vclut
2921 3995 3093 4048 adhuc
3118 3993 3184 4046 ad
3221 3993 3422 4046 malum

1858 4066 2119 4126 vertiliilis
2147 4081 2201 4124 et
2228 4071 2420 4131 viator,
2452 4066 2609 4134 quem
2637 4066 2736 4134 ipsi
2771 4076 2825 4120 et
2863 4073 3270 4120 consecrassent
3306 4072 3360 4115 et
3386 4076 3418 4114 a

1858 4141 1986 4204 Deo,
2001 4142 2142 4198 sedis
2159 4141 2323 4206 illius,
2339 4153 2458 4194 cum
2478 4135 2692 4200 Thecla,
2706 4139 3010 4204 episcopum
3029 4134 3426 4206 impetrassent,

1853 4203 2029 4265 Neseii
2074 4212 2217 4266 enim
2239 4203 2560 4269 futurorum,
2589 4221 2708 4260 cunt
2741 4203 2940 4274 aliquid
2966 4219 2995 4257 a
3031 4203 3159 4267 Deo,
3188 4203 3326 4270 quod
3359 4203 3429 4256 ad

1857 4281 1945 4334 Dei
1980 4281 2198 4351 gloriam
2225 4289 2442 4351 putant,
2477 4291 2532 4329 re
2561 4277 2734 4351 minus
2755 4276 3094 4351 succedente,
3118 4287 3423 4351 quanquam

1855 4342 2008 4405 nulla
2037 4342 2237 4406 eorum'
2277 4350 2453 4417 culpa,
2511 4346 2924 4417 velutrpeccare
2975 4342 3254 4417 _viden_tur,
3278 4353 3330 4397 et
3370 4342 3426 4395 in

1779 4405 1826 4464 θ
1854 4435 1911 4475 se
1943 4405 2084 4489 ipsos
2139 4421 2188 4474 id
2242 4405 2520 4489 accersere
2571 4405 2828 4489 periculi;
2849 4415 2988 4484 quod
3015 4405 3247 4467 omnino
3273 4427 3426 4479 pecu-

1855 4486 2136 4546 Iiarissima
2163 4505 2292 4543 cura
2325 4487 2680 4557 precibusque
2713 4486 3248 4557 adDeumconanlur
3275 4497 3425 4535 amo-

1855 4559 1964 4624 liri,
1997 4561 2141 4614 velut
2170 4553 2367 4628 quibus
2400 4556 2616 4628 maximi
2647 4557 2734 4628 sit,
2760 4556 2848 4628 illa
2886 4553 2978 4606 Dei
3018 4553 3193 4606 taliter
3224 4555 3426 4628 intenta

1855 4623 2050 4698 gloria.
2102 4623 2346 4698 Legenda
2393 4629 2531 4694 apud
2592 4625 3084 4698 Danielenrpugna
3110 4623 3420 4698 angelorum

1856 4693 2257 4769 praepositorum
2277 4693 2510 4752 Hebraeis
2524 4705 2572 4748 et
2588 4694 2783 4769 Persis,
2801 4702 2854 4748 et
2876 4694 2924 4745 in
2937 4693 3421 4769 cernemus-iteres.

1923 4761 2003 4850 μὶ)
2033 4769 2366 4850 Mendacium
2405 4782 2551 4850 onmnie
2594 4783 2626 4817 (ι
2670 4764 2807 4842 ηιαζο
2859 4774 2954 4816 est.
3004 4761 3429 4850 'Il.&v‘tjaeu60;‘:ét<,

1858 4831 1950 4894 τοῦ
1986 4831 2224 4910 πονηροῦ
2250 4841 2387 4891 ἐστι.
2431 4838 2482 4890 In
2523 4836 2622 4888 hoc
2663 4835 2868 4888 sanius.
2910 4831 3092 4887 multis
3125 4831 3424 4910 prie-semini

1858 4899 2188 4973 Grazcisfin
2215 4923 2442 4976 quorum
2472 4914 2652 4976 partes
2679 4918 2913 4976 magnus
2932 4902 3199 4976 concessit
3231 4899 3422 4976 Hiero-

1859 4969 2090 5051 nymus,
2119 4969 2315 5050 qua-de
2356 4992 2414 5032 re
2443 4969 2683 5046 pluribus
2701 4969 2841 5042 Aug.
2862 4972 2954 5027 lib.
2983 4969 3179 5026 Contra
3213 4971 3428 5024 menda-

1858 5068 2016 5108 etum.

1934 5120 2004 5191 (c)
2063 5119 2470 5191 Insttrrexerunt
2505 5113 2642 5191 _Iupi
2701 5113 2930 5168 Arabiaz.
2983 5110 3428 5191 ,Ἀνέστησαν-οὶ

1861 5179 2013 5246 λύκοί
2046 5191 2144 5260 τῆς
2180 5187 2472 5260 Ἀραϐίῖαςη
2505 5179 2761 5260 Incertus
2777 5194 2961 5260 auctor
2983 5183 3122 5237 inter
3148 5179 3425 5260 Amphilo-

1863 5263 1968 5317 ehii
1986 5251 2147 5330 opera
2171 5251 2312 5330 erat.
2337 5255 2402 5309 In
2416 5257 2696 5330 _circi_mt_c.,
2725 5251 3263 5330 Gregorinsqnoque
3287 5258 3426 5330 orat.

1863 5334 1954 5395 54,
1988 5318 2074 5386 tibi
2106 5328 2292 5380 Billius
2325 5344 2377 5378 ιι.
2415 5325 2469 5389 5,
2495 5318 3036 5395 alluduntom'nesad
3067 5318 3424 5395 inlltl‘ﬂii'bilc.

1866 5387 2054 5470 tjuxta
2094 5397 2242 5452 LXX
2271 5415 2303 5470 ε,
2329 5387 2619 5470 velociores
2647 5394 2784 5460 lupis
2842 5391 3053 5470 Arabia:
3084 5409 3104 5470 :_
3132 5389 3217 5443 ubi
3244 5387 3426 5470 "Vulg.

1865 5459 2002 5539 (ripis
2030 5468 2371 5539 vespertinis.»
2391 5468 2514 5539 Sola
2555 5459 2872 5539 punctqrum
2901 5463 3194 5539 diversitas
3225 5459 3429 5512 disere-

1864 5529 2274 5612 pa'ntiani'facit.
2316 5537 2493 5591 Videri
2522 5529 2695 5604 potest
2724 5531 2936 5612 Cornel.
2973 5547 3038 5586 eo
3072 5529 3194 5612 loci.
3256 5597 3267 5606 .

1937 5611 2015 5681 (ά)
2048 5609 2166 5681 Νεε
2187 5611 2462 5681 quisquam
2487 5603 2677 5681 eorum
2691 5603 2922 5681 sermoni.
2939 5609 3138 5671 poterat
3169 5603 3434 5681 resistere.

1868 5665 2095 5737 Maxime
2128 5665 2374 5735 Eu'nomii
2417 5674 2780 5739 disertissimi,
2843 5665 2991 5741 cujus
3030 5685 3148 5730 cum
3184 5665 3430 5724 Theodo-
