3744 6306
346 265 415 321 19
1314 271 1362 326 S.
1405 270 1855 329 AMPIIILOCIIII
1894 270 2280 327 ICONIENSIS
2321 274 2628 328 EPISCDPI
3512 279 3594 331 {*0

344 383 517 449 nopoli
548 384 615 437 ad
649 385 1026 453 inquirendum
1062 390 1127 441 de
1168 404 1230 443 ea
1281 406 1357 450 re.
1394 401 1609 445 centum
1645 393 1856 460 quinqu:

2022 391 2217 443 ικόπων
2271 398 2380 462 ρνγ¹
2430 395 2487 445 ὲν
2541 390 3107 444 Κωνσταντινουπόλει
3147 392 3385 461 περὶτοῦ
3410 394 3593 465 ζητήσ-

342 476 489 543 giuta
533 478 692 531 trium
727 480 803 549 (a)
832 482 1206 550 episc0porum
1230 485 1485 552 synodus.
1512 484 1756 552 Cumque
1781 485 1910 538 Am-

343 570 649 636 philochius
673 572 724 624 in
767 575 1080 627 memoriam
1108 576 1361 640 venisset,
1401 576 1911 645 dixeruntepiscopi

343 662 410 714 ad
455 664 832 731 imperatorem
870 681 882 716 :
917 664 1139 721 Domine
1203 668 1515 735 imperator,
1569 668 1697 735 jube
1750 669 1913 736 igitur

343 753 654 821 episcopum
683 754 842 807 Iconii
870 756 1087 820 venire;
1122 751 1235 809 etsi
1257 757 1473 824 quidem
1508 758 1669 812 fuerit
1707 757 1794 811 ille
1832 759 1910 811 vi—

342 852 480 906 ctus,
513 843 613 913 ipsi
655 859 845 898 omnes
891 846 1017 899 victi
1062 845 1344 903 fuerimus.
1368 847 1695 917 Imperatore
1730 858 1908 902 autem

336 934 554 999 jubente
584 936 733 989 venit
766 936 1201 1005 Amphilochius,
1237 948 1293 992 ut
1323 941 1411 1009 qui
1468 956 1570 995 non
1632 942 1911 996 resisteret

344 1024 718 1093 imperialibus
746 1028 1038 1093 mandatis,
1076 1030 1349 1085 Tlieodulo
1379 1031 1493 1099 ejus
1529 1032 1910 1089 archidiacono

341 1117 559 1172 comite.
618 1117 807 1182 Porro,
847 1136 968 1173 cum
1027 1121 1209 1177 Iconio
1266 1126 1639 1194 egrederetur,
1674 1127 1796 1181 tulit
1842 1144 1907 1181 ex

344 1215 496 1260 strue
532 1206 746 1276 plenum
776 1209 894 1278 igne
929 1211 1217 1266 carbonem
1258 1214 1352 1285 (b),
1392 1216 1712 1286 tradiditque
1735 1220 1909 1272 archi-

342 1296 587 1360 diacouo,
644 1299 867 1355 dicens:
901 1300 1012 1355 Hoc
1056 1305 1193 1370 apud
1232 1315 1282 1359 te
1324 1322 1501 1371 serva,
1558 1325 1728 1378 usque
1782 1310 1906 1363 dum

342 1386 549 1439 dixero.
575 1387 993 1459 Conscensoque
1018 1393 1161 1460 pullo
1180 1395 1338 1458 asini,
1368 1399 1625 1466 pergebat
1643 1398 1907 1453 Constan-

339 1476 613 1546 tiuopolim
649 1495 663 1531 :
704 1494 766 1533 ac
806 1496 979 1549 neque
1018 1485 1251 1539 comedit
1288 1502 1463 1556 neque
1524 1488 1677 1547 bibit.
1738 1490 1905 1544 donec

337 1568 523 1623 urbem
582 1568 975 1639 ingrederetur.
1027 1574 1196 1641 Quam
1251 1578 1524 1647 ingressus
1568 1581 1694 1633 hora
1745 1598 1905 1645 nona,

336 1655 555 1711 divertit
583 1659 722 1726 apud
758 1662 1045 1729 quamdam
1076 1664 1356 1721 mulierem
1387 1671 1600 1722 viduam
1638 1685 1652 1721 :
1679 1686 1740 1723 ac
1778 1687 1908 1724 cou-

2016 499 2183 552 ματος
2224 482 2433 535 τούτου.
2477 482 2586 534 Καὶ
2630 480 3025 549 ἀναμνησθεὶς,
3062 481 3197 551 πρὸς
3237 482 3328 535 τὸν
3357 483 3593 553 βασιλέα

2012 570 2162 625 εἶπον
2213 575 2262 627 οἱ
2296 573 2612 626 ἐπίσκοποι·
2659 572 2833 641 Κύριε
2872 571 3129 641 βασιλεῦ,
3179 573 3434 628 κέλευσον
3484 572 3591 628 οὖν

2015 664 2190 718 ἐλθεῖν
2247 665 2338 717 τὸν
2389 663 2686 717 ἐπίσκοπον
2747 664 3001 717 Ἰκονίουο
3054 665 3147 718 καὶ
3197 666 3291 718 ἐὰν
3340 668 3588 731 ἐκεῖνος,

2021 756 2340 827 ἡττήθημεν
2365 756 2583 820 πάντες.
2617 756 3015 820 Κελευσθέντος
3055 757 3111 809 δὲ
3149 757 3243 810 τοῦ
3280 758 3551 826 βασιλέως
3573 802 3588 817 .

2018 846 2181 919 ἢλθεν
2204 851 2232 901 6
2270 850 2637 919 Ἀμφιλόχιος,
2660 849 2734 913 ὡς
2760 852 2833 919 μὴ
2860 850 3249 919 ἀνθιστάμενος
3279 850 3590 918 βασιλικοῖς

2012 942 2462 1012 προστάγμασιν,
2507 941 2647 1011 ἔχων
2698 942 2813 1011 μετ’
2848 940 3011 993 αὐτοῦ
3041 942 3135 994 καὶ
3172 942 3457 995 Θεόδουλον
3486 945 3588 996 τὸν

2014 1030 2395 1100 ἁρχιδιάκονον
2420 1030 2607 1084 αὐτοῦ.
2655 1029 2857 1083 Τούτου
2885 1030 2943 1083 δὲ
2976 1031 3332 1101 ὲξερχομένου
3370 1033 3434 1085 ὲκ
3481 1033 3587 1085 τοῦ

2022 1120 2276 1182 Ἰκονίου,
2308 1115 2441 1191 ἦρεν
2480 1122 2543 1173 ἐκ
2573 1120 2670 1189 τῆς
2721 1119 3017 1190 ἀνθρακιᾶς
3065 1120 3370 1192 καρὸούνην
3405 1139 3589 1192 μεμε-

2011 1213 2291 1283 στωμένην
2322 1213 2492 1282 πυρὸς
2513 1254 2527 1275 ,
2556 1213 2650 1265 καὶ
2677 1211 2876 1265 ἔδωκεν
2905 1213 2980 1283 τῷ
3010 1212 3369 1283 ἀρχιδιακόνῳ
3408 1212 3588 1266 αὑτοῦ

2009 1304 2179 1372 λέγων
2202 1322 2214 1334 ⁵
2260 1304 2430 1357 Τοῦτο
2474 1304 2707 1372 φύλαξον
2749 1304 2901 1375 παρὰ
2938 1305 3166 1375 σεαυτῷ,
3200 1305 3303 1369 ἕως
3336 1306 3403 1359 ἂν
3436 1308 3589 1359 εἴπω

2011 1412 2109 1447 σοι.
2158 1397 2268 1449 Καὶ
2317 1396 2603 1459 καθεσθεὶς
2650 1396 2742 1449 ἐπὶ
2781 1397 2942 1448 πόλου
2990 1396 3133 1459 ὄνου,
3182 1398 3473 1467 ἐπορεύετο
3516 1399 3585 1449 ὲν

2008 1486 2572 1539 Κωνσταντινουπόλει
2597 1502 2609 1514 ·
2638 1487 2731 1539 καὶ
2756 1487 2857 1539 οὐκ
2883 1487 3104 1555 ἔφαγεν.
3130 1488 3251 1559 οὐδὲ
3274 1489 3444 1551 ἔπιεν,
3468 1490 3583 1551 ἕως

2010 1576 2075 1629 ἂν
2101 1576 2345 1647 εἰσῆλθεν
2372 1579 2428 1629 ἐν
2448 1577 3030 1633 Κωνσταντινουπόλει.
3057 1579 3165 1631 Καὶ
3188 1579 3431 1649 εἰσῆλθεν
3452 1580 3584 1649 ὥρᾳ

1996 1664 2075 1728 '0',
2119 1667 2382 1719 κατέλυσε
2433 1668 2581 1736 παρά
2625 1684 2731 1719 τινι
2775 1667 2990 1736 γυναικὶ
3024 1669 3197 1737 χήρα·
3240 1669 3332 1720 καὶ
3369 1669 3583 1728 ευθέως

334 1744 540 1809 testim,
577 1746 742 1803 Demn
769 1750 1113 1813 benedicens,
1148 1755 1213 1807 ad
1257 1756 1538 1810 ecclesiam
1598 1767 1679 1812 est
1734 1758 1856 1827 prof

2022 1756 2322 1828 ιξώρμησεν
2365 1757 2457 1809 ἐπὶ
2486 1758 2584 1826 τὴν
2616 1757 2909 1825 ἐκκλησίαν
2942 1759 3177 1826 εὐλογῶν
3203 1759 3293 1810 τὸν
3318 1759 3471 1811 Θεόν.
3506 1761 3579 1811 Αἱ

336 1848 478 1893 ctus.
523 1838 687 1891 Erant
710 1852 886 1893 autem
936 1854 1102 1909 porta:
1140 1860 1328 1899 OllllleS
1353 1849 1616 1903 obseratae
1642 1868 1656 1906 :
1686 1860 1758 1915 at,
1789 1853 1902 1919 ipso

336 1931 527 1997 positis
558 1932 785 1998 genibus
816 1948 1085 2000 precante,
1121 1938 1302 1990 statim
1338 1951 1536 2007 apertze
1586 1957 1709 1994 eum
1756 1944 1902 1998 intus

334 2035 711 2092 susceperunt.
770 2025 862 2080 Ille
922 2042 1050 2083 vero
1105 2030 1185 2085 sic
1243 2048 1401 2086 orare
1444 2034 1902 2102 cmpitzDomiue

333 2114 461 2171 Jesu
484 2117 721 2180 Christe,
758 2120 919 2183 Deus,
950 2135 1053 2174 non
1081 2134 1163 2175 est
1190 2123 1243 2177 in
1270 2140 1353 2178 me
1384 2140 1562 2180 sermo
1587 2128 1896 2194 sapientiae:

334 2223 435 2263 nec
471 2212 591 2263 novi
631 2212 761 2281 quid
797 2214 971 2268 dicam
1021 2214 1284 2285 loquarve
1326 2232 1507 2271 coram
1555 2218 1897 2287 imperatore.

336 2301 461 2355 Ilaec
490 2318 612 2357 cum
648 2305 894 2371 dixisset,
924 2308 1094 2361 astitit
1126 2307 1398 2371 Christus,
1425 2309 1515 2377 qui
1552 2325 1647 2379 per
1678 2312 1902 2379 prophe-

334 2402 415 2446 tas
446 2395 653 2450 locutus
674 2407 777 2459 est,
810 2399 1033 2453 dicens:
1064 2398 1236 2466 Prope
1267 2410 1343 2453 est
1376 2400 1631 2453 Dominus
1657 2404 1901 2455 invocan-

337 2484 477 2538 tibus
532 2502 647 2540 eum
707 2490 762 2542 in
817 2495 1034 2544 veritate
1055 2490 1098 2557 ⁸,
1136 2492 1323 2559 aitque
1387 2492 1897 2561 illizAmpliilochi,

330 2575 438 2630 noli
469 2577 677 2643 timere,
708 2596 885 2649 neque
919 2582 1310 2649 trepidaveris:
1344 2599 1460 2637 sum
1488 2600 1586 2653 ego
1616 2596 1814 2653 tecum,
1843 2599 1900 2643 ut

328 2683 425 2737 per
458 2678 507 2723 te
541 2670 749 2737 loquar,
782 2688 901 2740 quae
929 2685 980 2727 te
1013 2684 1223 2744 oportet
1257 2675 1401 2743 loqui
1454 2691 1636 2730 coram
1684 2690 1893 2732 senatu.

327 2758 509 2829 lisque
554 2762 737 2827 dictis,
781 2764 849 2817 ab
891 2779 955 2818 eo
1007 2765 1272 2819 discessit.
1306 2768 1377 2820 At
1406 2767 1492 2820 ille
1530 2782 1799 2836 egressus,
1844 2772 1896 2824 iu

328 2864 481 2904 suum
516 2864 575 2905 se
609 2850 896 2923 hospitium
926 2853 1169 2907 contulit.

398 3026 488 3081 IV.
518 3026 649 3081 Cum
682 3028 1013 3082 audivissent
1039 3038 1217 3084 autem
1264 3030 1372 3100 lupi
1414 3032 1643 3099 Arabiae,
1683 3033 1894 3090 invase-

329 3128 448 3173 runt
508 3120 821 3187 hospitium,
863 3135 1093 3189 moxque
1158 3132 1411 3191 tanquam
1465 3123 1561 3178 feri
1608 3126 1798 3182 [luctus
1828 3131 1896 3183 ad

326 3218 534 3277 petram
562 3212 723 3277 allisi,
748 3223 804 3264 ut
823 3227 1007 3280 spuma
1033 3213 1349 3269 solutisuut.
1368 3215 1495 3269 Erat
1516 3218 1656 3270 enim
1674 3220 1897 3289 Amphi-

326 3304 535 3358 lochius
571 3304 672 3357 [ide
698 3306 748 3357 iu
773 3314 977 3371 petram
1001 3304 1246 3360 duratus.
1278 3307 1365 3359 Ait
1389 3323 1517 3361 vero
1548 3309 1846 3366 Eunomius
1874 3329 1887 3364 :

326 3394 482 3450 Tune
534 3411 592 3449 es
643 3396 729 3449 ille
781 3397 1210 3460 Amphilochius,
1243 3398 1336 3451 Dei
1371 3402 1594 3454 servus?
1637 3402 1737 3467 Qui
1771 3404 1886 3457 ait:

325 3486 439 3553 Ego
465 3502 581 3539 sum
617 3486 1021 3555 Amphilochius
1064 3498 1333 3556 peccator.
1382 3490 1676 3545 Eunomius
1710 3492 1844 3547 dixit
1874 3511 1887 3547 :

326 3576 468 3640 Quid
517 3592 633 3630 vero
683 3577 934 3629 subvertis
982 3576 1233 3631 Israel“?
1270 3578 1676 3647 Amphilochius
1708 3584 1841 3636 dixit
1876 3601 1890 3639 :

328 3668 453 3721 Non
508 3684 600 3738 ego
662 3670 924 3738 sul-verte,
967 3671 1056 3725 sed
1129 3671 1246 3726 tu”.
1278 3670 1576 3728 Eunomius
1629 3674 1751 3728 ait:
1794 3676 1893 3741 Qui

324 3774 453 3829 ergo
527 3760 688 3816 habet
744 3764 914 3831 prima
970 3779 1073 3817 vox
1124 3762 1394 3834 Evangelii
1438 3783 1452 3819 :
1496 3765 1563 3819 In
1638 3770 1893 3835 principio

324 3864 435 3907 erat
466 3852 694 3907 Verbum
721 3868 739 3904 :
768 3865 813 3907 et
861 3854 1076 3909 Verbum
1140 3868 1249 3909 erat
1278 3857 1417 3924 apud
1452 3856 1641 3921 Deum,
1678 3870 1723 3911 et
1756 3859 1892 3911 Deus

324 3954 434 3996 erat
484 3942 779 3998 Verbum'?
838 3944 973 3999 Num
1035 3955 1157 3999 ante
1218 3947 1541 4017 principiqu
1593 3960 1730 4013 erat,
1766 3966 1891 4003 nec-

325 4035 871 4104 neYAmphilochius
896 4037 1032 4090 dixit
1076 4036 1236 4092 :Nou
1288 4040 1429 4092 sicut
1483 4049 1537 4092 tu
1590 4041 1887 4106 existimas,

324 4134 571 4179 creatura
604 4134 685 4179 est
738 4126 830 4179 Dei
890 4126 1159 4189 Verbum;
1211 4128 1302 4181 sed
1361 4138 1445 4182 est
1497 4128 1694 4182 factum
1740 4145 1892 4184 crea-

325 4223 469 4281 tura,
503 4226 562 4271 ut
588 4218 705 4287 ejus
735 4218 987 4272 divinitas
1020 4218 1294 4289 voluit(c).
1321 4219 1611 4273 Eunomius
1639 4222 1714 4274 ait
1742 4237 1754 4273 :
1789 4222 1889 4287 Qui

2002 1850 2058 1903 δὲ
2083 1849 2244 1921 θύραι
2276 1851 2448 1904 πᾶσαι
2482 1849 2889 1921 ἡσφαλισμέναι
2915 1846 3074 1922 ἦσαν.
3122 1851 3244 1915 Gel;
3275 1851 3330 1904 δὲ
3368 1852 3581 1919 γόνατα

2002 1941 2348 2013 προσηύξατο
2368 1982 2383 2005 ,
2415 1944 2507 1995 καὶ
2532 1946 2585 1996 αἱ
2619 1943 2781 2013 θύραι
2825 1943 3176 2014 ἀνεῴχθησαν
3206 1947 3578 2015 παραχρῆμα,

2003 2033 2099 2084 καὶ
2132 2033 2407 2085 εἰσέλαὸον
2436 2033 2597 2086 αὐτὸν
2633 2034 2757 2087 ἔσω.
2803 2035 3128 2104 Ἀρχόμενος
3166 2033 3222 2086 δὲ
3257 2035 3439 2102 ἔλεγεν
3480 2035 3580 2087 οὔ·

2001 2141 2107 2177 τω·
2142 2122 2315 2193 Κύριε
2372 2122 2542 2192 Ἰησοῦ
2580 2124 2784 2194 Χριστὲ
2812 2125 2839 2174 6
2868 2123 3028 2185 Θεὸς,
3073 2124 3152 2176 ὅτι
3197 2124 3295 2176 οὐκ
3328 2122 3475 2176 ἔστιν
3510 2126 3580 2176 ἐν

2002 2217 2124 2287 ἐμοὶ
2153 2215 2308 2283 λόγος
2332 2214 2551 2283 copiae,
2579 2215 2672 2266 καὶ
2702 2215 2754 2265 τί
2783 2214 2974 2283 εῑπωῆ
3003 2215 3054 2267 τί
3083 2214 3301 2282 λαλήσω
3356 2214 3582 2286 ἐμπρο-

2004 2307 2127 2361 σθεν
2166 2308 2257 2361 τοῦ
2286 2307 2546 2377 βασιλέως
2589 2309 2687 2359 οὐκ
2733 2302 2866 2361 οἶδα.
2917 2308 3026 2361 Καὶ
3073 2308 3271 2372 εὐθέως
3318 2309 3579 2380 παρέστη

2002 2400 2149 2469 αὐτῷ
2182 2402 2209 2452 ὁ
2238 2399 2500 2471 Χριστὸς,
2529 2400 2557 2450 6
2585 2398 2675 2451 διὰ
2710 2399 2817 2452 τῶν
2846 2400 3138 2471 προφητῶν
3173 2400 3441 2471 λαλήσας.
3480 2400 3577 2451 λέ-

1998 2507 2133 2557 γωψ
2184 2490 2395 2558 Ἐγγὺς
2429 2490 2641 2555 Κύριος
2688 2489 2810 2555 τοῖς
2853 2490 3345 2558 ἐπικαλουμένοις
3380 2492 3582 2545 αὐτὸν

1998 2581 2067 2633 ἐν
2093 2580 2339 2646 ἀληθείῃ
2360 2599 2372 2609 ·
2406 2580 2499 2633 καὶ
2525 2580 2674 2647 λέγει
2698 2580 2868 2648 αὐτῷ’
2908 2580 3242 2650 Ἀμφιλόχιε,
3274 2582 3345 2651 μὴ
3377 2581 3576 2649 φοῦοὖ,

2002 2673 2141 2742 μηδὲ
2174 2672 2446 2743 διλειάσῃς
2467 2690 2479 2702 ·
2510 2674 2525 2690 ⁶
2553 2673 2687 2742 μετά
2710 2672 2802 2725 σοῦ
2830 2672 2906 2742 (d)
2934 2672 3127 2743 ὥσπερ
3148 2673 3228 2725 δεῖ
3252 2690 3307 2725 σε
3337 2673 3578 2725 ἐνώπιον

1999 2764 2098 2831 τῆς
2134 2764 2457 2835 συγκλήτου.
2493 2765 2603 2817 Καὶ
2630 2763 2803 2817 ταῦτα
2836 2763 3027 2827 εἰπὼν,
3062 2764 3302 2833 ἀπῆλθεν
3344 2766 3438 2817 ἀπ’
3472 2766 3578 2817 αὐ-

1999 2854 2092 2907 τοῦ
2116 2872 2127 2884 ·
2157 2856 2249 2908 καὶ
2277 2855 2505 2920 ἐξελθὼν
2532 2857 2560 2907 6
2584 2857 2722 2927 ἀνὴρ
2741 2895 2755 2919 ,
2797 2854 3092 2925 ἐπορεύετο
3134 2857 3191 2907 ἐν
3224 2855 3303 2925 τῷ
3333 2856 3578 2910 καταλύ-

2000 2963 2132 3017 ματι
2164 2946 2352 2999 αὑτοῦ.

2067 3037 2139 3091 Δ’.
2163 3036 2438 3091 Ἤκουσαν
2459 3038 2515 3090 δὲ
2529 3036 2742 3089 οἰλύκοι
2764 3036 2864 3106 τῆς
2904 3036 3180 3107 Ἀραϐίας,
3208 3037 3302 3090 καὶ
3331 3037 3575 3109 ἐπέστη-

2003 3147 2101 3183 σαν
2129 3131 2184 3182 ὲν
2214 3129 2291 3199 τῷ
2324 3128 2697 3197 καταλύματι·
2733 3128 2828 3180 καὶ
2864 3128 3065 3191 εὐθέως
3090 3128 3470 3199 προσέρῤηξαν
3497 3133 3571 3200 τῇ

2001 3222 2176 3294 πέτρᾳ
2196 3262 2211 3284 ,
2238 3220 2313 3283 ὼς
2340 3220 2507 3291 ἄγρια
2532 3220 2771 3290 κύματα,
2800 3220 2891 3272 καὶ
2916 3219 2990 3282 ὡς
3017 3220 3188 3291 ἀφρὸς
3213 3220 3569 3290 ἐξελύθησαν.

2002 3309 2437 3380 Πεπετρωμένος
2461 3308 2568 3379 γὰρ
2588 3310 2653 3378 τῇ
2671 3308 2849 3360 πίστει
2873 3308 3115 3378 ὑπῆρχεν
3139 3309 3167 3360 6
3198 3308 3569 3378 Ἀμφιλὸχιος.

1999 3402 2108 3454 Καὶ
2150 3401 2297 3469 λέγει
2336 3401 2364 3451 6
2393 3401 2685 3470 Εὑνόμιοςο
2722 3401 2791 3452 Σὺ
2834 3396 2885 3452 εἷ
2919 3402 2946 3452 6
2998 3399 3363 3470 Ἀμφιλόχιος,
3392 3402 3418 3451 ὁ
3441 3400 3576 3451 δοῦ-

1996 3489 2085 3552 λος
2111 3487 2204 3542 τοῦ
2244 3488 2410 3553 Θεοῢ;
2455 3488 2512 3540 '0
2534 3487 2589 3539 δὲ
2621 3486 2801 3554 λέγει·
2856 3486 2992 3553 Ἐγώ
3019 3489 3131 3557 εἰμι
3159 3489 3186 3540 ὁ
3224 3487 3575 3557 ’Λμφιλὸχιος

1998 3580 2343 3651 ἁμαρτωλός.
2371 3580 2635 3649 Εὑνόμιος
2668 3578 2787 3631 εἷπε
2808 3594 2821 3609 ο
2849 3580 2957 3632 Καὶ
2984 3579 3039 3633 τί
3060 3578 3433 3647 διαστρέφεις
3458 3580 3577 3631 τεν

2007 3671 2283 3742 Ἰἱγραήλ;
2329 3669 2677 3740 Ἀμφιλόχιος
2704 3664 2885 3721 εἶπεν·
2918 3670 3037 3722 Οὐκ
3063 3669 3176 3737 ἐγὼ
3205 3668 3572 3737 διαστρέφω,

1995 3761 2155 3816 ἀλλὰ
2177 3763 2275 3814 σύ.
2300 3758 2563 3830 Εὖνόμεος
2585 3756 2758 3827 λέγει’
2780 3756 2903 3822 Πῶς
2921 3751 3012 3811 οὖν
3033 3755 3271 3829 ἡπρώτη
3296 3758 3445 3829 φωνὴ
3467 3776 3574 3812 του

1995 3852 2329 3919 Εὐαγγελίου
2357 3851 2525 3918 λέγει·
2554 3853 2655 3903 Ἐν
2679 3848 2835 3918 ἀρχῇ
2860 3846 2939 3917 ἦν
2969 3853 3002 3903 ό
3030 3852 3235 3919 Λόγος,
3267 3850 3364 3902 καὶ
3393 3853 3427 3902 ό
3451 3852 3564 3905 Λό-

1996 3964 2101 4016 γος
2126 3943 2203 4015 ἦν
2235 3944 2385 4012 πρὸς
2416 3945 2525 3997 τὸν
2555 3945 2722 3997 Θεόνο
2752 3943 2851 3995 καὶ
2883 3941 3027 4007 Θεὸς
3050 3937 3127 4010 ἦν
3150 3946 3182 3995 ὀ
3210 3942 3418 4011 Λόγος.
3449 3942 3574 4012 Πρὸ

1997 4038 2095 4108 τῆς
2121 4036 2295 4106 ἀρχῆς
2321 4031 2410 4104 ἦν,
2442 4035 2474 4104 ἢ
2504 4034 2603 4086 οὐκ
2629 4029 2729 4103 iv;
2767 4032 3109 4103 Ἀμφιλόχιος
3137 4028 3285 4084 εἶπεν
3302 4050 3313 4060 ·
3338 4032 3469 4103 Οὐχ,
3490 4033 3574 4095 ὡς

2000 4130 2064 4182 σὺ
2106 4126 2508 4196 ὑπολαμϐάνεις
2528 4166 2543 4190 ,
2587 4125 2794 4195 κτίσμα
2831 4125 2976 4176 ἐστὶν
3009 4127 3036 4177 ὁ
3071 4124 3164 4176 τοῦ
3196 4123 3329 4176 Θεοῦ
3352 4124 3526 4191 Λόγος
3552 4142 3567 4153 ·

1997 4220 2110 4273 ἀλλ’
2144 4220 2218 4282 ὼς
2258 4218 2519 4287 ἠθέλησεν
2551 4219 2584 4286 ἠ
2614 4214 2779 4268 αὐτοῦ
2817 4214 3025 4285 θεότης,
3070 4214 3421 4285 μετεποιήθη.
3458 4216 3573 4269 Εὑ-

394 4335 417 4365 ⁴
448 4333 588 4388 Psal.
636 4349 811 4397 cxuv,
873 4334 958 4388 l8.
1036 4336 1055 4366 '
1088 4334 1148 4387 Ill
1207 4335 1341 4405 Reg.
1382 4352 1540 4403 mu,
1569 4338 1653 4392 I7.
1699 4339 1898 4394 .‘ihid.
1948 4338 2035 4392 18.
2110 4339 2130 4369 ’⁷
2160 4335 2316 4392 Joan.
2358 4335 2473 4397 1,1.

324 4426 407 4500 sio
446 4428 879 4500 congressionem
920 4426 1358 4500 veritahplacilla
1392 4430 1691 4497 (contendit
1726 4430 1890 4484 Baro-
1923 4436 1966 4488 Ι)
2067 4430 2137 4500 (c)
2166 4427 2274 4500 sed
2305 4438 2377 4500 est
2412 4427 2606 4500 factum
2645 4433 2915 4500 crinitum2
2951 4424 3164 4500 ut.ejus
3194 4422 3568 4500 divinitasgo-

324 4497 444 4549 nius
480 4514 565 4549 an.
592 4496 699 4549 585
722 4498 915 4570 dictam
946 4496 1217 4570 P‘Alacillatu
1245 4514 1308 4570 es
1341 4496 1507 4552 veteri
1539 4502 1887 4570 numismate)

323 4574 582 4630 Quantum
643 4567 832 4634 potuit,
879 4568 1170 4633 prohibuit,
1198 4576 1254 4620 ut
1287 4568 1505 4622 Sczom.
1536 4569 1576 4623 l.
1618 4586 1712 4630 vtt,
1747 4585 1797 4623 e.
1835 4567 1887 4623 6'.

326 4635 397 4689 Ut
453 4635 646 4707 merito
676 4637 963 4707 potuerint
996 4638 1301 4707 orthodoxi,
1342 4654 1532 4702 magna
1580 4637 1690 4705 jam
1748 4641 1888 4707 apud

321 4720 511 4758 omnes
543 4706 816 4769 opinione,
847 4715 899 4758 et
927 4704 1106 4759 Basilii
1150 4723 1319 4773 nuper
1365 4708 1601 4761 del‘uncti
1655 4704 1889 4763 amicitia

321 4785 376 4827 et
434 4776 728 4828 studiorum
783 4777 1037 4828 societate
1098 4776 1299 4828 clarum
1347 4779 1778 4841 Amphilochium
1816 4795 1893 4833 re—

323 4845 559 4913 quirere,
592 4856 751 4914 atque
776 4846 826 4897 in
864 4861 927 4897 eo
955 4845 1241 4913 plurimum
1268 4847 1496 4913 prazsidii
1532 4863 1749 4915 ponere.

396 4915 474 4984 (a)
500 4917 719 4967 Centum
757 4917 1132 4983 quinquaqintrt
1187 4919 1365 4969 trium.
1423 4923 1555 4986 ρνγ’.
1616 4918 1718 4971 Alii
1778 4929 1892 4970 tan-

323 4992 462 5047 tum,
498 4994 712 5037 centum
748 4987 1168 5053 quinquaginta;
1203 4988 1297 5038 sed
1331 4989 1499 5054 potuit
1536 4987 1690 5040 facile
1715 4989 1886 5040 omitti

323 5054 499 5107 minor
530 5070 802 5111 numerus.
839 5066 893 5107 ut
935 5058 990 5107 lit
1029 5058 1223 5124 passim
1262 5056 1314 5109 in
1349 5056 1489 5110 aliis.
1548 5059 1699 5126 Apud
1733 5057 1892 5125 Lipo-

320 5138 539 5177 manum
566 5139 668 5176 non
699 5127 1017 5192 exprimitur
1057 5141 1329 5179 numerus.

394 5192 468 5261 (b)
504 5192 642 5245 Tulit
676 5209 739 5245 ea:
766 5207 905 5267 strue
936 5196 1149 5267 plenum
1178 5197 1294 5263 igne
1322 5196 1613 5249 carbonem.
1640 5197 1889 5267 Καρεούα

320 5280 418 5332 νην
449 5264 876 5334 μεμεστωμένην
902 5266 1090 5346 πυρός.
1119 5264 1221 5317 Seu
1253 5268 1517 5346 titionem,
1549 5264 1891 5346 totum‘igni-

323 5343 477 5405 tum:
511 5348 615 5405 vox
655 5336 927 5405 communi
969 5336 1079 5403 jam
1128 5350 1224 5405 usu
1265 5336 1469 5390 Grtecis
1510 5351 1744 5405 recepta.
1779 5337 1890 5390 Non

321 5403 483 5455 habet
514 5402 623 5454 vita
658 5418 686 5454 a
724 5402 1021 5469 Lipomano
1076 5404 1216 5457 edita
1258 5406 1356 5459 hoc
1398 5402 1736 5470 miraculum,
1769 5422 1895 5461 vere

321 5471 450 5545 illud
489 5473 711 5545 grande,
746 5476 845 5527 etsi
877 5490 982 5529 nou
1016 5475 1132 5527 sine
1174 5476 1441 5544 exemplo.
1506 5476 1713 5545 Stepius
1741 5477 1884 5528 enim

320 5555 380 5594 se
404 5542 581 5611 divina
611 5543 783 5597 virtus
829 5559 893 5597 eo
919 5546 1075 5597 modo
1106 5542 1346 5611 prodidit
1388 5548 1438 5598 in
1470 5546 1558 5598 illo
1590 5542 1889 5609 eleumum;

321 5619 381 5736 3t
510 5612 723 5733 flornace
764 5614 1107 5685 Babylonica,
1138 5614 1189 5667 iu
1223 5614 1441 5679 Brictio,
1487 5618 1539 5669 iu
1597 5616 1892 5670 Francisco

357 5694 387 5733 e
459 5695 523 5735 au
547 5696 596 5736 a.
629 5691 731 5736 etc.

357 5694 387 5733 e
417 5691 596 5745 t’auta,
629 5691 731 5737 etc.

1994 4491 2278 4555 ιιιῑὶ.”Αλλ’
2305 4497 2382 4559 ὡς
2402 4494 2663 4565 ἠθέλησεν
2693 4495 2724 4563 ἡ
2756 4491 2918 4545 αὑτοῦ
2953 4492 3174 4565 θεότης,
3202 4491 3565 4563 μετεποιήθη.

1996 4570 2086 4625 Sic
2134 4570 2307 4621 visum
2357 4563 2438 4620 est
2481 4563 2963 4632 et'interpuugere
3006 4573 3058 4617 et
3087 4563 3327 4627 reddere,
3358 4570 3569 4632 utfstet

1994 4654 2185 4693 sensus
2215 4636 2534 4696 catholicus,
2566 4650 2672 4703 quo
2708 4631 2911 4687 certum
2949 4641 3052 4693 est,
3088 4646 3201 4703 non
3220 4632 3391 4684 solum
3423 4631 3567 4684 Am-

1996 4710 2325 4778 philochium
2347 4699 2624 4778 esseoliiu
2657 4704 2922 4778 locutum,
2952 4705 3044 4756 sed
3069 4712 3122 4755 et
3156 4699 3557 4768 Metaphrasten

1999 4772 2300 4845 scripsisse.
2343 4773 2619 4842 Signiﬁcat
2647 4788 2775 4839 ergo
2805 4772 3034 4845 Verbum
3074 4785 3174 4845 non
3198 4786 3315 4824 esse
3346 4780 3564 4845 creatu-

2000 4840 2135 4909 ram',
2174 4847 2265 4900 sed
2296 4840 2491 4897 factum
2520 4853 2845 4901 creaturam,
2876 4857 2936 4893 ea
2968 4842 3146 4909 phrasi
3193 4856 3297 4908 qua
3330 4840 3552 4900 dicitur.

1998 4920 2192 4986 factum
2227 4931 2368 4977 caro,
2396 4912 2551 4966 Joan.
2586 4930 2622 4977 ι,
2664 4913 2751 4974 14,
2797 4926 2887 4963 seu
2943 4912 3043 4963 sibi
3094 4912 3348 4986 ascivisse
3397 4910 3567 4986 ratio-

1997 4979 2119 5041 nem
2156 4986 2300 5039 illam
2343 4993 2635 5047 creaturas;
2664 4996 2786 5050 qua:
2825 4990 2907 5034 est
2941 4981 3153 5049 propria
3180 4988 3234 5033 et
3270 4981 3391 5032 trita
3413 4979 3565 5050 illius

1998 5057 2145 5109 verbi
2202 5054 2524 5123 signiﬁcatio
2552 5070 2564 5105 :
2596 5049 2756 5119 idque
2799 5059 2856 5103 ut
2888 5050 3062 5123 voluit
3086 5050 3201 5116 ejus
3259 5049 3554 5123 divinitas;

1999 5127 2157 5180 modo
2190 5118 2344 5189 plane
2392 5124 2544 5176 nobis
2581 5118 2931 5189 iucbmperto,
2964 5130 3018 5173 et
3052 5120 3102 5172 in
3140 5134 3246 5187 quo
3289 5128 3395 5171 tota
3425 5118 3559 5172 facti

2001 5197 2157 5258 ratio,
2189 5188 2432 5246 voluntas
2462 5194 2529 5245 sit
2556 5188 2821 5244 facientis.
2868 5189 3134 5257 Interpres
3173 5188 3445 5258 Lipomani
3478 5189 3564 5242 sic

2002 5266 2256 5318 reddebat
2291 5280 2303 5314 :
2341 5264 2443 5316 Sed
2488 5272 2543 5314 ut
2575 5263 2755 5325 voluit,
2793 5258 2903 5325 ejus
2935 5260 3179 5312 divinitas
3206 5267 3563 5311 transmutata

2000 5344 2112 5397 est;
2137 5335 2286 5399 cujus
2338 5332 2719 5400 propositionis
2754 5345 2858 5383 non
2896 5329 3131 5381 occurrit
3164 5343 3353 5383 sensus
3374 5331 3566 5381 catho-

2001 5407 2159 5466 licus,
2191 5406 2455 5455 clamante
2490 5400 2689 5453 Jacobo
2723 5419 2735 5452 :
2769 5400 2918 5464 Apud
2942 5414 3093 5467 quem
3142 5416 3244 5452 non
3276 5408 3349 5450 est
3379 5408 3551 5451 trans-

1999 5474 2244 5532 mutatio,
2272 5483 2397 5531 etc.,
2440 5469 2553 5524 Jac.
2600 5470 2727 5531 ι,ν7.
2771 5470 2933 5521 I’lane
2968 5468 3263 5521 cohibenda
3312 5470 3361 5520 in
3397 5469 3564 5521 rebus

2002 5552 2109 5595 tam
2144 5543 2326 5595 arduis
2364 5541 2553 5593 calami
2582 5540 2883 5599 festinatio;
2922 5553 3021 5590 nec
3072 5546 3177 5590 tam
3207 5546 3415 5598 sancta,
3448 5553 3561 5591 non

2001 5613 2221 5666 initiatis
2241 5626 2302 5664 ac
2338 5610 2507 5663 solum
2536 5608 2973 5676 granunaticulis,
3002 5607 3379 5673 permittenda.

2073 5685 2148 5754 (d)
2181 5683 2341 5737 Μετὰ
2362 5679 2499 5734 σοῦ.
2537 5680 2695 5734 Deest
2730 5678 2816 5732 hic
2846 5676 3065 5746 aliquid.
