3796 6318
214 282 265 336 si
1571 281 1729 336 VlTA
1765 280 2093 349 ANTIQUA.
3364 276 3438 329 22

213 408 377 464 ωμιος
417 394 573 461 λέγει
600 410 612 422 ·
638 394 760 457 Πῶς
792 388 885 447 οὖν
910 394 1007 446 xui.
1047 394 1107 447 ἐν
1149 394 1361 465 Παλαιᾷ
1401 394 1645 468 Διαθήκῃ
1687 398 1758 449 λέ·

1879 413 2007 466 ergo
2067 398 2226 451 etiam
2291 398 2343 450 in
2393 396 2568 451 Veteri
2618 395 2960 449 Testamento
2992 432 3007 455 ,
3068 392 3197 443 dicit
3249 408 3263 443 ε

213 502 313 551 τειυ
345 486 461 537 Δύο
491 485 593 537 καὶ
620 484 749 549 δύο,
776 484 847 537 ἐν
876 485 1192 537 κατέναντι
1222 486 1327 539 τοῦ
1359 486 1532 552 ἐνός;
1578 488 1771 558 Ἀμφι-

210 580 365 646 λόχιος
400 571 591 629 εἶπεν
634 578 921 640 Ἄκουσον.
957 572 1003 631 ὦ
1045 577 1358 647 ταλαίπωρε
1403 579 1497 632 καὶ
1539 579 1770 632 δυσωδέ-

214 684 378 721 στατε·
402 668 501 720 δύο
524 668 730 720 καὶδύο
748 668 995 739 τέσσαρά
1011 670 1168 723 εἰσιν.
1198 669 1443 739 Μάρκος,
1473 671 1768 734 Ματθαῖος,

214 762 401 821 Λουκᾶς
436 761 546 812 ’καὶ
588 761 885 831 Ἰωάννης·
936 763 984 813 οἱ
1032 761 1295 831 τέσσαρες
1356 761 1770 829 εὐαγγελισταὶ,

214 854 253 903 οἱ
293 852 773 922 εὐαγγελισάμενοι
815 852 915 922 τὴν
950 852 1173 922 ὑφήλιον
1235 855 1413 905 πᾶσαν
1465 854 1563 923 τὴν
1600 870 1772 922 σωτη-

212 941 314 1012 ρίαν
362 943 529 1012 ἡμῶν
576 943 686 996 τῶν
733 944 1099 1014 Χριστιανῶν.
1165 944 1222 996 Ὀ
1273 944 1329 996 δὲ
1378 946 1531 1011 διγιος
1581 944 1770 1013 Πατὴρ

209 1034 517 1096 ἀποστείλας
547 1034 642 1086 τὸν
668 1034 954 1103 Μονογενῆ
988 1036 1082 1087 καὶ
1108 1034 1421 1103 ὁμόθρονον,
1451 1034 1546 1086 καὶ
1578 1034 1770 1103 ὁμοού-

208 1137 304 1172 mea
329 1122 426 1174 καὶ
452 1121 623 1174 ἀΐδιον
666 1122 832 1174 αὑτοῦ
867 1122 1061 1189 Λόγον,
1094 1121 1189 1174 τοῦ
1221 1122 1591 1193 σαρκωθῆναι,
1640 1122 1765 1192 ἔφη·

204 1214 441 1275 Δῖτησαι
470 1213 606 1280 παρ’
645 1212 816 1280 ἐμοῦ,
848 1212 949 1265 καὶ
974 1210 1144 1265 δώσω
1172 1228 1271 1266 σοι
1296 1212 1440 1280 ἔθνη
1469 1211 1583 1279 τὴν
1615 1215 1731 1277 κλη
1749 1240 1763 1249 -

197 1302 474 1368 ρον-τιμίαν
508 1319 658 1365 σου,
692 1302 793 1356 καὶ
828 1302 945 1369 τὴν
992 1301 1366 1370 κατάσχεσιν
1397 1317 1513 1357 σου
1556 1304 1627 1356 τὰ
1667 1303 1769 1355 πέ-

196 1409 333 1459 ρατα
364 1392 473 1459 τῆς
516 1393 660 1461 τῆς,
701 1394 795 1446 καὶ
834 1394 904 1447 τὰ
949 1392 1094 1463 ἑξῆς.
1131 1393 1392 1463 novom;
1439 1390 1559 1445 εἷπε
1583 1411 1596 1424 ο
1647 1394 1768 1456 Πῶς

200 1479 282 1534 οὖν
310 1483 397 1535 διὰ
422 1484 517 1537 τοῦ
549 1487 840 1555 ΠροφήτΟυ
860 1486 1027 1554 λέγει·
1056 1487 1177 1538 Οὐκ
1200 1485 1417 1552 ἐκρύϐη
1451 1485 1516 1537 τὸ
1548 1484 1770 1537 ὀστοῦν

197 1593 304 1641 μου
326 1573 358 1626 ὃ
386 1576 687 1641 ἐποίησας
710 1577 779 1628 ἐν
811 1575 1049 1645 κρυφιῇ;
1092 1575 1437 1645 Ἀμφιλόχιος
1467 1576 1647 1644 λέγει*
1680 1576 1769 1645 Μὴ

202 1666 295 1736 γὰρ
326 1668 456 1735 περὶ
485 1666 579 1718 τοῦ
613 1667 849 1736 Χριστοῦ
884 1667 1041 1720 τοῦτο
1067 1667 1251 1735 λέγεις
1287 1668 1406 1736 οὐχί
1431 1684 1444 1698 ο
1480 1667 1616 1719 ἀλλὰ
1642 1670 1767 1737 περὶ

3324 389 3436 443 Duo

1874 500 1920 542 et
1951 490 2076 551 duo,
2114 499 2158 542 et
2202 505 2359 541 unum
2413 499 2590 541 contra
2634 502 2792 539 unum
2823 486 2844 516 '
2873 485 2985 554 (a)?
3034 483 3437 552 Amphilochius

1874 582 2008 635 dixit
2054 598 2068 635 :
2104 581 2237 634 Audi
2274 621 2289 645 ,
2323 580 2484 634 miser
2510 588 2565 633 et
2615 577 2984 647 putentissime
3015 594 3027 630 :
3064 575 3167 627 duo
3219 582 3272 627 et
3310 573 3438 635 duo,

1873 683 2100 744 quatuor
2156 682 2301 727 sunt.
2343 672 2571 735 Marcus,
2596 670 2894 731 Mattharus,
2947 667 3119 722 Lucas
3171 674 3225 719 et
3277 664 3440 718 Joan-

1874 778 2001 827 nes;
2048 772 2273 831 quatuor
2316 760 2673 830 evangelista),
2705 760 2793 828 qui
2836 770 2991 811 terrae
3042 757 3300 809 universa:
3347 768 3438 805 sa-

1875 856 2039 909 lutem
2083 863 2318 907 nostram
2348 852 2772 906 Christianorum
2805 849 3275 904 annuntiaverunt.
3334 844 3437 897 Pa-

1875 955 1957 999 ter
2015 954 2191 997 autem
2250 951 2488 1006 sanctus,
2530 942 2692 997 misso
2736 941 3038 1010 Unigenito,
3094 938 3437 1007 ejusdemque

1874 1037 2048 1091 throni
2100 1044 2350 1091 consorte
2414 1044 2469 1089 et
2523 1033 2961 1088 consubstantiali
3016 1042 3178 1100 atque
3235 1040 3435 1083 anei-uo

1874 1126 2045 1182 Verbo
2077 1141 2195 1190 suo,
2243 1134 2298 1179 ut
2327 1138 2542 1179 carnem
2595 1130 2847 1186 sumeret,
2886 1121 3020 1176 dixit
3070 1137 3084 1173 :
3141 1116 3358 1171 Postulo
3400 1135 3433 1170 α

1870 1236 1970 1283 me,
2012 1228 2059 1272 et
2082 1218 2215 1270 dabo
2257 1218 2348 1269 tibi
2387 1227 2556 1284 gentes
2584 1214 2937 1267 Iitrreditatem
2966 1223 3128 1270 tuam.
3160 1220 3206 1264 et
3234 1226 3435 1278 posses-

1868 1312 2065 1362 sionem
2103 1320 2244 1361 tuam
2303 1308 2545 1359 terminos
2599 1306 2818 1373 terrwl’,
2850 1314 2903 1357 et
2955 1318 3073 1372 qua:
3119 1312 3431 1369 sequuntur.

1870 1401 2159 1455 Eunomius
2202 1399 2335 1452 dixit
2362 1418 2375 1453 :
2403 1397 2501 1463 Qui
2530 1412 2657 1464 ergo
2687 1400 2759 1449 ait
2788 1411 2881 1465 per
2915 1394 3233 1462 Proplietam
3268 1415 3280 1446 ;
3311 1392 3436 1445 Non

1869 1502 1941 1544 est
1973 1492 2287 1545 occultatum
2317 1506 2372 1542 os
2426 1504 2619 1553 meum,
2650 1490 2784 1557 quod
2831 1486 2998 1553 fecisti
3048 1486 3101 1536 in
3142 1479 3434 1536 occulto”?

1869 1579 2271 1649 Amphilochius
2304 1578 2376 1631 ait
2410 1595 2422 1630 :
2465 1576 2625 1641 Quasi
2671 1590 2803 1627 vero
2834 1574 2935 1626 hoc
2991 1573 3133 1625 dicat
3171 1572 3235 1626 de
3277 1570 3434 1623 Chri-

1873 1680 1955 1726 sto
1990 1691 2002 1725 :
2034 1685 2138 1723 non
2174 1671 2239 1724 de
2262 1669 2451 1730 Adam,
2480 1666 2691 1736 quando
2725 1666 2879 1724 Deus,
2916 1672 3136 1730 accepto
3179 1662 3245 1714 de
3291 1670 3430 1714 terra

198 1756 280 1806 τοῦ
320 1756 522 1824 Ἀδὰμ.
567 1758 730 1825 ἡνίκα
761 1756 890 1826 χοῦν
918 1757 1096 1810 λαϐὼν
1128 1758 1235 1810 ἀπὸ
1264 1758 1361 1827 τῆς
1404 1758 1505 1826 γῆς
1540 1759 1567 1811 6
1600 1758 1758 1819 Θεὸς,

1869 1760 2100 1830 pulvere,
2129 1759 2376 1813 formavit
2428 1759 2718 1820 hominem,
2754 1766 2807 1808 et
2840 1756 2973 1807 dixit
3005 1772 3017 1807 :
3078 1751 3200 1805 Non
3232 1762 3305 1805 est
3340 1752 3431 1803 bo-

200 1843 385 1894 ἔπλασε
430 1844 523 1895 τὸν
559 1844 871 1915 ἄνθρωπον,
904 1846 998 1896 καὶ
1030 1842 1183 1897 εἶπεν
1207 1862 1220 1875 ·
1271 1848 1352 1898 Οὐ
1390 1846 1583 1899 καλὸν
1614 1842 1767 1898 εἶναι

201 1935 295 1987 τὸν
330 1936 649 2003 ἄνθρωπον
682 1937 905 2003 μόνον·
959 1938 1304 2005 ποιήσωμεν
1335 1936 1494 2002 αὐτῷ
1533 1939 1771 2006 ,ϐοηθὸν

200 2026 316 2080 κατ’
348 2028 569 2079 αὐτόν·
604 2026 703 2081 καὶ
744 2028 1040 2080 ἐπέϐαλεν
1078 2030 1110 2080 ὁ
1157 2028 1301 2092 Θεὸς
1338 2029 1631 2082 ἔκστασιν
1668 2030 1763 2081 ἐπὶ

198 2116 293 2167 τὸν·
351 2116 571 2185 Ἀδὰμ,
625 2118 725 2169 καὶ
775 2118 1055 2170 ὕπνωσε’
1110 2118 1210 2170 καὶ
1246 2119 1421 2171 ἔλαϐε
1460 2120 1607 2186 μίαν
1650 2119 1766 2172 τῶν

199 2208 468 2274 ,πλειφὼν
525 2207 752 2272 αὐτοῦ,
799 2208 899 2260 καὶ
950 2207 1295 2261 ἀνέπλασεν
1345 2208 1503 2273 αὐτῷ
1542 2212 1627 2275 εὶς
1664 2230 1765 2279 γυ-

198 2298 380 2359 ναῖκα,
408 2300 505 2351 καὶ
536 2299 760 2352 ἔδωκεν
791 2300 970 2365 αὐτῷ.
999 2300 1097 2352 Διὰ
1125 2300 1282 2352 τοῦτο
1303 2302 1331 2351 6
1366 2302 1653 2371 Προφήτης
1690 2302 1764 2363 ὼς

198 2392 253 2441 ὲκ
288 2390 379 2442 τοῦ
430 2391 604 2460 ’Δδὰμ
634 2387 787 2443 εἶπεν
810 2408 823 2420 ·
866 2393 984 2444 Οὐκ
1030 2392 1248 2458 ἐκρύϐη
1284 2392 1349 2443 τὸ
1391 2391 1613 2444 ὀστοῦν
1644 2410 1763 2460 μου

197 2482 303 2534 ἀπὸ
347 2483 507 2543 σοῦ,
558 2484 589 2533 ὅ
626 2482 923 2548 ἐποίησας
971 2482 1039 2534 ἐν
1077 2480 1298 2550 κρυερῇ.
1354 2482 1665 2534 ’Υπολαϐὼν
1707 2482 1762 2534 δὲ

197 2572 451 2640 EGV/suto;
500 2574 681 2638 λέγει·
738 2574 953 2639 Κύριος
998 2572 1201 2625 ἔκτισέ
1244 2590 1320 2641 με
1364 2573 1561 2641 ἀρχὴν
1610 2572 1765 2625 ὁδῶν

195 2659 401 2712 αὐτοῦ’
459 2660 576 2722 πῶς
618 2660 778 2712 τοῦτο
820 2661 967 2729 λέγει
1018 2661 1045 2711 6
1092 2663 1414 2733 Προφήτης
1480 2665 1640 2733 Ὁρᾷς
1680 2664 1760 2715 ὅτι

198 2750 394 2819 minui
428 2752 577 2802 ἐστιν
607 2751 634 2801 ὁ
670 2750 797 2812 Υἱὸς
817 2790 832 2813 ,
862 2752 956 2803 καὶ
1001 2752 1118 2820 οὐχὶ
1150 2751 1450 2821 ὁμοούσιος.
1508 2752 1763 2821 Ἀμφιλό-

195 2858 295 2909 xta;
322 2837 477 2892 εἵπετ’
510 2840 604 2910 Μὴ
633 2841 742 2911 γὰρ
787 2841 881 2893 καὶ
914 2840 1070 2893 τοῦτο
1107 2842 1235 2909 περὶ
1278 2841 1369 2892 τοῦ
1406 2840 1641 2913 Χριστοῦ
1675 2840 1762 2893 λέ-

195 2951 299 3001 Tit;
330 2936 483 3004 οὐχί·
519 2936 635 2987 ἀλλ’
666 2936 754 2987 ὅτε
789 2938 1083 3006 συνήντησε
1113 2938 1233 2998 ταῖς
1272 2934 1503 3002 γυναιξὶ,
1530 2935 1670 3003 λέγω
1697 2935 1765 3006 δὴ

192 3023 411 3093 Μαριὰμ
468 3024 566 3075 καὶ
614 3024 886 3093 Μάρθαν,
944 3025 1189 3091 λέγουσιν
1234 3025 1379 3095 αὐτῷ
1426 3028 1627 3077 ἐκεῖναι
1685 3026 1758 3095 μὴ

192 3114 519 3183 γνωρίσασαι
561 3115 751 3166 αὐτόν’
806 3117 1015 3183 Κύριε,
1060 3118 1112 3168 εὶ
1162 3112 1327 3181 εἷδας
1380 3117 1497 3169 ποῦ
1535 3118 1760 3184 ἔθηκαν

190 3204 385 3266 αὑτὸν,
421 3204 555 3256 εὶπὲ
587 3204 761 3272 ἡμῖν·
806 3206 901 3257 καὶ
931 3207 959 3256 6
1001 3206 1201 3276 Κύριος
1245 3207 1383 3274 ἔφη·
1423 3207 1637 3273 Μαρία,
1678 3204 1757 3271 μή

186 3312 293 3362 μου
318 3295 547 3349 ᾶσττουο
577 3297 837 3364 πορεύου
867 3295 934 3347 δὲ
960 3296 1107 3361 πρὸς
1132 3296 1271 3361 τοὺς
1294 3296 1593 3363 ἀδελφούς
1616 3312 1755 3362 μου,

191 3386 275 3437 καὶ
303 3385 436 3438 ειπέ
461 3386 691 3451 αὐτοῖς,
728 3388 822 3439 καὶ
847 3387 914 3438 τὰ
942 3387 1085 3456 ἑξῆς.
1121 3387 1306 3438 Ταῦτα
1335 3386 1575 3448 ἀκούσας
1601 3390 1628 3439 6
1658 3386 1759 3437 Εὑ-

188 3476 359 3544 νόμιος
395 3477 538 3545 ἔφη’
588 3476 785 3547 Αὔριον
826 3478 918 3528 ἐπὶ
949 3477 1041 3529 τοῦ
1086 3477 1346 3545 βασιλέως
1379 3477 1471 3529 καὶ
1499 3478 1593 3545 τῆς
1631 3491 1760 3542 συγ-

186 3568 371 3634 κλήτου
416 3567 819 3635 διαλεγόμεθα·
880 3571 974 3621 καὶ
1017 3568 1371 3638 ἀνεχώρησαν
1418 3570 1511 3620 ἀπ’
1564 3566 1749 3621 αὑτοῦ.

187 3659 287 3711 Καὶ
329 3655 399 3729 ἦν
431 3661 584 3711 πᾶσα
617 3661 650 3728 ἡ
684 3660 837 3720 πόλις
882 3659 1171 3730 αἰδουμένη
1204 3662 1283 3721 εἰς
1322 3660 1579 3729 ἀκρόασιν
1619 3659 1751 3727 Ἀμ-

186 3745 417 3815 (ξιλοχίου
454 3748 553 3798 καὶ
594 3746 862 3815 Εὑνομὶου
891 3764 903 3775 ·
950 3748 1133 3815 ἔλεγον
1166 3749 1270 3818 γὰρ
1322 3748 1751 3818 ἀμφιϐάλλοντες

185 3839 311 3907 πρὸς
348 3838 637 3907 ἀλλήλους,
675 3840 769 3891 καὶ
799 3840 1045 3907 λέγοντες
1065 3858 1078 3871 ⁸
1124 3836 1269 3911 ’Ἄρα
1294 3844 1442 3905 ποῖος
1473 3841 1630 3909 νικᾷ;
1663 3836 1755 3892 οὒ-

249 3951 463 4005 ‘Eecli.
525 3968 719 4011 xxItIII,
773 3953 858 4007 15.
957 3955 977 3985 ³
1036 3952 1177 4007 Psal.
1232 3968 1290 4015 II,
1345 3954 1397 4007 8.

186 4020 226 4050 "
256 4019 409 4075 Joan.
446 4038 539 4083 xx,
581 4023 767 4079 15-17.

252 4136 323 4204 (τι)
356 4135 477 4187 Duo
493 4146 541 4188 et
564 4137 692 4201 duo,
705 4145 751 4189 et
770 4153 927 4189 unum
941 4145 1122 4189 contra
1139 4152 1319 4189 unum.
1338 4135 1441 4188 Δύο
1456 4135 1675 4199 καὶδύο,
1694 4134 1752 4187 ἓν

184 4206 468 4258 κατέναντι
502 4205 596 4257 τοῦ
623 4206 763 4268 ἑνός.
798 4205 891 4258 Est
916 4206 1079 4259 Eccli.
1102 4221 1294 4269 χχχιιι,
1328 4207 1415 4267 15.
1435 4207 1631 4272 vixque
1658 4218 1751 4272 ap-

186 4286 346 4340 paret,
378 4277 509 4342 quid
540 4291 605 4327 eo
631 4278 748 4328 loco
785 4276 941 4327 vellet
973 4272 1267 4329 Eunomius
1305 4276 1571 4328 conﬁcere
1600 4292 1613 4327 :
1645 4274 1745 4328 nisi

182 4347 565 4397 Αιιοιιιωυιυιη
600 4346 714 4410 ipse
760 4346 1073 4413 coryplmus
1095 4359 1155 4397 ac
1179 4345 1320 4397 velut
1355 4354 1507 4411 pater
1526 4353 1748 4398 conten-

186 4414 360 4475 debat,
387 4429 496 4465 non
551 4422 761 4466 tantum
793 4414 846 4482 in
890 4415 1110 4475 creatis,
1145 4416 1283 4482 quod
1310 4414 1577 4482 signiﬁcat
1601 4413 1749 4465 Scri-

185 4493 353 4548 ptura,
388 4494 451 4534 ut
485 4484 622 4536 bene
668 4483 739 4537 ibi
782 4481 1088 4543 Janscnius,
1138 4481 1228 4536 sed
1277 4483 1329 4535 in
1367 4481 1602 4547 ’divinis,
1634 4497 1754 4535 esse

185 4554 391 4605 diversa
455 4552 644 4619 paria,
699 4568 927 4621 quorum
981 4568 1143 4603 unum
1197 4552 1347 4604 alteri
1410 4565 1552 4607 esset
1612 4550 1754 4604 velut

182 4622 537 4680 contrarium,
575 4638 671 4674 nec
713 4637 807 4690 per
846 4621 1025 4674 omnia
1064 4622 1277 4684 simile;
1304 4637 1474 4687 eoque
1502 4637 1604 4675 non
1630 4634 1752 4675 esse

183 4704 441 4755 personas
499 4690 713 4744 divinas
762 4690 1082 4759 ὁμοουσίους
1108 4707 1122 4722 ο
1156 4692 1395 4757 ejusdem
1442 4708 1534 4761 per
1572 4690 1752 4745 omnia

180 4760 514 4820 substantite,
546 4770 599 4812 et
622 4775 833 4814 summe
856 4776 1011 4813 uuas.
1042 4762 1338 4829 ltesponsio
1364 4760 1750 4830 Ampliiloebii,

181 4832 276 4883 etsi
321 4846 428 4882 non
455 4831 527 4881 ita
560 4830 833 4890 litterulis,
865 4845 967 4881 non
1007 4836 1227 4881 omnino
1266 4842 1438 4883 tamen
1476 4830 1629 4884 debet
1676 4830 1752 4881 vi-

179 4900 288 4952 deri
327 4898 681 4952 insuﬁicieus.
716 4898 859 4952 Satis
885 4900 1026 4951 enim
1063 4898 1163 4951 iuit
1206 4909 1263 4952 ut
1295 4914 1558 4965 perversm
1588 4915 1747 4967 expo-

177 4969 376 5030 sitioni,
415 4984 517 5022 nec
572 4968 679 5021 ulla
722 4970 863 5021 fulta!
890 4969 1136 5036 veritatis
1180 4972 1379 5035 specie,
1413 4985 1563 5022 suam
1619 4986 1754 5022 noII-«

178 5038 302 5093 nihil
347 5038 728 5102 verisimilem,
782 5053 877 5092 nec
925 5037 1031 5091 ullo
1082 5040 1239 5092 modo
1291 5040 1438 5093 sanis
1488 5040 1751 5104 dogmatis

177 5111 475 5166 adversam.
510 5117 830 5175 apponeret.
881 5106 1149 5161 Caeterum
1188 5108 1431 5162 occurrit
1467 5118 1589 5175 post
1638 5110 1750 5161 haec

177 5178 390 5245 scripta,
429 5177 671 5230 nonduin
702 5187 875 5229 tamen
914 5176 1077 5240 edita,
1122 5189 1431 5246 excerptum
1476 5178 1750 5245 Amphilo-

176 5250 423 5300 cbianum
446 5262 509 5300 ex
544 5246 731 5299 codice
755 5247 918 5299 emin.
945 5248 1093 5298 card.
1120 5246 1500 5314 ltupifucaldii,
1529 5249 1669 5316 quod
1697 5256 1752 5299 et

178 5318 288 5369 aliis
316 5318 557 5383 ejusdem
582 5317 859 5383 excerptis
883 5316 1246 5381 adjunximus,
1274 5332 1381 5385 quo
1418 5320 1501 5371 vir
1529 5330 1750 5371 sanctus

181 5401 284 5437 rein
319 5387 512 5439 melius
540 5386 797 5452 explicat,
857 5386 1053 5438 docens
1093 5400 1197 5438 non
1248 5402 1368 5440 esse
1426 5388 1478 5440 in
1531 5388 1745 5450 divinis,

180 5470 335 5509 unum
370 5466 424 5509 et
448 5471 641 5516 unum,
667 5458 775 5508 duo
804 5463 856 5507 et
889 5456 1013 5516 duo,
1064 5456 1155 5508 sed
1191 5458 1453 5509 unitatem
1486 5461 1537 5511 in
1574 5457 1750 5509 Trini-

181 5535 298 5588 Iate,
353 5538 408 5579 et
454 5524 783 5578 Trinitatem
845 5524 896 5576 in
957 5524 1159 5577 unitate
1196 5542 1209 5577 ε
1242 5528 1440 5593 quibus
1496 5527 1747 5579 nimirum

180 5598 506 5663 signiﬁcetur
530 5594 786 5647 distincta
807 5593 1157 5647 subsistentia
1187 5596 1345 5647 trium
1376 5612 1745 5664 personarum,

180 5665 229 5718 in
255 5666 534 5721 individua
587 5678 911 5734 summeque
970 5680 1074 5718 una
1118 5666 1445 5732 substantia,
1474 5666 1745 5736 ςιὰμέρι-

1505 3952 1547 3981 ¹⁰
1604 3950 1744 4005 Psal.
1800 3964 2061 4013 oxxxvm,
2098 3952 2179 4005 l5.

1870 1868 1991 1904 num
2022 1851 2279 1904 hominem
2315 1866 2424 1903 esse
2473 1850 2676 1909 solum;
2727 1848 2982 1914 faciamus
3028 1844 3073 1896 ei
3109 1844 3430 1913 adjutoritun

1867 1943 2147 1995 secundum
2166 1945 2353 2011 ipsum.
2402 1940 2465 1992 Et
2503 1940 2716 1993 immisit
2746 1937 2883 1990 Deus
2903 1938 3141 1990 ecstasim
3169 1938 3219 1988 in
3243 1935 3430 1999 Adam,
3486 1984 3489 1989 ι

1867 2044 1911 2085 et
1944 2034 2205 2085 dormivit.
2250 2032 2313 2084 Et
2354 2033 2551 2099 accepit
2587 2047 2742 2083 unam
2775 2039 3034 2082 costarum
3063 2028 3197 2095 ejus,
3228 2036 3274 2078 et
3305 2025 3432 2078 trdi—

1866 2122 2044 2189 ficavit
2087 2123 2132 2174 ei
2193 2122 2247 2173 in
2298 2122 2585 2182 mulierem,
2632 2135 2786 2187 quant
2842 2119 2980 2170 dedit
3014 2117 3088 2167 illi
3130 2118 3190 2168 “.
3235 2117 3433 2169 Idcirco

1862 2215 2119 2282 propheta
2168 2212 2311 2267 velut
2362 2228 2431 2265 ex
2512 2225 2738 2280 persona
2787 2209 2916 2261 Adae
2962 2208 3095 2260 dixit
3137 2226 3148 2260 :
3195 2204 3314 2259 Non
3358 2216 3431 2258 est

1865 2300 2179 2355 occultatum
2223 2318 2278 2355 os
2312 2316 2480 2354 meum
2525 2317 2556 2352 a
2613 2309 2680 2361 te,
2728 2297 2863 2365 quod
2898 2296 3065 2363 fecisti
3105 2296 3161 2348 in
3203 2295 3427 2347 occulto.

1867 2388 2172 2459 Suscipiens
2198 2403 2324 2444 vero
2368 2388 2663 2443 Eunomius
2710 2387 2884 2439 dicit:
2934 2385 3185 2437 Dominus
3236 2386 3428 2437 crearit

1866 2500 1947 2536 me
1985 2482 2057 2552 (b)
2105 2482 2312 2534 initium
2369 2482 2572 2535 viarum
2616 2495 2833 2533 suarum
2868 2479 2910 2508 ¹¹
2953 2496 2965 2530 :
3026 2476 3290 2545 quomodo
3333 2475 3431 2528 hoc

1864 2574 1993 2626 dicit
2040 2572 2344 2640 Propheta?
2392 2569 2549 2625 Vides
2617 2580 2674 2623 ut
2728 2570 2892 2622 Filius
2926 2577 3168 2621 creatura
3209 2566 3428 2630 sit,nun

1865 2665 2102 2733 ejusdem
2128 2665 2465 2718 substantia.
2507 2661 2907 2731 Amphilochius
2940 2659 3072 2712 dixit
3102 2677 3113 2711 :
3145 2656 3279 2709 Num
3306 2671 3427 2709 rere

1863 2758 2019 2812 etiam
2051 2758 2154 2811 hoc
2182 2756 2311 2811 dicit
2356 2756 2420 2811 de
2471 2754 2723 2809 Christo?
2762 2752 3022 2805 minime:
3064 2750 3155 2803 sed
3210 2748 3429 2815 quando

1874 2850 2115 2903 occurrit
2161 2847 2494 2913 mulieribus,
2529 2848 2650 2901 dico
2683 2854 2860 2899 autem
2899 2843 3080 2896 Mariae
3110 2851 3162 2895 et
3187 2839 3426 2895 Martlizc.

1863 2940 2045 2993 dicunt
2075 2938 2195 3003 illm,
2229 2953 2351 2992 cum
2384 2953 2507 2993 eum
2541 2954 2645 2991 nou
2674 2937 3067 3007 cognovissent,
3106 2933 3340 2995 Domine,
3383 2935 3426 2983 si

1867 3032 1969 3085 stis
2001 3029 2089 3081 ubi
2139 3040 2418 3096 posuerunt
2454 3046 2595 3089 eum,
2626 3030 2783 3082 dicito
2836 3027 3002 3079 nobis.
3055 3024 3209 3077 Iesus
3254 3031 3427 3074 autem

1861 3121 1996 3176 dixit
2019 3137 2038 3176 :
2067 3119 2264 3183 Maria,
2297 3120 2402 3172 noli
2431 3136 2510 3172 me
2566 3130 2772 3187 tangere
2801 3132 2819 3169 .'
2848 3117 2975 3169 vade
3014 3123 3184 3167 autent
3216 3112 3283 3164 ad
3316 3112 3427 3179 fra-

1862 3230 1964 3266 tres
1998 3228 2136 3265 meos
2169 3222 2217 3264 et
2257 3211 2341 3263 dic
2373 3211 2476 3263 illis
2505 3209 2570 3273 "',
2599 3220 2702 3262 etc.
2737 3210 2869 3262 Cum
2908 3207 3201 3260 Eunoniins
3228 3204 3311 3256 illa
3340 3220 3428 3254 au-

1862 3302 2047 3363 disset,
2071 3300 2204 3353 dixit
2234 3314 2243 3345 :
2282 3296 2687 3367 Disputabinius
2718 3297 2954 3351 crastina
2992 3294 3076 3349 die
3104 3309 3281 3347 coram
3320 3293 3424 3345 im-

1859 3401 2104 3459 peratore
2133 3401 2183 3443 et
2212 3402 2430 3453 senatu;
2490 3389 2843 3457 discessitque
2873 3388 2939 3441 ab
2964 3388 3073 3440 illo.
3100 3386 3233 3439 Tota
3267 3399 3425 3453 porro

1860 3482 2050 3535 civitas
2098 3482 2390 3535 reverentia
2432 3480 2659 3549 quadam
2712 3490 2765 3531 et
2808 3490 2948 3531 metu
3008 3478 3284 3530 tenebatur
3331 3472 3421 3544 (c).

1860 3573 1927 3623 ad
1951 3572 2313 3641 Amphilocbii
2339 3570 2695 3638 Eunoniiique
2722 3571 2953 3623 auditam
2988 3568 3418 3634 disputationem.

1857 3662 2115 3715 Dicebant
2148 3664 2287 3714 enim
2326 3662 2389 3715 ad
2432 3662 2656 3714 invicem
2697 3660 3047 3713 haesitantes:
3086 3655 3216 3710 Uter
3263 3671 3423 3725 porro

1861 3753 2033 3806 victor
2080 3753 2289 3807 futurus
2315 3752 2437 3805 est?
2468 3750 2634 3803 llicne
2671 3766 2736 3802 an
2777 3749 2897 3802 ille?
2930 3752 2995 3802 At
3020 3746 3422 3811 AllipililOCllilh

1870 3853 2036 3897 totam
2094 3855 2304 3897 noctem
2364 3844 2685 3910 precabatur
2733 3842 2913 3893 dicens
2963 3854 2977 3891 :
3034 3837 3251 3889 Domine
3296 3833 3421 3887 Jesu

2281 3951 2320 3982 “
2356 3951 2491 4005 Gen.
2526 3967 2582 4013 II,
2617 3949 2791 4002 18-22.
2906 3949 2948 3979 ¹²
2988 3946 3142 3999 Prov.
3174 3962 3289 4011 vni,
3332 3946 3416 4000 l2.

1860 4148 1982 4193 στος
2014 4131 2073 4182 ὲν
2109 4128 2527 4199 μεμερισμένοις
2561 4126 2787 4199 θεᾴτης·
2821 4134 2876 4177 ιιι
2903 4123 3194 4191 Gregorius
3246 4122 3419 4191 loqui-

1867 4211 1973 4262 tur,
2000 4208 2055 4253 et
2090 4196 2365 4251 citaviinus
2397 4199 2447 4251 in
2478 4196 2862 4265 superioribus.

1925 4268 1999 4339 (b)
2028 4268 2280 4322 Dominus
2294 4268 2483 4321 creavit
2512 4262 2608 4339 ine.
2636 4266 2709 4318 lta
2734 4262 3070 4339 ju_xla_LX}_(,
3106 4262 3203 4339 nisi
3226 4262 3288 4339 in
3317 4263 3425 4315 illis

1852 4332 1943 4393 est
1973 4338 2243 4402 mendum,
2286 4352 2480 4403 nempe
2525 4337 2756 4395 ἔκτισεν,
2781 4334 2901 4387 ἀντὶ
2948 4333 3063 4393 τοῦ,
3117 4332 3417 4403 ἐκτήσατο⁶

1781 4394 1825 4448 Ῑ)
1864 4407 2127 4466 Possedit,
2167 4394 2435 4474 quomodo
2481 4406 2653 4460 reddit
2688 4406 3041 4472 llierooymus
3070 4416 3133 4455 ex
3175 4394 3416 4474 llelirzeo.

1868 4476 2037 4530 Porro
2065 4486 2147 4530 est
2178 4472 2454 4543 responsio
2482 4476 2760 4528 obscurior
2792 4492 2806 4527 :
2841 4474 2891 4524 in
2928 4474 3026 4526 hoc
3067 4482 3238 4523 tamen
3277 4472 3422 4543 vide-

1864 4555 1948 4597 tur
1975 4541 2287 4610 consistere,
2313 4556 2369 4598 ut
2398 4546 2675 4604 Dominus,
2706 4545 2812 4596 alio
2842 4543 3000 4595 modo
3029 4543 3129 4595 sibi
3160 4552 3215 4593 et
3238 4541 3415 4602 nobis,

1858 4617 2022 4668 Deum
2078 4625 2132 4669 et
2179 4614 2390 4667 Patrem
2441 4630 2562 4669 esse
2615 4614 3025 4681 signiﬁcaverit,
3084 4626 3253 4681 eoque
3314 4626 3416 4661 nou

1859 4685 2246 4738 acccnsendum
2284 4685 2499 4740 creatis.
2532 4683 2625 4737 Vel
2657 4680 2843 4745 etiam,
2869 4693 2924 4737 et
2953 4682 3088 4735 forte
3123 4680 3333 4740 melius,
3361 4691 3419 4730 ut

1862 4755 1965 4808 illis
1996 4752 2193 4815 verbis,
2238 4753 2361 4806 Noli
2414 4771 2494 4807 me
2542 4764 2752 4821 tangere
2779 4769 2796 4805 :
2826 4754 2891 4804 ad
2932 4751 3131 4819 aliquid
3164 4751 3326 4802 altius
3353 4753 3417 4821 de

1855 4823 1969 4891 ipso
2003 4824 2312 4889 sapiendum
2364 4839 2521 4892 quam
2563 4820 2671 4888 pra:
2696 4838 2754 4875 se
2795 4821 2980 4882 ferret,
3018 4836 3246 4887 vereque
3277 4820 3414 4892 divi-

1856 4888 2005 4957 num,
2040 4888 2293 4945 humilius
2314 4888 2659 4959 cogitantem,
2687 4908 2987 4959 quanquam
3010 4898 3277 4959 amantem
3309 4888 3417 4959 lla-

1855 4966 2012 5024 riam,
2047 4963 2306 5025 evexerit,
2357 4958 2463 5031 quo
2495 4958 2787 5014 Eunomius
2822 4958 3205 5031 blasphemiam
3250 4958 3415 5011 casti-

1852 5042 1958 5100 get,
2003 5041 2057 5084 et
2112 5032 2277 5084 Deum
2326 5028 2605 5100 agnoscat,
2654 5044 2956 5096 quanquam
2995 5028 3413 5100 specie_taI_ItIIni

1854 5098 2149 5155 hominem.
2174 5100 2347 5168 Lapsu
2368 5098 2663 5168 memoria),
2684 5100 3069 5168 apparitionem
3105 5098 3203 5149 soli
3238 5098 3414 5149 Maria:

1854 5170 2078 5232 factam,
2124 5166 2462 5224 cominunein
2516 5167 2760 5230 Martlne,
2809 5166 3210 5236 Amphilochius
3245 5169 3409 5219 l'acit:

1851 5241 2092 5308 duasque
2124 5241 2290 5294 etiam
2326 5241 2375 5291 in
2411 5253 2570 5291 unam
2604 5238 2901 5295 confundit.

1922 5305 2325 5379 (cheverentia
2362 5308 2590 5379 quadam
2632 5318 2680 5361 et
2715 5318 2851 5379 metu
2897 5308 3181 5379 tenebatur.
3221 5305 3411 5379 Alaeu—

1856 5376 1991 5448 μένη
2028 5394 2042 5408 ’
2104 5376 2381 5444 interpres
2432 5378 2638 5443 Lipom.
2705 5377 3066 5448 Mirabantur._
3123 5376 3413 5440 Sequentia

1851 5446 2041 5503 anxios
2071 5449 2374 5520 signiﬁcant
2398 5449 2463 5520 de
2491 5462 2675 5515 pugna:
2706 5450 2871 5520 exitu,
2902 5458 2957 5520 et
2986 5446 3261 5520 cujusnam
3292 5458 3408 5508 par-

1853 5520 1983 5571 tium
2017 5512 2161 5575 esset
2196 5517 2373 5573 futura
2405 5512 2671 5582 victoria;
2706 5528 2761 5571 ut
2794 5517 2905 5573 {me
2940 5518 2991 5570 iu
3026 5512 3291 5571 similibus
3323 5528 3415 5567 ac-

1851 5589 1997 5643 cidit.
