3744 6356
341 275 415 332 93
1294 277 1350 330 S.
1392 275 1836 332 AMPHILOCIIH
1879 275 2274 332 ICONIENSIS
2315 273 2628 330 EPISCOPI

3471 325 3484 332 -
3519 272 3608 331 ιιι

339 395 579 461 Christe,
614 405 805 466 pra'sta
844 412 962 466 quae
1001 397 1137 479 mihi.
1171 411 1230 452 es
1254 397 1546 467 pollicitus,
1600 407 1658 452 ut
1707 397 1909 465 gloriﬁ-

2092 415 2102 460 ;
2132 397 2165 466 ἢ
2201 399 2444 462 ὲκεῖνος;
2481 397 2557 448 Δι’
2589 395 2716 466 ὅλης
2745 394 2802 447 δὲ
2842 396 2939 464 τῆς
2971 394 3162 455 νυκτὸς
3198 393 3542 464 προσηύχετο»
3565 396 3604 449 ὀ

340 499 492 544 cetur
519 491 914 542 sanctissimum
967 504 1158 543 nomen
1191 499 1338 543 tuum
1371 488 1547 543 Patris
1577 499 1632 542 ct
1687 489 1805 542 Filii
1859 499 1914 544 et

342 578 576 648 Spiritus
603 580 771 634 sancti
810 579 908 644 (a).
961 579 1086 636 Haec
1121 590 1303 636 autem
1348 596 1413 637 eo
1447 589 1699 651 precante
1730 593 1785 635 et
1832 581 1912 635 di-

343 680 518 733 cente,
557 685 659 723 nox
687 671 1005 740 pereﬂluxit.

413 931 480 985 V.
515 930 668 983 Mane
697 941 872 983 autem
906 931 1066 994 facto,
1099 929 1436 998 apprehenso
1473 943 1632 982 manu
1661 929 1909 996 diacono,

343 1023 473 1077 dicit
504 1022 550 1076 ei
583 1041 595 1074 :
627 1020 896 1074 Thcodule
927 1020 1111 1085 frater,
1146 1020 1297 1074 nobis
1325 1020 1481 1074 hodie
1531 1035 1677 1073 mors
1723 1031 1777 1074 et
1801 1022 1910 1073 vita

345 1115 619 1184 proposita
642 1123 746 1168 cst.
779 1113 1028 1182 Dixitque
1067 1112 1324 1165 diaconus
1353 1129 1365 1164 :
1418 1111 1620 1179 Ecquid
1649 1127 1778 1167 vero
1809 1112 1910 1166 sibi

344 1208 456 1261 vult
490 1222 668 1261 sermo
703 1208 824 1271 iste,
862 1206 1052 1274 pater?
1084 1206 1488 1273 Amphilochius
1533 1204 1670 1259 dixit
1715 1223 1730 1260 :
1765 1204 1912 1271 Quo-

347 1303 488 1354 niam
525 1315 639 1352 mos
693 1307 874 1363 est,ut
922 1298 1074 1351 nobis
1091 1300 1154 1350 ad
1175 1298 1547 1364 imperatorem
1576 1297 1916 1364 ingredienti-

349 1390 558 1458 bus(bl,
587 1390 798 1442 dicatur
833 1407 846 1442 :
880 1387 1027 1442 [terti
1053 1406 1247 1442 omnes.
1290 1389 1367 1442 Tu
1402 1389 1583 1456 igitur,
1605 1389 1678 1442 Illi
1708 1390 1800 1456 mi,
1833 1390 1916 1443 in-

346 1480 709 1548 gredientibus
739 1480 908 1539 nobis,
954 1481 1004 1533 in
1050 1482 1268 1534 introitu
1321 1481 1501 1548 palatii
1555 1481 1727 1534 clama
1784 1497 1914 1537 voce

347 1587 534 1641 magna
568 1589 583 1626 :
629 1571 775 1625 Rerti
805 1589 1002 1635 omnes,
1035 1574 1137 1624 sive
1159 1574 1284 1635 vita,
1311 1573 1415 1626 sive
1441 1589 1594 1626 mors.
1623 1573 1916 1643 Respondit

346 1664 599 1717 diaconus
639 1679 655 1716 :
710 1665 870 1718 Plane
899 1679 1046 1727 vero,
1078 1663 1120 1717 si
1151 1664 1222 1716 ita
1259 1663 1466 1729 dixero,
1493 1678 1578 1717 me
1623 1665 1915 1733 imperator

2030 488 2398 559 Ἀμφιλόχιος,
2429 488 2603 554 λέγων
2623 505 2638 519 ο
2671 485 2844 556 Κύριε
2885 483 3060 554 Ἰησοῦ
3090 484 3319 555 Χριστὲ,
3351 485 3386 538 ἃ.
3416 486 3601 554 ἐπηγ-

2014 584 2178 651 γείλω
2221 600 2344 653 μοι,
2383 583 2630 651 ποίησον,
2673 581 2759 634 ἵνα
2802 578 3030 649 δοξασθῇ
3075 595 3167 631 σου
3218 579 3276 630 τὸ
3325 581 3599 646 πανάγιον

2013 676 2206 745 ὄνομα,
2230 674 2324 727 τοῦ
2355 673 2568 744 Πατρὸς
2597 673 2691 726 καὶ
2713 670 2807 724 τοῦ
2837 670 2966 724 Υἱοῦ
2995 671 3088 723 καὶ
3115 670 3208 723 τοῦ
3236 669 3390 738 ἁγίου
3419 671 3600 721 Πνεύ-

2019 785 2207 838 ματος.
2240 768 2348 820 Kal
2381 765 2552 820 ταῦτα
2585 764 2749 820 αὐτοῦ
2797 764 3233 834 προσευχομένου
3277 763 3370 816 καὶ
3404 763 3597 830 λέγον-

2020 877 2125 923 τος,
2161 858 2439 929 παρῆλθεν
2473 861 2506 928 ἡ
2536 858 2652 925 νύξ.

2084 949 2158 1008 E'.
2190 951 2407 1020 Πρωῖας
2431 951 2486 1002 δὲ
2524 951 2840 1021 γενομένης,
2867 949 3255 1020 ἐπιλαϐόμενος
3286 949 3386 1020 τῆς
3402 950 3591 1021 χειρὸς

2011 1041 2105 1094 τοῦ
2139 1043 2384 1095 διακόνου
2419 1042 2566 1110 λέγει
2608 1043 2786 1113 αὐτῷ·
2835 1043 3054 1111 Ἀδελφὲ
3101 1041 3386 1104 Θεόδουλε,
3417 1043 3594 1113 σήμε-

2019 1149 2108 1203 ρον
2147 1133 2372 1197 Θάνατος
2416 1135 2506 1186 καὶ
2547 1135 2659 1206 ζωὴ
2691 1138 2824 1205 ἡμῖν
2858 1135 3161 1206 πρόκειται.
3192 1135 3303 1188 Kal
3335 1135 3364 1186 ὁ
3399 1135 3592 1187 διάκο-

2013 1244 2102 1290 νος
2135 1227 2236 1297 ἔφη
2263 1243 2275 1256 ·
2311 1229 2420 1279 Kal
2450 1230 2534 1290 τίς
2557 1229 2703 1280 ἐστιν
2733 1229 2762 1280 ό
2790 1227 2944 1294 λόγος
2975 1221 3130 1288 οὗτος
3152 1265 3165 1287 ,
3194 1225 3404 1296 πάτερ;
3451 1227 3591 1294 Ἀμ-

2016 1317 2254 1388 φιλόχιος
2309 1313 2497 1370 εἶπενο
2567 1316 2782 1387 Ἐπειδὴ
2835 1315 2979 1386 [οὐκ]
3033 1315 3176 1368 ἔστιν
3225 1313 3342 1377 ἔθος
3403 1315 3460 1366 ὲν
3507 1311 3638 1383 τῷ’

2015 1410 2239 1463 εἰσιέναι
2285 1410 2429 1478 ἡμᾶς
2472 1409 2552 1471 εἰς
2590 1409 2681 1461 τὸν
2729 1407 2948 1478 βασιλέα
2999 1409 3174 1460 εἰπεῖν
3223 1407 3305 1469 τὸ,
3389 1407 3585 1474 Ὀρθοὶ

2015 1501 2254 1566 πάντες.
2291 1501 2362 1552 Σὺ
2398 1496 2509 1562 οὖν,
2543 1500 2731 1553 τέκνον
2781 1517 2881 1570 μου
2905 1540 2920 1561 ,
2971 1501 3028 1552 ὲν
3061 1498 3139 1569 τῷ
3173 1498 3398 1550 εἰσιέναι
3434 1500 3590 1568 ἡμᾶς

2016 1597 2073 1645 ἐν
2099 1597 2166 1665 τῇ
2210 1594 2398 1664 εἰσόδῳ
2432 1593 2525 1647 τοῦ
2551 1593 2834 1655 παλατίου,
2859 1593 3060 1664 κράξον
3085 1590 3294 1662 μεγάλῃ
3317 1594 3382 1661 τῇ
3408 1593 3585 1660 φωνῇ’

2029 1683 2207 1751 Ὀρθοὶ
2234 1683 2474 1749 πάντες,
2509 1684 2627 1736 εἴτε
2655 1682 2766 1749 ζωὴ
2793 1683 2912 1736 εἴτε
2935 1682 3211 1748 θάνατος.
3260 1683 3316 1734 '0
3339 1681 3591 1740 διάκονος

345 1756 575 1809 occidet.
627 1757 711 1808 Ait
762 1755 1212 1821 Amphilochius:
1254 1754 1350 1820 Ne,
1390 1755 1482 1820 ftli,
1541 1756 1914 1824 imperatorem

2092 1792 2123 1842 η
2145 1792 2158 1806 °
2189 1777 2299 1828 Kal
2339 1777 2578 1840 πάντως,
2615 1775 2709 1827 ἐὰν
2737 1773 2875 1827 εἴπω
2907 1773 3099 1836 οὕτως,
3130 1775 3417 1827 ἀποκτενεῖ
3452 1790 3519 1844 με
3555 1774 3590 1825 ὁ

345 1849 504 1900 istum
541 1849 801 1910 timueris,
836 1848 924 1917 qui
949 1857 1127 1916 potest
1151 1865 1363 1917 corpus,
1391 1865 1496 1902 non
1526 1850 1649 1903 item
1680 1849 1910 1902 animam

344 1942 613 2003 occidere,
647 1941 823 2010 potius
878 1951 1054 1994 autem
1105 1942 1252 1994 ἰΙΙιιιιι
1293 1943 1440 2007 time,
1477 1942 1565 2009 qui
1616 1956 1810 2009 corpus
1862 1949 1916 1994 et

345 2035 579 2086 animam
616 2033 667 2085 in
710 2034 950 2103 gehenna
986 2034 1183 2087 occidit
1212 2033 1274 2087 ’⁵.
1319 2033 1461 2086 Dixit
1491 2034 1742 2086 diaconus
1773 2051 1785 2084 :
1815 2031 1910 2095 Ita,

344 2135 515 2193 pater,
549 2125 739 2178 faciam
793 2134 848 2178 ut
887 2126 1086 2190 dixisti,
1124 2126 1238 2178 sive
1276 2128 1404 2189 vita,
1447 2126 1559 2178 sive
1597 2141 1757 2177 mors-
1794 2140 1915 2191 pro-

345 2217 518 2285 posita
548 2225 651 2272 est.
681 2216 821 2269 Inter
856 2231 950 2270 eos
981 2232 1256 2270 sermones
1284 2231 1403 2269 cmn
1443 2231 1608 2283 prope
1651 2220 1913 2268 accessis-

345 2320 466 2364 sent
492 2311 556 2363 ad
594 2309 775 2377 palatii
836 2309 1054 2373 atrium,
1089 2307 1458 2360 nuntiantibus
1482 2304 1792 2359 cursoribus
1822 2306 1916 2358 ad-

349 2408 565 2452 ventum
597 2397 978 2466 Amphilochii,
1014 2397 1197 2466 jussus
1220 2405 1302 2450 est
1325 2395 1527 2465 ingredi
1561 2414 1574 2449 :
1623 2384 1800 2463 aitque
1827 2411 1914 2448 ar-

345 2489 661 2542 chidiacono
707 2503 845 2542 suo:
880 2488 1082 2541 Stolatn
1121 2502 1314 2550 meam,
1367 2496 1454 2540 tua
1504 2497 1770 2540 eomnmta
1819 2487 1912 2555 (c).

347 2581 466 2644 Quo
495 2581 636 2642 facto
668 2581 796 2634 dicit
823 2597 839 2630 :
862 2579 1043 2634 Redde
1066 2581 1206 2648 quod
1237 2580 1361 2633 dum
1396 2588 1576 2634 nostra
1608 2581 1741 2633 urbe
1763 2595 1916 2648 egre-

347 2675 614 2737 deremur,
664 2673 764 2727 fuit
797 2672 1096 2740 depositum
1135 2690 1148 2726 :
1191 2672 1469 2742 solutoque
1495 2671 1788 2740 strophiolo
1813 2672 1913 2740 (ά),

346 2765 568 2819 tradidit
614 2781 764 2834 teque
799 2767 1046 2820 ardentes
1077 2779 1278 2832 prunas
1308 2779 1371 2817 ac
1405 2775 1688 2831 acceperat
1739 2763 1910 2816 initio.

349 2854 466 2919 Quo
494 2855 629 2920 viso,
672 2855 934 2910 diaconus
961 2855 1135 2909 factus
1159 2865 1242 2908 est
1273 2853 1522 2908 fidentior
1551 2872 1564 2909 :
1593 2853 1917 2921 adolensque

350 2949 644 3018 thymiama
683 2948 777 3019 (c),
807 2963 938 3002 voce
970 2963 1160 3017 magna
1187 2947 1438 3000 clamavit
1470 2966 1486 3002 :
1531 2947 1672 3001 [lecti
1717 2965 1911 3002 onum.

351 3041 610 3096 Universa
642 3055 802 3108 porro
842 3042 985 3111 regia
1017 3050 1158 3094 mota
1212 3049 1312 3105 est,
1351 3055 1645 3108 onmesque
1693 3049 1915 3108 stupue-

2018 1866 2290 1936 βασιλεύς.
2321 1867 2431 1920 Kal
2453 1870 2480 1920 ό
2519 1865 2866 1937 Ἀμφιλόχιος
2886 1866 3010 1936 ἔφη·
3041 1866 3133 1936 Μὴ
3157 1865 3346 1934 φοϐοῦ,
3371 1866 3585 1931 τέκνον,

2014 1955 2107 2007 τὸν
2138 1953 2358 2024 βασιλέα
2383 1955 2569 2007 τοῦτον
2617 1955 2706 2007 τὸν
2736 1954 3031 2024 δυνάμενον
3063 1954 3220 2024 σῶμα
3249 1956 3587 2016 ἀποκτεῖναι,

2017 2046 2110 2099 καὶ
2133 2046 2230 2116 τὴν
2255 2045 2431 2116 ψυχὴν
2459 2045 2531 2115 μὴ
2557 2045 2903 2098 ἀποκτεῖναι·
2936 2045 3072 2098 ἀλλὰ
3098 2045 3295 2115 μᾶλλον
3319 2045 3590 2115 φοϐήθητι

2015 2140 2218 2192 ἐκεῖνον
2262 2139 2352 2191 τὸν
2410 2139 2796 2191 ἀποκτείνοντα
2835 2137 2931 2208 τὴν
2972 2137 3146 2208 ψυχὴν
3187 2139 3279 2190 καὶ
3326 2138 3386 2190 τὸ
3428 2138 3592 2207 σῶμα

2015 2231 2073 2282 ὲν
2103 2230 2315 2301 γεέννῃ.
2363 2230 2420 2284 Ὀ
2459 2230 2700 2294 διάκονος
2758 2229 2895 2301 ἔφη·
2949 2231 3092 2290 Ναὶ,
3145 2231 3356 2301 πάτερ’
3404 2229 3591 2292 καθὼς

2015 2319 2240 2388 ἔφησας,
2265 2319 2407 2374 οὕτω
2435 2324 2661 2390 ποιήσω.
2685 2321 2794 2372 εἴτε
2824 2319 2956 2390 ζωὴ,
2986 2321 3093 2373 εἴτε
3120 2321 3370 2394 θάνατος,
3392 2321 3584 2373 Ταῦτα

2015 2410 2303 2478 λέγοντες,
2361 2413 2595 2482 ἤγγισαν
2643 2415 2708 2482 τῇ
2758 2411 2948 2483 εἰσόδῳ
3002 2412 3096 2464 τοῦ
3144 2395 3424 2466 παλατίόυ.
3475 2414 3591 2464 Kal

2019 2502 2290 2572 μηνύσασι
2330 2502 2689 2572 ταχυδρόμοις
2722 2501 2817 2572 τὴν
2861 2503 3164 2574 παρουσίαν
3219 2502 3587 2573 Ἀμφιλοχίου,

2017 2594 2309 2664 ἐκελεύσθη
2346 2595 2439 2647 τοῦ
2490 2595 2748 2647 εἰσιέναι·
2791 2595 2881 2647 καὶ
2923 2595 3067 2662 λέγει
3105 2595 3182 2664 τῷ
3225 2594 3592 2665 ἀρχιδιακόνῳ

2016 2685 2215 2748 αὐτοῦς
2255 2685 2517 2751 Ἀλλαξόν
2573 2703 2672 2755 μου
2717 2684 2815 2754 τὴν
2851 2686 3039 2756 στολὴν
3083 2687 3183 2757 τῆς
3215 2686 3426 2740 ἑαυτοῦ.
3476 2687 3590 2739 Καὶ

2017 2777 2206 2830 τούτου
2234 2777 2524 2847 γενομένου
2560 2777 2707 2844 λέγει
2743 2777 2891 2848 αύτῷ
2915 2797 2926 2808 ·
2981 2777 3202 2840 Ἀπόδος
3235 2795 3321 2848 μοι
3350 2778 3448 2847 τὴν
3483 2793 3592 2829 rra-

2020 2866 2411 2937 ρακαταθήκην
2439 2867 2506 2935 ἦν
2547 2867 2862 2938 παρεθέμην
2892 2884 2973 2920 σοι
3007 2868 3064 2919 ὲν
3092 2866 3169 2937 τῷ
3211 2867 3408 2932 ἐξιέναι
3437 2868 3588 2937 ἡμᾶς

2019 2958 2082 3010 ἐκ
2108 2957 2202 3011 τοῦ
2231 2959 2499 3030 ἡμετέρου
2542 2960 2730 3016 τόπου.
2766 2960 2874 3012 Kal
2913 2960 3079 3023 λύσας
3121 2959 3284 3013 αὑτοῦ
3324 2959 3382 3012 τὸ
3413 2959 3592 3028 ἐγχεί-

2023 3064 2154 3116 ριον,
2186 3047 2351 3102 ἔδωκε
2377 3049 2474 3120 τὴν
2503 3050 2801 3120 ἀνθρακιὰν
2835 3049 3011 3114 ζῶσαν
3041 3049 3228 3121 ὥσπερ
3255 3045 3322 3121 ἦν
3359 3051 3420 3103 τὸ
3451 3049 3590 3121 πρό-

353 3143 472 3187 runt
518 3131 606 3203 (ί).
641 3131 775 3186 Cum
819 3141 994 3185 autem
1039 3130 1442 3200 Amphilochius
1496 3132 1915 3201 appropinquas-

2092 3111 2195 3208 ρον.
2224 3141 2337 3194 Kal
2384 3111 2540 3194 τοῦτο
2579 3111 2733 3195 εἰδὼν
2777 3143 2804 3193 ὁ
2841 3111 3105 3207 διάκονος,
3150 3111 3584 3214 ἐθαρυσωποιήθη.

432 3271 476 3304 ¹⁸
509 3270 636 3326 Luc.
674 3285 774 3332 ιιι,
803 3270 854 3323 ἄ.

422 3433 498 3498 (η)
529 3431 923 3486 δαηειίεεὶηιιιηι
946 3450 1127 3487 nomen
1149 3445 1314 3500 tuum,
1337 3435 1536 3499 Patris,
1557 3445 1603 3488 et
1630 3433 1782 3499 Filii,
1812 3445 1918 3491 etc.

359 3500 533 3574 Unum
588 3517 779 3574 nomen
822 3512 905 3557 est
933 3507 1460 3574 ﬁsuperadoraudum,
1497 3507 1638 3574 quod
1669 3505 1919 3561 Christus

354 3572 769 3643 substantiveet
799 3572 1039 3628 absolute
1070 3575 1266 3630 dicitur
1297 3587 1351 3630 et
1401 3572 1586 3640 est,_id
1615 3576 1786 3643 ipsum
1819 3576 1921 3630 Pa-
1989 3597 1996 3605 ·

355 3642 474 3700 tris.
516 3650 570 3695 et
615 3642 844 3708 Spiritus
889 3646 1057 3699 sancti
1107 3661 1322 3710 nomen,
1366 3657 1422 3700 ut
1457 3656 1538 3700 est
1580 3642 1684 3697 una
1743 3647 1912 3700 tribus

355 3721 626 3784 naturaet
651 3726 772 3784 esse
790 3717 978 3784 Lquod
1015 3715 1360 3769 subtilissime
1402 3715 1815 3784 Amphilochius
1849 3716 1914 3770 iis

354 3781 535 3835 verbis
559 3781 753 3836 innuit.
788 3781 976 3837 Utrum
1002 3799 1128 3837 vero
1152 3802 1312 3839 untnn
1351 3781 1540 3839 nomen
1568 3784 1766 3838 Christi
1804 3787 1913 3840 dis-

355 3850 522 3904 tincte
574 3853 898 3917 invocatum,
929 3855 1194 3909 sufﬁciens
1230 3858 1298 3908 sit
1320 3856 1599 3910 Trinitatis
1623 3856 1908 3919 invocatio,

357 3931 446 3994 aut
461 3919 650 3994 saltem
672 3923 1129 3994 fueritaliqnando
1144 3941 1206 3979 ex
1231 3927 1460 3994 quadam
1482 3924 1829 3993 indulgentia,
1847 3926 1913 3979 ad

356 3990 592 4062 valorem
619 3992 861 4060 baptismi
886 4011 900 4057 ;
931 3990 1291 4049 controversia
1310 4007 1411 4059 est,
1432 3997 1481 4048 in
1496 4011 1599 4062 qua
1619 3990 1676 4048 l3.
1695 3998 1916 4049 Ambro-

357 4060 490 4122 sius,
509 4071 697 4134 etcum
719 4073 933 4134 secutus
952 4062 1219 4134 Nicolaus,
1244 4065 1386 4118 velut
1410 4082 1472 4118 ex
1496 4060 1611 4134 ejus
1647 4065 1911 4119 sententia

355 4131 658 4196 appmbans
689 4132 1008 4200 baptismum
1035 4148 1063 4186 a
1098 4133 1282 4188 Judzeo
1320 4131 1570 4187 collatum
1608 4134 1660 4186 in
1699 4135 1912 4188 nomine

359 4209 563 4252 tantum
594 4200 817 4264 Christi,
860 4219 887 4255 a
935 4213 1084 4269 parte
1128 4203 1430 4257 aﬂirmante
1471 4205 1717 4257 videntur
1744 4214 1908 4257 stare.

359 4269 463 4323 Sed
497 4269 755 4337 quidquid
784 4273 852 4325 sit
896 4272 962 4325 de
989 4272 1272 4327 Ambrosio
1323 4275 1415 4339 qui
1466 4275 1625 4326 aliter
1654 4274 1793 4327 forte
1817 4287 1912 4339 po-

360 4339 524 4392 tuerit
554 4342 770 4408 exponi,
806 4343 946 4409 quod
982 4351 1188 4410 spectat
1222 4342 1286 4396 ad
1324 4343 1621 4404 Nicolaum,
1661 4352 1914 4397 constans

357 4418 440 4481 est
465 4423 698 4475 errasse,
745 4412 836 4480 qui
879 4425 972 4465 sua
1018 4412 1176 4466 etiam
1219 4422 1399 4478 actate,
1443 4413 1657 4481 quando
1702 4421 1913 4466 constat

358 4479 811 4552 dispensationem
851 4496 1114 4546 cessasse,
1146 4482 1190 4535 si
1232 4497 1336 4550 qua
1369 4479 1601 4552 unquam
1635 4481 1753 4547 fuit,
1782 4483 1924 4551 ejuso

359 4549 504 4604 modi
538 4550 858 4616 baptismum
896 4562 1070 4605 ratum
1100 4549 1368 4606 habuerit.

433 4619 508 4686 (b)
530 4618 796 4690 Quoniam
825 4637 937 4674 mos
997 4632 1092 4684 est,
1136 4633 1188 4674 ut
1240 4624 1454 4676 nobis...
1494 4621 1920 4690 ingredientibus.

362 4688 707 4757 Significatur
731 4689 896 4744 fuisse
924 4692 974 4744 id
1007 4692 1170 4745 moris
1199 4693 1249 4744 in
1278 4694 1423 4756 aula,
1451 4701 1510 4744 ut
1530 4688 1716 4744 omnes
1748 4707 1924 4744 assur-

361 4769 544 4827 gerent
575 4759 999 4824 ingredientibus
1028 4761 1294 4830 episcopis
1328 4765 1398 4816 ob
1443 4762 1798 4815 reverentiam
1830 4776 1921 4813 or-

361 4830 499 4880 dinis
528 4845 540 4880 :
570 4843 676 4896 quo
723 4829 850 4884 facit
891 4829 1219 4886 incendium'
1247 4831 1372 4884 illud
1426 4831 1682 4884 divinitus
1715 4831 1924 4884 excita-

361 4909 474 4970 tum
521 4903 660 4970 apud
708 4901 1024 4970 Sulpicium,
1070 4915 1174 4969 quo
1220 4901 1648 4965 Valentinianus,
1693 4915 1923 4954 renuens

363 4969 414 5018 id
464 4968 684 5023 honoris
726 4968 935 5024 deferre
987 4968 1238 5033 Martino,
1290 4971 1421 5024 cella
1470 4972 1780 5024 deturbatus
1817 4981 1920 5024 est.

361 5037 516 5091 Facit
546 5040 730 5102 etiam,
764 5057 882 5107 quae
920 5042 971 5095 in
1007 5041 1332 5107 Enchologio
1367 5041 1593 5094 habetur
1631 5039 1804 5092 oratio
1831 5056 1922 5093 su-

363 5121 459 5178 per
497 5108 896 5173 imperatorem,
945 5111 1246 5178 patriarcha
1280 5111 1608 5178 ingrediente
1645 5110 1919 5177 palatium,

364 5177 450 5228 cui
478 5178 522 5230 is
544 5181 766 5244 proinde
796 5191 851 5232 ut
879 5177 1277 5233 benedicendns
1311 5177 1586 5233 humiliter
1606 5193 1920 5248 assurgens,

365 5248 722 5301 reverentiam
748 5250 986 5302 haberet.
1012 5248 1178 5303 Porro
1217 5250 1360 5314 illud,
1397 5248 1537 5301 Recli
1579 5266 1770 5312 omnes,
1803 5265 1920 5311 seu,

365 5318 527 5389 Stent
547 5331 735 5372 omnes
760 5331 813 5372 et
839 5328 1155 5389 assurgunt;
1191 5335 1294 5372 non
1331 5321 1569 5386 episcopi
1599 5330 1715 5371 erat
1744 5323 1922 5389 ingrc-

365 5385 582 5450 dientis,
618 5390 709 5440 sed
744 5385 1086 5458 suscipientis
1121 5385 1479 5455 imperatoris.
1517 5385 1924 5454 Amphilochius

365 5471 493 5528 vero
522 5472 676 5509 suum
723 5459 870 5521 fecit,
900 5462 963 5511 ad
1005 5459 1172 5528 ipsius
1213 5461 1481 5527 totiusque
1521 5458 1656 5510 aula:
1697 5458 1922 5520 animos,

364 5525 627 5597 inmagni
681 5529 904 5597 alicujus
950 5525 1410 5597 exspectationem
1456 5542 1520 5581 ex
1568 5529 1643 5580 rei
1690 5529 1925 5581 novitate

363 5595 676 5663 erigendos,
720 5595 1215 5665 conciliatnlamqne
1259 5599 1500 5652 dicendis
1529 5600 1921 5662 auctoritatem,

363 5678 466 5744 pro
494 5667 689 5733 quibus
725 5678 878 5744 tanta
907 5669 1266 5744 liducia__not.je
1315 5668 1924 5744 sanctitatisepiscopus

370 5736 749 5806 imperatorem
795 5741 967 5796 adiret
1003 5757 1014 5794 :
1047 5738 1267 5808 adjectis
1303 5742 1534 5794 maxime
1574 5738 1676 5794 illis
1711 5736 1921 5792 verbis:

2028 3435 2144 3490 Siue
2176 3453 2334 3500 mors,
2376 3438 2480 3490 sive
2516 3437 2640 3491 vita.
2674 3433 2829 3489 Velut
2877 3441 3035 3502 caput
3085 3437 3150 3487 ad
3208 3434 3369 3502 pedes
3417 3431 3589 3501 ipsius

2027 3512 2337 3573 deponeret,
2374 3507 2669 3573 lnhensque
2694 3506 2814 3558 vita:
2848 3505 3018 3557 aleam
3048 3503 3270 3558 subiret.

2099 3579 2168 3645 (c)
2188 3575 2388 3629 Stolam
2421 3572 2605 3640 meam,
2637 3587 2727 3628 tua
2755 3585 3034 3645 commuto.
3065 3573 3226 3645 Forte
3258 3581 3316 3626 ut
3346 3572 3592 3645 ornatior

2026 3643 2306 3715 appareret
2335 3661 2514 3701 coram
2548 3647 2890 3714 imperatore.
2919 3643 3030 3696 Non
3061 3643 3442 3715 enimspernit
3465 3657 3592 3715 gra-

2019 3712 2310 3769 tia'istbaac
2376 3728 2432 3770 et
2487 3712 2717 3770 humana
2761 3715 2956 3774 media,
2996 3723 3054 3766 ut
3087 3713 3138 3765 in
3179 3712 3297 3780 ejus
3334 3714 3591 3780 operibus

2015 3785 2215 3852 aliquid
2270 3786 2431 3840 etiam
2477 3786 2549 3839 sit
2599 3796 2795 3838 nostra:
2846 3782 3142 3845 industriaa,
3197 3783 3337 3850 quod
3381 3782 3588 3852 passim

2015 3850 2358 3926 pro—sequitur
2403 3854 2844 3926 Cbrysostomus,
2895 3863 2950 3926 et
2994 3854 3249 3926 observat
3285 3853 3335 3926 i_n
3378 3850 3586 3926 _Christi

2017 3920 2068 3978 in
2102 3920 2372 3993 apostolos
2420 3920 2860 3995 dispensation_e._
2890 3922 2980 3976 Sic
3029 3921 3246 3995 Esther,
3277 3920 3587 3995 ‘Ju‘dithqne

2018 3990 2370 4048 adhibuerunt
2406 3990 2657 4048 mundum
2687 3993 2998 4046 muliebrem
3027 4009 3039 4045 :
3071 3991 3148 4045 sic
3172 3992 3314 4045 cavit
3344 3990 3588 4058 Raphael

2016 4080 2086 4117 ne
2123 4067 2249 4133 quid
2285 4065 2554 4118 sordidius
2603 4066 2654 4117 in
2703 4063 2884 4116 Tobias
2932 4059 3124 4133 afﬂicta
3165 4062 3584 4133 d0rno,__novat_n

2015 4130 2266 4198 sponsam
2298 4133 2593 4188 offenderet
2625 4151 2639 4187 :
2669 4135 2921 4201 cavitque
2960 4130 3157 4185 Paulus
3195 4147 3262 4186 ne
3291 4131 3444 4184 vilior
3478 4131 3583 4184 tri-

2017 4203 2160 4256 buno
2188 4205 2358 4257 factus
2385 4204 2764 4272 flagellatione,
2799 4203 2912 4255 neci
2941 4202 3266 4272 traderetur,
3300 4209 3405 4272 etc.

2086 4275 2163 4342 (d)
2193 4268 2482 4340 Solutoqué
2525 4271 2830 4341 strophiolo.
2877 4269 3060 4332 Λύσας
3094 4270 3268 4342 αὑτοῦλ
3309 4270 3369 4322 τὸ
3411 4268 3596 4338 ἐγχει-

2025 4340 2159 4414 ριον.
2209 4342 2398 4397 Linteo
2424 4357 2530 4414 quo
2563 4340 2865 4414 carbonem
2902 4356 3210 4414 accensum_
3239 4340 3592 4414 deposuerat,

2015 4407 2091 4466 sic
2121 4415 2262 4466 dicto
2307 4407 2454 4477 quod
2495 4412 2754 4465 habeatur
2803 4412 2868 4462 ad
2921 4426 3130 4464 manus.
3179 4407 3236 4462 S.
3282 4407 3592 4462 Germanus

1955 4484 1999 4538 D
2027 4485 2421 4548 manutergium
2450 4483 2691 4550 exponit,
2721 4481 2861 4548 quod
2898 4479 3070 4546 primo
3109 4479 3270 4550 datur
3299 4478 3589 4550 subdiaco-

2028 4567 2116 4614 no,
2149 4561 2204 4604 et
2236 4547 2426 4620 pendet
2483 4547 2651 4604 sacris
2689 4547 2971 4614 ministris,
3011 4564 3041 4601 a
3077 4547 3305 4603 sinistro
3339 4547 3590 4602 femore:

2025 4623 2089 4674 de
2121 4635 2226 4688 quo
2258 4622 2309 4674 in
2341 4620 2736 4687 Eucbologicis.

2096 4685 2165 4760 (et)
2201 4692 2521 4758 Adoleusque
2581 4685 2886 4760 thymiama.
2931 4686 3265 4760 Καὶ-βαλὼν
3315 4685 3594 4760 θυμίαμα.

2027 4757 2198 4814 Simili
2258 4757 2462 4828 phrasi,
2510 4757 2670 4826 atque
2711 4758 2886 4829 βαλὼν
2941 4757 3226 4829 μετάνοιαν
3253 4757 3442 4829 °__quod
3474 4757 3601 4829 pa-

2027 4825 2296 4892 rnasceno,
2320 4829 2510 4883 Joanni
2539 4825 3021 4898 Hierosolymita'no
3049 4829 3100 4881 in
3133 4831 3247 4896 ejus
3265 4827 3410 4890 Vita,
3438 4825 3596 4898 aliis—

2025 4915 2128 4966 que
2159 4901 2314 4953 medii
2344 4903 2440 4951 aevi
2468 4895 2818 4967 scriptoribus
2847 4895 3232 4967 creberrimum
3259 4906 3342 4950 est
3371 4914 3386 4950 :
3415 4895 3588 4958 velut,

2028 4969 2254 5024 Suﬂiens
2283 4981 2336 5022 et
2371 4966 2928 5038 incensnmpﬂ‘erens,
2960 4967 3146 5021 eadem
3181 4966 3318 5038 forte
3343 4967 3596 5038 caerimo-

2026 5040 2137 5104 nia,
2167 5056 2270 5106 qua
2305 5054 2404 5092 nos
2429 5041 2613 5102 etiam,
2645 5036 2888 5106 personis
2922 5039 2973 5090 in
3024 5037 3199 5090 altiori
3237 5036 3409 5106 gradu
3444 5036 3592 5106 posi-

2027 5111 2114 5171 tis,
2152 5105 2384 5162 maxime
2410 5110 2602 5173 sacris,
2634 5105 2729 5161 seu
2768 5109 3036 5176 inquibus
3071 5108 3233 5176 Deum
3263 5105 3590 5174 peculiarius

2025 5193 2400 5246 agnoscamus,
2436 5187 2492 5232 et
2537 5179 2588 5232 in
2621 5174 2830 5246 signum
2860 5174 3046 5231 devoti
3079 5175 3300 5246 allectus
3346 5190 3467 5227 cum
3503 5189 3590 5228 re-

2027 5243 2287 5313 verentia,
2317 5248 2442 5302 thus
2471 5258 2526 5300 et
2555 5243 2842 5316 thymiama
2870 5247 3159 5299 oll'erimus.
3184 5243 3389 5316 Modus
3412 5253 3589 5316 tamen

2031 5318 2122 5372 ille
2150 5312 2510 5386 Amphilocbii
2538 5312 2827 5384 singularis
2857 5316 2976 5380 fuit,
3016 5316 3130 5384 ipso
3162 5331 3190 5366 a
3239 5314 3427 5386 prunis
3462 5312 3592 5386 illa}-

2025 5403 2086 5440 so
2121 5406 2133 5441 :
2165 5383 2304 5456 quod
2359 5389 2516 5456 plane
2568 5383 2651 5440 vel
2698 5403 2862 5446 unmn
2917 5383 3168 5440 omnibus
3235 5383 3591 5452 percellendis

2029 5470 2164 5510 erat.

2098 5530 2164 5593 (fl
2196 5525 2485 5593 Omnesque
2506 5534 2833 5593 stupuerunt.
2866 5524 3212 5594 Ἐξέστησαν.
3243 5520 3596 5594 Dictamaxi-

2029 5589 2240 5663 tne'jam
2273 5589 2497 5649 ratione.
2532 5589 2622 5649 Sic
2652 5595 2816 5649 Marc.
2845 5610 2894 5658 ν,
2920 5596 2990 5647 42
3024 5589 3348 5664 Ἐξέστησαν
3395 5589 3601 5647 ἑκστάρ

2029 5684 2111 5720 σει
2143 5667 2371 5738 μεγάλῃ.
2408 5668 2727 5736 Stupueruut
2765 5677 2972 5732 stupore
2999 5681 3202 5733 utaguo.
