3796 6314
139 313 216 365 95
1466 302 1624 358 VITA
1662 304 1992 371 ANTIQUA.
3276 308 3347 362 26

136 426 242 475 Καὶ
280 416 441 487 βαλὼν
492 415 740 485 θυμίαμα
791 414 1058 483 άνέκραξε
1118 416 1329 489 μεγάλῃ
1369 420 1433 487 τῇ
1472 418 1671 487 φωνῇέ

1780 428 1861 473 set
1894 418 2221 488 imperatori,
2274 418 2396 471 ait:
2440 416 2552 470 Pax
2588 416 2938 484 imperatori:
2977 431 3199 485 puerum
3249 435 3347 472 au-

134 514 371 571 6;J'.xovo;'
414 508 601 574 Ὀρθοὶ
638 505 880 569 πάντες.
936 505 1039 559 Καὶ
1074 506 1337 577 ἐσαλεύθη
1389 508 1450 559 τὸ
1498 506 1674 559 παλά-

136 623 238 656 nev
260 604 383 660 ὅλον,
421 602 515 651 καὶ
559 598 853 669 ἐξέστησαν
884 600 1138 661 ἅπαντες.
1172 600 1402 668 Πλησίον
1434 600 1491 652 δὲ
1519 600 1673 667 γενό-

138 711 275 762 in”;
313 690 397 743 τος,
442 691 727 759 βασιλέως,
766 691 898 759 ἔφη’
932 690 1156 757 Εἰρήνη
1183 689 1262 755 τῷ
1293 690 1580 754 βασιλεῖ·
1615 691 1675 743 τὸ

134 786 195 837 δὲ
214 784 390 835 παιδίον
425 782 771 850 παρέδραμε.
801 782 911 833 Καὶ
950 782 979 833 6
1005 780 1257 849 βασιλεύς
1276 794 1290 808 ⁸
1330 781 1671 851 ’Λμφιλόχιεο

138 877 235 931 ναὶ,
284 876 421 941 ςησὶ,
466 874 553 923 διὰ
599 873 650 923 τί
692 871 979 939 ἐνύϐρισας
1017 871 1077 923 τὸ
1122 870 1389 940 βασίλειόν
1421 889 1542 941 μου,
1581 873 1676 925 καὶ

142 966 242 1031 ἐμοὶ
277 962 366 1029 μὲν
409 962 701 1024 ἀπέδωκας
746 962 845 1031 τὴν
890 964 1127 1030 εἰρήνην,
1179 961 1269 1012 τὸν
1316 961 1371 1012 δὲ
1417 961 1529 1013 υἱόν
1573 979 1673 1031 μου

142 1053 419 1122 παρῆλθες
463 1053 578 1104 Οὐκ
610 1048 756 1114 οἶδας
787 1053 869 1104 ὅτι
900 1051 992 1103 καὶ
1014 1046 1168 1111 οὗτος
1211 1051 1325 1119 μετ’
1359 1048 1493 1119 ἐμοῦ
1524 1047 1675 1117 βασι-

142 1146 312 1204 irim;
346 1144 455 1193 Καὶ
485 1146 514 1194 6
538 1144 594 1193 Ἀ
608 1142 890 1211 μφιλόχιος
915 1141 1230 1212 ἀποκριθεὶς
1254 1137 1405 1194 εἶπεν
1430 1157 1441 1169 ·
1479 1142 1674 1192 Ἀκου-

142 1235 212 1285 ea
233 1249 346 1301 μου,
371 1231 592 1299 βασιλεῦ
620 1229 939 1297 ἀγαθώτατε
960 1246 972 1259 ·
999 1232 1047 1282 εἰ
1076 1231 1161 1293 σὺ,
1188 1231 1216 1281 6
1238 1226 1519 1289 σύνδουλός
1550 1245 1672 1297 μου,

138 1327 390 1393 ὀςήμερον
418 1322 494 1375 ῶν
531 1322 625 1373 καὶ
652 1320 841 1391 αῦριον
877 1320 950 1390 μὴ
981 1321 1261 1395 ὑπάρχων,
1292 1320 1674 1389 ἠγανάκτησας

138 1415 457 1482 ὑϐριζομένου
485 1412 579 1464 τοῦ
618 1412 734 1464 υἱοῦ
782 1429 895 1474 σου,
942 1412 969 1461 6
993 1410 1048 1461 δὲ
1082 1409 1212 1473 Θεὸς
1245 1412 1272 1463 6
1299 1410 1547 1479 οὐράνιος
1576 1410 1674 1462 οὑκ

138 1504 473 1571 ἀγανακτήσει
527 1500 884 1571 ὑϐριζομένου
932 1498 1025 1552 τοῦ
1079 1499 1209 1552 Υἱοῦ
1262 1500 1456 1562 aii-:05;
1505 1500 1615 1551 Καὶ
1645 1501 1674 1551 6

138 1594 357 1662 βασιλεὺς
401 1592 536 1661 ἔφη·
596 1592 967 1644 Ἀναιδέστατε
1014 1593 1191 1663 γέρων
1234 1593 1326 1643 καὶ
1372 1590 1553 1656 κύων,
1587 1590 1674 1644 διὰ

211 1685 600 1751 ἀγανακτήσει;
649 1684 758 1735 Καὶ
802 1686 829 1735 ὁ
884 1683 1227 1752 Ἀμιριλόχιος
1274 1682 1398 1749 ἔφη·
1444 1680 1671 1733 Βασιλεῦ

137 1774 441 1842 άγαθὼτατε,
477 1775 706 1826 ἄκουσον
741 1774 831 1826 τοῦ
862 1774 1051 1836 παιδός
1078 1790 1169 1825 σου
1192 1788 1204 1801 '
1235 1774 1295 1825 τὸ
1329 1774 1425 1843 μὲν
1458 1775 1668 1842 γῆρας,
1704 1750 1746 1805 Β

135 1866 203 1917 διά
228 1867 328 1917 τῶν
376 1867 615 1936 χῴνων·
650 1868 684 1935 ἡ
718 1866 774 1917 δὲ
810 1866 1024 1918 ἀναιδία
1045 1906 1058 1927 ,
1087 1865 1175 1917 διὰ
1211 1866 1335 1926 τοὺς
1372 1865 1668 1926 ἀτάκτους·

134 1958 256 2007 rion
279 1957 352 2015 δὲ,
395 1958 478 2008 ὅτι
511 1958 659 2026 τρεῖς
684 1956 885 2025 λῃστάς
918 1956 1157 2025 θεωρῶν,
1185 1956 1242 2007 οὑ
1276 1955 1517 2025 παύομαι
1549 1953 1676 2007 ὑλα-

135 2047 251 2096 κτῶν
269 2062 281 2072 ·
310 2046 449 2112 λέγω
469 2046 531 2114 δὴ
570 2045 853 2114 Εὐνόμιον,
894 2046 1166 2116 Ἀρειανὸν
1194 2044 1287 2096 καὶ
1315 2044 1671 2097 Μακεδόνων·

132 2134 209 2197 οὓς
228 2135 438 2203 ἐκκόψει
479 2135 682 2203 Κύριος
725 2137 790 2187 ἐκ
820 2135 915 2187 τοῦ
949 2135 1076 2188 λαοῦ
1106 2135 1318 2198 τούτου,
1347 2137 1428 2189 ὅτι
1461 2136 1675 2207 ἐνύϐρι-

136 2243 215 2276 σιν
241 2228 397 2279 αὑτοῦ
578 2227 829 2295 θεότητα.
878 2228 985 2279 Καὶ
1031 2228 1058 2278 6
1099 2227 1351 2296 βασιλεὺς
1395 2229 1451 2280 ἐν
1499 2226 1675 2297 ἐαυτῷ

131 2320 421 2386 γενόμενος,
458 2316 647 2371 εἶπεν·
691 2316 932 2388 Ἀληθῶς
972 2317 1189 2388 εἴρηκεν
1222 2319 1249 2369 ὁ
1283 2319 1457 2388 γέρων
1498 2312 1671 2381 οὗτος.

131 2410 184 2461 ΕΞ
209 2413 306 2481 γάρ
330 2412 436 2477 ἐγὼ
477 2411 835 2481 ἠγανάκτησα
878 2411 1231 2482 ὑϐριζομένου
1262 2411 1356 2465 τοῦ
1384 2411 1501 2464 υἱοῦ
1537 2429 1636 2483 μου
1657 2426 1671 2440 '

128 2506 152 2553 ὁ
175 2505 405 2571 οὐράνιος
437 2505 570 2567 Θεὸς
601 2505 701 2557 οὑκ
748 2505 1136 2574 ἀγανακτήσει,
1184 2503 1539 2573 ὑϐριζομένου
1577 2502 1671 2555 τοῦ

132 2591 243 2642 Υἱοῦ
278 2590 433 2642 αὑτοῦ
461 2609 474 2655 ;
505 2592 693 2660 Πολλῷ
726 2592 923 2662 μᾶλλον
948 2593 1313 2662 ἀγανακτήσει
1340 2592 1459 2644 καθ’
1495 2590 1672 2661 ἡμῶν.

129 2684 225 2735 Καὶ
251 2682 388 2750 λέγει
410 2686 439 2735 6
464 2684 719 2752 βασιλεὺς
759 2686 871 2746 τοῖς
893 2683 1235 2750 παρεστῶσιν
1274 2682 1419 2751 αὑτῷ
1445 2699 1458 2712 ·
1490 2684 1674 2735 Κατα-

134 2775 349 2827 cst-inte
378 2776 571 2838 αὐτοὺς
603 2773 712 2826 ἀπὸ
750 2773 858 2825 τῶν
886 2774 1087 2844 θρόνων
1124 2772 1323 2826 αὐτῶν.
1354 2768 1532 2825 ’Ἦσαν
1566 2773 1675 2843 γὰρ

132 2867 554 2936 παρακαθήμενοι
595 2868 645 2918 οἱ
679 2864 990 2917 διδάσκαλοι
1012 2866 1111 2935 τῆς
1132 2865 1405 2928 ἀπωλείας
1427 2866 1477 2917 οἱ
1504 2867 1671 2934 τρεῖς.

133 2959 226 3009 Καὶ
258 2960 284 3009 6
313 2959 477 3027 δῆμος
505 2959 757 3029 ἔκραζον,
800 2958 1047 3025 λέγοντες
1071 2977 1083 2987 ·
1137 2957 1247 3019 Τάς
1297 2956 1538 3025 κεφαλὰς
1581 2956 1676 3009 αύ-

130 3051 224 3101 τῶν
250 3052 714 3119 ἀποτμηθήτωςαν
745 3050 908 3118 ξίφει.
950 3051 1007 3103 '0
1032 3050 1088 3102 δὲ
1125 3050 1469 3120 Ἀμφιλόχιος
1528 3045 1670 3101 εἷπε·

132 3142 279 3211 Κύριε
324 3142 562 3211 βασιλεῦ.
619 3144 692 3213 μὴ
744 3143 1004 3213 κελεύσῃς
1034 3141 1189 3194 τοῦτο
1226 3142 1497 3209 γενέσθαι,
1540 3140 1674 3193 ἀλλά

131 3234 297 3303 δέομαί
333 3253 421 3287 σου
448 3236 544 3287 τοῦ
575 3236 831 3306 κράτους,
857 3235 1199 3306 ἐξορισθῆναι
1224 3236 1418 3296 αὐτοὺς
1447 3233 1676 3286 ἕκαστον

132 3330 180 3377 ἐν
206 3329 263 3395 τῇ
294 3328 393 3395 ἰδίᾳ
423 3328 664 3396 πατρίδι.
708 3328 816 3379 Καὶ
846 3326 1173 3396 προσέταξεν
1206 3329 1233 3377 ὀ
1273 3326 1549 3395 βασιλεὺς,
1585 3342 1677 3393 γε·

134 3418 294 3470 νέσθαι
320 3419 503 3480 καθὼς
534 3418 719 3481 ἔταξεν
742 3420 769 3468 ό
795 3417 973 3487 πατὴρ
1000 3418 1154 3487 ἡμῶν
1210 3418 1569 3486 Ἀμιξιλόχιος
1617 3418 1675 3469 '0

130 3510 177 3561 δὲ
200 3510 356 3580 δῆμος
386 3510 616 3581 ἔκραζον
645 3510 819 3576 λέγων
844 3527 855 3540 '
890 3511 981 3571 El;
1008 3510 1068 3562 τὸ
1091 3508 1353 3579 ἐξώτερον
1383 3509 1491 3581 πῦρ
1520 3510 1678 3563 ἀπελ-

130 3604 365 3658 θέτωςαν.
419 3605 528 3657 Καὶ
569 3601 980 3673 παραλαϐόντες
1029 3602 1261 3662 αὐτοὺς,
1322 3601 1415 3653 καλ¹
1463 3600 1677 3668 πληγὰς

128 3696 381 3757 ἐπιθέντες
408 3736 421 3755 ,
457 3694 860 3763 ἐθριάμϐευσαν
896 3692 1091 3753 αὐτοὺς
1121 3692 1269 3761 ὲνλιρῃ
1315 3690 1465 3741 πόλει
1494 3690 1677 3757 λέγον-

128 3804 229 3850 τεςο
260 3782 413 3839 Οἷτοί
445 3789 583 3839 εἰσιν
622 3788 668 3837 οἱ
716 3785 900 3855 ἐχθροὶ
933 3784 1026 3836 τοῦ
1071 3783 1204 3836 Θεοῦ
1230 3826 1243 3847 ,
1274 3786 1366 3835 καὶ
1398 3781 1505 3833 τῶν
1546 3784 1675 3851 Χρι-

132 3879 367 3931 στιανῶν·
398 3880 491 3932 καὶ
526 3877 814 3939 ἐπιϐάντες
844 3877 1039 3938 αὐτοὺς
1072 3877 1151 3937 εἰς
1194 3874 1290 3945 τὴν
1335 3873 1674 3943 ὲπτάλωφον,

129 3966 387 4033 ἐξεδΞωξαν
418 3968 617 4029 αὐτοὺς
652 3966 789 4036 μετά
815 3967 921 4018 τῶν
957 3965 1215 4035 μαθητῶν
1265 3965 1441 4017 αὐτῶν
1472 3966 1551 4026 εἰς
1580 3964 1675 4027 τὰς

129 4058 289 4127 χώρας
316 4058 511 4110 αὐτῶν.
548 4058 653 4110 Τὸν
694 4058 751 4109 δὲ
785 4056 969 4109 δοῦλον
999 4056 1090 4109 τοῦ
1130 4057 1263 4110 Θεοῦ
1307 4057 1671 4127 Ἀμφιλόχιον,

129 4154 356 4216 χρήματα
398 4148 569 4200 πολλά
614 4149 739 4209 δοὺς
784 4147 935 4217 αὑτῷ
983 4150 1012 4200 ὁ
1060 4144 1309 4217 βασιλευς
1354 4140 1671 4217 Θεοδόσιος.

128 4214 368 4291 ἀπέλυσεν
421 4238 584 4291 αὑτὸν
633 4240 690 4291 ἐν
731 4242 796 4309 τῇ
842 4214 946 4309 ἰδέᾳ
997 4214 1170 4300 πόλει,
1213 4239 1524 4307 εὐλογηθεὶς
1558 4214 1667 4292 ’ὑπ’

128 4329 290 4393 αὑτοῦ,
322 4331 415 4382 καὶ
442 4332 591 4382 πᾶσα
620 4333 651 4400 ἡ
690 4330 1008 4401 σύγκλητος.
1029 4330 1256 4401 Ὁμοίως
1288 4331 1381 4383 καὶ
1400 4332 1597 4393 πάντες
1617 4332 1666 4383 0i

1781 518 1884 561 tem
1951 507 2233 577 przeteriit.
2282 505 2415 559 Tum
2470 506 2803 572 imperator:
2843 505 3207 573 Amphilochi,
3246 522 3347 560 cur

1776 598 1938 652 etiam
1970 598 2251 667 imperium
2283 611 2459 650 meum
2492 594 2814 649 contumelia
2852 592 3112 647 aﬂ‘ecisti?
3154 610 3345 661 meque

1776 690 2034 753 salutans,
2050 705 2233 758 pacem
2253 686 2608 756 impertivisti,
2629 686 2794 739 lilium
2811 696 2986 738 autem
3008 701 3181 739 meum
3206 700 3343 755 prte-

1778 778 1972 832 teristi.
2006 776 2190 831 Nescis
2228 775 2342 829 fore
2384 786 2502 844 post
2557 791 2642 829 me
2694 774 3079 841 regnaturum?
3114 775 3183 828 At
3217 776 3343 826 Am-

1775 869 2074 938 philochius
2104 868 2437 936 respondens
2472 868 2547 919 ait
2577 883 2591 919 :
2625 866 2760 919 Audi
2796 882 2901 931 me,
2929 866 3129 935 optime
3179 867 3347 934 impe-

1776 972 1944 1016 rator.
1996 961 2051 1015 Si
2086 972 2163 1024 tu,
2193 976 2486 1013 conservus
2542 976 2711 1023 meus,
2757 960 2845 1028 qui
2898 973 2956 1012 es
3005 960 3179 1021 hodie,
3222 974 3343 1013 cras

1774 1067 1901 1104 vero
1938 1066 2040 1104 non
2073 1066 2150 1113 es,
2178 1066 2319 1119 aegre
2347 1049 2509 1103 tulisti
2560 1048 2806 1113 allectum
2840 1048 3161 1103 contumelia
3194 1059 3341 1102 tuum

1776 1142 1941 1194 lilium
1989 1156 2003 1194 :
2065 1141 2275 1195 Deusne
2317 1140 2437 1194 ρωιί
2484 1157 2587 1193 non
2627 1154 2767 1209 aegre
2800 1139 2961 1203 feret,
2998 1154 3119 1193 cum
3178 1139 3343 1194 Filius

1774 1233 1889 1300 ejus
1912 1232 2232 1285 contumelia
2262 1229 2562 1285 alliciatur?
2586 1230 2781 1298 Aitque
2812 1229 3139 1296 imperator:
3167 1229 3343 1283 Senex

1775 1320 2237 1391 impudentissime
2266 1330 2319 1373 et
2367 1320 2520 1373 canis
2567 1320 2668 1387 (α),
2726 1335 2823 1372 cur
2872 1334 3013 1387 :egre
3065 1318 3235 1372 feret?
3275 1318 3346 1370 At

1772 1413 2178 1482 Amphilochius
2208 1429 2222 1466 :
2259 1410 2471 1481 Optime
2504 1412 2814 1479 imperator,
2843 1410 2987 1475 audi,
3024 1424 3172 1477 rago,
3213 1422 3342 1476 puc—

1774 1519 1891 1557 rum
1940 1514 2133 1557 tuum:
2168 1518 2330 1556 senex
2382 1502 2595 1570 quidem
2636 1517 2774 1567 smn,
2823 1511 3038 1570 propter
3085 1510 3340 1569 tempus:

1776 1595 2059 1663 impudens
2085 1603 2285 1659 autem,
2318 1603 2534 1663 propter
2562 1592 2851 1646 insolentes
2880 1609 2894 1646 :
2920 1592 3067 1645 canis
3092 1591 3340 1657 denique,

1775 1692 1913 1757 quod
1954 1699 2061 1741 tres
2093 1688 2328 1739 latrones
2350 1686 2555 1749 videns,
2591 1699 2783 1753 nempe
2812 1683 3155 1749 Eunomium,
3183 1682 3342 1736 Aria-

1778 1793 1903 1832 num
1960 1788 2012 1831 et
2073 1777 2461 1841 Macedonium,
2517 1776 2715 1830 latrare
2766 1790 2871 1828 non
2931 1776 3192 1828 desinam.
3237 1773 3343 1827 Eos

1776 1869 2033 1922 Dominus
2067 1867 2340 1921 exscindet
2366 1883 2429 1919 ex
2471 1866 2665 1935 pOptIIO
2720 1866 2841 1929 isto,
2867 1865 3006 1934 quod
3059 1865 3172 1935 ejus
3204 1865 3342 1917 divi-

1776 1962 1999 2013 nitatem
2035 1958 2313 2013 affecerint
2361 1956 2707 2011 contumelia.
2745 1955 3039 2024 Imperator
3080 1965 3256 2009 autem
3288 1955 3343 2009 in

1776 2066 1832 2103 se
1860 2041 2127 2112 reversus,
2164 2050 2297 2102 dixit
2333 2066 2346 2101 ι
2382 2047 2519 2101 Vere
2557 2048 2763 2101 locutus
2795 2056 2875 2100 est
2916 2047 3016 2100 iste
3049 2062 3231 2103 senex.
3286 2044 3342 2099 Si

1775 2142 1917 2195 enim
1947 2156 2043 2211 ego
2068 2156 2207 2209 :egre
2238 2140 2330 2193 tuli
2386 2140 2524 2208 quod
2557 2139 2693 2192 lilius
2739 2152 2889 2191 meus
2917 2138 3234 2191 contumelia
3267 2138 3347 2189 af-

1778 2231 2031 2285 ﬁceretur
2062 2247 2078 2284 :
2122 2230 2260 2284 Deus
2294 2229 2413 2283 cteli
2446 2245 2547 2283 non
2576 2243 2715 2297 είλετο
2742 2227 2897 2289 feret,
2936 2243 3055 2281 cum
3085 2228 3201 2294 ejus
3252 2226 3343 2280 Fi-

1778 2322 1883 2375 lius
1923 2321 2246 2375 contumelia
2278 2320 2572 2373 afﬁciatur?
2599 2319 2762 2373 Plane
2787 2320 2978 2386 potiori
3006 2318 3129 2387 jure
3163 2320 3346 2371 adver-

1776 2428 1893 2466 sum
1954 2427 2050 2466 nos
2083 2411 2481 2464 succensuerit.
2536 2410 2730 2477 Aitque
2782 2409 3097 2471 astantibus,
3129 2417 3186 2459 ut
3229 2406 3345 2459 illos

1784 2494 2000 2559 sedibus
2032 2505 2402 2557 deturbarent.
2447 2504 2766 2555 Assidebant
2795 2504 2935 2555 enim
2975 2511 3083 2555 tres
3120 2500 3192 2553 illi
3225 2516 3346 2569 per-

1778 2595 1997 2651 ditionis
2040 2594 2304 2663 magistri.
2336 2594 2598 2647 Clamavit
2633 2604 2808 2646 autem
2838 2592 3062 2661 populus
3110 2592 3291 2644 dicens
3326 2607 3341 2643 :

1776 2688 1963 2743 Gladio
2019 2686 2537 2740 animadvertantur.
2588 2687 2657 2738 At
2705 2686 3109 2754 Amphilochius
3158 2685 3343 2737 dixit:

1777 2780 2002 2834 Domine
2033 2780 2349 2847 imperator,
2382 2794 2447 2831 ne
2479 2779 2577 2831 hoc
2603 2778 2827 2845 jusseris
2861 2778 2972 2830 ﬁeri
3004 2796 3017 2831 :
3061 2778 3151 2830 sed
3208 2774 3337 2844 rogo

1778 2882 1921 2924 tuam
1951 2874 2265 2939 potentiam,
2300 2881 2356 2924 ut
2396 2871 2762 2939 unusquisque
2802 2870 3069 2937 relegetur
3101 2870 3152 2921 in
3187 2883 3342 2921 suam

1779 2963 2030 3031 patriam.
2090 2962 2349 3032 Praecepit
2375 2979 2501 3016 vero
2541 2963 2833 3029 imperator
2880 2970 2936 3014 ut
2966 2962 3116 3014 lieret
3152 2975 3343 3029 quem-

1700 3058 2064 3139 Cadmodum
2143 3068 2293 3126 pater
2340 3066 2525 3110 noster
2586 3055 2996 3124 Amphilochius
3063 3063 3342 3110 statuerat.

1780 3149 1947 3203 Porro
1992 3149 2213 3217 populus
2269 3149 2520 3203 clamavit
2548 3148 2735 3202 dicens
2765 3165 2779 3200 :
2811 3149 3019 3201 Abeant
3063 3149 3114 3201 in
3166 3148 3341 3216 ignem

1775 3255 1841 3292 ex
1863 3239 2134 3293 teriorem.
2194 3238 2432 3306 Cumque
2455 3238 2954 3307 apprehendissent,
2976 3249 3030 3291 et
3060 3237 3347 3304 imposuis-

1774 3340 1893 3385 sent
1926 3331 2125 3400 plagas,
2173 3330 2445 3398 triumpho
2481 3330 2911 3396 circumegerunt
2948 3343 3041 3396 per
3074 3327 3342 3381 civitatem

1776 3423 2013 3477 dicentes
2041 3442 2053 3475 :
2089 3422 2159 3475 Mi
2194 3420 2390 3476 Christi
2428 3423 2598 3474 hostes
2621 3432 2761 3485 sunt,
2786 3430 2835 3474 et
2876 3420 3293 3476 Christianorum
3324 3434 3344 3473 :

1777 3512 2160 3582 impositosque
2188 3512 2237 3565 in
2268 3510 2571 3565 vehiculum
2600 3512 2703 3581 (b),
2738 3512 3059 3580 expulerunt
3098 3526 3216 3564 cum
3260 3510 3344 3563 di-

1776 3601 1991 3669 scipulis
2021 3602 2071 3654 in
2116 3615 2243 3655 suas
2272 3602 2506 3668 ipsorum
2540 3602 2865 3669 provincias.
2927 3601 3225 3668 Imperator
3252 3614 3347 3651 au-

1779 3701 1883 3745 tem
1912 3690 2251 3744 Theodosius
2307 3705 2520 3744 servum
2579 3692 2669 3745 Dei
2700 3690 3131 3759 Amphilochium
3201 3690 3343 3743 mul-

1778 3783 1847 3834 tis
1877 3786 2119 3848 pecuniis
2143 3783 2393 3836 douatum
2428 3784 2478 3835 in
2507 3783 2775 3850 pr0priam
2802 3783 3003 3835 dimisit
3029 3782 3339 3835 civitatem:

1777 3877 2199 3931 benedictionem
2238 3893 2358 3931 cum
2408 3885 2519 3929 toto
2558 3884 2747 3929 senatu
2777 3878 2843 3929 ab
2883 3890 2946 3928 eo
3004 3885 3342 3929 consecutus.

1778 3965 2043 4019 Similiter
2069 3965 2233 4019 etiam
2274 3964 2509 4034 episcopi
2535 3979 2725 4018 omnes
2759 3965 2955 4018 reversi
2986 3974 3109 4018 sunt
3140 3964 3189 4017 in
3220 3980 3347 4018 suus

1777 4056 2039 4110 civitates.
2065 4056 2201 4110 Cum
2230 4067 2406 4109 autem
2433 4056 2859 4126 Amphilochius,
2894 4066 3005 4111 tres
3044 4056 3111 4109 ab
3156 4056 3348 4109 itinere

1776 4164 1946 4202 annos
1972 4149 2041 4217 (ο)
2076 4150 2127 4201 in
2169 4148 2305 4202 vivis
2349 4151 2567 4217 egisset,
2594 4159 2760 4203 estet
2815 4150 2947 4217 ipse
2974 4148 3347 4217 peregrinatus

1782 4241 1848 4292 ad
1886 4239 2170 4295 Dominum
2202 4256 2218 4292 :
2251 4239 2557 4309 gloriﬁcans
2588 4238 2798 4293 Patrem
2833 4249 2887 4292 et
2913 4239 3104 4292 Filium
3145 4251 3198 4292 et
3227 4239 3348 4307 Spi-

1785 4330 1947 4384 ritum
1970 4342 2236 4395 sanctum,
2269 4346 2410 4385 nunc
2440 4341 2495 4385 et
2519 4345 2755 4399 semper,
2780 4338 2834 4383 et
2866 4330 2915 4382 in
2946 4330 3137 4383 szecula
3165 4344 3340 4383 saecu-

127 4420 388 4474 ἐπὲεκοποι
424 4421 665 4490 ἀπῆλθον
692 4424 773 4484 εις
796 4422 895 4483 τὰς
917 4422 1094 4487 πόλεις
1118 4422 1312 4475 αὐτῶν.
1357 4424 1415 4475 '0
1440 4423 1494 4475 δέ
1542 4424 1595 4474 'A
1606 4442 1668 4493 μ-

1785 4423 1975 4476 lorum.
1999 4424 2189 4478 Amen.

128 4514 371 4581 q-ijzzog,
422 4514 561 4583 μετά
606 4514 669 4565 τὸ
713 4516 979 4569 ἀπολῦσαι
1009 4517 1116 4569 ἀπὸ
1145 4516 1245 4584 τῆς
1287 4514 1437 4582 ὁδοῦ,
1486 4515 1677 4586 ἔζησεν
1716 4518 1810 4587 ἐτη
1839 4524 1910 4584 γ’,
1962 4516 2056 4567 καὶ
2111 4514 2252 4566 οὑτω
2298 4514 2434 4584 προς
2480 4513 2685 4586 Κύριον
2719 4514 3064 4584 ἐπεδήμησε·
3108 4513 3345 4577 δοξάζων

125 4606 200 4657 τὸν
241 4606 455 4676 Πατέρα
500 4610 593 4659 καὶ
634 4609 762 4662 Υἱδν
806 4611 900 4661 καὶ
943 4610 1096 4677 ἅγιον
1145 4609 1397 4679 Πνεῦμα,
1444 4609 1537 4661 νῦν
1584 4611 1804 4674 καιάεὶ,
1834 4610 1930 4661 καὶ
1962 4612 2040 4672 εἰς
2072 4609 2196 4670 τοὺς
2228 4607 2431 4671 αἰῶνας
2462 4607 2571 4660 τῶν
2597 4606 2824 4664 αἰώνων.
2874 4608 3061 4677 Ἀμήν.

181 4764 250 4833 (a)
284 4767 456 4821 Senes:
493 4767 941 4833 impudentissime
990 4777 1036 4819 et
1081 4767 1243 4821 canis.
1291 4765 1663 4820 Ἀναιδέστατε

123 4835 276 4905 γέρων
313 4838 404 4891 καὶ
442 4835 607 4889 κύων.
658 4836 945 4889 Procacius
977 4852 1135 4902 quam
1186 4852 1280 4902 pro
1324 4836 1666 4903 imperatoris

126 4910 488 4971 [irrumatione
523 4918 575 4959 et
607 4907 911 4957 reverentia
947 4908 1077 4958 tanti
1123 4908 1287 4960 senis.
1320 4907 1467 4957 Adde
1502 4906 1665 4958 fuisse

124 4970 483 5039 Theodosium,
515 4990 823 5041 quanquam
864 4976 1033 5026 virum
1064 4977 1456 5036 admirabilem,
1494 4991 1667 5043 prom-

126 5044 291 5115 ptioris
320 5046 432 5107 ine,
461 5048 606 5115 quod
630 5056 827 5112 praeter
855 5046 1053 5097 credent
1078 5044 1661 5107 Thess:ilouiceusium,

125 5114 262 5187 etiam
301 5114 496 5187 indicta
541 5117 608 5167 ab
656 5115 940 5187 Ambrosio
987 5116 1128 5187 illius
1166 5118 1448 5187 Occasione
1482 5129 1661 5181 pwna,

126 5184 291 5254 iamut.
323 5184 772 5254 Sozomenusait
808 5193 1012 5237 tantum
1054 5186 1262 5254 jussum
1308 5184 1453 5237 foras
1480 5191 1664 5236 extur-

124 5250 219 5302 bari
252 5270 364 5304 cum
395 5253 749 5307 contumelia.

181 5322 244 5391 (bi
275 5322 659 5388 lmpositosque
687 5324 741 5371 in
770 5322 1075 5375 vehiculum.
1120 5322 1438 5384 Ἐπιϐάντες
1466 5322 1545 5383 εἰς
1568 5320 1664 5391 τὴν

123 5387 433 5459 ἑπτάλωφον.
487 5392 925 5461 Nouhalmimus
958 5410 1062 5461 quo
1094 5410 1210 5445 eam
1258 5409 1438 5446 vocem
1462 5387 1665 5461 melius

124 5461 440 5517 redderemus
479 5478 495 5515 :
532 5459 646 5513 ἀπὸ
670 5459 766 5513 τοῦ
794 5459 1008 5532 λωφᾷν)
1051 5462 1219 5517 Onere
1241 5464 1396 5517 levor.
1428 5460 1563 5516 Num
1594 5463 1666 5515 sit

1772 4764 1964 4818 vitiosa
2018 4764 2259 4831 scriptio,
2310 4768 2552 4821 divinare
2604 4781 2705 4818 non
2765 4778 3067 4832 possumus.
3129 4762 3337 4815 Dicitur

1774 4834 1940 4886 Itonia
1966 4834 2263 4903 ἐπτάλορος
2291 4839 2426 4904 apud
2445 4835 2791 4889 Plutarchum
2824 4837 2871 4886 in
2909 4832 3090 4886 Probl.
3113 4844 3342 4904 propter

1777 4916 1978 4971 St'pletn
2016 4900 2215 4967 colles;
2250 4900 2342 4959 sed
2378 4907 2507 4958 nihil
2537 4909 2599 4959 ad
2634 4904 2987 4973 propositum.
3017 4932 3083 4942 ——
3113 4901 3205 4973 Ei;
3242 4900 3341 4972 τὴν

1772 4973 2113 5042 ὲπτάλωφον.
2151 4974 2244 5027 Hic
2283 4977 2431 5029 locus
2467 4972 2725 5041 Caugittm
2778 4974 2915 5025 haud
2962 4974 3091 5039 fugit
3140 4972 3188 5021 in
3239 4974 3345 5037 Ap-

1773 5045 1930 5122 pend.
1992 5045 2057 5123 a_d
2104 5043 2429 5123 Glossnrium
2466 5045 2844 5123 Graicit..palg_.
2887 5043 2975 5122 7'5,
3008 5056 3222 5123 hosque
3262 5058 3344 5093 re-

1776 5113 1939 5165 mittit
1971 5116 2036 5165 ad
2071 5130 2221 5167 suum
2252 5114 2760 5180 Constantinopolim
2779 5112 2975 5164 Christ.
3008 5112 3104 5165 lib.
3146 5126 3184 5173 I,
3207 5123 3340 5163 sect.

1777 5197 1892 5245 vin,
1926 5187 2133 5236 tametsi
2164 5186 2295 5237 nihil
2330 5187 2392 5237 ad
2428 5187 2566 5237 huuc
2600 5184 2773 5235 locum
2808 5183 2986 5235 l'acial.

1847 5255 1917 5319 (c)
1946 5252 2067 5304 Tres
2124 5256 2185 5305 ab
2221 5257 2403 5307 itinere
2451 5269 2640 5305 annos.
2682 5251 2873 5304 Plures
2905 5266 3072 5305 annos
3119 5250 3339 5311 vixisse,

1776 5323 1930 5374 docet
1964 5321 2223 5375 Duronius
2260 5337 2385 5375 ann.
2433 5323 2556 5383 594,
2591 5325 2680 5392 qui
2730 5332 2901 5389 potest
2928 5320 3171 5383 consuli;
3208 5331 3262 5371 ut
3288 5330 3342 5392 et

1778 5408 1896 5458 qua:
1931 5395 2162 5447 diximus
2210 5394 2385 5446 initio.
2416 5392 2555 5445 Nihil
2605 5388 2813 5448 lucilius
2845 5407 3004 5461 quam
3042 5402 3095 5445 ut
3128 5388 3341 5442 numeri

1775 5471 2045 5517 mutentur
2080 5464 2209 5518 vitio
2245 5465 2595 5533 scriptorum.
