3796 6302
92 300 149 354 5'3
1358 298 1443 351 DE
1480 298 1539 354 S.
1583 295 2069 354 AMPlllLOClllO.
3219 308 3308 370 30'

1316 409 1463 475 lucu,
1490 410 1642 476 ibid.,
1665 410 1756 463 lib.
1788 426 1841 475 ν,
1878 429 1993 467 cav.
2028 413 2081 470 8.

140 524 297 579 Ἦσαν
324 526 381 579 δὲ
410 527 601 596 ἄνδρες
628 527 969 593 ἁξιάγαστοι,
1005 527 1098 581 καὶ
1123 526 1286 597 ζήλου
1316 528 1411 580 καὶ
1440 528 1629 597 σοφίας

1807 526 1978 582 Erant
2004 538 2183 583 autem
2218 529 2317 584 viri
2352 530 2696 587 admirabiles
2724 572 2740 594 .
2771 542 2826 588 et
2865 533 2981 589 zelo
3020 534 3198 589 divino
3232 555 3288 594 ac

82 620 331 674 ἀνάπλεοι·
377 617 726 687 ’Δμφιλόχιος
756 616 1072 682 Λυκαόνων,
1108 633 1162 670 κ.
1201 633 1253 668 τ.
1300 616 1348 669 λ.

1733 617 1994 685 sapientia
2022 619 2276 688 singulari
2306 622 2510 690 praediti
2536 638 2552 677 :
2576 622 2982 692 Amphilochius
3003 622 3144 695 Lyca
3159 630 3290 683 onia-

1728 709 1954 762 antistes
1986 722 2090 765 etc.

1360 790 1511 854 least,
1538 791 1688 859 ibid.,
1718 811 1834 866 cap.
1859 798 1947 854 16.

138 890 271 943 Mati
291 889 346 940 δὲ
375 890 478 959 τὴν
506 887 717 940 ἐκεῖθεν
738 886 1017 951 ἐπάνοδον,
1047 885 1273 955 ἀφίκετο
1304 885 1404 957 μὲν
1440 886 1626 957 Ἀμφι-

76 985 227 1049 λόχις
250 983 277 1032 6
308 980 648 1050 θαυμάσιος,
680 974 743 1032 οὗ
778 977 1042 1040 πολλάκις
1084 978 1379 1048 ἐμνήσθην,
1414 978 1627 1031 ἀντιϐο-

81 1070 167 1119 illia
196 1070 310 1129 τοὺς
346 1068 459 1119 τῶν
503 1066 803 1138 Ἀρειανῶν
836 1068 899 1120 ὲκ
922 1068 1028 1120 τῶν
1072 1068 1280 1119 πόλεων
1307 1067 1626 1138 ἐξελαθῆναι

82 1159 359 1225 συλλόγους.
429 1159 489 1212 Ὀ
525 1160 582 1211 δὲ
625 1159 876 1227 βασιλεὺς
926 1162 1303 1231 ἀπηνεστέραν
1344 1161 1627 1214 ὑπολαϐὼν

76 1252 155 1318 τὴν
183 1250 428 1319 αἴτησιν,
463 1251 565 1303 οὐκ
607 1248 845 1313 ἐδέξατο.
891 1250 947 1301 Ὀ
978 1251 1035 1303 δὲ
1070 1249 1377 1318 σοφώτατος
1437 1252 1628 1322 Ἀμφι-

74 1342 221 1409 λέχεος
244 1343 567 1412 παραυτίκα
603 1345 854 1410 σιγήσας,
890 1342 1105 1411 μνήμης
1131 1342 1285 1406 ἀξίαν
1310 1343 1495 1414 ἐξεῦρε
1526 1361 1629 1413 μη-

74 1437 232 1503 χινήν.
284 1434 433 1487 Εῖσω
476 1434 587 1503 γὰρ
633 1429 791 1494 αὖθις
834 1431 941 1484 τῶν
978 1431 1263 1502 βασιλείων
1316 1434 1625 1504 γενόμενος,

75 1526 149 1577 καί
172 1524 501 1593 παρεστῶτα
521 1523 601 1592 τῷ
629 1522 839 1591 βασιλεῖ
860 1523 952 1575 τὸν
976 1523 1089 1575 υἱὸν
1129 1523 1409 1594 Ἀρκάδιον
1437 1523 1629 1579 θεασά-

74 1633 208 1683 μενος
247 1619 465 1683 (νεωστὶ
490 1615 546 1667 δὲ
576 1608 729 1677 οὗτος
756 1615 1162 1686 κεχειροτόνητο
1199 1615 1494 1685 βασιλεὺς),
1529 1619 1627 1671 αὺ-

68 1710 144 1760 τὸν
183 1708 278 1775 μὲν
311 1709 602 1776 ἠσπάσατο
635 1708 880 1777 συνήθως
918 1709 1007 1762 τὸν
1039 1709 1286 1778 βασιλέα,
1325 1710 1627 1781 ἀγέραστον

146 1804 394 1855 κατέλιπε
419 1802 510 1854 τὸν
538 1802 673 1857 υἱόν.
691 1803 749 1855 Ὀ
774 1802 830 1855 δὲ
855 1802 1124 1871 βασιλεὺς,
1163 1802 1517 1873 ἐπιλησθῆναι
1544 1820 1629 1855 νο-

74 1894 215 1961 μὶσας
229 1893 319 1945 τὸν
354 1892 725 1961 Ἀμφιλόχιον,
757 1891 1072 1963 προσελθεῖν
1095 1892 1187 1944 καὶ
1212 1892 1433 1961 φιλῆσαι
1466 1910 1629 1963 προσ-

71 1984 205 2047 ἔταξε
232 1984 324 2035 τὸν
352 1984 493 2035 υἱόν.
535 1982 597 2034 Ὀ
619 1982 677 2035 δὲ
704 1983 1012 2053 ἀποχρῆναι
1042 1982 1143 2052 ἔφη
1176 1983 1275 2052 τὴν
1299 1982 1447 2053 αὐτῷ
1498 1983 1627 2054 παρ’

71 2073 215 2127 αὑτοῦ
247 2074 706 2145 προσενεχθεῖσαν
747 2076 933 2143 τιμήν.
978 2074 1033 2127 ὐ
1066 2073 1120 2126 δὲ
1154 2074 1505 2144 δυσχεράνας,
1547 2076 1627 2127 ol-

1798 894 1923 949 Post
1949 897 2279 969 (Theodosii)
2307 899 2449 955 illinc
2479 900 2729 967 reditum,
2754 901 3160 972 Amphilochius
3198 899 3293 953 illc

1726 985 2054 1041 admirabilis
2086 987 2237 1055 cujus
2264 991 2454 1057 saepius
2482 1005 2513 1044 a
2540 1006 2626 1046 me
2650 990 2761 1057 jam
2788 992 2924 1047 facta
2953 1000 3034 1045 est
3060 992 3284 1055 mentio,

1730 1077 1963 1131 accessit
1991 1088 2242 1133 oraturus
2271 1079 2668 1148 imperatorem,
2701 1081 2777 1134 uti
2801 1097 2864 1134 ex
2895 1082 3287 1135 urbihusAria-

1729 1182 1915 1220 norum
1963 1181 2257 1224 conventus
2284 1170 2481 1238 ejiciat.
2508 1174 2575 1224 At
2622 1173 2932 1240 imperator.
2976 1172 3289 1241 postuiatio-

1730 1273 1849 1312 neut
1886 1257 2028 1311 illaut
2054 1259 2212 1311 nimis
2235 1275 2480 1314 severam
2507 1272 2559 1313 et
2584 1261 2928 1314 inhumanam
2955 1262 3246 1316 arbitratus
3267 1303 3284 1327 ,

1728 1348 1921 1416 rejicit.
1983 1348 2423 1418 Sapientissimus
2459 1352 2624 1420 igitur
2670 1353 3079 1421 Amphilochius
3118 1369 3175 1408 re
3219 1355 3285 1407 ad

1731 1450 1937 1509 tempus
1965 1443 2126 1496 tacita
2148 1482 2164 1505 ,
2203 1442 2362 1495 aliam
2399 1444 2660 1496 rationem
2704 1445 2769 1497 ad
2819 1444 2870 1498 id
2903 1447 3043 1514 quod
3079 1446 3287 1499 volebat

1727 1532 2074 1586 obtinendum
2095 1572 2111 1597 ,
2143 1548 2368 1602 eamque
2402 1534 2557 1600 plane
2591 1536 2993 1589 memorabilem
3021 1536 3289 1602 exc0gita-

1729 1623 1826 1677 vit.
1862 1623 2135 1692 Ingressus
2166 1626 2310 1678 enim
2343 1626 2516 1678 denuo
2548 1626 2601 1678 in
2640 1626 2917 1694 palatium,
2941 1641 3061 1678 cum
3086 1626 3290 1678 videret

1730 1723 1991 1766 astantem
2071 1715 2379 1782 imperatori
2431 1714 2595 1768 lilium
2641 1732 2796 1770 suum
2836 1718 3123 1770 Arcadium
3149 1756 3164 1779 ,
3200 1718 3288 1784 qni

1731 1818 1897 1870 nuper
1937 1804 2206 1871 Augustus
2252 1806 2585 1859 renuntiatus
2620 1805 2815 1873 fuerat,
2852 1808 3021 1874 ipsum
3056 1808 3290 1875 impera-

1731 1901 1899 1945 torem
1919 1892 2272 1947 Theodosium
2301 1895 2457 1948 solito
2483 1912 2627 1951 more
2643 1898 2893 1951 salutavit
2919 1899 3008 1952 ille
3035 1900 3271 1967 quidem,

1730 1984 1820 2037 sed
1851 1983 2014 2035 lilium
2047 1986 2160 2037 sine
2182 1987 2386 2039 honore
2412 1986 2632 2041 dimisit.
2661 1988 2952 2053 Imperator
2980 2000 3179 2054 autem,
3204 2005 3290 2040 ra-

1732 2083 1817 2129 tus
1846 2075 2276 2142 Amphilochium
2319 2077 2542 2131 oblitum
2589 2078 2747 2133 olIicii
2774 2119 2788 2141 ,
2831 2079 2983 2148 jubet
3028 2082 3094 2134 ad
3125 2082 3293 2133 lilium

76 2166 206 2218 κείαν
260 2165 447 2219 ἐκάλει
502 2164 794 2233 παροινίαν
838 2162 937 2233 τὴν
986 2162 1077 2216 τοῦ
1139 2163 1326 2225 παιδὸς
1382 2164 1625 2234 ἀτιμίαν.

1740 2170 2017 2233 accedere,
2055 2184 2285 2236 eumque
2323 2170 2577 2224 osculari.
2632 2173 2701 2225 At
2752 2174 3161 2242 Amphilochius
3208 2190 3293 2226 re-

74 2257 362 2324 Τηνικαῦτα
409 2256 597 2308 λοιπὸν
640 2258 669 2308 ὁ
711 2253 1015 2322 σοφώτατος
1072 2255 1415 2325 Ἀμφιλόχιος
1460 2259 1627 2309 ἑκκα-

73 2344 240 2399 ὶύπτει
270 2348 361 2401 τὸν
392 2347 487 2399 τοῦ
514 2344 886 2415 γεγενημένου
923 2345 1146 2405 σκοπὸν,
1182 2345 1276 2397 καὶ
1314 2344 1451 2414 βοῶν
1483 2344 1584 2416 ἔφη
1611 2362 1624 2376 ο

83 2436 243 2506 Ὁρᾷς,
260 2432 303 2490 ὦ
326 2437 565 2507 βασιλεῦ,
594 2438 744 2497 ὅπως
771 2436 829 2487 οὐ
850 2434 1031 2505 φέρεις
1056 2436 1155 2505 τὴν
1180 2435 1272 2487 τοῦ
1299 2435 1487 2498 παιδὸς
1512 2437 1629 2487 ἀτι-

81 2528 216 2596 μίτι.
244 2530 376 2581 ἀλλά
422 2531 535 2591 τοῖς
570 2530 649 2590 εἰς
686 2524 873 2578 τοῦτον
924 2524 1240 2596 παροινοῦσι
1285 2525 1628 2595 χαλεπαίνεις

80 2620 297 2689 uacci-3;;
338 2622 634 2672 Πίστευσον
665 2617 727 2689 δὴ
763 2613 876 2682 οὖν,
911 2618 1002 2670 xui.
1036 2617 1142 2670 τῶν
1168 2617 1303 2670 ὅλων
1342 2618 1473 2670 Θεὸν
1506 2620 1630 2682 τοὺς

79 2712 155 2763 τὴν
181 2714 301 2766 Υἱὺν
327 2712 491 2765 αὐτοῦ
519 2712 610 2764 τὸν
649 2709 910 2779 μονογενῆ
946 2709 1394 2780 βλασφημοῦντας
1414 2709 1629 2780 βδελύτ-

80 2805 262 2865 τεσθαι,
311 2806 405 2857 καὶ
456 2804 533 2865 ὡς
589 2801 916 2872 ἀχαρίστους
954 2801 1080 2871 περὶ
1129 2800 1220 2853 τὸν
1267 2799 1492 2871 Σωτῆρα
1536 2802 1631 2853 καὶ

1730 2261 1981 2327 spondit:
2016 2258 2158 2314 Satis
2186 2275 2305 2315 esse
2339 2263 2479 2330 quod
2514 2263 2565 2316 ei
2594 2263 2853 2318 honorem
2883 2265 3149 2320 habuerit.
3182 2266 3289 2319 Ita-

1728 2365 1833 2420 que
1897 2351 2227 2405 Theudosius
2284 2368 2393 2407 rem
2434 2352 2623 2407 acerbe
2679 2363 2735 2407 et
2788 2356 3025 2422 graviter
3072 2355 3291 2419 ferens,

1730 2443 1983 2512 probrum
2021 2443 2128 2495 lilio
2166 2441 2434 2511 ohjeetum
2467 2442 2675 2509 injuria:
2716 2441 2833 2495 loco
2863 2443 2964 2497 sibi
2998 2444 3096 2512 ipsi
3130 2446 3293 2499 illata:

1731 2535 2051 2587 numeravit.
2104 2533 2236 2587 Tum
2287 2534 2715 2603 sapientissimus
2746 2536 3175 2603 Amphilochius,
3202 2540 3296 2589 de-

1732 2622 1945 2676 clarans
1994 2622 2341 2690 imperatori,
2377 2622 2515 2690 quod
2557 2622 2735 2675 animo
2786 2622 3119 2685 instituebat,
3161 2639 3294 2676 cou-

1736 2721 1880 2765 teula
1916 2727 2046 2766 voce
2075 2730 2090 2767 :
2131 2712 2307 2776 Vides,
2339 2713 2531 2780 inquit,
2562 2728 2595 2767 ο
2629 2714 2938 2781 imperator,
2968 2729 3126 2781 quant
3156 2730 3296 2783 aegre

1732 2803 2075 2873 ignominiam
2132 2804 2221 2856 lilii
2273 2804 2347 2856 tui
2393 2802 2536 2858 feras
2588 2822 2603 2859 :
2669 2804 2776 2857 imo
2809 2819 2937 2857 vero
2981 2803 3084 2858 illis
3118 2806 3209 2873 qui
3243 2806 3295 2857 iu

82 2896 346 2966 εὐεργέτην
374 2893 779 2963 γεγενημένους
820 2894 1014 2961 μισεῖν.
1058 2890 1213 2945 Οὕτω
1257 2892 1432 2954 συνεὶς
1466 2894 1495 2944 ὀ
1529 2891 1627 2960 βα-

1740 2910 1848 2949 eum
1888 2896 2165 2957 insultant,
2197 2896 2540 2949 vehementer
2561 2910 2867 2949 succenses.
2904 2894 3105 2949 Credas
3138 2895 3297 2964 igitur

86 2984 262 3049 σιλεὺς,
286 2987 379 3038 καὶ
408 2986 478 3039 τά
508 3002 569 3037 τε
603 2984 992 3054 πεπραγμένα,
1015 2984 1085 3037 τά
1109 3001 1168 3036 τε
1208 2985 1470 3055 εἰρημένα
1499 2984 1626 3037 θαυ-

86 3078 263 3143 μάσας,
291 3079 451 3146 νόμον
480 3076 645 3139 εὐθὺς
668 3076 877 3145 ἔγραψε
896 3077 1020 3139 τοὺς
1044 3075 1152 3129 τῶν
1188 3076 1478 3148 αἰρετικῶν
1511 3078 1627 3131 συλ-

82 3167 249 3236 λόγους
283 3169 582 3222 κωλύοντα.

1734 2985 1862 3039 mihi
1910 2987 2090 3050 velim,
2120 2986 2274 3055 lmjus
2296 2988 2660 3043 universitatis
2689 2997 2951 3043 rectorem
2973 2990 3170 3052 Deum,
3204 3004 3299 3042 eos

1732 3076 1821 3144 qui
1848 3086 2033 3131 contra
2060 3077 2253 3131 Filium
2287 3094 2441 3132 suum
2468 3080 2795 3149 unigenitum
2822 3078 3110 3148 loquuntur
3150 3078 3297 3132 blas-

1654 3161 1698 3222 C
1736 3168 2000 3235 phemias,
2053 3170 2236 3223 itidem
2309 3170 2614 3233 detestari,
2664 3181 2719 3225 et
2767 3181 3016 3237 tanquam
3060 3170 3299 3238 ingratos

85 3276 192 3328 erga
224 3264 567 3316 Senatorem
600 3272 656 3317 et
686 3263 823 3317 bene
850 3261 916 3316 de
946 3275 1005 3315 se
1038 3262 1287 3315 meritum
1311 3303 1326 3327 ,
1358 3261 1481 3315 odio
1512 3264 1782 3331 prosequi.
1825 3264 1989 3333 Cujus
2032 3266 2334 3319 institutum
2380 3281 2500 3319 cum
2568 3266 2672 3320 hoc
2738 3274 2891 3333 pacto
2952 3263 3301 3318 intellexisset

88 3359 363 3424 imperator,
400 3338 539 3413 facta
575 3361 690 3428 ejus
732 3359 978 3428 dictaque
1010 3357 1165 3413 simul
1197 3358 1515 3424 admiratus,
1577 3365 1748 3429 legem
1815 3361 2062 3429 protinus
2133 3361 2491 3430 conscripsit,
2537 3376 2657 3430 qua:
2711 3360 2928 3415 vetabat
2992 3366 3294 3413 conventus

88 3454 144 3506 ab
172 3454 433 3509 hereticis
466 3454 576 3524 agi.

1654 3546 1707 3606 V

306 3647 594 3704 Fscuanus
621 3645 1039 3711 HERIIANENSIS,
1086 3645 1176 3700 lib.
1213 3661 1292 3709 sl,
1320 3662 1437 3714 cap.
1469 3645 1524 3710 5,
1554 3663 1674 3717 pag.
1709 3646 1835 3711 760,
1868 3655 1994 3699 tom.
2029 3641 2092 3707 ll,
2130 3642 2264 3711 Opp.
2299 3640 2560 3696 Simone.
2594 3639 2717 3694 edit.
2750 3638 2923 3692 Paris.
2954 3634 3099 3693 1696.

146 3739 215 3794 Ex
256 3741 414 3795 dictis
462 3740 601 3793 beati
649 3739 1005 3808 Amphilochii
1060 3738 1354 3794 lconiensis
1397 3740 1631 3808 episcOpi
1740 3740 2129 3810 praeciperent,
2160 3739 2299 3791 sicut
2336 3737 2473 3790 libro
2503 3752 2555 3789 tv
2601 3734 3016 3788 memoravimus
3065 3735 3205 3799 (cap.
3240 3727 3297 3785 Ξ.

90 3831 242 3899 aliqua
276 3831 643 3899 proferemus,
684 3846 844 3899 quem
899 3841 953 3885 et
987 3829 1423 3899 sapientissimus
1470 3828 1635 3884 Joan-
1741 3847 1863 3900 pag.
1888 3831 2037 3895 521),
2077 3829 2193 3881 illos
2227 3827 2370 3881 solos
2395 3827 2653 3880 ecclesias
2689 3826 2907 3885 habere,
2937 3824 3025 3890 qui
3066 3837 3128 3873 ex
3162 3836 3298 3889 pm-

92 3925 544 3977 uesAntiochenus
581 3938 703 3977 cum
750 3922 997 3978 orientali
1041 3921 1270 3977 concilio
1318 3921 1633 3988 probatissi-
1740 3922 1867 3976 dicti
1916 3918 2086 3975 sancti
2128 3917 2485 3987 Amphilochii
2517 3926 2571 3970 et
2622 3916 2834 3968 Diodori
2882 3923 3042 3981 atque
3073 3913 3301 3967 aliorum

92 4030 217 4069 mllm
263 4019 531 4072 doctorem
575 4016 965 4087 pronuntiavit,
1008 4025 1061 4070 et
1100 4015 1449 4082 imperatores
1491 4014 1632 4069 Gra-
1742 4014 1999 4069 similium
2017 4012 2392 4067 couuuunioue
2420 4009 2665 4063 catholici
2694 4009 3070 4076 probarentur.

94 4107 251 4161 nanus
284 4117 336 4161 et
386 4106 556 4176 major
590 4106 923 4161 Theodosius
962 4105 1117 4158 talem
1147 4104 1543 4170 judicaverunt,
1576 4115 1633 4156 ut

1645 4199 1747 4258 VI.

177 4307 874 4370 COSIASINDICOPLEUSTES,
910 4303 1251 4373 T0pograph.
1282 4302 1509 4367 Christ.,
1541 4300 1640 4354 lib.
1672 4317 1769 4367 vn,
1805 4316 1923 4369 pag.
1951 4298 2077 4359 292,
2104 4307 2230 4349 tom.
2269 4293 2309 4347 ll
2349 4294 2572 4348 Collect.
2602 4272 2704 4346 PP.
2748 4290 2923 4346 ϐιαιο.
2961 4288 3247 4345 Montl‘auc.
3292 4268 3295 4273 Ι

158 4400 513 4468 ’Δμφιὶόχιος,
554 4398 852 4459 ἐπίσκοπος
887 4396 1179 4466 γενόμενος
1228 4393 1324 4447 τοῦ
1389 4393 1632 4454 Ἰκονίου,

90 4486 225 4553 951.0;
261 4491 350 4542 καὶ
385 4489 705 4551 κοινωνικὸς
742 4486 835 4539 τοῦ
872 4486 1141 4557 μακαρίου
1186 4485 1484 4547 Βασιλείου,
1540 4484 1636 4537 καὶ

92 4581 237 4643 αὐτὸς
266 4582 319 4634 ἐν
360 4583 474 4644 τοῖς
508 4579 646 4650 πρὸς
675 4579 934 4633 Σέλευκον
968 4577 1117 4649 αὐτῷ
1156 4578 1441 4649 γραφεῖσιν
1486 4576 1637 4647 Ίὰιμ⁶

91 4667 213 4733 ὃοις,
240 4688 289 4723 κ.
321 4689 372 4729 τ.
410 4671 461 4724 λ.

1810 4392 2217 4461 Amphilochius
2258 4387 2415 4440 Icuuii
2472 4385 2794 4455 episcopus,
2835 4384 3039 4437 amicus
3067 4393 3121 4436 et
3144 4380 3303 4436 ίειιιιίη

1744 4485 1891 4538 liaris
1926 4483 2068 4539 beati
2102 4480 2303 4544 Basilii,
2328 4478 2382 4533 in
2406 4477 2598 4532 lambis
2622 4475 2736 4532 suis
2759 4476 2825 4530 ad
2850 4474 3131 4531 Seleucum
3166 4474 3305 4529 seris

1746 4577 1869 4646 ptis,
1904 4582 2009 4628 etc.

1633 4754 1765 4814 VII.

485 4866 784 4922 (Ζοιεοιιιωι
812 4863 1069 4919 Νιελεκοιι
1100 4863 1164 4925 ll,
1197 4864 1315 4916 Act.
1356 4877 1409 4928 ν,
1441 4877 1564 4930 pag.
1603 4859 1629 4913 l

1740 4884 1764 4922 ι,
1798 4866 1923 4909 tom.
1961 4851 2075 4906 Vlll
2117 4850 2326 4907 Coneil.
2354 4851 2481 4907 edit.
2523 4846 2905 4905 Veneto-Lach.

160 4955 408 5029 Ταρὰσιος
436 4959 464 5010 ὁ
484 4956 784 5025 ἁγιώτατος
806 4954 1149 5024 πατριάρχης
1179 4948 1349 5006 εἶπενο
1391 4928 1630 5020 Ὀνπατὴε

1828 4942 2081 4997 Tarasius
2147 4941 2515 4995 sanctissimus
2567 4938 2872 5007 patriarcha
2922 4932 3100 4987 dixit:
3156 4928 3313 4984 Pater

103 5048 234 5116 ἡμῶν
260 5050 458 5117 eam
503 5046 847 5118 ’Δμφιλόχιος
887 5046 1061 5115 μέγας
1086 5044 1223 5109 ἐστὶ,
1245 5043 1355 5096 καὶ
1388 5041 1456 5095 τά
1497 5040 1643 5111 ἑξῆς.

1757 5044 1941 5091 noster
1974 5042 2193 5089 sanctus
2218 5032 2625 5102 Amphilochius
2666 5041 2889 5097 magnus
2919 5034 3035 5090 est,
3062 5034 3167 5079 etc.

1623 5133 1781 5192 VIII.

1305 5238 1563 5298 Puortus.
1596 5234 1851 5291 Biblioth.
1880 5232 1997 5285 cod.
2025 5246 2118 5285 LII.

172 5332 486 5407 ’Δνεγνώσθη
520 5333 760 5399 ’σύνοδος
786 5334 1051 5405 γενομένη
1082 5335 1138 5388 ἐν
1172 5334 1299 5403 Σίδῃ
1319 5372 1332 5394 ,
1364 5332 1505 5386 κατά
1543 5332 1641 5402 τῆς

107 5425 331 5496 αἱρέσεως
377 5430 487 5483 τῶν
538 5426 963 5491 Μεσσαλιανῶν,
1028 5428 1192 5498 ἤγουν
1235 5423 1479 5494 Εὑχιτῶν
1526 5423 1642 5492 ἦτοι

119 5518 459 5588 ’Δδελφιανῶν.
492 5518 722 5589 Ἐξῆρχε
764 5517 821 5570 δὲ
848 5517 948 5585 τῆς
995 5516 1211 5574 τυνόδου
1246 5514 1586 5584 Ἀμφιλόχιος
1615 5516 1644 5567 ὁ

104 5605 180 5657 τοῦ
209 5607 438 5675 Ἰκονίου,
467 5606 892 5677 συνεδρεύοντων
913 5605 1059 5677 αὐτῷ
1082 5607 1176 5660 καὶ
1205 5605 1405 5677 ἑτέρων
1432 5603 1645 5658 ἐπισκό-

104 5712 199 5752 πων
220 5706 307 5753 κε’.

1820 5328 1980 5382 Lecta
2026 5322 2261 5395 synodus
2313 5321 2455 5377 Sida:
2507 5320 2690 5377 habita
2751 5322 3012 5377 adversus
3066 5319 3316 5374 haeresim

1750 5416 2213 5478 Messalianorum,
2245 5414 2347 5470 hoc
2383 5422 2466 5469 est
2507 5413 2852 5468 Euchitarum
2891 5428 2984 5467 seu
3030 5411 3317 5480 Adelphia-

1750 5523 1966 5563 norum.
2011 5504 2235 5560 Prtefuit
2281 5505 2487 5576 synodo
2529 5504 2937 5573 Amphilochius
2980 5502 3142 5557 lcouii
3203 5499 3317 5568 epi-

1750 5616 1965 5669 scopus,
2018 5600 2419 5657 considentibus
2453 5609 2506 5654 et
2550 5598 2669 5655 aliis
2706 5597 2890 5668 viginti
2933 5596 3168 5666 quinque
3202 5590 3315 5663 cpi-

1752 5707 1948 5761 scopis.
