3796 6352
1716 322 2049 380 veranum
2090 294 2504 377 TESTIMONIA
3688 294 3748 341 π

1309 542 1541 598 Josuxas
1570 544 1819 597 Zomnss
1844 543 1913 595 ad
1934 557 2195 597 canonem
2226 555 2382 595 xxvn
2412 540 2627 595 concilii
2656 540 2912 609 Carthag.

1209 638 1363 705 Apud
1404 638 1751 693 Bavenactuu
1778 639 1835 691 in
1863 638 2063 693 Pandet

2167 652 2451 703 canonum,
2485 646 2609 690 tom.
2648 636 2708 697 ll,
2740 653 2858 704 pag.
2889 636 3010 691 549.

520 734 666 802 Quos
690 735 854 789 libros
879 734 1053 805 legere
1090 734 1144 787 in
1177 733 1407 787 ecclesia
1434 744 1698 803 oporteat,
1730 742 1783 786 et
1810 743 2019 801 postre-
2050 760 2063 795 λ

2194 731 2329 802 Περὶ⁸
2381 732 2474 784 τοῦ
2529 731 2652 784 τίνα
2720 731 2801 783 δεῖ
2852 730 3316 798 ἀναγινώσκεσθαι
3373 727 3558 799 βιϐλία
3636 722 3779 778 ἐπ’

451 844 576 883 mus
614 829 976 897 apostolorum
1002 841 1170 881 canon
1203 826 1408 889 statuit,
1434 855 1502 864 —-
1524 836 1577 879 et
1596 839 1820 893 magnus
1850 825 2020 877 Atha-

456 918 667 984 nasius,
701 919 790 985 qui
836 918 955 971 libri
996 918 1202 987 legendi
1233 919 1375 981 sint,
1406 931 1596 971 omnes
1638 924 1939 975 enumerat,
1967 924 2023 968 et

452 1024 678 1077 magnus
713 1008 1001 1080 Gregorius
1041 1009 1344 1079 Theologus
1388 1047 1407 1075 ,
1440 1019 1495 1064 et
1528 1015 1746 1063 sanctus
1793 1006 2020 1076 Amphi-

452 1098 683 1156 lochius.

2125 820 2427 891 ἐκκλησίᾳ,
2478 822 2573 873 καὶ
2605 821 2633 872 6
2667 820 2974 883 τελευταῖος
3026 820 3133 873 τῶν
3179 818 3558 872 ἁποστολικῶν
3613 834 3778 869 κα-

2133 913 2299 966 νόνων
2328 911 2701 982 διαλαμϐάνει,
2730 943 2799 952 —
2825 914 2919 965 καὶ
2950 913 2978 964 6
3006 912 3180 983 μέγας
3220 910 3543 973 Ἀθανάσιος
3611 908 3779 960 ἀπ-

2126 1004 2459 1074 αριθμεῖται,
2512 1004 2610 1057 ὅσα
2634 1003 2738 1075 χρὴ
2778 1003 3245 1072 ἀναγινώσκεσθαι
3290 1002 3503 1071 βιϐλία,
3539 1000 3663 1053 καὶ
3733 1000 3774 1049 ὁ

2126 1095 2298 1165 μέγας
2327 1095 2628 1166 Γρηγόριος
2656 1098 2683 1149 6
2711 1096 2989 1165 Θεολόγος,
3033 1094 3129 1149 καὶ
3163 1097 3191 1147 6
3232 1094 3387 1162 ἅγιος
3440 1089 3767 1165 Ἀμφιλὸ-

2122 1203 2258 1255 χιος.

1398 1272 1600 1328 Eadem
1630 1272 1799 1327 l'erme
1831 1271 1994 1326 habet
2031 1272 2067 1325 1.
2096 1290 2147 1328 c.
2181 1274 2499 1332 Theodorus
2525 1277 2834 1331 Balsamon.

2049 1366 2124 1425 Χ.

1409 1462 1877 1518 ΜΑιιτγιιοιοοιυιιι
1914 1463 2199 1532 Romanu,
2234 1468 2288 1521 d.
2327 1485 2459 1522 χχιιι
2494 1467 2818 1522 Novembris.

526 1557 693 1613 lconii
737 1559 789 1611 in
839 1557 1109 1630 Lycaonia
1146 1556 1318 1611 sancti
1353 1557 1713 1627 Amphilochii
1749 1557 2024 1624 episcopi,

456 1651 549 1720 qui
592 1660 897 1704 sanctorum
926 1650 1103 1703 Basilii
1136 1651 1313 1717 magni
1343 1661 1395 1701 et
1424 1648 1667 1715 Gregorii
1704 1647 2025 1701 Nazianzeni

461 1743 514 1795 in
540 1757 721 1796 eremo
758 1741 956 1805 socius,
993 1752 1047 1796 et
1071 1743 1122 1795 in
1150 1742 1457 1811 episcopatu
1479 1741 1702 1811 collega,
1725 1750 1843 1810 post
1866 1740 2027 1793 multa

2028 1836 2130 1896 XI.

2134 1563 2428 1616 certamina
2454 1577 2550 1631 pro
2577 1561 2840 1615 catholica
2874 1562 2978 1616 lide
3004 1570 3250 1632 suscepta
3280 1601 3294 1626 ,
3334 1560 3639 1615 sanctitate
3687 1568 3763 1616 et

2136 1652 2381 1709 doctrina
2411 1653 2588 1708 clarus
2609 1654 2812 1706 auievit
2839 1654 2889 1706 in
2923 1667 3071 1723 pace.

989 1936 1346 1993 Msnowctuu
1373 1937 1690 1993 Gamconuu
1711 1941 1868 2006 jussu
1896 1935 2081 1990 Basilii
2114 1937 2239 2005 imp.
2269 1936 2559 2002 confectum
2582 1939 2676 1990 sub
2707 1938 2790 1991 die
2824 1953 2913 1992 χιχ
2943 1935 3207 1990 Octobris.

1545 2029 1696 2084 Part.
1732 2046 1771 2095 ι,
1802 2047 1921 2099 pag.
1956 2031 2059 2083 127
2113 2030 2235 2084 edit.
2276 2028 2461 2083 Urbin.
2494 2030 2652 2083 1727.

466 2116 909 2172 Commemorntio
985 2120 1152 2172 sancti
1219 2123 1383 2183 pruris
1449 2122 1612 2174 nostri
1678 2120 2063 2189 Amphilochii‘

2167 2121 2349 2190 Ινήμη
2395 2120 2501 2174 τοῦ
2534 2120 2603 2173 ἐν
2645 2119 2835 2187 ἁγίοις
2868 2119 3089 2187 πατρὸς
3119 2116 3289 2190 ἡμῶν
3332 2116 3751 2185 ’Λμφιλοχίου

1023 2191 1247 2257 episcopi
1280 2192 1467 2243 Iconii.

536 2296 632 2350 Hic
677 2313 784 2350 non
822 2298 1063 2352 mortalis
1092 2300 1425 2369 cuiuspiam,
1461 2309 1770 2355 sanctorum
1815 2300 2035 2369 angelo-

468 2404 585 2441 rum
623 2389 867 2442 manibus
907 2389 1186 2444 ordinatus
1218 2392 1509 2462 episcopus
1535 2407 1549 2445 :
1579 2390 1879 2445 commilito
1908 2406 2037 2445 san~

466 2491 676 2533 ctorum
710 2480 954 2545 Patrum,
978 2482 1162 2535 Basilii
1197 2483 1399 2552 magni,
1428 2483 1674 2552 Gregorii
1699 2483 1955 2554 Theologi
1985 2493 2040 2537 et

468 2575 709 2643 Gregorii
760 2574 984 2644 Nysseni
1007 2615 1022 2636 ,
1054 2575 1314 2629 adversus
1349 2574 1534 2627 Arium
1568 2615 1584 2641 ,
1619 2574 1937 2629 Eunomium
1988 2586 2042 2628 et

468 2665 656 2717 horum
707 2665 909 2719 similes
938 2666 1221 2719 haareticos
1251 2666 1305 2719 in
1330 2666 1446 2720 acie
1476 2668 1645 2720 stetit.
1691 2667 1791 2733 Qui
1822 2682 1942 2722 cum
1975 2665 2040 2719 ad

470 2757 762 2815 Theodosii
797 2762 971 2829 magni
1024 2770 1264 2828 tempora
1303 2760 1556 2824 vixisset,
1600 2770 1762 2829 atque
1800 2760 1866 2813 ab
1895 2773 1960 2813 eo
1985 2770 2043 2814 ut

471 2862 745 2905 coerceret
804 2853 1128 2905 Arianorum
1195 2866 1428 2921 synaxes
1498 2850 1852 2918 postulasset;
1917 2860 2043 2904 tunc

468 2942 686 3010 quidem
740 2942 1413 3010 superseditﬁmperator,
1465 2941 1670 2995 veritus
1717 2956 1782 2995 ne
1843 2956 1905 2995 ea
1954 2957 2044 2996 res

472 3048 696 3103 magnos
724 3034 984 3088 excitaret
1005 3034 1279 3087 tumultus.
1307 3032 1413 3086 Sed
1453 3040 1639 3102 postea
1667 3047 1788 3087 cum
1813 3033 2042 3102 quadam

474 3129 538 3177 de
577 3140 737 3179 causa
793 3125 1169 3193 imperatorem
1235 3125 1598 3179 Theodosium
1675 3126 2042 3189 convenisset,

476 3213 728 3281 illumque
773 3214 981 3280 solum,
1039 3216 1269 3269 Arcadio
1308 3215 1415 3268 tilio
1450 3215 1538 3283 qui
1574 3229 1741 3284 prope
1777 3214 2047 3269 assidebat

475 3308 838 3373 praetermisso
864 3349 879 3375 ,
916 3310 1224 3375 adorasset;
1268 3320 1485 3379 rogatus
1517 3325 1676 3378 quam
1726 3310 1796 3365 ob
1839 3324 1951 3363 rem
1993 3310 2046 3363 id

477 3396 721 3459 faceret,
760 3399 1034 3466 respondit
1066 3418 1079 3454 :
1111 3400 1566 3466 Quemadmodum
1599 3410 1651 3454 tu
1679 3441 1694 3466 ,
1725 3401 2040 3470 imperator,

477 3485 693 3554 indigne
724 3486 852 3552 fers,
884 3489 925 3542 si
950 3505 1055 3544 non
1088 3489 1225 3542 idem
1259 3489 1400 3555 ﬁlio,
1441 3493 1530 3559 qui
1563 3491 1692 3555 tibi,
1726 3493 1898 3545 honor
1947 3491 2045 3543 ha-

480 3562 671 3659 ligatur
690 3617 705 3641 ,
732 3580 813 3633 sic
840 3589 895 3633 et
924 3580 1030 3635 Deo
1062 3580 1209 3635 Patri
1234 3580 1486 3648 iniuriam
1518 3582 1632 3636 ﬁeri
1663 3584 1821 3647 scito,
1849 3582 1893 3636 si
1922 3583 2043 3650 quis

482 3666 673 3721 Filium
705 3679 759 3722 et
800 3667 1035 3725 Verbum
1067 3672 1391 3726 contumelia
1424 3672 1603 3727 allicit.
1632 3672 1837 3739 Quibus
1862 3672 2043 3726 verbis

478 3770 753 3827 permotus
784 3761 1265 3831 imperator,]uxta
1307 3764 1405 3817 viri
1438 3764 1608 3818 sancti
1642 3764 1961 3818 sententiam
1985 3777 2048 3817 ac

480 3852 838 3917 voluntatem,
883 3869 994 3909 rem
1037 3855 1292 3909 confecit.
1337 3854 1491 3909 Hunc
1536 3865 1715 3909 autem
1746 3854 1798 3909 in
1832 3853 2045 3908 modum

482 3954 753 4001 transacta
780 3961 899 4000 cum
940 3946 1139 4016 pietate
1166 3947 1295 4011 vita,
1322 3948 1389 4001 ad
1422 3947 1709 4002 Dominum
1738 3946 2010 4015 migravit.

2588 2190 2922 2244 ἐπισκόπου
2980 2189 3246 2244 Ἰκονίου.

2206 2296 2371 2366 Οὗτος
2404 2304 2805 2375 προχειρίζεται
2835 2300 3128 2362 ἐπίσκοπος
3169 2298 3385 2351 Ἰκονίου
3414 2297 3501 2367 ὑφ’
3544 2298 3747 2365 ἁγίων

2137 2393 2405 2461 ἀγγέλων,
2440 2395 2539 2447 οὑκ
2581 2391 2927 2466 ἀνθρωπίνης
2961 2390 3173 2461 χειρόςο
3218 2388 3635 2456 συναγωνιστὴς
3677 2387 3745 2438 δὲ

2138 2486 2424 2554 γενόμενος
2449 2485 2557 2537 τῶν
2591 2486 2758 2553 ἁγίων
2790 2483 3069 2552 Πατέρων,
3102 2478 3381 2531 Βασιλείου
3411 2478 3503 2530 τοῦ
3538 2478 3743 2547 μεγά-

2139 2577 2254 2638 λου,
2295 2576 2596 2648 Γρηγορίου
2649 2574 2741 2627 τοῦ
2790 2573 3072 2641 Θεολόγου,
3129 2572 3223 2624 καὶ
3279 2571 3575 2641 Γρηγορίου
3629 2570 3742 2621 τοῦ

2140 2668 2380 2737 Νύσσης,
2429 2669 2570 2721 κατὰ
2614 2669 2720 2720 τῶν
2770 2666 3060 2738 αἱρετικῶν
3106 2665 3447 2735 παρετάξατο
3502 2664 3743 2734 Ἀρείου

2142 2763 2236 2814 καὶ
2273 2761 2538 2831 Εύνομίου
2577 2762 2670 2814 καὶ⁸
2705 2759 2811 2812 τῶν
2849 2759 3067 2829 ὁμοίων.
3109 2757 3399 2829 Παρετάθη
3432 2757 3487 2809 δὲ
3525 2759 3557 2827 ἡ
3606 2756 3739 2825 ζωὴ

2144 2852 2304 2905 αὑτοῦ
2341 2853 2499 2923 μέχρι
2538 2852 2815 2905 Θεοδοσίου
2854 2851 2946 2903 τοῦ
2986 2850 3251 2921 μεγάλου-
3298 2850 3355 2902 ὃν
3386 2849 3479 2902 καὶ
3514 2846 3738 2916 ἠξίωσε

2144 2943 2382 2996 κωλῦσαι
2412 2944 2520 2995 τῶν
2548 2942 2838 3014 Ἀρειανῶν
2864 2941 2962 3005 τὰς
3002 2943 3058 2994 ὲν
3086 2944 3203 3006 ταῖς
3235 2941 3418 2994 πόλεσι
3446 2939 3647 3002 συνάξε
3660 2956 3734 3001 ις.

2146 3036 2294 3105 Βαρὺ
2326 3035 2383 3087 δὲ
2408 3034 2728 3104 νομίσαντος
2757 3035 2913 3085 τοῦτο
2932 3032 3025 3086 τοῦ
3058 3032 3337 3103 βασιλέως,
3368 3031 3454 3084 διὰ
3487 3029 3586 3100 τὴν
3630 3048 3739 3081 τα-

2149 3127 2318 3198 ραχὴν
2341 3166 2355 3191 ,
2389 3126 2506 3178 τότε
2544 3126 2640 3195 μὲν
2680 3125 2970 3196 ἡσύχασεν.
3016 3126 3278 3193 ’Ὕστερον
3314 3123 3369 3175 δὲ
3408 3123 3549 3176 κατά
3599 3139 3738 3174 τινα

2147 3220 2334 3290 χρείαν
2355 3217 2609 3270 εἰσελθὼν
2631 3217 2765 3291 πρὸς
2791 3217 2882 3271 τὸν
2910 3216 3151 3286 βασιλέα,
3182 3216 3273 3269 καὶ
3298 3214 3387 3266 τὸν
3410 3212 3521 3265 υἱὸν
3552 3212 3736 3266 αὑτοῦ

2161 3310 2438 3383 Ἀρκάδιον
2477 3308 2597 3361 ἰδὼν
2645 3308 2723 3379 τῷ
2766 3309 2935 3380 πατρὶ
2984 3307 3428 3377 συγκαθήμενον,
3474 3306 3565 3357 τὸν
3624 3307 3735 3375 μὲν

2148 3399 2424 3453 Θεοδόσιον
2455 3398 2847 3470 προσεκύνησε,
2880 3398 2971 3450 τὸν
2999 3398 3054 3450 δὲ
3082 3397 3194 3449 υἱὸν
3227 3396 3488 3466 παρῆλθε.
3522 3394 3636 3446 Τοῦ
3674 3396 3733 3447 δὲ

2154 3489 2412 3560 βασιλέως
2433 3490 2696 3551 εἰπόντος·
2731 3489 2848 3541 Ἵνα
2875 3487 2926 3539 τί
2957 3488 3046 3539 τὸν
3066 3486 3180 3539 υἱόν
3212 3503 3310 3556 μου
3338 3485 3731 3555 παρέδραμες;

2149 3582 2248 3651 ἔφη
2271 3598 2283 3610 ·
2308 3579 2500 3644 Γνῶθι,
2531 3577 2771 3648 βασιλεῦ,
2801 3578 2881 3630 ὅτι
2913 3576 3100 3647 ὥσπερ
3119 3576 3182 3628 σὺ
3209 3574 3590 3644 ἠγανάκτησας
3632 3573 3733 3625 τοῦ

2147 3670 2263 3723 υἱοῦ
2291 3668 2797 3739 παραϐλεπομένου,
2832 3666 2974 3718 οὕτω
3016 3668 3110 3718 καὶ
3150 3668 3178 3719 6
3218 3666 3348 3728 Θεὸς
3381 3665 3474 3717 καί
3506 3663 3732 3734 Πατὴρ,

2146 3759 2240 3813 τοῦ
2276 3759 2406 3812 Υἱοῦ
2438 3761 2533 3811 καὶ
2574 3759 2746 3826 Λόγου
2788 3756 3164 3826 ὑϐριζομένου.
3207 3755 3368 3808 Ὅθεν
3418 3753 3667 3815 πεισθεὶς
3703 3754 3733 3803 6

2152 3849 2420 3919 βασιλεὺς,
2457 3849 2677 3919 εποίησε
2704 3848 2764 3900 τὸ
2800 3846 2891 3899 τοῦ
2925 3847 3078 3913 ἁγίου
3110 3845 3336 3915 θέλημα.
3365 3844 3519 3899 Οὕτω
3544 3844 3598 3896 δὲ
3634 3843 3733 3914 ζή-

2154 3960 2250 4005 σας
2292 3941 2550 4005 εύσεϐῶς,
2592 3941 2727 4011 πρὸς
2755 3939 2957 4011 Κύριον
2986 3938 3337 4009 ὲξεδήμησεν.

2023 4033 2153 4092 XI‘I.

1630 4132 1983 4188 MENOLOGIUM
2015 4135 2069 4187 d.
2104 4150 2238 4187 χχιιι
2268 4131 2605 4187 Novembris.

491 4246 750 4301 Memoria
803 4248 973 4300 sancti
1013 4248 1374 4318 patrisAnostri
1415 4247 1763 4318 Amphilochii
1827 4248 2051 4316 episcopi

1180 4315 1370 4371 Iconii.

556 4430 656 4486 Hic
692 4431 857 4502 gradu
910 4432 1057 4485 omni
1107 4432 1472 4487 ecclesiastico
1520 4447 1547 4485 a
1587 4432 1811 4503 juvenili
1854 4443 2048 4496 aetate,

490 4522 693 4575 alterna
731 4522 1027 4576 mutatione
1058 4530 1344 4591 provectus
1364 4561 1378 4584 .
1416 4524 1821 4591 monasticaque
1850 4524 2052 4578 exerci-

492 4612 694 4665 tatione
719 4623 773 4665 et
807 4598 985 4666 divina
1012 4613 1234 4667 scientia
1262 4612 1458 4677 clarus,
1494 4614 1766 4666 communi
1797 4611 2051 4681 suﬂragio

487 4702 641 4756 urbis
670 4702 831 4757 lconii
873 4704 1154 4772 episcopus
1190 4714 1404 4759 creatur
1437 4721 1451 4756 :
1497 4705 1825 4772 temporibus
1863 4703 2053 4757 Valen-

2155 4251 2372 4322 Μνήμη
2411 4250 2516 4303 τοῦ
2547 4250 2616 4305 ἐν
2650 4251 2837 4319 ἁγίοις
2868 4250 3087 4322 πατρὸς
3124 4248 3292 4322 ἡμῶν
3337 4248 3731 4316 Ἀμφιλοχίου

2609 4322 2942 4374 ἐπισκόπου
3002 4319 3263 4373 Ἰκονίου.

2224 4425 2390 4494 Οὗτος
2428 4431 2492 4482 ὲκ
2538 4432 2736 4500 νεαρᾶς
2765 4430 3014 4499 ἡλικίας,
3059 4429 3235 4481 πάντα
3283 4427 3486 4497 βαθμὸν
3527 4428 3729 4499 ἐκκλη-

2157 4522 2427 4574 σιαστικὸν
2469 4520 2848 4592 παραλλάξας,
2880 4521 2971 4573 καὶ
2999 4522 3227 4589 ἀσκήσει
3258 4519 3351 4571 καὶ
3382 4518 3500 4589 θείᾳ
3524 4518 3727 4585 γνώσει

2154 4612 2403 4681 λάμπων,
2440 4612 2605 4683 ψήφῳ
2644 4610 2734 4665 τοῦ
2773 4613 2951 4665 κοινοῦ
2997 4610 3398 4682 προχειρίζεται
3430 4609 3727 4672 ἐπίσκοπος

2157 4703 2255 4771 τῆς
2294 4703 2557 4756 Ἰκονιέων
2581 4703 2806 4764 πόλεως,
2835 4705 2891 4755 ὲν
2918 4705 3027 4765 τοῖς
3046 4702 3254 4772 χρόνοις
3284 4700 3728 4754 Οὑηαλεντινιανού

492 4794 684 4847 tiniani
715 4805 770 4848 et
804 4793 1042 4850 Valentis
1089 4796 1471 4865 imperatorum
1493 4839 1507 4861 ,
1554 4797 1661 4849 vita
1694 4796 1761 4849 ad
1808 4794 2052 4850 Theodo—

2167 4796 2251 4848 καὶ
2281 4795 2576 4858 Οὐάλεντος
2614 4795 2721 4847 τῶν
2751 4794 3046 4863 βασιλέων·
3104 4794 3431 4863 παρατείνας
3458 4792 3554 4863 τὴν
3582 4793 3728 4862 ζωὴν

490 4885 626 4938 sium
680 4900 849 4954 usque
913 4902 1160 4955 magnum
1217 4887 1596 4955 imperatorem
1645 4885 1867 4955 ejusque
1918 4885 2056 4941 ﬁlios

489 4978 784 5045 producta;
830 4976 1110 5046 factusque
1142 4977 1259 5032 ﬁdei
1288 4978 1614 5042 orthodoxae}
1638 4977 1843 5043 doctor,
1872 4989 2056 5031 contra

492 5070 748 5121 Arianam
774 5070 914 5122 luem
940 5086 1035 5123 ceu
1060 5072 1175 5124 acie
1204 5071 1461 5123 instructa
1491 5069 1716 5122 ﬁrmiter
1742 5071 2057 5134 consistens,

493 5158 690 5212 multas
744 5162 810 5213 ah
890 5162 1067 5229 impiis
1120 5162 1520 5229 persecutiones
1589 5160 2061 5230 lribulationesque

494 5253 767 5315 sustinuit,
803 5268 907 5305 una
940 5270 1060 5307 cum
1086 5254 1256 5308 beatis
1290 5253 1541 5307 Patribus
1565 5257 2059 5308 certamen'adver-

493 5358 586 5395 sus
611 5342 971 5412 blasphemias
1012 5344 1254 5398 Eunomii
1288 5347 1511 5399 habens.
1564 5344 1661 5398 Hic
1707 5346 1833 5398 item
1859 5385 1872 5405 ,
1925 5360 2062 5400 unus

494 5444 708 5487 centtnu
746 5436 955 5490 illorum
1001 5438 1385 5507 quinquaginta
1425 5439 1643 5491 Patrqu
1685 5439 1933 5491 secundae
1975 5451 2065 5506 sy-

500 5525 662 5588 nodi,
708 5526 991 5594 plurimum
1039 5528 1294 5582 adversus
1339 5528 1574 5597 Spiritus
1629 5529 1801 5582 sancti
1854 5529 2061 5581 hostem

502 5615 865 5671 Macedoniam
914 5619 1136 5687 Ariique
1182 5618 1475 5688 discipulos
1501 5618 1844 5686 depugnavit.
1874 5616 2060 5681 Porro,

501 5710 738 5776 potiente
770 5727 949 5767 rerum
998 5726 1191 5781 magno
1223 5711 1523 5768 Theodosio
1547 5752 1561 5777 ,
1611 5724 1927 5794 reversoque
1964 5709 2061 5763 Va-

2161 4886 2320 4956 μέχρι
2342 4886 2619 4938 Θεοδοσίου
2648 4885 2741 4937 τοῦ
2773 4884 3007 4954 μεγάλου
3039 4884 3320 4954 βασιλέως,
3350 4884 3443 4936 καὶ
3468 4884 3573 4935 τῶν
3595 4884 3728 4934 υἱῶν

2158 4978 2321 5031 αὐτοῦ
2343 4994 2357 5008 ·
2390 4978 2447 5040 ὃς
2470 4978 2562 5031 καὶ
2601 4976 2915 5040 διδάσκαλος
2944 4977 3041 5044 τῆς
3077 4976 3352 5048 ὀρθοδόξου
3382 4975 3614 5037 πίστεως
3638 4992 3727 5041 γε-

2157 5069 2349 5139 γονὼς,
2390 5071 2485 5123 καὶ
2523 5069 2662 5123 κατὰ
2694 5070 2793 5138 τῆς
2838 5070 3049 5141 Ἀρείου
3088 5068 3264 5138 λύμης
3305 5067 3542 5138 στερρῶς
3582 5068 3727 5118 ἀντι-

2158 5162 2478 5231 ταξάμενος,
2512 5162 2738 5224 πολλοὺς
2761 5162 3032 5231 διωγμοὺς
3064 5161 3157 5213 καὶ
3198 5158 3402 5226 θλίψεις
3430 5157 3727 5227 ὑπομείνας

2161 5254 2310 5324 παρὰ
2350 5254 2459 5305 τῶν
2486 5253 2728 5316 ἀσεϐῶν,
2775 5253 3177 5320 συναγωνιστὴς
3203 5250 3438 5318 γεγονὼς
3471 5250 3578 5302 τῶν
3623 5268 3727 5319 μα-

2164 5345 2367 5415 καρίων
2402 5344 2661 5415 ΙΙατὲρων
2710 5344 2848 5397 κατὰ
2893 5345 2993 5412 τῆς
3032 5344 3294 5412 Εὑνομίου
3346 5342 3753 5416 βλασφημίαν(

2161 5426 2315 5495 οὗτος
2341 5433 2433 5485 καὶ
2471 5432 2574 5484 τῶν
2599 5434 2653 5485 ἐν
2680 5435 2743 5503 τῇ
2771 5432 2996 5503 δευτέρα
3024 5432 3224 5501 συνόδῳ
3252 5429 3359 5482 τῶν
3382 5432 3571 5482 ἑκατὸν
3600 5447 3725 5480 πεν-

2162 5527 2395 5595 τήκοντα
2440 5525 2701 5595 Πατέρων
2736 5520 2816 5588 εἷς
2844 5525 3132 5594 ὑπάρχων,
3154 5522 3225 5574 τὰ
3263 5522 3487 5574 πλεῖστα
3535 5520 3727 5589 διηγω-

2164 5617 2347 5669 νίσατο
2390 5616 2530 5670 κατὰ
2573 5617 2905 5670 Μακεδονίου
2962 5617 3054 5667 τοῦ
3108 5613 3581 5685 πνευματομάχου,
3634 5613 3719 5663 καῖ

2165 5710 2269 5763 τῶν
2305 5710 2569 5776 φοιτητῶν
2614 5708 2820 5772 ’Λρείου
2840 5726 2852 5741 ο
2882 5707 3020 5761 κατὰ
3042 5706 3096 5759 δὲ
3129 5708 3187 5761 τὸ
3217 5709 3483 5776 κρατῆσαι
3510 5704 3606 5773 τῆς
3636 5703 3722 5772 βαι
