3796 6362
90 418 151 469 3;
1415 407 1503 462 DE
1544 407 1604 464 s.
1645 407 2139 465 AMPIIILOCHIO.
3158 454 3163 461 .
3296 412 3370 471 δι

79 534 280 591 emis;
310 528 608 580 Θεοδόσιον
639 527 727 579 τὸν
772 526 971 596 μέγαν,
1010 530 1102 581 καὶ
1131 530 1223 582 τὸν
1256 528 1373 581 νέον
1400 528 1689 582 Οὑαλεντι-
1720 544 1765 598 Α

1798 529 2092 583 Ientiniano
2115 528 2368 597 juniore,
2401 543 2523 583 cum
2559 534 2736 583 victor
2770 529 2888 599 ipse
2920 530 3169 586 rediisset
3196 576 3211 599 ,
3248 549 3378 606 snp-

80 625 249 679 νιιειὸν
276 622 637 692 κατατρέψαι
663 663 677 684 ,
728 621 824 673 καὶ
850 624 1149 693 νικήσαντα
1182 619 1515 682 ἐπανελθεῖν,
1546 622 1687 689 ἡντι-

80 720 215 770 εολει
262 718 291 767 6
341 716 531 785 μέγας
588 713 941 784 Ἀμφιλόχιος
984 714 1073 767 τὸν
1135 713 1359 783 βασιλέα
1406 713 1685 765 Θεοδόσιον

84 809 415 864 ἀπώσασθαι
476 808 597 870 τοὺς
664 808 1007 879 Ἀρειανοὺς,
1068 806 1163 858 καὶ
1213 808 1326 868 τοῖς
1383 804 1683 876 ὀρθοδόξοις

83 907 285 955 ἂνεῖνιι
315 902 426 962 τὰς
459 899 778 969 ἐκκλησίας.
823 898 977 951 Ἐπεὶ
1012 892 1105 951 οὖν
1166 898 1194 949 6
1252 896 1506 965 βασιλεὺς
1546 914 1687 967 παρ-

88 993 276 1059 τετείτο,
306 988 513 1056 ἐξεῦρε
566 989 819 1057 μηχανὴν
847 989 875 1040 ὁ
906 986 1205 1057 Θαυμάσιος
1231 1001 1243 1015 ’
1278 988 1371 1039 καὶ
1398 986 1685 1057 παρελθὼν

89 1088 161 1143 εἰς
197 1082 261 1132 τὰ
297 1080 600 1148 βασίλεια,
636 1080 726 1132 τὸν
766 1080 866 1149 μὲν
917 1079 1145 1149 βασιλέα
1189 1078 1465 1132 Θεοδόσιον
1504 1080 1683 1147 ἠσπά-

94 1189 229 1230 σατο,
258 1172 352 1222 τὸν
385 1171 451 1222 δὲ
493 1171 609 1223 υἱον
639 1169 804 1222 αὐτοῦ
853 1169 1150 1239 Ἀρκάδων,
1185 1168 1498 1222 καταλιπὼν
1529 1171 1683 1238 ὑφει-

93 1268 273 1333 μένως,
306 1265 417 1314 οὐκ
453 1263 778 1333 ἠσπάσαθ’
826 1263 921 1313 καὶ
951 1260 1108 1313 τοῦτο
1154 1263 1182 1313 ὁ
1214 1260 1464 1330 βασιλεὺς
1498 1262 1685 1331 δυσχε-

98 1358 265 1424 pira,
292 1355 522 1407 οἰκείαν
550 1354 710 1424 ῦὸριν
744 1353 933 1405 ἐκάλει
963 1353 1061 1423 τὴν
1096 1351 1185 1406 τοῦ
1217 1352 1405 1414 παιδὸς
1441 1354 1567 1422 παρ’
1596 1352 1687 1405 αὐ-

96 1448 171 1499 τοῦ
198 1448 434 1514 ἀτιμίαν
456 1464 471 1475 ·
509 1449 537 1498 6
580 1446 640 1498 δὲ
674 1444 965 1515 σοφώτατα
1011 1444 1341 1497 ὲκκαλύπτει
1382 1445 1440 1497 τὸ
1477 1445 1681 1515 δρᾶμα,

94 1538 170 1587 ui
198 1553 393 1605 φησιν’
443 1537 634 1607 Ὁρᾷς,
668 1530 714 1588 ὦ
746 1535 992 1606 βασιλεῦ,
1023 1535 1137 1598 πῶς
1163 1536 1222 1587 οῦ
1256 1535 1440 1605 φέρεις
1489 1537 1553 1587 σὺ
1585 1535 1684 1606 τὴν

94 1631 174 1682 τοῦ
226 1630 425 1691 παιδὸς
474 1628 730 1698 ἀτιμίαν,
779 1628 918 1681 ἀλλὰ
958 1626 1337 1697 χαλεπαίνεις;
1392 1626 1684 1677 Πίστευσον

93 1718 191 1779 οὖν,
215 1721 296 1771 ὅτι
327 1720 433 1771 καὶ
462 1721 594 1782 τοὺς
624 1718 715 1771 τὸν
746 1719 874 1771 Υἱὸν
907 1717 999 1771 τοῦ
1040 1715 1174 1768 Θεοῦ
1207 1714 1680 1785 βλασφημοῦντας,

97 1814 277 1881 ὁμοίως
308 1813 406 1863 καὶ
430 1815 461 1864 6
492 1812 630 1874 Θεὸς
658 1809 1062 1881 ἀποστρέφεται
1086 1807 1179 1859 καὶ
1209 1809 1374 1877 μισεῖ.
1398 1805 1528 1858 Τότε
1560 1823 1684 1858 συν-

1794 620 2030 689 plicabat
2078 636 2306 691 magnus
2354 620 2763 688 Amphilochius
2799 631 2856 674 ut
2888 620 3225 679 Theodosius
3266 626 3371 681 im-

1794 721 2033 783 perator,
2086 713 2252 782 pulsis
2304 710 2553 775 Arianis,
2599 710 2859 766 ecclesias
2886 713 3204 769 orthodoxis
3249 731 3373 785 per-

1793 807 2049 859 mitteret.
2098 805 2363 859 Caeterum
2412 819 2476 859 eo
2534 814 2825 868 renuente,
2886 805 2969 859 vir
3030 807 3371 863 admirabilis

1793 897 1987 953 subtile
2026 898 2152 967 quid
2183 896 2475 951 adinvenit.
2510 895 2789 951 Accedens
2820 897 3003 966 itaque
3028 899 3094 952 ad
3136 901 3360 969 regiam,

1796 990 2162 1045 Theodosium
2221 988 2436 1058 quidem
2482 988 2860 1057 imperatorem
2910 990 3196 1057 salutavit;
3250 993 3367 1062 ejus

1793 1097 1922 1136 vero
1957 1081 2123 1134 tilium
2156 1079 2468 1147 Arcadium,
2506 1079 2699 1133 cessim
2733 1080 3062 1150 relinquens,
3091 1098 3194 1137 non
3221 1084 3368 1138 Salu-

1804 1172 1953 1225 tavit.
1992 1171 2121 1224 Eam
2154 1186 2265 1225 rem
2302 1170 2525 1224 moleste
2554 1168 2733 1224 ferens
2773 1172 3084 1238 imperator,
3118 1184 3368 1243 negatum

1794 1264 1902 1318 lilio
1935 1265 2191 1318 honorem
2214 1301 2231 1328 ,
2263 1277 2415 1315 suam
2451 1262 2619 1331 ipsius
2649 1263 2879 1317 vocabat
2915 1264 3187 1331 injuriam.
3231 1265 3367 1319 Tum

1794 1354 1881 1407 ille
1914 1353 2315 1423 sapientissime
2362 1353 2564 1422 detegit
2594 1353 2859 1420 fabulam,
2903 1355 3122 1423 aitque:
3157 1356 3364 1421 Viden‘,

1793 1446 2114 1515 imperator,
2152 1453 2207 1498 ut
2236 1445 2350 1514 ipse
2387 1444 2482 1498 ﬁlii
2533 1445 3004 1499 inhonoratinnem
3044 1461 3150 1499 non
3186 1445 3364 1512 feras,

1791 1538 1885 1591 sed
1940 1535 2286 1605 indigneris?
2334 1533 2544 1590 Habeas
2607 1549 2735 1605 ergo
2800 1550 3115 1605 persuasum
3179 1540 3365 1591 eadem

1794 1629 1959 1685 Deum
2013 1629 2223 1683 ratione
2267 1629 2613 1697 blasphemus
2656 1629 2709 1683 in
2753 1629 2847 1684 Dei
2894 1629 3088 1684 Filium
3128 1634 3365 1686 aversari

1792 1732 1845 1776 et
1876 1721 2077 1777 odisse.
2125 1719 2277 1775 Tunc
2312 1720 2627 1789 imperator,
2676 1736 2789 1776 rem
2824 1721 3128 1792 intelligens
3156 1762 3171 1786 ,
3219 1723 3371 1792 leges

1792 1815 2147 1884 conscripsit,
2178 1812 2373 1883 quibus
2405 1813 2783 1867 haereticorum
2812 1825 3108 1867 conventus
3139 1824 3365 1867 vetaret.

96 1907 165 1967 si;
206 1908 233 1956 6
274 1904 543 1973 βασιλεὺς
567 1945 582 1967 ,
614 1905 813 1973 νόμους
852 1901 1057 1972 ἔγραψε
1088 1899 1214 1961 τοὺς
1252 1900 1360 1951 τῶν
1398 1898 1690 1968 αἱρετικῶν
1725 1904 1763 1962 Β

1798 1907 1893 1961 Hic
1922 1909 2003 1960 vir
2030 1906 2321 1976 praeclarus
2353 1904 2441 1959 ubi
2485 1920 2655 1959 annos
2704 1904 2900 1961 multos
2925 1905 3124 1983 Christi
3151 1921 3366 1976 gregem

104 1997 370 2063 σδωτους
420 1995 764 2057 κωλύοντας.
817 1988 983 2055 Οὗτος
1032 1995 1060 2045 ὁ
1093 1991 1335 2061 ἀοίδιμος
1378 1990 1539 2061 ἀνὴρ.
1589 1991 1682 2043 ἐπὶ

102 2088 347 2151 πλείστοις
374 2088 602 2159 χρόνοις
628 2085 904 2156 ποιμάνας
936 2084 997 2137 τὸ
1018 2083 1111 2137 τοῦ
1139 2082 1376 2153 Χριστοῦ
1408 2082 1680 2151 ποίμνιον,

104 2183 184 2232 καὶ
212 2181 401 2247 λόγους
436 2178 764 2250 ὀρϐοόὀξους
800 2176 1082 2243 συντάξας,
1112 2175 1204 2228 καὶ
1234 2177 1315 2240 εις
1344 2173 1481 2246 βαθὺ
1510 2174 1685 2245 γῆρας

102 2268 304 2331 9.131;,
341 2272 401 2321 ἐν
434 2271 640 2342 εἰρήνῃ
683 2267 1048 2321 ἀνεπαύσατο.

1789 1999 2045 2067 pavisset,
2082 1997 2354 2067 librosque
2386 1998 2703 2052 orthodoxa:
2740 2000 3000 2055 doctrina:
3030 1999 3369 2070 composuis-

1790 2099 1895 2159 set,
1931 2089 2037 2145 alta
2068 2098 2347 2147 senectute
2366 2090 2569 2161 quievit
2600 2090 2656 2145 in
2686 2105 2840 2161 pace.

1644 2422 1805 2481 XHI.

622 2546 981 2603 MENOLOGIU!
1022 2546 1337 2603 anconuu
1363 2547 1462 2601 sub
1500 2548 1687 2602 eadem
1717 2548 1824 2609 die,
1856 2563 1920 2601 ea:
1943 2548 2374 2615 interpretatione
2400 2547 2686 2599 cardinaiis
2714 2548 2919 2602 Sirleti.

1020 2665 1105 2720 Ea:
1137 2667 1423 2720 Tnssauno
1450 2665 1738 2721 CANISIA‘NO
1774 2677 1899 2719 tom.
1934 2664 2021 2727 Ill,
2053 2674 2193 2732 part.
2222 2680 2263 2730 ι,
2293 2681 2413 2733 pug.
2444 2663 2568 2719 490.

172 2787 359 2843 Natalis
400 2788 463 2843 S.
502 2787 573 2843 P.
605 2787 673 2841 Ν.
738 2787 1105 2857 Amphilochii
1166 2787 1402 2856 episcopi
1462 2786 1668 2849 lconii,

114 2880 197 2932 sub
241 2882 555 2937 Theodosio
600 2882 933 2950 imperatore
988 2895 1210 2949 magno,
1251 2879 1337 2933 vir
1374 2878 1679 2933 divinarum

119 2972 383 3026 litterarum
426 2973 631 3042 peritia
686 2982 741 3025 et
785 2973 1072 3025 sanctitate
1111 2972 1267 3035 vitae,
1310 2986 1375 3024 ac
1426 2979 1589 3025 rectae
1630 2977 1684 3021 et

116 3062 361 3117 catholicae
414 3062 552 3117 ﬁdei
593 3061 911 3117 sinceritate
951 3061 1215 3131 insignis,
1259 3059 1447 3115 Basilii
1501 3060 1684 3129 magni

1792 2786 2029 2840 amicitia
2059 2794 2113 2840 et
2147 2784 2459 2839 testimonio
2485 2783 2916 2838 commendatus.
2951 2781 3049 2838 llic
3079 2782 3245 2837 libros
3267 2795 3363 2836 or-

1792 2877 2085 2932 thodoxam
2123 2874 2281 2929 ﬁdem
2311 2872 2650 2929 continentes
2675 2874 3021 2942 conscripsit,
3048 2883 3102 2927 et
3124 2874 3191 2928 ad
3216 2887 3367 2928 sum-

1790 2984 1935 3024 mam
1974 2975 2311 3025 senectutem
2349 2976 2640 3037 provectus
2672 2966 2723 3020 in
2750 2981 2882 3036 pace
2912 2967 3137 3036 quievit.

1642 3215 1799 3277 XIV.

478 3342 575 3396 Ex
598 3344 951 3399 Amnowcto
973 3343 1314 3407 Gaz-:conuu,
1343 3359 1476 3397 χχιιι
1509 3341 1780 3396 Novembr:

1798 3357 1842 3405 ε,
1874 3339 2002 3393 edit.
2036 3338 2207 3394 (ἕνα.
2238 3336 2378 3392 1756
2408 3334 2718 3398 (Romana),
2756 3349 2876 3403 pag.
2907 3332 3039 3388 σνθ’.

174 3480 265 3532 Τοῦ
304 3482 359 3532 ὲν
403 3480 593 3548 ἁγίοις
626 3479 834 3551 πατρὸς
869 3480 1027 3552 ἡμῶν
1088 3480 1438 3553 Ἀμφιλοχίου
1473 3479 1684 3532 ὲπισκὸ-
1713 3483 1760 3545 ς

1865 3476 2045 3532 Sancti
2102 3473 2272 3545 patris
2321 3472 2490 3528 nostri
2536 3469 2895 3539 Amphilochii
2940 3468 3177 3539 episcopi
3245 3468 3364 3525 Ico-

120 3588 205 3624 mu
244 3574 460 3626 Ἰκονίου
471 3615 485 3627 .

723 3663 1071 3719 Κοντεὶκιον.

187 3758 244 3811 Ἠ
272 3759 388 3812 θεία
429 3758 669 3828 βροντή·
706 3758 741 3828 ἡ
790 3756 1024 3825 σάλπιγξ
1061 3756 1155 3810 τοῦ
1202 3755 1552 3826 Πνεῦματοςο
1592 3773 1685 3806 πι-

126 3848 239 3900 στῶν
264 3851 536 3922 φυτουργέ
557 3868 573 3879 ·
604 3849 703 3903 καὶ
731 3849 963 3912 πέλεκυς
993 3848 1100 3901 τῶν
1126 3846 1391 3917 αἱρέσεων
1411 3863 1425 3875 ·
1457 3845 1685 3917 ἱεράρχα

135 3939 419 4011 ’Δμφιλὸχιε
441 3960 457 3972 ·
500 3941 607 4011 τῆς
640 3938 872 4010 Τριάδος
904 3938 1159 4009 θεράπων
1198 3939 1226 3989 ὁ
1262 3936 1550 4007 μέγιστοςυ
1588 3935 1685 3986 σὺν

128 4030 349 4097 ἀγγέλοις
390 4034 572 4086 πέλων
622 4032 742 4086 ἀεί·
796 4028 1115 4102 πρεσϐεύων
1177 4027 1250 4099 μὴ
1304 4026 1490 4100 παύσῃ
1545 4026 1684 4096 ὑπὲρ

129 4115 316 4171 αὼιτων
347 4120 525 4190 ἡμῶν.

1794 3568 2021 3623 niensis.

2333 3653 2575 3724 Hymnus
2588 3669 2815 3727 .parvus.

1863 3748 1907 3804 Ο
1958 3746 2195 3803 divinum
2254 3745 2491 3807 tonitru;
2542 3758 2575 3798 ο
2625 3742 2749 3795 tuba
2810 3740 3079 3809 Spiritus;
3125 3739 3362 3795 ﬁdelium

1790 3839 2099 3909 plantator;
2126 3846 2178 3892 et
2203 3835 2407 3890 securis
2431 3834 2841 3898 haereticorum;
2873 3832 3111 3901 pontifex
3142 3832 3366 3900 Amphi-

1787 3932 1964 4000 lochi;
2013 3930 2295 3985 Trinitatis
2353 3929 2596 3983 minister
2648 3927 2922 3991 maxime;
2979 3942 3100 3979 cum
3147 3923 3357 3994 angelis

1786 4026 2054 4081 exsistens
2100 4037 2353 4093 semper;
2406 4022 2736 4077 intercessor
2784 4034 2849 4074 ne
2895 4032 3075 4074 cesses
3104 4032 3222 4073 esse
3267 4031 3366 4087 pro

1788 4115 2038 4171 omnibus
2066 4112 2243 4168 nobis.

1668 4288 1873 4344 Ιιιιοειι.

774 4414 994 4482 Στίχοι.

134 4502 340 4569 Σταλέις,
385 4506 707 4576 Ἀμφιλόχιε
727 4546 742 4567 ,
778 4504 986 4576 νεκρῶν
1017 4504 1258 4575 ἀμφίοις,

135 4593 305 4660 Δόχονς
334 4597 633 4662 σκεδὰζεις,
664 4597 757 4649 καὶ
790 4597 979 4668 νεκρὸς
1004 4595 1309 4665 νοούμενος.

137 4679 374 4739 Εἰκὰδιὲν
402 4696 635 4760 τριτάτῃ
683 4687 911 4750 Θάνατος
972 4684 1135 4739 λάϐεν
1184 4684 1552 4756 Ἀμφιλὸχιον.

2475 4407 2687 4463 Versus.

1792 4499 2033 4565 lndutus,
2078 4498 2444 4569 Amphilochi,
2481 4511 2817 4555 mortuorum
2841 4498 3043 4564 linteis,

1789 4590 2140 4646 lnsidiantum
2165 4592 2378 4663 agmina
2405 4593 2660 4661 dissipas,
2688 4592 2769 4647 vel
2792 4601 3037 4646 mortuus
3059 4595 3361 4660 reputatus.

1794 4682 1889 4737 Die
1919 4682 2175 4755 vicesima
2204 4683 2362 4737 tertia
2387 4698 2534 4738 mors
2568 4683 2713 4752 cepit
2738 4680 3198 4753 Amphilochium.
