3796 6302
763 510 1482 545 W

1491 517 1864 531 Μ

1366 361 1423 413 S.
1469 349 1909 412 AMPIIILOCHII
1950 341 2333 403 lCONIENSlS
2370 338 2677 397 EPISCOPI

1490 484 3336 518 Μ

1866 511 2210 525 _._____—.———

1535 672 1673 726 ΤΟΥ
1700 668 1791 723 EN
1814 669 2034 722 ΑΓΙΟΙΣ
2057 665 2325 722 ΠΑΤΡΟΣ
2356 663 2549 717 ΗΜΩΝ

1054 842 1764 937 ΛΜΦΙΛΟΧΙΟΥ
1818 834 2483 926 ΕΠΙΣΚΟΠΟΥ
2555 831 3028 919 ΙΚΟΝΙΟΥ

1260 1033 1769 1153 ΛΟΓΟΙ·
1806 1032 2081 1145 ΚΑΙ
2141 1020 2796 1144 ΟΜΙΛΙΑΙ.
3085 1014 3089 1018 ’

1224 1428 1352 1554 S.
1423 1424 1558 1546 P.
1626 1424 1770 1545 N.
1839 1413 2887 1544 AMPHILOCHII

1816 1657 2119 1715 EPISCOPI
2158 1654 2360 1711 ICONII

1421 1832 2003 1914 ORATIONES
2044 1831 2175 1909 ET
2221 1830 2480 1908 HOMI
2498 1827 2718 1905 LIIE.

2009 1994 2095 2025 l—

1064 2150 1320 2209 ORA'l'lO
1358 2152 1399 2207 Ι.

586 2246 655 2302 In
701 2246 941 2299 natalitia
968 2250 1143 2315 magni
1174 2245 1267 2298 Dei
1306 2257 1353 2298 et
1391 2244 1677 2301 Saluatoris
1709 2247 1873 2300 nostri

997 2315 1123 2368 Jesu
1177 2316 1375 2369 Christi
1396 2316 1459 2368 ”.

519 2406 560 2461 ι.
593 2405 814 2460 Videtur
844 2404 999 2475 plane
1030 2413 1237 2473 pratum
1268 2406 1365 2457 hoc
1392 2404 1668 2472 spirituale
1690 2413 1744 2459 et
1781 2404 2017 2473 splendi-

2044 2164 2093 2221 A

2745 2146 2961 2200 ΛΟΓΟΣ
2997 2147 3074 2197 A'.

2118 2248 2223 2311 Είς
2258 2244 2332 2298 τὰ
2369 2241 2639 2315 γενέθλια
2678 2239 2784 2315 {of}
2805 2236 3103 2315 __pe;1i.lo_z_»
3146 2233 3306 2315 Θεοῦ.
3332 2234 3428 2287 καί
3485 2230 3697 2304 Σωτῆ-

2456 2329 2567 2379 pec
2598 2308 2762 2378 ἡμῶν
2805 2308 3006 2375 Ἰησοὺ
3052 2308 3331 2373 Χριστοῦ.

2187 2409 2265 2461 A'.
2313 2406 2370 2458 '0
2407 2405 2505 2475 μὲν
2534 2402 2894 2473 πνευματικὸς
2917 2391 3068 2461 οὗτος
3084 2398 3176 2450 καὶ
3195 2396 3443 2467 λαμπρὸς
3461 2395 3692 2465 λειμὼν,

452 2498 600 2560 dum,
624 2496 921 2551 caelestium
957 2495 1146 2549 ﬂorum
1178 2505 1458 2548 venustate
1486 2495 1689 2547 varium
1716 2494 1867 2560 illud,
1895 2509 2022 2563 apo-

2141 2519 2147 2549 ι
2194 2497 2272 2568 τῷ
2314 2497 2421 2549 τῶν
2469 2493 2731 2565 οὐρανίων
2772 2491 2947 2544 ἀνθῶν
3004 2488 3188 2542 κάλλει
3247 2486 3695 2557 πεποικιλμένος,

452 2588 766 2655 stolicisque
791 2601 855 2640 ac
899 2585 1221 2653 incorruptis
1270 2584 1584 2639 Suaveolens
1626 2585 1903 2650 odoribus,
1937 2588 2021 2642 di-

458 2680 570 2735 vini
600 2678 830 2747 paradisi
868 2676 1123 2746 praeferre
1152 2686 1355 2746 typum.
1391 2676 1848 2741 Quemadmodum
1874 2678 2017 2731 enim

453 2771 670 2840 tripudii
705 2783 978 2836 ovansque
1021 2767 1109 2821 ille
1142 2768 1323 2821 sensui
1357 2765 1630 2834 subjectus
1671 2777 1833 2837 atque
1885 2768 2022 2822 mala

454 2863 600 2915 υιιιιιί
630 2877 761 2914 aura
794 2875 993 2913 vacuus
1022 2860 1199 2924 locus;
1232 2859 1513 2912 arboribus
1544 2857 1897 2928 incorruptis,
1923 2861 2027 2912 im-

460 2954 886 3020 mnrtalihusque
927 2952 1208 3012 fructibus,
1265 2964 1328 3003 ac
1381 2950 1859 3005 innumerabilibus
1905 2950 2027 3004 aliis

460 3060 713 3114 perquam
742 3042 1039 3113 magniﬁcis
1069 3042 1357 3096 decoratur
1385 3042 1718 3097 ornamentis
1750 3061 1763 3096 :
1796 3042 1865 3096 ita
1899 3058 2028 3097 sane

460 3138 513 3181 et
544 3128 910 3181 divinissimus
967 3127 1478 3196 sacratissimusque
1514 3126 1763 3181 Ecclesiae
1795 3142 2027 3181 conven-

465 3233 570 3282 tus,
607 3218 976 3289 spiritualibus
1026 3220 1347 3287 arcanisque
1392 3219 1649 3274 illustrius
1699 3220 2029 3288 splendescit

462 3310 855 3363 sacramentis:
892 3324 1120 3378 quorum
1154 3311 1306 3363 nobis
1332 3323 1614 3363 sacrorum
1648 3311 1803 3364 hodie
1830 3310 2029 3365 Christi

2121 2592 2216 2644 καὶ
2279 2592 2396 2652 ταῖς
2447 2587 2828 2647 ἀποστολικαῖς
2902 2584 2996 2636 καὶ
3058 2582 3345 2651 ἁχράντοις
3400 2578 3698 2643 εὐοδιάζων

2122 2682 2442 2750 ἀποφοραῖς,
2486 2677 2650 2729 τύπον
2697 2676 2838 2744 ἒχειν
2881 2671 2975 2726 τοῦ
3029 2670 3173 2724 θείου
3218 2668 3541 2739 παραδείσου
3599 2684 3700 2737 μοι

2125 2772 2391 2841 φαίνεται.
2420 2771 2515 2821 Ὃν
2534 2767 2641 2837 γὰρ
2664 2767 2859 2836 τρόπον
2879 2764 2908 2814 ὁ
2930 2762 3183 2830 αἰσθητὸς
3206 2762 3407 2820 ἐκεῖνος
3435 2758 3526 2810 καὶ
3550 2757 3699 2828 ἀκή-

2130 2879 2286 2935 ρατος
2318 2861 2475 2931 χορὸς
2511 2860 2609 2929 (1),
2650 2856 2918 2927 δένδρεσιν
2960 2853 3278 2923 ἀφθάρτοις,
3324 2852 3417 2902 καὶ
3461 2851 3702 2920 καρποῖς

2126 2953 2433 3014 ἀθανάτοις,
2458 2950 2553 3004 καὶ
2576 2948 2791 3020 μυρίοις
2820 2945 2997 3009 ἄλλοις
3028 2944 3437 3016 ὑπερλάμπροις
3470 2942 3703 3011 φαιδρύ-

2127 3061 2273 3097 νεται
2312 3042 2591 3096 κάλλεσιν*
2625 3038 2765 3091 οὕτω
2813 3037 2877 3108 δὴ
2922 3036 3017 3088 καί
3056 3028 3209 3097 οὗτος
3237 3035 3265 3086 ὁ
3296 3033 3701 3095 θεοειδέστατος

2126 3136 2225 3205 τῆς
2281 3131 2780 3205 ίεροπρεπεστὰτης
2836 3126 3160 3197 Ἐκκλησίας
3216 3125 3437 3190 θίασος,
3487 3126 3703 3192 νοητοῖς

2128 3230 2221 3281 κα.)⁵
2253 3226 2514 3299 ἀρρήτοις
2542 3219 3061 3292 καταλαμπρύνεται
3094 3218 3434 3289 μυστηρίοις,
3459 3210 3533 3269 ὧν
3560 3232 3704 3285 κρη-

2129 3318 2224 3381 πὶς
2254 3320 2385 3389 ἡμῖν
2409 3314 2674 3386 ἀρραγὴς,
2704 3313 2797 3366 καὶ
2824 3311 3070 3382 θεμέλιος
3094 3310 3399 3379 ἁστεμφὴς,
3431 3308 3526 3361 καλ⁸
3554 3308 3703 3377 ἁρχὴ

467 3401 574 3454 veri
593 3399 682 3453 Dei
712 3400 875 3454 nostri
902 3400 1265 3454 natalitiorum
1296 3399 1429 3455 festa
1462 3400 1600 3468 dies,
1625 3402 1791 3455 solida
1814 3403 2031 3471 crepido

2141 3409 2416 3480 σωτήριος,
2447 3406 2539 3457 καὶ
2563 3403 2775 3475 κορυφὴ
2805 3401 3231 3471 πανσεϐἀσμιος,
3263 3402 3295 3469 ἡ
3329 3399 3565 3470 σήμερον
3594 3398 3705 3449 τῶν

464 3503 547 3547 est
575 3492 1090 3561 fundamentumque
1123 3491 1421 3549 ἰιιιιιιοιυιιι.
1459 3504 1514 3546 et
1555 3493 1771 3548 salubre
1821 3494 2030 3548 initium

2141 3501 2303 3569 ἁγίων
2341 3496 2575 3569 Χριστοῦ
2623 3494 2716 3548 τοῦ
2764 3492 3019 3565 ἀληθινοῦ
3064 3492 3198 3545 Θεοῦ
3231 3490 3387 3561 ἡμῶν
3412 3488 3707 3558 γενεθλίων

465 3600 527 3638 ac
557 3584 714 3653 plane
737 3594 993 3652 augustos
1028 3593 1211 3637 vertex
1248 3601 1263 3639 :
1297 3594 1515 3653 propter
1551 3599 1710 3653 quant
1762 3593 1816 3638 et
1852 3595 2034 3638 vetera

468 3676 693 3744 ﬁgurate
720 3675 1035 3743 prophetata
1072 3669 1217 3741 s'unt,
1252 3683 1304 3728 et
1344 3689 1479 3728 nova
1522 3674 1573 3727 in
1620 3682 1734 3728 toto
1769 3683 2033 3729 terrarum

466 3770 597 3821 urbe
640 3766 813 3835 palam
865 3766 1191 3833 praedicata:
1224 3780 1320 3835 per
1368 3781 1526 3834 quam
1561 3766 1755 3820 cmlum
1790 3776 2034 3837 apertum

465 3866 571 3919 est.
609 3866 859 3925 terraque
908 3855 973 3909 ad
1005 3855 1239 3910 divinam
1287 3856 1426 3911 elata
1478 3857 1848 3913 celsitudinem
1895 3872 2038 3926 :per

468 3965 627 4019 quam
662 3952 937 4018 paradisus
955 3965 1247 4005 concessus
1267 3961 1351 4004 est
1384 3951 1710 4012 hominibus,
1740 3951 2037 4018 mortisque

471 4049 706 4107 potestas
727 4039 921 4092 abolita
955 4054 971 4092 :
998 4054 1093 4108 per
1120 4055 1281 4109 quam
1311 4041 1389 4095 vis
1416 4040 1775 4109 corruptionis
1804 4050 1887 4095 est
1908 4054 2040 4093 cou-

471 4126 700 4191 eulcata,
725 4129 1165 4197 perniciosusque
1194 4129 1387 4183 diaboli
1416 4129 1592 4183 cultus
1617 4128 1857 4183 sublatus
1883 4147 1895 4182 :
1934 4144 2029 4196 per

470 4234 631 4288 quam
680 4220 908 4272 humana
958 4220 1084 4272 vitia
1127 4220 1449 4274 mortitlcata
1507 4228 1652 4281 sunt,
1704 4220 2037 4289 angelicique

473 4311 690 4364 dominii
721 4312 998 4379 designata
1030 4312 1152 4363 vita:
1186 4311 1358 4364 ratio:
1397 4326 1491 4379 per
1525 4326 1686 4380 quam
1721 4311 1931 4379 fugatus
1955 4320 2039 4365 est

472 4417 625 4456 error
664 4401 991 4465 daemonum,
1035 4404 1234 4471 Deique
1280 4402 1540 4471 sapientia
1600 4416 1662 4455 ac
1703 4402 2039 4455 castissimus

475 4492 827 4546 annuntiatus
862 4493 1145 4545 adventus.
1195 4490 1317 4544 Non
1368 4493 1504 4544 enim
1560 4489 1796 4559 angelus,
1836 4491 2036 4559 inquit,

476 4601 635 4653 neque
665 4585 885 4655 legatus,
938 4583 1028 4637 sed
1077 4584 1184 4652 ipse
1224 4582 1481 4637 Dominus
1530 4583 1691 4635 ueniet
1729 4593 1778 4635 et
1819 4580 2036 4635 salvabit

472 4692 558 4729 eos
582 4675 645 4729 “.
670 4675 715 4732 Ο
742 4676 1036 4731 faustorum
1072 4674 1376 4728 nuntiorum
1424 4674 1696 4727 immensa:
1731 4672 1963 4727 divitiaal
2006 4687 2039 4725 ο

476 4768 997 4837 sapientissimorum
1048 4776 1507 4821 sacramentorum
1567 4764 1790 4819 scientia
1826 4764 2039 4818 inenar-

2134 3593 2281 3645 ἐστὶν
2314 3592 2473 3660 ἑορτή
2495 3607 2509 3620 ·
2544 3589 2611 3641 δι’
2645 3588 2714 3658 ἢν
2768 3586 2860 3640 καὶ
2905 3585 2974 3639 τὰ
3011 3584 3216 3638 παλαιὰ
3262 3585 3708 3656 πεπροφήτευται

2132 3680 2397 3745 τυπικῶς,
2424 3678 2609 3733 καὶτὰ
2637 3677 2734 3732 νέα
2761 3664 3055 3749 διαρρῄδην
3084 3670 3163 3739 εἰς
3193 3677 3375 3729 πᾶσαν
3400 3673 3498 3745 τὴν
3526 3674 3709 3727 οίκου-

2138 3772 2303 3843 μένην
2337 3772 2668 3842 κεκήρυκται
2690 3786 2702 3798 ·
2738 3770 2805 3822 δι’
2836 3771 2900 3837 ἢν
2949 3768 3156 3838 φθορᾶς
3190 3767 3419 3837 δύναμις
3453 3766 3707 3835 πεπάτη-

2133 3880 2243 3927 ται,
2274 3863 2366 3916 καί
2397 3862 2644 3915 διαϐόλου
2680 3859 2844 3922 σέϐας
2888 3858 3128 3931 ὀλέθριον
3167 3861 3442 3912 πέπαυται
3467 3875 3481 3889 ’
3528 3858 3597 3911 δι’
3639 3858 3713 3929 ἢν

2136 3952 2453 4025 ἀνθρώπινα
2474 3952 2620 4022 πάθη
2652 3952 3038 4015 τεθανάτωται,
3066 3949 3361 4019 ἀγγελικῆς
3391 3948 3715 4012 δεσποτείας

2138 4044 2251 4113 βίος
2292 4044 2734 4097 ὰνακεκαίνισται
2763 4041 2868 4114 (2)·
2905 4042 2970 4094 δι’
3022 4042 3088 4112 ἢν
3132 4041 3360 4112 οὐρανὸς
3404 4039 3709 4110 ἠνέῳκται,

2136 4137 2232 4190 καὶ
2257 4137 2327 4207 γῆ
2364 4138 2444 4198 είς
2480 4135 2621 4187 θεῖον
2662 4134 2797 4203 ὕψος
2831 4132 3191 4204 μετεώρισται
3213 4149 3226 4163 ·
3256 4130 3711 4204 διζηνηπειρὰδει-

2138 4244 2229 4290 σος
2257 4227 2561 4305 ἀνθρώποις
2583 4226 2916 4289 ἀποδέδοται,
2956 4225 3052 4278 καὶ
3086 4224 3314 4277 θανάτου
3346 4223 3543 4294 κράτος
3572 4239 3709 4274 κατ-

2136 4321 2403 4390 ήργηται·
2436 4308 2512 4370 δι’
2655 4317 2831 4386 πλάνη
2877 4316 3145 4385 δαιμόνων
3202 4314 3507 4381 δεδίωκται,
3572 4312 3713 4367 Θεοῦ

2139 4412 2301 4481 σοφία
2339 4411 2433 4465 καὶ
2478 4411 2748 4479 πάναγνος
2789 4411 3057 4481 παρουσία
3089 4410 3415 4480 μεμήνυται.
3450 4410 3570 4461 Οὐκ
3604 4408 3711 4477 ἀγα

2138 4504 2314 4571 γελος
2346 4500 2477 4570 γὰρ,
2531 4501 2712 4571 φησὶν,
2770 4500 2912 4554 οὺδέ
2961 4501 3247 4569 πρέσϐυς,
3290 4498 3427 4554 ἀλλ’
3462 4498 3645 4563 αὐτὸς
3679 4501 3715 4551 ό

2138 4593 2352 4659 Κύριος
2384 4592 2515 4659 ἥξει
2558 4591 2655 4645 καὶ
2701 4590 2886 4645 σώσει
2921 4593 3161 4657 αὐτούς.
3194 4587 3265 4643 Ὦ
3297 4590 3457 4645 θείων
3485 4591 3715 4659 εὐαγγε-

2138 4680 2265 4734 λίων
2289 4681 2515 4743 πλοῦτος
2535 4679 2838 4751 ἁμύθητοςί
2866 4675 3210 4749 ὧπανσόφων
3236 4680 3546 4751 μυστηρίων
3574 4680 3716 4747 γνῶ-

2141 4788 2223 4835 σις
2261 4771 2680 4841 ἁνεκδιήγητοςί
2729 4766 2775 4825 ὦ
2822 4772 2981 4825 θείων
3028 4772 3320 4842 ἁφράστων
3352 4770 3569 4842 δωρεῶν
3616 4771 3715 4857 6n.-

478 4859 691 4913 rabilis!
738 4874 772 4914 ο
818 4858 1120 4913 divinorum
1175 4855 1525 4911 inell‘ahiliutn
1566 4856 1826 4909 donorum
1885 4853 2033 4908 iude-

2143 4864 2341 4934 σαυρδς
2369 4863 2784 4929 ἁνεξάλειπτοςί
2829 4857 2874 4915 ὦ
2918 4864 3277 4933 προνοητικῆς
3305 4850 3717 4934 φιλανθρωπίας

476 4949 727 5004 fectihilis
788 4948 1108 5003 thesaurus!
1150 4964 1183 5003 ο
1237 4948 1471 5017 provida:
1522 4946 1819 5000 clementia:
1865 4946 2033 5016 gratia

2143 4952 2302 5023 χάρις
2350 4951 2751 5024 ἁναρίθμητοςί
2793 4952 2984 5017 Αὐτὸς
3030 4950 3161 5020 γὰρ,
3205 4952 3389 5023 φησὶν,
3433 4953 3466 5005 ὀ
3499 4953 3717 5020 Κύριος

480 5037 914 5093 innumerabilisl
953 5037 1074 5105 Ipse
1104 5038 1264 5100 enim,
1306 5037 1497 5105 inquit,
1544 5035 1799 5089 Dominus
1852 5037 2034 5098 veniet,

480 5140 525 5182 et
551 5130 775 5183 salvabit
806 5147 919 5185 nos.
948 5130 1085 5196 Quo,
1117 5130 1374 5199 propheta
1411 5129 1612 5193 divine,
1655 5131 1812 5183 modo
1837 5130 1902 5183 ad
1938 5144 2037 5185 nos

550 5261 594 5292 ”
634 5261 741 5315 Tit.
772 5278 833 5325 ιι,
869 5263 957 5317 13.
1036 5264 1079 5294 ¹⁶
1109 5263 1211 5317 lsa.
1248 5277 1403 5327 Lxm,
1438 5262 1492 5319 9.

552 5378 628 5449 (l)
666 5378 773 5432 Καὶ
796 5380 1088 5447 ἀκήρατος
1128 5382 1323 5448 χορός.
1352 5378 1593 5449 Plat-cret
1612 5379 1784 5445 magis
1817 5378 1991 5449 χῶρος
2023 5397 2037 5411 ⁸

481 5448 797 5503 retinuimus
820 5461 998 5505 tamen
1030 5464 1243 5518 propter
1268 5466 1519 5516 sequens,
1544 5448 1730 5511 θίασος
1750 5491 1763 5512 ,
1796 5460 1851 5502 ιιι
1876 5448 2042 5516 signi-

483 5523 674 5571 ticetur
703 5520 982 5586 paradisus
1009 5530 1062 5573 et
1088 5520 1273 5574 hortus
1302 5522 1409 5581 ille,
1439 5522 1503 5573 ad
1533 5526 1743 5573 modum
1776 5519 1875 5571 loci
1911 5521 2039 5571 chu-

479 5589 590 5643 reis
617 5589 888 5653 destinati,
923 5599 974 5643 et
1001 5589 1101 5643 loci
1128 5591 1376 5658 tripudii:
1414 5589 1588 5658 qualis
1616 5602 1740 5641 vere
1765 5588 1863 5641 fuit
1888 5603 2041 5643 crea-

481 5666 572 5715 tus
603 5660 868 5712 innocenti
907 5659 1128 5713 homini.

551 5725 631 5799 (2)
672 5727 999 5799 Ἀττελικῆς
1020 5728 1371 5797 δεσποτείας
1383 5730 1522 5796 ,Βίος
1539 5728 2041 5785 ἀνακεκαίνισται.

2142 5037 2294 5104 ἣξει,
2329 5038 2428 5092 καὶ
2456 5038 2641 5092 σώσει
2678 5036 2853 5107 ἡμᾶς.
2888 5039 3072 5103 Ἥξειν
3106 5041 3240 5111 πρὸς
3270 5042 3421 5111 ἡμᾶς
3444 5040 3563 5093 τίνα
3585 5042 3713 5115 τρό-

2143 5146 2263 5195 πον,
2293 5122 2338 5182 ὧ
2382 5129 2493 5183 θεῖε
2529 5129 2813 5201 προφῆτα,
2845 5130 3136 5201 κηρύττεις
3159 5132 3251 5185 τὸν
3282 5131 3519 5203 Κύριονς
3562 5132 3715 5205 Παρο

2148 5378 2307 5433 Velut
2336 5377 2506 5447 prima
2535 5375 2622 5430 illa
2645 5374 2920 5448 libertate,
2946 5392 3049 5446 qua
3074 5376 3279 5432 similes
3305 5376 3529 5448 angelis,
3562 5392 3714 5448 mero

2151 5449 2374 5517 imperio
2402 5447 2655 5515 appetitui
2684 5447 3115 5517 dominabantur,
3148 5449 3227 5517 sin
3258 5447 3411 5517 plene
3444 5447 3713 5507 restituta,

2149 5527 2203 5571 at
2234 5516 2378 5571 velut
2413 5518 2697 5580 inchoata;
2738 5516 3112 5569 abundantiori
3154 5516 3240 5569 illa
3260 5516 3440 5585 ’gratia
3479 5526 3533 5571 et
3572 5517 3718 5569 sani-

2152 5599 2259 5640 tate
2301 5586 2394 5638 τοῦ
2439 5585 2770 5656 ἡγεμονικοῦ
2793 5624 2807 5648 ,
2840 5586 3171 5641 redundante
3220 5587 3272 5642 in
3309 5602 3501 5657 corpus
3533 5586 3715 5655 subje-

2152 5668 2316 5721 Ctttllt,
2350 5658 2570 5726 ejusque
2600 5657 2764 5712 vires.
