3796 6306
135 342 191 396 51
1188 333 1453 389 ORATIO
1493 334 1556 387 IN
1597 334 1876 390 CHRISTI
1918 335 2276 394 NATALEM.
3270 346 3341 401 58

132 459 418 533 ῥητιάσομαι
453 455 558 527 γὰρ
604 457 661 509 ἐν
700 454 878 525 τούτῳ
911 454 987 525 τῷ
1020 455 1176 525 μέρει
1211 456 1348 527 πρὸς
1373 458 1432 509 σὲ
1473 457 1535 509 τὸ
1562 457 1658 510 τῶι

1775 468 2056 513 venturum
2117 459 2396 513 Dominum
2445 458 2739 527 pradicas?
2760 459 2843 514 Ad
2875 468 2927 514 te
2962 458 3105 514 enim
3142 461 3246 516 hac
3284 463 3337 517 in

130 548 339 603 παλαιῶν
363 547 567 617 ἀνδρῶν
605 546 899 616 πρόσωπον
922 546 1366 616 ἀναδεδεγμένος,
1398 546 1505 601 τῶν
1531 548 1667 601 ταύ-

126 663 206 713 την
227 643 338 710 (εἰς)
364 641 461 709 τὴν
499 638 846 707 πανύμνητόν
898 654 988 707 μοι
1020 638 1396 707 ἐορτασάντων
1422 640 1668 711 πανήγυ-

129 754 215 805 ριν,
250 735 375 803 μήτε
415 732 471 783 δὲ
502 730 598 783 τοῦ
637 729 829 783 καινοῦ
874 730 968 782 καὶ
999 730 1275 804 ’κανάχνου
1316 730 1539 798 τοκετοῦ
1567 730 1669 801 τῆς

127 825 354 894 ἀχράντου
380 820 666 891 Παρθένου
696 818 1134 890 πεπειραμένων,
1171 819 1309 890 μήτε
1339 819 1408 873 τὰ
1428 820 1538 873 τῶν
1566 821 1669 888 ἀγ-

128 917 268 982 γέλων
301 911 622 981 ἑωρακότων
656 912 1022 981 σκιρτήματα.
1063 911 1199 981 μήτε
1226 911 1324 973 τὰς
1350 910 1498 975 θείας
1533 912 1669 981 ἀκη-

131 1007 292 1057 κοότων
320 1004 524 1071 φωνὰς,
569 1004 636 1065 ἃς
681 1002 818 1072 πρὸς
844 1003 971 1065 τοὺς
1016 1002 1180 1072 ἱερεῖς
1209 1002 1474 1072 ποιμένας
1504 1003 1667 1055 ἀνευ-

130 1095 396 1163 ςημοῦντες
452 1093 543 1145 τὸν
608 1091 1004 1161 γεγεννημένον
1055 1093 1314 1163 Σωτῆρα,
1371 1092 1665 1163 γεγηθότες

129 1185 430 1254 ἀπήγγελλον
450 1200 465 1215 ·
506 1185 643 1254 μήτε
681 1185 789 1254 μὴν
821 1182 928 1235 τῶν
960 1184 1147 1253 μάγων
1184 1184 1251 1235 τὰ
1280 1183 1429 1254 δῶρα
1454 1184 1665 1237 συνιέν-

128 1296 226 1337 των,
254 1278 343 1329 καὶ
365 1276 463 1346 τὴν
492 1275 866 1346 προσκύνησιν
894 1275 994 1345 τὴν
1024 1275 1211 1345 θεῖκήν
1228 1291 1241 1305 '
1280 1275 1505 1329 ἐκείνων
1531 1278 1665 1331 ἁνα-

126 1370 378 1437 ῖέξάμενος
411 1367 474 1418 τὸ
512 1368 825 1437 πρόσωπον,
872 1366 1210 1435 ὲρωτήσαιμί
1245 1381 1304 1418 σε
1329 1366 1421 1418 τὸν
1465 1367 1664 1436 τρόπον

126 1462 204 1529 τῆς
244 1460 556 1529 παρουσίας.
612 1458 967 1527 Κατέπληττε
1026 1457 1134 1527 γὰρ
1183 1458 1381 1520 αὐτοὺς
1436 1458 1662 1521 εἰκότως

125 1552 219 1604 λίαν
243 1552 299 1603 τὸ
326 1552 523 1618 λόγιον,
562 1550 659 1601 καὶ
688 1549 886 1620 μικροῦ
913 1549 1021 1601 δεῖν
1049 1547 1126 1618 τῷ
1159 1548 1350 1619 πλήθει
1385 1549 1479 1601 τοῦ
1511 1550 1663 1613 δέους

124 1642 402 1709 ἐξίστασθαι
438 1641 851 1710 παρεσκεύασεν
880 1640 988 1694 τῶν
1012 1640 1239 1711 φρενῶν.
1281 1640 1355 1692 υύ
1383 1640 1490 1710 γὰρ
1520 1638 1663 1709 εἶχον

124 1736 256 1795 νοεῖν,
271 1734 348 1784 ὅτι
369 1733 397 1783 ὁ
415 1731 679 1793 ἀθάνατος
693 1730 825 1793 Θεὸς
853 1729 988 1801 πρὸς
1020 1727 1115 1782 ἀνθ
1125 1726 1334 1797 ρώπους
1360 1729 1659 1796 γεωδεστά-

125 1843 225 1887 τως
251 1824 395 1892 ἧξειο
437 1823 467 1873 ὁ
506 1822 881 1891 ἁψηλάφητος,
926 1819 1064 1891 πρὸς
1106 1821 1229 1883 τοὺς
1276 1818 1602 1889 αἰσθητούςο
1633 1823 1662 1873 ό

124 1916 419 1987 ἀθεώρητος,
455 1915 593 1984 πρὸς
636 1915 763 1974 τοὺς
804 1911 1054 1983 ὁρατούς.
1102 1910 1227 1972 Πῶς
1272 1912 1382 1981 γὰρ
1414 1909 1479 1963 ἂν
1510 1912 1661 1981 ἥξειν

124 2006 199 2056 τὸν
222 2005 339 2056 Θεὸν
370 2003 649 2073 ᾠήθησαν,
669 2003 763 2055 καί
792 2001 909 2062 πῶς
931 1998 1293 2070 ὁςρθήσεσθαις
1336 2000 1524 2064 Ἐνίοις
1565 2002 1662 2071 μὲν

124 2096 269 2147 ἐδόκει
293 2094 554 2164 πρότερον
589 2092 664 2155 ὡς
696 2090 854 2161 ὤφθη
902 2090 979 2160 τῷ
1018 2090 1268 2161 Ἀϐραὰμ
1291 2089 1359 2142 δι’
1390 2091 1657 2159 ἀγγέλων,

125 2190 152 2255 ἦ
185 2190 223 2240 δ’
258 2184 316 2241 αὖ
363 2187 546 2250 πάλιν,
585 2186 662 2249 ὡς
701 2184 857 2255 ῶςρθη
893 2184 968 2253 τῷ
1016 2184 1225 2253 Μωῦσῇ
1264 2182 1353 2235 διὰ
1397 2184 1567 2254 πυρὸς
1602 2185 1661 2236 ὲν

124 2283 178 2348 τῇ
200 2280 350 2349 βάτῳ,
380 2278 413 2348 ἢ
442 2278 564 2331 καθ’
586 2277 646 2329 ὃν
666 2276 867 2347 τρόπον
898 2274 1053 2343 ὤφθη
1082 2273 1161 2344 τῷ
1203 2273 1396 2345 Ἡσαΐᾳ
1425 2274 1512 2327 διὰ
1551 2274 1660 2329 τῶν

126 2371 348 2439 σεραῳὶμ,
402 2369 437 2440 ἦ
474 2368 553 2439 τῷ
613 2365 875 2435 ἰεζεκιὴλ
918 2365 1004 2418 διὰ
1044 2364 1150 2417 τῶν
1188 2365 1470 2434 χερου6ίμ.
1505 2364 1661 2418 Οὕτω

122 2464 210 2531 γὰρ
251 2462 443 2523 πάντες
476 2460 612 2513 Θεὸν
657 2458 961 2529 ἑωρακέναι
1007 2456 1390 2526 διαμφοτέροις
1439 2456 1659 2527 τρόποις

126 2553 568 2621 μεμαρτυρήκασι.
625 2550 782 2609 Ποῖος
830 2548 1006 2600 τοίνυν
1050 2544 1253 2597 τούτων
1311 2545 1529 2616 τρόπων
1580 2548 1661 2609 είς

123 2641 319 2711 θεωρίαν
348 2641 482 2693 Θεοῦ
510 2643 661 2692 ἐστιν
693 2639 879 2704 ἄξιος;
912 2639 1069 2710 δῆλον
1096 2642 1176 2693 ὅτι
1199 2641 1319 2694 οὐδὲ
1346 2634 1446 2702 είς.

174 2735 400 2787 Πόθενδὲ
432 2734 668 2804 μάλιστα
696 2731 855 2785 τοῦτο
886 2732 1255 2803 πιστούμεθα;
1300 2733 1394 2784 Ἐκ
1424 2729 1523 2798 τῆς
1549 2728 1662 2780 ἐτέ-

121 2844 197 2895 ρας
229 2827 317 2879 τοῦ
359 2829 643 2896 προφήτου
689 2824 873 2893 φωνῆς
916 2823 1215 2895 λεγούσης·
1254 2822 1414 2877 Μετὰ
1464 2819 1653 2874 ταῦτα

118 2920 190 2970 ἐπὶ
218 2919 316 2985 τῆς
350 2917 468 2987 τῆς
514 2917 704 2985 ὤφθη,
756 2916 853 2968 καὶ
896 2915 1020 2980 τοῖς
1061 2914 1393 2983 ἀνθρώποις
1430 2928 1652 2966 συναν-

118 3010 368 3078 εστρὰρη.
414 3008 711 3070 Ὀπτασίας
744 3007 847 3077 μὲν
870 3006 975 3078 γὰρ
1004 3009 1207 3069 ἐκεῖνα,
1241 3006 1335 3059 καὶ
1349 3006 1408 3057 οὐ
1428 3020 1657 3057 συνανα-

1770 556 1922 614 parte
1948 547 2113 602 libere
2141 548 2354 617 loquar,
2377 563 2606 617 persona
2637 559 2877 604 veterum
2909 559 3207 622 assumpta,
3237 556 3333 622 qui

1768 637 1974 694 hancce
1999 638 2127 692 mihi
2173 639 2588 693 laudatissimam
2632 640 3001 695 celebritatem
3030 642 3336 710 coluerunt,

1768 743 1868 784 nec
1888 744 2079 784 novum
2106 740 2281 785 tamen
2315 740 2370 785 et
2390 731 2749 785 castissimum
2789 732 3122 788 intemeratae
3156 733 3339 805 Virgi-

1768 818 1852 873 nis
1880 829 2115 887 partum,
2161 822 2528 889 experimento
2575 834 2961 892 cognoverunt,
2996 839 3093 878 nec
3117 835 3336 880 sancto-

1770 925 1886 964 rum
1914 910 2223 979 angelorum
2249 912 2498 967 viderunt
2542 914 2793 981 tripudia,
2850 929 2950 968 nec
2987 914 3201 969 divinas
3231 930 3328 970 au-

1767 1001 1981 1054 dierunt
2014 1016 2190 1065 voces,
2245 1002 2438 1072 quibus
2477 1003 2581 1081 illi,
2621 1004 2792 1058 sacris
2817 1005 3123 1072 pastoribus
3154 1004 3334 1061 fauste

1767 1092 2145 1158 acclamantcs,
2178 1103 2362 1148 natum
2396 1094 2726 1150 Salvatorem
2760 1095 2952 1165 gaudio
2978 1097 3329 1153 nuntiarunt:

1766 1186 1858 1238 sed
1907 1198 2081 1251 neque
2121 1199 2396 1253 magorum
2431 1200 2676 1252 munera,
2734 1186 3078 1253 divinamque
3108 1203 3332 1257 perspe-

1767 1282 1961 1329 xerunt
2000 1276 2365 1330 adorationem
2397 1294 2410 1329 :
2441 1291 2651 1341 eorum,
2692 1277 2933 1346 inquam,
2973 1294 3199 1347 persona
3245 1296 3335 1333 as-

1765 1375 1994 1433 sumpta,
2016 1378 2082 1418 ex
2110 1373 2159 1418 te
2185 1366 2442 1419 adventus
2472 1367 2685 1420 modum
2719 1368 3045 1434 quiesierim.
3100 1368 3334 1423 Perculit

1764 1457 1907 1509 enim
1930 1472 2022 1511 eos
2048 1470 2307 1525 perquam
2345 1456 2539 1511 merito
2564 1458 2863 1521 oraculum,
2896 1473 3193 1526 parumque
3232 1461 3331 1512 ab-

1768 1547 1884 1611 luit,
1909 1561 1975 1599 ne
2006 1560 2113 1614 pra:
2141 1546 2341 1614 ingenti
2375 1556 2517 1600 metu
2555 1547 2799 1601 sensibus
2835 1548 3162 1603 deturbaret.
3210 1547 3328 1603 Non

1764 1639 1903 1690 enim
1944 1645 2189 1706 poterant
2222 1635 2491 1691 intellectu
2541 1637 2778 1705 assequi,
2824 1646 3107 1692 venturum
3159 1638 3324 1691 Deum

1766 1728 2120 1783 immortalem
2155 1728 2221 1782 ad
2257 1726 2626 1782 crassissimus
2665 1727 2937 1791 homines;
2990 1728 3191 1796 palpari
3235 1743 3332 1782 ne-

1763 1823 1954 1884 scium,
1982 1821 2045 1875 ad
2069 1820 2386 1885 sensibiles;
2432 1820 2778 1883 invisibilem,
2816 1820 2881 1872 ad
2922 1819 3326 1876 visibiles.Nam
3386 1823 3494 1876 s/

1762 1912 2029 1981 quomodo
2054 1922 2357 1976 venturum,
2394 1925 2606 1980 quoque
2633 1911 2789 1964 modo
2820 1909 3100 1964 videndum
3135 1911 3324 1965 existi-

1763 2003 2009 2056 marent?
2041 2002 2265 2069 Quidam
2288 2001 2431 2055 enim
2459 1999 2731 2069 putabant,
2762 2000 2901 2053 sicut
2925 1999 3072 2069 prius
3096 1999 3327 2053 Abrahae

1762 2093 2007 2161 apparuit
2036 2108 2130 2161 per
2164 2091 2384 2161 angelos
2407 2092 2447 2122 ¹⁷
2477 2108 2490 2143 :
2522 2100 2614 2143 aut
2653 2105 2866 2144 rursum
2908 2098 2965 2144 ut
3002 2104 3096 2158 per
3145 2090 3320 2160 ignem

1763 2185 1929 2256 Moysi
1967 2185 2017 2238 in
2056 2185 2187 2237 rubo
2210 2184 2293 2237 ηε
2328 2191 2418 2237 aut
2452 2183 2721 2252 quomodo
2763 2181 2913 2235 Isaia:
2940 2182 3085 2233 visus
3119 2191 3202 2234 est
3233 2194 3327 2248 per

1760 2277 2087 2347 seraphim"
2130 2294 2145 2333 :
2201 2287 2293 2330 aut
2345 2274 2609 2329 Ezechieli
2678 2289 2773 2343 per
2811 2272 3091 2328 cherubim
3113 2273 3179 2328 ".
3232 2271 3327 2324 llis

1760 2369 1901 2425 enim
1951 2368 2224 2422 alterutris
2272 2367 2464 2430 modis,
2494 2366 2656 2420 Deum
2683 2380 2868 2419 omnes
2902 2365 3101 2418 vidisse
3148 2365 3323 2417 testati

1761 2471 1904 2514 sunt.
1936 2459 2065 2527 Quis
2092 2474 2219 2527 ergo
2243 2458 2451 2513 illorum
2479 2457 2693 2525 dignus,
2717 2466 2774 2509 ut
2799 2471 2856 2509 se
2894 2455 3034 2510 Deus
3052 2470 3117 2510 eo
3143 2456 3327 2509 viden-

1760 2552 1885 2604 dum
1916 2548 2216 2619 praeberet?
2242 2546 2466 2601 Planum
2497 2555 2580 2601 est
2611 2560 2677 2600 ne
2702 2545 2868 2599 ullum
2896 2560 3035 2599 esse.

1830 2743 1894 2798 ll.
1925 2742 2073 2797 Unde
2102 2743 2149 2797 id
2179 2742 2597 2797 conﬁrmamus?
2628 2742 2701 2796 Ex
2734 2742 2834 2796 alia
2866 2743 3137 2811 prophetze
3168 2758 3321 2806 voce,

1760 2835 1987 2890 dicentis
2014 2853 2027 2888 :
2062 2832 2187 2886 Post
2218 2835 2329 2885 lucc
2349 2834 2402 2885 in
2448 2840 2588 2885 terra
2618 2833 2758 2885 uisus
2795 2842 2892 2891 est,
2915 2842 2962 2883 et
2990 2848 3109 2883 cum
3152 2831 3323 2884 homi-

1760 2927 2267 2988 nibus,conoersatus
2295 2924 2453 2980 est“.
2483 2922 2576 2976 llla
2603 2924 2818 2990 quidem
2847 2921 3065 2975 visionis
3088 2923 3319 2982 luerunt,

1762 3031 1864 3069 non
1898 3015 2325 3069 conversationis
2368 3023 2679 3082 argumenta
2717 3030 2731 3066 :
2761 3012 2861 3065 ista
2894 3011 3319 3066 conversationis

120 3100 321 3168 ηπροφῆς
373 3098 589 3169 ὑπῆρχε
638 3098 941 3167 τεκμήρια·
977 3097 1149 3150 ταῦτα
1192 3097 1651 3166 συναναστροφῆς,

1763 3115 1905 3169 sunt,
1936 3122 2038 3161 non
2067 3105 2288 3161 visionis
2332 3106 2619 3173 praeconia.
2664 3102 2942 3169 Quomodo
2990 3104 3151 3169 igitur
3186 3102 3261 3155 ait
3304 3121 3316 3156 :

118 3192 187 3241 ni.
222 3192 318 3242 οὐκ
356 3189 627 3251 ὀπτασίας
670 3187 928 3255 τυγχάνει
978 3186 1329 3257 κηρύγματα.
1384 3184 1509 3246 na;
1562 3179 1655 3236 οὖν

116 3284 278 3351 φησιν·
330 3281 527 3346 Αὐτὸς
571 3283 605 3333 ὁ
653 3280 867 3346 Κύριος
916 3279 1066 3347 ἣξει,
1100 3278 1198 3331 καὶ
1238 3275 1424 3331 σώσει
1467 3276 1656 3345 ἡμᾶςς

117 3376 264 3444 διέτης
304 3374 370 3427 ἂν
403 3373 556 3443 ἡμῖν,
709 3370 967 3440 μακάριε.
1020 3369 1144 3431 Πῶς
1186 3369 1214 3419 ὁ
1250 3367 1657 3437 ἀσχημάτιστος

118 3465 509 3535 σχηματίζεταη
545 3465 574 3515 ὁ
603 3462 879 3531 ἀκίνητος,
915 3461 1021 3513 ἀπὸ
1071 3459 1180 3511 τῶν
1228 3457 1493 3528 οὐρανίων
1532 3457 1656 3528 θρό-

115 3574 195 3608 νων
234 3557 321 3608 ἐπὶ
359 3555 463 3624 τῆς
496 3553 605 3621 γῆς
649 3552 812 3605 πάλιν
846 3549 1318 3621 ἀντιμεθίσταται;
1349 3550 1477 3619 εῐπῃ
1514 3547 1559 3599 δ’
1591 3548 1658 3600 ἂν

114 3650 222 3717 πρὸς
248 3649 447 3708 αὐτοὺς
471 3643 730 3698 ἀπαντῶν
750 3645 779 3696 ό
794 3642 933 3706 θεῖος
959 3636 1113 3704 οὗτος
1131 3641 1270 3711 ἁνήρ
1286 3656 1301 3671 ο
1318 3639 1438 3691 Ὅτι
1458 3638 1523 3691 δι’
1546 3638 1660 3691 ἑτέ-

116 3758 199 3807 ρων
227 3739 418 3806 λογίων
446 3737 539 3790 τὸν
570 3734 770 3805 τρόπον
816 3732 1085 3801 ἠκούσατε
1122 3731 1219 3801 τῆς
1256 3729 1576 3800 παρουσίας,
1605 3728 1658 3781 τί

116 3832 358 3901 περισσῶς
408 3828 913 3898 πολυπραγμονεῖτε
961 3822 1193 3877 ἐνταῦθα
1236 3822 1298 3875 τὸ
1342 3821 1550 3889 λόγιονς
1587 3821 1657 3872 Ἢ

115 3920 305 3990 λέληθεν
338 3920 484 3988 ὑμᾶς
532 3918 595 3969 τὸ
642 3915 951 3986 εἰρημένον,
996 3915 1079 3967 ὅτι
1133 3913 1203 3967 Ἡ
1250 3910 1546 3979 παρθένος
1589 3909 1660 3963 ἐν

116 4010 298 4075 γαστρὶ
329 4008 474 4072 ἕξει,
510 4003 614 4058 καὶ
646 4004 873 4067 τέξεται
894 4002 1049 4063 υἱὸν,
1087 3999 1185 4056 καὶ
1221 3998 1563 4053 καλέσουσι
1590 3995 1658 4049 τὸ

116 4097 279 4165 ὄνομα
311 4097 495 4152 αὑτοῦ
546 4093 953 4164 Ἐμμανουὴλ,
992 4093 1026 4145 ὅ
1057 4092 1190 4146 ἐστι
1225 4089 1659 4160 μεθερμηνευό-

113 4209 293 4258 μενον,
321 4194 460 4246 Μεθ’
493 4189 666 4259 ἡμῶν
698 4192 731 4242 ό
772 4190 945 4253 Θεός;
974 4186 1007 4258 ἢ
1039 4187 1139 4239 οὐκ
1165 4185 1439 4254 ἀκηκόατε
1471 4181 1531 4235 τὸ
1567 4198 1659 4251 γε-

116 4285 426 4352 γραμμένον,
460 4284 546 4336 ὅτι
586 4279 836 4334 Παιδίον
873 4277 1161 4348 ἐγεννήθη
1194 4276 1361 4346 ἡμῖν,
1398 4274 1529 4340 υίὸς
1555 4274 1654 4327 καί

116 4374 269 4442 ἐδόθη
303 4374 465 4443 ἡμῖν,
502 4368 572 4429 οὗ
602 4372 640 4439 ἠ
680 4370 837 4441 ἀρχὴ
870 4370 969 4424 ἐπὶ
999 4369 1105 4423 τοῦ
1139 4368 1300 4437 ὤμου
1330 4366 1535 4427 αὑτοῦ,
1560 4366 1656 4419 καὶ

1758 3198 1879 3267 Ipse
1908 3198 2157 3251 Dominus
2194 3198 2378 3261 veniet,
2411 3206 2457 3250 et
2488 3196 2701 3250 salvabit
2737 3197 2871 3248 nos?
2905 3193 3111 3248 Dixeris
3146 3193 3321 3254 nobis,

1759 3306 1792 3343 ο
1826 3293 1977 3344 beate
2010 3305 2025 3344 :
2058 3288 2324 3357 quomodo
2364 3288 2641 3355 ﬁguratur,
2700 3285 2753 3339 in
2804 3299 2963 3354 quem
3022 3298 3128 3338 non
3179 3284 3327 3337 cadit

1761 3382 1964 3450 ﬁgura?
1997 3380 2393 3447 immobilisque
2444 3378 2511 3433 ab
2544 3376 2855 3431 cmlestibus
2884 3376 3119 3440 sedibus,
3168 3376 3325 3428 dere-

1758 3470 1884 3525 licta
1926 3484 2137 3523 rursum
2179 3468 2430 3533 statione,
2477 3467 2531 3521 in
2577 3476 2771 3520 terram
2822 3462 3190 3518 transfertur?
3228 3462 3325 3517 llis

1760 3577 1886 3615 vero
1921 3561 2001 3614 vir
2052 3560 2265 3613 divinus
2303 3558 2619 3619 occurrerit,
2666 3558 2853 3610 dicens
2893 3574 2907 3609 :
2940 3553 3060 3609 Alio
3107 3557 3325 3609 oraculo

1761 3654 2013 3706 traditum
2056 3652 2335 3706 audivistis
2376 3653 2638 3704 adventus
2670 3650 2906 3703 modum.
2938 3648 3075 3715 Quid
3107 3648 3192 3701 hic
3225 3664 3321 3702 su.

1758 3757 2085 3812 pervacanea
2124 3743 2433 3794 curiositate
2474 3739 2758 3809 exquiritis
2798 3739 3115 3792 oraculum?
3158 3738 3323 3806 Fugit

1760 3844 1856 3883 vos
1901 3829 2100 3882 dictum
2156 3828 2328 3881 illud:
2373 3824 2507 3878 Ecce
2541 3825 2683 3891 uirgo
2712 3824 2915 3877 habebit
2962 3825 3015 3877 in
3057 3835 3225 3888 utero,
3273 3834 3319 3876 et

1757 3922 1923 3991 pariet
1951 3920 2140 3988 ﬁlium,
2173 3928 2219 3971 et
2251 3918 2500 3970 vocabunt
2540 3931 2727 3968 nomen
2769 3914 2881 3983 ejus
2918 3912 3320 3967 Emmanuel“:

1758 4015 1900 4081 quod
1943 4012 2328 4080 interpreteris,
2358 4009 2642 4062 Nobiscum
2667 4005 2847 4059 Deus?
2876 4004 3064 4061 Nonne
3090 4006 3315 4060 audistis

1757 4104 1899 4172 quod
1938 4104 2195 4171 scriptum
2235 4111 2341 4165 est,
2379 4100 2505 4168 quia
2542 4098 2806 4152 Parvulas
2843 4105 2997 4150 natus
3031 4106 3105 4150 est
3150 4097 3317 4159 nobis,

1754 4197 1898 4264 ﬁlius
1932 4206 1978 4250 et
2011 4196 2166 4248 datus
2192 4204 2265 4246 est
2304 4194 2471 4257 nobis,
2506 4190 2656 4258 cujus
2688 4188 3011 4257 principatus
3036 4203 3192 4255 super
3227 4187 3324 4239 liu-

1755 4297 1953 4334 merum
1979 4280 2116 4348 ejus,
2156 4290 2204 4332 et
2238 4289 2455 4332 vocatur
2499 4292 2682 4331 nomen
2720 4276 2853 4344 ejus.
2891 4275 3069 4343 magni
3117 4276 3322 4327 consilii

1755 4368 1969 4437 angelus
1998 4385 2019 4424 :
2048 4367 2398 4428 admirabilis,
2429 4365 2786 4428 consiliarius,
2841 4364 2979 4417 Deus
3012 4362 3190 4429 fortis,
3229 4380 3323 4431 po-

118 4464 353 4516 καιεῖται
398 4465 463 4516 τὸ
505 4463 692 4530 ὄνομα
716 4459 922 4524 αὑτοῦ,
948 4458 1214 4528 μεγάλης
1228 4456 1468 4523 βουλῆς
1492 4455 1658 4526 ἅγγε-

1763 4468 1895 4523 tens,
1923 4459 2159 4527 princeps
2202 4460 2375 4525 pacis,
2425 4467 2573 4525 pater
2611 4455 2778 4524 futuri
2811 4454 3093 4510 sa’culi”?
3137 4453 3218 4508 Ex
3258 4455 3324 4509 iis

119 4558 229 4620 λος.
252 4554 606 4625 θαυμαστὸς,
634 4553 994 4622 σύμϐουλος,
1022 4549 1164 4616 Θεὸς
1188 4548 1454 4618 ἰσχυρὸς,
1485 4548 1655 4612 ἐξου-

120 4648 370 4715 σιαστὴς,
420 4647 619 4715 ἅρχων
650 4642 915 4712 εἰρήνης,
950 4641 1145 4709 πατὴρ
1188 4641 1293 4694 τοῦ
1324 4640 1658 4709 μέλλοντος

122 4738 445 4803 αὶιῖιγος;Ἐκ
473 4738 677 4791 τούτων
698 4736 806 4788 τῶν
830 4735 999 4803 λόγων
1041 4734 1131 4786 τὸν
1162 4732 1361 4804 τρόπον
1394 4730 1494 4801 τῆς
1519 4746 1658 4802 παρ-

123 4832 281 4892 maia;
337 4832 629 4899 ἐπέγνωτε.
710 4826 983 4897 Παρθένος
1052 4826 1160 4896 γὰρ
1214 4824 1487 4894 ἄφθαρτος
1518 4824 1653 4876 ἀπο-

125 4922 288 4989 κυήσει
345 4919 667 4990 σωματικῶς
722 4919 816 4970 τὸν
866 4916 1059 4986 λύχνον
1105 4915 1196 4967 τὸν
1244 4913 1518 4985 ἄφθαρτον
1550 4912 1649 4983 (5).

1766 4550 2101 4603 sermonibus
2141 4549 2412 4619 cognitum
2471 4549 2678 4603 habetis
2728 4548 2943 4602 modum
2999 4547 3317 4617 praesentire.

1766 4639 1928 4709 Virgo
1949 4640 2091 4692 enim
2131 4640 2439 4708 incorrupta
2494 4638 2727 4692 nesciam
2777 4638 2918 4691 illam
2963 4637 3323 4705 corruptionis

1764 4728 2033 4782 lucernam
2112 4728 2376 4796 corporali
2462 4728 2668 4781 ratione
2742 4727 3025 4795 concipiet.
3101 4724 3323 4794 Oportet

1760 4819 1903 4873 enim
1934 4828 1991 4871 ut
2027 4834 2086 4872 se
2110 4817 2199 4872 Dei
2239 4816 2468 4871 Verbum
2512 4816 2948 4886 augustiSsimum
2992 4815 3058 4869 ad
3101 4829 3321 4869 carnem

1758 4924 1928 4979 usque
1960 4912 2113 4965 nobis
2146 4910 2396 4972 inclinet;
2428 4918 2486 4965 ut
2526 4925 2660 4979 quos
2695 4910 3005 4976 incorporea
3045 4907 3325 4961 divinitate

183 5034 217 5063 "
244 5033 369 5087 Gen.
402 5049 535 5096 xv”,
573 5033 627 5085 1.
705 5029 749 5061 ¹⁸
770 5030 937 5083 Exod.
970 5042 1050 5091 Ill,
1095 5025 1149 5080 2.
1228 5025 1394 5080 "lsa.
1439 5039 1511 5089 VI,
1551 5024 1607 5079 2.

1763 5024 1957 5078 ιιῑεοιι.
1992 5040 2045 5089 x,
2087 5032 2191 5079 etc.
2267 5022 2311 5056 "
2351 5022 2562 5078 Baruch
2611 5038 2693 5086 ιιι,
2725 5022 2813 5077 58.
2891 5024 2936 5053 “
2970 5022 3071 5077 lsa.
3110 5035 3202 5085 vn,
3234 5021 3323 5075 14.

122 5102 159 5131 ³³
179 5104 264 5154 lsa.
297 5121 368 5165 Ix,
394 5106 445 5157 6.

182 5244 247 5310 ('5)
286 5244 393 5296 Τὸν
422 5244 660 5310 λύχνον
692 5238 797 5292 τὸν
824 5238 1144 5310 ἄφθαρτον.
1184 5234 1331 5310 Solet
1365 5232 1555 5287 crebro
1592 5231 1649 5287 in

124 5305 369 5381 Scriptura
427 5305 822 5381 per'lucernam
855 5305 1120 5381 designari
1156 5305 1331 5381 proles
1351 5312 1405 5381 et
1430 5318 1615 5381 sementi
1633 5320 1647 5366 ;

124 5382 166 5431 in
203 5371 295 5448 q'm
341 5371 602 5446 igniculus
654 5379 830 5432 Patris
874 5387 932 5448 et
960 5371 1307 5448 Paterjvelut
1344 5372 1509 5448 viti:th2
1560 5371 1655 5448 Sic

120 5441 310 5505 lana-en.
356 5441 479 5506 illud
510 5450 643 5518 psal.
682 5463 867 5518 cup,
902 5446 1091 5518 ΡΜαυί
1133 5446 1397 5497 lucernam
1445 5441 1653 5518 Cliristo

122 5535 235 5581 meo,
257 5511 735 5591 paraphrasticd'is:
771 5516 961 5591 Paraui
989 5518 1123 5567 enim
1154 5524 1307 5591 uncto
1341 5529 1452 5565 meo
1483 5511 1653 5591 Dauid

124 5582 468 5651 posteritatem,
509 5604 629 5657 qua:
656 5604 754 5641 sua
795 5586 1041 5657 claritate,
1073 5594 1121 5636 et
1165 5584 1362 5650 gloria,
1393 5582 1547 5657 quasi
1572 5582 1654 5632 lu-

126 5650 257 5728 cerna
284 5650 835 5728 qua'dam'illustrabit
863 5656 1071 5708 Dauidis
1111 5668 1294 5728 nomen
1322 5650 1471 5728 :__utii_
1500 5650 1651 5728 plura

130 5724 173 5777 in
204 5722 307 5782 eam
354 5747 485 5785 rem.
541 5728 658 5782 Pra:
694 5727 945 5781 Olllniiltls
986 5734 1161 5778 autem
1198 5722 1297 5774 fuit
1344 5722 1526 5775 Maria:
1573 5722 1654 5773 lu<

1755 5242 1915 5285 cerna
1958 5226 2214 5281 Dominus
2258 5224 2452 5287 Iesus,
2488 5222 2577 5292 qui
2612 5221 2698 5276 lux
2739 5222 2805 5276 de
2837 5220 2955 5277 luce
2992 5228 3252 5292 a-ternum
3294 5236 3323 5272 a

1757 5300 1917 5353 Patre
1942 5297 2122 5368 prodit
2146 5312 2161 5358 ;
2194 5291 2596 5368 humanumque
2624 5301 2679 5345 et
2709 5308 2864 5368 suum
2887 5291 3199 5368 dignatione
3232 5306 3325 5358 ge-

1757 5384 1881 5433 nus,
1922 5361 2120 5422 carnali
2151 5380 2214 5419 ex
2254 5381 2314 5419 ea
2345 5363 2625 5418 nativitate
2647 5401 2661 5425 ,
2697 5364 2762 5433 ad
2792 5363 2983 5433 divinae
3010 5361 3145 5413 lucis
3171 5376 3323 5413 com-

1759 5438 2042 5499 mercium,
2075 5436 2415 5490 deilicatione
2445 5432 2746 5487 admirabili
2773 5432 2954 5487 evehit
2986 5448 2999 5484 :
3032 5438 3089 5483 ut
3116 5439 3323 5482 tantum

1760 5508 1921 5562 faciat
1986 5506 2230 5561 homines
2280 5506 2445 5565 deos,
2497 5512 2757 5572 quantum
2809 5502 2980 5557 laetus
3035 5510 3119 5572 est
3175 5499 3323 5572 ipse,

1762 5580 1922 5633 homo
1951 5594 1964 5630 :
2019 5586 2074 5629 ut
2116 5576 2302 5645 ingens
2335 5576 2423 5629 illa
2456 5568 2735 5645 theologia:
2760 5568 3327 5645 lucernaﬁregorius

1760 5648 2041 5701 audentius
2098 5638 2317 5715 protulit
2391 5638 2715 5713 exponitque
2759 5643 2821 5699 D.
2881 5640 3145 5696 Maximus
3193 5638 3323 5694 dub.

1761 5719 1826 5772 ad
1856 5717 2139 5782 Thomam,
2167 5729 2270 5770 etc.
