  <div class='ocr_page' id='page_1' title='image "/cluster/home/n/w/nwhite01/storage/ocr_20150623/39/hvd.32044019207778/027.png"; bbox 0 0 3796 6304; ppageno 0'>
   <div class='ocr_carea' id='block_1_1' title="bbox 447 332 2713 401">
    <p class='ocr_par' dir='ltr' id='par_1_1' title="bbox 447 332 2713 401">
     <span class='ocr_line' id='line_1_1' title="bbox 447 332 2713 401; baseline -0.002 -4"><span class='ocrx_word' id='word_1_1' title='bbox 447 343 517 401; x_wconf 79' lang='lat'><strong>39</strong></span> <span class='ocrx_word' id='word_1_2' title='bbox 1395 343 1453 397; x_wconf 94' lang='lat' dir='ltr'><strong>S.</strong></span> <span class='ocrx_word' id='word_1_3' title='bbox 1496 342 1942 398; x_wconf 82' lang='lat' dir='ltr'><strong>AMPHlLOCllll</strong></span> <span class='ocrx_word' id='word_1_4' title='bbox 1982 342 2368 398; x_wconf 73' lang='lat' dir='ltr'><strong>lCONlENSlS</strong></span> <span class='ocrx_word' id='word_1_5' title='bbox 2395 332 2713 396; x_wconf 62' lang='lat' dir='ltr'><strong>&#39;El’lSCOPl</strong></span> 
     </span>
    </p>
   </div>
   <div class='ocr_carea' id='block_1_2' title="bbox 3633 315 3740 399">
    <p class='ocr_par' dir='ltr' id='par_1_2' title="bbox 3633 315 3740 399">
     <span class='ocr_line' id='line_1_2' title="bbox 3633 315 3740 399; baseline 0.028 -3"><span class='ocrx_word' id='word_1_6' title='bbox 3633 315 3740 399; x_wconf 70' lang='grc' dir='ltr'><strong>ω’</strong></span> 
     </span>
    </p>
   </div>
   <div class='ocr_carea' id='block_1_3' title="bbox 445 454 2008 531">
    <p class='ocr_par' dir='ltr' id='par_1_3' title="bbox 445 457 2008 525">
     <span class='ocr_line' id='line_1_3' title="bbox 445 457 2008 525; baseline -0.003 -10"><span class='ocrx_word' id='word_1_7' title='bbox 445 468 744 521; x_wconf 87' lang='lat' dir='ltr'><strong>creaverat,</strong></span> <span class='ocrx_word' id='word_1_8' title='bbox 776 466 995 525; x_wconf 88' lang='lat' dir='ltr'><strong>peccato</strong></span> <span class='ocrx_word' id='word_1_9' title='bbox 1021 464 1309 519; x_wconf 86' lang='lat' dir='ltr'><strong>vetcratos,</strong></span> <span class='ocrx_word' id='word_1_10' title='bbox 1329 457 1511 511; x_wconf 89' lang='lat' dir='ltr'><strong>carnis</strong></span> <span class='ocrx_word' id='word_1_11' title='bbox 1536 458 1901 525; x_wconf 72' lang='lat' dir='ltr'><strong>assumptione</strong></span> <span class='ocrx_word' id='word_1_12' title='bbox 1934 458 2008 510; x_wconf 87' lang='lat' dir='ltr'><strong>in-</strong></span> 
     </span>
    </p>
   </div>
   <div class='ocr_carea' id='block_1_4' title="bbox 2124 454 3716 531">
    <p class='ocr_par' dir='ltr' id='par_1_4' title="bbox 2124 454 3716 531">
     <span class='ocr_line' id='line_1_4' title="bbox 2124 454 3716 531; baseline 0.001 -23"><span class='ocrx_word' id='word_1_13' title='bbox 2124 456 2284 527; x_wconf 80' lang='grc' dir='ltr'>μέχρι</span> <span class='ocrx_word' id='word_1_14' title='bbox 2334 456 2439 525; x_wconf 81' lang='grc' dir='ltr'><strong>γάρ</strong></span> <span class='ocrx_word' id='word_1_15' title='bbox 2482 455 2680 524; x_wconf 77' lang='grc' dir='ltr'>σαρκὸς</span> <span class='ocrx_word' id='word_1_16' title='bbox 2713 454 2792 505; x_wconf 84' lang='grc' dir='ltr'><strong>δεῖ</strong></span> <span class='ocrx_word' id='word_1_17' title='bbox 2829 456 3234 528; x_wconf 81' lang='grc' dir='ltr'>συγκαταϐῆναι</span> <span class='ocrx_word' id='word_1_18' title='bbox 3266 461 3403 530; x_wconf 81' lang='grc' dir='ltr'>πρὸς</span> <span class='ocrx_word' id='word_1_19' title='bbox 3434 460 3587 531; x_wconf 74' lang='grc' dir='ltr'>ἡμᾶς</span> <span class='ocrx_word' id='word_1_20' title='bbox 3618 458 3716 527; x_wconf 70' lang='grc'><strong>(4)</strong></span> 
     </span>
    </p>
   </div>
   <div class='ocr_carea' id='block_1_5' title="bbox 446 546 2006 615">
    <p class='ocr_par' dir='ltr' id='par_1_5' title="bbox 446 546 2006 615">
     <span class='ocr_line' id='line_1_5' title="bbox 446 546 2006 615; baseline -0.005 -10"><span class='ocrx_word' id='word_1_21' title='bbox 446 562 627 615; x_wconf 87' lang='lat' dir='ltr'><strong>novet,</strong></span> <span class='ocrx_word' id='word_1_22' title='bbox 672 561 726 604; x_wconf 90' lang='lat' dir='ltr'><strong>et</strong></span> <span class='ocrx_word' id='word_1_23' title='bbox 766 550 1031 605; x_wconf 74' lang='lat' dir='ltr'><strong>immunes</strong></span> <span class='ocrx_word' id='word_1_24' title='bbox 1069 562 1098 599; x_wconf 89' lang='lat' dir='ltr'><strong>a</strong></span> <span class='ocrx_word' id='word_1_25' title='bbox 1126 548 1492 615; x_wconf 75' lang='lat' dir='ltr'><strong>corruptione,</strong></span> <span class='ocrx_word' id='word_1_26' title='bbox 1538 546 1890 602; x_wconf 74' lang='lat' dir='ltr'><strong>similitudine</strong></span> <span class='ocrx_word' id='word_1_27' title='bbox 1942 547 2006 598; x_wconf 90' lang='lat' dir='ltr'><strong>ad</strong></span> 
     </span>
    </p>
   </div>
   <div class='ocr_carea' id='block_1_6' title="bbox 447 634 1107 705">
    <p class='ocr_par' dir='ltr' id='par_1_6' title="bbox 447 634 1107 705">
     <span class='ocr_line' id='line_1_6' title="bbox 447 634 1107 705; baseline -0.012 -10"><span class='ocrx_word' id='word_1_28' title='bbox 447 640 870 705; x_wconf 76' lang='lat' dir='ltr'><strong>corruptionem,</strong></span> <span class='ocrx_word' id='word_1_29' title='bbox 893 634 1107 688; x_wconf 87' lang='lat' dir='ltr'><strong>elliciat.</strong></span> 
     </span>
    </p>
   </div>
   <div class='ocr_carea' id='block_1_7' title="bbox 2121 545 3721 621">
    <p class='ocr_par' dir='ltr' id='par_1_7' title="bbox 2121 545 3721 621">
     <span class='ocr_line' id='line_1_7' title="bbox 2121 545 3721 621; baseline 0.001 -23"><span class='ocrx_word' id='word_1_30' title='bbox 2121 547 2211 599; x_wconf 71' lang='grc' dir='ltr'><strong>τὸν</strong></span> <span class='ocrx_word' id='word_1_31' title='bbox 2244 548 2649 617; x_wconf 79' lang='grc' dir='ltr'>πανσεϐάσμιον</span> <span class='ocrx_word' id='word_1_32' title='bbox 2679 545 2771 597; x_wconf 79' lang='grc' dir='ltr'>τοῦ</span> <span class='ocrx_word' id='word_1_33' title='bbox 2806 546 2939 599; x_wconf 79' lang='grc' dir='ltr'>Θεοῦ</span> <span class='ocrx_word' id='word_1_34' title='bbox 2966 549 3157 616; x_wconf 78' lang='grc' dir='ltr'>Λόγον.</span> <span class='ocrx_word' id='word_1_35' title='bbox 3185 551 3273 604; x_wconf 80' lang='grc' dir='ltr'><strong>ἵνα</strong></span> <span class='ocrx_word' id='word_1_36' title='bbox 3300 551 3365 621; x_wconf 75' lang='grc' dir='ltr'>δὴ</span> <span class='ocrx_word' id='word_1_37' title='bbox 3388 553 3513 613; x_wconf 72' lang='grc' dir='ltr'>τοὺς</span> <span class='ocrx_word' id='word_1_38' title='bbox 3545 551 3721 603; x_wconf 83' lang='grc' dir='ltr'>ἀσω-</span> 
     </span>
    </p>
   </div>
   <div class='ocr_carea' id='block_1_8' title="bbox 2123 638 3721 711">
    <p class='ocr_par' dir='ltr' id='par_1_8' title="bbox 2123 638 3721 711">
     <span class='ocr_line' id='line_1_8' title="bbox 2123 638 3721 711; baseline 0.001 -18"><span class='ocrx_word' id='word_1_39' title='bbox 2123 643 2278 709; x_wconf 82' lang='grc' dir='ltr'>μάτῳ</span> <span class='ocrx_word' id='word_1_40' title='bbox 2311 638 2525 711; x_wconf 83' lang='grc' dir='ltr'>θεότητι</span> <span class='ocrx_word' id='word_1_41' title='bbox 2568 640 2697 709; x_wconf 79' lang='grc' dir='ltr'>παρ’</span> <span class='ocrx_word' id='word_1_42' title='bbox 2739 638 2901 691; x_wconf 82' lang='grc' dir='ltr'>αὐτοῦ</span> <span class='ocrx_word' id='word_1_43' title='bbox 2948 639 3513 711; x_wconf 81' lang='grc' dir='ltr'>δεδημιουργημένους</span> <span class='ocrx_word' id='word_1_44' title='bbox 3558 641 3721 694; x_wconf 76' lang='grc' dir='ltr'>ἁνα-</span> 
     </span>
    </p>
   </div>
   <div class='ocr_carea' id='block_1_9' title="bbox 445 723 3719 804">
    <p class='ocr_par' dir='ltr' id='par_1_9' title="bbox 445 723 3719 804">
     <span class='ocr_line' id='line_1_9' title="bbox 445 723 3719 804; baseline 0 -20"><span class='ocrx_word' id='word_1_45' title='bbox 445 730 664 802; x_wconf 81' lang='grc' dir='ltr'>καινίσῃ</span> <span class='ocrx_word' id='word_1_46' title='bbox 685 728 773 781; x_wconf 81' lang='grc' dir='ltr'>διὰ</span> <span class='ocrx_word' id='word_1_47' title='bbox 802 724 1150 797; x_wconf 84' lang='grc' dir='ltr'>σαρκῶσεως,</span> <span class='ocrx_word' id='word_1_48' title='bbox 1174 723 1578 787; x_wconf 76' lang='grc' dir='ltr'>παλαιωθέντας</span> <span class='ocrx_word' id='word_1_49' title='bbox 1609 723 1696 778; x_wconf 83' lang='grc' dir='ltr'>διὰ</span> <span class='ocrx_word' id='word_1_50' title='bbox 1719 724 1816 796; x_wconf 81' lang='grc' dir='ltr'><strong>τὴν</strong></span> <span class='ocrx_word' id='word_1_51' title='bbox 1844 725 2137 796; x_wconf 83' lang='grc' dir='ltr'><strong>ἁμαρτίαν,</strong></span> <span class='ocrx_word' id='word_1_52' title='bbox 2162 733 2255 785; x_wconf 75' lang='grc' dir='ltr'><strong>καὶ</strong></span> <span class='ocrx_word' id='word_1_53' title='bbox 2273 734 2581 804; x_wconf 82' lang='grc' dir='ltr'><strong>ἀφθάρτους</strong></span> <span class='ocrx_word' id='word_1_54' title='bbox 2638 731 3024 803; x_wconf 75' lang='grc' dir='ltr'>κατασκευάσῃ</span> <span class='ocrx_word' id='word_1_55' title='bbox 3074 732 3161 785; x_wconf 86' lang='grc' dir='ltr'>διὰ</span> <span class='ocrx_word' id='word_1_56' title='bbox 3216 736 3315 802; x_wconf 79' lang='grc' dir='ltr'>τῆς</span> <span class='ocrx_word' id='word_1_57' title='bbox 3371 733 3719 803; x_wconf 81' lang='grc' dir='ltr'>ὁμοιότητος</span> 
     </span>
    </p>
   </div>
   <div class='ocr_carea' id='block_1_10' title="bbox 443 814 1097 887">
    <p class='ocr_par' dir='ltr' id='par_1_10' title="bbox 443 814 1097 887">
     <span class='ocr_line' id='line_1_10' title="bbox 443 814 1097 887; baseline -0.006 -17"><span class='ocrx_word' id='word_1_58' title='bbox 443 819 543 886; x_wconf 83' lang='grc' dir='ltr'><strong>τῆς</strong></span> <span class='ocrx_word' id='word_1_59' title='bbox 573 817 709 887; x_wconf 69' lang='grc' dir='ltr'>πρὸς</span> <span class='ocrx_word' id='word_1_60' title='bbox 744 815 843 886; x_wconf 85' lang='grc' dir='ltr'>τὴν</span> <span class='ocrx_word' id='word_1_61' title='bbox 873 814 1097 885; x_wconf 87' lang='grc' dir='ltr'>φθοράν.</span> 
     </span>
    </p>
   </div>
   <div class='ocr_carea' id='block_1_11' title="bbox 516 907 1999 977">
    <p class='ocr_par' dir='ltr' id='par_1_11' title="bbox 516 907 1999 977">
     <span class='ocr_line' id='line_1_11' title="bbox 516 907 1999 977; baseline -0.003 -10"><span class='ocrx_word' id='word_1_62' title='bbox 516 913 598 968; x_wconf 92' lang='lat' dir='ltr'><strong>lll.</strong></span> <span class='ocrx_word' id='word_1_63' title='bbox 632 912 722 966; x_wconf 86' lang='lat' dir='ltr'><strong>llis</strong></span> <span class='ocrx_word' id='word_1_64' title='bbox 774 911 840 965; x_wconf 88' lang='lat' dir='ltr'><strong>ad</strong></span> <span class='ocrx_word' id='word_1_65' title='bbox 874 925 967 965; x_wconf 88' lang='lat' dir='ltr'><strong>eos</strong></span> <span class='ocrx_word' id='word_1_66' title='bbox 1011 924 1103 977; x_wconf 92' lang='lat' dir='ltr'><strong>per</strong></span> <span class='ocrx_word' id='word_1_67' title='bbox 1130 907 1448 977; x_wconf 84' lang='lat' dir='ltr'><strong>Prophetam</strong></span> <span class='ocrx_word' id='word_1_68' title='bbox 1483 908 1666 973; x_wconf 87' lang='lat' dir='ltr'><strong>dictis,</strong></span> <span class='ocrx_word' id='word_1_69' title='bbox 1699 908 1860 962; x_wconf 89' lang='lat' dir='ltr'><strong>etiam</strong></span> <span class='ocrx_word' id='word_1_70' title='bbox 1895 910 1999 976; x_wconf 84' lang='lat' dir='ltr'><strong>ipsi</strong></span> 
     </span>
    </p>
   </div>
   <div class='ocr_carea' id='block_1_12' title="bbox 446 998 2003 1073">
    <p class='ocr_par' dir='ltr' id='par_1_12' title="bbox 446 998 2003 1073">
     <span class='ocr_line' id='line_1_12' title="bbox 446 998 2003 1073; baseline -0.003 -15"><span class='ocrx_word' id='word_1_71' title='bbox 446 1004 918 1073; x_wconf 85' lang='lat' dir='ltr'><strong>interrugabimus.</strong></span> <span class='ocrx_word' id='word_1_72' title='bbox 953 1001 995 1057; x_wconf 94' lang='lat'><strong>0</strong></span> <span class='ocrx_word' id='word_1_73' title='bbox 1026 999 1245 1070; x_wconf 83' lang='lat' dir='ltr'><strong>puerule</strong></span> <span class='ocrx_word' id='word_1_74' title='bbox 1288 1001 1424 1073; x_wconf 63' lang='lat' dir='ltr'><strong>9min</strong></span> <span class='ocrx_word' id='word_1_75' title='bbox 1462 1001 1760 1069; x_wconf 88' lang='lat' dir='ltr'><strong>antiquior!</strong></span> <span class='ocrx_word' id='word_1_76' title='bbox 1788 998 1831 1054; x_wconf 99' lang='lat'><strong>0</strong></span> <span class='ocrx_word' id='word_1_77' title='bbox 1866 1000 2003 1054; x_wconf 82' lang='lat' dir='ltr'><strong>lilins</strong></span> 
     </span>
    </p>
   </div>
   <div class='ocr_carea' id='block_1_13' title="bbox 448 1092 1999 1163">
    <p class='ocr_par' dir='ltr' id='par_1_13' title="bbox 448 1092 1999 1163">
     <span class='ocr_line' id='line_1_13' title="bbox 448 1092 1999 1163; baseline -0.003 -14"><span class='ocrx_word' id='word_1_78' title='bbox 448 1107 530 1149; x_wconf 88' lang='lat' dir='ltr'><strong>ter</strong></span> <span class='ocrx_word' id='word_1_79' title='bbox 559 1095 766 1159; x_wconf 83' lang='lat' dir='ltr'><strong>beatus,</strong></span> <span class='ocrx_word' id='word_1_80' title='bbox 803 1094 891 1163; x_wconf 88' lang='lat' dir='ltr'><strong>qui</strong></span> <span class='ocrx_word' id='word_1_81' title='bbox 919 1093 1063 1146; x_wconf 84' lang='lat' dir='ltr'><strong>venit</strong></span> <span class='ocrx_word' id='word_1_82' title='bbox 1093 1094 1270 1147; x_wconf 76' lang='lat' dir='ltr'><strong>ferens</strong></span> <span class='ocrx_word' id='word_1_83' title='bbox 1300 1092 1655 1162; x_wconf 80' lang='lat' dir='ltr'><strong>principatum</strong></span> <span class='ocrx_word' id='word_1_84' title='bbox 1688 1106 1865 1155; x_wconf 91' lang='lat' dir='ltr'><strong>suum,</strong></span> <span class='ocrx_word' id='word_1_85' title='bbox 1896 1107 1999 1144; x_wconf 90' lang='lat' dir='ltr'><strong>non</strong></span> 
     </span>
    </p>
   </div>
   <div class='ocr_carea' id='block_1_14' title="bbox 443 1182 2006 1257">
    <p class='ocr_par' dir='ltr' id='par_1_14' title="bbox 443 1182 2006 1257">
     <span class='ocr_line' id='line_1_14' title="bbox 443 1182 2006 1257; baseline -0.003 -15"><span class='ocrx_word' id='word_1_86' title='bbox 443 1204 574 1245; x_wconf 87' lang='lat' dir='ltr'><strong>vero</strong></span> <span class='ocrx_word' id='word_1_87' title='bbox 606 1201 852 1257; x_wconf 64' lang='lat' dir='ltr'><strong>quarens</strong></span> <span class='ocrx_word' id='word_1_88' title='bbox 884 1197 946 1247; x_wconf 86' lang='lat' dir='ltr'><strong>ut</strong></span> <span class='ocrx_word' id='word_1_89' title='bbox 979 1184 1047 1240; x_wconf 87' lang='lat' dir='ltr'><strong>ab</strong></span> <span class='ocrx_word' id='word_1_90' title='bbox 1093 1187 1200 1240; x_wconf 88' lang='lat' dir='ltr'><strong>alio</strong></span> <span class='ocrx_word' id='word_1_91' title='bbox 1237 1184 1485 1253; x_wconf 89' lang='lat' dir='ltr'><strong>accipiat.</strong></span> <span class='ocrx_word' id='word_1_92' title='bbox 1516 1183 1611 1237; x_wconf 84' lang='lat' dir='ltr'><strong>Est</strong></span> <span class='ocrx_word' id='word_1_93' title='bbox 1652 1182 1797 1235; x_wconf 90' lang='lat' dir='ltr'><strong>enim</strong></span> <span class='ocrx_word' id='word_1_94' title='bbox 1834 1182 2006 1237; x_wconf 83' lang='lat' dir='ltr'><strong>Verbo</strong></span> 
     </span>
    </p>
   </div>
   <div class='ocr_carea' id='block_1_15' title="bbox 444 1273 2003 1347">
    <p class='ocr_par' dir='ltr' id='par_1_15' title="bbox 444 1273 2003 1347">
     <span class='ocr_line' id='line_1_15' title="bbox 444 1273 2003 1347; baseline -0.004 -14"><span class='ocrx_word' id='word_1_95' title='bbox 444 1297 474 1333; x_wconf 89' lang='lat' dir='ltr'><strong>a</strong></span> <span class='ocrx_word' id='word_1_96' title='bbox 536 1290 749 1343; x_wconf 86' lang='lat' dir='ltr'><strong>natura,</strong></span> <span class='ocrx_word' id='word_1_97' title='bbox 802 1289 1055 1347; x_wconf 79' lang='lat' dir='ltr'><strong>tanquam</strong></span> <span class='ocrx_word' id='word_1_98' title='bbox 1104 1278 1257 1339; x_wconf 89' lang='lat' dir='ltr'><strong>Filio,</strong></span> <span class='ocrx_word' id='word_1_99' title='bbox 1310 1287 1369 1331; x_wconf 94' lang='lat' dir='ltr'><strong>ut</strong></span> <span class='ocrx_word' id='word_1_100' title='bbox 1413 1276 1662 1329; x_wconf 87' lang='lat' dir='ltr'><strong>omnibus</strong></span> <span class='ocrx_word' id='word_1_101' title='bbox 1700 1273 2003 1342; x_wconf 65' lang='lat' dir='ltr'><strong>praesideat,</strong></span> 
     </span>
    </p>
   </div>
   <div class='ocr_carea' id='block_1_16' title="bbox 446 1364 2009 1441">
    <p class='ocr_par' dir='ltr' id='par_1_16' title="bbox 446 1364 2009 1441">
     <span class='ocr_line' id='line_1_16' title="bbox 446 1364 2009 1441; baseline -0.004 -17"><span class='ocrx_word' id='word_1_102' title='bbox 446 1386 544 1426; x_wconf 88' lang='lat' dir='ltr'><strong>nec</strong></span> <span class='ocrx_word' id='word_1_103' title='bbox 573 1370 770 1441; x_wconf 86' lang='lat' dir='ltr'><strong>aliquid</strong></span> <span class='ocrx_word' id='word_1_104' title='bbox 800 1370 1128 1425; x_wconf 84' lang='lat' dir='ltr'><strong>adscititium</strong></span> <span class='ocrx_word' id='word_1_105' title='bbox 1169 1378 1227 1423; x_wconf 80' lang='lat' dir='ltr'><strong>ut</strong></span> <span class='ocrx_word' id='word_1_106' title='bbox 1257 1377 1505 1422; x_wconf 84' lang='lat' dir='ltr'><strong>creatura</strong></span> <span class='ocrx_word' id='word_1_107' title='bbox 1538 1366 1751 1419; x_wconf 88' lang='lat' dir='ltr'><strong>habeat.</strong></span> <span class='ocrx_word' id='word_1_108' title='bbox 1799 1364 2009 1418; x_wconf 83' lang='lat' dir='ltr'><strong>Princi-</strong></span> 
     </span>
    </p>
   </div>
   <div class='ocr_carea' id='block_1_17' title="bbox 444 1454 2011 1529">
    <p class='ocr_par' dir='ltr' id='par_1_17' title="bbox 444 1454 2011 1529">
     <span class='ocr_line' id='line_1_17' title="bbox 444 1454 2011 1529; baseline -0.004 -15"><span class='ocrx_word' id='word_1_109' title='bbox 444 1471 599 1529; x_wconf 78' lang='lat' dir='ltr'><strong>patus</strong></span> <span class='ocrx_word' id='word_1_110' title='bbox 633 1462 791 1523; x_wconf 86' lang='lat' dir='ltr'><strong>enim,</strong></span> <span class='ocrx_word' id='word_1_111' title='bbox 832 1460 1023 1528; x_wconf 91' lang='lat' dir='ltr'><strong>inquit,</strong></span> <span class='ocrx_word' id='word_1_112' title='bbox 1063 1475 1217 1526; x_wconf 89' lang='lat' dir='ltr'><strong>super</strong></span> <span class='ocrx_word' id='word_1_113' title='bbox 1265 1459 1536 1510; x_wconf 82' lang='lat' dir='ltr'><strong>humerum</strong></span> <span class='ocrx_word' id='word_1_114' title='bbox 1575 1454 1708 1522; x_wconf 84' lang='lat' dir='ltr'><strong>ejus.</strong></span> <span class='ocrx_word' id='word_1_115' title='bbox 1742 1454 1785 1508; x_wconf 93' lang='lat'><strong>0</strong></span> <span class='ocrx_word' id='word_1_116' title='bbox 1835 1455 2011 1521; x_wconf 83' lang='lat' dir='ltr'><strong>proles</strong></span> 
     </span>
    </p>
   </div>
   <div class='ocr_carea' id='block_1_18' title="bbox 445 1544 2009 1623">
    <p class='ocr_par' dir='ltr' id='par_1_18' title="bbox 445 1544 2009 1623">
     <span class='ocr_line' id='line_1_18' title="bbox 445 1544 2009 1623; baseline -0.006 -17"><span class='ocrx_word' id='word_1_117' title='bbox 445 1554 623 1623; x_wconf 71' lang='lat' dir='ltr'><strong>magni</strong></span> <span class='ocrx_word' id='word_1_118' title='bbox 661 1550 926 1604; x_wconf 89' lang='lat' dir='ltr'><strong>nominis!</strong></span> <span class='ocrx_word' id='word_1_119' title='bbox 972 1548 1153 1616; x_wconf 77' lang='lat' dir='ltr'><strong>Magni</strong></span> <span class='ocrx_word' id='word_1_120' title='bbox 1176 1550 1310 1600; x_wconf 84' lang='lat' dir='ltr'><strong>enim</strong></span> <span class='ocrx_word' id='word_1_121' title='bbox 1348 1544 1573 1609; x_wconf 84' lang='lat' dir='ltr'><strong>consilii,</strong></span> <span class='ocrx_word' id='word_1_122' title='bbox 1607 1545 1795 1613; x_wconf 82' lang='lat' dir='ltr'><strong>inquit,</strong></span> <span class='ocrx_word' id='word_1_123' title='bbox 1853 1561 2009 1612; x_wconf 86' lang='lat' dir='ltr'><strong>ange-</strong></span> 
     </span>
    </p>
   </div>
   <div class='ocr_carea' id='block_1_19' title="bbox 445 1635 2004 1705">
    <p class='ocr_par' dir='ltr' id='par_1_19' title="bbox 445 1635 2004 1705">
     <span class='ocr_line' id='line_1_19' title="bbox 445 1635 2004 1705; baseline -0.005 -10"><span class='ocrx_word' id='word_1_124' title='bbox 445 1644 527 1695; x_wconf 86' lang='lat' dir='ltr'><strong>lus</strong></span> <span class='ocrx_word' id='word_1_125' title='bbox 561 1650 800 1704; x_wconf 83' lang='lat' dir='ltr'><strong>vocatur,</strong></span> <span class='ocrx_word' id='word_1_126' title='bbox 839 1648 887 1692; x_wconf 83' lang='lat' dir='ltr'><strong>et</strong></span> <span class='ocrx_word' id='word_1_127' title='bbox 917 1638 1056 1691; x_wconf 86' lang='lat' dir='ltr'><strong>Deus</strong></span> <span class='ocrx_word' id='word_1_128' title='bbox 1085 1638 1258 1705; x_wconf 80' lang='lat' dir='ltr'><strong>fortis.</strong></span> <span class='ocrx_word' id='word_1_129' title='bbox 1288 1636 1332 1690; x_wconf 95' lang='lat'><strong>0</strong></span> <span class='ocrx_word' id='word_1_130' title='bbox 1370 1641 1605 1702; x_wconf 81' lang='lat' dir='ltr'><strong>potestas</strong></span> <span class='ocrx_word' id='word_1_131' title='bbox 1635 1635 2004 1704; x_wconf 64' lang='lat' dir='ltr'><strong>omnipotens!</strong></span> 
     </span>
    </p>
   </div>
   <div class='ocr_carea' id='block_1_20' title="bbox 444 1726 2000 1793">
    <p class='ocr_par' dir='ltr' id='par_1_20' title="bbox 444 1726 2000 1793">
     <span class='ocr_line' id='line_1_20' title="bbox 444 1726 2000 1793; baseline -0.004 -7"><span class='ocrx_word' id='word_1_132' title='bbox 444 1732 783 1787; x_wconf 79' lang='lat' dir='ltr'><strong>Admirabilis</strong></span> <span class='ocrx_word' id='word_1_133' title='bbox 811 1731 953 1784; x_wconf 90' lang='lat' dir='ltr'><strong>enim</strong></span> <span class='ocrx_word' id='word_1_134' title='bbox 993 1729 1326 1783; x_wconf 85' lang='lat' dir='ltr'><strong>consiliarius</strong></span> <span class='ocrx_word' id='word_1_135' title='bbox 1358 1736 1453 1790; x_wconf 87' lang='lat' dir='ltr'><strong>est,</strong></span> <span class='ocrx_word' id='word_1_136' title='bbox 1482 1736 1530 1778; x_wconf 86' lang='lat' dir='ltr'><strong>ct</strong></span> <span class='ocrx_word' id='word_1_137' title='bbox 1564 1728 1798 1793; x_wconf 80' lang='lat' dir='ltr'><strong>princeps</strong></span> <span class='ocrx_word' id='word_1_138' title='bbox 1838 1726 2000 1793; x_wconf 88' lang='lat' dir='ltr'><strong>pacis.</strong></span> 
     </span>
    </p>
   </div>
   <div class='ocr_carea' id='block_1_21' title="bbox 394 1820 2007 1891">
    <p class='ocr_par' dir='ltr' id='par_1_21' title="bbox 394 1820 2007 1891">
     <span class='ocr_line' id='line_1_21' title="bbox 394 1820 2007 1891; baseline -0.003 -14"><span class='ocrx_word' id='word_1_139' title='bbox 394 1840 408 1861; x_wconf 69' lang='grc' dir='ltr'>δ</span> <span class='ocrx_word' id='word_1_140' title='bbox 449 1826 548 1891; x_wconf 85' lang='lat' dir='ltr'><strong>Qui</strong></span> <span class='ocrx_word' id='word_1_141' title='bbox 613 1840 742 1891; x_wconf 77' lang='lat' dir='ltr'><strong>ergo</strong></span> <span class='ocrx_word' id='word_1_142' title='bbox 784 1822 1236 1877; x_wconf 90' lang='lat' dir='ltr'><strong>celebraverimus</strong></span> <span class='ocrx_word' id='word_1_143' title='bbox 1279 1820 1588 1874; x_wconf 85' lang='lat' dir='ltr'><strong>hodiernam</strong></span> <span class='ocrx_word' id='word_1_144' title='bbox 1623 1820 2007 1873; x_wconf 74' lang='lat' dir='ltr'><strong>festivitatem?</strong></span> 
     </span>
    </p>
   </div>
   <div class='ocr_carea' id='block_1_22' title="bbox 445 1908 2010 1980">
    <p class='ocr_par' dir='ltr' id='par_1_22' title="bbox 445 1908 2010 1980">
     <span class='ocr_line' id='line_1_22' title="bbox 445 1908 2010 1980; baseline -0.004 -12"><span class='ocrx_word' id='word_1_145' title='bbox 445 1914 546 1980; x_wconf 88' lang='lat' dir='ltr'><strong>Qui</strong></span> <span class='ocrx_word' id='word_1_146' title='bbox 614 1914 848 1967; x_wconf 79' lang='lat' dir='ltr'><strong>maxime</strong></span> <span class='ocrx_word' id='word_1_147' title='bbox 888 1910 1219 1980; x_wconf 87' lang='lat' dir='ltr'><strong>spiritualem</strong></span> <span class='ocrx_word' id='word_1_148' title='bbox 1263 1910 1315 1963; x_wconf 91' lang='lat' dir='ltr'><strong>in</strong></span> <span class='ocrx_word' id='word_1_149' title='bbox 1357 1910 1601 1976; x_wconf 66' lang='lat' dir='ltr'><strong>praesenti</strong></span> <span class='ocrx_word' id='word_1_150' title='bbox 1642 1908 2010 1963; x_wconf 83' lang='lat' dir='ltr'><strong>celebritatem</strong></span> 
     </span>
    </p>
   </div>
   <div class='ocr_carea' id='block_1_23' title="bbox 445 2000 2013 2073">
    <p class='ocr_par' dir='ltr' id='par_1_23' title="bbox 445 2000 2013 2073">
     <span class='ocr_line' id='line_1_23' title="bbox 445 2000 2013 2073; baseline -0.003 -13"><span class='ocrx_word' id='word_1_151' title='bbox 445 2007 656 2061; x_wconf 83' lang='lat' dir='ltr'><strong>beatam</strong></span> <span class='ocrx_word' id='word_1_152' title='bbox 709 2002 1215 2073; x_wconf 72' lang='lat' dir='ltr'><strong>prmdicaverimus?</strong></span> <span class='ocrx_word' id='word_1_153' title='bbox 1256 2002 1387 2066; x_wconf 86' lang='lat' dir='ltr'><strong>Quis</strong></span> <span class='ocrx_word' id='word_1_154' title='bbox 1440 2002 1581 2054; x_wconf 88' lang='lat' dir='ltr'><strong>enim</strong></span> <span class='ocrx_word' id='word_1_155' title='bbox 1633 2000 1857 2067; x_wconf 85' lang='lat' dir='ltr'><strong>hujusce</strong></span> <span class='ocrx_word' id='word_1_156' title='bbox 1910 2001 2013 2055; x_wconf 91' lang='lat' dir='ltr'><strong>diei</strong></span> 
     </span>
    </p>
   </div>
   <div class='ocr_carea' id='block_1_24' title="bbox 446 2091 2013 2162">
    <p class='ocr_par' dir='ltr' id='par_1_24' title="bbox 446 2091 2013 2162">
     <span class='ocr_line' id='line_1_24' title="bbox 446 2091 2013 2162; baseline -0.004 -11"><span class='ocrx_word' id='word_1_157' title='bbox 446 2095 781 2151; x_wconf 87' lang='lat' dir='ltr'><strong>immortales</strong></span> <span class='ocrx_word' id='word_1_158' title='bbox 833 2094 1047 2148; x_wconf 87' lang='lat' dir='ltr'><strong>divitias</strong></span> <span class='ocrx_word' id='word_1_159' title='bbox 1084 2091 1461 2162; x_wconf 79' lang='lat' dir='ltr'><strong>investigabit?</strong></span> <span class='ocrx_word' id='word_1_160' title='bbox 1489 2092 1697 2158; x_wconf 80' lang='lat' dir='ltr'><strong>Quibus</strong></span> <span class='ocrx_word' id='word_1_161' title='bbox 1746 2093 2013 2161; x_wconf 70' lang='lat' dir='ltr'><strong>magniso-</strong></span> 
     </span>
    </p>
   </div>
   <div class='ocr_carea' id='block_1_25' title="bbox 446 2182 2016 2255">
    <p class='ocr_par' dir='ltr' id='par_1_25' title="bbox 446 2182 2016 2255">
     <span class='ocr_line' id='line_1_25' title="bbox 446 2182 2016 2255; baseline -0.004 -14"><span class='ocrx_word' id='word_1_162' title='bbox 446 2188 532 2243; x_wconf 88' lang='lat' dir='ltr'><strong>nis</strong></span> <span class='ocrx_word' id='word_1_163' title='bbox 566 2187 980 2255; x_wconf 87' lang='lat' dir='ltr'><strong>elatissimisque</strong></span> <span class='ocrx_word' id='word_1_164' title='bbox 1026 2185 1227 2248; x_wconf 81' lang='lat' dir='ltr'><strong>verbis,</strong></span> <span class='ocrx_word' id='word_1_165' title='bbox 1258 2183 1506 2237; x_wconf 70' lang='lat' dir='ltr'><strong>ostioibus</strong></span> <span class='ocrx_word' id='word_1_166' title='bbox 1558 2182 1781 2236; x_wconf 89' lang='lat' dir='ltr'><strong>canticis</strong></span> <span class='ocrx_word' id='word_1_167' title='bbox 1832 2197 2016 2249; x_wconf 85' lang='lat' dir='ltr'><strong>prose-</strong></span> 
     </span>
    </p>
   </div>
   <div class='ocr_carea' id='block_1_26' title="bbox 446 2273 2015 2348">
    <p class='ocr_par' dir='ltr' id='par_1_26' title="bbox 446 2273 2015 2348">
     <span class='ocr_line' id='line_1_26' title="bbox 446 2273 2015 2348; baseline -0.003 -17"><span class='ocrx_word' id='word_1_168' title='bbox 446 2279 741 2348; x_wconf 81' lang='lat' dir='ltr'><strong>quendum,</strong></span> <span class='ocrx_word' id='word_1_169' title='bbox 795 2293 859 2330; x_wconf 81' lang='lat' dir='ltr'><strong>ac</strong></span> <span class='ocrx_word' id='word_1_170' title='bbox 899 2273 1147 2345; x_wconf 62' lang='lat' dir='ltr'><strong>tropaeale</strong></span> <span class='ocrx_word' id='word_1_171' title='bbox 1186 2284 1586 2329; x_wconf 84' lang='lat' dir='ltr'><strong>sacramentum</strong></span> <span class='ocrx_word' id='word_1_172' title='bbox 1633 2273 1736 2327; x_wconf 88' lang='lat' dir='ltr'><strong>hoc</strong></span> <span class='ocrx_word' id='word_1_173' title='bbox 1803 2274 2015 2341; x_wconf 88' lang='lat' dir='ltr'><strong>procla-</strong></span> 
     </span>
    </p>
   </div>
   <div class='ocr_carea' id='block_1_27' title="bbox 449 2363 2013 2423">
    <p class='ocr_par' dir='ltr' id='par_1_27' title="bbox 449 2363 2013 2423">
     <span class='ocr_line' id='line_1_27' title="bbox 449 2363 2013 2423; baseline -0.005 -1"><span class='ocrx_word' id='word_1_174' title='bbox 449 2368 751 2423; x_wconf 85' lang='lat' dir='ltr'><strong>tnabimus?</strong></span> <span class='ocrx_word' id='word_1_175' title='bbox 821 2370 864 2422; x_wconf 90' lang='lat'>0</span> <span class='ocrx_word' id='word_1_176' title='bbox 939 2368 1054 2422; x_wconf 86' lang='lat' dir='ltr'><strong>dies</strong></span> <span class='ocrx_word' id='word_1_177' title='bbox 1132 2364 1609 2420; x_wconf 87' lang='lat' dir='ltr'><strong>innumerabilibus</strong></span> <span class='ocrx_word' id='word_1_178' title='bbox 1699 2363 2013 2417; x_wconf 83' lang='lat' dir='ltr'><strong>celebranda</strong></span> 
     </span>
    </p>
   </div>
   <div class='ocr_carea' id='block_1_28' title="bbox 446 2453 2011 2528">
    <p class='ocr_par' dir='ltr' id='par_1_28' title="bbox 446 2453 2011 2528">
     <span class='ocr_line' id='line_1_28' title="bbox 446 2453 2011 2528; baseline -0.006 -14"><span class='ocrx_word' id='word_1_179' title='bbox 446 2461 692 2525; x_wconf 87' lang='lat' dir='ltr'><strong>canticis,</strong></span> <span class='ocrx_word' id='word_1_180' title='bbox 728 2461 781 2513; x_wconf 91' lang='lat' dir='ltr'><strong>in</strong></span> <span class='ocrx_word' id='word_1_181' title='bbox 828 2475 933 2528; x_wconf 90' lang='lat' dir='ltr'><strong>qua</strong></span> <span class='ocrx_word' id='word_1_182' title='bbox 974 2459 1126 2511; x_wconf 82' lang='lat' dir='ltr'><strong>nobis</strong></span> <span class='ocrx_word' id='word_1_183' title='bbox 1168 2468 1284 2511; x_wconf 85' lang='lat' dir='ltr'><strong>orta</strong></span> <span class='ocrx_word' id='word_1_184' title='bbox 1334 2468 1417 2509; x_wconf 87' lang='lat' dir='ltr'><strong>est</strong></span> <span class='ocrx_word' id='word_1_185' title='bbox 1462 2456 1612 2509; x_wconf 89' lang='lat' dir='ltr'><strong>stella</strong></span> <span class='ocrx_word' id='word_1_186' title='bbox 1653 2470 1719 2508; x_wconf 82' lang='lat' dir='ltr'><strong>ex</strong></span> <span class='ocrx_word' id='word_1_187' title='bbox 1763 2453 2011 2518; x_wconf 70' lang='lat' dir='ltr'><strong>Iacob”,</strong></span> 
     </span>
    </p>
   </div>
   <div class='ocr_carea' id='block_1_29' title="bbox 447 2546 2010 2621">
    <p class='ocr_par' dir='ltr' id='par_1_29' title="bbox 447 2546 2010 2621">
     <span class='ocr_line' id='line_1_29' title="bbox 447 2546 2010 2621; baseline -0.004 -14"><span class='ocrx_word' id='word_1_188' title='bbox 447 2554 789 2621; x_wconf 70' lang='lat' dir='ltr'><strong>cmlestisque</strong></span> <span class='ocrx_word' id='word_1_189' title='bbox 835 2553 995 2605; x_wconf 86' lang='lat' dir='ltr'><strong>homo</strong></span> <span class='ocrx_word' id='word_1_190' title='bbox 1038 2566 1102 2602; x_wconf 80' lang='lat' dir='ltr'><strong>ex</strong></span> <span class='ocrx_word' id='word_1_191' title='bbox 1141 2549 1297 2602; x_wconf 86' lang='lat' dir='ltr'><strong>Israel</strong></span> <span class='ocrx_word' id='word_1_192' title='bbox 1328 2546 1602 2615; x_wconf 84' lang='lat' dir='ltr'><strong>apparuit,</strong></span> <span class='ocrx_word' id='word_1_193' title='bbox 1637 2560 1699 2597; x_wconf 88' lang='lat' dir='ltr'><strong>ac</strong></span> <span class='ocrx_word' id='word_1_194' title='bbox 1726 2561 1823 2599; x_wconf 91' lang='lat' dir='ltr'><strong>nos</strong></span> <span class='ocrx_word' id='word_1_195' title='bbox 1867 2546 2010 2600; x_wconf 84' lang='lat' dir='ltr'><strong>Deus</strong></span> 
     </span>
    </p>
   </div>
   <div class='ocr_carea' id='block_1_30' title="bbox 450 2638 2017 2709">
    <p class='ocr_par' dir='ltr' id='par_1_30' title="bbox 450 2638 2017 2709">
     <span class='ocr_line' id='line_1_30' title="bbox 450 2638 2017 2709; baseline -0.005 -12"><span class='ocrx_word' id='word_1_196' title='bbox 450 2644 603 2697; x_wconf 83' lang='lat' dir='ltr'><strong>fortis</strong></span> <span class='ocrx_word' id='word_1_197' title='bbox 643 2644 815 2696; x_wconf 88' lang='lat' dir='ltr'><strong>adiit:</strong></span> <span class='ocrx_word' id='word_1_198' title='bbox 862 2641 1062 2709; x_wconf 80' lang='lat' dir='ltr'><strong>Solque</strong></span> <span class='ocrx_word' id='word_1_199' title='bbox 1108 2638 1327 2709; x_wconf 61' lang='lat' dir='ltr'><strong>iustitiae</strong></span> <span class='ocrx_word' id='word_1_200' title='bbox 1374 2638 1735 2702; x_wconf 84' lang='lat' dir='ltr'><strong>obumbravit,</strong></span> <span class='ocrx_word' id='word_1_201' title='bbox 1763 2649 1815 2690; x_wconf 92' lang='lat' dir='ltr'><strong>et</strong></span> <span class='ocrx_word' id='word_1_202' title='bbox 1850 2638 2017 2689; x_wconf 84' lang='lat' dir='ltr'><strong>virtu--</strong></span> 
     </span>
    </p>
   </div>
   <div class='ocr_carea' id='block_1_31' title="bbox 448 2727 2013 2795">
    <p class='ocr_par' dir='ltr' id='par_1_31' title="bbox 448 2727 2013 2795">
     <span class='ocr_line' id='line_1_31' title="bbox 448 2727 2013 2795; baseline -0.004 -11"><span class='ocrx_word' id='word_1_203' title='bbox 448 2744 559 2786; x_wconf 91' lang='lat' dir='ltr'><strong>tum</strong></span> <span class='ocrx_word' id='word_1_204' title='bbox 607 2733 907 2785; x_wconf 87' lang='lat' dir='ltr'><strong>divinarum</strong></span> <span class='ocrx_word' id='word_1_205' title='bbox 950 2731 1231 2782; x_wconf 82' lang='lat' dir='ltr'><strong>thesaurus</strong></span> <span class='ocrx_word' id='word_1_206' title='bbox 1266 2729 1457 2795; x_wconf 89' lang='lat' dir='ltr'><strong>patuit,</strong></span> <span class='ocrx_word' id='word_1_207' title='bbox 1500 2741 1564 2779; x_wconf 88' lang='lat' dir='ltr'><strong>ac</strong></span> <span class='ocrx_word' id='word_1_208' title='bbox 1622 2727 1743 2779; x_wconf 64' lang='lat' dir='ltr'><strong>vitae</strong></span> <span class='ocrx_word' id='word_1_209' title='bbox 1797 2736 2013 2779; x_wconf 68' lang='lat' dir='ltr'><strong>aeterna:</strong></span> 
     </span>
    </p>
   </div>
   <div class='ocr_carea' id='block_1_32' title="bbox 447 2816 2013 2891">
    <p class='ocr_par' dir='ltr' id='par_1_32' title="bbox 447 2816 2013 2891">
     <span class='ocr_line' id='line_1_32' title="bbox 447 2816 2013 2891; baseline -0.005 -15"><span class='ocrx_word' id='word_1_210' title='bbox 447 2823 629 2891; x_wconf 87' lang='lat' dir='ltr'><strong>planta</strong></span> <span class='ocrx_word' id='word_1_211' title='bbox 680 2822 986 2875; x_wconf 90' lang='lat' dir='ltr'><strong>hominibus</strong></span> <span class='ocrx_word' id='word_1_212' title='bbox 1043 2818 1382 2887; x_wconf 82' lang='lat' dir='ltr'><strong>germinavit,</strong></span> <span class='ocrx_word' id='word_1_213' title='bbox 1435 2817 1736 2884; x_wconf 90' lang='lat' dir='ltr'><strong>Oriensque</strong></span> <span class='ocrx_word' id='word_1_214' title='bbox 1789 2816 1855 2870; x_wconf 90' lang='lat' dir='ltr'><strong>de</strong></span> <span class='ocrx_word' id='word_1_215' title='bbox 1905 2816 2013 2868; x_wconf 91' lang='lat' dir='ltr'><strong>alto</strong></span> 
     </span>
    </p>
   </div>
   <div class='ocr_carea' id='block_1_33' title="bbox 448 2908 2014 2975">
    <p class='ocr_par' dir='ltr' id='par_1_33' title="bbox 448 2908 2014 2975">
     <span class='ocr_line' id='line_1_33' title="bbox 448 2908 2014 2975; baseline -0.004 -8"><span class='ocrx_word' id='word_1_216' title='bbox 448 2915 622 2967; x_wconf 78' lang='lat' dir='ltr'><strong>illuxit</strong></span> <span class='ocrx_word' id='word_1_217' title='bbox 686 2920 743 2966; x_wconf 88' lang='lat' dir='ltr'><strong>et</strong></span> <span class='ocrx_word' id='word_1_218' title='bbox 808 2911 1129 2975; x_wconf 68' lang='lat' dir='ltr'><strong>cwlestium,</strong></span> <span class='ocrx_word' id='word_1_219' title='bbox 1184 2908 1521 2963; x_wconf 87' lang='lat' dir='ltr'><strong>terrestrium</strong></span> <span class='ocrx_word' id='word_1_220' title='bbox 1575 2908 2014 2975; x_wconf 78' lang='lat' dir='ltr'><strong>infertiorutnque</strong></span> 
     </span>
    </p>
   </div>
   <div class='ocr_carea' id='block_1_34' title="bbox 398 2992 2013 3085">
    <p class='ocr_par' dir='ltr' id='par_1_34' title="bbox 398 2992 2013 3085">
     <span class='ocr_line' id='line_1_34' title="bbox 398 2992 2013 3085; baseline -0.004 -27"><span class='ocrx_word' id='word_1_221' title='bbox 450 3005 711 3058; x_wconf 88' lang='lat' dir='ltr'><strong>Dominus</strong></span> <span class='ocrx_word' id='word_1_222' title='bbox 742 2999 809 3057; x_wconf 79' lang='lat' dir='ltr'><strong>e&#39;x</strong></span> <span class='ocrx_word' id='word_1_223' title='bbox 846 3004 1087 3071; x_wconf 80' lang='lat' dir='ltr'><strong>virgineo</strong></span> <span class='ocrx_word' id='word_1_224' title='bbox 1132 3014 1449 3070; x_wconf 80' lang='lat' dir='ltr'><strong>progressus</strong></span> <span class='ocrx_word' id='word_1_225' title='bbox 1486 3009 1659 3059; x_wconf 88' lang='lat' dir='ltr'><strong>utero,</strong></span> <span class='ocrx_word' id='word_1_226' title='bbox 1694 3014 1790 3067; x_wconf 89' lang='lat' dir='ltr'><strong>pro</strong></span> <span class='ocrx_word' id='word_1_227' title='bbox 1830 2997 2013 3051; x_wconf 79' lang='lat' dir='ltr'><strong>niundi</strong></span> 
     </span>
    </p>
   </div>
   <div class='ocr_carea' id='block_1_35' title="bbox 352 3086 2084 3187">
    <p class='ocr_par' dir='ltr' id='par_1_35' title="bbox 352 3086 2084 3187">
     <span class='ocr_line' id='line_1_35' title="bbox 352 3086 2084 3187; baseline -0.007 -37"><span class='ocrx_word' id='word_1_228' title='bbox 352 3088 405 3171; x_wconf 37' lang='lat' dir='ltr'><strong>vi</strong></span> <span class='ocrx_word' id='word_1_229' title='bbox 448 3096 834 3163; x_wconf 84' lang='lat' dir='ltr'><strong>redemptione,</strong></span> <span class='ocrx_word' id='word_1_230' title='bbox 875 3094 927 3145; x_wconf 88' lang='lat' dir='ltr'><strong>in</strong></span> <span class='ocrx_word' id='word_1_231' title='bbox 972 3091 1228 3145; x_wconf 90' lang='lat' dir='ltr'><strong>mundum</strong></span> <span class='ocrx_word' id='word_1_232' title='bbox 1269 3090 1668 3156; x_wconf 90' lang='lat' dir='ltr'><strong>corruptibilem</strong></span> <span class='ocrx_word' id='word_1_233' title='bbox 1706 3088 1870 3142; x_wconf 90' lang='lat' dir='ltr'><strong>venit.</strong></span> <span class='ocrx_word' id='word_1_234' title='bbox 1897 3086 2008 3140; x_wconf 81' lang='lat' dir='ltr'><strong>Na-</strong></span> <span class='ocrx_word' id='word_1_235' title='bbox 2042 3131 2084 3187; x_wconf 65' lang='grc' dir='ltr'>Ο</span> 
     </span>
    </p>
   </div>
   <div class='ocr_carea' id='block_1_36' title="bbox 449 3176 2013 3239">
    <p class='ocr_par' dir='ltr' id='par_1_36' title="bbox 449 3176 2013 3239">
     <span class='ocr_line' id='line_1_36' title="bbox 449 3176 2013 3239; baseline -0.007 -1"><span class='ocrx_word' id='word_1_236' title='bbox 449 3196 539 3239; x_wconf 88' lang='lat' dir='ltr'><strong>tus</strong></span> <span class='ocrx_word' id='word_1_237' title='bbox 579 3187 713 3237; x_wconf 83' lang='lat' dir='ltr'><strong>enim</strong></span> <span class='ocrx_word' id='word_1_238' title='bbox 761 3196 838 3238; x_wconf 87' lang='lat' dir='ltr'><strong>est</strong></span> <span class='ocrx_word' id='word_1_239' title='bbox 889 3185 1035 3237; x_wconf 82' lang='lat' dir='ltr'><strong>nobis</strong></span> <span class='ocrx_word' id='word_1_240' title='bbox 1077 3183 1229 3235; x_wconf 84' lang='lat' dir='ltr'><strong>hodie</strong></span> <span class='ocrx_word' id='word_1_241' title='bbox 1273 3180 1512 3235; x_wconf 81' lang='lat' dir='ltr'><strong>Salvator</strong></span> <span class='ocrx_word' id='word_1_242' title='bbox 1561 3177 1803 3232; x_wconf 78' lang='lat' dir='ltr'><strong>Christus</strong></span> <span class='ocrx_word' id='word_1_243' title='bbox 1837 3176 2013 3229; x_wconf 62' lang='lat' dir='ltr'><strong>Domi~</strong></span> 
     </span>
    </p>
   </div>
   <div class='ocr_carea' id='block_1_37' title="bbox 449 3270 2017 3343">
    <p class='ocr_par' dir='ltr' id='par_1_37' title="bbox 449 3270 2017 3343">
     <span class='ocr_line' id='line_1_37' title="bbox 449 3270 2017 3343; baseline -0.006 -14"><span class='ocrx_word' id='word_1_244' title='bbox 449 3277 629 3339; x_wconf 80' lang='lat' dir='ltr'><strong>nus”,</strong></span> <span class='ocrx_word' id='word_1_245' title='bbox 671 3278 763 3343; x_wconf 87' lang='lat' dir='ltr'><strong>qni</strong></span> <span class='ocrx_word' id='word_1_246' title='bbox 827 3276 1001 3328; x_wconf 87' lang='lat' dir='ltr'><strong>lumen</strong></span> <span class='ocrx_word' id='word_1_247' title='bbox 1051 3286 1122 3327; x_wconf 88' lang='lat' dir='ltr'><strong>est</strong></span> <span class='ocrx_word' id='word_1_248' title='bbox 1173 3272 1484 3343; x_wconf 75' lang='lat' dir='ltr'><strong>gentium&quot;,</strong></span> <span class='ocrx_word' id='word_1_249' title='bbox 1527 3279 1581 3324; x_wconf 86' lang='lat' dir='ltr'><strong>et</strong></span> <span class='ocrx_word' id='word_1_250' title='bbox 1628 3270 1775 3323; x_wconf 88' lang='lat' dir='ltr'><strong>salus</strong></span> <span class='ocrx_word' id='word_1_251' title='bbox 1827 3270 2017 3320; x_wconf 90' lang='lat' dir='ltr'><strong>domus</strong></span> 
     </span>
    </p>
   </div>
   <div class='ocr_carea' id='block_1_38' title="bbox 448 3359 2010 3429">
    <p class='ocr_par' dir='ltr' id='par_1_38' title="bbox 448 3359 2010 3429">
     <span class='ocr_line' id='line_1_38' title="bbox 448 3359 2010 3429; baseline -0.005 -12"><span class='ocrx_word' id='word_1_252' title='bbox 448 3364 629 3419; x_wconf 86' lang='lat' dir='ltr'><strong>Israel.</strong></span> <span class='ocrx_word' id='word_1_253' title='bbox 666 3366 709 3420; x_wconf 92' lang='grc' dir='ltr'>Ο</span> <span class='ocrx_word' id='word_1_254' title='bbox 767 3365 1115 3418; x_wconf 87' lang='lat' dir='ltr'><strong>miraculum!</strong></span> <span class='ocrx_word' id='word_1_255' title='bbox 1169 3364 1265 3429; x_wconf 91' lang='lat' dir='ltr'><strong>Qui</strong></span> <span class='ocrx_word' id='word_1_256' title='bbox 1315 3378 1420 3416; x_wconf 91' lang='lat' dir='ltr'><strong>non</strong></span> <span class='ocrx_word' id='word_1_257' title='bbox 1466 3361 1719 3414; x_wconf 89' lang='lat' dir='ltr'><strong>delinitur</strong></span> <span class='ocrx_word' id='word_1_258' title='bbox 1754 3359 1923 3421; x_wconf 76' lang='lat' dir='ltr'><strong>cmlis,</strong></span> <span class='ocrx_word' id='word_1_259' title='bbox 1960 3359 2010 3410; x_wconf 88' lang='lat' dir='ltr'><strong>in</strong></span> 
     </span>
    </p>
   </div>
   <div class='ocr_carea' id='block_1_39' title="bbox 489 3447 2011 3523">
    <p class='ocr_par' dir='ltr' id='par_1_39' title="bbox 489 3447 2011 3523">
     <span class='ocr_line' id='line_1_39' title="bbox 489 3447 2011 3523; baseline -0.004 -16"><span class='ocrx_word' id='word_1_260' title='bbox 489 3457 671 3523; x_wconf 72' lang='lat' dir='ltr'><strong>raasepi</strong></span> <span class='ocrx_word' id='word_1_261' title='bbox 719 3460 1025 3509; x_wconf 87' lang='lat' dir='ltr'><strong>demoratus</strong></span> <span class='ocrx_word' id='word_1_262' title='bbox 1068 3463 1153 3508; x_wconf 83' lang='lat' dir='ltr'><strong>est</strong></span> <span class='ocrx_word' id='word_1_263' title='bbox 1194 3463 1251 3506; x_wconf 87' lang='lat' dir='ltr'><strong>ut</strong></span> <span class='ocrx_word' id='word_1_264' title='bbox 1300 3450 1594 3520; x_wconf 79' lang='lat' dir='ltr'><strong>parvolus:</strong></span> <span class='ocrx_word' id='word_1_265' title='bbox 1628 3452 1827 3519; x_wconf 89' lang='lat' dir='ltr'><strong>quique</strong></span> <span class='ocrx_word' id='word_1_266' title='bbox 1861 3447 2011 3501; x_wconf 83' lang='lat' dir='ltr'><strong>brevi</strong></span> 
     </span>
    </p>
   </div>
   <div class='ocr_carea' id='block_1_40' title="bbox 414 3471 2010 3677">
    <p class='ocr_par' dir='ltr' id='par_1_40' title="bbox 414 3471 2010 3677">
     <span class='ocr_line' id='line_1_40' title="bbox 489 3471 2010 3523; baseline -0.004 -16"><span class='ocrx_word' id='word_1_267' title='bbox 489 3471 671 3523; x_wconf 72' lang='lat' dir='ltr'><strong>raasept</strong></span> <span class='ocrx_word' id='word_1_268' title='bbox 719 3471 1025 3509; x_wconf 77' lang='lat' dir='ltr'><strong>demoratus</strong></span> <span class='ocrx_word' id='word_1_269' title='bbox 1068 3471 1153 3508; x_wconf 72' lang='grc' dir='ltr'>ρει</span> <span class='ocrx_word' id='word_1_270' title='bbox 1194 3471 1251 3506; x_wconf 77' lang='grc' dir='ltr'><strong>ιιι</strong></span> <span class='ocrx_word' id='word_1_271' title='bbox 1300 3471 1594 3520; x_wconf 83' lang='lat' dir='ltr'><strong>parvulus:</strong></span> <span class='ocrx_word' id='word_1_272' title='bbox 1628 3471 1827 3519; x_wconf 74' lang='lat' dir='ltr'><strong>quuquc</strong></span> <span class='ocrx_word' id='word_1_273' title='bbox 1861 3471 2010 3501; x_wconf 80' lang='lat' dir='ltr'><strong>urcu</strong></span> 
     </span>
     <span class='ocr_line' id='line_1_41' title="bbox 414 3471 2010 3677; baseline -0.008 -76"><span class='ocrx_word' id='word_1_274' title='bbox 414 3471 697 3677; x_wconf 63' lang='lat' dir='ltr'><strong>Fumone</strong></span> <span class='ocrx_word' id='word_1_275' title='bbox 730 3546 975 3599; x_wconf 88' lang='lat' dir='ltr'><strong>universa</strong></span> <span class='ocrx_word' id='word_1_276' title='bbox 1019 3544 1315 3606; x_wconf 89' lang='lat' dir='ltr'><strong>constituit,</strong></span> <span class='ocrx_word' id='word_1_277' title='bbox 1350 3541 1704 3596; x_wconf 88' lang='lat' dir='ltr'><strong>muliebribus</strong></span> <span class='ocrx_word' id='word_1_278' title='bbox 1728 3538 2010 3593; x_wconf 80' lang='lat' dir='ltr'><strong>fovebat-ur</strong></span> 
     </span>
     <span class='ocr_line' id='line_1_42' title="bbox 446 3628 2010 3677; baseline 0 0"><span class='ocrx_word' id='word_1_279' title='bbox 446 3637 620 3677; x_wconf 51' lang='lat' dir='ltr'><strong>ninic-</strong></span> <span class='ocrx_word' id='word_1_280' title='bbox 663 3652 725 3677; x_wconf 69' lang='lat' dir='ltr'><strong>an</strong></span> <span class='ocrx_word' id='word_1_281' title='bbox 779 3638 867 3677; x_wconf 77' lang='lat' dir='ltr'><strong>nili</strong></span> <span class='ocrx_word' id='word_1_282' title='bbox 919 3635 1396 3677; x_wconf 66' lang='lat' dir='ltr'><strong>ettnnrnmlpelilms</strong></span> <span class='ocrx_word' id='word_1_283' title='bbox 1444 3634 1696 3677; x_wconf 72' lang='lat' dir='ltr'><strong>omnibus</strong></span> <span class='ocrx_word' id='word_1_284' title='bbox 1726 3628 2010 3677; x_wconf 85' lang='lat' dir='ltr'><strong>virtutibus</strong></span> 
     </span>
    </p>
   </div>
   <div class='ocr_carea' id='block_1_41' title="bbox 446 3628 2011 3706">
    <p class='ocr_par' dir='ltr' id='par_1_41' title="bbox 446 3628 2011 3706">
     <span class='ocr_line' id='line_1_43' title="bbox 446 3628 2011 3706; baseline -0.004 -15"><span class='ocrx_word' id='word_1_285' title='bbox 446 3637 622 3702; x_wconf 66' lang='lat' dir='ltr'><strong>uiuis;</strong></span> <span class='ocrx_word' id='word_1_286' title='bbox 662 3652 727 3691; x_wconf 89' lang='lat' dir='ltr'><strong>ac</strong></span> <span class='ocrx_word' id='word_1_287' title='bbox 779 3638 868 3706; x_wconf 86' lang='lat' dir='ltr'><strong>qui</strong></span> <span class='ocrx_word' id='word_1_288' title='bbox 918 3635 1396 3705; x_wconf 77' lang='lat' dir='ltr'><strong>supercmlestibus</strong></span> <span class='ocrx_word' id='word_1_289' title='bbox 1444 3634 1696 3686; x_wconf 89' lang='lat' dir='ltr'><strong>omnibus</strong></span> <span class='ocrx_word' id='word_1_290' title='bbox 1726 3628 2011 3684; x_wconf 85' lang='lat' dir='ltr'><strong>virtutibus</strong></span> 
     </span>
    </p>
   </div>
   <div class='ocr_carea' id='block_1_42' title="bbox 448 3719 2006 3792">
    <p class='ocr_par' dir='ltr' id='par_1_42' title="bbox 448 3719 2006 3792">
     <span class='ocr_line' id='line_1_44' title="bbox 448 3719 2006 3792; baseline -0.007 -12"><span class='ocrx_word' id='word_1_291' title='bbox 448 3726 665 3780; x_wconf 84' lang='lat' dir='ltr'><strong>donavit</strong></span> <span class='ocrx_word' id='word_1_292' title='bbox 694 3734 751 3778; x_wconf 93' lang='lat' dir='ltr'><strong>ut</strong></span> <span class='ocrx_word' id='word_1_293' title='bbox 776 3736 975 3789; x_wconf 83' lang='lat' dir='ltr'><strong>essent,</strong></span> <span class='ocrx_word' id='word_1_294' title='bbox 1008 3724 1297 3792; x_wconf 90' lang='lat' dir='ltr'><strong>impollutis</strong></span> <span class='ocrx_word' id='word_1_295' title='bbox 1324 3722 1623 3775; x_wconf 79' lang='lat' dir='ltr'><strong>laetabatur</strong></span> <span class='ocrx_word' id='word_1_296' title='bbox 1650 3719 1883 3785; x_wconf 73' lang='lat' dir='ltr'><strong>Virginis</strong></span> <span class='ocrx_word' id='word_1_297' title='bbox 1917 3731 2006 3770; x_wconf 83' lang='lat' dir='ltr'><strong>sa-</strong></span> 
     </span>
    </p>
   </div>
   <div class='ocr_carea' id='block_1_43' title="bbox 448 3809 2008 3880">
    <p class='ocr_par' dir='ltr' id='par_1_43' title="bbox 448 3809 2008 3880">
     <span class='ocr_line' id='line_1_45' title="bbox 448 3809 2008 3880; baseline -0.006 -7"><span class='ocrx_word' id='word_1_298' title='bbox 448 3835 554 3873; x_wconf 72' lang='lat' dir='ltr'><strong>cra:</strong></span> <span class='ocrx_word' id='word_1_299' title='bbox 575 3819 850 3873; x_wconf 90' lang='lat' dir='ltr'><strong>uberibus.</strong></span> <span class='ocrx_word' id='word_1_300' title='bbox 886 3815 1109 3870; x_wconf 83' lang='lat' dir='ltr'><strong>Factum</strong></span> <span class='ocrx_word' id='word_1_301' title='bbox 1150 3816 1286 3869; x_wconf 86' lang='lat' dir='ltr'><strong>enim</strong></span> <span class='ocrx_word' id='word_1_302' title='bbox 1315 3823 1411 3880; x_wconf 82' lang='lat' dir='ltr'><strong>est,</strong></span> <span class='ocrx_word' id='word_1_303' title='bbox 1448 3813 1637 3880; x_wconf 89' lang='lat' dir='ltr'><strong>inquit,</strong></span> <span class='ocrx_word' id='word_1_304' title='bbox 1674 3820 1730 3864; x_wconf 94' lang='lat' dir='ltr'><strong>ut</strong></span> <span class='ocrx_word' id='word_1_305' title='bbox 1762 3809 2008 3880; x_wconf 70' lang='lat' dir='ltr'><strong>Evange~</strong></span> 
     </span>
    </p>
   </div>
   <div class='ocr_carea' id='block_1_44' title="bbox 448 3902 2013 3973">
    <p class='ocr_par' dir='ltr' id='par_1_44' title="bbox 448 3902 2013 3973">
     <span class='ocr_line' id='line_1_46' title="bbox 448 3902 2013 3973; baseline -0.008 -9"><span class='ocrx_word' id='word_1_306' title='bbox 448 3911 577 3965; x_wconf 91' lang='lat' dir='ltr'><strong>lium</strong></span> <span class='ocrx_word' id='word_1_307' title='bbox 612 3920 857 3971; x_wconf 85' lang='lat' dir='ltr'><strong>testatur,</strong></span> <span class='ocrx_word' id='word_1_308' title='bbox 898 3925 1013 3961; x_wconf 86' lang='lat' dir='ltr'><strong>cum</strong></span> <span class='ocrx_word' id='word_1_309' title='bbox 1064 3916 1230 3960; x_wconf 83' lang='lat' dir='ltr'><strong>essent</strong></span> <span class='ocrx_word' id='word_1_310' title='bbox 1278 3906 1371 3967; x_wconf 83' lang='lat' dir='ltr'><strong>ibi,</strong></span> <span class='ocrx_word' id='word_1_311' title='bbox 1411 3903 1609 3973; x_wconf 82' lang='lat' dir='ltr'><strong>impleti</strong></span> <span class='ocrx_word' id='word_1_312' title='bbox 1645 3909 1767 3956; x_wconf 88' lang='lat' dir='ltr'><strong>sunt</strong></span> <span class='ocrx_word' id='word_1_313' title='bbox 1800 3902 1908 3953; x_wconf 88' lang='lat' dir='ltr'><strong>dies</strong></span> <span class='ocrx_word' id='word_1_314' title='bbox 1954 3908 2013 3952; x_wconf 85' lang='lat' dir='ltr'><strong>ut</strong></span> 
     </span>
    </p>
   </div>
   <div class='ocr_carea' id='block_1_45' title="bbox 445 3994 2011 4069">
    <p class='ocr_par' dir='ltr' id='par_1_45' title="bbox 445 3994 2011 4069">
     <span class='ocr_line' id='line_1_47' title="bbox 445 3994 2011 4069; baseline -0.007 -14"><span class='ocrx_word' id='word_1_315' title='bbox 445 4010 673 4069; x_wconf 73' lang='lat' dir='ltr'><strong>pareret.</strong></span> <span class='ocrx_word' id='word_1_316' title='bbox 718 4001 783 4052; x_wconf 78' lang='lat' dir='ltr'><strong>Et</strong></span> <span class='ocrx_word' id='word_1_317' title='bbox 821 4000 1017 4066; x_wconf 84' lang='lat' dir='ltr'><strong>peperit</strong></span> <span class='ocrx_word' id='word_1_318' title='bbox 1071 4000 1238 4066; x_wconf 78' lang='lat' dir='ltr'><strong>ﬁlium</strong></span> <span class='ocrx_word' id='word_1_319' title='bbox 1286 4012 1437 4049; x_wconf 86' lang='lat' dir='ltr'><strong>suum</strong></span> <span class='ocrx_word' id='word_1_320' title='bbox 1483 3994 1906 4064; x_wconf 84' lang='lat' dir='ltr'><strong>primogenitum,</strong></span> <span class='ocrx_word' id='word_1_321' title='bbox 1960 3999 2011 4045; x_wconf 84' lang='lat' dir='ltr'><strong>et</strong></span> 
     </span>
    </p>
   </div>
   <div class='ocr_carea' id='block_1_46' title="bbox 446 4083 2007 4159">
    <p class='ocr_par' dir='ltr' id='par_1_46' title="bbox 446 4083 2007 4159">
     <span class='ocr_line' id='line_1_48' title="bbox 446 4083 2007 4159; baseline -0.006 -15"><span class='ocrx_word' id='word_1_322' title='bbox 446 4094 633 4159; x_wconf 87' lang='lat' dir='ltr'><strong>pannis</strong></span> <span class='ocrx_word' id='word_1_323' title='bbox 665 4106 785 4144; x_wconf 86' lang='lat' dir='ltr'><strong>eum</strong></span> <span class='ocrx_word' id='word_1_324' title='bbox 824 4089 1053 4151; x_wconf 82' lang='lat' dir='ltr'><strong>involvit,</strong></span> <span class='ocrx_word' id='word_1_325' title='bbox 1084 4097 1134 4141; x_wconf 84' lang='lat' dir='ltr'><strong>et</strong></span> <span class='ocrx_word' id='word_1_326' title='bbox 1172 4087 1439 4140; x_wconf 85' lang='lat' dir='ltr'><strong>reclinavit</strong></span> <span class='ocrx_word' id='word_1_327' title='bbox 1470 4101 1587 4138; x_wconf 83' lang='lat' dir='ltr'><strong>eum</strong></span> <span class='ocrx_word' id='word_1_328' title='bbox 1623 4085 1677 4137; x_wconf 85' lang='lat' dir='ltr'><strong>in</strong></span> <span class='ocrx_word' id='word_1_329' title='bbox 1704 4083 1952 4151; x_wconf 74' lang='lat' dir='ltr'><strong>prwsepio</strong></span> <span class='ocrx_word' id='word_1_330' title='bbox 1988 4098 2007 4134; x_wconf 87' lang='lat'><strong><em>:</em></strong></span> 
     </span>
    </p>
   </div>
   <div class='ocr_carea' id='block_1_47' title="bbox 446 4182 1606 4253">
    <p class='ocr_par' dir='ltr' id='par_1_47' title="bbox 446 4182 1606 4253">
     <span class='ocr_line' id='line_1_49' title="bbox 446 4182 1606 4253; baseline 0 -16"><span class='ocrx_word' id='word_1_331' title='bbox 446 4188 569 4253; x_wconf 81' lang='lat' dir='ltr'><strong>quia</strong></span> <span class='ocrx_word' id='word_1_332' title='bbox 597 4202 698 4240; x_wconf 85' lang='lat' dir='ltr'><strong>non</strong></span> <span class='ocrx_word' id='word_1_333' title='bbox 725 4196 835 4239; x_wconf 82' lang='lat' dir='ltr'><strong>erat</strong></span> <span class='ocrx_word' id='word_1_334' title='bbox 877 4186 949 4238; x_wconf 89' lang='lat' dir='ltr'><strong>eis</strong></span> <span class='ocrx_word' id='word_1_335' title='bbox 984 4185 1126 4237; x_wconf 84' lang='lat' dir='ltr'><strong>locus</strong></span> <span class='ocrx_word' id='word_1_336' title='bbox 1149 4185 1203 4237; x_wconf 92' lang='lat' dir='ltr'><strong>in</strong></span> <span class='ocrx_word' id='word_1_337' title='bbox 1245 4184 1526 4237; x_wconf 68' lang='lat' dir='ltr'><strong>diversorio</strong></span> <span class='ocrx_word' id='word_1_338' title='bbox 1543 4182 1606 4237; x_wconf 72' lang='lat'><strong>&quot;.</strong></span> 
     </span>
    </p>
   </div>
   <div class='ocr_carea' id='block_1_48' title="bbox 2177 906 3711 979">
    <p class='ocr_par' dir='ltr' id='par_1_48' title="bbox 2177 906 3711 979">
     <span class='ocr_line' id='line_1_50' title="bbox 2177 906 3711 979; baseline -0.001 -17"><span class='ocrx_word' id='word_1_339' title='bbox 2177 910 2254 962; x_wconf 73' lang='lat'><strong>1&quot;.</strong></span> <span class='ocrx_word' id='word_1_340' title='bbox 2292 906 2476 962; x_wconf 80' lang='grc' dir='ltr'>Ταῦτα</span> <span class='ocrx_word' id='word_1_341' title='bbox 2507 906 2601 959; x_wconf 75' lang='grc' dir='ltr'>τοῦ</span> <span class='ocrx_word' id='word_1_342' title='bbox 2632 906 2919 979; x_wconf 82' lang='grc' dir='ltr'>Προφήτου</span> <span class='ocrx_word' id='word_1_343' title='bbox 2972 906 3109 976; x_wconf 83' lang='grc' dir='ltr'>πρὸς</span> <span class='ocrx_word' id='word_1_344' title='bbox 3135 907 3331 970; x_wconf 81' lang='grc' dir='ltr'>αὐτοὺς</span> <span class='ocrx_word' id='word_1_345' title='bbox 3379 908 3711 978; x_wconf 70' lang='grc' dir='ltr'>εἰρηκότος,</span> 
     </span>
    </p>
   </div>
   <div class='ocr_carea' id='block_1_49' title="bbox 2107 993 3713 1072">
    <p class='ocr_par' dir='ltr' id='par_1_49' title="bbox 2107 993 3713 1072">
     <span class='ocr_line' id='line_1_51' title="bbox 2107 993 3713 1072; baseline -0.001 -19"><span class='ocrx_word' id='word_1_346' title='bbox 2107 1000 2337 1072; x_wconf 78' lang='grc' dir='ltr'><strong>ἐροῦμεν</strong></span> <span class='ocrx_word' id='word_1_347' title='bbox 2354 1001 2447 1052; x_wconf 70' lang='grc' dir='ltr'><strong>καὶ</strong></span> <span class='ocrx_word' id='word_1_348' title='bbox 2461 1001 2641 1068; x_wconf 82' lang='grc' dir='ltr'><strong>ἡμεῖς.</strong></span> <span class='ocrx_word' id='word_1_349' title='bbox 2658 993 2728 1049; x_wconf 78' lang='grc' dir='ltr'>Ὦ</span> <span class='ocrx_word' id='word_1_350' title='bbox 2745 997 2955 1050; x_wconf 81' lang='grc' dir='ltr'>παιδίον</span> <span class='ocrx_word' id='word_1_351' title='bbox 2971 997 3199 1067; x_wconf 85' lang='grc' dir='ltr'>οὐρανοῦ</span> <span class='ocrx_word' id='word_1_352' title='bbox 3214 997 3565 1070; x_wconf 82' lang='grc' dir='ltr'>παλαιότερον</span> <span class='ocrx_word' id='word_1_353' title='bbox 3583 1001 3597 1051; x_wconf 93' lang='lat'><strong>!</strong></span> <span class='ocrx_word' id='word_1_354' title='bbox 3626 995 3713 1051; x_wconf 82' lang='grc' dir='ltr'>Ὅ</span> 
     </span>
    </p>
   </div>
   <div class='ocr_carea' id='block_1_50' title="bbox 2108 1088 3709 1164">
    <p class='ocr_par' dir='ltr' id='par_1_50' title="bbox 2108 1088 3709 1164">
     <span class='ocr_line' id='line_1_52' title="bbox 2108 1088 3709 1164; baseline -0.003 -17"><span class='ocrx_word' id='word_1_355' title='bbox 2108 1092 2407 1164; x_wconf 81' lang='grc' dir='ltr'>τρισόλϐιος</span> <span class='ocrx_word' id='word_1_356' title='bbox 2454 1091 2589 1153; x_wconf 85' lang='grc' dir='ltr'>υἱὸς,</span> <span class='ocrx_word' id='word_1_357' title='bbox 2649 1090 2796 1153; x_wconf 80' lang='grc' dir='ltr'>ὅστις</span> <span class='ocrx_word' id='word_1_358' title='bbox 2848 1091 2937 1140; x_wconf 81' lang='grc' dir='ltr'>ἐπ’</span> <span class='ocrx_word' id='word_1_359' title='bbox 2988 1088 3152 1159; x_wconf 79' lang='grc' dir='ltr'>ὤμων</span> <span class='ocrx_word' id='word_1_360' title='bbox 3193 1091 3317 1159; x_wconf 82' lang='grc' dir='ltr'>ἥκει</span> <span class='ocrx_word' id='word_1_361' title='bbox 3355 1092 3457 1161; x_wconf 86' lang='grc' dir='ltr'>τὴν</span> <span class='ocrx_word' id='word_1_362' title='bbox 3490 1089 3709 1145; x_wconf 76' lang='grc' dir='ltr'>ἑαυτοῦ</span> 
     </span>
    </p>
   </div>
   <div class='ocr_carea' id='block_1_51' title="bbox 2112 1179 3710 1253">
    <p class='ocr_par' dir='ltr' id='par_1_51' title="bbox 2112 1179 3710 1253">
     <span class='ocr_line' id='line_1_53' title="bbox 2112 1179 3710 1253; baseline -0.001 -17"><span class='ocrx_word' id='word_1_363' title='bbox 2112 1182 2392 1253; x_wconf 79' lang='grc' dir='ltr'><strong>βαστάζων</strong></span> <span class='ocrx_word' id='word_1_364' title='bbox 2419 1182 2590 1253; x_wconf 82' lang='grc' dir='ltr'>ἀρχὴν</span> <span class='ocrx_word' id='word_1_365' title='bbox 2619 1180 2719 1251; x_wconf 76' lang='lat'><strong>(5),</strong></span> <span class='ocrx_word' id='word_1_366' title='bbox 2761 1180 2855 1232; x_wconf 66' lang='lat' dir='ltr'><strong>nati</strong></span> <span class='ocrx_word' id='word_1_367' title='bbox 2876 1180 2934 1232; x_wconf 84' lang='grc' dir='ltr'>οὐ</span> <span class='ocrx_word' id='word_1_368' title='bbox 2950 1181 3079 1250; x_wconf 83' lang='grc' dir='ltr'>παρ’</span> <span class='ocrx_word' id='word_1_369' title='bbox 3101 1182 3287 1251; x_wconf 83' lang='grc' dir='ltr'>ἐτέρου</span> <span class='ocrx_word' id='word_1_370' title='bbox 3310 1179 3486 1250; x_wconf 84' lang='grc' dir='ltr'>ζητῶν</span> <span class='ocrx_word' id='word_1_371' title='bbox 3517 1183 3710 1253; x_wconf 76' lang='grc' dir='ltr'>αὐτὴν</span> 
     </span>
    </p>
   </div>
   <div class='ocr_carea' id='block_1_52' title="bbox 2111 1272 3709 1343">
    <p class='ocr_par' dir='ltr' id='par_1_52' title="bbox 2111 1272 3709 1343">
     <span class='ocr_line' id='line_1_54' title="bbox 2111 1272 3709 1343; baseline -0.001 -16"><span class='ocrx_word' id='word_1_372' title='bbox 2111 1273 2462 1343; x_wconf 84' lang='grc' dir='ltr'>κομίσασθαι.</span> <span class='ocrx_word' id='word_1_373' title='bbox 2515 1273 2794 1340; x_wconf 84' lang='grc' dir='ltr'>Ἔμφυτον</span> <span class='ocrx_word' id='word_1_374' title='bbox 2838 1272 2947 1341; x_wconf 76' lang='grc' dir='ltr'>γὰρ</span> <span class='ocrx_word' id='word_1_375' title='bbox 2988 1272 3065 1341; x_wconf 81' lang='grc' dir='ltr'>τῷ</span> <span class='ocrx_word' id='word_1_376' title='bbox 3109 1272 3266 1342; x_wconf 83' lang='grc' dir='ltr'><strong>Λόγῳ</strong></span> <span class='ocrx_word' id='word_1_377' title='bbox 3312 1273 3419 1325; x_wconf 88' lang='grc' dir='ltr'><strong>τῶν</strong></span> <span class='ocrx_word' id='word_1_378' title='bbox 3469 1273 3709 1327; x_wconf 84' lang='grc' dir='ltr'>πάντων</span> 
     </span>
    </p>
   </div>
   <div class='ocr_carea' id='block_1_53' title="bbox 2111 1363 3705 1435">
    <p class='ocr_par' dir='ltr' id='par_1_53' title="bbox 2111 1363 3705 1435">
     <span class='ocr_line' id='line_1_55' title="bbox 2111 1363 3705 1435; baseline -0.003 -17"><span class='ocrx_word' id='word_1_379' title='bbox 2111 1367 2297 1435; x_wconf 77' lang='grc' dir='ltr'>ἄρχειν</span> <span class='ocrx_word' id='word_1_380' title='bbox 2347 1365 2423 1427; x_wconf 80' lang='grc' dir='ltr'>ὡς</span> <span class='ocrx_word' id='word_1_381' title='bbox 2473 1363 2609 1434; x_wconf 82' lang='grc' dir='ltr'>Υίῷ,</span> <span class='ocrx_word' id='word_1_382' title='bbox 2662 1364 2754 1416; x_wconf 78' lang='grc' dir='ltr'><strong>καὶ</strong></span> <span class='ocrx_word' id='word_1_383' title='bbox 2795 1363 2894 1415; x_wconf 83' lang='grc' dir='ltr'><strong>οὐκ</strong></span> <span class='ocrx_word' id='word_1_384' title='bbox 2938 1364 3257 1416; x_wconf 79' lang='grc' dir='ltr'>ἐπείσακτον</span> <span class='ocrx_word' id='word_1_385' title='bbox 3291 1363 3365 1425; x_wconf 87' lang='grc' dir='ltr'><strong>ῶς</strong></span> <span class='ocrx_word' id='word_1_386' title='bbox 3401 1364 3705 1433; x_wconf 81' lang='grc' dir='ltr'>ποιήματι.</span> 
     </span>
    </p>
   </div>
   <div class='ocr_carea' id='block_1_54' title="bbox 2124 1450 3711 1524">
    <p class='ocr_par' dir='ltr' id='par_1_54' title="bbox 2124 1450 3711 1524">
     <span class='ocr_line' id='line_1_56' title="bbox 2124 1450 3711 1524; baseline -0.004 -16"><span class='ocrx_word' id='word_1_387' title='bbox 2124 1455 2191 1508; x_wconf 86' lang='grc' dir='ltr'><em>Ἡ</em></span> <span class='ocrx_word' id='word_1_388' title='bbox 2220 1453 2376 1522; x_wconf 78' lang='grc' dir='ltr'><strong>ἀρχὴ</strong></span> <span class='ocrx_word' id='word_1_389' title='bbox 2406 1456 2536 1524; x_wconf 82' lang='grc' dir='ltr'>γάρ,</span> <span class='ocrx_word' id='word_1_390' title='bbox 2568 1454 2752 1521; x_wconf 76' lang='grc' dir='ltr'>φησὶν,</span> <span class='ocrx_word' id='word_1_391' title='bbox 2792 1452 2889 1506; x_wconf 79' lang='grc' dir='ltr'><strong>ἐπὶ</strong></span> <span class='ocrx_word' id='word_1_392' title='bbox 2926 1453 3030 1505; x_wconf 84' lang='grc' dir='ltr'>τοῦ</span> <span class='ocrx_word' id='word_1_393' title='bbox 3073 1452 3235 1521; x_wconf 80' lang='grc' dir='ltr'>ὤμου</span> <span class='ocrx_word' id='word_1_394' title='bbox 3264 1452 3469 1506; x_wconf 85' lang='grc' dir='ltr'>αὐτοῦ.</span> <span class='ocrx_word' id='word_1_395' title='bbox 3496 1450 3566 1503; x_wconf 82' lang='grc' dir='ltr'><strong><em>Ὦ</em></strong></span> <span class='ocrx_word' id='word_1_396' title='bbox 3597 1468 3711 1522; x_wconf 80' lang='grc' dir='ltr'>με-</span> 
     </span>
    </p>
   </div>
   <div class='ocr_carea' id='block_1_55' title="bbox 2110 1543 3705 1617">
    <p class='ocr_par' dir='ltr' id='par_1_55' title="bbox 2110 1543 3705 1617">
     <span class='ocr_line' id='line_1_57' title="bbox 2110 1543 3705 1617; baseline -0.001 -19"><span class='ocrx_word' id='word_1_397' title='bbox 2110 1547 2428 1617; x_wconf 85' lang='grc' dir='ltr'>γαλώνυμον</span> <span class='ocrx_word' id='word_1_398' title='bbox 2454 1546 2733 1614; x_wconf 80' lang='grc' dir='ltr'>γέννημαὲ</span> <span class='ocrx_word' id='word_1_399' title='bbox 2772 1544 3049 1613; x_wconf 74' lang='grc' dir='ltr'>Μεγάλης</span> <span class='ocrx_word' id='word_1_400' title='bbox 3077 1546 3185 1613; x_wconf 75' lang='grc' dir='ltr'>γὰρ</span> <span class='ocrx_word' id='word_1_401' title='bbox 3207 1543 3464 1610; x_wconf 76' lang='grc' dir='ltr'>βουλῆς,</span> <span class='ocrx_word' id='word_1_402' title='bbox 3498 1545 3705 1615; x_wconf 57' lang='grc' dir='ltr'>φησιν,</span> 
     </span>
    </p>
   </div>
   <div class='ocr_carea' id='block_1_56' title="bbox 2110 1630 3704 1708">
    <p class='ocr_par' dir='ltr' id='par_1_56' title="bbox 2110 1630 3704 1708">
     <span class='ocr_line' id='line_1_58' title="bbox 2110 1630 3704 1708; baseline -0.004 -17"><span class='ocrx_word' id='word_1_403' title='bbox 2110 1639 2380 1708; x_wconf 75' lang='grc' dir='ltr'>ἅγγελος,</span> <span class='ocrx_word' id='word_1_404' title='bbox 2419 1636 2517 1692; x_wconf 77' lang='grc' dir='ltr'>καὶ</span> <span class='ocrx_word' id='word_1_405' title='bbox 2550 1636 2695 1700; x_wconf 80' lang='grc' dir='ltr'>Θεὸς</span> <span class='ocrx_word' id='word_1_406' title='bbox 2729 1635 2976 1704; x_wconf 73' lang='grc' dir='ltr'>ἰσχυρὸς</span> <span class='ocrx_word' id='word_1_407' title='bbox 3003 1634 3343 1704; x_wconf 84' lang='grc' dir='ltr'>ὀνομάζεται.</span> <span class='ocrx_word' id='word_1_408' title='bbox 3377 1630 3445 1685; x_wconf 78' lang='grc' dir='ltr'>Ὅ</span> <span class='ocrx_word' id='word_1_409' title='bbox 3483 1650 3704 1686; x_wconf 78' lang='grc' dir='ltr'>παντο-</span> 
     </span>
    </p>
   </div>
   <div class='ocr_carea' id='block_1_57' title="bbox 2108 1726 3707 1798">
    <p class='ocr_par' dir='ltr' id='par_1_57' title="bbox 2108 1726 3707 1798">
     <span class='ocr_line' id='line_1_59' title="bbox 2108 1726 3707 1798; baseline -0.002 -17"><span class='ocrx_word' id='word_1_410' title='bbox 2108 1729 2340 1798; x_wconf 81' lang='grc' dir='ltr'>δύναμος</span> <span class='ocrx_word' id='word_1_411' title='bbox 2367 1728 2612 1791; x_wconf 73' lang='grc' dir='ltr'>ἐξουσίαί</span> <span class='ocrx_word' id='word_1_412' title='bbox 2651 1728 3006 1795; x_wconf 84' lang='grc' dir='ltr'><strong>Θαυμαστὸς</strong></span> <span class='ocrx_word' id='word_1_413' title='bbox 3038 1727 3145 1795; x_wconf 81' lang='grc' dir='ltr'><strong>γάρ</strong></span> <span class='ocrx_word' id='word_1_414' title='bbox 3182 1728 3548 1794; x_wconf 72' lang='grc' dir='ltr'>σύμϐουλος,</span> <span class='ocrx_word' id='word_1_415' title='bbox 3588 1726 3707 1778; x_wconf 80' lang='grc' dir='ltr'><strong>καὶ</strong></span> 
     </span>
    </p>
   </div>
   <div class='ocr_carea' id='block_1_58' title="bbox 2115 1817 3704 1894">
    <p class='ocr_par' dir='ltr' id='par_1_58' title="bbox 2115 1817 3704 1894">
     <span class='ocr_line' id='line_1_60' title="bbox 2115 1817 3704 1894; baseline -0.002 -23"><span class='ocrx_word' id='word_1_416' title='bbox 2115 1819 2313 1889; x_wconf 76' lang='grc' dir='ltr'>ἅρχων</span> <span class='ocrx_word' id='word_1_417' title='bbox 2349 1819 2592 1887; x_wconf 75' lang='grc' dir='ltr'><strong>εἰρήνης</strong></span> <span class='ocrx_word' id='word_1_418' title='bbox 2642 1820 2777 1871; x_wconf 83' lang='grc' dir='ltr'>ἐστί.</span> <span class='ocrx_word' id='word_1_419' title='bbox 2836 1819 2961 1894; x_wconf 80' lang='grc' dir='ltr'><strong>Πῶς</strong></span> <span class='ocrx_word' id='word_1_420' title='bbox 3016 1819 3193 1870; x_wconf 83' lang='grc' dir='ltr'>τοίνυν</span> <span class='ocrx_word' id='word_1_421' title='bbox 3236 1817 3545 1887; x_wconf 74' lang='grc' dir='ltr'>δοξάσωμεν</span> <span class='ocrx_word' id='word_1_422' title='bbox 3588 1818 3704 1887; x_wconf 78' lang='grc' dir='ltr'>τὴν</span> 
     </span>
    </p>
   </div>
   <div class='ocr_carea' id='block_1_59' title="bbox 2118 1908 3702 1980">
    <p class='ocr_par' dir='ltr' id='par_1_59' title="bbox 2118 1908 3702 1980">
     <span class='ocr_line' id='line_1_61' title="bbox 2118 1908 3702 1980; baseline 0.001 -20"><span class='ocrx_word' id='word_1_423' title='bbox 2118 1911 2353 1979; x_wconf 74' lang='grc' dir='ltr'>σήμερον</span> <span class='ocrx_word' id='word_1_424' title='bbox 2392 1911 2619 1979; x_wconf 84' lang='grc' dir='ltr'>ἐορτήν;</span> <span class='ocrx_word' id='word_1_425' title='bbox 2675 1908 2798 1971; x_wconf 83' lang='grc' dir='ltr'>Πῶς</span> <span class='ocrx_word' id='word_1_426' title='bbox 2859 1910 3250 1980; x_wconf 81' lang='grc' dir='ltr'>μακαρίσωμεν</span> <span class='ocrx_word' id='word_1_427' title='bbox 3302 1910 3399 1979; x_wconf 79' lang='grc' dir='ltr'>τὴν</span> <span class='ocrx_word' id='word_1_428' title='bbox 3444 1910 3537 1961; x_wconf 79' lang='grc' dir='ltr'><strong>ἐπὶ</strong></span> <span class='ocrx_word' id='word_1_429' title='bbox 3593 1910 3702 1961; x_wconf 73' lang='grc' dir='ltr'>τοῦ</span> 
     </span>
    </p>
   </div>
   <div class='ocr_carea' id='block_1_60' title="bbox 2115 1999 3704 2070">
    <p class='ocr_par' dir='ltr' id='par_1_60' title="bbox 2115 1999 3704 2070">
     <span class='ocr_line' id='line_1_62' title="bbox 2115 1999 3704 2070; baseline -0.001 -19"><span class='ocrx_word' id='word_1_430' title='bbox 2115 2001 2379 2070; x_wconf 72' lang='grc' dir='ltr'>παρόντος</span> <span class='ocrx_word' id='word_1_431' title='bbox 2428 2000 2844 2068; x_wconf 78' lang='grc' dir='ltr'>μυστικωτάτην</span> <span class='ocrx_word' id='word_1_432' title='bbox 2917 2001 3251 2069; x_wconf 74' lang='grc' dir='ltr'>πανήγυρινς</span> <span class='ocrx_word' id='word_1_433' title='bbox 3296 2000 3390 2061; x_wconf 82' lang='grc' dir='ltr'><strong>Τίς</strong></span> <span class='ocrx_word' id='word_1_434' title='bbox 3434 1999 3543 2068; x_wconf 88' lang='grc' dir='ltr'>γὰρ</span> <span class='ocrx_word' id='word_1_435' title='bbox 3603 1999 3704 2064; x_wconf 78' lang='grc' dir='ltr'><strong>ἐξ·</strong></span> 
     </span>
    </p>
   </div>
   <div class='ocr_carea' id='block_1_61' title="bbox 2118 2080 3694 2164">
    <p class='ocr_par' dir='ltr' id='par_1_61' title="bbox 2118 2080 3694 2164">
     <span class='ocr_line' id='line_1_63' title="bbox 2118 2080 3694 2164; baseline 0 -17"><span class='ocrx_word' id='word_1_436' title='bbox 2118 2095 2344 2164; x_wconf 82' lang='grc' dir='ltr'>ιχνιάσει</span> <span class='ocrx_word' id='word_1_437' title='bbox 2382 2094 2473 2147; x_wconf 76' lang='grc' dir='ltr'>τὸν</span> <span class='ocrx_word' id='word_1_438' title='bbox 2495 2093 2697 2163; x_wconf 83' lang='grc' dir='ltr'>ταύτης</span> <span class='ocrx_word' id='word_1_439' title='bbox 2738 2093 3066 2164; x_wconf 79' lang='grc' dir='ltr'>τῆςήμέρας</span> <span class='ocrx_word' id='word_1_440' title='bbox 3102 2093 3328 2147; x_wconf 82' lang='grc' dir='ltr'>πλοῦτον</span> <span class='ocrx_word' id='word_1_441' title='bbox 3379 2080 3694 2159; x_wconf 69' lang='grc' dir='ltr'>ἀθάῦατονς</span> 
     </span>
    </p>
   </div>
   <div class='ocr_carea' id='block_1_62' title="bbox 2115 2186 3697 2257">
    <p class='ocr_par' dir='ltr' id='par_1_62' title="bbox 2115 2186 3697 2257">
     <span class='ocr_line' id='line_1_64' title="bbox 2115 2186 3697 2257; baseline 0.002 -20"><span class='ocrx_word' id='word_1_442' title='bbox 2115 2186 2295 2247; x_wconf 88' lang='grc' dir='ltr'>Ποίοις</span> <span class='ocrx_word' id='word_1_443' title='bbox 2332 2186 2659 2256; x_wconf 80' lang='grc' dir='ltr'>μεγαλήχοις</span> <span class='ocrx_word' id='word_1_444' title='bbox 2691 2189 2783 2238; x_wconf 75' lang='grc' dir='ltr'>καὶ</span> <span class='ocrx_word' id='word_1_445' title='bbox 2825 2186 3181 2256; x_wconf 72' lang='grc' dir='ltr'>ὑψηλοτάτοις</span> <span class='ocrx_word' id='word_1_446' title='bbox 3212 2189 3446 2257; x_wconf 79' lang='grc' dir='ltr'>ῥήμασιν</span> <span class='ocrx_word' id='word_1_447' title='bbox 3473 2188 3697 2257; x_wconf 86' lang='grc' dir='ltr'>ἀνακη-</span> 
     </span>
    </p>
   </div>
   <div class='ocr_carea' id='block_1_63' title="bbox 2118 2273 3697 2346">
    <p class='ocr_par' dir='ltr' id='par_1_63' title="bbox 2118 2273 3697 2346">
     <span class='ocr_line' id='line_1_65' title="bbox 2118 2273 3697 2346; baseline 0 -20"><span class='ocrx_word' id='word_1_448' title='bbox 2118 2273 2348 2345; x_wconf 78' lang='grc' dir='ltr'>ρύξομεν</span> <span class='ocrx_word' id='word_1_449' title='bbox 2393 2274 2453 2326; x_wconf 84' lang='grc' dir='ltr'><strong>τὸ</strong></span> <span class='ocrx_word' id='word_1_450' title='bbox 2494 2275 2839 2345; x_wconf 79' lang='grc' dir='ltr'>πανύμνητον</span> <span class='ocrx_word' id='word_1_451' title='bbox 2883 2275 3040 2327; x_wconf 83' lang='grc' dir='ltr'>τοῦτο</span> <span class='ocrx_word' id='word_1_452' title='bbox 3072 2276 3165 2327; x_wconf 71' lang='grc' dir='ltr'>καὶ</span> <span class='ocrx_word' id='word_1_453' title='bbox 3196 2275 3555 2346; x_wconf 72' lang='grc' dir='ltr'>τροπαιοῦχον</span> <span class='ocrx_word' id='word_1_454' title='bbox 3583 2276 3697 2346; x_wconf 80' lang='grc' dir='ltr'>τῆς</span> 
     </span>
    </p>
   </div>
   <div class='ocr_carea' id='block_1_64' title="bbox 2114 2362 3695 2436">
    <p class='ocr_par' dir='ltr' id='par_1_64' title="bbox 2114 2362 3695 2436">
     <span class='ocr_line' id='line_1_66' title="bbox 2114 2362 3695 2436; baseline 0 -19"><span class='ocrx_word' id='word_1_455' title='bbox 2114 2364 2420 2433; x_wconf 72' lang='grc' dir='ltr'>ἀφθαρσίας</span> <span class='ocrx_word' id='word_1_456' title='bbox 2485 2367 2813 2435; x_wconf 85' lang='grc' dir='ltr'>μυστήριον;</span> <span class='ocrx_word' id='word_1_457' title='bbox 2869 2362 2939 2417; x_wconf 82' lang='grc' dir='ltr'><strong><em>Ὦ</em></strong></span> <span class='ocrx_word' id='word_1_458' title='bbox 2999 2366 3179 2436; x_wconf 79' lang='grc' dir='ltr'>ἡμέρα</span> <span class='ocrx_word' id='word_1_459' title='bbox 3243 2366 3448 2436; x_wconf 79' lang='grc' dir='ltr'>μυρίων</span> <span class='ocrx_word' id='word_1_460' title='bbox 3500 2365 3695 2434; x_wconf 73' lang='grc' dir='ltr'>ὕμνων</span> 
     </span>
    </p>
   </div>
   <div class='ocr_carea' id='block_1_65' title="bbox 2115 2451 3693 2529">
    <p class='ocr_par' dir='ltr' id='par_1_65' title="bbox 2115 2451 3693 2529">
     <span class='ocr_line' id='line_1_67' title="bbox 2115 2451 3693 2529; baseline -0.001 -19"><span class='ocrx_word' id='word_1_461' title='bbox 2115 2455 2259 2520; x_wconf 80' lang='grc' dir='ltr'>ἀξία,</span> <span class='ocrx_word' id='word_1_462' title='bbox 2292 2459 2347 2509; x_wconf 84' lang='grc' dir='ltr'>ὲν</span> <span class='ocrx_word' id='word_1_463' title='bbox 2438 2457 2708 2509; x_wconf 83' lang='grc' dir='ltr'>ἀνέτειλεν</span> <span class='ocrx_word' id='word_1_464' title='bbox 2740 2459 2869 2527; x_wconf 82' lang='grc' dir='ltr'>ἡμῖν</span> <span class='ocrx_word' id='word_1_465' title='bbox 2900 2458 2961 2509; x_wconf 81' lang='grc' dir='ltr'><strong>τὸ</strong></span> <span class='ocrx_word' id='word_1_466' title='bbox 3001 2459 3197 2528; x_wconf 81' lang='grc' dir='ltr'>ἄστρον</span> <span class='ocrx_word' id='word_1_467' title='bbox 3244 2457 3302 2521; x_wconf 84' lang='grc' dir='ltr'><strong>ἐξ</strong></span> <span class='ocrx_word' id='word_1_468' title='bbox 3345 2456 3558 2518; x_wconf 84' lang='grc' dir='ltr'>Ἰακὼϐ,</span> <span class='ocrx_word' id='word_1_469' title='bbox 3588 2458 3693 2509; x_wconf 74' lang='grc' dir='ltr'><strong>καὶ</strong></span> 
     </span>
    </p>
   </div>
   <div class='ocr_carea' id='block_1_66' title="bbox 2114 2547 3692 2638">
    <p class='ocr_par' dir='ltr' id='par_1_66' title="bbox 2114 2547 3692 2638">
     <span class='ocr_line' id='line_1_68' title="bbox 2114 2547 3692 2638; baseline 0.001 -39"><span class='ocrx_word' id='word_1_470' title='bbox 2114 2547 2142 2598; x_wconf 83' lang='grc' dir='ltr'>ὁ</span> <span class='ocrx_word' id='word_1_471' title='bbox 2180 2548 2465 2638; x_wconf 73' lang='grc' dir='ltr'>ἄνθρωπος</span> <span class='ocrx_word' id='word_1_472' title='bbox 2515 2549 2543 2599; x_wconf 82' lang='grc' dir='ltr'>ὁ</span> <span class='ocrx_word' id='word_1_473' title='bbox 2585 2550 2850 2619; x_wconf 81' lang='grc' dir='ltr'>οὐράνιος,</span> <span class='ocrx_word' id='word_1_474' title='bbox 2900 2548 2957 2611; x_wconf 83' lang='grc' dir='ltr'>ὃς</span> <span class='ocrx_word' id='word_1_475' title='bbox 2993 2548 3145 2618; x_wconf 71' lang='grc' dir='ltr'>ὤφθη</span> <span class='ocrx_word' id='word_1_476' title='bbox 3194 2548 3252 2612; x_wconf 80' lang='grc' dir='ltr'>ἐξ</span> <span class='ocrx_word' id='word_1_477' title='bbox 3305 2549 3537 2617; x_wconf 84' lang='grc' dir='ltr'>Ἰσραὴλ,</span> <span class='ocrx_word' id='word_1_478' title='bbox 3586 2550 3692 2601; x_wconf 70' lang='grc' dir='ltr'><strong>καὶ</strong></span> 
     </span>
    </p>
   </div>
   <div class='ocr_carea' id='block_1_67' title="bbox 2114 2639 3694 2710">
    <p class='ocr_par' dir='ltr' id='par_1_67' title="bbox 2114 2639 3694 2710">
     <span class='ocr_line' id='line_1_69' title="bbox 2114 2639 3694 2710; baseline 0.001 -20"><span class='ocrx_word' id='word_1_479' title='bbox 2114 2639 2454 2709; x_wconf 77' lang='grc' dir='ltr'>ἐπεδήμησεν</span> <span class='ocrx_word' id='word_1_480' title='bbox 2490 2641 2617 2708; x_wconf 81' lang='grc' dir='ltr'>ἡμῖν</span> <span class='ocrx_word' id='word_1_481' title='bbox 2650 2642 2677 2691; x_wconf 87' lang='lat'><strong>6</strong></span> <span class='ocrx_word' id='word_1_482' title='bbox 2709 2639 2922 2710; x_wconf 81' lang='grc' dir='ltr'>ἰσχυρὸς</span> <span class='ocrx_word' id='word_1_483' title='bbox 2962 2640 3111 2701; x_wconf 79' lang='grc' dir='ltr'>Θεὸς,</span> <span class='ocrx_word' id='word_1_484' title='bbox 3156 2640 3250 2691; x_wconf 74' lang='grc' dir='ltr'><strong>καὶ</strong></span> <span class='ocrx_word' id='word_1_485' title='bbox 3292 2642 3320 2691; x_wconf 88' lang='lat'><strong>6</strong></span> <span class='ocrx_word' id='word_1_486' title='bbox 3347 2640 3446 2708; x_wconf 80' lang='grc' dir='ltr'>τῆς</span> <span class='ocrx_word' id='word_1_487' title='bbox 3478 2640 3694 2692; x_wconf 83' lang='grc' dir='ltr'>δικαιο-</span> 
     </span>
    </p>
   </div>
   <div class='ocr_carea' id='block_1_68' title="bbox 2117 2727 3691 2799">
    <p class='ocr_par' dir='ltr' id='par_1_68' title="bbox 2117 2727 3691 2799">
     <span class='ocr_line' id='line_1_70' title="bbox 2117 2727 3691 2799; baseline 0 -19"><span class='ocrx_word' id='word_1_488' title='bbox 2117 2727 2281 2799; x_wconf 84' lang='grc' dir='ltr'>σύνης</span> <span class='ocrx_word' id='word_1_489' title='bbox 2322 2730 2646 2781; x_wconf 76' lang='grc' dir='ltr'>ἐπεσκίασεν</span> <span class='ocrx_word' id='word_1_490' title='bbox 2690 2728 2874 2797; x_wconf 71' lang='grc' dir='ltr'>ἥλιος,</span> <span class='ocrx_word' id='word_1_491' title='bbox 2924 2731 3015 2781; x_wconf 75' lang='grc' dir='ltr'><strong>καὶ</strong></span> <span class='ocrx_word' id='word_1_492' title='bbox 3048 2733 3074 2781; x_wconf 97' lang='lat'><strong>6</strong></span> <span class='ocrx_word' id='word_1_493' title='bbox 3112 2728 3219 2781; x_wconf 89' lang='grc' dir='ltr'><strong>τῶν</strong></span> <span class='ocrx_word' id='word_1_494' title='bbox 3266 2728 3424 2781; x_wconf 84' lang='grc' dir='ltr'>θείων</span> <span class='ocrx_word' id='word_1_495' title='bbox 3471 2729 3691 2798; x_wconf 80' lang='grc' dir='ltr'>ἀρετῶν</span> 
     </span>
    </p>
   </div>
   <div class='ocr_carea' id='block_1_69' title="bbox 2114 2819 3691 2891">
    <p class='ocr_par' dir='ltr' id='par_1_69' title="bbox 2114 2819 3691 2891">
     <span class='ocr_line' id='line_1_71' title="bbox 2114 2819 3691 2891; baseline 0 -19"><span class='ocrx_word' id='word_1_496' title='bbox 2114 2819 2382 2889; x_wconf 78' lang='grc' dir='ltr'>ὴνέῳκται</span> <span class='ocrx_word' id='word_1_497' title='bbox 2412 2820 2706 2890; x_wconf 86' lang='grc' dir='ltr'>θησαυρὸς,</span> <span class='ocrx_word' id='word_1_498' title='bbox 2747 2822 2843 2873; x_wconf 75' lang='grc' dir='ltr'><strong>καὶ</strong></span> <span class='ocrx_word' id='word_1_499' title='bbox 2882 2822 2941 2873; x_wconf 86' lang='grc' dir='ltr'><strong>τὸ</strong></span> <span class='ocrx_word' id='word_1_500' title='bbox 2966 2824 3065 2891; x_wconf 85' lang='grc' dir='ltr'>τῆς</span> <span class='ocrx_word' id='word_1_501' title='bbox 3099 2821 3317 2873; x_wconf 69' lang='grc' dir='ltr'>αἰωνίου</span> <span class='ocrx_word' id='word_1_502' title='bbox 3348 2821 3489 2890; x_wconf 83' lang='grc' dir='ltr'>ζωῆς</span> <span class='ocrx_word' id='word_1_503' title='bbox 3517 2821 3691 2888; x_wconf 78' lang='grc' dir='ltr'>φυτὸν</span> 
     </span>
    </p>
   </div>
   <div class='ocr_carea' id='block_1_70' title="bbox 2114 2909 3690 2983">
    <p class='ocr_par' dir='ltr' id='par_1_70' title="bbox 2114 2909 3690 2983">
     <span class='ocr_line' id='line_1_72' title="bbox 2114 2909 3690 2983; baseline 0.002 -21"><span class='ocrx_word' id='word_1_504' title='bbox 2114 2909 2417 2980; x_wconf 87' lang='grc' dir='ltr'>ἀνθρώποις</span> <span class='ocrx_word' id='word_1_505' title='bbox 2444 2912 2767 2981; x_wconf 85' lang='grc' dir='ltr'>ἐϐλάστησε,</span> <span class='ocrx_word' id='word_1_506' title='bbox 2816 2912 2907 2964; x_wconf 75' lang='grc' dir='ltr'>καὶ</span> <span class='ocrx_word' id='word_1_507' title='bbox 2953 2915 2986 2982; x_wconf 86' lang='grc' dir='ltr'>ὴ</span> <span class='ocrx_word' id='word_1_508' title='bbox 3031 2913 3260 2983; x_wconf 78' lang='grc' dir='ltr'>ἀνατολὴ</span> <span class='ocrx_word' id='word_1_509' title='bbox 3298 2914 3361 2965; x_wconf 84' lang='grc' dir='ltr'><strong>ἐκ</strong></span> <span class='ocrx_word' id='word_1_510' title='bbox 3388 2914 3481 2965; x_wconf 76' lang='grc' dir='ltr'>τοῦ</span> <span class='ocrx_word' id='word_1_511' title='bbox 3514 2912 3690 2981; x_wconf 75' lang='grc' dir='ltr'>ὕψους</span> 
     </span>
    </p>
   </div>
   <div class='ocr_carea' id='block_1_71' title="bbox 2114 3000 3691 3073">
    <p class='ocr_par' dir='ltr' id='par_1_71' title="bbox 2114 3000 3691 3073">
     <span class='ocr_line' id='line_1_73' title="bbox 2114 3000 3691 3073; baseline 0.003 -20"><span class='ocrx_word' id='word_1_512' title='bbox 2114 3000 2419 3071; x_wconf 76' lang='grc' dir='ltr'>ἐπέλαμψε,</span> <span class='ocrx_word' id='word_1_513' title='bbox 2443 3004 2535 3054; x_wconf 74' lang='grc' dir='ltr'><strong>καὶ</strong></span> <span class='ocrx_word' id='word_1_514' title='bbox 2562 3005 2589 3054; x_wconf 91' lang='lat'><strong>6</strong></span> <span class='ocrx_word' id='word_1_515' title='bbox 2616 3003 2724 3054; x_wconf 86' lang='grc' dir='ltr'><strong>τῶν</strong></span> <span class='ocrx_word' id='word_1_516' title='bbox 2759 3004 3022 3073; x_wconf 70' lang='grc' dir='ltr'>οὐρανίων</span> <span class='ocrx_word' id='word_1_517' title='bbox 3062 3006 3154 3057; x_wconf 77' lang='grc' dir='ltr'>καὶ</span> <span class='ocrx_word' id='word_1_518' title='bbox 3186 3004 3444 3072; x_wconf 82' lang='grc' dir='ltr'>ἐπιγείων</span> <span class='ocrx_word' id='word_1_519' title='bbox 3471 3006 3691 3057; x_wconf 85' lang='grc' dir='ltr'>Δεσπό-</span> 
     </span>
    </p>
   </div>
   <div class='ocr_carea' id='block_1_72' title="bbox 2115 3092 3693 3166">
    <p class='ocr_par' dir='ltr' id='par_1_72' title="bbox 2115 3092 3693 3166">
     <span class='ocr_line' id='line_1_74' title="bbox 2115 3092 3693 3166; baseline 0.003 -23"><span class='ocrx_word' id='word_1_520' title='bbox 2115 3108 2213 3161; x_wconf 88' lang='grc' dir='ltr'><strong>της</strong></span> <span class='ocrx_word' id='word_1_521' title='bbox 2257 3093 2320 3143; x_wconf 86' lang='grc' dir='ltr'><strong>ἐκ</strong></span> <span class='ocrx_word' id='word_1_522' title='bbox 2366 3092 2705 3162; x_wconf 85' lang='grc' dir='ltr'>παρθενικῶν</span> <span class='ocrx_word' id='word_1_523' title='bbox 2752 3093 3011 3162; x_wconf 87' lang='grc' dir='ltr'>λαγόνων,</span> <span class='ocrx_word' id='word_1_524' title='bbox 3048 3095 3188 3166; x_wconf 73' lang='grc' dir='ltr'>ὑπὲρ</span> <span class='ocrx_word' id='word_1_525' title='bbox 3228 3096 3428 3166; x_wconf 82' lang='grc' dir='ltr'>κόσμου</span> <span class='ocrx_word' id='word_1_526' title='bbox 3477 3095 3693 3166; x_wconf 84' lang='grc' dir='ltr'>λυτρώ-</span> 
     </span>
    </p>
   </div>
   <div class='ocr_carea' id='block_1_73' title="bbox 2120 3184 3692 3257">
    <p class='ocr_par' dir='ltr' id='par_1_73' title="bbox 2120 3184 3692 3257">
     <span class='ocr_line' id='line_1_75' title="bbox 2120 3184 3692 3257; baseline 0.003 -22"><span class='ocrx_word' id='word_1_527' title='bbox 2120 3200 2276 3247; x_wconf 87' lang='grc' dir='ltr'>σεως,</span> <span class='ocrx_word' id='word_1_528' title='bbox 2308 3184 2385 3245; x_wconf 77' lang='grc' dir='ltr'>εἰς</span> <span class='ocrx_word' id='word_1_529' title='bbox 2411 3184 2609 3252; x_wconf 82' lang='grc' dir='ltr'>κόσμον</span> <span class='ocrx_word' id='word_1_530' title='bbox 2640 3184 2876 3255; x_wconf 81' lang='grc' dir='ltr'>φθαρτὸν</span> <span class='ocrx_word' id='word_1_531' title='bbox 2904 3185 3180 3255; x_wconf 85' lang='grc' dir='ltr'>ἐλήλυθεν.</span> <span class='ocrx_word' id='word_1_532' title='bbox 3224 3186 3543 3255; x_wconf 78' lang='grc' dir='ltr'><strong>Ἐγεννήθη</strong></span> <span class='ocrx_word' id='word_1_533' title='bbox 3575 3188 3692 3257; x_wconf 71' lang='grc' dir='ltr'>γὰρ</span> 
     </span>
    </p>
   </div>
   <div class='ocr_carea' id='block_1_74' title="bbox 2118 3272 3689 3345">
    <p class='ocr_par' dir='ltr' id='par_1_74' title="bbox 2118 3272 3689 3345">
     <span class='ocr_line' id='line_1_76' title="bbox 2118 3272 3689 3345; baseline 0.003 -18"><span class='ocrx_word' id='word_1_534' title='bbox 2118 3273 2263 3341; x_wconf 76' lang='grc' dir='ltr'><strong>ἡμῖν</strong></span> <span class='ocrx_word' id='word_1_535' title='bbox 2300 3272 2563 3342; x_wconf 80' lang='grc' dir='ltr'>σήμερον</span> <span class='ocrx_word' id='word_1_536' title='bbox 2600 3275 2821 3343; x_wconf 79' lang='grc' dir='ltr'>Σωτὴρ,</span> <span class='ocrx_word' id='word_1_537' title='bbox 2862 3276 2929 3340; x_wconf 81' lang='grc' dir='ltr'>ὅς</span> <span class='ocrx_word' id='word_1_538' title='bbox 2985 3277 3115 3329; x_wconf 81' lang='grc' dir='ltr'>ἐστι</span> <span class='ocrx_word' id='word_1_539' title='bbox 3162 3278 3412 3344; x_wconf 77' lang='grc' dir='ltr'>Χριστὸς</span> <span class='ocrx_word' id='word_1_540' title='bbox 3446 3279 3689 3345; x_wconf 81' lang='grc' dir='ltr'>Κύριος,</span> 
     </span>
    </p>
   </div>
   <div class='ocr_carea' id='block_1_75' title="bbox 2118 3365 3689 3441">
    <p class='ocr_par' dir='ltr' id='par_1_75' title="bbox 2118 3365 3689 3441">
     <span class='ocr_line' id='line_1_77' title="bbox 2118 3365 3689 3441; baseline 0.004 -24"><span class='ocrx_word' id='word_1_541' title='bbox 2118 3366 2263 3427; x_wconf 83' lang='grc' dir='ltr'>ὅστις</span> <span class='ocrx_word' id='word_1_542' title='bbox 2343 3365 2467 3432; x_wconf 65' lang='grc' dir='ltr'>φῶς</span> <span class='ocrx_word' id='word_1_543' title='bbox 2519 3366 2755 3435; x_wconf 80' lang='grc' dir='ltr'>ὑπάρχει</span> <span class='ocrx_word' id='word_1_544' title='bbox 2813 3366 3041 3431; x_wconf 82' lang='grc' dir='ltr'>ἐθνῶν,</span> <span class='ocrx_word' id='word_1_545' title='bbox 3091 3370 3184 3421; x_wconf 66' lang='grc' dir='ltr'><strong>κα)⁸</strong></span> <span class='ocrx_word' id='word_1_546' title='bbox 3235 3372 3473 3441; x_wconf 85' lang='grc' dir='ltr'>σωτηρία</span> <span class='ocrx_word' id='word_1_547' title='bbox 3533 3373 3689 3424; x_wconf 78' lang='grc' dir='ltr'>οἴκου</span> 
     </span>
    </p>
   </div>
   <div class='ocr_carea' id='block_1_76' title="bbox 2128 3452 3685 3530">
    <p class='ocr_par' dir='ltr' id='par_1_76' title="bbox 2128 3452 3685 3530">
     <span class='ocr_line' id='line_1_78' title="bbox 2128 3452 3685 3530; baseline 0.006 -23"><span class='ocrx_word' id='word_1_548' title='bbox 2128 3456 2362 3525; x_wconf 81' lang='grc' dir='ltr'>Ἰσραήλ.</span> <span class='ocrx_word' id='word_1_549' title='bbox 2414 3452 2484 3508; x_wconf 83' lang='grc' dir='ltr'><strong><em>Ὦ</em></strong></span> <span class='ocrx_word' id='word_1_550' title='bbox 2523 3457 2613 3509; x_wconf 79' lang='grc' dir='ltr'>τοῦ</span> <span class='ocrx_word' id='word_1_551' title='bbox 2650 3457 2964 3528; x_wconf 74' lang='grc' dir='ltr'>θαύματοςι</span> <span class='ocrx_word' id='word_1_552' title='bbox 3008 3460 3130 3511; x_wconf 75' lang='grc' dir='ltr'>Ἐπὶ</span> <span class='ocrx_word' id='word_1_553' title='bbox 3182 3462 3386 3530; x_wconf 78' lang='grc' dir='ltr'>φάτνης</span> <span class='ocrx_word' id='word_1_554' title='bbox 3423 3461 3497 3525; x_wconf 86' lang='grc' dir='ltr'><strong>ῶς</strong></span> <span class='ocrx_word' id='word_1_555' title='bbox 3544 3479 3685 3516; x_wconf 80' lang='grc' dir='ltr'>παι-</span> 
     </span>
    </p>
   </div>
   <div class='ocr_carea' id='block_1_77' title="bbox 2115 3545 3685 3624">
    <p class='ocr_par' dir='ltr' id='par_1_77' title="bbox 2115 3545 3685 3624">
     <span class='ocr_line' id='line_1_79' title="bbox 2115 3545 3685 3624; baseline 0.006 -28"><span class='ocrx_word' id='word_1_556' title='bbox 2115 3545 2222 3597; x_wconf 82' lang='grc' dir='ltr'>δίον</span> <span class='ocrx_word' id='word_1_557' title='bbox 2249 3546 2512 3615; x_wconf 79' lang='grc' dir='ltr'>ηὑλίζετο,</span> <span class='ocrx_word' id='word_1_558' title='bbox 2548 3548 2575 3599; x_wconf 91' lang='grc' dir='ltr'>ὀ</span> <span class='ocrx_word' id='word_1_559' title='bbox 2608 3549 2712 3601; x_wconf 84' lang='grc' dir='ltr'><strong>ὑπὸ</strong></span> <span class='ocrx_word' id='word_1_560' title='bbox 2741 3549 2847 3602; x_wconf 89' lang='grc' dir='ltr'><strong>τῶν</strong></span> <span class='ocrx_word' id='word_1_561' title='bbox 2877 3550 3117 3621; x_wconf 78' lang='grc' dir='ltr'>οὐρανῶν</span> <span class='ocrx_word' id='word_1_562' title='bbox 3152 3551 3224 3621; x_wconf 85' lang='grc' dir='ltr'>μὴ</span> <span class='ocrx_word' id='word_1_563' title='bbox 3268 3554 3685 3624; x_wconf 63' lang='grc' dir='ltr'>περιγραφόμε-</span> 
     </span>
    </p>
   </div>
   <div class='ocr_carea' id='block_1_78' title="bbox 2114 3638 3690 3715">
    <p class='ocr_par' dir='ltr' id='par_1_78' title="bbox 2114 3638 3690 3715">
     <span class='ocr_line' id='line_1_80' title="bbox 2114 3638 3690 3715; baseline 0.006 -27"><span class='ocrx_word' id='word_1_564' title='bbox 2114 3652 2222 3699; x_wconf 83' lang='grc' dir='ltr'>νος·</span> <span class='ocrx_word' id='word_1_565' title='bbox 2242 3638 2333 3689; x_wconf 76' lang='grc' dir='ltr'>καὶ</span> <span class='ocrx_word' id='word_1_566' title='bbox 2354 3638 2687 3704; x_wconf 86' lang='grc' dir='ltr'>γυναικείαις</span> <span class='ocrx_word' id='word_1_567' title='bbox 2706 3640 2969 3708; x_wconf 84' lang='grc' dir='ltr'>ἀγκάλαις</span> <span class='ocrx_word' id='word_1_568' title='bbox 2986 3640 3266 3703; x_wconf 83' lang='grc' dir='ltr'>ἐθάλπετο,</span> <span class='ocrx_word' id='word_1_569' title='bbox 3286 3644 3313 3695; x_wconf 90' lang='lat'><strong>6</strong></span> <span class='ocrx_word' id='word_1_570' title='bbox 3336 3643 3475 3713; x_wconf 85' lang='grc' dir='ltr'>λόγῳ</span> <span class='ocrx_word' id='word_1_571' title='bbox 3491 3643 3690 3715; x_wconf 81' lang='grc' dir='ltr'>βραχεῖ</span> 
     </span>
    </p>
   </div>
   <div class='ocr_carea' id='block_1_79' title="bbox 2113 3726 3688 3801">
    <p class='ocr_par' dir='ltr' id='par_1_79' title="bbox 2113 3726 3688 3801">
     <span class='ocr_line' id='line_1_81' title="bbox 2113 3726 3688 3801; baseline 0.006 -23"><span class='ocrx_word' id='word_1_572' title='bbox 2113 3726 2182 3779; x_wconf 86' lang='grc' dir='ltr'><strong>τά</strong></span> <span class='ocrx_word' id='word_1_573' title='bbox 2228 3729 2403 3781; x_wconf 89' lang='grc' dir='ltr'>πάντα</span> <span class='ocrx_word' id='word_1_574' title='bbox 2445 3731 2879 3800; x_wconf 73' lang='grc' dir='ltr'>συστησάμενοςο</span> <span class='ocrx_word' id='word_1_575' title='bbox 2916 3733 3011 3784; x_wconf 81' lang='grc' dir='ltr'>καὶ</span> <span class='ocrx_word' id='word_1_576' title='bbox 3050 3733 3390 3801; x_wconf 83' lang='grc' dir='ltr'>ὲγαλουχεῖτο</span> <span class='ocrx_word' id='word_1_577' title='bbox 3436 3736 3539 3787; x_wconf 84' lang='grc' dir='ltr'><strong>ὑπὸ</strong></span> <span class='ocrx_word' id='word_1_578' title='bbox 3577 3738 3688 3789; x_wconf 86' lang='grc' dir='ltr'><strong>τῶν</strong></span> 
     </span>
    </p>
   </div>
   <div class='ocr_carea' id='block_1_80' title="bbox 2114 3815 3687 3890">
    <p class='ocr_par' dir='ltr' id='par_1_80' title="bbox 2114 3815 3687 3890">
     <span class='ocr_line' id='line_1_82' title="bbox 2114 3815 3687 3890; baseline 0.008 -24"><span class='ocrx_word' id='word_1_579' title='bbox 2114 3815 2391 3885; x_wconf 86' lang='grc' dir='ltr'>άμιάντων</span> <span class='ocrx_word' id='word_1_580' title='bbox 2412 3818 2509 3887; x_wconf 82' lang='grc' dir='ltr'>τῆς</span> <span class='ocrx_word' id='word_1_581' title='bbox 2534 3819 2693 3885; x_wconf 83' lang='grc' dir='ltr'>ἁγίας</span> <span class='ocrx_word' id='word_1_582' title='bbox 2721 3820 2994 3890; x_wconf 79' lang='grc' dir='ltr'>Παρθένου</span> <span class='ocrx_word' id='word_1_583' title='bbox 3025 3823 3263 3890; x_wconf 86' lang='grc' dir='ltr'>μαστῶν,</span> <span class='ocrx_word' id='word_1_584' title='bbox 3287 3826 3315 3876; x_wconf 87' lang='lat'><strong>6</strong></span> <span class='ocrx_word' id='word_1_585' title='bbox 3335 3824 3533 3888; x_wconf 85' lang='grc' dir='ltr'>πάσαις</span> <span class='ocrx_word' id='word_1_586' title='bbox 3563 3831 3687 3889; x_wconf 77' lang='grc' dir='ltr'>ταῖς</span> 
     </span>
    </p>
   </div>
   <div class='ocr_carea' id='block_1_81' title="bbox 2114 3909 3689 3987">
    <p class='ocr_par' dir='ltr' id='par_1_81' title="bbox 2114 3909 3689 3987">
     <span class='ocr_line' id='line_1_83' title="bbox 2114 3909 3689 3987; baseline 0.008 -27"><span class='ocrx_word' id='word_1_587' title='bbox 2114 3909 2510 3979; x_wconf 84' lang='grc' dir='ltr'>ὑπερκοσμίαις</span> <span class='ocrx_word' id='word_1_588' title='bbox 2543 3911 2803 3981; x_wconf 86' lang='grc' dir='ltr'>δυνάμεσι</span> <span class='ocrx_word' id='word_1_589' title='bbox 2830 3914 2887 3965; x_wconf 86' lang='grc' dir='ltr'><strong>τὸ</strong></span> <span class='ocrx_word' id='word_1_590' title='bbox 2920 3909 3056 3966; x_wconf 78' lang='grc' dir='ltr'>εἶναι</span> <span class='ocrx_word' id='word_1_591' title='bbox 3086 3918 3491 3985; x_wconf 84' lang='grc' dir='ltr'>κεχαρισμένος.</span> <span class='ocrx_word' id='word_1_592' title='bbox 3524 3920 3689 3987; x_wconf 78' lang='grc' dir='ltr'><strong>Ἐγέ-</strong></span> 
     </span>
    </p>
   </div>
   <div class='ocr_carea' id='block_1_82' title="bbox 2113 4000 3687 4076">
    <p class='ocr_par' dir='ltr' id='par_1_82' title="bbox 2113 4000 3687 4076">
     <span class='ocr_line' id='line_1_84' title="bbox 2113 4000 3687 4076; baseline 0.007 -24"><span class='ocrx_word' id='word_1_593' title='bbox 2113 4016 2255 4052; x_wconf 79' lang='grc' dir='ltr'>νετο</span> <span class='ocrx_word' id='word_1_594' title='bbox 2280 4000 2407 4071; x_wconf 84' lang='grc' dir='ltr'>γὰρ,</span> <span class='ocrx_word' id='word_1_595' title='bbox 2444 4003 2596 4070; x_wconf 65' lang='grc' dir='ltr'>φησι,</span> <span class='ocrx_word' id='word_1_596' title='bbox 2630 4002 2809 4066; x_wconf 83' lang='grc' dir='ltr'>καθὼς</span> <span class='ocrx_word' id='word_1_597' title='bbox 2839 4008 3107 4076; x_wconf 81' lang='grc' dir='ltr'>μαρτυρεῖ</span> <span class='ocrx_word' id='word_1_598' title='bbox 3140 4007 3200 4059; x_wconf 85' lang='grc' dir='ltr'><strong>τὸ</strong></span> <span class='ocrx_word' id='word_1_599' title='bbox 3230 4007 3578 4076; x_wconf 80' lang='grc' dir='ltr'>Εὐαγγέλιον,</span> <span class='ocrx_word' id='word_1_600' title='bbox 3613 4012 3687 4063; x_wconf 77' lang='grc' dir='ltr'>ἐν</span> 
     </span>
    </p>
   </div>
   <div class='ocr_carea' id='block_1_83' title="bbox 2112 4085 3685 4166">
    <p class='ocr_par' dir='ltr' id='par_1_83' title="bbox 2112 4085 3685 4166">
     <span class='ocr_line' id='line_1_85' title="bbox 2112 4085 3685 4166; baseline 0.008 -25"><span class='ocrx_word' id='word_1_601' title='bbox 2112 4088 2192 4153; x_wconf 85' lang='grc' dir='ltr'>τῷ</span> <span class='ocrx_word' id='word_1_602' title='bbox 2223 4085 2375 4143; x_wconf 69' lang='grc' dir='ltr'>εἶναι</span> <span class='ocrx_word' id='word_1_603' title='bbox 2401 4092 2623 4155; x_wconf 84' lang='grc' dir='ltr'>αὐτοὺς</span> <span class='ocrx_word' id='word_1_604' title='bbox 2649 4093 2791 4155; x_wconf 80' lang='grc' dir='ltr'>ἐκεῖ,</span> <span class='ocrx_word' id='word_1_605' title='bbox 2818 4094 3221 4161; x_wconf 78' lang='grc' dir='ltr'>ἐπλήσθησαν</span> <span class='ocrx_word' id='word_1_606' title='bbox 3251 4101 3310 4150; x_wconf 85' lang='lat' dir='ltr'><strong>al</strong></span> <span class='ocrx_word' id='word_1_607' title='bbox 3339 4099 3545 4166; x_wconf 74' lang='grc' dir='ltr'>ἡμέραι</span> <span class='ocrx_word' id='word_1_608' title='bbox 3571 4101 3685 4154; x_wconf 87' lang='grc' dir='ltr'>τοῦ</span> 
     </span>
    </p>
   </div>
   <div class='ocr_carea' id='block_1_84' title="bbox 2110 4180 3685 4258">
    <p class='ocr_par' dir='ltr' id='par_1_84' title="bbox 2110 4180 3685 4258">
     <span class='ocr_line' id='line_1_86' title="bbox 2110 4180 3685 4258; baseline 0.008 -26"><span class='ocrx_word' id='word_1_609' title='bbox 2110 4180 2306 4233; x_wconf 82' lang='grc' dir='ltr'>τεκεῖν</span> <span class='ocrx_word' id='word_1_610' title='bbox 2326 4180 2538 4249; x_wconf 78' lang='grc' dir='ltr'>αὐτὴν,</span> <span class='ocrx_word' id='word_1_611' title='bbox 2569 4183 2668 4235; x_wconf 80' lang='grc' dir='ltr'>καὶ</span> <span class='ocrx_word' id='word_1_612' title='bbox 2688 4184 2853 4237; x_wconf 77' lang='grc' dir='ltr'>ἔτεκε</span> <span class='ocrx_word' id='word_1_613' title='bbox 2879 4187 2984 4237; x_wconf 86' lang='grc' dir='ltr'>τὸν</span> <span class='ocrx_word' id='word_1_614' title='bbox 3014 4186 3151 4239; x_wconf 74' lang='grc' dir='ltr'>υἱὸν</span> <span class='ocrx_word' id='word_1_615' title='bbox 3179 4188 3367 4256; x_wconf 84' lang='grc' dir='ltr'>αὐτῆς</span> <span class='ocrx_word' id='word_1_616' title='bbox 3396 4189 3501 4242; x_wconf 82' lang='grc' dir='ltr'>τὸν</span> <span class='ocrx_word' id='word_1_617' title='bbox 3532 4207 3685 4258; x_wconf 73' lang='grc' dir='ltr'><strong>πρῶ⁴</strong></span> 
     </span>
    </p>
   </div>
   <div class='ocr_carea' id='block_1_85' title="bbox 446 4269 3685 4349">
    <p class='ocr_par' dir='ltr' id='par_1_85' title="bbox 446 4269 3685 4349">
     <span class='ocr_line' id='line_1_87' title="bbox 446 4269 3685 4349; baseline 0.002 -21"><span class='ocrx_word' id='word_1_618' title='bbox 446 4276 719 4340; x_wconf 74' lang='grc' dir='ltr'>τὸτοκον,</span> <span class='ocrx_word' id='word_1_619' title='bbox 748 4277 845 4329; x_wconf 81' lang='grc' dir='ltr'>καὶ</span> <span class='ocrx_word' id='word_1_620' title='bbox 880 4274 1344 4343; x_wconf 71' lang='grc' dir='ltr'>ἐσπαργάνωσεν</span> <span class='ocrx_word' id='word_1_621' title='bbox 1384 4273 1594 4336; x_wconf 81' lang='grc' dir='ltr'>αὐτὸν,</span> <span class='ocrx_word' id='word_1_622' title='bbox 1624 4271 1723 4325; x_wconf 82' lang='grc' dir='ltr'>καὶ</span> <span class='ocrx_word' id='word_1_623' title='bbox 1764 4269 2082 4324; x_wconf 76' lang='grc' dir='ltr'>ἀνέκλινεν</span> <span class='ocrx_word' id='word_1_624' title='bbox 2137 4270 2323 4323; x_wconf 84' lang='grc' dir='ltr'>αὐτὸν</span> <span class='ocrx_word' id='word_1_625' title='bbox 2373 4271 2443 4322; x_wconf 79' lang='grc' dir='ltr'><strong>ἐν</strong></span> <span class='ocrx_word' id='word_1_626' title='bbox 2478 4270 2549 4338; x_wconf 77' lang='grc' dir='ltr'>τῇ</span> <span class='ocrx_word' id='word_1_627' title='bbox 2581 4272 2797 4342; x_wconf 68' lang='grc' dir='ltr'>φάτνῃ,</span> <span class='ocrx_word' id='word_1_628' title='bbox 2832 4273 2981 4328; x_wconf 85' lang='grc' dir='ltr'>διότι</span> <span class='ocrx_word' id='word_1_629' title='bbox 3019 4278 3130 4329; x_wconf 76' lang='grc' dir='ltr'>οὐκ</span> <span class='ocrx_word' id='word_1_630' title='bbox 3166 4273 3247 4346; x_wconf 84' lang='grc' dir='ltr'>ἦν</span> <span class='ocrx_word' id='word_1_631' title='bbox 3269 4278 3472 4345; x_wconf 82' lang='grc' dir='ltr'>αὐτοῖς</span> <span class='ocrx_word' id='word_1_632' title='bbox 3498 4282 3685 4349; x_wconf 76' lang='grc' dir='ltr'>τόπος</span> 
     </span>
    </p>
   </div>
   <div class='ocr_carea' id='block_1_86' title="bbox 445 4368 1036 4437">
    <p class='ocr_par' dir='ltr' id='par_1_86' title="bbox 445 4368 1036 4437">
     <span class='ocr_line' id='line_1_88' title="bbox 445 4368 1036 4437; baseline 0.002 -14"><span class='ocrx_word' id='word_1_633' title='bbox 445 4369 519 4423; x_wconf 74' lang='grc' dir='ltr'><strong>ἐν</strong></span> <span class='ocrx_word' id='word_1_634' title='bbox 536 4368 616 4434; x_wconf 84' lang='grc' dir='ltr'>τῷ</span> <span class='ocrx_word' id='word_1_635' title='bbox 647 4370 1036 4437; x_wconf 74' lang='grc' dir='ltr'>καταλύματι.</span> 
     </span>
    </p>
   </div>
   <div class='ocr_carea' id='block_1_87' title="bbox 516 4478 2008 4557">
    <p class='ocr_par' dir='ltr' id='par_1_87' title="bbox 516 4484 2008 4556">
     <span class='ocr_line' id='line_1_89' title="bbox 516 4484 2008 4556; baseline -0.003 -14"><span class='ocrx_word' id='word_1_636' title='bbox 516 4489 758 4556; x_wconf 67' lang='lat' dir='ltr'><strong>lV.Quae</strong></span> <span class='ocrx_word' id='word_1_637' title='bbox 804 4504 938 4543; x_wconf 89' lang='lat' dir='ltr'><strong>nova</strong></span> <span class='ocrx_word' id='word_1_638' title='bbox 984 4490 1099 4542; x_wconf 72' lang='lat' dir='ltr'><strong>inec</strong></span> <span class='ocrx_word' id='word_1_639' title='bbox 1142 4496 1197 4543; x_wconf 86' lang='lat' dir='ltr'><strong>et</strong></span> <span class='ocrx_word' id='word_1_640' title='bbox 1247 4485 1507 4539; x_wconf 90' lang='lat' dir='ltr'><strong>mirabilis</strong></span> <span class='ocrx_word' id='word_1_641' title='bbox 1552 4484 1835 4540; x_wconf 80' lang='lat' dir='ltr'><strong>doctrina?</strong></span> <span class='ocrx_word' id='word_1_642' title='bbox 1880 4484 2008 4550; x_wconf 69' lang='lat' dir='ltr'><strong>Quae</strong></span> 
     </span>
    </p>
   </div>
   <div class='ocr_carea' id='block_1_88' title="bbox 2124 4478 3677 4557">
    <p class='ocr_par' dir='ltr' id='par_1_88' title="bbox 2183 4478 3677 4557">
     <span class='ocr_line' id='line_1_90' title="bbox 2183 4478 3677 4557; baseline 0.007 -25"><span class='ocrx_word' id='word_1_643' title='bbox 2183 4478 2255 4533; x_wconf 77' lang='lat' dir='ltr'><strong>A&#39;.</strong></span> <span class='ocrx_word' id='word_1_644' title='bbox 2281 4482 2375 4544; x_wconf 82' lang='grc' dir='ltr'>Τίς</span> <span class='ocrx_word' id='word_1_645' title='bbox 2401 4483 2432 4551; x_wconf 82' lang='grc' dir='ltr'>ἡ</span> <span class='ocrx_word' id='word_1_646' title='bbox 2467 4481 2625 4552; x_wconf 82' lang='grc' dir='ltr'>καινὴ</span> <span class='ocrx_word' id='word_1_647' title='bbox 2655 4483 2747 4535; x_wconf 68' lang='grc' dir='ltr'><strong>καὶ</strong></span> <span class='ocrx_word' id='word_1_648' title='bbox 2795 4481 3092 4553; x_wconf 81' lang='grc' dir='ltr'>παράδοξος</span> <span class='ocrx_word' id='word_1_649' title='bbox 3120 4483 3255 4555; x_wconf 76' lang='grc' dir='ltr'>αὕτη</span> <span class='ocrx_word' id='word_1_650' title='bbox 3286 4488 3677 4557; x_wconf 85' lang='grc' dir='ltr'>μυσταγωγία;</span> 
     </span>
    </p>
   </div>
   <div class='ocr_carea' id='block_1_89' title="bbox 444 4575 2007 4649">
    <p class='ocr_par' dir='ltr' id='par_1_89' title="bbox 444 4575 2007 4649">
     <span class='ocr_line' id='line_1_91' title="bbox 444 4575 2007 4649; baseline -0.005 -14"><span class='ocrx_word' id='word_1_651' title='bbox 444 4582 805 4649; x_wconf 88' lang='lat' dir='ltr'><strong>omnipotens,</strong></span> <span class='ocrx_word' id='word_1_652' title='bbox 845 4590 898 4633; x_wconf 92' lang='lat' dir='ltr'><strong>et</strong></span> <span class='ocrx_word' id='word_1_653' title='bbox 924 4579 1129 4632; x_wconf 80' lang='lat' dir='ltr'><strong>faciens</strong></span> <span class='ocrx_word' id='word_1_654' title='bbox 1168 4579 1471 4640; x_wconf 88' lang='lat' dir='ltr'><strong>mortalem,</strong></span> <span class='ocrx_word' id='word_1_655' title='bbox 1504 4577 1696 4629; x_wconf 65' lang='lat' dir='ltr'><strong>divinae</strong></span> <span class='ocrx_word' id='word_1_656' title='bbox 1719 4575 2007 4629; x_wconf 83' lang='lat' dir='ltr'><strong>Providen-</strong></span> 
     </span>
    </p>
   </div>
   <div class='ocr_carea' id='block_1_90' title="bbox 471 4666 2011 4737">
    <p class='ocr_par' dir='ltr' id='par_1_90' title="bbox 471 4666 2011 4737">
     <span class='ocr_line' id='line_1_92' title="bbox 471 4666 2011 4737; baseline -0.005 -12"><span class='ocrx_word' id='word_1_657' title='bbox 471 4675 534 4726; x_wconf 52' lang='grc' dir='ltr'><strong>ἰαὶ</strong></span> <span class='ocrx_word' id='word_1_658' title='bbox 585 4670 988 4725; x_wconf 82' lang='lat' dir='ltr'><strong>benevolentia?</strong></span> <span class='ocrx_word' id='word_1_659' title='bbox 1052 4668 1201 4735; x_wconf 92' lang='lat' dir='ltr'><strong>Quod</strong></span> <span class='ocrx_word' id='word_1_660' title='bbox 1254 4668 1456 4737; x_wconf 84' lang='lat' dir='ltr'><strong>grande</strong></span> <span class='ocrx_word' id='word_1_661' title='bbox 1517 4666 2011 4734; x_wconf 86' lang='lat' dir='ltr'><strong>astutissimnmqne</strong></span> 
     </span>
    </p>
   </div>
   <div class='ocr_carea' id='block_1_91' title="bbox 447 4754 2010 4827">
    <p class='ocr_par' dir='ltr' id='par_1_91' title="bbox 447 4754 2010 4827">
     <span class='ocr_line' id='line_1_93' title="bbox 447 4754 2010 4827; baseline -0.005 -12"><span class='ocrx_word' id='word_1_662' title='bbox 447 4774 770 4827; x_wconf 71' lang='lat' dir='ltr'><strong>stratagema</strong></span> <span class='ocrx_word' id='word_1_663' title='bbox 819 4760 1079 4813; x_wconf 88' lang='lat' dir='ltr'><strong>adversus</strong></span> <span class='ocrx_word' id='word_1_664' title='bbox 1127 4756 1439 4811; x_wconf 89' lang='lat' dir='ltr'><strong>diabolum?</strong></span> <span class='ocrx_word' id='word_1_665' title='bbox 1494 4754 1715 4807; x_wconf 87' lang='lat' dir='ltr'><strong>Mundus</strong></span> <span class='ocrx_word' id='word_1_666' title='bbox 1770 4762 2010 4807; x_wconf 82' lang='lat' dir='ltr'><strong>assertus</strong></span> 
     </span>
    </p>
   </div>
   <div class='ocr_carea' id='block_1_92' title="bbox 521 4933 1523 5001">
    <p class='ocr_par' dir='ltr' id='par_1_92' title="bbox 521 4933 1523 5001">
     <span class='ocr_line' id='line_1_94' title="bbox 521 4933 1523 5001; baseline -0.006 -11"><span class='ocrx_word' id='word_1_667' title='bbox 521 4936 563 4966; x_wconf 72' lang='lat'><strong><em>”</em></strong></span> <span class='ocrx_word' id='word_1_668' title='bbox 586 4935 744 4992; x_wconf 86' lang='lat' dir='ltr'><strong>Num.</strong></span> <span class='ocrx_word' id='word_1_669' title='bbox 772 4953 916 5001; x_wconf 74' lang='lat' dir='ltr'><strong>xxnv,</strong></span> <span class='ocrx_word' id='word_1_670' title='bbox 948 4937 1032 4989; x_wconf 81' lang='lat' dir='ltr'><strong>l7.</strong></span> <span class='ocrx_word' id='word_1_671' title='bbox 1107 4934 1152 4965; x_wconf 83' lang='grc'>’⁸</span> <span class='ocrx_word' id='word_1_672' title='bbox 1190 4935 1400 4993; x_wconf 83' lang='lat' dir='ltr'><strong>Luc.tt,</strong></span> <span class='ocrx_word' id='word_1_673' title='bbox 1437 4933 1523 4987; x_wconf 76' lang='lat' dir='ltr'><strong>il.</strong></span> 
     </span>
    </p>
   </div>
   <div class='ocr_carea' id='block_1_93' title="bbox 514 5114 2012 5186">
    <p class='ocr_par' dir='ltr' id='par_1_93' title="bbox 514 5114 2012 5186">
     <span class='ocr_line' id='line_1_95' title="bbox 514 5114 2012 5186; baseline -0.003 -16"><span class='ocrx_word' id='word_1_674' title='bbox 514 5116 590 5186; x_wconf 69' lang='grc'><strong>(4)</strong></span> <span class='ocrx_word' id='word_1_675' title='bbox 630 5116 817 5184; x_wconf 83' lang='grc' dir='ltr'>Μέχρι</span> <span class='ocrx_word' id='word_1_676' title='bbox 847 5115 956 5183; x_wconf 76' lang='grc' dir='ltr'>γὰρ</span> <span class='ocrx_word' id='word_1_677' title='bbox 1003 5115 1227 5181; x_wconf 80' lang='grc' dir='ltr'>σαρκὸς</span> <span class='ocrx_word' id='word_1_678' title='bbox 1261 5114 1354 5167; x_wconf 84' lang='grc' dir='ltr'>δεῖ</span> <span class='ocrx_word' id='word_1_679' title='bbox 1384 5114 1834 5184; x_wconf 78' lang='grc' dir='ltr'>συγκαταϐῆναι</span> <span class='ocrx_word' id='word_1_680' title='bbox 1863 5114 2012 5181; x_wconf 85' lang='grc' dir='ltr'>πρὸς</span> 
     </span>
    </p>
   </div>
   <div class='ocr_carea' id='block_1_94' title="bbox 439 5186 2006 5257">
    <p class='ocr_par' dir='ltr' id='par_1_94' title="bbox 439 5186 2006 5257">
     <span class='ocr_line' id='line_1_96' title="bbox 439 5186 2006 5257; baseline -0.003 -16"><span class='ocrx_word' id='word_1_681' title='bbox 439 5186 625 5257; x_wconf 71' lang='grc' dir='ltr'>ἡμᾶς,</span> <span class='ocrx_word' id='word_1_682' title='bbox 658 5190 803 5239; x_wconf 89' lang='lat' dir='ltr'><strong>velut</strong></span> <span class='ocrx_word' id='word_1_683' title='bbox 832 5187 1266 5257; x_wconf 74' lang='lat' dir='ltr'><strong>condescendat:</strong></span> <span class='ocrx_word' id='word_1_684' title='bbox 1298 5187 1487 5257; x_wconf 71' lang='lat' dir='ltr'><strong>sedeat</strong></span> <span class='ocrx_word' id='word_1_685' title='bbox 1530 5200 1631 5257; x_wconf 60' lang='lat' dir='ltr'><strong>vos</strong></span> <span class='ocrx_word' id='word_1_686' title='bbox 1665 5187 1849 5257; x_wconf 88' lang='lat' dir='ltr'><strong>durior</strong></span> <span class='ocrx_word' id='word_1_687' title='bbox 1887 5196 2006 5249; x_wconf 84' lang='lat' dir='ltr'><strong>est;</strong></span> 
     </span>
    </p>
   </div>
   <div class='ocr_carea' id='block_1_95' title="bbox 443 5253 2009 5324">
    <p class='ocr_par' dir='ltr' id='par_1_95' title="bbox 443 5253 2009 5324">
     <span class='ocr_line' id='line_1_97' title="bbox 443 5253 2009 5324; baseline -0.002 -16"><span class='ocrx_word' id='word_1_688' title='bbox 443 5253 749 5324; x_wconf 81' lang='lat' dir='ltr'><strong>quanquam</strong></span> <span class='ocrx_word' id='word_1_689' title='bbox 798 5255 969 5324; x_wconf 62' lang='lat' dir='ltr'><strong>habet</strong></span> <span class='ocrx_word' id='word_1_690' title='bbox 1001 5253 1339 5319; x_wconf 85' lang='lat' dir='ltr'><strong>Bernardus,</strong></span> <span class='ocrx_word' id='word_1_691' title='bbox 1371 5255 1483 5309; x_wconf 80' lang='lat' dir='ltr'><strong>sive</strong></span> <span class='ocrx_word' id='word_1_692' title='bbox 1534 5255 1777 5323; x_wconf 85' lang='lat' dir='ltr'><strong>quisquis</strong></span> <span class='ocrx_word' id='word_1_693' title='bbox 1821 5264 2009 5307; x_wconf 88' lang='lat' dir='ltr'><strong>auctor</strong></span> 
     </span>
    </p>
   </div>
   <div class='ocr_carea' id='block_1_96' title="bbox 441 5321 2010 5392">
    <p class='ocr_par' dir='ltr' id='par_1_96' title="bbox 441 5321 2010 5392">
     <span class='ocr_line' id='line_1_98' title="bbox 441 5321 2010 5392; baseline -0.002 -14"><span class='ocrx_word' id='word_1_694' title='bbox 441 5321 524 5379; x_wconf 78' lang='lat' dir='ltr'><strong>est</strong></span> <span class='ocrx_word' id='word_1_695' title='bbox 548 5321 812 5379; x_wconf 76' lang='lat' dir='ltr'><strong>sermonis</strong></span> <span class='ocrx_word' id='word_1_696' title='bbox 844 5324 897 5375; x_wconf 90' lang='lat' dir='ltr'><strong>in</strong></span> <span class='ocrx_word' id='word_1_697' title='bbox 928 5321 1261 5392; x_wconf 85' lang='lat' dir='ltr'><strong>Evangelium</strong></span> <span class='ocrx_word' id='word_1_698' title='bbox 1287 5324 1429 5392; x_wconf 77' lang='lat' dir='ltr'><strong>infra</strong></span> <span class='ocrx_word' id='word_1_699' title='bbox 1451 5321 1564 5376; x_wconf 60' lang='grc' dir='ltr'>οειί</span> <span class='ocrx_word' id='word_1_700' title='bbox 1586 5321 1850 5392; x_wconf 80' lang='lat' dir='ltr'><strong>Epiphan.</strong></span> <span class='ocrx_word' id='word_1_701' title='bbox 1885 5324 2010 5376; x_wconf 57' lang='lat' dir='ltr'><strong>lini-</strong></span> 
     </span>
    </p>
   </div>
   <div class='ocr_carea' id='block_1_97' title="bbox 445 5392 2007 5459">
    <p class='ocr_par' dir='ltr' id='par_1_97' title="bbox 445 5392 2007 5459">
     <span class='ocr_line' id='line_1_99' title="bbox 445 5392 2007 5459; baseline -0.002 -13"><span class='ocrx_word' id='word_1_702' title='bbox 445 5395 539 5448; x_wconf 82' lang='lat' dir='ltr'><strong>tati</strong></span> <span class='ocrx_word' id='word_1_703' title='bbox 572 5410 755 5448; x_wconf 86' lang='lat' dir='ltr'><strong>sumus</strong></span> <span class='ocrx_word' id='word_1_704' title='bbox 783 5408 1031 5459; x_wconf 81' lang='lat' dir='ltr'><strong>magnum</strong></span> <span class='ocrx_word' id='word_1_705' title='bbox 1083 5393 1315 5447; x_wconf 84' lang='lat' dir='ltr'><strong>Leonem</strong></span> <span class='ocrx_word' id='word_1_706' title='bbox 1347 5398 1396 5444; x_wconf 88' lang='lat' dir='ltr'><strong>in</strong></span> <span class='ocrx_word' id='word_1_707' title='bbox 1426 5394 1543 5457; x_wconf 91' lang='lat' dir='ltr'><strong>illo,</strong></span> <span class='ocrx_word' id='word_1_708' title='bbox 1575 5392 1643 5446; x_wconf 87' lang='lat' dir='ltr'><strong>Se</strong></span> <span class='ocrx_word' id='word_1_709' title='bbox 1685 5392 1828 5445; x_wconf 87' lang='lat' dir='ltr'><strong>nobis</strong></span> <span class='ocrx_word' id='word_1_710' title='bbox 1856 5392 2007 5444; x_wconf 85' lang='lat' dir='ltr'><strong>incli-</strong></span> 
     </span>
    </p>
   </div>
   <div class='ocr_carea' id='block_1_98' title="bbox 445 5463 2002 5533">
    <p class='ocr_par' dir='ltr' id='par_1_98' title="bbox 445 5463 2002 5533">
     <span class='ocr_line' id='line_1_100' title="bbox 445 5463 2002 5533; baseline -0.001 -18"><span class='ocrx_word' id='word_1_711' title='bbox 445 5476 547 5517; x_wconf 83' lang='lat' dir='ltr'><strong>net.</strong></span> <span class='ocrx_word' id='word_1_712' title='bbox 593 5464 797 5517; x_wconf 84' lang='lat' dir='ltr'><strong>Passim</strong></span> <span class='ocrx_word' id='word_1_713' title='bbox 844 5464 1012 5515; x_wconf 91' lang='lat' dir='ltr'><strong>utitur</strong></span> <span class='ocrx_word' id='word_1_714' title='bbox 1070 5464 1481 5533; x_wconf 79' lang='lat' dir='ltr'><strong>Chrysostontns</strong></span> <span class='ocrx_word' id='word_1_715' title='bbox 1503 5480 1564 5517; x_wconf 90' lang='lat' dir='ltr'><strong>ea</strong></span> <span class='ocrx_word' id='word_1_716' title='bbox 1601 5477 1729 5533; x_wconf 83' lang='lat' dir='ltr'><strong>voce</strong></span> <span class='ocrx_word' id='word_1_717' title='bbox 1761 5465 1920 5515; x_wconf 87' lang='lat' dir='ltr'><strong>etiam</strong></span> <span class='ocrx_word' id='word_1_718' title='bbox 1953 5463 2002 5514; x_wconf 91' lang='lat' dir='ltr'><strong>in</strong></span> 
     </span>
    </p>
   </div>
   <div class='ocr_carea' id='block_1_99' title="bbox 444 5532 2005 5600">
    <p class='ocr_par' dir='ltr' id='par_1_99' title="bbox 444 5532 2005 5600">
     <span class='ocr_line' id='line_1_101' title="bbox 444 5532 2005 5600; baseline -0.001 -15"><span class='ocrx_word' id='word_1_719' title='bbox 444 5537 666 5585; x_wconf 82' lang='lat' dir='ltr'><strong>materia</strong></span> <span class='ocrx_word' id='word_1_720' title='bbox 700 5534 919 5586; x_wconf 85' lang='lat' dir='ltr'><strong>visionis</strong></span> <span class='ocrx_word' id='word_1_721' title='bbox 942 5571 957 5595; x_wconf 88' lang='lat'><strong>,</strong></span> <span class='ocrx_word' id='word_1_722' title='bbox 994 5533 1083 5585; x_wconf 90' lang='lat' dir='ltr'><strong>ubi</strong></span> <span class='ocrx_word' id='word_1_723' title='bbox 1116 5532 1277 5586; x_wconf 81' lang='lat' dir='ltr'><strong>etiam</strong></span> <span class='ocrx_word' id='word_1_724' title='bbox 1315 5532 1556 5600; x_wconf 64' lang='lat' dir='ltr'><strong>quazdatn</strong></span> <span class='ocrx_word' id='word_1_725' title='bbox 1585 5542 1669 5585; x_wconf 84' lang='lat' dir='ltr'><strong>est</strong></span> <span class='ocrx_word' id='word_1_726' title='bbox 1698 5532 1786 5585; x_wconf 87' lang='lat' dir='ltr'><strong>Dei</strong></span> <span class='ocrx_word' id='word_1_727' title='bbox 1825 5534 1877 5585; x_wconf 88' lang='lat' dir='ltr'><strong>in</strong></span> <span class='ocrx_word' id='word_1_728' title='bbox 1912 5547 2005 5583; x_wconf 85' lang='lat' dir='ltr'><strong>nos</strong></span> 
     </span>
    </p>
   </div>
   <div class='ocr_carea' id='block_1_100' title="bbox 446 5602 2002 5671">
    <p class='ocr_par' dir='ltr' id='par_1_100' title="bbox 446 5602 2002 5671">
     <span class='ocr_line' id='line_1_102' title="bbox 446 5602 2002 5671; baseline -0.003 -16"><span class='ocrx_word' id='word_1_729' title='bbox 446 5604 743 5664; x_wconf 83' lang='lat' dir='ltr'><strong>inclinatio,</strong></span> <span class='ocrx_word' id='word_1_730' title='bbox 784 5604 1207 5671; x_wconf 82' lang='lat' dir='ltr'><strong>compusitioque</strong></span> <span class='ocrx_word' id='word_1_731' title='bbox 1247 5602 1311 5654; x_wconf 85' lang='lat' dir='ltr'><strong>ad</strong></span> <span class='ocrx_word' id='word_1_732' title='bbox 1358 5610 1597 5654; x_wconf 88' lang='lat' dir='ltr'><strong>nostrum</strong></span> <span class='ocrx_word' id='word_1_733' title='bbox 1634 5602 1871 5664; x_wconf 88' lang='lat' dir='ltr'><strong>modum,</strong></span> <span class='ocrx_word' id='word_1_734' title='bbox 1914 5615 2002 5669; x_wconf 86' lang='lat' dir='ltr'><strong>qut</strong></span> 
     </span>
    </p>
   </div>
   <div class='ocr_carea' id='block_1_101' title="bbox 444 5671 2005 5740">
    <p class='ocr_par' dir='ltr' id='par_1_101' title="bbox 444 5671 2005 5740">
     <span class='ocr_line' id='line_1_103' title="bbox 444 5671 2005 5740; baseline -0.003 -14"><span class='ocrx_word' id='word_1_735' title='bbox 444 5687 503 5726; x_wconf 84' lang='lat' dir='ltr'><strong>se</strong></span> <span class='ocrx_word' id='word_1_736' title='bbox 535 5674 815 5725; x_wconf 88' lang='lat' dir='ltr'><strong>videndum</strong></span> <span class='ocrx_word' id='word_1_737' title='bbox 869 5672 1135 5740; x_wconf 53' lang='lat' dir='ltr'><strong>praebeat,</strong></span> <span class='ocrx_word' id='word_1_738' title='bbox 1187 5688 1289 5724; x_wconf 91' lang='lat' dir='ltr'><strong>non</strong></span> <span class='ocrx_word' id='word_1_739' title='bbox 1334 5681 1563 5737; x_wconf 81' lang='lat' dir='ltr'><strong>quantus</strong></span> <span class='ocrx_word' id='word_1_740' title='bbox 1601 5682 1683 5724; x_wconf 69' lang='lat' dir='ltr'><strong>est</strong></span> <span class='ocrx_word' id='word_1_741' title='bbox 1734 5674 1883 5739; x_wconf 88' lang='lat' dir='ltr'><strong>ipse,</strong></span> <span class='ocrx_word' id='word_1_742' title='bbox 1913 5671 2005 5722; x_wconf 86' lang='lat' dir='ltr'><strong>sed</strong></span> 
     </span>
    </p>
   </div>
   <div class='ocr_carea' id='block_1_102' title="bbox 446 5740 2001 5812">
    <p class='ocr_par' dir='ltr' id='par_1_102' title="bbox 446 5740 2001 5812">
     <span class='ocr_line' id='line_1_104' title="bbox 446 5740 2001 5812; baseline -0.001 -17"><span class='ocrx_word' id='word_1_743' title='bbox 446 5753 704 5812; x_wconf 90' lang='lat' dir='ltr'><strong>quantum</strong></span> <span class='ocrx_word' id='word_1_744' title='bbox 742 5742 855 5809; x_wconf 84' lang='lat' dir='ltr'><strong>ejus</strong></span> <span class='ocrx_word' id='word_1_745' title='bbox 893 5744 1093 5796; x_wconf 87' lang='lat' dir='ltr'><strong>lumine</strong></span> <span class='ocrx_word' id='word_1_746' title='bbox 1140 5740 1386 5811; x_wconf 81' lang='lat' dir='ltr'><strong>perfusus</strong></span> <span class='ocrx_word' id='word_1_747' title='bbox 1426 5740 1733 5797; x_wconf 87' lang='lat' dir='ltr'><strong>intellectus</strong></span> <span class='ocrx_word' id='word_1_748' title='bbox 1764 5749 2001 5803; x_wconf 87' lang='lat' dir='ltr'><strong>creatus,</strong></span> 
     </span>
    </p>
   </div>
   <div class='ocr_carea' id='block_1_103' title="bbox 2115 4573 3680 4651">
    <p class='ocr_par' dir='ltr' id='par_1_103' title="bbox 2115 4573 3680 4651">
     <span class='ocr_line' id='line_1_105' title="bbox 2115 4573 3680 4651; baseline 0.007 -28"><span class='ocrx_word' id='word_1_749' title='bbox 2115 4573 2209 4635; x_wconf 87' lang='grc' dir='ltr'>Τίς</span> <span class='ocrx_word' id='word_1_750' title='bbox 2238 4576 2270 4642; x_wconf 83' lang='grc' dir='ltr'><strong>ἡ</strong></span> <span class='ocrx_word' id='word_1_751' title='bbox 2306 4573 2707 4644; x_wconf 79' lang='grc' dir='ltr'>παντοδύναμος</span> <span class='ocrx_word' id='word_1_752' title='bbox 2750 4576 2845 4628; x_wconf 82' lang='grc' dir='ltr'><strong>καὶ</strong></span> <span class='ocrx_word' id='word_1_753' title='bbox 2892 4576 3252 4650; x_wconf 74' lang='grc' dir='ltr'>φθαρτοποιὸς</span> <span class='ocrx_word' id='word_1_754' title='bbox 3277 4579 3352 4650; x_wconf 81' lang='grc'><strong>(6)</strong></span> <span class='ocrx_word' id='word_1_755' title='bbox 3398 4581 3495 4651; x_wconf 82' lang='grc' dir='ltr'>τῆς</span> <span class='ocrx_word' id='word_1_756' title='bbox 3530 4581 3680 4647; x_wconf 84' lang='grc' dir='ltr'>Θείας</span> 
     </span>
    </p>
   </div>
   <div class='ocr_carea' id='block_1_104' title="bbox 2114 4664 3678 4741">
    <p class='ocr_par' dir='ltr' id='par_1_104' title="bbox 2114 4664 3678 4741">
     <span class='ocr_line' id='line_1_106' title="bbox 2114 4664 3678 4741; baseline 0.008 -25"><span class='ocrx_word' id='word_1_757' title='bbox 2114 4664 2373 4736; x_wconf 85' lang='grc' dir='ltr'>Προνοίας</span> <span class='ocrx_word' id='word_1_758' title='bbox 2406 4665 2695 4736; x_wconf 73' lang='grc' dir='ltr'>εὐμένειας</span> <span class='ocrx_word' id='word_1_759' title='bbox 2728 4668 2791 4719; x_wconf 88' lang='grc' dir='ltr'>Τί</span> <span class='ocrx_word' id='word_1_760' title='bbox 2825 4669 2884 4720; x_wconf 72' lang='grc' dir='ltr'>τὸ</span> <span class='ocrx_word' id='word_1_761' title='bbox 2916 4670 3084 4723; x_wconf 81' lang='grc' dir='ltr'>δεινὸν</span> <span class='ocrx_word' id='word_1_762' title='bbox 3120 4673 3211 4724; x_wconf 76' lang='grc' dir='ltr'><strong>καὶ</strong></span> <span class='ocrx_word' id='word_1_763' title='bbox 3243 4673 3513 4741; x_wconf 78' lang='grc' dir='ltr'>πάνσοφον</span> <span class='ocrx_word' id='word_1_764' title='bbox 3538 4677 3678 4729; x_wconf 83' lang='grc' dir='ltr'>κατὰ</span> 
     </span>
    </p>
   </div>
   <div class='ocr_carea' id='block_1_105' title="bbox 2113 4755 3677 4836">
    <p class='ocr_par' dir='ltr' id='par_1_105' title="bbox 2113 4755 3677 4836">
     <span class='ocr_line' id='line_1_107' title="bbox 2113 4755 3677 4836; baseline 0.008 -30"><span class='ocrx_word' id='word_1_765' title='bbox 2113 4755 2205 4807; x_wconf 79' lang='grc' dir='ltr'>τοῦ</span> <span class='ocrx_word' id='word_1_766' title='bbox 2239 4755 2480 4809; x_wconf 82' lang='grc' dir='ltr'>διαϐόλου</span> <span class='ocrx_word' id='word_1_767' title='bbox 2511 4759 2897 4829; x_wconf 86' lang='grc' dir='ltr'>στρατήγημα;</span> <span class='ocrx_word' id='word_1_768' title='bbox 2946 4761 3337 4834; x_wconf 86' lang='grc' dir='ltr'>Ἠλευθὲρωται</span> <span class='ocrx_word' id='word_1_769' title='bbox 3364 4766 3564 4836; x_wconf 89' lang='grc' dir='ltr'>κόσμος</span> <span class='ocrx_word' id='word_1_770' title='bbox 3591 4766 3677 4819; x_wconf 75' lang='grc' dir='ltr'>διὰ</span> 
     </span>
    </p>
   </div>
   <div class='ocr_carea' id='block_1_106' title="bbox 1598 4930 2393 4993">
    <p class='ocr_par' dir='ltr' id='par_1_106' title="bbox 1598 4930 2393 4993">
     <span class='ocr_line' id='line_1_108' title="bbox 1598 4930 2393 4993; baseline 0.003 -10"><span class='ocrx_word' id='word_1_771' title='bbox 1598 4932 1643 4962; x_wconf 74' lang='grc'><strong>’⁸</strong></span> <span class='ocrx_word' id='word_1_772' title='bbox 1682 4930 1813 4987; x_wconf 87' lang='lat' dir='ltr'><strong>ibid.</strong></span> <span class='ocrx_word' id='word_1_773' title='bbox 1845 4930 1933 4983; x_wconf 70' lang='grc'><strong>52.</strong></span> <span class='ocrx_word' id='word_1_774' title='bbox 2012 4932 2054 4962; x_wconf 72' lang='grc'><strong>¹’</strong></span> <span class='ocrx_word' id='word_1_775' title='bbox 2088 4932 2215 4985; x_wconf 89' lang='lat' dir='ltr'><strong>ibid.</strong></span> <span class='ocrx_word' id='word_1_776' title='bbox 2256 4932 2312 4993; x_wconf 84' lang='lat'>6,</span> <span class='ocrx_word' id='word_1_777' title='bbox 2345 4934 2393 4985; x_wconf 89' lang='lat'><strong>7.</strong></span> 
     </span>
    </p>
   </div>
   <div class='ocr_carea' id='block_1_107' title="bbox 2120 5121 2538 5179">
    <p class='ocr_par' dir='ltr' id='par_1_107' title="bbox 2120 5121 2538 5179">
     <span class='ocr_line' id='line_1_109' title="bbox 2120 5121 2538 5179; baseline 0 -12"><span class='ocrx_word' id='word_1_778' title='bbox 2120 5127 2312 5179; x_wconf 84' lang='lat' dir='ltr'><strong>capere</strong></span> <span class='ocrx_word' id='word_1_779' title='bbox 2345 5121 2538 5178; x_wconf 82' lang='lat' dir='ltr'><strong>potest.</strong></span> 
     </span>
    </p>
   </div>
   <div class='ocr_carea' id='block_1_108' title="bbox 2190 5182 3674 5259">
    <p class='ocr_par' dir='ltr' id='par_1_108' title="bbox 2190 5182 3674 5259">
     <span class='ocr_line' id='line_1_110' title="bbox 2190 5182 3674 5259; baseline -0.008 -8"><span class='ocrx_word' id='word_1_780' title='bbox 2320 5184 2660 5259; x_wconf 46' lang='grc' dir='ltr'><strong>’Βαζώμῳιὴ</strong></span> <span class='ocrx_word' id='word_1_781' title='bbox 2688 5182 3007 5259; x_wconf 71' lang='grc' dir='ltr'>βαστάζων</span> <span class='ocrx_word' id='word_1_782' title='bbox 3064 5187 3178 5253; x_wconf 80' lang='grc' dir='ltr'><strong>τὴν</strong></span> <span class='ocrx_word' id='word_1_783' title='bbox 3211 5188 3425 5241; x_wconf 80' lang='grc' dir='ltr'>ἑαυτοῦ</span> <span class='ocrx_word' id='word_1_784' title='bbox 3459 5191 3674 5259; x_wconf 75' lang='grc' dir='ltr'>ἀρχήν,</span> 
     </span>
    </p>
   </div>
   <div class='ocr_carea' id='block_1_109' title="bbox 2120 5252 3675 5324">
    <p class='ocr_par' dir='ltr' id='par_1_109' title="bbox 2120 5252 3675 5324">
     <span class='ocr_line' id='line_1_111' title="bbox 2120 5252 3675 5324; baseline 0.008 -21"><span class='ocrx_word' id='word_1_785' title='bbox 2120 5252 2348 5324; x_wconf 55' lang='lat' dir='ltr'><strong>gitlchra</strong></span> <span class='ocrx_word' id='word_1_786' title='bbox 2394 5253 2534 5307; x_wconf 88' lang='lat' dir='ltr'><strong>illius</strong></span> <span class='ocrx_word' id='word_1_787' title='bbox 2565 5254 2662 5305; x_wconf 90' lang='lat' dir='ltr'><strong>loci</strong></span> <span class='ocrx_word' id='word_1_788' title='bbox 2694 5256 2961 5320; x_wconf 77' lang='lat' dir='ltr'><strong>expositio</strong></span> <span class='ocrx_word' id='word_1_789' title='bbox 2991 5276 3002 5308; x_wconf 86' lang='lat'><strong>:</strong></span> <span class='ocrx_word' id='word_1_790' title='bbox 3039 5252 3201 5324; x_wconf 85' lang='lat' dir='ltr'><strong>quam</strong></span> <span class='ocrx_word' id='word_1_791' title='bbox 3234 5252 3675 5317; x_wconf 58' lang='lat' dir='ltr'><strong>eamdem&#39;tiabet</strong></span> 
     </span>
    </p>
   </div>
   <div class='ocr_carea' id='block_1_110' title="bbox 2117 5322 3673 5392">
    <p class='ocr_par' dir='ltr' id='par_1_110' title="bbox 2117 5322 3673 5392">
     <span class='ocr_line' id='line_1_112' title="bbox 2117 5322 3673 5392; baseline 0.006 -18"><span class='ocrx_word' id='word_1_792' title='bbox 2117 5322 2421 5377; x_wconf 88' lang='lat' dir='ltr'><strong>Theodotus</strong></span> <span class='ocrx_word' id='word_1_793' title='bbox 2458 5325 2770 5392; x_wconf 86' lang='lat' dir='ltr'><strong>Ancyranns</strong></span> <span class='ocrx_word' id='word_1_794' title='bbox 2812 5336 2998 5378; x_wconf 84' lang='lat' dir='ltr'><strong>auctor</strong></span> <span class='ocrx_word' id='word_1_795' title='bbox 3046 5322 3267 5379; x_wconf 73' lang='lat' dir='ltr'><strong>alterius</strong></span> <span class='ocrx_word' id='word_1_796' title='bbox 3316 5331 3574 5383; x_wconf 81' lang='lat' dir='ltr'><strong>orationis</strong></span> <span class='ocrx_word' id='word_1_797' title='bbox 3626 5336 3673 5383; x_wconf 87' lang='lat' dir='ltr'><strong>in</strong></span> 
     </span>
    </p>
   </div>
   <div class='ocr_carea' id='block_1_111' title="bbox 2116 5393 3672 5466">
    <p class='ocr_par' dir='ltr' id='par_1_111' title="bbox 2116 5393 3672 5466">
     <span class='ocr_line' id='line_1_113' title="bbox 2116 5393 3672 5466; baseline 0.006 -23"><span class='ocrx_word' id='word_1_798' title='bbox 2116 5393 2784 5466; x_wconf 61' lang='lat' dir='ltr'><strong>Annam_ct_Sytnc0uem,</strong></span> <span class='ocrx_word' id='word_1_799' title='bbox 2803 5395 3154 5466; x_wconf 76' lang='lat' dir='ltr'><strong>Amphilocbii</strong></span> <span class='ocrx_word' id='word_1_800' title='bbox 3189 5398 3399 5450; x_wconf 88' lang='lat' dir='ltr'><strong>nomine</strong></span> <span class='ocrx_word' id='word_1_801' title='bbox 3427 5402 3672 5466; x_wconf 58' lang='lat' dir='ltr'><strong>vulgatae.</strong></span> 
     </span>
    </p>
   </div>
   <div class='ocr_carea' id='block_1_112' title="bbox 2176 5459 3672 5533">
    <p class='ocr_par' dir='ltr' id='par_1_112' title="bbox 2176 5459 3672 5533">
     <span class='ocr_line' id='line_1_114' title="bbox 2176 5459 3672 5533; baseline 0.007 -22"><span class='ocrx_word' id='word_1_802' title='bbox 2176 5459 2252 5531; x_wconf 83' lang='lat' dir='ltr'><strong>(ti)</strong></span> <span class='ocrx_word' id='word_1_803' title='bbox 2285 5459 2381 5525; x_wconf 84' lang='grc' dir='ltr'>Τίς</span> <span class='ocrx_word' id='word_1_804' title='bbox 2407 5462 2444 5529; x_wconf 79' lang='grc' dir='ltr'><strong><em>ή</em></strong></span> <span class='ocrx_word' id='word_1_805' title='bbox 2482 5459 2937 5531; x_wconf 59' lang='grc' dir='ltr'>ζτταντοὸύναμοξκ</span> <span class='ocrx_word' id='word_1_806' title='bbox 2963 5464 3059 5517; x_wconf 80' lang='grc' dir='ltr'>καὶ</span> <span class='ocrx_word' id='word_1_807' title='bbox 3102 5459 3672 5533; x_wconf 59' lang='grc' dir='ltr'>φθαρτοποιόςξῬιιΙ-</span> 
     </span>
    </p>
   </div>
   <div class='ocr_carea' id='block_1_113' title="bbox 2105 5529 3675 5608">
    <p class='ocr_par' dir='ltr' id='par_1_113' title="bbox 2105 5529 3675 5608">
     <span class='ocr_line' id='line_1_115' title="bbox 2105 5529 3675 5608; baseline 0.006 -28"><span class='ocrx_word' id='word_1_808' title='bbox 2105 5529 2239 5608; x_wconf 74' lang='lat' dir='ltr'><strong>citra</strong></span> <span class='ocrx_word' id='word_1_809' title='bbox 2267 5533 2595 5608; x_wconf 78' lang='lat' dir='ltr'><strong>antithesis:</strong></span> <span class='ocrx_word' id='word_1_810' title='bbox 2636 5548 2763 5586; x_wconf 87' lang='lat' dir='ltr'><strong>vere</strong></span> <span class='ocrx_word' id='word_1_811' title='bbox 2807 5529 2952 5608; x_wconf 79' lang='lat' dir='ltr'><strong>enim</strong></span> <span class='ocrx_word' id='word_1_812' title='bbox 2995 5529 3253 5608; x_wconf 71' lang='lat' dir='ltr'><strong>nusquam</strong></span> <span class='ocrx_word' id='word_1_813' title='bbox 3305 5529 3487 5605; x_wconf 64' lang='lat' dir='ltr'><strong>magis</strong></span> <span class='ocrx_word' id='word_1_814' title='bbox 3514 5540 3675 5591; x_wconf 74' lang='lat' dir='ltr'><strong>Cillel</strong></span> 
     </span>
    </p>
   </div>
   <div class='ocr_carea' id='block_1_114' title="bbox 2106 5601 3677 5670">
    <p class='ocr_par' dir='ltr' id='par_1_114' title="bbox 2106 5601 3677 5670">
     <span class='ocr_line' id='line_1_116' title="bbox 2106 5601 3677 5670; baseline 0.008 -21"><span class='ocrx_word' id='word_1_815' title='bbox 2106 5601 2281 5653; x_wconf 76' lang='lat' dir='ltr'><strong>divina</strong></span> <span class='ocrx_word' id='word_1_816' title='bbox 2337 5602 2608 5668; x_wconf 90' lang='lat' dir='ltr'><strong>potentia;</strong></span> <span class='ocrx_word' id='word_1_817' title='bbox 2665 5606 2873 5657; x_wconf 88' lang='lat' dir='ltr'><strong>tametsi</strong></span> <span class='ocrx_word' id='word_1_818' title='bbox 2941 5601 3268 5669; x_wconf 72' lang='lat' dir='ltr'><strong>impetentia:</strong></span> <span class='ocrx_word' id='word_1_819' title='bbox 3318 5601 3547 5670; x_wconf 77' lang='lat' dir='ltr'><strong>videtur,</strong></span> <span class='ocrx_word' id='word_1_820' title='bbox 3600 5608 3677 5661; x_wconf 73' lang='lat' dir='ltr'><strong>fa-</strong></span> 
     </span>
    </p>
   </div>
   <div class='ocr_carea' id='block_1_115' title="bbox 2106 5671 3594 5746">
    <p class='ocr_par' dir='ltr' id='par_1_115' title="bbox 2106 5671 3594 5746">
     <span class='ocr_line' id='line_1_117' title="bbox 2106 5671 3594 5746; baseline 0.005 -24"><span class='ocrx_word' id='word_1_821' title='bbox 2106 5683 2225 5724; x_wconf 86' lang='lat' dir='ltr'><strong>ccre</strong></span> <span class='ocrx_word' id='word_1_822' title='bbox 2258 5672 2558 5727; x_wconf 87' lang='lat' dir='ltr'><strong>mortalem.</strong></span> <span class='ocrx_word' id='word_1_823' title='bbox 2591 5673 2679 5727; x_wconf 81' lang='lat' dir='ltr'><strong>Sic</strong></span> <span class='ocrx_word' id='word_1_824' title='bbox 2712 5672 2876 5728; x_wconf 74' lang='lat' dir='ltr'><strong>ill-aria</strong></span> <span class='ocrx_word' id='word_1_825' title='bbox 2903 5690 2915 5726; x_wconf 90' lang='lat'>:</span> <span class='ocrx_word' id='word_1_826' title='bbox 2959 5671 3106 5730; x_wconf 78' lang='lat' dir='ltr'><strong>Fecit</strong></span> <span class='ocrx_word' id='word_1_827' title='bbox 3139 5676 3443 5744; x_wconf 84' lang='lat' dir='ltr'><strong>potentiam,</strong></span> <span class='ocrx_word' id='word_1_828' title='bbox 3481 5689 3594 5746; x_wconf 30' lang='lat' dir='ltr'><strong>etc,</strong></span> 
     </span>
    </p>
   </div>
  </div>
