3796 6304
389 348 462 407 ιδ
1378 346 1435 403 S.
1475 345 1925 405 Αιιριιιιοοιιιι

2080 345 2348 402 NIENSIS
2381 344 2690 402 EPISCOPI
3569 342 3652 400 44

393 473 603 520 tuentes
629 470 832 534 quanto
880 475 1052 520 novus
1091 469 1144 517 et
1183 459 1391 519 electus
1418 464 1666 534 populus,
1695 462 1959 532 spirituali

2080 478 2240 514 τωσαν
2283 461 2524 514 Ἰουδαῖοι
2552 459 2642 512 τὸν
2670 457 2788 511 νέον
2819 457 2913 511 καὶ
2937 456 3190 510 ἐκλεκτὸν
3217 456 3343 511 λαὸν
3363 457 3648 529 θεωροῦν-

391 557 590 611 decore
632 554 880 612 excultus
925 553 1015 620 sit,
1045 562 1352 623 quantoque
1387 557 1642 610 mundum
1677 553 1961 622 splendore

392 648 645 702 illustrat.
699 645 902 700 Idcirco
948 646 1090 700 enim
1139 647 1340 707 dimisit
1378 661 1474 701 nos
1522 645 1770 715 gentibus
1813 660 1963 699 com—

393 739 632 802 misceri,
667 745 724 792 ut
757 736 1031 791 luceamus
1053 737 1192 791 sicut
1237 736 1522 790 luminaria
1559 737 1614 790 in
1658 736 1856 789 mundo
1872 735 1916 771 ³⁸
1945 753 1959 790 :

391 843 452 886 ut
502 833 670 888 sinms
722 830 911 885 salutis
963 843 1145 883 semen
1169 829 1212 861 ³⁷
1255 830 1506 883 omnibus
1548 827 1638 898 qui
1687 826 1962 882 nobiscum

393 931 697 984 versantur,
738 931 791 974 et
828 935 926 973 nos
957 920 1184 982 adeunt;
1227 919 1356 988 ipsis
1385 919 1508 972 facti
1539 918 1605 972 ad
1645 917 1958 973 conversio-

394 1030 517 1068 nem
547 1012 930 1083 spectaculum.
976 1011 1162 1065 Videte
1205 1025 1271 1063 ne
1318 1011 1438 1080 quis
1466 1019 1682 1079 propter
1713 1024 1806 1063 vos
1841 1021 1965 1078 gen-

396 1105 564 1159 tilium
589 1104 918 1173 blasphemet
951 1105 1139 1158 Deum.
1163 1101 1432 1155 Laudetur
1455 1115 1584 1155 vero
1613 1099 1666 1154 in
1691 1099 1844 1154 nobis
1873 1100 1963 1168 qui

391 1196 606 1251 vocavit
647 1203 702 1250 et
758 1195 1136 1260 sanctiﬁcavit,
1164 1204 1218 1248 et
1267 1193 1444 1249 salvos
1488 1191 1634 1246 fecit.
1683 1190 1858 1245 Ferox
1909 1198 1964 1244 et

396 1288 592 1351 audax,
640 1287 898 1354 suspiciat
947 1297 1182 1340 nostram
1229 1281 1694 1338 mansuetudinem
1737 1289 1793 1335 et
1840 1295 1958 1334 mo-

395 1378 642 1431 destiam.
689 1376 790 1442 Qui
847 1375 1199 1442 conviciatur,
1253 1383 1534 1442 reportans
1581 1371 1721 1426 bona
1775 1371 1960 1437 verba,

393 1467 650 1522 confusus
705 1467 973 1522 abscedat.
1011 1464 1110 1532 Qui
1162 1477 1258 1532 pro
1303 1461 1544 1532 pecuniis
1588 1459 1862 1515 contendit
1910 1469 1964 1513 et

394 1559 505 1613 vult
525 1560 727 1630 iudicio
761 1574 940 1626 agere,
983 1559 1124 1611 circa
1171 1557 1384 1610 divitias
1421 1555 1839 1624 imperturbatus
1880 1551 1964 1606 in-

396 1651 597 1714 veniat,
629 1663 733 1703 non
760 1658 1067 1717 reputantes
1097 1645 1295 1700 habere
1319 1659 1416 1699 nos
1460 1653 1727 1698 terrenam
1753 1655 1964 1711 posses-

397 1742 643 1806 sionem,
698 1739 792 1794 sed
857 1739 1128 1792 caelestem
1197 1747 1400 1792 tenere.
1443 1735 1542 1802 Qui
1597 1749 1695 1790 nos
1731 1733 1864 1797 adit,
1905 1741 1966 1786 ut

396 1831 566 1886 amica
585 1831 948 1885 consolatione
971 1829 1021 1882 in
1047 1828 1340 1882 mundanas
1356 1826 1653 1895 voluptates
1671 1826 1884 1880 inducat
1901 1824 1965 1889 ³⁸,

395 1923 635 1977 inveniat
670 1936 882 1992 graves,
925 1921 1246 1982 immobiles,
1288 1919 1657 1987 temperantiae
1701 1927 1964 1978 amantes,

394 2033 500 2073 non
533 2025 714 2084 captos
747 2013 1050 2083 voluptate;
1076 2011 1463 2066 mortiﬁcantes
1489 2018 1735 2063 naturam
1767 2009 1962 2072 carnis,

393 2119 453 2164 ιιι
503 2110 751 2162 noverint
800 2115 1056 2176 quantum
1105 2105 1338 2174 Spiritus
1385 2103 1557 2157 sancti
1612 2101 1966 2156 eomtnoratio

393 2201 590 2257 valeat.
622 2199 724 2266 Qui
754 2213 991 2268 praeceps
1020 2205 1105 2252 est
1131 2199 1198 2251 ad
1244 2194 1559 2266 periurium,
1598 2195 1839 2249 inveniat
1871 2208 1966 2248 nos

393 2291 484 2362 qui
525 2303 697 2359 neque
739 2289 1100 2343 sustineamns
1135 2287 1341 2356 jurarc,
1375 2291 1469 2340 seu
1501 2285 1591 2340 Dei
1628 2300 1846 2346 nomen.
1877 2284 1964 2338 ubi

393 2387 460 2437 tle
488 2381 647 2437 rebus
675 2381 900 2451 abjectis
936 2389 990 2434 et
1037 2378 1266 2439 terrenis
1315 2378 1512 2446 agitur,
1539 2391 1818 2431 vereamur
1844 2391 1970 2444 pro-

393 2474 560 2530 ferre.
611 2471 702 2528 Sic
749 2471 892 2525 enim
931 2471 1239 2526 docebimus
1286 2483 1494 2535 omnes,
1535 2469 1626 2539 qui
1684 2467 1737 2522 in
1775 2469 1968 2538 quovis

393 2565 609 2634 negotio
643 2578 741 2619 nos
770 2563 1114 2617 conveniunt.
1147 2562 1240 2617 Sic
1285 2575 1416 2616 vero
1445 2561 1703 2615 institutis
1733 2561 1855 2615 vitae
1884 2575 1966 2614 ra-

394 2657 649 2721 tionibus,
670 2669 794 2709 vere
815 2652 1106 2706 eﬂiciemnr
1129 2665 1340 2705 sacrum
1374 2650 1720 2712 fermentum,
1753 2657 1966 2702 nostra-

393 2764 497 2818 que
532 2762 695 2817 opera
731 2745 1142 2801 fermentabitur
1178 2741 1406 2795 mundus
1443 2741 1508 2792 ad
1537 2738 1787 2800 salutem,
1830 2737 1953 2789 mul-

395 2853 589 2909 tusque
633 2854 699 2891 ex
743 2838 897 2892 nobis
949 2836 1154 2888 fructus
1209 2833 1509 2886 invenietur
1561 2829 1826 2897 repositus
1860 2827 1962 2882 Do-

392 2935 635 2997 ntino,et.
663 2931 716 2985 in
743 2930 895 2985 nobis
911 2927 1303 3000 gloriﬁcabitur
1322 2927 1481 2988 Deus,
1501 2925 1654 2994 juxta
1683 2923 1962 2977 Dominum

393 3026 661 3082 dicentem
695 3040 709 3077 :
755 3021 823 3075 In
846 3021 941 3074 hoc
974 3019 1302 3089 clari/iectus
1340 3029 1414 3071 est
1449 3015 1631 3081 Pater,
1657 3023 1712 3066 ut
1735 3014 1963 3082 fructum

392 3114 678 3185 plurimum
732 3111 998 3180 a/feratis,
1047 3119 1093 3162 et
1143 3107 1438 3177 e/ﬁciamini
1489 3105 1589 3158 mei
1631 3102 1874 3172 discipuli
1894 3101 1960 3154 ³⁸.

393 3206 565 3261 Porro
612 3203 938 3258 clariticatus
975 3216 1005 3252 a
1047 3200 1200 3254 nobis
1251 3199 1525 3258 Dominus.
1585 3209 1682 3249 nos
1718 3195 1963 3248 claritate

394 3312 593 3356 aeterna
627 3297 970 3360 clarilicabit,
1007 3296 1059 3348 in
1086 3294 1302 3352 Christo
1333 3291 1458 3346 Jesu
1503 3291 1727 3345 Domino
1757 3299 1959 3352 nostro,

395 3393 480 3450 cui
515 3392 684 3462 gloria
716 3391 769 3444 in
803 3389 998 3444 saecula
1040 3385 1385 3440 saeculorum.
1420 3381 1612 3435 Amen.

992 3475 1250 3532 ORATIO
1305 3477 1362 3529 Il.

467 3595 544 3652 De
568 3613 789 3651 occursu
837 3593 1045 3646 Domini
1082 3591 1244 3644 nostri
1286 3588 1647 3658 JestrCItristi
1678 3604 1696 3642 :
1729 3589 1893 3658 deque

682 3667 931 3734 Deipara,
957 3665 1084 3716 etde
1118 3661 1270 3713 Anna
1322 3674 1369 3714 et
1409 3657 1669 3714 Simeone.

466 3805 508 3859 Ι.
543 3776 682 3858 Sunt
709 3801 888 3872 plures
920 3799 970 3853 in
1006 3797 1315 3852 hominibus
1342 3795 1542 3866 magni,
1575 3794 1785 3864 virique
1831 3810 1966 3865 pra-‘2-

395 3905 624 3957 stantes,
652 3893 743 3962 qui
767 3892 1126 3962 virginitatem
1158 3888 1490 3941 admirentur
1510 3897 1564 3944 et
1585 3886 1964 3956 deprtedicent.

396 3987 465 4042 Et
490 4000 620 4040 sane
651 3993 732 4038 est
764 3981 1048 4047 mirabilis,
1101 3980 1247 4034 velut
1305 3979 1511 4049 angelis
1538 3988 1790 4046 cognata,
1825 3979 1968 4033 velut

397 4074 600 4130 sodalis
626 4086 984 4142 supernarum
1019 4071 1299 4132 virtutum,
1337 4069 1683 4123 velutcomes
1727 4069 1968 4139 incorpo-

390 4179 615 4220 rearum
641 4172 978 4227 naturszum,
1016 4171 1074 4214 ut
1107 4175 1228 4230 qua:
1277 4158 1447 4214 lacent
1496 4169 1692 4214 sancta:
1719 4159 1969 4214 Ecclesia!

398 4253 672 4326 praeferat.
701 4262 760 4307 ut
785 4267 905 4322 quae
933 4252 1110 4305 vincat
1153 4251 1433 4317 mundum,
1467 4259 1525 4305 ut
1555 4265 1676 4321 quae
1724 4249 1968 4306 affectio-

401 4364 501 4404 nes
532 4345 835 4410 conculcet,
867 4345 1102 4400 ret‘renet
1126 4344 1414 4413 appetitus,
1439 4357 1558 4397 cum
1591 4343 1700 4398 Eva
1729 4357 1970 4398 commn-

398 4443 614 4496 nionem
643 4453 750 4494 non
782 4437 993 4502 habeat,
1023 4436 1116 4492 sed
1150 4435 1352 4490 doloris
1398 4449 1612 4504 expers,
1644 4434 1901 4488 immunis
1939 4448 1966 4485 a

2063 565 2171 617 τες,
2204 552 2313 621 ὅσῳ
2345 549 2529 603 κάλλει
2571 549 2908 618 κεκόσμηται
2942 547 3316 618 πνευματικῷ,
3367 549 3469 620 ὅσῃ
3499 548 3651 618 λαμ-

2066 644 2294 715 πρότητι
2331 642 2667 711 καταυγάζει
2693 641 2782 693 τὸν
2807 640 3028 711 κόσμον.
3052 639 3152 692 Διά
3179 639 3335 693 τοῦτο
3361 639 3470 711 γὰρ
3493 642 3656 711 ἡμᾶς

2069 740 2442 810 μεμιγμένους
2473 740 2530 792 ὲν
2564 740 2674 800 τοῖς
2699 736 2907 790 ἔθνεσιν
2939 738 3171 806 ἁφῆκεν,
3204 738 3290 791 ἵνα
3317 736 3655 806 φαινώμεθα

2064 831 2139 895 ὡς
2163 831 2447 900 φωστῆρες
2475 831 2531 882 ἐν
2560 830 2778 899 κόσμῳ·
2811 829 2898 881 ἵνα
2926 829 3145 899 σπέρμα
3171 830 3443 900 σωτηρίας
3467 824 3652 900 ὦμεν,

2063 926 2145 987 εἰς
2186 923 2518 994 ἐπιστροφὴν
2558 921 2925 994 θεωρούμενοι
2960 925 3094 976 πᾶσι
3141 925 3252 985 τοῖς
3288 921 3503 976 συνοῦσι
3548 922 3656 975 καὶ

2066 1015 2546 1085 συντυγχάνουσιν.
2592 1015 2786 1085 Ὁρᾶτε
2820 1015 2891 1084 μή
2931 1031 3016 1077 τις
3053 1014 3122 1067 δι’
3157 1015 3300 1084 ὑμᾶς
3339 1013 3448 1066 τῶν
3482 1012 3656 1066 saw—-

2064 1107 2175 1160 κῶν
2212 1107 2593 1178 βλασφημήσει
2643 1107 2794 1159 Θεόν.
2847 1105 3215 1176 Εὑφημείσθω
3259 1106 3315 1158 δὲ
3355 1107 3413 1158 ὲν
3446 1107 3587 1175 ἡμῖν
3623 1105 3657 1157 6

2063 1198 2318 1261 καλέσας,
2352 1198 2444 1250 καὶ
2482 1199 2714 1266 ἁγιάσας
2743 1198 2834 1251 καὶ
2865 1195 3061 1261 σώσας.
3109 1199 3168 1250 '0
3195 1197 3365 1268 βίαιος
3390 1199 3482 1250 καὶ
3510 1196 3623 1266 θρα

2066 1289 2162 1352 σῦς
2200 1289 2533 1358 θαυμασάτω
2560 1290 2658 1358 τὴν
2705 1287 3006 1341 ἐπιείκειαν
3037 1287 3192 1358 ἡμῶν
3227 1287 3318 1341 καὶ
3351 1287 3655 1358 μετριότη-

2062 1397 2132 1434 τα
2147 1398 2159 1410 ·
2183 1383 2211 1434 6
2235 1380 2507 1451 λοιδορῶν,
2532 1381 2769 1450 ἀντευφη
2780 1379 2878 1450 μού
2888 1395 3044 1449 μενος
3063 1378 3408 1451 ἐντρεπέσθω
3427 1396 3440 1408 ·
3462 1381 3491 1432 6
3514 1379 3652 1448 περὶ

2063 1473 2360 1544 Χρημάτων
2442 1472 2728 1541 φιλονικῶν
2787 1473 2881 1526 καὶ
2942 1469 3257 1534 δικάζεσθαι
3324 1469 3657 1542 βουλόμενος

2066 1564 2373 1634 ἀταράχους
2400 1565 2549 1634 ἡμᾶς
2577 1563 2876 1632 εύρισκέτω
2915 1563 3040 1634 περὶ
3070 1564 3346 1635 χρήματα,
3387 1562 3460 1634 μὴ
3484 1563 3618 1633 νομί
3629 1594 3651 1602 -

2068 1651 2252 1716 ζοντες
2281 1654 2508 1716 ἑαυτοὺς
2533 1653 2674 1723 ἔχειν
2708 1653 2899 1723 κτῆσιν
2929 1653 3189 1720 ἐπίγειον,
3221 1654 3355 1708 ἀλλὰ
3381 1653 3653 1725 κρατοῦν-

2065 1762 2155 1807 τες
2181 1744 2279 1814 τὴν
2331 1745 2682 1816 ἐπουράνιον·
2743 1747 2771 1799 6
2822 1745 2911 1797 διὰ
2968 1746 3365 1816 παρακλήσεως
3416 1745 3650 1815 φιλικῆς

2003 1824 2043 1878 Β
2073 1835 2424 1905 προσιέμενος
2465 1837 2608 1906 ἡμᾶς
2651 1837 2728 1899 είς
2773 1835 2964 1906 ἡδονὰς
3028 1838 3294 1908 κοσμικὰς
3343 1838 3652 1908 εὑρισκέτω

2068 1927 2318 1995 σε’μνοῦς,
2344 1928 2794 1999 ἁμετακινήτους,
2821 1928 3169 1999 σωφροσύνην
3200 1928 3516 1990 ποθοῦντας,
3541 1929 3649 1998 οὐχ

2071 2017 2234 2089 ἡδονῇ
2271 2017 2720 2088 δελεαζομένουςο
2756 2020 2839 2073 ἵνα
2878 2021 3057 2074 εἴδωσι
3086 2021 3246 2073 πόσον
3277 2020 3445 2090 ἰσχύει
3469 2021 3650 2074 Πνεύ-

2069 2127 2237 2179 ματος
2269 2109 2423 2178 ἁγίου
2461 2110 2791 2181 συνοίκησις,
2829 2112 2988 2180 φύσιν
3034 2111 3234 2182 σαρκὸς
3263 2111 3647 2181 ὲκνεκρώσαν-

2065 2215 2174 2261 τες.
2225 2199 2280 2250 Ὀ
2347 2199 2634 2270 πρόχειρος
2696 2202 2775 2263 εἰς
2821 2200 3103 2272 ἐπιορκίαν
3158 2201 3456 2270 εὑρισκέτω
3508 2199 3649 2270 μηδὲ

2064 2289 2286 2359 ὀμνύειν
2323 2291 2681 2361 ἀνεχομένους
2725 2293 2892 2361 ἡμᾶς,
2938 2291 3074 2344 ἀλλὰ
3119 2291 3425 2355 δεδοικότας
3455 2293 3514 2344 τὸ
3547 2293 3646 2344 τοῦ

2065 2380 2199 2433 Θεοῦ
2252 2383 2544 2453 προφέρειν
2593 2382 2765 2454 ὄνομα
2817 2385 2945 2454 περὶ
2993 2383 3266 2437 ταπεινῶν
3313 2385 3407 2436 καὶ
3438 2385 3648 2454 γηΐνων

2067 2473 2429 2544 πραγμάτων.
2471 2474 2626 2528 Οὕτω
2655 2476 2760 2546 γὰρ
2804 2473 3036 2540 ἐσόμεθα
3089 2475 3287 2536 πάντες
3332 2474 3648 2528 διδάσκαλοι

2065 2563 2172 2617 τῶν
2217 2567 2652 2635 ἐντυγχανόντων
2701 2569 2834 2637 ἡμῖν
2880 2570 2936 2620 ὲν
2988 2566 3282 2636 οἱῳδήποτε
3331 2568 3644 2638 πράγματι.

2067 2657 2222 2711 Οὕτω
2242 2659 2298 2712 δὲ
2352 2660 2798 2730 πολιτευσάμενοι
2832 2661 3172 2732 γενησόμεθα
3206 2661 3349 2731 ζύμη
3371 2661 3520 2727 ἁγία.
3550 2661 3648 2712 καὶ

2066 2749 2132 2802 δι’
2180 2751 2336 2821 ἡμῶν
2382 2752 2767 2823 ζυμωθήσεται
2813 2756 2840 2807 6
2875 2755 3075 2824 κόσμος
3105 2756 3182 2816 εἰς
3215 2753 3503 2824 σωτηρίαν,
3546 2753 3648 2805 καὶ

2069 2841 2238 2903 πολὺς
2276 2842 2333 2907 ἐξ
2365 2843 2522 2913 ἡμῶν
2553 2844 2764 2914 καρπὸς
2807 2844 3158 2916 εὑρεθήσεται
3201 2843 3277 2914 τῷ
3311 2843 3500 2914 Κυρίῳ
3537 2860 3641 2894 πε-

2066 2932 2430 3003 φυλαγμένος,
2472 2936 2566 2988 καὶ
2609 2935 2996 3006 δοξασθήσεται
3022 2939 3049 2990 6
3073 2937 3203 3000 Θεὸς
3230 2937 3287 2990 ὲν
3313 2937 3463 3006 ἡμῖν,
3496 2935 3644 2988 κατὰ

2063 3026 2156 3079 τὸν
2197 3025 2424 3093 λέγοντα
2467 3025 2667 3096 Κύριον
2689 3042 2701 3056 ’
2760 3027 2862 3080 Ἐν
2906 3027 3093 3091 τούτῳ
3124 3025 3424 3093 ἐδοξάσθη
3456 3028 3488 3078 ό
3520 3027 3644 3077 Πα-

2066 3118 2198 3186 τὴρ,
2233 3119 2332 3171 ἵνα
2377 3117 2549 3188 ὑμεῖς
2604 3118 2840 3185 καρπὸν
2885 3118 3084 3172 πολὺν
3132 3118 3368 3187 φέρητε,
3400 3117 3495 3170 καὶ
3540 3116 3644 3186 γέ-

2067 3209 2258 3276 νησθέ
2287 3225 2388 3278 μοι
2421 3209 2700 3278 μαθηταί.
2733 3208 3020 3272 Δοξασθεὶς
3065 3208 3120 3262 δὲ
3169 3210 3256 3277 ὑφ’
3290 3207 3446 3279 ἡμῶν
3473 3209 3501 3260 6
3529 3209 3644 3260 Κύ-

2069 3319 2186 3372 ριος
2231 3300 2441 3365 δοξάσει
2462 3302 2610 3370 ἡμᾶς
2631 3303 2695 3372 τῇ
2725 3302 2925 3370 αἰωνίῳ
2949 3299 3094 3372 δόξῃ,
3124 3303 3180 3353 ἐν
3209 3301 3427 3372 Χριστῷ
3463 3301 3641 3370 Ἰησοῦ

2067 3394 2146 3465 τῷ
2178 3394 2364 3466 Κυρίῳ
2395 3392 2570 3464 ἡμῶν,
2604 3384 2649 3461 ᾧ
2679 3394 2711 3462 ἡ
2758 3391 2882 3455 δόξα
2910 3393 2989 3454 εἰς
3020 3392 3145 3455 τοὺς
3174 3390 3393 3456 αἰῶνας.
3443 3391 3640 3463 Ἀμήν.

2699 3484 2913 3539 ΛΟΓΟΣ
2947 3484 3000 3535 B'

2072 3581 2174 3643 Εἲς
2225 3578 2338 3644 τὴν
2386 3575 2750 3644 ὐπαπαντὴν
2794 3574 2897 3629 τοῦ
2947 3576 3165 3643 Κυρίου
3217 3573 3382 3644 ἡμῶν
3434 3576 3642 3644 Ἰησοῦ

2141 3649 2424 3716 Χριστοῦ·
2477 3648 2574 3702 καὶ
2615 3650 2701 3712 εὶς
2749 3645 2862 3710 τὴν
2893 3647 3200 3716 Θεοτόκον,
3249 3646 3349 3700 καὶ
3401 3649 3487 3714 είς
3525 3647 3645 3714 τὴν

2145 3715 2382 3782 Ἄνναν,
2404 3719 2501 3772 καὶ
2541 3722 2627 3783 εἰς
2657 3717 2763 3770 τὸν
2785 3715 3084 3784 Συμεῶνα.

2139 3813 2216 3868 A’.
2265 3812 2454 3866 Πολλοὶ
2479 3812 2586 3865 τῶν
2613 3809 2861 3882 μεγάλων
2889 3809 3187 3883 ἀνθρώπων
3211 3810 3308 3882 τὴν
3347 3808 3643 3881 παρθενίαν

2073 3904 2442 3975 θαυμάζουσιν
2465 3921 2477 3933 ’
2509 3903 2601 3956 καὶ
2627 3903 2734 3974 γὰρ
2760 3904 2876 3956 ἐστὶ
2904 3902 3209 3973 θαυμαστὴ,
3233 3901 3308 3965 ὼς
3338 3902 3444 3955 τῶν
3477 3901 3644 3970 ἀγγέ-

2071 3994 2178 4048 λων
2216 3993 2514 4064 σύμφυτος,
2545 3992 2618 4051 ὼς
2649 3992 2756 4044 τῶν
2784 3993 2896 4047 ἄνω
2921 3992 3198 4060 δυνάμεων
3232 3991 3641 4062 συνόμιλο;,.ὡς

2073 4086 2179 4139 τῶν
2231 4085 2534 4154 ἀσωμάτων
2594 4085 2808 4153 φύσεων
2855 4084 3168 4154 σύνδρομος,
3219 4083 3294 4147 ὡς
3333 4084 3434 4154 τῆς
3478 4086 3642 4154 ἁγίας

2087 4175 2410 4246 Ἐκκλησίας
2433 4173 2828 4244 λαμπαδοῦχος,
2854 4174 2926 4236 ὡς
2954 4173 3046 4227 τὸν
3085 4175 3282 4244 κόσμον
3321 4176 3542 4240 νικῶσα,
3565 4175 3642 4239 ὡς

2073 4266 2142 4320 τὰ
2173 4266 2318 4335 πάθη
2363 4264 2624 4324 πατοῦσα.
2647 4264 2720 4326 ὡς
2751 4263 2848 4327 τὰς
2873 4264 3080 4335 ὀρέξεις
3121 4262 3431 4334 χαλινοῦσα,
3461 4264 3535 4327 ὡς
3570 4269 3641 4336 τῇ

2075 4355 2190 4424 Εῦᾳ
2246 4353 2320 4424 μὴ
2359 4351 2706 4415 κοινωνοῦσα,
2763 4352 2838 4416 ὡς
2884 4352 3060 4423 λύπης
3115 4353 3530 4424 ἀντηλλαγμένη,
3565 4355 3642 4417 ὡς

2077 4442 2398 4513 στεναγμῶν
2437 4442 2837 4514 λελυτρωμένη,
2873 4444 2948 4507 ὠς
2988 4446 3087 4515 τὴν
3113 4445 3642 4516 καταδεδικασμένην

393 4531 721 4604 gemitibus,
785 4517 1055 4585 decretam
1121 4528 1590 4583 condemnationis
1645 4526 1961 4583 sententiam

2080 4538 2348 4605 ἀπόφασιν
2401 4539 2475 4608 μὴ
2523 4537 2923 4608 προσδεχομένη
2973 4538 3103 4608 (12),
3153 4537 3249 4608 τὴν
3287 4538 3642 4606 φάσκουσανο

395 4640 504 4680 non
535 4631 833 4694 ex5pectet,
863 4637 965 4691 qua
991 4621 1188 4676 dicitur
1216 4638 1228 4675 :
1262 4619 1627 4688 Multiplicans
1650 4617 1972 4688 multiplica-

397 4719 459 4770 bo
495 4717 736 4770 tristitiae
765 4725 903 4782 tuas,
953 4724 1000 4769 et
1041 4714 1286 4784 gemitum
1315 4722 1500 4765 tuum:
1531 4712 1585 4765 in
1619 4709 1848 4764 tristitiis
1876 4726 1970 4777 pa-

395 4811 496 4862 rtes
525 4808 686 4876 ﬁlios,
727 4815 777 4861 et
814 4807 882 4860 ad
909 4806 1076 4859 virum
1109 4814 1256 4858 tuum
1292 4803 1559 4856 conversio
1603 4811 1714 4856 tua.
1762 4797 1831 4853 Et
1863 4801 1970 4869 ipse

394 4900 753 4954 dominabitur
784 4901 859 4956 tui
887 4899 957 4953 ⁸⁰.
979 4898 1078 4952 Est
1112 4898 1275 4967 igitur
1301 4895 1585 4964 virginitas
1613 4894 1967 4959 admirabilis,

395 4991 541 5043 velut
583 5007 669 5045 res
697 4992 918 5056 invicta,
951 4991 1096 5044 velut
1148 5003 1367 5060 germen
1399 4986 1672 5056 corrumpi
1701 4987 1964 5054 nescium,

394 5082 542 5136 velut
571 5083 780 5136 mansio
812 5083 1004 5148 libera,
1041 5091 1099 5134 ut
1131 5079 1349 5136 ascetici
1381 5078 1588 5133 ordinis
1614 5088 1668 5133 et
1701 5081 1968 5135 exercita-

2072 4629 2404 4693 Πληθύνων
2448 4625 2734 4694 πληθυνῶ
2785 4627 2889 4694 τὰς
2951 4628 3145 4692 λύπας
3206 4643 3343 4691 σου,
3392 4630 3487 4682 καὶ
3537 4631 3643 4685 τὸν

2071 4719 2408 4788 στεναγμόν
2437 4733 2582 4772 σου·
2611 4719 2918 4784 ἐνλύπαις
2952 4718 3094 4786 τέξῃ
3128 4718 3327 4782 τέκνα,
3358 4722 3456 4773 καὶ
3493 4724 3643 4790 πρὸς

2072 4809 2178 4864 τὸν
2210 4809 2399 4878 ἄνδρα
2423 4825 2538 4864 σου
2574 4811 2611 4878 ἡ
2643 4809 2992 4878 ἀποστροφή
3029 4825 3144 4863 σου
3175 4813 3308 4881 (13)⁶
3339 4813 3432 4864 καὶ
3461 4816 3643 4879 αὐτός

2072 4919 2187 4956 σου
2215 4902 2514 4970 κυριεύσει
2533 4920 2545 4930 ’
2574 4901 2856 4972 θαυμαστὴ
2884 4905 3221 4974 τοιγαροῡνὴ
3258 4903 3539 4973 παρθενία,
3566 4904 3642 4967 ὡς

2072 4994 2367 5047 ἀδούλωτον
2402 4995 2608 5066 κτῆμα,
2644 4995 2718 5057 ὼς
2763 4994 3071 5064 ἀμάραντον
3114 4996 3296 5063 φυτὸν,
3326 4995 3400 5058 ὡς
3431 4994 3640 5047 ἐλεύθε-

2074 5101 2166 5156 ρον
2212 5085 2552 5156 ἐνδιαίτημα,
2586 5085 2660 5147 ὠς
2704 5084 2997 5149 ἀσκητικὸν
3038 5085 3462 5157 ἐγκαλλὼπισμα
3504 5085 3636 5157 (14),

465 5199 511 5230 ⁸⁸
547 5197 776 5267 Philipp.
807 5213 866 5260 tl,
900 5195 986 5251 l5.
1061 5197 1104 5227 ³⁷
1131 5199 1232 5250 lsa.
1264 5213 1301 5258 t,
1328 5195 1397 5260 9;
1439 5194 1575 5249 Rom
1605 5209 1682 5261 Ix,
1714 5195 1806 5250 29.
1883 5197 1961 5253 ³⁸1

2080 5221 2098 5255 η.
2137 5219 2191 5265 x,
2227 5203 2310 5256 14.
2389 5203 2430 5234 ³⁴⁸
2463 5202 2613 5255 Juan.
2653 5217 2739 5266 xv,
2767 5202 2818 5255 8.
2892 5203 2935 5234 "°
2969 5203 3104 5257 Gen.
3139 5219 3216 5270 ιιι,
3251 5201 3337 5258 16.

465 5291 580 5362 (12)
615 5291 836 5362 Προσδ.
862 5292 951 5362 Al.
987 5290 1376 5362 ὑποδεχομένη.

465 5349 722 5433 (13)}ta
763 5361 913 5433 ,πρὸς
962 5361 1070 5433 eor
1115 5349 1470 5433 6§6:pa_'aou
1515 5359 1555 5426 ἡ
1614 5361 1966 5430 ἀποστροφή

393 5429 533 5486 σου.
560 5429 753 5485 Minus
787 5431 922 5485 bene
961 5431 1177 5486 Sifanus
1215 5448 1229 5485 :
1282 5429 1348 5483 Et
1403 5431 1471 5482 ad
1517 5433 1685 5483 virum
1738 5429 1894 5484 luunt
1916 5442 1964 5484 te

395 5513 626 5555 avertes:
649 5501 735 5554 vix
753 5501 896 5554 enim
918 5500 1080 5555 fuerit
1106 5500 1310 5554 Latinis
1345 5499 1406 5552 τὸ
1443 5511 1637 5554 avertes
1661 5511 1707 5553 et
1737 5502 1958 5561 aversio.

395 5571 594 5640 ipsum,
645 5579 926 5625 convertes
970 5581 1024 5624 et
1067 5570 1369 5634 conversio,
1403 5571 1545 5640 quod
1592 5573 1702 5640 vult
1732 5569 1794 5622 τὸ
1824 5571 1960 5623 ἀπο-

398 5637 628 5712 στροφή.
654 5651 710 5712 et
743 5641 934 5694 habent
973 5640 1194 5710 Syxtina
1243 5641 1357 5705 ubi,
1415 5637 1552 5694 teste
1588 5637 1960 5712 Hieronymo,

395 5707 606 5778 Aquila
643 5707 951 5782 Societatem
975 5723 994 5764 :
1015 5707 1400 5782 Symmachus,
1429 5711 1710 5782 appetitum
1749 5707 1827 5782 ve]
1861 5712 1955 5761 ἕνην

393 5775 568 5848 petum
602 5781 986 5839 transtulerunt
1017 5795 1033 5836 :
1066 5775 1342 5852 quomodo
1383 5775 1544 5838 etiam
1569 5779 1754 5850 Tigur.
1780 5775 1846 5832 Et
1886 5784 1952 5832 ad

2094 5299 2259 5350 virum
2285 5309 2426 5348 (unm
2455 5297 2550 5346 erit
2575 5295 2887 5348 desiderium
2906 5307 3071 5349 tuum.

2144 5365 2256 5436 (14)
2308 5367 2398 5430 Ὠς
2441 5364 2774 5430 ἀσκητικὸν
2798 5365 3282 5434 ἑγκαλλὼπισμα.
3336 5362 3501 5436 Velut
3527 5379 3637 5416 mo-

2075 5434 2372 5489 nachoruut
2402 5445 2457 5488 et
2491 5437 2814 5503 peculiarius
2850 5435 2957 5489 Deo
2986 5437 3320 5488 attdictorum
3360 5434 3632 5503 hominum

2071 5505 2237 5572 gloria
2263 5542 2278 5566 ,
2312 5502 2537 5572 quorum
2586 5506 2832 5574 angelico
2869 5507 2918 5558 in
2954 5505 3110 5557 terris
3141 5504 3387 5574 instituto
3437 5502 3510 5556 ita
3541 5517 3630 5557 co-

2070 5585 2230 5640 gnata
2264 5584 2345 5628 est
2368 5573 2608 5640 angelica
2635 5573 2802 5628 virtus
2829 5575 3126 5641 virginitas,
3157 5588 3250 5627 seu
3279 5573 3470 5626 saltem
3503 5586 3634 5627 con-

2071 5645 2315 5707 tinentia,
2346 5644 2414 5698 ab
2440 5645 2527 5697 illo
2555 5645 2721 5699 semel
2754 5654 2988 5712 arrepto,
3018 5643 3240 5696 ut-nulla
3275 5642 3622 5711 indulgentia,

2071 5714 2190 5784 ipso
2226 5715 2459 5785 integro,
2488 5717 2657 5784 possit
2683 5715 2891 5782 violari,
2934 5729 2996 5769 ac
3029 5713 3110 5769 vel
3143 5715 3209 5768 ad
3240 5715 3451 5780 horam,
3491 5715 3545 5768 in
3575 5728 3638 5773 ro
