3796 6304
122 376 185 428 ,δ
1234 366 1489 426 ORATIO
1530 364 1597 419 IN
1634 362 2012 421 occunsun
2051 362 2307 422 DOMINI.
2518 426 2521 429 ,
3300 368 3371 425 46

118 495 191 558 ὡς
212 492 321 561 τῆς
347 490 697 564 ἀνθρωπίνης
726 489 895 555 ἕξεως
926 490 1193 560 ἀνωτερα,
1229 489 1305 553 ὡς
1335 488 1442 542 τῶν
1471 489 1708 556 ἐπαναγο

1815 493 1985 537 torum
2026 486 2207 546 decus,
2233 492 2291 536 ut
2329 483 2577 553 superior
2605 484 2841 540 humano
2880 484 3063 540 habitu
3094 493 3151 542 et
3204 486 3373 553 quali-

119 584 442 640 κιιοπαθῶν
465 583 736 652 ἐλευθέρα
766 582 902 653 (15),
932 582 1007 646 ὼς
1034 580 1447 635 ωνεισελθοῦσα
1474 581 1552 651 τῷ
1577 598 1709 650 νυμ-

118 678 219 744 ςιῖῳ
247 674 479 743 Χριστῷ
518 674 598 735 είς
621 673 713 725 τὸν
737 672 979 742 θάλαμον
1007 671 1105 740 τῆς
1132 670 1377 741 οὐρανῶν
1410 671 1706 741 βασιλείας.

119 766 221 817 Καὶ
254 765 325 816 τὰ
361 764 465 832 μὲν
497 765 598 833 τῆς
633 763 933 836 παρθενίας
969 762 1121 832 κλέη,
1148 762 1342 828 ταῦτα,
1382 763 1477 815 καὶ
1505 762 1573 815 τὰ
1605 781 1710 816 πα-

122 856 402 927 ραπλήσια
457 854 699 907 τούτων·
758 855 787 905 ὁ
833 854 891 906 δὲ
941 853 1118 923 τίμιος
1172 854 1348 924 γάμος
1392 854 1710 923 ὑπέρκειται

122 948 312 1009 παντὸς
365 945 546 1014 δώρου
598 946 813 1015 γηῒνου,
863 944 936 1007 ὠς
1002 944 1279 1015 ἔγκαρπον
1341 944 1577 1016 δένδρον,
1635 945 1709 1008 ὡς

124 1044 325 1093 ἀστεῖον
358 1042 554 1106 φυτὸν,
587 1038 663 1100 ὠς
714 1037 840 1107 ῥίζα
881 1036 980 1106 τῆς
1018 1036 1337 1106 παρθενίας,
1368 1036 1443 1099 ὼς
1469 1035 1710 1106 γεωργὸς

120 1132 217 1183 τῶν
270 1130 516 1198 λογικῶν
558 1129 653 1182 καὶ
685 1129 944 1199 ἐμψύχων
982 1128 1211 1193 κλάδων,
1242 1130 1318 1192 ὡς
1361 1129 1575 1197 εὐλογία
1613 1131 1710 1200 τῆς

119 1224 202 1276 τοῦ
231 1223 445 1292 κόσμου
480 1222 787 1289 αὐξήσεως,
810 1220 886 1282 ὡς
924 1222 1236 1291 παρήγορος
1269 1220 1363 1272 τοῦ
1393 1220 1603 1288 γένους,
1632 1220 1708 1283 ὡς

118 1312 447 1382 δημιουργῂ
474 1311 575 1380 τῆς
603 1309 1042 1379 ἀνθρωπότητος,
1081 1310 1156 1371 ὡς
1200 1310 1297 1378 τῆς
1340 1308 1528 1379 θεῖκῆς
1572 1311 1711 1362 εἰκό-

119 1422 200 1465 νος
219 1402 545 1471 ζωγράφος,
571 1401 643 1462 ὡς
666 1400 756 1451 τὸν
782 1400 1058 1467 Δεσπότην
1082 1398 1408 1466 εὐλογοῦντα
1436 1417 1602 1469 κεκτη
1613 1402 1709 1469 μέ-

117 1509 220 1553 νος,
243 1490 322 1552 ὡς
351 1490 535 1541 πάντα
566 1488 660 1539 τὸν
681 1488 886 1557 κόσμον
914 1487 1098 1558 φέρειν
1131 1487 1436 1557 δεχόμενος,
1477 1489 1550 1552 ὼς
1570 1489 1711 1541 ὲκεί-

118 1601 189 1651 νῳ
229 1580 661 1647 πολιτευόμενος
687 1578 799 1647 (16)
837 1577 897 1630 ὃν
956 1579 1049 1630 καὶ
1097 1577 1509 1649 ὲνανθρωπῆσαι
1557 1580 1710 1631 ἐδυσ-

121 1674 368 1741 ώπησεν,
391 1671 467 1733 ὡς
498 1670 799 1739 δυνάμενος
820 1670 997 1737 λέγειν
1029 1670 1165 1740 μετὰ
1190 1672 1516 1741 παρρησίας.
1541 1672 1707 1735 Ἰδοὺ,

120 1766 228 1832 ἐγὼ
266 1766 367 1817 καὶ
418 1765 489 1817 τὰ
528 1762 757 1823 παιδία,
792 1762 829 1816 ἅ
852 1780 951 1831 μοι
979 1763 1204 1816 ἔδωκεν
1236 1766 1267 1816 ό
1299 1765 1461 1829 Θεός.
1488 1764 1709 1836 Περίελε

121 1859 203 1908 τὸν
232 1859 424 1927 τίμιον
447 1857 649 1924 γάμον,
675 1856 769 1908 καὶ
798 1855 899 1907 ποῦ
934 1856 1186 1925 εὑρήσεις
1210 1855 1270 1907 τὸ
1297 1856 1394 1925 τῆς
1416 1856 1711 1925 παρθενίας

123 1946 272 2010 ἄνθος
292 1965 307 1979 ’
344 1948 503 2000 ἐνθεν
528 1950 637 2017 γὲίρ
675 1947 769 1999 καὶ
799 1948 897 1998 οὐκ
928 1946 1167 2009 ἄλλοθεν,
1204 1946 1264 1999 τὸ
1297 1947 1395 2015 τῆς
1418 1948 1713 2019 παρθενίας

124 2039 272 2103 ἄνθος
310 2040 665 2107 ἀναλέγεται.
715 2039 898 2092 Ταῦτα
924 2040 979 2091 δὲ
1019 2039 1289 2106 λέγοντες,
1320 2041 1612 2110 ἀγαπητοὶ,
1650 2043 1712 2094 οὐ

128 2136 298 2204 μάχην
354 2132 842 2202 παρεισόάλλομεν
902 2133 1102 2201 μεταξύ
1157 2132 1454 2203 παρθενίας
1488 2135 1581 2187 καὶ
1610 2136 1711 2203 γά-

129 2240 253 2293 μουο
308 2226 380 2278 τὰ
438 2225 679 2293 ἑκάτερα
730 2223 785 2275 δὲ
838 2222 913 2285 ὡς
960 2221 1291 2293 ἀλληλόχρεα
1339 2224 1708 2295 θαυμάζομεν.

137 2316 346 2385 Ἐπειδὴ
405 2314 518 2367 τῶν
575 2314 855 2383 ἑκατέρων
899 2316 925 2366 ὁ
957 2315 1232 2384 Δεσπότης
1280 2316 1375 2369 καὶ
1412 2317 1714 2388 προνοητὴς

128 2408 217 2457 οὐκ
262 2405 715 2459 ἀντιταλαντεύει
761 2405 945 2475 ἕτερον
976 2404 1053 2476 τῷ
1081 2406 1285 2476 ἑτέρῳ·
1326 2408 1460 2477 πρὸς
1508 2410 1614 2480 γὰρ
1648 2408 1715 2461 τὰ

126 2498 353 2566 ἑκάτερα
400 2497 502 2565 τῆς
546 2496 861 2558 θεοσεϐείας
889 2494 1070 2564 ἔχεται.
1097 2497 1227 2565 (17).
1261 2498 1420 2550 Ἀνευ
1469 2499 1577 2569 γὰρ
1616 2500 1713 2569 τῆς

129 2590 304 2656 τιμίας
357 2589 456 2641 καὶ
498 2586 791 2650 θεοσεϐοῦς
821 2587 1102 2651 εὐσεϐείας
1143 2589 1251 2659 (18)
1296 2588 1419 2642 οὐτε
1453 2590 1713 2660 παρθενία

136 2681 318 2751 σεμνὴ,
347 2679 478 2733 οὔτε
507 2680 689 2749 γάμος
715 2678 913 2748 τίμιος.

193 2852 263 2905 B‘.
288 2852 482 2904 Ταῦτα
500 2852 555 2904 δέ
579 2870 669 2921 μοι
692 2853 749 2903 ὲν
775 2852 853 2923 τῷ
866 2854 1090 2923 παρόντι
1108 2852 1251 2922 λόγῳ
1270 2852 1534 2923 προήχθη,
1549 2853 1634 2906 διὰ
1652 2855 1713 2908 τὸ

131 2946 181 2994 ἐν
201 2946 274 3014 τῷ
303 2946 463 3015 νόμῳ
498 2945 737 3015 γραφὲν,
771 2946 864 2997 καὶ
886 2947 942 2996 ὲν
974 2946 1037 3014 τῇ
1069 2944 1249 3014 χάριτι
1278 2944 1591 3013 βεϐαιωθὲν,
1618 2946 1712 2997 καὶ

134 3034 347 3086 καθόλου
399 3034 612 3103 λεχθὲν,
644 3034 740 3086 καὶ
774 3032 1000 3086 καθόλου
1035 3032 1109 3103 μὴ
1142 3033 1385 3103 εὑρεθὲν,
1419 3035 1513 3087 καὶ
1551 3036 1607 3086 ἐν
1633 3036 1711 3105 τῷ

133 3124 304 3193 κυρίῳ
339 3125 492 3193 μόνῳ
528 3124 818 3194 πληρωθὲν
846 3123 958 3193 (19)
988 3138 1001 3155 ·
1034 3124 1161 3195 περὶ
1184 3122 1278 3177 τοῦ
1302 3124 1540 3194 γαμικοῦ
1568 3124 1711 3195 φημὶ

196 3278 238 3308 ⁸¹
264 3279 401 3333 lleb.
434 3294 556 3341 XIII,
589 3278 645 3331 4.
722 3277 767 3307 δ’
795 3279 896 3333 lsa.
927 3294 1041 3343 vin,
1076 3280 1162 3335 18.

1813 581 1943 636 tate,
2002 581 2059 625 ut
2116 573 2439 627 necessariis
2500 571 2876 628 affectionibus
2911 574 3100 641 libera,
3136 584 3198 630 ut
3250 591 3375 631 cum

1808 662 2025 717 Christo
2063 678 2261 733 sponso
2293 670 2344 717 in
2386 664 2534 734 regni
2569 664 2825 720 caelorum
2869 676 3157 735 penetrans
3201 666 3376 725 thala-

1811 771 1977 811 mum.
2006 755 2073 809 Et
2097 758 2207 810 haec
2235 756 2453 824 quidem
2489 766 2615 811 sunt
2647 757 2972 825 virginitatis
3015 759 3268 829 insignia,
3320 771 3377 816 et

1809 847 1853 900 si
1885 861 1989 915 qua
2024 846 2091 899 iis
2136 847 2339 899 fuerint
2363 846 2607 915 proxima
2639 866 2650 899 :
2682 848 2996 904 bonorabile
3030 861 3208 905 autem
3244 866 3377 907 con-

1811 939 2029 991 nubium
2062 938 2129 1003 δί,
2168 941 2364 991 donum
2425 953 2584 993 omne
2636 950 2908 993 terrenum
2963 951 3200 1011 supcrat,
3258 953 3378 997 tan-

1810 1040 1967 1093 quam
2005 1028 2167 1080 arbor
2198 1027 2474 1097 frugifera,
2508 1040 2564 1082 ut
2591 1028 2769 1098 planta
2811 1030 3047 1099 elegans,
3092 1032 3235 1088 velut
3288 1049 3376 1088 ra—

1812 1116 1902 1170 dix
1933 1116 2277 1187 virginitatis,
2314 1126 2371 1170 ut
2404 1120 2546 1186 quod
2577 1120 2867 1175 rationales
2914 1121 3128 1190 vitaque
3182 1123 3378 1192 petiori

1810 1217 1997 1262 auctos
2025 1223 2222 1274 ramos,
2247 1209 2478 1273 excolat,
2516 1211 2679 1265 veluti
2725 1212 2906 1267 mundi
2939 1224 3214 1269 cremento
3251 1216 3375 1269 data

1814 1298 2142 1363 benedictio,
2180 1308 2239 1352 ut
2263 1300 2508 1353 solatium
2528 1303 2764 1370 generis,
2794 1313 2852 1357 ut
2883 1315 3083 1359 naturae
3114 1306 3373 1373 conditor,

1812 1397 1870 1440 ut
1910 1389 2087 1457 pictor
2126 1390 2321 1444 divinre
2380 1390 2652 1462 imaginis,
2706 1405 2762 1447 ut
2794 1409 2878 1449 cut
2920 1395 3172 1451 Dominus
3214 1398 3378 1453 bene-

1810 1478 1967 1542 dixit,
1999 1488 2059 1531 ut
2089 1484 2230 1547 quod
2275 1480 2587 1535 universum
2651 1483 2907 1536 mundum
2951 1495 3166 1553 portare
3210 1488 3378 1542 susti-

1812 1579 1958 1635 neat,
1992 1580 2049 1624 ut
2074 1570 2226 1638 cujus
2253 1573 2489 1627 rationes
2525 1574 2595 1628 illi
2627 1574 2994 1644 instituantur,
3033 1594 3189 1647 quem
3214 1581 3374 1635 etiam

1811 1671 1868 1715 ut
1897 1663 2057 1717 homo
2097 1664 2247 1718 ﬂeret
2298 1665 2545 1720 inﬂexit:
2582 1669 2723 1736 quod
2770 1678 2877 1723 tota
2920 1670 3169 1726 libertate
3200 1672 3377 1727 dicere

1812 1756 1979 1823 possit
2006 1772 2021 1810 :
2066 1755 2197 1808 Ecce
2222 1772 2336 1825 ego,
2360 1766 2407 1810 et
2442 1758 2664 1825 parvuli,
2696 1776 2824 1829 quos
2855 1761 2994 1813 dedit
3028 1762 3155 1815 mihi
3197 1760 3372 1815 Domi.

1814 1863 1910 1899 nus
1943 1847 2006 1899 δ’.
2043 1847 2209 1901 Aufer
2257 1850 2568 1905 honorabile
2628 1852 2954 1921 coniugium,
3006 1870 3103 1909 nec
3152 1870 3376 1924 usquam

1815 1935 2140 2003 virginitatis
2168 1935 2351 1993 ﬂorem
2380 1939 2670 1993 inveneris.
2697 1940 2823 1995 Inde
2845 1942 3009 2007 enim,
3038 1957 3141 1998 non
3163 1957 3227 1997 ex
3252 1942 3376 2009 alio,

1813 2028 2081 2098 colligitur
2112 2029 2211 2084 ﬂos
2254 2031 2603 2099 virginitatis.
2643 2031 2774 2084 Cum
2824 2047 2951 2086 vero
2986 2036 3099 2088 lucc
3131 2034 3376 2099 dicimus,

1812 2120 2027 2186 dilecti;
2065 2121 2480 2190 haudquaquam
2538 2122 2679 2175 inter
2711 2123 3069 2191 virginitatem
3107 2125 3381 2179 matrimo-

1814 2211 2069 2277 niumque
2133 2224 2364 2279 pugnam
2431 2211 2767 2265 inducimus:
2818 2212 2910 2265 sed
2961 2221 3267 2281 utrumque,
3324 2222 3382 2266 ut

1816 2303 1957 2369 quod
1984 2301 2211 2355 alterum
2266 2302 2421 2356 alteri
2485 2302 2715 2357 oﬂicium
2757 2312 2994 2372 praestet,
3029 2304 3378 2373 vicissimque

1814 2393 2048 2461 indigeat
2108 2392 2303 2459 altero,
2368 2394 2735 2462 suspicimus:
2777 2395 3039 2463 siquidem
3102 2396 3380 2449 amborum

1816 2483 2070 2537 Dominus
2096 2485 2580 2552 provisorquenon
2632 2484 2857 2537 alterum
2911 2484 3061 2538 alteri
3114 2486 3377 2553 opponit.-

1814 2574 1864 2627 in
1904 2584 2131 2642 utroque
2153 2574 2295 2628 enim
2326 2575 2640 2645 religionem
2673 2575 3015 2645 amplectitur
3079 2574 3212 2629 Nam
3256 2578 3369 2629 abs.

1813 2680 1917 2733 que
1941 2665 2187 2734 religiosa
2241 2668 2462 2735 pietate,
2514 2681 2687 2735 neque
2735 2666 3020 2735 virginitas
3064 2668 3383 2723 venerabilis

1814 2766 1919 2821 est,
1954 2773 2125 2827 neque
2148 2760 2543 2813 matrimonium
2565 2759 2891 2814 honorabile.

1882 2846 1946 2899 ll.
1990 2847 2169 2903 Hmea
2212 2864 2297 2903 tne
2348 2850 2594 2918 prtesenti
2643 2850 2890 2903 oratione
2948 2850 3151 2917 prolata
3219 2858 3381 2917 eunt,

1814 2953 2032 3012 propter
2061 2945 2110 2997 id
2150 2946 2291 3013 quod
2318 2946 2685 3014 estscriptum
2716 2945 2767 2998 in
2809 2944 2945 3015 lege,
2993 2954 3047 2999 et
3103 2946 3156 2998 in
3210 2946 3384 3016 gratia

1814 3036 2192 3089 conlirmatum
2225 3053 2243 3090 :
2274 3038 2415 3106 quod
2447 3038 2737 3093 universitn
2786 3038 3008 3100 dictum,
3041 3052 3138 3091 nec
3166 3040 3368 3091 univer-

1812 3128 1915 3181 sim
1947 3128 2221 3183 inventum
2262 3138 2363 3197 est,
2397 3133 2488 3185 sed
2536 3131 2590 3185 in
2642 3131 2758 3187 solo
2807 3131 3035 3185 Dmnino
3080 3131 3359 3201 impletum

134 3442 310 3507 etiam,
352 3457 461 3495 non
492 3440 739 3503 servari,
772 3437 1007 3508 solaque
1028 3436 1421 3508 praeparatione
1464 3436 1623 3488 animi
1656 3445 1708 3489 ct
1738 3441 1780 3498 ο
1815 3436 1997 3508 operis
2030 3454 2041 3489 :
2077 3437 2142 3489 de
2168 3450 2281 3508 quo
2302 3434 2662 3508 Hieronymus
2692 3448 2877 3508 contra
2925 3437 3288 3507 Vigilantiam.

136 3504 377 3581 prompta
412 3511 697 3563 voluntate
722 3525 737 3572 ;
780 3504 1049 3576 quomodo
1071 3515 1123 3559 et
1153 3504 1472 3581 obedientiae
1497 3515 1549 3581 et
1576 3520 1709 3581 pau-

139 3574 345 3646 pertaiis
374 3591 503 3633 vota
528 3618 544 3641 ,
572 3574 826 3643 servata,
860 3592 963 3631 non
997 3591 1122 3629 raro
1150 3574 1441 3637 suﬂiciunt,
1467 3575 1550 3646 vel
1576 3576 1714 3627 deﬂ—

136 3645 294 3705 ciente
318 3652 416 3719 qui
462 3649 765 3718 praecipiat,
796 3648 887 3719 vel
911 3662 1007 3719 usu
1045 3661 1227 3719 rerum
1275 3646 1487 3699 interim
1521 3645 1713 3719 libero,

136 3735 189 3772 ac
217 3715 395 3787 qualis
426 3715 545 3773 fere
578 3728 662 3771 est
692 3718 915 3787 domini.
946 3716 1059 3781 Qua
1099 3716 1164 3767 de
1197 3730 1254 3768 re
1277 3724 1383 3767 tum
1420 3715 1715 3787 canonistze

139 3793 192 3837 ad
219 3784 430 3843 θεοῖ-ει.
464 3800 645 3843 cura.
679 3785 812 3841 Cum
841 3787 909 3838 ad
937 3788 1335 3847 monasterium,
1365 3793 1420 3836 et.
1451 3784 1708 3853 Theologi

136 3857 231 3919 ιιι,
274 3860 369 3913 ubi
417 3862 486 3913 de
534 3867 679 3909 vnto.
715 3855 973 3909 Silanus:
1010 3853 1195 3920 Utpote
1235 3854 1437 3906 virtutis
1475 3852 1636 3905 studii
1663 3852 1711 3905 et

138 3932 306 3982 tuentis
338 3928 743 3982 exercitationis
774 3935 1157 3979 ornamentum.
1190 3922 1354 3977 Plane
1375 3924 1583 3992 jejune,
1614 3938 1712 3977 nec

140 4000 419 4065 quidquam
450 3999 520 4051 ad
550 4005 783 4049 mentem
816 3994 1195 4065 Amphilochii.

199 4063 304 4133 (l5)
358 4069 455 4133 Ὠς
505 4065 624 4118 τῶν
650 4063 1227 4132 ἐπαναγκαιοπαθῶν
1265 4063 1571 4130 ἐλευθέρα.
1621 4063 1706 4115 ΑΙ.

142 4128 485 4190 exat-195m.
529 4135 693 4189 Velut
742 4128 863 4202 Quae
906 4135 1150 4201 superior
1189 4135 1436 4186 videatur
1461 4128 1710 4187 humanis

142 4210 475 4271 passionibus
534 4205 1095 4271 necessiutibusque,
1148 4218 1210 4256 ac
1262 4205 1550 4271 quemdam
1596 4202 1707 4268 jam

141 4280 425 4344 angelicum
462 4288 517 4329 et
570 4274 995 4341 incorruptionis
1030 4283 1227 4326 statum
1276 4273 1544 4344 pra-ferat.
1582 4272 1710 4344 Erat

144 4343 299 4399 tentus
330 4347 629 4400 mendosus
673 4346 894 4397 omnino
956 4352 1007 4395 et
1050 4344 1271 4395 mutilus
1299 4343 1373 4405 ὼς
1412 4344 1517 4395 τῶν
1555 4343 1711 4395 ἐπάν-

142 4431 285 4481 αγκες
309 4415 549 4469 ἐλθοῦσα
577 4414 654 4484 τῷ
696 4414 932 4483 νυμφίῳ,
962 4430 1013 4465 κ.
1042 4431 1093 4467 τ.
1121 4413 1201 4477 ἐξ.
1234 4410 1563 4484 Sif:ttttts:Ut
1594 4428 1709 4484 qua:

144 4490 416 4539 necessario
449 4482 640 4553 sponso
689 4482 900 4536 Christo
936 4485 1103 4536 veniat
1134 4484 1189 4535 in
1231 4482 1523 4534 thalamum
1557 4483 1701 4549 regni

147 4557 373 4609 calorum
398 4572 416 4607 :
447 4557 602 4623 cujus
628 4553 756 4609 dicti
781 4563 873 4605 aut
899 4568 1002 4606 non
1035 4553 1190 4607 video
1210 4567 1448 4615 sensum,
1478 4561 1572 4605 aut
1602 4567 1706 4604 non

145 4628 255 4677 satis
284 4641 508 4680 sanum.

200 4696 301 4763 (l6)
328 4698 427 4761 Ὠς
449 4696 662 4757 ἐκεινῳ
678 4693 1156 4761 πολιτευόμενος.
1182 4691 1339 4746 Velut
1362 4691 1506 4763 quod
1535 4690 1619 4744 illi
1636 4689 1714 4763 vi-

145 4762 289 4818 vatur
307 4776 363 4820 et
390 4766 606 4817 militet.
631 4765 709 4817 Re
732 4779 859 4817 vera
882 4767 1020 4815 enim
1046 4764 1208 4815 etiam
1226 4762 1421 4829 nuptire
1444 4762 1553 4813 Deo
1575 4762 1715 4814 mili-

150 4846 273 4898 tant;
308 4851 624 4903 quanquam
655 4834 849 4901 majori
881 4831 1708 4903 quamvirgittitasdiﬂicnltate,

150 4916 191 4954 et
232 4900 571 4958 terreiioritni
604 4900 984 4956 sollicitudine.
1036 4900 1295 4954 Silanus:
1329 4900 1461 4953 Cum
1516 4904 1579 4952 ab
1621 4901 1711 4952 illo

152 4988 338 5039 regatur
375 4985 427 5027 et
467 4974 896 5035 administratur,
943 4973 1118 5024 minus
1145 4980 1305 5038 apte:
1342 4981 1397 5021 ut
1428 4972 1570 5022 enim
1605 4972 1713 5021 vir-

148 5047 388 5109 ginitatis,
420 5047 495 5097 ita
546 5045 854 5109 nuptiarum
899 5041 1096 5109 ubique
1125 5040 1537 5109 Amphilochius
1582 5056 1709 5107 pro-

147 5107 810 5184 sequitur-xaropoo'ipafta
833 5148 870 5184 ,_
912 5107 1019 5184 non
1049 5110 1366 5184 fortua‘liter
1411 5107 1588 5162 divina
1621 5126 1713 5178 χα-

150 5178 362 5253 ρίσματα
413 5224 432 5248 ,
506 5178 794 5249 (ιὶιὶόίΙΙα
859 5180 1059 5253 homini
1116 5178 1435 5253 conferant,
1484 5188 1537 5231 et
1604 5193 1712 5248 quo

148 5249 498 5323 obsequantur
530 5255 673 5316 Deo;
704 5265 818 5323 n_on_
838 5250 963 5323 quid
994 5251 1141 5323 Deus
1168 5249 1273 5323 illis
1306 5249 1567 5323 conferat.

203 5316 305 5389 (l7)
346 5324 511 5391 Πρὸς
545 5323 657 5391 γὰρ
688 5321 762 5373 τὰ
794 5316 1041 5391 ἑκάτερα
1068 5318 1179 5386 τῆς
1202 5318 1539 5391 θεοσεὸξείας
1577 5316 1706 5391 ἕζε-

148 5387 239 5445 ται.
268 5387 768 5462 Νριιῖνουοιιὶὶιιιιε
808 5389 901 5462 ille
935 5400 988 5442 et
1019 5393 1286 5462 provisor,
1307 5388 1472 5462 ‘vel‘ut
1496 5403 1557 5440 ea
1585 5387 1706 5462 _aﬂi-

148 5462 263 5515 citur
286 5456 446 5531 eique
481 5462 683 5514 insistit
714 5478 727 5511 :
759 5468 820 5513 ut
864 5460 934 5513 sit
964 5456 1103 5513 ratio
1141 5474 1240 5513 cur
1267 5458 1367 5511 οὐκ
1396 5456 1710 5531 ἀντιταλαν-

147 5533 269 5584 secs:
294 5526 487 5603 ἕτερον
511 5531 593 5601 τῷ
622 5531 819 5602 ἑτέρῳ,
851 5545 954 5603 non
984 5543 1153 5603 unum
1179 5538 1365 5603 contra
1394 5526 1536 5581 aliud
1556 5528 1708 5603 velut

150 5606 348 5657 trutinat
374 5597 430 5657 et
458 5597 731 5671 appendit
753 5597 780 5655 τ’
801 5600 955 5671 quasi
983 5600 1096 5666 ipsa
1130 5600 1391 5671 praecise,
1423 5612 1497 5671 ac
1518 5597 1617 5650 nisi
1651 5608 1708 5671 ιιι

152 5674 298 5742 taedia
333 5676 400 5727 ad
435 5666 697 5742 pietatem
744 5666 1167 5742 religionemque
1190 5706 1207 5734 ,
1257 5668 1424 5736 pluris
1460 5666 1611 5742 ﬂant
1641 5667 1707 5719 ab

152 5735 283 5815 ipso:
318 5735 464 5812 quod
514 5754 698 5796 tamen
747 5735 1183 5815 non'_prohibet_,
1221 5735 1280 5791 ut
1319 5753 1385 5815 ne
1423 5737 1704 5815 virginitas

153 5810 205 5863 ait
232 5807 416 5869 metior
445 5824 499 5869 et
554 5810 831 5881 acceptior
875 5807 985 5864 Deo
1028 5822 1093 5865 ex
1141 5808 1255 5879 ipsa
1294 5807 1458 5864 etiam
1497 5808 1703 5862 ratione

1740 4522 1787 4580 D

1886 3507 1994 3574 (18)
2032 3507 2359 3570 Εὐσεϐείας
2395 3506 2532 3559 Ειίὶιῖ
2572 3508 2733 3568 male,
2770 3507 3042 3573 εὐλογίας.

1885 3576 1997 3643 (19)
2039 3578 2149 3629 Καὶ
2189 3579 2258 3630 ἐν
2285 3575 2365 3641 τῷ
2398 3577 2594 3643 Κυρίῳ
2632 3578 2797 3646 μόνῳ
2828 3577 3161 3647 πληρωθέν.
3204 3578 3276 3633 Ut
3307 3580 3388 3631 ni—

1817 3648 2012 3699 mirum
2050 3648 2163 3713 ipse
2197 3648 2434 3715 aperiret
2470 3648 2714 3712 vulvam,
2759 3649 2903 3702 nullo
2944 3649 3151 3702 semine
3188 3651 3388 3714 praevio

1819 3719 1885 3769 ad
1918 3715 2034 3783 ejus
2069 3716 2400 3783 apertionem
2438 3735 2451 3769 :
2494 3731 2653 3783 quam
2689 3718 2851 3769 etiam
2888 3720 3151 3772 rationem
3186 3717 3389 3771 Metho-

1819 3786 1936 3839 dius
1973 3785 2162 3847 habet,
2201 3800 2409 3838 necnon
2454 3785 2771 3839 Ambrosius
2813 3803 2825 3839 :
2860 3788 3006 3841 solus
3046 3796 3223 3840 tamen
3257 3788 3387 3840 Am-

1815 3855 2120 3923 philochius
2143 3869 2203 3907 ea
2242 3857 2305 3906 de
2334 3871 2391 3907 re
2422 3864 2477 3907 et
2501 3864 2677 3907 movet
2704 3855 2922 3910 dubium
2954 3866 3008 3910 et
3038 3855 3230 3909 solvit:
3261 3857 3386 3909 Atti-

1824 3927 2004 3977 hrosio
2032 3924 2195 3977 etiam
2220 3924 2365 3977 velut
2392 3924 2783 3987 dissimulante,
2815 3935 2868 3978 et
2892 3927 2954 3977 ad
2989 3924 3239 3979 Ecclesia:
3272 3929 3385 3993 spi-

1816 3994 2023 4047 ritalem
2053 3995 2285 4058 vulvam,
2322 4009 2482 4061 quam
2518 3994 2603 4047 ille
2632 4010 2755 4048 vere
2787 3995 3018 4049 Sanctus
3047 4006 3187 4050 esset
3231 4012 3388 4062 aper-

1817 4074 1991 4137 turus,
2032 4065 2337 4137 remittente
2369 4082 2381 4117 :
2420 4062 2540 4137 Sed
2587 4064 2677 4117 ille
2706 4064 2963 4137 Sanctus,
2996 4068 3188 4136 inquit,
3226 4082 3386 4137 quem

1816 4135 1869 4185 in
1900 4132 2071 4202 ﬁgura
2097 4134 2270 4201 futuri
2308 4135 2561 4205 mysterii,
2587 4138 2671 4196 pia
2702 4138 2827 4204 legis
2862 4132 3387 4205 dirinte'pra'sc'ripta

1815 4204 2127 4275 signabant;
2162 4221 2221 4256 eo
2255 4203 2584 4275 quatiemus
2619 4203 2814 4257 sancite
2864 4203 3117 4259 Ecclesia:
3145 4207 3383 4275 uirginis,

1816 4273 1883 4325 ad
1915 4275 2236 4339 generando;
2262 4273 2479 4341 populos
2510 4274 2625 4337 Dei,
2660 4274 3017 4329 immaculata?
3047 4273 3385 4343 fecunditatis

1814 4344 2033 4407 aperiret
2064 4345 2286 4411 genitale
2310 4353 2583 4395 secretum.
2612 4344 2712 4396 llic
2745 4361 2865 4411 ergo
2892 4346 3033 4397 solus
3060 4346 3158 4397 sibi
3181 4348 3387 4409 aperuit

1813 4412 2037 4481 vulvam.
2073 4412 2182 4464 Nec
2209 4413 2396 4464 mirum
2419 4428 2437 4465 :
2461 4414 2543 4463 hic
2574 4417 2709 4465 enim
2730 4417 2932 4467 dixerat
2958 4418 3025 4467 ad
3048 4414 3387 4481 prophetam:

1818 4499 1835 4530 ι
1871 4480 2253 4553 Βνὶιιδᾳιιαηιιε
2276 4484 2576 4548 formarem,
2611 4501 2629 4533 ι
2659 4493 2761 4536 etc.
2786 4484 3022 4553 Quiergo
3041 4480 3240 4536 vulvam
3259 4501 3382 4537 san-

1815 4551 2063 4617 ctiﬁcuvi-t
2090 4552 2339 4613 alienant,
2368 4562 2422 4603 ut
2445 4563 2743 4605 nasceretur
2770 4551 3039 4621 prapltela,
3075 4558 3157 4606 ltic
3181 4564 3255 4607 est
3290 4555 3382 4622 qui

1814 4623 2015 4681 aperuit
2059 4623 2239 4673 matri:
2283 4638 2393 4674 sua:
2440 4621 2644 4674 uuluam
2692 4631 2746 4674 ut
2782 4623 3150 4677 immaculata:
3199 4621 3381 4678 exiret.

1814 4689 1957 4742 Bene
2004 4690 2052 4742 id
2098 4691 2311 4755 quidem
2358 4708 2372 4743 :
2417 4692 2486 4744 At
2527 4692 2690 4745 instat
2746 4692 2834 4745 ille
2876 4702 3058 4747 noster
3104 4693 3384 4759 Amphilo-

1814 4762 1999 4833 chius;
2042 4760 2194 4833 cujus
2240 4776 2297 4814 se
2328 4760 2420 4833 τῷ
2472 4761 2803 4833 ἐπιστατικῷ
2848 4763 2942 4833 καὶ
2988 4762 3232 4833 νηφαλίῳ
3285 4763 3384 4833 τῆς

1811 4831 2388 4901 διανοίας-ὑπερφυῶς
2438 4832 2704 4901 ἡσθῆναι,
2732 4837 2806 4885 ait
2849 4831 3108 4898 Basilius,
3155 4831 3380 4898 prooem.

1814 4901 1907 4953 lib.
1941 4900 2018 4952 De
2050 4898 2259 4964 Spiritu
2283 4898 2468 4953 sancto
2507 4898 2573 4954 ad
2603 4906 2774 4969 ipsum
2803 4920 2816 4955 :
2857 4904 3266 4969 perSpicatritate
3293 4902 3381 4956 illa

1813 4982 1869 5043 et
1895 4971 2198 5043 prudentia,
2228 4987 2319 5043 seu
2346 4971 2636 5043 διορατικῴ
2667 4974 2755 5024 illo
2792 4973 3165 5043 Chrysustomi
3191 5011 3205 5032 .
3238 4976 3385 5040 quod

1814 5040 1989 5113 ipsum
2027 5040 2077 5092 in
2109 5042 2385 5113 sacerdote
2412 5040 2587 5111 jungit
2610 5040 2693 5113 ’τῷ
2724 5041 2989 5111 νηφαλίῳ,
3022 5057 3142 5113 qua
3197 5043 3385 5097 ditIici-

1812 5109 1881 5162 lia
1911 5123 2139 5191 quaeque
2171 5110 2224 5162 in
2260 5108 2540 5191 Scriptura
2584 5108 2890 5191 pervideret
2929 5108 2987 5191 et
3012 5108 3245 5191 feliciter
3273 5113 3384 5168 sol-
3448 5150 3463 5191 ε

1811 5190 1996 5243 veret;
2032 5180 2112 5231 vel
2158 5189 2339 5243 certe,
2382 5180 2656 5236 modestia:
2694 5197 2853 5236 causa
2876 5223 2891 5246 ,
2923 5183 2990 5235 ad
3028 5183 3378 5247 solvendum,
3409 5219 3423 5245 ,.

1774 5264 1947 5321 ,quos
1973 5258 2030 5321 ut
2054 5250 2337 5321 magistros
2360 5252 2736 5317 venerabatur,
2775 5262 2899 5321 puta
2932 5252 3212 5316 Basilium,
3247 5261 3379 5316 etc.,

1814 5319 1928 5387 ipsa
1974 5319 2395 5391 interrogatione
2446 5319 2974 5391 ὲπιστατικώτέρους
3026 5322 3264 5387 faciens,
3326 5332 3382 5375 ut

1820 5386 1957 5460 idem
1998 5386 2229 5460 Basilius
2267 5390 2423 5460 epist.
2466 5407 2481 5443 ι
2544 5407 2663 5446 can.
2709 5393 2775 5445 ad
2817 5386 3025 5460 ipsum,
3060 5386 3378 5460 impelleret.

1810 5457 1997 5523 instat,
2030 5458 2246 5520 inquam
2275 5457 2311 5514 :7
2335 5457 2444 5512 Lex
2470 5460 2571 5515 ista
2604 5463 2667 5516 ad
2712 5457 2931 5515 Mariam
2974 5457 3235 5525 refertur;
3282 5461 3383 5514 fuit

1808 5545 1937 5598 ergo
1963 5538 2145 5602 aperta
2175 5528 2289 5602 ejus
2320 5529 2504 5602 vulva;
2535 5548 2638 5584 non
2676 5547 2802 5602 ergo
2831 5532 2989 5600 Virgo
3016 5530 3377 5599 virginitatem

1808 5601 2067 5672 servavit.
2104 5598 2291 5672 solvat
2323 5599 2435 5672 ipse
2465 5602 2557 5672 qui
2606 5612 2713 5672 tam
2743 5598 2965 5672 'digeste
2995 5598 3327 5672 addubitavit
3361 5617 3377 5655 :

1807 5670 1951 5740 Πρὸς
1986 5669 2083 5740 μὲν
2106 5667 2204 5741 τὴν
2230 5666 2567 5741 παρθενικὴν
2594 5671 2776 5740 φύσιν,
2801 5666 2852 5723 ἱ.
2890 5688 2941 5725 τ.
2977 5670 3056 5734 ἑξ.
3089 5669 3242 5733 Quod
3263 5673 3379 5741 qui-

1806 5738 1955 5809 dem,
1988 5738 2193 5807 inquit,
2224 5742 2417 5805 spectat
2457 5738 2535 5791 ait
2572 5738 2813 5793 naturam
2845 5741 3163 5809 virginitatis
3188 5778 3202 5802 ,
3234 5739 3379 5791 nulla

1807 5808 1960 5861 modo
1988 5818 2105 5863 sunt
2141 5818 2331 5877 aperta:
2352 5810 2598 5876 virgineae
2620 5820 2784 5879 porta:
2806 5824 2824 5861 :
2853 5811 2903 5867 id
2930 5808 3032 5876 est,
3066 5822 3122 5863 re
3155 5809 3267 5880 ipsa
3288 5848 3303 5873 ,
3325 5821 3378 5860 et
