  <div class='ocr_page' id='page_1' title='image "/cluster/home/n/w/nwhite01/storage/ocr_20150623/39/hvd.32044019207778/031.png"; bbox 0 0 3744 6312; ppageno 0'>
   <div class='ocr_carea' id='block_1_1' title="bbox 353 329 3599 414">
    <p class='ocr_par' dir='ltr' id='par_1_1' title="bbox 353 329 3599 414">
     <span class='ocr_line' id='line_1_1' title="bbox 353 329 3599 414; baseline -0.007 -2"><span class='ocrx_word' id='word_1_1' title='bbox 353 358 422 414; x_wconf 69' lang='grc'><strong>6⁸1</strong></span> <span class='ocrx_word' id='word_1_2' title='bbox 1307 345 1364 402; x_wconf 87' lang='lat' dir='ltr'><strong>S.</strong></span> <span class='ocrx_word' id='word_1_3' title='bbox 1408 339 1853 400; x_wconf 75' lang='lat' dir='ltr'><strong>AMPHILOCHII</strong></span> <span class='ocrx_word' id='word_1_4' title='bbox 1894 337 2278 395; x_wconf 74' lang='lat' dir='ltr'><strong>[CONIENSIS</strong></span> <span class='ocrx_word' id='word_1_5' title='bbox 2316 337 2621 394; x_wconf 80' lang='lat' dir='ltr'><strong>EPISCOPI</strong></span> <span class='ocrx_word' id='word_1_6' title='bbox 3518 329 3599 389; x_wconf 69' lang='grc'><strong>48</strong></span> 
     </span>
    </p>
   </div>
   <div class='ocr_carea' id='block_1_2' title="bbox 355 447 1937 544">
    <p class='ocr_par' dir='ltr' id='par_1_2' title="bbox 355 462 1916 544">
     <span class='ocr_line' id='line_1_2' title="bbox 355 462 1916 544; baseline -0.01 -17"><span class='ocrx_word' id='word_1_7' title='bbox 355 476 548 544; x_wconf 80' lang='lat' dir='ltr'><strong>loquor</strong></span> <span class='ocrx_word' id='word_1_8' title='bbox 575 472 641 526; x_wconf 86' lang='lat' dir='ltr'><strong>de</strong></span> <span class='ocrx_word' id='word_1_9' title='bbox 667 469 842 541; x_wconf 89' lang='lat' dir='ltr'><strong>primo</strong></span> <span class='ocrx_word' id='word_1_10' title='bbox 870 465 1015 522; x_wconf 89' lang='lat' dir='ltr'><strong>edito</strong></span> <span class='ocrx_word' id='word_1_11' title='bbox 1068 464 1396 518; x_wconf 92' lang='lat' dir='ltr'><strong>matrimonii</strong></span> <span class='ocrx_word' id='word_1_12' title='bbox 1449 463 1644 517; x_wconf 88' lang='lat' dir='ltr'><strong>fructu.</strong></span> <span class='ocrx_word' id='word_1_13' title='bbox 1673 462 1916 529; x_wconf 85' lang='lat' dir='ltr'><strong>Quonam</strong></span> 
     </span>
    </p>
   </div>
   <div class='ocr_carea' id='block_1_3' title="bbox 2109 447 3597 544">
    <p class='ocr_par' dir='ltr' id='par_1_3' title="bbox 2109 447 3597 527">
     <span class='ocr_line' id='line_1_3' title="bbox 2109 447 3597 527; baseline -0.006 -17"><span class='ocrx_word' id='word_1_14' title='bbox 2109 457 2358 511; x_wconf 76' lang='grc' dir='ltr'><em>ωτοϐόλου</em></span> <span class='ocrx_word' id='word_1_15' title='bbox 2377 454 2612 527; x_wconf 83' lang='grc' dir='ltr'><em>καρποῦ.</em></span> <span class='ocrx_word' id='word_1_16' title='bbox 2643 454 2801 508; x_wconf 86' lang='grc' dir='ltr'><em>Ποίου</em></span> <span class='ocrx_word' id='word_1_17' title='bbox 2824 470 3011 507; x_wconf 87' lang='grc' dir='ltr'><em>τουτου</em></span> <span class='ocrx_word' id='word_1_18' title='bbox 3028 470 3042 518; x_wconf 90' lang='grc'><strong>;</strong></span> <span class='ocrx_word' id='word_1_19' title='bbox 3065 453 3262 523; x_wconf 74' lang='grc' dir='ltr'><em>ἤκουες</em></span> <span class='ocrx_word' id='word_1_20' title='bbox 3277 449 3478 522; x_wconf 78' lang='grc' dir='ltr'><strong>ἀρτίως</strong></span> <span class='ocrx_word' id='word_1_21' title='bbox 3491 447 3597 502; x_wconf 80' lang='grc' dir='ltr'><em>τοῦ</em></span> 
     </span>
    </p>
   </div>
   <div class='ocr_carea' id='block_1_4' title="bbox 357 550 1916 624">
    <p class='ocr_par' dir='ltr' id='par_1_4' title="bbox 357 550 1916 624">
     <span class='ocr_line' id='line_1_4' title="bbox 357 550 1916 624; baseline -0.01 -6"><span class='ocrx_word' id='word_1_22' title='bbox 357 563 502 618; x_wconf 80' lang='lat' dir='ltr'><strong>hoc?</strong></span> <span class='ocrx_word' id='word_1_23' title='bbox 533 561 690 616; x_wconf 89' lang='lat' dir='ltr'><strong>modo</strong></span> <span class='ocrx_word' id='word_1_24' title='bbox 723 558 918 613; x_wconf 85' lang='lat' dir='ltr'><strong>audisti</strong></span> <span class='ocrx_word' id='word_1_25' title='bbox 954 556 1332 624; x_wconf 84' lang='lat' dir='ltr'><strong>evangelistam</strong></span> <span class='ocrx_word' id='word_1_26' title='bbox 1377 556 1639 608; x_wconf 73' lang='lat' dir='ltr'><strong>dicentem</strong></span> <span class='ocrx_word' id='word_1_27' title='bbox 1668 568 1686 608; x_wconf 88' lang='lat'><strong>:</strong></span> <span class='ocrx_word' id='word_1_28' title='bbox 1727 551 1794 604; x_wconf 71' lang='lat' dir='ltr'><strong>Et</strong></span> <span class='ocrx_word' id='word_1_29' title='bbox 1831 550 1916 618; x_wconf 79' lang='lat' dir='ltr'><strong>fa-</strong></span> 
     </span>
    </p>
   </div>
   <div class='ocr_carea' id='block_1_5' title="bbox 357 641 1920 721">
    <p class='ocr_par' dir='ltr' id='par_1_5' title="bbox 357 641 1920 721">
     <span class='ocr_line' id='line_1_5' title="bbox 357 641 1920 721; baseline -0.01 -14"><span class='ocrx_word' id='word_1_30' title='bbox 357 665 495 708; x_wconf 83' lang='lat' dir='ltr'><strong>ctum</strong></span> <span class='ocrx_word' id='word_1_31' title='bbox 525 662 599 705; x_wconf 88' lang='lat' dir='ltr'><strong>est</strong></span> <span class='ocrx_word' id='word_1_32' title='bbox 622 661 891 721; x_wconf 85' lang='lat' dir='ltr'><strong>postquam</strong></span> <span class='ocrx_word' id='word_1_33' title='bbox 915 645 1261 701; x_wconf 74' lang='lat' dir='ltr'><strong>consummati</strong></span> <span class='ocrx_word' id='word_1_34' title='bbox 1292 655 1409 698; x_wconf 80' lang='lat' dir='ltr'><strong>sunt</strong></span> <span class='ocrx_word' id='word_1_35' title='bbox 1437 645 1545 698; x_wconf 84' lang='lat' dir='ltr'><strong>dies</strong></span> <span class='ocrx_word' id='word_1_36' title='bbox 1575 652 1708 706; x_wconf 88' lang='lat' dir='ltr'><strong>octo,</strong></span> <span class='ocrx_word' id='word_1_37' title='bbox 1739 650 1794 694; x_wconf 85' lang='lat' dir='ltr'><strong>ut</strong></span> <span class='ocrx_word' id='word_1_38' title='bbox 1817 641 1920 692; x_wconf 87' lang='lat' dir='ltr'><strong>cir-</strong></span> 
     </span>
    </p>
   </div>
   <div class='ocr_carea' id='block_1_6' title="bbox 361 732 1917 809">
    <p class='ocr_par' dir='ltr' id='par_1_6' title="bbox 361 732 1917 809">
     <span class='ocr_line' id='line_1_6' title="bbox 361 732 1917 809; baseline -0.008 -11"><span class='ocrx_word' id='word_1_39' title='bbox 361 745 743 798; x_wconf 80' lang='lat' dir='ltr'><strong>cumcideretur</strong></span> <span class='ocrx_word' id='word_1_40' title='bbox 766 754 930 809; x_wconf 85' lang='lat' dir='ltr'><strong>puer:</strong></span> <span class='ocrx_word' id='word_1_41' title='bbox 957 749 1005 791; x_wconf 88' lang='lat' dir='ltr'><strong>et</strong></span> <span class='ocrx_word' id='word_1_42' title='bbox 1027 747 1259 793; x_wconf 87' lang='lat' dir='ltr'><strong>vocatum</strong></span> <span class='ocrx_word' id='word_1_43' title='bbox 1277 747 1349 791; x_wconf 80' lang='lat' dir='ltr'><strong>est</strong></span> <span class='ocrx_word' id='word_1_44' title='bbox 1375 753 1556 788; x_wconf 84' lang='lat' dir='ltr'><strong>nomen</strong></span> <span class='ocrx_word' id='word_1_45' title='bbox 1581 734 1693 803; x_wconf 86' lang='lat' dir='ltr'><strong>ejus</strong></span> <span class='ocrx_word' id='word_1_46' title='bbox 1717 732 1871 787; x_wconf 75' lang='lat' dir='ltr'><strong>Jesus</strong></span> <span class='ocrx_word' id='word_1_47' title='bbox 1899 748 1917 786; x_wconf 91' lang='lat'><em>:</em></span> 
     </span>
    </p>
   </div>
   <div class='ocr_carea' id='block_1_7' title="bbox 358 826 1915 904">
    <p class='ocr_par' dir='ltr' id='par_1_7' title="bbox 358 826 1915 904">
     <span class='ocr_line' id='line_1_7' title="bbox 358 826 1915 904; baseline -0.008 -18"><span class='ocrx_word' id='word_1_48' title='bbox 358 833 495 904; x_wconf 86' lang='lat' dir='ltr'><strong>quod</strong></span> <span class='ocrx_word' id='word_1_49' title='bbox 525 843 756 887; x_wconf 86' lang='lat' dir='ltr'><strong>vocatum</strong></span> <span class='ocrx_word' id='word_1_50' title='bbox 792 840 867 884; x_wconf 89' lang='lat' dir='ltr'><strong>est</strong></span> <span class='ocrx_word' id='word_1_51' title='bbox 896 829 959 880; x_wconf 89' lang='lat' dir='ltr'><strong>ab</strong></span> <span class='ocrx_word' id='word_1_52' title='bbox 993 827 1196 896; x_wconf 87' lang='lat' dir='ltr'><strong>angelo,</strong></span> <span class='ocrx_word' id='word_1_53' title='bbox 1226 829 1522 894; x_wconf 75' lang='lat' dir='ltr'><strong>priusquam</strong></span> <span class='ocrx_word' id='word_1_54' title='bbox 1546 826 1915 889; x_wconf 71' lang='lat' dir='ltr'><strong>conciperetur.</strong></span> 
     </span>
    </p>
   </div>
   <div class='ocr_carea' id='block_1_8' title="bbox 362 915 1921 993">
    <p class='ocr_par' dir='ltr' id='par_1_8' title="bbox 362 915 1921 993">
     <span class='ocr_line' id='line_1_8' title="bbox 362 915 1921 993; baseline -0.008 -14"><span class='ocrx_word' id='word_1_55' title='bbox 362 925 427 979; x_wconf 81' lang='lat' dir='ltr'><strong>Et</strong></span> <span class='ocrx_word' id='word_1_56' title='bbox 461 935 729 993; x_wconf 74' lang='lat' dir='ltr'><strong>postquam</strong></span> <span class='ocrx_word' id='word_1_57' title='bbox 758 921 950 988; x_wconf 82' lang='lat' dir='ltr'><strong>impleti</strong></span> <span class='ocrx_word' id='word_1_58' title='bbox 996 930 1113 974; x_wconf 84' lang='lat' dir='ltr'><strong>sunt</strong></span> <span class='ocrx_word' id='word_1_59' title='bbox 1150 921 1257 972; x_wconf 87' lang='lat' dir='ltr'><strong>dies</strong></span> <span class='ocrx_word' id='word_1_60' title='bbox 1297 917 1642 988; x_wconf 76' lang='lat' dir='ltr'><strong>purgationis,</strong></span> <span class='ocrx_word' id='word_1_61' title='bbox 1687 915 1921 968; x_wconf 72' lang='lat' dir='ltr'><strong>adduxe-</strong></span> 
     </span>
    </p>
   </div>
   <div class='ocr_carea' id='block_1_9' title="bbox 360 1005 1917 1078">
    <p class='ocr_par' dir='ltr' id='par_1_9' title="bbox 360 1005 1917 1078">
     <span class='ocr_line' id='line_1_9' title="bbox 360 1005 1917 1078; baseline -0.006 -13"><span class='ocrx_word' id='word_1_62' title='bbox 360 1024 480 1068; x_wconf 88' lang='lat' dir='ltr'><strong>runt</strong></span> <span class='ocrx_word' id='word_1_63' title='bbox 508 1029 621 1066; x_wconf 88' lang='lat' dir='ltr'><strong>eum</strong></span> <span class='ocrx_word' id='word_1_64' title='bbox 648 1012 702 1064; x_wconf 87' lang='lat' dir='ltr'><strong>in</strong></span> <span class='ocrx_word' id='word_1_65' title='bbox 721 1011 988 1078; x_wconf 85' lang='lat' dir='ltr'><strong>templum,</strong></span> <span class='ocrx_word' id='word_1_66' title='bbox 1013 1019 1060 1061; x_wconf 88' lang='lat' dir='ltr'><strong>et</strong></span> <span class='ocrx_word' id='word_1_67' title='bbox 1098 1009 1438 1061; x_wconf 74' lang='lat' dir='ltr'><strong>exhibuertmt</strong></span> <span class='ocrx_word' id='word_1_68' title='bbox 1491 1005 1737 1066; x_wconf 84' lang='lat' dir='ltr'><strong>Domino,</strong></span> <span class='ocrx_word' id='word_1_69' title='bbox 1784 1007 1917 1057; x_wconf 83' lang='lat' dir='ltr'><strong>sicut</strong></span> 
     </span>
    </p>
   </div>
   <div class='ocr_carea' id='block_1_10' title="bbox 358 1094 1919 1172">
    <p class='ocr_par' dir='ltr' id='par_1_10' title="bbox 358 1094 1919 1172">
     <span class='ocr_line' id='line_1_10' title="bbox 358 1094 1919 1172; baseline -0.007 -13"><span class='ocrx_word' id='word_1_70' title='bbox 358 1105 606 1172; x_wconf 83' lang='lat' dir='ltr'><strong>scriptum</strong></span> <span class='ocrx_word' id='word_1_71' title='bbox 635 1111 711 1155; x_wconf 83' lang='lat' dir='ltr'><strong>est</strong></span> <span class='ocrx_word' id='word_1_72' title='bbox 736 1102 786 1153; x_wconf 88' lang='lat' dir='ltr'><strong>in</strong></span> <span class='ocrx_word' id='word_1_73' title='bbox 811 1100 918 1170; x_wconf 83' lang='lat' dir='ltr'><strong>lege</strong></span> <span class='ocrx_word' id='word_1_74' title='bbox 945 1098 1156 1152; x_wconf 81' lang='lat' dir='ltr'><strong>Domini</strong></span> <span class='ocrx_word' id='word_1_75' title='bbox 1183 1113 1202 1150; x_wconf 92' lang='lat'><strong><em>:</em></strong></span> <span class='ocrx_word' id='word_1_76' title='bbox 1231 1096 1365 1163; x_wconf 85' lang='lat' dir='ltr'><strong>Quia</strong></span> <span class='ocrx_word' id='word_1_77' title='bbox 1393 1111 1540 1150; x_wconf 85' lang='lat' dir='ltr'><strong>omne</strong></span> <span class='ocrx_word' id='word_1_78' title='bbox 1571 1094 1919 1149; x_wconf 87' lang='lat' dir='ltr'><strong>masculinum</strong></span> 
     </span>
    </p>
   </div>
   <div class='ocr_carea' id='block_1_11' title="bbox 361 1187 1915 1264">
    <p class='ocr_par' dir='ltr' id='par_1_11' title="bbox 361 1187 1915 1264">
     <span class='ocr_line' id='line_1_11' title="bbox 361 1187 1915 1264; baseline -0.006 -14"><span class='ocrx_word' id='word_1_79' title='bbox 361 1196 665 1264; x_wconf 82' lang='lat' dir='ltr'><strong>adaperiens</strong></span> <span class='ocrx_word' id='word_1_80' title='bbox 708 1193 929 1256; x_wconf 83' lang='lat' dir='ltr'><strong>vulvam,</strong></span> <span class='ocrx_word' id='word_1_81' title='bbox 989 1201 1224 1246; x_wconf 88' lang='lat' dir='ltr'><strong>sanctum</strong></span> <span class='ocrx_word' id='word_1_82' title='bbox 1277 1189 1498 1242; x_wconf 85' lang='lat' dir='ltr'><strong>Domino</strong></span> <span class='ocrx_word' id='word_1_83' title='bbox 1551 1187 1819 1242; x_wconf 84' lang='lat' dir='ltr'><strong>vocabitur</strong></span> <span class='ocrx_word' id='word_1_84' title='bbox 1848 1187 1915 1241; x_wconf 68' lang='grc'><strong>⁸³.</strong></span> 
     </span>
    </p>
   </div>
   <div class='ocr_carea' id='block_1_12' title="bbox 363 1274 1919 1342">
    <p class='ocr_par' dir='ltr' id='par_1_12' title="bbox 363 1274 1919 1342">
     <span class='ocr_line' id='line_1_12' title="bbox 363 1274 1919 1342; baseline -0.008 -1"><span class='ocrx_word' id='word_1_85' title='bbox 363 1284 612 1341; x_wconf 77' lang='lat' dir='ltr'><strong>Vidistin’</strong></span> <span class='ocrx_word' id='word_1_86' title='bbox 647 1281 976 1336; x_wconf 88' lang='lat' dir='ltr'><strong>matrimonii</strong></span> <span class='ocrx_word' id='word_1_87' title='bbox 1009 1278 1433 1334; x_wconf 87' lang='lat' dir='ltr'><strong>benedictionem</strong></span> <span class='ocrx_word' id='word_1_88' title='bbox 1459 1315 1476 1340; x_wconf 92' lang='lat'><strong>,</strong></span> <span class='ocrx_word' id='word_1_89' title='bbox 1519 1284 1572 1329; x_wconf 88' lang='lat' dir='ltr'><strong>et</strong></span> <span class='ocrx_word' id='word_1_90' title='bbox 1614 1275 1665 1328; x_wconf 90' lang='lat' dir='ltr'><strong>id</strong></span> <span class='ocrx_word' id='word_1_91' title='bbox 1695 1274 1834 1342; x_wconf 90' lang='lat' dir='ltr'><strong>quod</strong></span> <span class='ocrx_word' id='word_1_92' title='bbox 1867 1276 1919 1328; x_wconf 91' lang='lat' dir='ltr'><strong>in</strong></span> 
     </span>
    </p>
   </div>
   <div class='ocr_carea' id='block_1_13' title="bbox 362 1365 1922 1432">
    <p class='ocr_par' dir='ltr' id='par_1_13' title="bbox 362 1365 1922 1432">
     <span class='ocr_line' id='line_1_13' title="bbox 362 1365 1922 1432; baseline -0.01 -1"><span class='ocrx_word' id='word_1_93' title='bbox 362 1389 644 1431; x_wconf 90' lang='lat' dir='ltr'><strong>commune</strong></span> <span class='ocrx_word' id='word_1_94' title='bbox 692 1374 890 1426; x_wconf 84' lang='lat' dir='ltr'><strong>dictum</strong></span> <span class='ocrx_word' id='word_1_95' title='bbox 919 1379 1022 1432; x_wconf 89' lang='lat' dir='ltr'><strong>est,</strong></span> <span class='ocrx_word' id='word_1_96' title='bbox 1077 1369 1132 1422; x_wconf 92' lang='lat' dir='ltr'><strong>in</strong></span> <span class='ocrx_word' id='word_1_97' title='bbox 1185 1368 1412 1422; x_wconf 87' lang='lat' dir='ltr'><strong>Domino</strong></span> <span class='ocrx_word' id='word_1_98' title='bbox 1453 1365 1567 1420; x_wconf 90' lang='lat' dir='ltr'><strong>solo</strong></span> <span class='ocrx_word' id='word_1_99' title='bbox 1597 1378 1714 1420; x_wconf 88' lang='lat' dir='ltr'><strong>esse</strong></span> <span class='ocrx_word' id='word_1_100' title='bbox 1748 1379 1922 1432; x_wconf 83' lang='lat' dir='ltr'><strong>reper-</strong></span> 
     </span>
    </p>
   </div>
   <div class='ocr_carea' id='block_1_14' title="bbox 363 1459 1919 1534">
    <p class='ocr_par' dir='ltr' id='par_1_14' title="bbox 363 1459 1919 1534">
     <span class='ocr_line' id='line_1_14' title="bbox 363 1459 1919 1534; baseline -0.008 -12"><span class='ocrx_word' id='word_1_101' title='bbox 363 1467 508 1522; x_wconf 88' lang='lat' dir='ltr'><strong>tum?</strong></span> <span class='ocrx_word' id='word_1_102' title='bbox 553 1466 606 1520; x_wconf 88' lang='lat' dir='ltr'><strong>Id</strong></span> <span class='ocrx_word' id='word_1_103' title='bbox 648 1465 930 1534; x_wconf 83' lang='lat' dir='ltr'><strong>siquidem,</strong></span> <span class='ocrx_word' id='word_1_104' title='bbox 997 1461 1160 1517; x_wconf 86' lang='lat' dir='ltr'><strong>Omne</strong></span> <span class='ocrx_word' id='word_1_105' title='bbox 1214 1461 1560 1513; x_wconf 89' lang='lat' dir='ltr'><strong>masculinum</strong></span> <span class='ocrx_word' id='word_1_106' title='bbox 1609 1459 1919 1527; x_wconf 83' lang='lat' dir='ltr'><strong>adaperiens</strong></span> 
     </span>
    </p>
   </div>
   <div class='ocr_carea' id='block_1_15' title="bbox 361 1548 1922 1620">
    <p class='ocr_par' dir='ltr' id='par_1_15' title="bbox 361 1548 1922 1620">
     <span class='ocr_line' id='line_1_15' title="bbox 361 1548 1922 1620; baseline -0.008 -7"><span class='ocrx_word' id='word_1_107' title='bbox 361 1559 584 1620; x_wconf 85' lang='lat' dir='ltr'><strong>vulvam,</strong></span> <span class='ocrx_word' id='word_1_108' title='bbox 638 1565 874 1609; x_wconf 85' lang='lat' dir='ltr'><strong>sanctum</strong></span> <span class='ocrx_word' id='word_1_109' title='bbox 921 1553 1146 1606; x_wconf 88' lang='lat' dir='ltr'><strong>Domino</strong></span> <span class='ocrx_word' id='word_1_110' title='bbox 1181 1552 1488 1605; x_wconf 87' lang='lat' dir='ltr'><strong>vocabitur:</strong></span> <span class='ocrx_word' id='word_1_111' title='bbox 1518 1549 1689 1604; x_wconf 88' lang='lat' dir='ltr'><strong>solum</strong></span> <span class='ocrx_word' id='word_1_112' title='bbox 1741 1548 1922 1602; x_wconf 85' lang='lat' dir='ltr'><strong>Domi-</strong></span> 
     </span>
    </p>
   </div>
   <div class='ocr_carea' id='block_1_16' title="bbox 366 1639 1920 1713">
    <p class='ocr_par' dir='ltr' id='par_1_16' title="bbox 366 1639 1920 1713">
     <span class='ocr_line' id='line_1_16' title="bbox 366 1639 1920 1713; baseline -0.008 -10"><span class='ocrx_word' id='word_1_113' title='bbox 366 1663 514 1713; x_wconf 88' lang='lat' dir='ltr'><strong>nntn,</strong></span> <span class='ocrx_word' id='word_1_114' title='bbox 562 1661 668 1702; x_wconf 88' lang='lat' dir='ltr'><strong>non</strong></span> <span class='ocrx_word' id='word_1_115' title='bbox 724 1645 888 1698; x_wconf 89' lang='lat' dir='ltr'><strong>ullum</strong></span> <span class='ocrx_word' id='word_1_116' title='bbox 937 1643 1100 1696; x_wconf 86' lang='lat' dir='ltr'><strong>alium</strong></span> <span class='ocrx_word' id='word_1_117' title='bbox 1163 1643 1347 1708; x_wconf 78' lang='lat' dir='ltr'><strong>refert,</strong></span> <span class='ocrx_word' id='word_1_118' title='bbox 1386 1640 1594 1695; x_wconf 86' lang='lat' dir='ltr'><strong>tametsi</strong></span> <span class='ocrx_word' id='word_1_119' title='bbox 1629 1639 1920 1693; x_wconf 78' lang='lat' dir='ltr'><strong>universitn</strong></span> 
     </span>
    </p>
   </div>
   <div class='ocr_carea' id='block_1_17' title="bbox 363 1731 1918 1798">
    <p class='ocr_par' dir='ltr' id='par_1_17' title="bbox 363 1731 1918 1798">
     <span class='ocr_line' id='line_1_17' title="bbox 363 1731 1918 1798; baseline -0.006 -9"><span class='ocrx_word' id='word_1_120' title='bbox 363 1739 560 1793; x_wconf 88' lang='lat' dir='ltr'><strong>dictum</strong></span> <span class='ocrx_word' id='word_1_121' title='bbox 598 1738 684 1791; x_wconf 87' lang='lat' dir='ltr'><strong>sit.</strong></span> <span class='ocrx_word' id='word_1_122' title='bbox 719 1735 928 1788; x_wconf 86' lang='lat' dir='ltr'><strong>Etenim</strong></span> <span class='ocrx_word' id='word_1_123' title='bbox 963 1734 1012 1788; x_wconf 90' lang='lat' dir='ltr'><strong>id</strong></span> <span class='ocrx_word' id='word_1_124' title='bbox 1038 1734 1213 1788; x_wconf 92' lang='lat' dir='ltr'><strong>omnis</strong></span> <span class='ocrx_word' id='word_1_125' title='bbox 1243 1734 1393 1798; x_wconf 75' lang='lat' dir='ltr'><strong>virgo</strong></span> <span class='ocrx_word' id='word_1_126' title='bbox 1426 1741 1614 1784; x_wconf 83' lang='lat' dir='ltr'><strong>natura</strong></span> <span class='ocrx_word' id='word_1_127' title='bbox 1643 1731 1826 1794; x_wconf 83' lang='lat' dir='ltr'><strong>habet,</strong></span> <span class='ocrx_word' id='word_1_128' title='bbox 1865 1738 1918 1780; x_wconf 88' lang='lat' dir='ltr'><strong>Ill</strong></span> 
     </span>
    </p>
   </div>
   <div class='ocr_carea' id='block_1_18' title="bbox 2017 540 3599 617">
    <p class='ocr_par' dir='ltr' id='par_1_18' title="bbox 2017 540 3599 617">
     <span class='ocr_line' id='line_1_18' title="bbox 2017 540 3599 617; baseline -0.005 -16"><span class='ocrx_word' id='word_1_129' title='bbox 2017 547 2394 617; x_wconf 75' lang='grc' dir='ltr'><strong>εὐαγγελιστοῦ</strong></span> <span class='ocrx_word' id='word_1_130' title='bbox 2428 548 2705 616; x_wconf 72' lang='grc' dir='ltr'><em>λέγοντοςο</em></span> <span class='ocrx_word' id='word_1_131' title='bbox 2749 545 2858 600; x_wconf 72' lang='grc' dir='ltr'><em>Καὶ</em></span> <span class='ocrx_word' id='word_1_132' title='bbox 2895 544 3131 614; x_wconf 81' lang='grc' dir='ltr'><em>ἐγένετο</em></span> <span class='ocrx_word' id='word_1_133' title='bbox 3157 543 3255 596; x_wconf 84' lang='grc' dir='ltr'><em>ὅτε</em></span> <span class='ocrx_word' id='word_1_134' title='bbox 3273 540 3599 609; x_wconf 78' lang='grc' dir='ltr'><em>ἐπλήσθη-</em></span> 
     </span>
    </p>
   </div>
   <div class='ocr_carea' id='block_1_19' title="bbox 2016 631 3598 708">
    <p class='ocr_par' dir='ltr' id='par_1_19' title="bbox 2016 631 3598 708">
     <span class='ocr_line' id='line_1_19' title="bbox 2016 631 3598 708; baseline -0.007 -14"><span class='ocrx_word' id='word_1_135' title='bbox 2016 656 2137 694; x_wconf 93' lang='grc' dir='ltr'><strong>σαν</strong></span> <span class='ocrx_word' id='word_1_136' title='bbox 2160 643 2221 693; x_wconf 88' lang='lat' dir='ltr'><strong>al</strong></span> <span class='ocrx_word' id='word_1_137' title='bbox 2258 639 2466 708; x_wconf 74' lang='grc' dir='ltr'>ἡμέραι</span> <span class='ocrx_word' id='word_1_138' title='bbox 2512 637 2662 691; x_wconf 78' lang='grc' dir='ltr'><em>ὀκτὼ</em></span> <span class='ocrx_word' id='word_1_139' title='bbox 2715 636 2823 691; x_wconf 83' lang='grc' dir='ltr'><em>τοῦ</em></span> <span class='ocrx_word' id='word_1_140' title='bbox 2862 634 3194 704; x_wconf 79' lang='grc' dir='ltr'><strong>περιτεμεῖν</strong></span> <span class='ocrx_word' id='word_1_141' title='bbox 3220 633 3289 688; x_wconf 85' lang='grc' dir='ltr'><em>τὸ</em></span> <span class='ocrx_word' id='word_1_142' title='bbox 3327 631 3598 694; x_wconf 76' lang='grc' dir='ltr'><strong>παιδίον,</strong></span> 
     </span>
    </p>
   </div>
   <div class='ocr_carea' id='block_1_20' title="bbox 2017 720 3602 797">
    <p class='ocr_par' dir='ltr' id='par_1_20' title="bbox 2017 720 3602 797">
     <span class='ocr_line' id='line_1_20' title="bbox 2017 720 3602 797; baseline -0.006 -13"><span class='ocrx_word' id='word_1_143' title='bbox 2017 731 2114 784; x_wconf 74' lang='grc' dir='ltr'><em>καὶ</em></span> <span class='ocrx_word' id='word_1_144' title='bbox 2160 729 2388 797; x_wconf 78' lang='grc' dir='ltr'><strong>ἐκλήθη</strong></span> <span class='ocrx_word' id='word_1_145' title='bbox 2430 729 2497 782; x_wconf 85' lang='grc' dir='ltr'><em>τὸ</em></span> <span class='ocrx_word' id='word_1_146' title='bbox 2540 729 2727 797; x_wconf 80' lang='grc' dir='ltr'><em>ὄνομα</em></span> <span class='ocrx_word' id='word_1_147' title='bbox 2752 726 2938 781; x_wconf 86' lang='grc' dir='ltr'><em>αὐτοῦ</em></span> <span class='ocrx_word' id='word_1_148' title='bbox 2978 723 3227 793; x_wconf 85' lang='grc' dir='ltr'><em>Ἰησοῦς,</em></span> <span class='ocrx_word' id='word_1_149' title='bbox 3268 721 3337 776; x_wconf 85' lang='grc' dir='ltr'><em>τὸ</em></span> <span class='ocrx_word' id='word_1_150' title='bbox 3365 720 3602 789; x_wconf 80' lang='grc' dir='ltr'><em>κληθὲν</em></span> 
     </span>
    </p>
   </div>
   <div class='ocr_carea' id='block_1_21' title="bbox 2017 813 3599 891">
    <p class='ocr_par' dir='ltr' id='par_1_21' title="bbox 2017 813 3599 891">
     <span class='ocr_line' id='line_1_21' title="bbox 2017 813 3599 891; baseline -0.008 -14"><span class='ocrx_word' id='word_1_151' title='bbox 2017 823 2134 878; x_wconf 87' lang='grc' dir='ltr'><strong>ὑπὸ</strong></span> <span class='ocrx_word' id='word_1_152' title='bbox 2165 821 2270 877; x_wconf 85' lang='grc' dir='ltr'><em>τοῦ</em></span> <span class='ocrx_word' id='word_1_153' title='bbox 2302 822 2582 891; x_wconf 78' lang='grc' dir='ltr'><strong>ἀγγέλου,</strong></span> <span class='ocrx_word' id='word_1_154' title='bbox 2618 819 2732 888; x_wconf 85' lang='grc' dir='ltr'><strong>πρὸ</strong></span> <span class='ocrx_word' id='word_1_155' title='bbox 2758 818 2866 872; x_wconf 87' lang='grc' dir='ltr'><em>τοῦ</em></span> <span class='ocrx_word' id='word_1_156' title='bbox 2905 815 3336 886; x_wconf 68' lang='grc' dir='ltr'><strong>συλληφθῆναι</strong></span> <span class='ocrx_word' id='word_1_157' title='bbox 3380 813 3599 868; x_wconf 82' lang='grc' dir='ltr'><em>αὐτόν.</em></span> 
     </span>
    </p>
   </div>
   <div class='ocr_carea' id='block_1_22' title="bbox 2017 904 3601 981">
    <p class='ocr_par' dir='ltr' id='par_1_22' title="bbox 2017 904 3601 981">
     <span class='ocr_line' id='line_1_22' title="bbox 2017 904 3601 981; baseline -0.007 -12"><span class='ocrx_word' id='word_1_158' title='bbox 2017 915 2126 969; x_wconf 81' lang='lat' dir='ltr'><strong>Kal</strong></span> <span class='ocrx_word' id='word_1_159' title='bbox 2163 913 2261 969; x_wconf 85' lang='grc' dir='ltr'><em>ὅτε</em></span> <span class='ocrx_word' id='word_1_160' title='bbox 2293 913 2697 979; x_wconf 79' lang='grc' dir='ltr'><strong>ἐπλήσθησαν</strong></span> <span class='ocrx_word' id='word_1_161' title='bbox 2729 915 2789 966; x_wconf 85' lang='grc' dir='ltr'><em>αἱ</em></span> <span class='ocrx_word' id='word_1_162' title='bbox 2821 911 3033 981; x_wconf 71' lang='grc' dir='ltr'>ἡμέραι</span> <span class='ocrx_word' id='word_1_163' title='bbox 3058 910 3164 964; x_wconf 89' lang='grc' dir='ltr'><em>τοῦ</em></span> <span class='ocrx_word' id='word_1_164' title='bbox 3199 904 3601 975; x_wconf 78' lang='grc' dir='ltr'><strong>καθαρισμοῦ,</strong></span> 
     </span>
    </p>
   </div>
   <div class='ocr_carea' id='block_1_23' title="bbox 2018 996 3583 1076">
    <p class='ocr_par' dir='ltr' id='par_1_23' title="bbox 2018 996 3583 1076">
     <span class='ocr_line' id='line_1_23' title="bbox 2018 996 3583 1076; baseline -0.007 -16"><span class='ocrx_word' id='word_1_165' title='bbox 2018 1006 2322 1076; x_wconf 75' lang='grc' dir='ltr'><em>ἀνήγαγον</em></span> <span class='ocrx_word' id='word_1_166' title='bbox 2341 1008 2428 1071; x_wconf 84' lang='grc' dir='ltr'><em>εὶς</em></span> <span class='ocrx_word' id='word_1_167' title='bbox 2453 1005 2517 1058; x_wconf 88' lang='grc' dir='ltr'><em>τὸ</em></span> <span class='ocrx_word' id='word_1_168' title='bbox 2549 1004 2710 1072; x_wconf 80' lang='grc' dir='ltr'><em>ἱερὸν</em></span> <span class='ocrx_word' id='word_1_169' title='bbox 2731 1003 2935 1068; x_wconf 86' lang='grc' dir='ltr'><em>αὐτὸν,</em></span> <span class='ocrx_word' id='word_1_170' title='bbox 2959 1001 3059 1055; x_wconf 77' lang='grc' dir='ltr'><em>καὶ</em></span> <span class='ocrx_word' id='word_1_171' title='bbox 3081 999 3476 1068; x_wconf 77' lang='grc' dir='ltr'><em>παρέστησαν</em></span> <span class='ocrx_word' id='word_1_172' title='bbox 3495 996 3583 1050; x_wconf 79' lang='grc' dir='ltr'><em>αὑ</em></span> 
     </span>
    </p>
   </div>
   <div class='ocr_carea' id='block_1_24' title="bbox 2018 1086 3607 1162">
    <p class='ocr_par' dir='ltr' id='par_1_24' title="bbox 2018 1086 3607 1162">
     <span class='ocr_line' id='line_1_24' title="bbox 2018 1086 3607 1162; baseline -0.006 -14"><span class='ocrx_word' id='word_1_173' title='bbox 2018 1095 2126 1150; x_wconf 80' lang='grc' dir='ltr'><em>τὸν</em></span> <span class='ocrx_word' id='word_1_174' title='bbox 2153 1095 2232 1160; x_wconf 85' lang='grc' dir='ltr'><em>τῷ</em></span> <span class='ocrx_word' id='word_1_175' title='bbox 2269 1096 2482 1162; x_wconf 80' lang='grc' dir='ltr'>Κυρίῳ,</span> <span class='ocrx_word' id='word_1_176' title='bbox 2509 1093 2698 1159; x_wconf 84' lang='grc' dir='ltr'><em>καθώς</em></span> <span class='ocrx_word' id='word_1_177' title='bbox 2729 1093 2863 1146; x_wconf 81' lang='grc' dir='ltr'><em>ἐστι</em></span> <span class='ocrx_word' id='word_1_178' title='bbox 2896 1089 3302 1161; x_wconf 75' lang='grc' dir='ltr'><em>γεγραμμένον</em></span> <span class='ocrx_word' id='word_1_179' title='bbox 3332 1087 3404 1140; x_wconf 78' lang='grc' dir='ltr'><em>ἐν</em></span> <span class='ocrx_word' id='word_1_180' title='bbox 3433 1086 3607 1154; x_wconf 85' lang='grc' dir='ltr'><em>νόμῳ</em></span> 
     </span>
    </p>
   </div>
   <div class='ocr_carea' id='block_1_25' title="bbox 2018 1177 3607 1256">
    <p class='ocr_par' dir='ltr' id='par_1_25' title="bbox 2018 1177 3607 1256">
     <span class='ocr_line' id='line_1_25' title="bbox 2018 1177 3607 1256; baseline -0.008 -13"><span class='ocrx_word' id='word_1_181' title='bbox 2018 1187 2256 1256; x_wconf 85' lang='grc' dir='ltr'><em>Κυρίου,</em></span> <span class='ocrx_word' id='word_1_182' title='bbox 2289 1186 2377 1239; x_wconf 84' lang='grc' dir='ltr'><strong>ὅτι</strong></span> <span class='ocrx_word' id='word_1_183' title='bbox 2423 1185 2553 1240; x_wconf 81' lang='grc' dir='ltr'><strong>Πᾶν</strong></span> <span class='ocrx_word' id='word_1_184' title='bbox 2591 1183 2780 1253; x_wconf 78' lang='grc' dir='ltr'><em>ἄρσεν</em></span> <span class='ocrx_word' id='word_1_185' title='bbox 2807 1182 3110 1252; x_wconf 80' lang='grc' dir='ltr'><em>διανοῖγον</em></span> <span class='ocrx_word' id='word_1_186' title='bbox 3137 1179 3391 1250; x_wconf 84' lang='grc' dir='ltr'><em>μήτραν,</em></span> <span class='ocrx_word' id='word_1_187' title='bbox 3421 1177 3607 1247; x_wconf 84' lang='grc' dir='ltr'><em>ἅγιον</em></span> 
     </span>
    </p>
   </div>
   <div class='ocr_carea' id='block_1_26' title="bbox 2019 1269 3607 1345">
    <p class='ocr_par' dir='ltr' id='par_1_26' title="bbox 2019 1269 3607 1345">
     <span class='ocr_line' id='line_1_26' title="bbox 2019 1269 3607 1345; baseline -0.008 -13"><span class='ocrx_word' id='word_1_188' title='bbox 2019 1277 2098 1344; x_wconf 85' lang='grc' dir='ltr'><em>τῷ</em></span> <span class='ocrx_word' id='word_1_189' title='bbox 2135 1278 2328 1345; x_wconf 86' lang='grc' dir='ltr'><strong>Κυρίῳ</strong></span> <span class='ocrx_word' id='word_1_190' title='bbox 2372 1275 2758 1344; x_wconf 80' lang='grc' dir='ltr'><em>κληθήσεται.</em></span> <span class='ocrx_word' id='word_1_191' title='bbox 2802 1269 2954 1337; x_wconf 83' lang='grc' dir='ltr'><strong>Εἶδες</strong></span> <span class='ocrx_word' id='word_1_192' title='bbox 2988 1272 3080 1326; x_wconf 80' lang='grc' dir='ltr'><em>τοῦ</em></span> <span class='ocrx_word' id='word_1_193' title='bbox 3113 1272 3291 1342; x_wconf 84' lang='grc' dir='ltr'><em>γάμου</em></span> <span class='ocrx_word' id='word_1_194' title='bbox 3321 1269 3419 1341; x_wconf 78' lang='grc' dir='ltr'><em>τὴν</em></span> <span class='ocrx_word' id='word_1_195' title='bbox 3442 1269 3607 1322; x_wconf 84' lang='grc' dir='ltr'><em>εὐλο-</em></span> 
     </span>
    </p>
   </div>
   <div class='ocr_carea' id='block_1_27' title="bbox 2019 1359 3608 1439">
    <p class='ocr_par' dir='ltr' id='par_1_27' title="bbox 2019 1359 3608 1439">
     <span class='ocr_line' id='line_1_27' title="bbox 2019 1359 3608 1439; baseline -0.007 -16"><span class='ocrx_word' id='word_1_196' title='bbox 2019 1370 2165 1439; x_wconf 88' lang='grc' dir='ltr'><em>γίαν,</em></span> <span class='ocrx_word' id='word_1_197' title='bbox 2198 1369 2292 1421; x_wconf 53' lang='grc' dir='ltr'><strong>καὶ¹</strong></span> <span class='ocrx_word' id='word_1_198' title='bbox 2318 1368 2376 1421; x_wconf 80' lang='grc' dir='ltr'><strong>τὸ</strong></span> <span class='ocrx_word' id='word_1_199' title='bbox 2409 1368 2548 1421; x_wconf 79' lang='grc' dir='ltr'><em>κατὰ</em></span> <span class='ocrx_word' id='word_1_200' title='bbox 2577 1367 2756 1421; x_wconf 83' lang='grc' dir='ltr'><em>κοινοῦ</em></span> <span class='ocrx_word' id='word_1_201' title='bbox 2785 1365 2994 1435; x_wconf 81' lang='grc' dir='ltr'><em>λεχθὲν,</em></span> <span class='ocrx_word' id='word_1_202' title='bbox 3021 1364 3113 1417; x_wconf 75' lang='grc' dir='ltr'><strong>ἐπὶ</strong></span> <span class='ocrx_word' id='word_1_203' title='bbox 3134 1364 3227 1418; x_wconf 84' lang='grc' dir='ltr'><strong>τοῦ</strong></span> <span class='ocrx_word' id='word_1_204' title='bbox 3255 1361 3462 1432; x_wconf 84' lang='grc' dir='ltr'><strong>Κυρίου</strong></span> <span class='ocrx_word' id='word_1_205' title='bbox 3501 1359 3608 1430; x_wconf 75' lang='grc' dir='ltr'><strong><em>μὸο</em></strong></span> 
     </span>
    </p>
   </div>
   <div class='ocr_carea' id='block_1_28' title="bbox 2020 1453 3604 1532">
    <p class='ocr_par' dir='ltr' id='par_1_28' title="bbox 2020 1453 3604 1532">
     <span class='ocr_line' id='line_1_28' title="bbox 2020 1453 3604 1532; baseline -0.008 -17"><span class='ocrx_word' id='word_1_206' title='bbox 2020 1479 2110 1515; x_wconf 90' lang='grc' dir='ltr'><strong>νου</strong></span> <span class='ocrx_word' id='word_1_207' title='bbox 2135 1460 2354 1532; x_wconf 82' lang='grc' dir='ltr'><em>εὑρεθέν</em></span> <span class='ocrx_word' id='word_1_208' title='bbox 2377 1477 2392 1524; x_wconf 92' lang='lat'><strong>;</strong></span> <span class='ocrx_word' id='word_1_209' title='bbox 2419 1461 2618 1529; x_wconf 87' lang='grc' dir='ltr'><em>Ὅπερ.</em></span> <span class='ocrx_word' id='word_1_210' title='bbox 2646 1457 2776 1512; x_wconf 87' lang='grc' dir='ltr'><em>Πᾶν</em></span> <span class='ocrx_word' id='word_1_211' title='bbox 2803 1457 2990 1524; x_wconf 86' lang='grc' dir='ltr'><em>ἄρσεν</em></span> <span class='ocrx_word' id='word_1_212' title='bbox 3014 1453 3316 1523; x_wconf 80' lang='grc' dir='ltr'><em>διανοῖγον</em></span> <span class='ocrx_word' id='word_1_213' title='bbox 3337 1453 3604 1523; x_wconf 83' lang='grc' dir='ltr'><em>μήτραν,</em></span> 
     </span>
    </p>
   </div>
   <div class='ocr_carea' id='block_1_29' title="bbox 2020 1542 3603 1621">
    <p class='ocr_par' dir='ltr' id='par_1_29' title="bbox 2020 1542 3603 1621">
     <span class='ocr_line' id='line_1_29' title="bbox 2020 1542 3603 1621; baseline -0.008 -14"><span class='ocrx_word' id='word_1_214' title='bbox 2020 1551 2189 1621; x_wconf 84' lang='grc' dir='ltr'><em>ἅγιον</em></span> <span class='ocrx_word' id='word_1_215' title='bbox 2220 1550 2299 1615; x_wconf 83' lang='grc' dir='ltr'><em>τῷ</em></span> <span class='ocrx_word' id='word_1_216' title='bbox 2330 1550 2522 1618; x_wconf 81' lang='grc' dir='ltr'><strong>Κυρίῳ</strong></span> <span class='ocrx_word' id='word_1_217' title='bbox 2553 1549 2939 1617; x_wconf 79' lang='grc' dir='ltr'><em>κληθήσεται,</em></span> <span class='ocrx_word' id='word_1_218' title='bbox 2972 1547 3052 1610; x_wconf 82' lang='grc' dir='ltr'><strong>είς</strong></span> <span class='ocrx_word' id='word_1_219' title='bbox 3081 1544 3171 1598; x_wconf 85' lang='grc' dir='ltr'><em>τὸν</em></span> <span class='ocrx_word' id='word_1_220' title='bbox 3194 1543 3397 1614; x_wconf 83' lang='grc' dir='ltr'><strong>Κύριον</strong></span> <span class='ocrx_word' id='word_1_221' title='bbox 3428 1542 3603 1612; x_wconf 76' lang='grc' dir='ltr'><em>μόνον</em></span> 
     </span>
    </p>
   </div>
   <div class='ocr_carea' id='block_1_30' title="bbox 2019 1633 3608 1720">
    <p class='ocr_par' dir='ltr' id='par_1_30' title="bbox 2019 1633 3608 1720">
     <span class='ocr_line' id='line_1_30' title="bbox 2019 1633 3608 1720; baseline -0.008 -24"><span class='ocrx_word' id='word_1_222' title='bbox 2019 1644 2117 1714; x_wconf 80' lang='grc' dir='ltr'><strong>τὴν</strong></span> <span class='ocrx_word' id='word_1_223' title='bbox 2150 1640 2426 1714; x_wconf 78' lang='grc' dir='ltr'><em>ἀναφορὰν</em></span> <span class='ocrx_word' id='word_1_224' title='bbox 2459 1641 2743 1711; x_wconf 79' lang='grc' dir='ltr'><em>κέκτηται,</em></span> <span class='ocrx_word' id='word_1_225' title='bbox 2785 1639 2905 1720; x_wconf 63' lang='grc' dir='ltr'><strong>οὐχ).</strong></span> <span class='ocrx_word' id='word_1_226' title='bbox 2935 1638 3030 1690; x_wconf 76' lang='grc' dir='ltr'><em>καὶ</em></span> <span class='ocrx_word' id='word_1_227' title='bbox 3067 1638 3145 1699; x_wconf 85' lang='grc' dir='ltr'><strong>είς</strong></span> <span class='ocrx_word' id='word_1_228' title='bbox 3189 1634 3346 1690; x_wconf 79' lang='grc' dir='ltr'><em>ἄλλον</em></span> <span class='ocrx_word' id='word_1_229' title='bbox 3371 1633 3514 1697; x_wconf 76' lang='grc' dir='ltr'><em>τινὰ,</em></span> <span class='ocrx_word' id='word_1_230' title='bbox 3551 1633 3608 1685; x_wconf 80' lang='grc' dir='ltr'><em>εἰ</em></span> 
     </span>
    </p>
   </div>
   <div class='ocr_carea' id='block_1_31' title="bbox 2021 1724 3609 1802">
    <p class='ocr_par' dir='ltr' id='par_1_31' title="bbox 2021 1724 3609 1802">
     <span class='ocr_line' id='line_1_31' title="bbox 2021 1724 3609 1802; baseline -0.008 -14"><span class='ocrx_word' id='word_1_231' title='bbox 2021 1735 2114 1788; x_wconf 75' lang='grc' dir='ltr'><em>καὶ</em></span> <span class='ocrx_word' id='word_1_232' title='bbox 2143 1735 2226 1787; x_wconf 82' lang='grc' dir='ltr'><em>ὅτι</em></span> <span class='ocrx_word' id='word_1_233' title='bbox 2251 1733 2345 1786; x_wconf 81' lang='grc' dir='ltr'><em>καὶ</em></span> <span class='ocrx_word' id='word_1_234' title='bbox 2367 1732 2668 1795; x_wconf 82' lang='grc' dir='ltr'><strong>καθολικῶς</strong></span> <span class='ocrx_word' id='word_1_235' title='bbox 2701 1731 2936 1802; x_wconf 81' lang='grc' dir='ltr'><em>εἴρηται.</em></span> <span class='ocrx_word' id='word_1_236' title='bbox 2970 1728 3079 1783; x_wconf 78' lang='grc' dir='ltr'><em>Καὶ</em></span> <span class='ocrx_word' id='word_1_237' title='bbox 3113 1728 3221 1799; x_wconf 82' lang='grc' dir='ltr'><em>γὰρ</em></span> <span class='ocrx_word' id='word_1_238' title='bbox 3255 1728 3402 1779; x_wconf 81' lang='grc' dir='ltr'><em>πᾶσα</em></span> <span class='ocrx_word' id='word_1_239' title='bbox 3433 1724 3609 1794; x_wconf 76' lang='grc' dir='ltr'><em>φύσις</em></span> 
     </span>
    </p>
   </div>
   <div class='ocr_carea' id='block_1_32' title="bbox 364 1799 1937 1897">
    <p class='ocr_par' dir='ltr' id='par_1_32' title="bbox 364 1820 1921 1897">
     <span class='ocr_line' id='line_1_32' title="bbox 364 1820 1921 1897; baseline -0.008 -15"><span class='ocrx_word' id='word_1_240' title='bbox 364 1828 596 1897; x_wconf 88' lang='lat' dir='ltr'><strong>primum</strong></span> <span class='ocrx_word' id='word_1_241' title='bbox 624 1840 689 1879; x_wconf 81' lang='lat' dir='ltr'><strong>ex</strong></span> <span class='ocrx_word' id='word_1_242' title='bbox 744 1824 843 1877; x_wconf 86' lang='lat' dir='ltr'><strong>viri</strong></span> <span class='ocrx_word' id='word_1_243' title='bbox 874 1822 1259 1877; x_wconf 68' lang='lat' dir='ltr'><strong>consuetudine</strong></span> <span class='ocrx_word' id='word_1_244' title='bbox 1290 1822 1564 1889; x_wconf 88' lang='lat' dir='ltr'><strong>aperiatur</strong></span> <span class='ocrx_word' id='word_1_245' title='bbox 1594 1820 1770 1884; x_wconf 81' lang='lat' dir='ltr'><strong>vulva,</strong></span> <span class='ocrx_word' id='word_1_246' title='bbox 1817 1820 1921 1872; x_wconf 88' lang='lat' dir='ltr'><strong>sic-</strong></span> 
     </span>
    </p>
   </div>
   <div class='ocr_carea' id='block_1_33' title="bbox 2109 1799 3610 1897">
    <p class='ocr_par' dir='ltr' id='par_1_33' title="bbox 2109 1799 3610 1896">
     <span class='ocr_line' id='line_1_33' title="bbox 2109 1799 3610 1896; baseline -0.007 -20"><span class='ocrx_word' id='word_1_247' title='bbox 2109 1824 2316 1896; x_wconf 85' lang='grc' dir='ltr'><em>ρθένου.</em></span> <span class='ocrx_word' id='word_1_248' title='bbox 2345 1823 2558 1894; x_wconf 80' lang='grc' dir='ltr'><em>πρῶτον</em></span> <span class='ocrx_word' id='word_1_249' title='bbox 2587 1824 2650 1874; x_wconf 81' lang='grc' dir='ltr'><em>ὲκ</em></span> <span class='ocrx_word' id='word_1_250' title='bbox 2672 1799 2955 1882; x_wconf 82' lang='grc' dir='ltr'><em>συνουσίας</em></span> <span class='ocrx_word' id='word_1_251' title='bbox 2977 1817 3166 1889; x_wconf 75' lang='grc' dir='ltr'><em>ἀνδρὸς</em></span> <span class='ocrx_word' id='word_1_252' title='bbox 3194 1816 3546 1884; x_wconf 84' lang='grc' dir='ltr'><em>διανοίγειται</em></span> <span class='ocrx_word' id='word_1_253' title='bbox 3569 1815 3610 1884; x_wconf 81' lang='grc' dir='ltr'><strong>ἡ</strong></span> 
     </span>
    </p>
   </div>
   <div class='ocr_carea' id='block_1_34' title="bbox 363 1911 1924 1989">
    <p class='ocr_par' dir='ltr' id='par_1_34' title="bbox 363 1911 1924 1989">
     <span class='ocr_line' id='line_1_34' title="bbox 363 1911 1924 1989; baseline -0.006 -15"><span class='ocrx_word' id='word_1_254' title='bbox 363 1933 468 1989; x_wconf 89' lang='lat' dir='ltr'><strong>que</strong></span> <span class='ocrx_word' id='word_1_255' title='bbox 496 1917 686 1972; x_wconf 88' lang='lat' dir='ltr'><strong>deinde</strong></span> <span class='ocrx_word' id='word_1_256' title='bbox 727 1916 922 1984; x_wconf 86' lang='lat' dir='ltr'><strong>pariat.</strong></span> <span class='ocrx_word' id='word_1_257' title='bbox 971 1915 1040 1966; x_wconf 83' lang='lat' dir='ltr'><strong>At</strong></span> <span class='ocrx_word' id='word_1_258' title='bbox 1075 1929 1178 1968; x_wconf 92' lang='lat' dir='ltr'><strong>non</strong></span> <span class='ocrx_word' id='word_1_259' title='bbox 1215 1915 1286 1966; x_wconf 86' lang='lat' dir='ltr'><strong>ita</strong></span> <span class='ocrx_word' id='word_1_260' title='bbox 1312 1913 1362 1966; x_wconf 93' lang='lat' dir='ltr'><strong>in</strong></span> <span class='ocrx_word' id='word_1_261' title='bbox 1418 1911 1696 1966; x_wconf 82' lang='lat' dir='ltr'><strong>Salvatore</strong></span> <span class='ocrx_word' id='word_1_262' title='bbox 1740 1922 1924 1965; x_wconf 87' lang='lat' dir='ltr'><strong>nostro</strong></span> 
     </span>
    </p>
   </div>
   <div class='ocr_carea' id='block_1_35' title="bbox 364 2002 1923 2075">
    <p class='ocr_par' dir='ltr' id='par_1_35' title="bbox 364 2002 1923 2075">
     <span class='ocr_line' id='line_1_35' title="bbox 364 2002 1923 2075; baseline -0.005 -11"><span class='ocrx_word' id='word_1_263' title='bbox 364 2010 556 2067; x_wconf 86' lang='lat' dir='ltr'><strong>accidit</strong></span> <span class='ocrx_word' id='word_1_264' title='bbox 588 2027 601 2062; x_wconf 88' lang='lat'>:</span> <span class='ocrx_word' id='word_1_265' title='bbox 634 2009 726 2062; x_wconf 89' lang='lat' dir='ltr'><strong>sed</strong></span> <span class='ocrx_word' id='word_1_266' title='bbox 757 2008 890 2075; x_wconf 87' lang='lat' dir='ltr'><strong>ipse,</strong></span> <span class='ocrx_word' id='word_1_267' title='bbox 931 2013 1113 2075; x_wconf 86' lang='lat' dir='ltr'><strong>aperta</strong></span> <span class='ocrx_word' id='word_1_268' title='bbox 1149 2006 1265 2059; x_wconf 89' lang='lat' dir='ltr'><strong>sine</strong></span> <span class='ocrx_word' id='word_1_269' title='bbox 1291 2005 1432 2058; x_wconf 91' lang='lat' dir='ltr'><strong>coitu</strong></span> <span class='ocrx_word' id='word_1_270' title='bbox 1481 2003 1657 2066; x_wconf 83' lang='lat' dir='ltr'><strong>vulva,</strong></span> <span class='ocrx_word' id='word_1_271' title='bbox 1696 2002 1923 2067; x_wconf 77' lang='lat' dir='ltr'><strong>inexpli-</strong></span> 
     </span>
    </p>
   </div>
   <div class='ocr_carea' id='block_1_36' title="bbox 364 2094 1924 2167">
    <p class='ocr_par' dir='ltr' id='par_1_36' title="bbox 364 2094 1924 2167">
     <span class='ocr_line' id='line_1_36' title="bbox 364 2094 1924 2167; baseline -0.006 -11"><span class='ocrx_word' id='word_1_272' title='bbox 364 2102 523 2156; x_wconf 78' lang='lat' dir='ltr'><strong>cabili</strong></span> <span class='ocrx_word' id='word_1_273' title='bbox 553 2101 759 2154; x_wconf 85' lang='lat' dir='ltr'><strong>ratione</strong></span> <span class='ocrx_word' id='word_1_274' title='bbox 781 2097 997 2167; x_wconf 85' lang='lat' dir='ltr'><strong>prodiit.</strong></span> <span class='ocrx_word' id='word_1_275' title='bbox 1021 2096 1198 2164; x_wconf 85' lang='lat' dir='ltr'><strong>Quare</strong></span> <span class='ocrx_word' id='word_1_276' title='bbox 1219 2096 1368 2161; x_wconf 90' lang='lat' dir='ltr'><strong>illud,</strong></span> <span class='ocrx_word' id='word_1_277' title='bbox 1395 2094 1558 2150; x_wconf 86' lang='lat' dir='ltr'><strong>Omne</strong></span> <span class='ocrx_word' id='word_1_278' title='bbox 1581 2094 1924 2148; x_wconf 79' lang='lat' dir='ltr'><strong>masculinum</strong></span> 
     </span>
    </p>
   </div>
   <div class='ocr_carea' id='block_1_37' title="bbox 366 2185 1924 2264">
    <p class='ocr_par' dir='ltr' id='par_1_37' title="bbox 366 2185 1924 2264">
     <span class='ocr_line' id='line_1_37' title="bbox 366 2185 1924 2264; baseline -0.007 -16"><span class='ocrx_word' id='word_1_279' title='bbox 366 2194 670 2264; x_wconf 79' lang='lat' dir='ltr'><strong>adaperiens</strong></span> <span class='ocrx_word' id='word_1_280' title='bbox 703 2191 906 2246; x_wconf 89' lang='lat' dir='ltr'><strong>vulvam</strong></span> <span class='ocrx_word' id='word_1_281' title='bbox 933 2229 950 2255; x_wconf 92' lang='lat'><strong>,</strong></span> <span class='ocrx_word' id='word_1_282' title='bbox 998 2198 1236 2243; x_wconf 87' lang='lat' dir='ltr'><strong>sanctum</strong></span> <span class='ocrx_word' id='word_1_283' title='bbox 1293 2187 1511 2240; x_wconf 87' lang='lat' dir='ltr'><strong>Domino</strong></span> <span class='ocrx_word' id='word_1_284' title='bbox 1541 2185 1830 2248; x_wconf 86' lang='lat' dir='ltr'><strong>vocabitur,</strong></span> <span class='ocrx_word' id='word_1_285' title='bbox 1859 2185 1924 2238; x_wconf 84' lang='lat' dir='ltr'><strong>ad</strong></span> 
     </span>
    </p>
   </div>
   <div class='ocr_carea' id='block_1_38' title="bbox 365 2275 1927 2348">
    <p class='ocr_par' dir='ltr' id='par_1_38' title="bbox 365 2275 1927 2348">
     <span class='ocr_line' id='line_1_38' title="bbox 365 2275 1927 2348; baseline -0.006 -8"><span class='ocrx_word' id='word_1_286' title='bbox 365 2285 536 2340; x_wconf 85' lang='lat' dir='ltr'><strong>solum</strong></span> <span class='ocrx_word' id='word_1_287' title='bbox 555 2283 837 2336; x_wconf 88' lang='lat' dir='ltr'><strong>Dominttm</strong></span> <span class='ocrx_word' id='word_1_288' title='bbox 873 2281 1124 2337; x_wconf 79' lang='lat' dir='ltr'><strong>refertur.</strong></span> <span class='ocrx_word' id='word_1_289' title='bbox 1158 2279 1408 2348; x_wconf 77' lang='lat' dir='ltr'><strong>Nunquid</strong></span> <span class='ocrx_word' id='word_1_290' title='bbox 1436 2292 1566 2333; x_wconf 82' lang='lat' dir='ltr'><strong>vero</strong></span> <span class='ocrx_word' id='word_1_291' title='bbox 1614 2275 1746 2332; x_wconf 82' lang='lat' dir='ltr'><strong>Cain</strong></span> <span class='ocrx_word' id='word_1_292' title='bbox 1787 2291 1927 2331; x_wconf 77' lang='lat' dir='ltr'><strong>San—</strong></span> 
     </span>
    </p>
   </div>
   <div class='ocr_carea' id='block_1_39' title="bbox 365 2366 1926 2444">
    <p class='ocr_par' dir='ltr' id='par_1_39' title="bbox 365 2366 1926 2444">
     <span class='ocr_line' id='line_1_39' title="bbox 365 2366 1926 2444; baseline -0.007 -14"><span class='ocrx_word' id='word_1_293' title='bbox 365 2386 505 2439; x_wconf 89' lang='lat' dir='ltr'><strong>ctus,</strong></span> <span class='ocrx_word' id='word_1_294' title='bbox 537 2377 645 2429; x_wconf 85' lang='lat' dir='ltr'><strong>vita</strong></span> <span class='ocrx_word' id='word_1_295' title='bbox 680 2373 904 2444; x_wconf 83' lang='lat' dir='ltr'><strong>profane</strong></span> <span class='ocrx_word' id='word_1_296' title='bbox 951 2371 1175 2440; x_wconf 89' lang='lat' dir='ltr'><strong>abrupta</strong></span> <span class='ocrx_word' id='word_1_297' title='bbox 1202 2370 1268 2435; x_wconf 71' lang='lat'><strong>“,</strong></span> <span class='ocrx_word' id='word_1_298' title='bbox 1302 2369 1444 2438; x_wconf 89' lang='lat' dir='ltr'><strong>quod</strong></span> <span class='ocrx_word' id='word_1_299' title='bbox 1494 2377 1736 2422; x_wconf 83' lang='lat' dir='ltr'><strong>materna</strong></span> <span class='ocrx_word' id='word_1_300' title='bbox 1769 2366 1926 2421; x_wconf 80' lang='lat' dir='ltr'><strong>vulva</strong></span> 
     </span>
    </p>
   </div>
   <div class='ocr_carea' id='block_1_40' title="bbox 365 2459 1928 2533">
    <p class='ocr_par' dir='ltr' id='par_1_40' title="bbox 365 2459 1928 2533">
     <span class='ocr_line' id='line_1_40' title="bbox 365 2459 1928 2533; baseline -0.004 -12"><span class='ocrx_word' id='word_1_301' title='bbox 365 2480 488 2522; x_wconf 86' lang='lat' dir='ltr'><strong>ante</strong></span> <span class='ocrx_word' id='word_1_302' title='bbox 512 2481 700 2522; x_wconf 86' lang='lat' dir='ltr'><strong>omnes</strong></span> <span class='ocrx_word' id='word_1_303' title='bbox 753 2466 1000 2533; x_wconf 84' lang='lat' dir='ltr'><strong>princeps</strong></span> <span class='ocrx_word' id='word_1_304' title='bbox 1051 2461 1350 2530; x_wconf 82' lang='lat' dir='ltr'><strong>prodierit?</strong></span> <span class='ocrx_word' id='word_1_305' title='bbox 1408 2459 1656 2529; x_wconf 79' lang='lat' dir='ltr'><strong>Nunquid</strong></span> <span class='ocrx_word' id='word_1_306' title='bbox 1707 2469 1928 2514; x_wconf 90' lang='lat' dir='ltr'><strong>sanctus</strong></span> 
     </span>
    </p>
   </div>
   <div class='ocr_carea' id='block_1_41' title="bbox 366 2549 1928 2622">
    <p class='ocr_par' dir='ltr' id='par_1_41' title="bbox 366 2549 1928 2622">
     <span class='ocr_line' id='line_1_41' title="bbox 366 2549 1928 2622; baseline -0.004 -11"><span class='ocrx_word' id='word_1_307' title='bbox 366 2557 526 2621; x_wconf 82' lang='lat' dir='ltr'><strong>Esau,</strong></span> <span class='ocrx_word' id='word_1_308' title='bbox 558 2555 726 2608; x_wconf 88' lang='lat' dir='ltr'><strong>hostis</strong></span> <span class='ocrx_word' id='word_1_309' title='bbox 773 2553 858 2606; x_wconf 86' lang='lat' dir='ltr'><strong>ille</strong></span> <span class='ocrx_word' id='word_1_310' title='bbox 904 2562 957 2607; x_wconf 92' lang='lat' dir='ltr'><strong>et</strong></span> <span class='ocrx_word' id='word_1_311' title='bbox 987 2553 1145 2622; x_wconf 78' lang='lat' dir='ltr'><strong>gladii</strong></span> <span class='ocrx_word' id='word_1_312' title='bbox 1207 2553 1376 2605; x_wconf 69' lang='lat' dir='ltr'><strong>haeres</strong></span> <span class='ocrx_word' id='word_1_313' title='bbox 1409 2550 1475 2611; x_wconf 78' lang='lat'><strong>&quot;.</strong></span> <span class='ocrx_word' id='word_1_314' title='bbox 1508 2551 1760 2620; x_wconf 90' lang='lat' dir='ltr'><strong>quoniam</strong></span> <span class='ocrx_word' id='word_1_315' title='bbox 1789 2559 1842 2603; x_wconf 91' lang='lat' dir='ltr'><strong>et</strong></span> <span class='ocrx_word' id='word_1_316' title='bbox 1883 2549 1928 2604; x_wconf 88' lang='lat' dir='ltr'><strong>is</strong></span> 
     </span>
    </p>
   </div>
   <div class='ocr_carea' id='block_1_42' title="bbox 365 2641 1927 2717">
    <p class='ocr_par' dir='ltr' id='par_1_42' title="bbox 365 2641 1927 2717">
     <span class='ocr_line' id='line_1_42' title="bbox 365 2641 1927 2717; baseline -0.003 -17"><span class='ocrx_word' id='word_1_317' title='bbox 365 2650 572 2717; x_wconf 89' lang='lat' dir='ltr'><strong>primus</strong></span> <span class='ocrx_word' id='word_1_318' title='bbox 601 2662 665 2700; x_wconf 79' lang='lat' dir='ltr'><strong>ex</strong></span> <span class='ocrx_word' id='word_1_319' title='bbox 697 2658 852 2699; x_wconf 89' lang='lat' dir='ltr'><strong>utero</strong></span> <span class='ocrx_word' id='word_1_320' title='bbox 897 2655 1140 2698; x_wconf 88' lang='lat' dir='ltr'><strong>materno</strong></span> <span class='ocrx_word' id='word_1_321' title='bbox 1171 2643 1408 2697; x_wconf 77' lang='lat' dir='ltr'><strong>excidit?</strong></span> <span class='ocrx_word' id='word_1_322' title='bbox 1449 2641 1698 2712; x_wconf 81' lang='lat' dir='ltr'><strong>Nunquid</strong></span> <span class='ocrx_word' id='word_1_323' title='bbox 1739 2641 1927 2696; x_wconf 81' lang='lat' dir='ltr'><strong>Ruben</strong></span> 
     </span>
    </p>
   </div>
   <div class='ocr_carea' id='block_1_43' title="bbox 364 2733 1930 2804">
    <p class='ocr_par' dir='ltr' id='par_1_43' title="bbox 364 2733 1930 2804">
     <span class='ocr_line' id='line_1_43' title="bbox 364 2733 1930 2804; baseline -0.003 -12"><span class='ocrx_word' id='word_1_324' title='bbox 364 2747 606 2800; x_wconf 88' lang='lat' dir='ltr'><strong>sanctus,</strong></span> <span class='ocrx_word' id='word_1_325' title='bbox 659 2735 818 2789; x_wconf 80' lang='lat' dir='ltr'><strong>cubili</strong></span> <span class='ocrx_word' id='word_1_326' title='bbox 875 2745 1100 2804; x_wconf 84' lang='lat' dir='ltr'><strong>paterno</strong></span> <span class='ocrx_word' id='word_1_327' title='bbox 1159 2734 1379 2798; x_wconf 82' lang='lat' dir='ltr'><strong>violato,</strong></span> <span class='ocrx_word' id='word_1_328' title='bbox 1431 2733 1930 2802; x_wconf 80' lang='lat' dir='ltr'><strong>maledictionisqtte</strong></span> 
     </span>
    </p>
   </div>
   <div class='ocr_carea' id='block_1_44' title="bbox 369 2821 1931 2894">
    <p class='ocr_par' dir='ltr' id='par_1_44' title="bbox 369 2821 1931 2894">
     <span class='ocr_line' id='line_1_44' title="bbox 369 2821 1931 2894; baseline -0.004 -16"><span class='ocrx_word' id='word_1_329' title='bbox 369 2835 656 2894; x_wconf 87' lang='lat' dir='ltr'><strong>provocata</strong></span> <span class='ocrx_word' id='word_1_330' title='bbox 681 2825 947 2877; x_wconf 78' lang='lat' dir='ltr'><strong>sententia</strong></span> <span class='ocrx_word' id='word_1_331' title='bbox 981 2822 1050 2886; x_wconf 76' lang='lat'><strong>“,</strong></span> <span class='ocrx_word' id='word_1_332' title='bbox 1085 2823 1338 2889; x_wconf 89' lang='lat' dir='ltr'><strong>quoniam</strong></span> <span class='ocrx_word' id='word_1_333' title='bbox 1375 2832 1428 2874; x_wconf 89' lang='lat' dir='ltr'><strong>et</strong></span> <span class='ocrx_word' id='word_1_334' title='bbox 1464 2822 1574 2889; x_wconf 85' lang='lat' dir='ltr'><strong>ipse</strong></span> <span class='ocrx_word' id='word_1_335' title='bbox 1604 2838 1670 2876; x_wconf 74' lang='lat' dir='ltr'><strong>ex</strong></span> <span class='ocrx_word' id='word_1_336' title='bbox 1703 2821 1931 2874; x_wconf 83' lang='lat' dir='ltr'><strong>fecundo</strong></span> 
     </span>
    </p>
   </div>
   <div class='ocr_carea' id='block_1_45' title="bbox 366 2910 1929 2983">
    <p class='ocr_par' dir='ltr' id='par_1_45' title="bbox 366 2910 1929 2983">
     <span class='ocr_line' id='line_1_45' title="bbox 366 2910 1929 2983; baseline -0.005 -13"><span class='ocrx_word' id='word_1_337' title='bbox 366 2916 476 2972; x_wconf 82' lang='lat' dir='ltr'><strong>Lia:</strong></span> <span class='ocrx_word' id='word_1_338' title='bbox 507 2925 659 2969; x_wconf 90' lang='lat' dir='ltr'><strong>utero</strong></span> <span class='ocrx_word' id='word_1_339' title='bbox 686 2915 890 2983; x_wconf 87' lang='lat' dir='ltr'><strong>primus</strong></span> <span class='ocrx_word' id='word_1_340' title='bbox 937 2911 1142 2966; x_wconf 82' lang='lat' dir='ltr'><strong>exivit?</strong></span> <span class='ocrx_word' id='word_1_341' title='bbox 1171 2910 1360 2963; x_wconf 84' lang='lat' dir='ltr'><strong>Nullus</strong></span> <span class='ocrx_word' id='word_1_342' title='bbox 1391 2911 1614 2962; x_wconf 88' lang='lat' dir='ltr'><strong>istorum</strong></span> <span class='ocrx_word' id='word_1_343' title='bbox 1671 2923 1929 2974; x_wconf 83' lang='lat' dir='ltr'><strong>sanctus;</strong></span> 
     </span>
    </p>
   </div>
   <div class='ocr_carea' id='block_1_46' title="bbox 368 3002 1930 3073">
    <p class='ocr_par' dir='ltr' id='par_1_46' title="bbox 368 3002 1930 3073">
     <span class='ocr_line' id='line_1_46' title="bbox 368 3002 1930 3073; baseline -0.006 -11"><span class='ocrx_word' id='word_1_344' title='bbox 368 3019 555 3062; x_wconf 86' lang='lat' dir='ltr'><strong>omnes</strong></span> <span class='ocrx_word' id='word_1_345' title='bbox 583 3006 726 3059; x_wconf 86' lang='lat' dir='ltr'><strong>enim</strong></span> <span class='ocrx_word' id='word_1_346' title='bbox 755 3018 942 3073; x_wconf 70' lang='lat' dir='ltr'><strong>pmnas</strong></span> <span class='ocrx_word' id='word_1_347' title='bbox 971 3003 1254 3056; x_wconf 88' lang='lat' dir='ltr'><strong>dederunt.</strong></span> <span class='ocrx_word' id='word_1_348' title='bbox 1289 3002 1366 3055; x_wconf 79' lang='lat' dir='ltr'><strong>Ex</strong></span> <span class='ocrx_word' id='word_1_349' title='bbox 1394 3002 1588 3071; x_wconf 79' lang='lat' dir='ltr'><strong>quibus</strong></span> <span class='ocrx_word' id='word_1_350' title='bbox 1611 3003 1930 3068; x_wconf 85' lang='lat' dir='ltr'><strong>ostenditur,</strong></span> 
     </span>
    </p>
   </div>
   <div class='ocr_carea' id='block_1_47' title="bbox 369 3093 1929 3160">
    <p class='ocr_par' dir='ltr' id='par_1_47' title="bbox 369 3093 1929 3160">
     <span class='ocr_line' id='line_1_47' title="bbox 369 3093 1929 3160; baseline -0.004 -9"><span class='ocrx_word' id='word_1_351' title='bbox 369 3098 561 3151; x_wconf 87' lang='lat' dir='ltr'><strong>referri</strong></span> <span class='ocrx_word' id='word_1_352' title='bbox 626 3097 691 3148; x_wconf 90' lang='lat' dir='ltr'><strong>ad</strong></span> <span class='ocrx_word' id='word_1_353' title='bbox 741 3095 911 3149; x_wconf 79' lang='lat' dir='ltr'><strong>solum</strong></span> <span class='ocrx_word' id='word_1_354' title='bbox 969 3093 1273 3154; x_wconf 85' lang='lat' dir='ltr'><strong>Dominum,</strong></span> <span class='ocrx_word' id='word_1_355' title='bbox 1331 3093 1460 3160; x_wconf 71' lang='lat' dir='ltr'><strong>legis</strong></span> <span class='ocrx_word' id='word_1_356' title='bbox 1512 3095 1702 3146; x_wconf 82' lang='lat' dir='ltr'><strong>scitum</strong></span> <span class='ocrx_word' id='word_1_357' title='bbox 1756 3093 1929 3146; x_wconf 89' lang='lat' dir='ltr'><strong>illud:</strong></span> 
     </span>
    </p>
   </div>
   <div class='ocr_carea' id='block_1_48' title="bbox 372 3183 1934 3252">
    <p class='ocr_par' dir='ltr' id='par_1_48' title="bbox 372 3183 1934 3252">
     <span class='ocr_line' id='line_1_48' title="bbox 372 3183 1934 3252; baseline -0.003 -10"><span class='ocrx_word' id='word_1_358' title='bbox 372 3185 537 3242; x_wconf 86' lang='lat' dir='ltr'><strong>Omne</strong></span> <span class='ocrx_word' id='word_1_359' title='bbox 567 3186 911 3240; x_wconf 79' lang='lat' dir='ltr'><strong>masculinum</strong></span> <span class='ocrx_word' id='word_1_360' title='bbox 939 3183 1241 3252; x_wconf 82' lang='lat' dir='ltr'><strong>adaperiens</strong></span> <span class='ocrx_word' id='word_1_361' title='bbox 1289 3185 1510 3245; x_wconf 78' lang='lat' dir='ltr'><strong>vulvam,</strong></span> <span class='ocrx_word' id='word_1_362' title='bbox 1547 3194 1780 3236; x_wconf 80' lang='lat' dir='ltr'><strong>sanctum</strong></span> <span class='ocrx_word' id='word_1_363' title='bbox 1824 3184 1934 3236; x_wconf 81' lang='lat' dir='ltr'><strong>Do-</strong></span> 
     </span>
    </p>
   </div>
   <div class='ocr_carea' id='block_1_49' title="bbox 369 3272 1929 3344">
    <p class='ocr_par' dir='ltr' id='par_1_49' title="bbox 369 3272 1929 3344">
     <span class='ocr_line' id='line_1_49' title="bbox 369 3272 1929 3344; baseline -0.004 -14"><span class='ocrx_word' id='word_1_364' title='bbox 369 3278 512 3330; x_wconf 88' lang='lat' dir='ltr'><strong>mino</strong></span> <span class='ocrx_word' id='word_1_365' title='bbox 533 3273 1003 3344; x_wconf 77' lang='lat' dir='ltr'><strong>vocabitur:juxta</strong></span> <span class='ocrx_word' id='word_1_366' title='bbox 1039 3275 1179 3342; x_wconf 89' lang='lat' dir='ltr'><strong>quod</strong></span> <span class='ocrx_word' id='word_1_367' title='bbox 1229 3272 1439 3328; x_wconf 83' lang='lat' dir='ltr'><strong>Gabriel</strong></span> <span class='ocrx_word' id='word_1_368' title='bbox 1469 3275 1606 3326; x_wconf 84' lang='lat' dir='ltr'><strong>dixit</strong></span> <span class='ocrx_word' id='word_1_369' title='bbox 1652 3276 1718 3326; x_wconf 85' lang='lat' dir='ltr'><strong>ad</strong></span> <span class='ocrx_word' id='word_1_370' title='bbox 1759 3275 1929 3343; x_wconf 76' lang='lat' dir='ltr'><strong>Virgi.</strong></span> 
     </span>
    </p>
   </div>
   <div class='ocr_carea' id='block_1_50' title="bbox 370 3365 1935 3432">
    <p class='ocr_par' dir='ltr' id='par_1_50' title="bbox 370 3365 1935 3432">
     <span class='ocr_line' id='line_1_50' title="bbox 370 3365 1935 3432; baseline 0.001 -14"><span class='ocrx_word' id='word_1_371' title='bbox 370 3381 534 3419; x_wconf 89' lang='lat' dir='ltr'><strong>nem:</strong></span> <span class='ocrx_word' id='word_1_372' title='bbox 573 3365 802 3432; x_wconf 81' lang='lat' dir='ltr'><strong>Spiritus</strong></span> <span class='ocrx_word' id='word_1_373' title='bbox 875 3374 1088 3418; x_wconf 88' lang='lat' dir='ltr'><strong>sanctus</strong></span> <span class='ocrx_word' id='word_1_374' title='bbox 1142 3369 1459 3431; x_wconf 74' lang='lat' dir='ltr'><strong>superveniet</strong></span> <span class='ocrx_word' id='word_1_375' title='bbox 1489 3366 1542 3418; x_wconf 85' lang='lat' dir='ltr'><strong>in</strong></span> <span class='ocrx_word' id='word_1_376' title='bbox 1595 3381 1662 3425; x_wconf 83' lang='lat' dir='ltr'><strong>te,</strong></span> <span class='ocrx_word' id='word_1_377' title='bbox 1692 3378 1736 3417; x_wconf 86' lang='lat' dir='ltr'><strong>et</strong></span> <span class='ocrx_word' id='word_1_378' title='bbox 1776 3369 1935 3419; x_wconf 85' lang='lat' dir='ltr'><strong>virtus</strong></span> 
     </span>
    </p>
   </div>
   <div class='ocr_carea' id='block_1_51' title="bbox 374 3453 1935 3525">
    <p class='ocr_par' dir='ltr' id='par_1_51' title="bbox 374 3453 1935 3525">
     <span class='ocr_line' id='line_1_51' title="bbox 374 3453 1935 3525; baseline -0.001 -15"><span class='ocrx_word' id='word_1_379' title='bbox 374 3457 635 3511; x_wconf 83' lang='lat' dir='ltr'><strong>Altissimi</strong></span> <span class='ocrx_word' id='word_1_380' title='bbox 672 3456 994 3509; x_wconf 86' lang='lat' dir='ltr'><strong>obumbrabit</strong></span> <span class='ocrx_word' id='word_1_381' title='bbox 1028 3455 1164 3508; x_wconf 89' lang='lat' dir='ltr'><strong>tibi:</strong></span> <span class='ocrx_word' id='word_1_382' title='bbox 1199 3453 1326 3508; x_wconf 85' lang='lat' dir='ltr'><strong>Ideo</strong></span> <span class='ocrx_word' id='word_1_383' title='bbox 1354 3464 1402 3507; x_wconf 88' lang='lat' dir='ltr'><strong>et</strong></span> <span class='ocrx_word' id='word_1_384' title='bbox 1428 3459 1563 3525; x_wconf 85' lang='lat' dir='ltr'><strong>quod</strong></span> <span class='ocrx_word' id='word_1_385' title='bbox 1595 3469 1836 3509; x_wconf 81' lang='lat' dir='ltr'><strong>nascetur</strong></span> <span class='ocrx_word' id='word_1_386' title='bbox 1871 3473 1935 3509; x_wconf 77' lang='lat' dir='ltr'><strong>ea:</strong></span> 
     </span>
    </p>
   </div>
   <div class='ocr_carea' id='block_1_52' title="bbox 370 3545 1409 3612">
    <p class='ocr_par' dir='ltr' id='par_1_52' title="bbox 370 3545 1409 3612">
     <span class='ocr_line' id='line_1_52' title="bbox 370 3545 1409 3612; baseline -0.004 -9"><span class='ocrx_word' id='word_1_387' title='bbox 370 3559 420 3603; x_wconf 87' lang='lat' dir='ltr'><strong>te</strong></span> <span class='ocrx_word' id='word_1_388' title='bbox 439 3561 698 3612; x_wconf 79' lang='lat' dir='ltr'><strong>sanctum,</strong></span> <span class='ocrx_word' id='word_1_389' title='bbox 729 3546 902 3601; x_wconf 80' lang='lat' dir='ltr'><strong>Filius</strong></span> <span class='ocrx_word' id='word_1_390' title='bbox 934 3547 1027 3601; x_wconf 85' lang='lat' dir='ltr'><strong>Dei</strong></span> <span class='ocrx_word' id='word_1_391' title='bbox 1052 3549 1318 3600; x_wconf 85' lang='lat' dir='ltr'><strong>vocabitur</strong></span> <span class='ocrx_word' id='word_1_392' title='bbox 1344 3545 1409 3599; x_wconf 68' lang='grc'><strong>⁸⁷.</strong></span> 
     </span>
    </p>
   </div>
   <div class='ocr_carea' id='block_1_53' title="bbox 445 3811 1938 3882">
    <p class='ocr_par' dir='ltr' id='par_1_53' title="bbox 445 3811 1938 3882">
     <span class='ocr_line' id='line_1_53' title="bbox 445 3811 1938 3882; baseline -0.003 -12"><span class='ocrx_word' id='word_1_393' title='bbox 445 3816 528 3874; x_wconf 94' lang='lat' dir='ltr'><strong>Ill.</strong></span> <span class='ocrx_word' id='word_1_394' title='bbox 554 3815 715 3871; x_wconf 86' lang='lat' dir='ltr'><strong>Plane</strong></span> <span class='ocrx_word' id='word_1_395' title='bbox 744 3829 872 3870; x_wconf 80' lang='lat' dir='ltr'><strong>vero</strong></span> <span class='ocrx_word' id='word_1_396' title='bbox 925 3813 1087 3868; x_wconf 79' lang='lat' dir='ltr'><strong>fuerit</strong></span> <span class='ocrx_word' id='word_1_397' title='bbox 1121 3814 1210 3882; x_wconf 89' lang='lat' dir='ltr'><strong>qui</strong></span> <span class='ocrx_word' id='word_1_398' title='bbox 1255 3811 1630 3865; x_wconf 84' lang='lat' dir='ltr'><strong>cuntradicens</strong></span> <span class='ocrx_word' id='word_1_399' title='bbox 1656 3811 1802 3866; x_wconf 84' lang='lat' dir='ltr'><strong>dicat</strong></span> <span class='ocrx_word' id='word_1_400' title='bbox 1836 3830 1849 3865; x_wconf 90' lang='lat'><strong>:</strong></span> <span class='ocrx_word' id='word_1_401' title='bbox 1879 3812 1938 3866; x_wconf 87' lang='lat' dir='ltr'><strong>Si</strong></span> 
     </span>
    </p>
   </div>
   <div class='ocr_carea' id='block_1_54' title="bbox 373 3899 1936 3980">
    <p class='ocr_par' dir='ltr' id='par_1_54' title="bbox 373 3899 1936 3980">
     <span class='ocr_line' id='line_1_54' title="bbox 373 3899 1936 3980; baseline -0.005 -17"><span class='ocrx_word' id='word_1_402' title='bbox 373 3924 502 3980; x_wconf 87' lang='lat' dir='ltr'><strong>ergo</strong></span> <span class='ocrx_word' id='word_1_403' title='bbox 525 3909 590 3961; x_wconf 88' lang='lat' dir='ltr'><strong>ad</strong></span> <span class='ocrx_word' id='word_1_404' title='bbox 617 3905 898 3960; x_wconf 87' lang='lat' dir='ltr'><strong>Dominum</strong></span> <span class='ocrx_word' id='word_1_405' title='bbox 919 3901 1150 3958; x_wconf 83' lang='lat' dir='ltr'><strong>refertur</strong></span> <span class='ocrx_word' id='word_1_406' title='bbox 1167 3902 1306 3970; x_wconf 85' lang='lat' dir='ltr'><strong>quod</strong></span> <span class='ocrx_word' id='word_1_407' title='bbox 1331 3900 1591 3969; x_wconf 87' lang='lat' dir='ltr'><strong>scriptum</strong></span> <span class='ocrx_word' id='word_1_408' title='bbox 1609 3909 1692 3953; x_wconf 89' lang='lat' dir='ltr'><strong>est</strong></span> <span class='ocrx_word' id='word_1_409' title='bbox 1723 3917 1737 3954; x_wconf 91' lang='lat'><strong>:</strong></span> <span class='ocrx_word' id='word_1_410' title='bbox 1767 3899 1936 3956; x_wconf 84' lang='lat' dir='ltr'><strong>Omne</strong></span> 
     </span>
    </p>
   </div>
   <div class='ocr_carea' id='block_1_55' title="bbox 2026 1907 3613 1988">
    <p class='ocr_par' dir='ltr' id='par_1_55' title="bbox 2026 1907 3613 1988">
     <span class='ocr_line' id='line_1_55' title="bbox 2026 1907 3613 1988; baseline -0.005 -20"><span class='ocrx_word' id='word_1_411' title='bbox 2026 1919 2224 1988; x_wconf 83' lang='grc' dir='ltr'><em>μήτρα,</em></span> <span class='ocrx_word' id='word_1_412' title='bbox 2256 1916 2350 1968; x_wconf 80' lang='grc' dir='ltr'><em>καὶ</em></span> <span class='ocrx_word' id='word_1_413' title='bbox 2387 1911 2488 1968; x_wconf 78' lang='grc' dir='ltr'><em>εἷθ’</em></span> <span class='ocrx_word' id='word_1_414' title='bbox 2526 1913 2698 1977; x_wconf 77' lang='grc' dir='ltr'><em>οὕτως</em></span> <span class='ocrx_word' id='word_1_415' title='bbox 2738 1913 2932 1966; x_wconf 81' lang='grc' dir='ltr'><strong>τίκτει.</strong></span> <span class='ocrx_word' id='word_1_416' title='bbox 2975 1910 3100 1962; x_wconf 74' lang='grc' dir='ltr'><strong>Ἐπὶ</strong></span> <span class='ocrx_word' id='word_1_417' title='bbox 3131 1909 3188 1962; x_wconf 83' lang='grc' dir='ltr'>δὲ</span> <span class='ocrx_word' id='word_1_418' title='bbox 3216 1908 3310 1962; x_wconf 82' lang='grc' dir='ltr'><em>τοῦ</em></span> <span class='ocrx_word' id='word_1_419' title='bbox 3349 1907 3613 1978; x_wconf 83' lang='grc' dir='ltr'><strong>Σωτῆρος</strong></span> 
     </span>
    </p>
   </div>
   <div class='ocr_carea' id='block_1_56' title="bbox 2023 1998 3613 2080">
    <p class='ocr_par' dir='ltr' id='par_1_56' title="bbox 2023 1998 3613 2080">
     <span class='ocr_line' id='line_1_56' title="bbox 2023 1998 3613 2080; baseline -0.008 -18"><span class='ocrx_word' id='word_1_420' title='bbox 2023 2009 2179 2080; x_wconf 83' lang='grc' dir='ltr'><em>ἡμῶν</em></span> <span class='ocrx_word' id='word_1_421' title='bbox 2205 2009 2302 2078; x_wconf 75' lang='grc' dir='ltr'><strong>οὐχ</strong></span> <span class='ocrx_word' id='word_1_422' title='bbox 2337 2006 2528 2070; x_wconf 76' lang='grc' dir='ltr'><em>οὕτως·</em></span> <span class='ocrx_word' id='word_1_423' title='bbox 2559 2005 2696 2060; x_wconf 80' lang='grc' dir='ltr'><em>ἀλλὰ</em></span> <span class='ocrx_word' id='word_1_424' title='bbox 2723 2005 2890 2076; x_wconf 75' lang='grc' dir='ltr'><em>χωρὶς</em></span> <span class='ocrx_word' id='word_1_425' title='bbox 2923 2002 3206 2065; x_wconf 81' lang='grc' dir='ltr'><em>συνουσίας</em></span> <span class='ocrx_word' id='word_1_426' title='bbox 3225 2000 3385 2064; x_wconf 82' lang='grc' dir='ltr'><em>αὐτὸς</em></span> <span class='ocrx_word' id='word_1_427' title='bbox 3404 1998 3613 2053; x_wconf 84' lang='grc' dir='ltr'><em>διανοί-</em></span> 
     </span>
    </p>
   </div>
   <div class='ocr_carea' id='block_1_57' title="bbox 2024 2091 3617 2170">
    <p class='ocr_par' dir='ltr' id='par_1_57' title="bbox 2024 2091 3617 2170">
     <span class='ocr_line' id='line_1_57' title="bbox 2024 2091 3617 2170; baseline -0.007 -18"><span class='ocrx_word' id='word_1_428' title='bbox 2024 2099 2120 2166; x_wconf 83' lang='grc' dir='ltr'><em>ξας</em></span> <span class='ocrx_word' id='word_1_429' title='bbox 2151 2100 2248 2170; x_wconf 79' lang='grc' dir='ltr'><em>τὴν</em></span> <span class='ocrx_word' id='word_1_430' title='bbox 2284 2099 2492 2169; x_wconf 80' lang='grc' dir='ltr'><em>μήτραν</em></span> <span class='ocrx_word' id='word_1_431' title='bbox 2525 2099 2623 2166; x_wconf 79' lang='grc' dir='ltr'><em>τῆς</em></span> <span class='ocrx_word' id='word_1_432' title='bbox 2653 2095 2942 2168; x_wconf 82' lang='grc' dir='ltr'><em>παρθένου,</em></span> <span class='ocrx_word' id='word_1_433' title='bbox 2969 2093 3267 2164; x_wconf 80' lang='grc' dir='ltr'><strong>ἀφράστως</strong></span> <span class='ocrx_word' id='word_1_434' title='bbox 3313 2091 3426 2161; x_wconf 83' lang='lat'><strong>(‘20)</strong></span> <span class='ocrx_word' id='word_1_435' title='bbox 3469 2105 3617 2161; x_wconf 83' lang='grc' dir='ltr'><em>προ·</em></span> 
     </span>
    </p>
   </div>
   <div class='ocr_carea' id='block_1_58' title="bbox 2023 2179 3614 2258">
    <p class='ocr_par' dir='ltr' id='par_1_58' title="bbox 2023 2179 3614 2258">
     <span class='ocr_line' id='line_1_58' title="bbox 2023 2179 3614 2258; baseline -0.006 -17"><span class='ocrx_word' id='word_1_436' title='bbox 2023 2187 2218 2258; x_wconf 76' lang='grc' dir='ltr'><em>ἦλθενο</em></span> <span class='ocrx_word' id='word_1_437' title='bbox 2257 2186 2400 2241; x_wconf 81' lang='grc' dir='ltr'><em>ὥστε</em></span> <span class='ocrx_word' id='word_1_438' title='bbox 2431 2186 2513 2249; x_wconf 80' lang='grc' dir='ltr'><em>τὸ,</em></span> <span class='ocrx_word' id='word_1_439' title='bbox 2567 2185 2700 2240; x_wconf 85' lang='grc' dir='ltr'><strong>Πᾶν</strong></span> <span class='ocrx_word' id='word_1_440' title='bbox 2753 2185 2945 2253; x_wconf 77' lang='grc' dir='ltr'><em>ἄρσεν</em></span> <span class='ocrx_word' id='word_1_441' title='bbox 2993 2181 3298 2252; x_wconf 79' lang='grc' dir='ltr'><em>διανοῖγον</em></span> <span class='ocrx_word' id='word_1_442' title='bbox 3343 2179 3614 2249; x_wconf 82' lang='grc' dir='ltr'><em>μήτραν,</em></span> 
     </span>
    </p>
   </div>
   <div class='ocr_carea' id='block_1_59' title="bbox 2026 2272 3615 2349">
    <p class='ocr_par' dir='ltr' id='par_1_59' title="bbox 2026 2272 3615 2349">
     <span class='ocr_line' id='line_1_59' title="bbox 2026 2272 3615 2349; baseline -0.008 -14"><span class='ocrx_word' id='word_1_443' title='bbox 2026 2280 2195 2349; x_wconf 83' lang='grc' dir='ltr'><em>ἅγιον</em></span> <span class='ocrx_word' id='word_1_444' title='bbox 2225 2279 2307 2345; x_wconf 85' lang='grc' dir='ltr'><em>τῷ</em></span> <span class='ocrx_word' id='word_1_445' title='bbox 2333 2279 2530 2347; x_wconf 84' lang='grc' dir='ltr'>Κυρίῳ</span> <span class='ocrx_word' id='word_1_446' title='bbox 2565 2276 2955 2345; x_wconf 81' lang='grc' dir='ltr'><em>κληθήσεται,</em></span> <span class='ocrx_word' id='word_1_447' title='bbox 2994 2277 3073 2338; x_wconf 80' lang='grc' dir='ltr'><strong>είς</strong></span> <span class='ocrx_word' id='word_1_448' title='bbox 3104 2274 3195 2327; x_wconf 77' lang='grc' dir='ltr'><em>τὸν</em></span> <span class='ocrx_word' id='word_1_449' title='bbox 3221 2272 3426 2345; x_wconf 79' lang='grc' dir='ltr'><em>Κύριον</em></span> <span class='ocrx_word' id='word_1_450' title='bbox 3468 2274 3615 2326; x_wconf 84' lang='grc' dir='ltr'><em>ἀνα-</em></span> 
     </span>
    </p>
   </div>
   <div class='ocr_carea' id='block_1_60' title="bbox 2027 2363 3618 2444">
    <p class='ocr_par' dir='ltr' id='par_1_60' title="bbox 2027 2363 3618 2444">
     <span class='ocr_line' id='line_1_60' title="bbox 2027 2363 3618 2444; baseline -0.006 -20"><span class='ocrx_word' id='word_1_451' title='bbox 2027 2372 2250 2444; x_wconf 82' lang='grc' dir='ltr'><em>φέρεται</em></span> <span class='ocrx_word' id='word_1_452' title='bbox 2286 2369 2462 2441; x_wconf 87' lang='grc' dir='ltr'><em>μόνον.</em></span> <span class='ocrx_word' id='word_1_453' title='bbox 2488 2369 2579 2440; x_wconf 80' lang='grc' dir='ltr'><strong>Μὴ</strong></span> <span class='ocrx_word' id='word_1_454' title='bbox 2614 2364 2725 2440; x_wconf 85' lang='grc' dir='ltr'><em>ἆρα</em></span> <span class='ocrx_word' id='word_1_455' title='bbox 2745 2370 2774 2422; x_wconf 99' lang='lat'><strong>6</strong></span> <span class='ocrx_word' id='word_1_456' title='bbox 2804 2369 2942 2422; x_wconf 80' lang='grc' dir='ltr'><em>Κάῖν</em></span> <span class='ocrx_word' id='word_1_457' title='bbox 2971 2366 3145 2435; x_wconf 74' lang='grc' dir='ltr'><em>ἅγιος,</em></span> <span class='ocrx_word' id='word_1_458' title='bbox 3176 2367 3204 2419; x_wconf 89' lang='grc' dir='ltr'>ὁ</span> <span class='ocrx_word' id='word_1_459' title='bbox 3225 2365 3282 2419; x_wconf 83' lang='grc' dir='ltr'><em>ὲν</em></span> <span class='ocrx_word' id='word_1_460' title='bbox 3314 2363 3618 2436; x_wconf 75' lang='grc' dir='ltr'><strong>βεϐηλότη-</strong></span> 
     </span>
    </p>
   </div>
   <div class='ocr_carea' id='block_1_61' title="bbox 2027 2450 3617 2533">
    <p class='ocr_par' dir='ltr' id='par_1_61' title="bbox 2027 2450 3617 2533">
     <span class='ocr_line' id='line_1_61' title="bbox 2027 2450 3617 2533; baseline -0.005 -17"><span class='ocrx_word' id='word_1_461' title='bbox 2027 2480 2078 2516; x_wconf 92' lang='grc' dir='ltr'><strong>τι</strong></span> <span class='ocrx_word' id='word_1_462' title='bbox 2109 2463 2168 2516; x_wconf 86' lang='grc' dir='ltr'><strong>τὸ</strong></span> <span class='ocrx_word' id='word_1_463' title='bbox 2199 2461 2299 2533; x_wconf 81' lang='grc' dir='ltr'><strong>ζῇν</strong></span> <span class='ocrx_word' id='word_1_464' title='bbox 2333 2461 2650 2533; x_wconf 71' lang='grc' dir='ltr'><em>ἀπορρήξας</em></span> <span class='ocrx_word' id='word_1_465' title='bbox 2693 2458 2828 2530; x_wconf 76' lang='grc'><strong>(21),</strong></span> <span class='ocrx_word' id='word_1_466' title='bbox 2865 2459 3084 2512; x_wconf 76' lang='grc' dir='ltr'><em>ἐπειδὰν</em></span> <span class='ocrx_word' id='word_1_467' title='bbox 3118 2457 3225 2529; x_wconf 77' lang='grc' dir='ltr'><em>πρὸ</em></span> <span class='ocrx_word' id='word_1_468' title='bbox 3261 2458 3480 2511; x_wconf 84' lang='grc' dir='ltr'><em>πάντων</em></span> <span class='ocrx_word' id='word_1_469' title='bbox 3514 2450 3617 2508; x_wconf 75' lang='grc' dir='ltr'><strong>οὗ·-</strong></span> 
     </span>
    </p>
   </div>
   <div class='ocr_carea' id='block_1_62' title="bbox 2026 2543 3617 2625">
    <p class='ocr_par' dir='ltr' id='par_1_62' title="bbox 2026 2543 3617 2625">
     <span class='ocr_line' id='line_1_62' title="bbox 2026 2543 3617 2625; baseline -0.005 -17"><span class='ocrx_word' id='word_1_470' title='bbox 2026 2571 2117 2618; x_wconf 88' lang='grc' dir='ltr'><strong>τος</strong></span> <span class='ocrx_word' id='word_1_471' title='bbox 2148 2554 2247 2624; x_wconf 73' lang='grc' dir='ltr'><em>τῆς</em></span> <span class='ocrx_word' id='word_1_472' title='bbox 2279 2555 2546 2625; x_wconf 82' lang='grc' dir='ltr'><em>μητρικῆς</em></span> <span class='ocrx_word' id='word_1_473' title='bbox 2576 2553 2789 2624; x_wconf 81' lang='grc' dir='ltr'><em>μήτρας</em></span> <span class='ocrx_word' id='word_1_474' title='bbox 2828 2551 3055 2622; x_wconf 75' lang='grc' dir='ltr'><em>ἔξαρχος</em></span> <span class='ocrx_word' id='word_1_475' title='bbox 3080 2550 3339 2618; x_wconf 84' lang='grc' dir='ltr'><em>γέγονεν;</em></span> <span class='ocrx_word' id='word_1_476' title='bbox 3369 2546 3462 2619; x_wconf 84' lang='grc' dir='ltr'><strong>Μὴ</strong></span> <span class='ocrx_word' id='word_1_477' title='bbox 3495 2543 3617 2619; x_wconf 79' lang='grc' dir='ltr'><em>ἄρα</em></span> 
     </span>
    </p>
   </div>
   <div class='ocr_carea' id='block_1_63' title="bbox 2027 2639 3612 2713">
    <p class='ocr_par' dir='ltr' id='par_1_63' title="bbox 2027 2639 3612 2713">
     <span class='ocr_line' id='line_1_63' title="bbox 2027 2639 3612 2713; baseline -0.004 -14"><span class='ocrx_word' id='word_1_478' title='bbox 2027 2647 2056 2699; x_wconf 91' lang='lat'><strong>6</strong></span> <span class='ocrx_word' id='word_1_479' title='bbox 2092 2645 2261 2698; x_wconf 84' lang='grc' dir='ltr'><strong>Ἦσαῦ</strong></span> <span class='ocrx_word' id='word_1_480' title='bbox 2285 2645 2458 2713; x_wconf 75' lang='grc' dir='ltr'><em>ἅγιος,</em></span> <span class='ocrx_word' id='word_1_481' title='bbox 2487 2647 2514 2698; x_wconf 85' lang='grc' dir='ltr'>ὁ</span> <span class='ocrx_word' id='word_1_482' title='bbox 2543 2644 2798 2713; x_wconf 83' lang='grc' dir='ltr'><em>πολέμιος</em></span> <span class='ocrx_word' id='word_1_483' title='bbox 2821 2644 2914 2695; x_wconf 71' lang='grc' dir='ltr'><em>καὶ</em></span> <span class='ocrx_word' id='word_1_484' title='bbox 2940 2641 3210 2713; x_wconf 79' lang='grc' dir='ltr'><em>μαχαίρας</em></span> <span class='ocrx_word' id='word_1_485' title='bbox 3243 2639 3612 2709; x_wconf 84' lang='grc' dir='ltr'><em>κληρονόμος,</em></span> 
     </span>
    </p>
   </div>
   <div class='ocr_carea' id='block_1_64' title="bbox 2032 2725 3617 2804">
    <p class='ocr_par' dir='ltr' id='par_1_64' title="bbox 2032 2725 3617 2804">
     <span class='ocr_line' id='line_1_64' title="bbox 2032 2725 3617 2804; baseline -0.005 -17"><span class='ocrx_word' id='word_1_486' title='bbox 2032 2733 2217 2804; x_wconf 76' lang='grc' dir='ltr'><em>ἐπειδὴ</em></span> <span class='ocrx_word' id='word_1_487' title='bbox 2241 2735 2334 2786; x_wconf 70' lang='grc' dir='ltr'><em>καὶ</em></span> <span class='ocrx_word' id='word_1_488' title='bbox 2354 2727 2507 2796; x_wconf 67' lang='grc' dir='ltr'><em>οὗτος</em></span> <span class='ocrx_word' id='word_1_489' title='bbox 2530 2733 2629 2801; x_wconf 78' lang='grc' dir='ltr'><em>τῆς</em></span> <span class='ocrx_word' id='word_1_490' title='bbox 2663 2731 2935 2803; x_wconf 84' lang='grc' dir='ltr'><em>μητρικῆς</em></span> <span class='ocrx_word' id='word_1_491' title='bbox 2963 2730 3153 2801; x_wconf 79' lang='grc' dir='ltr'><em>νηδύος</em></span> <span class='ocrx_word' id='word_1_492' title='bbox 3183 2728 3400 2802; x_wconf 82' lang='grc' dir='ltr'><em>πρῶτος</em></span> <span class='ocrx_word' id='word_1_493' title='bbox 3421 2725 3617 2792; x_wconf 57' lang='grc' dir='ltr'><strong>ἑξέτε-</strong></span> 
     </span>
    </p>
   </div>
   <div class='ocr_carea' id='block_1_65' title="bbox 2032 2819 3617 2895">
    <p class='ocr_par' dir='ltr' id='par_1_65' title="bbox 2032 2819 3617 2895">
     <span class='ocr_line' id='line_1_65' title="bbox 2032 2819 3617 2895; baseline -0.004 -18"><span class='ocrx_word' id='word_1_494' title='bbox 2032 2841 2151 2887; x_wconf 87' lang='grc' dir='ltr'><em>σεν;</em></span> <span class='ocrx_word' id='word_1_495' title='bbox 2172 2825 2263 2895; x_wconf 80' lang='grc' dir='ltr'><strong>Μὴ</strong></span> <span class='ocrx_word' id='word_1_496' title='bbox 2286 2819 2396 2895; x_wconf 80' lang='grc' dir='ltr'><em>ἆρα</em></span> <span class='ocrx_word' id='word_1_497' title='bbox 2421 2826 2450 2877; x_wconf 87' lang='grc' dir='ltr'>ὁ</span> <span class='ocrx_word' id='word_1_498' title='bbox 2490 2823 2685 2894; x_wconf 77' lang='grc' dir='ltr'><strong>Ῥουὸὴ</strong></span> <span class='ocrx_word' id='word_1_499' title='bbox 2695 2841 2732 2894; x_wconf 91' lang='grc' dir='ltr'><strong>μ</strong></span> <span class='ocrx_word' id='word_1_500' title='bbox 2761 2822 2935 2890; x_wconf 78' lang='grc' dir='ltr'><em>ἅγιος,</em></span> <span class='ocrx_word' id='word_1_501' title='bbox 2961 2825 2988 2874; x_wconf 91' lang='lat'><strong>6</strong></span> <span class='ocrx_word' id='word_1_502' title='bbox 3011 2822 3108 2892; x_wconf 83' lang='grc' dir='ltr'><em>τὴν</em></span> <span class='ocrx_word' id='word_1_503' title='bbox 3129 2820 3396 2892; x_wconf 85' lang='grc' dir='ltr'><em>πατρικὴν</em></span> <span class='ocrx_word' id='word_1_504' title='bbox 3417 2819 3617 2890; x_wconf 79' lang='grc' dir='ltr'><strong>κοίτην</strong></span> 
     </span>
    </p>
   </div>
   <div class='ocr_carea' id='block_1_66' title="bbox 2033 2911 3617 2985">
    <p class='ocr_par' dir='ltr' id='par_1_66' title="bbox 2033 2911 3617 2985">
     <span class='ocr_line' id='line_1_66' title="bbox 2033 2911 3617 2985; baseline -0.001 -19"><span class='ocrx_word' id='word_1_505' title='bbox 2033 2914 2279 2985; x_wconf 79' lang='grc' dir='ltr'><em>ὑϐρίσας,</em></span> <span class='ocrx_word' id='word_1_506' title='bbox 2326 2911 2422 2967; x_wconf 73' lang='grc' dir='ltr'><em>καὶ</em></span> <span class='ocrx_word' id='word_1_507' title='bbox 2468 2913 2712 2984; x_wconf 81' lang='grc' dir='ltr'><em>κατάρας</em></span> <span class='ocrx_word' id='word_1_508' title='bbox 2751 2914 3022 2982; x_wconf 80' lang='grc' dir='ltr'><em>ἀπόφασιν</em></span> <span class='ocrx_word' id='word_1_509' title='bbox 3073 2912 3360 2976; x_wconf 77' lang='grc' dir='ltr'><em>ἀναζέσας,</em></span> <span class='ocrx_word' id='word_1_510' title='bbox 3415 2911 3617 2981; x_wconf 77' lang='grc' dir='ltr'><em>ἐπειδὴ</em></span> 
     </span>
    </p>
   </div>
   <div class='ocr_carea' id='block_1_67' title="bbox 2033 3002 3620 3075">
    <p class='ocr_par' dir='ltr' id='par_1_67' title="bbox 2033 3002 3620 3075">
     <span class='ocr_line' id='line_1_67' title="bbox 2033 3002 3620 3075; baseline -0.001 -18"><span class='ocrx_word' id='word_1_511' title='bbox 2033 3006 2126 3058; x_wconf 70' lang='grc' dir='ltr'><em>καὶ</em></span> <span class='ocrx_word' id='word_1_512' title='bbox 2159 3005 2320 3068; x_wconf 76' lang='grc' dir='ltr'><em>αὑτὸς</em></span> <span class='ocrx_word' id='word_1_513' title='bbox 2359 3005 2458 3075; x_wconf 86' lang='grc' dir='ltr'><em>τῆς</em></span> <span class='ocrx_word' id='word_1_514' title='bbox 2505 3005 2800 3072; x_wconf 79' lang='grc' dir='ltr'><em>πολυγόνου</em></span> <span class='ocrx_word' id='word_1_515' title='bbox 2850 3005 3057 3068; x_wconf 81' lang='grc' dir='ltr'><em>κοιλίας</em></span> <span class='ocrx_word' id='word_1_516' title='bbox 3087 3005 3185 3075; x_wconf 81' lang='grc' dir='ltr'><em>τῆς</em></span> <span class='ocrx_word' id='word_1_517' title='bbox 3221 3004 3355 3067; x_wconf 85' lang='grc' dir='ltr'><em>Δίας</em></span> <span class='ocrx_word' id='word_1_518' title='bbox 3389 3002 3620 3074; x_wconf 86' lang='grc' dir='ltr'><em>πρῶτος</em></span> 
     </span>
    </p>
   </div>
   <div class='ocr_carea' id='block_1_68' title="bbox 2037 3089 3622 3167">
    <p class='ocr_par' dir='ltr' id='par_1_68' title="bbox 2037 3089 3622 3167">
     <span class='ocr_line' id='line_1_68' title="bbox 2037 3089 3622 3167; baseline -0.001 -18"><span class='ocrx_word' id='word_1_519' title='bbox 2037 3095 2292 3167; x_wconf 79' lang='grc' dir='ltr'><em>ὲξῆλθεν;</em></span> <span class='ocrx_word' id='word_1_520' title='bbox 2325 3096 2514 3160; x_wconf 76' lang='grc' dir='ltr'><strong>Οὐδεὶς</strong></span> <span class='ocrx_word' id='word_1_521' title='bbox 2541 3095 2745 3148; x_wconf 89' lang='grc' dir='ltr'><em>τούτων</em></span> <span class='ocrx_word' id='word_1_522' title='bbox 2774 3095 2959 3163; x_wconf 64' lang='grc' dir='ltr'><strong>ἅγιος9</strong></span> <span class='ocrx_word' id='word_1_523' title='bbox 2997 3096 3194 3158; x_wconf 86' lang='grc' dir='ltr'><em>πάντες</em></span> <span class='ocrx_word' id='word_1_524' title='bbox 3231 3095 3337 3165; x_wconf 82' lang='grc' dir='ltr'><em>γὰρ</em></span> <span class='ocrx_word' id='word_1_525' title='bbox 3373 3089 3522 3148; x_wconf 70' lang='grc' dir='ltr'><em>οὗτοι</em></span> <span class='ocrx_word' id='word_1_526' title='bbox 3555 3097 3622 3147; x_wconf 83' lang='grc' dir='ltr'><em>ὲν</em></span> 
     </span>
    </p>
   </div>
   <div class='ocr_carea' id='block_1_69' title="bbox 2037 3180 3622 3257">
    <p class='ocr_par' dir='ltr' id='par_1_69' title="bbox 2037 3180 3622 3257">
     <span class='ocr_line' id='line_1_69' title="bbox 2037 3180 3622 3257; baseline 0 -19"><span class='ocrx_word' id='word_1_527' title='bbox 2037 3186 2324 3256; x_wconf 77' lang='grc' dir='ltr'><em>ἐπιτιμίοις</em></span> <span class='ocrx_word' id='word_1_528' title='bbox 2350 3187 2482 3255; x_wconf 57' lang='grc' dir='ltr'><em>(τι).</em></span> <span class='ocrx_word' id='word_1_529' title='bbox 2532 3187 2621 3251; x_wconf 83' lang='grc' dir='ltr'><strong>Ἐξ</strong></span> <span class='ocrx_word' id='word_1_530' title='bbox 2651 3180 2725 3239; x_wconf 82' lang='grc' dir='ltr'><em>ὧν</em></span> <span class='ocrx_word' id='word_1_531' title='bbox 2755 3186 3046 3248; x_wconf 80' lang='grc' dir='ltr'><em>δείκνυται,</em></span> <span class='ocrx_word' id='word_1_532' title='bbox 3075 3187 3156 3239; x_wconf 82' lang='grc' dir='ltr'><strong>ὅτι</strong></span> <span class='ocrx_word' id='word_1_533' title='bbox 3179 3189 3258 3250; x_wconf 82' lang='grc' dir='ltr'><em>εἰς</em></span> <span class='ocrx_word' id='word_1_534' title='bbox 3283 3187 3371 3240; x_wconf 79' lang='grc' dir='ltr'><em>τὸν</em></span> <span class='ocrx_word' id='word_1_535' title='bbox 3408 3185 3622 3257; x_wconf 84' lang='grc' dir='ltr'><em>Κύριον</em></span> 
     </span>
    </p>
   </div>
   <div class='ocr_carea' id='block_1_70' title="bbox 2038 3273 3626 3345">
    <p class='ocr_par' dir='ltr' id='par_1_70' title="bbox 2038 3273 3626 3345">
     <span class='ocr_line' id='line_1_70' title="bbox 2038 3273 3626 3345; baseline 0.003 -20"><span class='ocrx_word' id='word_1_536' title='bbox 2038 3273 2195 3342; x_wconf 83' lang='grc' dir='ltr'><em>μόνον</em></span> <span class='ocrx_word' id='word_1_537' title='bbox 2222 3273 2320 3344; x_wconf 83' lang='grc' dir='ltr'><em>τὴν</em></span> <span class='ocrx_word' id='word_1_538' title='bbox 2359 3275 2632 3344; x_wconf 82' lang='grc' dir='ltr'><em>ἀναφορὰν</em></span> <span class='ocrx_word' id='word_1_539' title='bbox 2664 3275 2775 3345; x_wconf 78' lang='grc' dir='ltr'><em>ἔχει</em></span> <span class='ocrx_word' id='word_1_540' title='bbox 2810 3275 2888 3338; x_wconf 83' lang='grc' dir='ltr'><em>τὸ,</em></span> <span class='ocrx_word' id='word_1_541' title='bbox 2923 3275 3052 3330; x_wconf 82' lang='grc' dir='ltr'><em>Πᾶν</em></span> <span class='ocrx_word' id='word_1_542' title='bbox 3085 3277 3277 3344; x_wconf 69' lang='grc' dir='ltr'><em>ἄρσεν</em></span> <span class='ocrx_word' id='word_1_543' title='bbox 3305 3275 3626 3345; x_wconf 82' lang='grc' dir='ltr'><em>διανοῖγον</em></span> 
     </span>
    </p>
   </div>
   <div class='ocr_carea' id='block_1_71' title="bbox 2029 3363 3626 3436">
    <p class='ocr_par' dir='ltr' id='par_1_71' title="bbox 2029 3363 3626 3436">
     <span class='ocr_line' id='line_1_71' title="bbox 2029 3363 3626 3436; baseline 0.004 -21"><span class='ocrx_word' id='word_1_544' title='bbox 2029 3363 2286 3432; x_wconf 80' lang='grc' dir='ltr'><em>μήτραν,</em></span> <span class='ocrx_word' id='word_1_545' title='bbox 2320 3364 2489 3432; x_wconf 81' lang='grc' dir='ltr'><em>ἅγιον</em></span> <span class='ocrx_word' id='word_1_546' title='bbox 2537 3365 2616 3431; x_wconf 85' lang='grc' dir='ltr'><em>τῷ</em></span> <span class='ocrx_word' id='word_1_547' title='bbox 2664 3367 2854 3434; x_wconf 83' lang='grc' dir='ltr'><em>Κυρίῳ</em></span> <span class='ocrx_word' id='word_1_548' title='bbox 2898 3367 3286 3436; x_wconf 85' lang='grc' dir='ltr'><em>κληθήσεται,</em></span> <span class='ocrx_word' id='word_1_549' title='bbox 3340 3367 3483 3420; x_wconf 79' lang='grc' dir='ltr'><em>κατὰ</em></span> <span class='ocrx_word' id='word_1_550' title='bbox 3520 3369 3626 3422; x_wconf 78' lang='grc' dir='ltr'><em>τὸν</em></span> 
     </span>
    </p>
   </div>
   <div class='ocr_carea' id='block_1_72' title="bbox 2041 3453 3609 3530">
    <p class='ocr_par' dir='ltr' id='par_1_72' title="bbox 2041 3453 3609 3530">
     <span class='ocr_line' id='line_1_72' title="bbox 2041 3453 3609 3530; baseline 0.005 -25"><span class='ocrx_word' id='word_1_551' title='bbox 2041 3453 2283 3524; x_wconf 75' lang='grc' dir='ltr'><em>Γαϐριὴλ</em></span> <span class='ocrx_word' id='word_1_552' title='bbox 2315 3455 2406 3508; x_wconf 80' lang='grc' dir='ltr'><em>τὸν</em></span> <span class='ocrx_word' id='word_1_553' title='bbox 2444 3457 2700 3526; x_wconf 75' lang='grc' dir='ltr'><em>εἰρηκότα</em></span> <span class='ocrx_word' id='word_1_554' title='bbox 2742 3457 2875 3528; x_wconf 84' lang='grc' dir='ltr'><em>πρὸς</em></span> <span class='ocrx_word' id='word_1_555' title='bbox 2897 3459 2994 3528; x_wconf 74' lang='grc' dir='ltr'><em>τὴν</em></span> <span class='ocrx_word' id='word_1_556' title='bbox 3021 3459 3292 3530; x_wconf 82' lang='grc' dir='ltr'><em>Παρθένον</em></span> <span class='ocrx_word' id='word_1_557' title='bbox 3311 3475 3326 3489; x_wconf 79' lang='grc'><strong><em>⁸</em></strong></span> <span class='ocrx_word' id='word_1_558' title='bbox 3349 3459 3609 3528; x_wconf 78' lang='grc' dir='ltr'><em>Πνεῦμα</em></span> 
     </span>
    </p>
   </div>
   <div class='ocr_carea' id='block_1_73' title="bbox 2041 3543 3628 3618">
    <p class='ocr_par' dir='ltr' id='par_1_73' title="bbox 2041 3543 3628 3618">
     <span class='ocr_line' id='line_1_73' title="bbox 2041 3543 3628 3618; baseline 0.002 -20"><span class='ocrx_word' id='word_1_559' title='bbox 2041 3543 2215 3612; x_wconf 82' lang='grc' dir='ltr'><em>ἅγιον</em></span> <span class='ocrx_word' id='word_1_560' title='bbox 2233 3545 2622 3600; x_wconf 79' lang='grc' dir='ltr'><em>ἐπελεύσεται</em></span> <span class='ocrx_word' id='word_1_561' title='bbox 2649 3549 2747 3601; x_wconf 76' lang='grc' dir='ltr'><strong>ἐπὶ</strong></span> <span class='ocrx_word' id='word_1_562' title='bbox 2779 3548 2874 3611; x_wconf 82' lang='grc' dir='ltr'><strong>σὲ,</strong></span> <span class='ocrx_word' id='word_1_563' title='bbox 2906 3549 3004 3602; x_wconf 78' lang='grc' dir='ltr'><em>καὶ</em></span> <span class='ocrx_word' id='word_1_564' title='bbox 3037 3549 3290 3618; x_wconf 83' lang='grc' dir='ltr'><em>δύναμις</em></span> <span class='ocrx_word' id='word_1_565' title='bbox 3329 3549 3628 3616; x_wconf 75' lang='grc' dir='ltr'><em>Ὑψίστου</em></span> 
     </span>
    </p>
   </div>
   <div class='ocr_carea' id='block_1_74' title="bbox 2038 3632 3627 3709">
    <p class='ocr_par' dir='ltr' id='par_1_74' title="bbox 2038 3632 3627 3709">
     <span class='ocr_line' id='line_1_74' title="bbox 2038 3632 3627 3709; baseline 0.004 -24"><span class='ocrx_word' id='word_1_566' title='bbox 2038 3632 2376 3688; x_wconf 81' lang='grc' dir='ltr'><em>ἐπισκιάσει</em></span> <span class='ocrx_word' id='word_1_567' title='bbox 2425 3653 2555 3690; x_wconf 78' lang='grc' dir='ltr'><em>σοι’</em></span> <span class='ocrx_word' id='word_1_568' title='bbox 2606 3637 2700 3690; x_wconf 82' lang='grc' dir='ltr'><strong>διὸ</strong></span> <span class='ocrx_word' id='word_1_569' title='bbox 2734 3638 2830 3690; x_wconf 75' lang='grc' dir='ltr'><em>καὶ</em></span> <span class='ocrx_word' id='word_1_570' title='bbox 2862 3637 2930 3691; x_wconf 86' lang='grc' dir='ltr'><em>τὸ</em></span> <span class='ocrx_word' id='word_1_571' title='bbox 2980 3638 3352 3709; x_wconf 78' lang='grc' dir='ltr'><em>γεννώμενον</em></span> <span class='ocrx_word' id='word_1_572' title='bbox 3386 3639 3456 3691; x_wconf 79' lang='grc' dir='ltr'><em>ἐκ</em></span> <span class='ocrx_word' id='word_1_573' title='bbox 3494 3637 3627 3692; x_wconf 87' lang='grc' dir='ltr'><em>σοῦ</em></span> 
     </span>
    </p>
   </div>
   <div class='ocr_carea' id='block_1_75' title="bbox 2039 3721 3124 3796">
    <p class='ocr_par' dir='ltr' id='par_1_75' title="bbox 2039 3721 3124 3796">
     <span class='ocr_line' id='line_1_75' title="bbox 2039 3721 3124 3796; baseline 0.005 -19"><span class='ocrx_word' id='word_1_574' title='bbox 2039 3721 2228 3794; x_wconf 82' lang='grc' dir='ltr'><em>ἅγιον,</em></span> <span class='ocrx_word' id='word_1_575' title='bbox 2265 3726 2397 3792; x_wconf 74' lang='grc' dir='ltr'><strong>Υἱὸς</strong></span> <span class='ocrx_word' id='word_1_576' title='bbox 2427 3727 2710 3795; x_wconf 71' lang='grc' dir='ltr'><em>Ὑψίστου</em></span> <span class='ocrx_word' id='word_1_577' title='bbox 2738 3729 3124 3796; x_wconf 80' lang='grc' dir='ltr'><em>κληθήσεται.</em></span> 
     </span>
    </p>
   </div>
   <div class='ocr_carea' id='block_1_76' title="bbox 2111 3816 3626 3888">
    <p class='ocr_par' dir='ltr' id='par_1_76' title="bbox 2111 3816 3626 3888">
     <span class='ocr_line' id='line_1_76' title="bbox 2111 3816 3626 3888; baseline 0.003 -20"><span class='ocrx_word' id='word_1_578' title='bbox 2111 3816 2187 3869; x_wconf 86' lang='grc' dir='ltr'><strong>Γ’.</strong></span> <span class='ocrx_word' id='word_1_579' title='bbox 2216 3817 2371 3870; x_wconf 84' lang='grc' dir='ltr'><em>Ἐστι</em></span> <span class='ocrx_word' id='word_1_580' title='bbox 2401 3817 2457 3870; x_wconf 83' lang='grc' dir='ltr'><strong>δὲ</strong></span> <span class='ocrx_word' id='word_1_581' title='bbox 2487 3820 2700 3884; x_wconf 86' lang='grc' dir='ltr'><em>πάντως</em></span> <span class='ocrx_word' id='word_1_582' title='bbox 2726 3823 2898 3873; x_wconf 82' lang='grc' dir='ltr'><em>εἰπεῖν</em></span> <span class='ocrx_word' id='word_1_583' title='bbox 2928 3838 3048 3875; x_wconf 91' lang='grc' dir='ltr'><em>τινα</em></span> <span class='ocrx_word' id='word_1_584' title='bbox 3072 3821 3179 3874; x_wconf 87' lang='grc' dir='ltr'><em>τῶν</em></span> <span class='ocrx_word' id='word_1_585' title='bbox 3203 3819 3626 3888; x_wconf 73' lang='grc' dir='ltr'><em>ἀντιλεγόντοιν,</em></span> 
     </span>
    </p>
   </div>
   <div class='ocr_carea' id='block_1_77' title="bbox 2039 3905 3634 3980">
    <p class='ocr_par' dir='ltr' id='par_1_77' title="bbox 2039 3905 3634 3980">
     <span class='ocr_line' id='line_1_77' title="bbox 2039 3905 3634 3980; baseline 0.003 -23"><span class='ocrx_word' id='word_1_586' title='bbox 2039 3905 2142 3972; x_wconf 80' lang='grc' dir='ltr'><em>ὅτι,</em></span> <span class='ocrx_word' id='word_1_587' title='bbox 2164 3906 2228 3958; x_wconf 80' lang='lat' dir='ltr'><strong>Ei</strong></span> <span class='ocrx_word' id='word_1_588' title='bbox 2247 3907 2424 3962; x_wconf 85' lang='grc' dir='ltr'><em>τοίνυν</em></span> <span class='ocrx_word' id='word_1_589' title='bbox 2443 3908 2522 3971; x_wconf 86' lang='grc' dir='ltr'><strong>είς</strong></span> <span class='ocrx_word' id='word_1_590' title='bbox 2542 3908 2633 3960; x_wconf 83' lang='grc' dir='ltr'><em>τὸν</em></span> <span class='ocrx_word' id='word_1_591' title='bbox 2655 3908 2855 3979; x_wconf 82' lang='grc' dir='ltr'><em>Κύριον</em></span> <span class='ocrx_word' id='word_1_592' title='bbox 2874 3909 2972 3980; x_wconf 86' lang='grc' dir='ltr'><em>τὴν</em></span> <span class='ocrx_word' id='word_1_593' title='bbox 2983 3909 3256 3978; x_wconf 75' lang='grc' dir='ltr'><em>ἀναφορὰν</em></span> <span class='ocrx_word' id='word_1_594' title='bbox 3267 3907 3377 3980; x_wconf 74' lang='grc' dir='ltr'><strong>ἔχει</strong></span> <span class='ocrx_word' id='word_1_595' title='bbox 3392 3908 3473 3973; x_wconf 85' lang='grc' dir='ltr'><strong>τὺ,</strong></span> <span class='ocrx_word' id='word_1_596' title='bbox 3489 3907 3634 3964; x_wconf 85' lang='grc' dir='ltr'><strong>Πᾶν</strong></span> 
     </span>
    </p>
   </div>
   <div class='ocr_carea' id='block_1_78' title="bbox 456 4057 1937 4138">
    <p class='ocr_par' dir='ltr' id='par_1_78' title="bbox 456 4057 1937 4128">
     <span class='ocr_line' id='line_1_78' title="bbox 456 4057 1937 4128; baseline 0.001 -10"><span class='ocrx_word' id='word_1_597' title='bbox 456 4066 500 4099; x_wconf 72' lang='grc'>⁸³</span> <span class='ocrx_word' id='word_1_598' title='bbox 531 4065 661 4120; x_wconf 85' lang='lat' dir='ltr'><strong>Luc.</strong></span> <span class='ocrx_word' id='word_1_599' title='bbox 695 4080 755 4127; x_wconf 91' lang='lat' dir='ltr'><strong>ll,</strong></span> <span class='ocrx_word' id='word_1_600' title='bbox 797 4062 994 4128; x_wconf 71' lang='lat'><strong>21-23;</strong></span> <span class='ocrx_word' id='word_1_601' title='bbox 1031 4061 1196 4115; x_wconf 80' lang='lat' dir='ltr'><strong>Exod.</strong></span> <span class='ocrx_word' id='word_1_602' title='bbox 1232 4075 1353 4122; x_wconf 84' lang='lat' dir='ltr'><strong>ml,</strong></span> <span class='ocrx_word' id='word_1_603' title='bbox 1382 4058 1436 4112; x_wconf 74' lang='lat'><strong>2.</strong></span> <span class='ocrx_word' id='word_1_604' title='bbox 1511 4059 1558 4090; x_wconf 73' lang='lat'><strong>“</strong></span> <span class='ocrx_word' id='word_1_605' title='bbox 1588 4057 1724 4115; x_wconf 87' lang='lat' dir='ltr'><strong>Gen.</strong></span> <span class='ocrx_word' id='word_1_606' title='bbox 1777 4077 1830 4116; x_wconf 80' lang='lat' dir='ltr'><strong>tv</strong></span> <span class='ocrx_word' id='word_1_607' title='bbox 1853 4103 1870 4128; x_wconf 92' lang='lat'><strong>,</strong></span> <span class='ocrx_word' id='word_1_608' title='bbox 1921 4064 1937 4119; x_wconf 68' lang='grc' dir='ltr'>ξ</span> 
     </span>
    </p>
   </div>
   <div class='ocr_carea' id='block_1_79' title="bbox 2109 4057 3628 4138">
    <p class='ocr_par' dir='ltr' id='par_1_79' title="bbox 2133 4069 3628 4138">
     <span class='ocr_line' id='line_1_79' title="bbox 2133 4069 3628 4138; baseline 0.001 -14"><span class='ocrx_word' id='word_1_609' title='bbox 2133 4069 2269 4124; x_wconf 87' lang='lat' dir='ltr'><strong>Gen.</strong></span> <span class='ocrx_word' id='word_1_610' title='bbox 2301 4085 2414 4133; x_wconf 76' lang='lat' dir='ltr'><strong>xvr,</strong></span> <span class='ocrx_word' id='word_1_611' title='bbox 2453 4069 2540 4123; x_wconf 74' lang='lat' dir='ltr'><strong>l2.</strong></span> <span class='ocrx_word' id='word_1_612' title='bbox 2616 4069 2663 4102; x_wconf 79' lang='lat'><strong>“</strong></span> <span class='ocrx_word' id='word_1_613' title='bbox 2701 4070 2837 4126; x_wconf 88' lang='lat' dir='ltr'><strong>Gen.</strong></span> <span class='ocrx_word' id='word_1_614' title='bbox 2883 4087 3034 4136; x_wconf 66' lang='grc' dir='ltr'><em>λιιι,</em></span> <span class='ocrx_word' id='word_1_615' title='bbox 3067 4070 3121 4124; x_wconf 79' lang='grc'><strong>4.</strong></span> <span class='ocrx_word' id='word_1_616' title='bbox 3199 4069 3242 4102; x_wconf 70' lang='grc'>⁸⁷</span> <span class='ocrx_word' id='word_1_617' title='bbox 3270 4069 3402 4124; x_wconf 89' lang='lat' dir='ltr'><strong>Luc.</strong></span> <span class='ocrx_word' id='word_1_618' title='bbox 3449 4085 3491 4138; x_wconf 83' lang='grc' dir='ltr'><strong>ι,</strong></span> <span class='ocrx_word' id='word_1_619' title='bbox 3524 4071 3628 4128; x_wconf 79' lang='lat'><strong>55.</strong></span> 
     </span>
    </p>
   </div>
   <div class='ocr_carea' id='block_1_80' title="bbox 375 4222 1928 4299">
    <p class='ocr_par' dir='ltr' id='par_1_80' title="bbox 375 4222 1928 4299">
     <span class='ocr_line' id='line_1_80' title="bbox 375 4222 1928 4299; baseline -0.006 -15"><span class='ocrx_word' id='word_1_620' title='bbox 375 4232 516 4299; x_wconf 86' lang='lat' dir='ltr'><strong>quod</strong></span> <span class='ocrx_word' id='word_1_621' title='bbox 538 4227 832 4297; x_wconf 83' lang='lat' dir='ltr'><strong>requiritur</strong></span> <span class='ocrx_word' id='word_1_622' title='bbox 852 4234 910 4299; x_wconf 84' lang='lat' dir='ltr'><strong>ut</strong></span> <span class='ocrx_word' id='word_1_623' title='bbox 932 4225 1085 4299; x_wconf 74' lang='lat' dir='ltr'><strong>salva</strong></span> <span class='ocrx_word' id='word_1_624' title='bbox 1107 4223 1219 4299; x_wconf 73' lang='lat' dir='ltr'><strong>sint</strong></span> <span class='ocrx_word' id='word_1_625' title='bbox 1241 4222 1752 4299; x_wconf 43' lang='lat' dir='ltr'><strong>virginea-claustra,</strong></span> <span class='ocrx_word' id='word_1_626' title='bbox 1786 4222 1928 4299; x_wconf 82' lang='lat' dir='ltr'><strong>nulla</strong></span> 
     </span>
    </p>
   </div>
   <div class='ocr_carea' id='block_1_81' title="bbox 376 4291 1931 4368">
    <p class='ocr_par' dir='ltr' id='par_1_81' title="bbox 376 4291 1931 4368">
     <span class='ocr_line' id='line_1_81' title="bbox 376 4291 1931 4368; baseline -0.007 -13"><span class='ocrx_word' id='word_1_627' title='bbox 376 4291 475 4356; x_wconf 74' lang='lat' dir='ltr'><strong>fuit</strong></span> <span class='ocrx_word' id='word_1_628' title='bbox 508 4291 712 4368; x_wconf 79' lang='lat' dir='ltr'><strong>apertio</strong></span> <span class='ocrx_word' id='word_1_629' title='bbox 737 4315 749 4350; x_wconf 90' lang='lat'><strong>:</strong></span> <span class='ocrx_word' id='word_1_630' title='bbox 785 4295 930 4368; x_wconf 72' lang='grc' dir='ltr'><em>πρὸς</em></span> <span class='ocrx_word' id='word_1_631' title='bbox 955 4294 1010 4347; x_wconf 81' lang='grc' dir='ltr'><strong>δὲ</strong></span> <span class='ocrx_word' id='word_1_632' title='bbox 1037 4293 1135 4363; x_wconf 83' lang='grc' dir='ltr'><em>τὴν</em></span> <span class='ocrx_word' id='word_1_633' title='bbox 1164 4292 1391 4368; x_wconf 66' lang='grc' dir='ltr'><em>δύναμιν</em></span> <span class='ocrx_word' id='word_1_634' title='bbox 1413 4291 1504 4368; x_wconf 79' lang='grc' dir='ltr'><em>τοῦ</em></span> <span class='ocrx_word' id='word_1_635' title='bbox 1529 4291 1809 4368; x_wconf 72' lang='grc' dir='ltr'><em>τεχθέντος</em></span> <span class='ocrx_word' id='word_1_636' title='bbox 1836 4294 1931 4344; x_wconf 86' lang='grc' dir='ltr'><strong>Δε-</strong></span> 
     </span>
    </p>
   </div>
   <div class='ocr_carea' id='block_1_82' title="bbox 2107 4222 3635 4299">
    <p class='ocr_par' dir='ltr' id='par_1_82' title="bbox 2107 4222 3635 4299">
     <span class='ocr_line' id='line_1_82' title="bbox 2107 4222 3635 4299; baseline 0.005 -21"><span class='ocrx_word' id='word_1_637' title='bbox 2107 4226 2218 4296; x_wconf 70' lang='lat'><strong>(22)</strong></span> <span class='ocrx_word' id='word_1_638' title='bbox 2252 4225 2622 4299; x_wconf 16' lang='grc' dir='ltr'><em>Πάντεςνγὰρ</em></span> <span class='ocrx_word' id='word_1_639' title='bbox 2661 4222 2826 4283; x_wconf 85' lang='grc' dir='ltr'><em>οὗτοι</em></span> <span class='ocrx_word' id='word_1_640' title='bbox 2865 4229 2936 4282; x_wconf 83' lang='grc' dir='ltr'><em>ἐν</em></span> <span class='ocrx_word' id='word_1_641' title='bbox 2970 4228 3305 4299; x_wconf 78' lang='grc' dir='ltr'><em>ἐπιτιμίοις.</em></span> <span class='ocrx_word' id='word_1_642' title='bbox 3351 4230 3474 4285; x_wconf 86' lang='lat' dir='ltr'><strong>Sola</strong></span> <span class='ocrx_word' id='word_1_643' title='bbox 3517 4231 3635 4285; x_wconf 80' lang='lat' dir='ltr'><strong>im-</strong></span> 
     </span>
    </p>
   </div>
   <div class='ocr_carea' id='block_1_83' title="bbox 2038 4297 3633 4365">
    <p class='ocr_par' dir='ltr' id='par_1_83' title="bbox 2038 4297 3633 4365">
     <span class='ocr_line' id='line_1_83' title="bbox 2038 4297 3633 4365; baseline 0.003 -18"><span class='ocrx_word' id='word_1_644' title='bbox 2038 4312 2219 4365; x_wconf 88' lang='lat' dir='ltr'><strong>pressa</strong></span> <span class='ocrx_word' id='word_1_645' title='bbox 2257 4299 2341 4350; x_wconf 91' lang='lat' dir='ltr'><strong>hic</strong></span> <span class='ocrx_word' id='word_1_646' title='bbox 2369 4297 2576 4362; x_wconf 75' lang='lat' dir='ltr'><strong>mutila,</strong></span> <span class='ocrx_word' id='word_1_647' title='bbox 2605 4303 2907 4353; x_wconf 83' lang='lat' dir='ltr'><strong>necessaria</strong></span> <span class='ocrx_word' id='word_1_648' title='bbox 2943 4302 3042 4352; x_wconf 87' lang='lat' dir='ltr'><strong>ista</strong></span> <span class='ocrx_word' id='word_1_649' title='bbox 3069 4297 3445 4354; x_wconf 72' lang='lat' dir='ltr'><strong>cuntinuandae</strong></span> <span class='ocrx_word' id='word_1_650' title='bbox 3489 4318 3633 4354; x_wconf 80' lang='lat' dir='ltr'><strong>orn-</strong></span> 
     </span>
    </p>
   </div>
   <div class='ocr_carea' id='block_1_84' title="bbox 379 4362 3630 4452">
    <p class='ocr_par' dir='ltr' id='par_1_84' title="bbox 379 4362 3630 4452">
     <span class='ocr_line' id='line_1_84' title="bbox 379 4362 3630 4452; baseline -0.001 0"><span class='ocrx_word' id='word_1_651' title='bbox 379 4362 775 4452; x_wconf 45' lang='lat' dir='ltr'><strong>cretei-eia?&quot;</strong></span> <span class='ocrx_word' id='word_1_652' title='bbox 801 4362 1244 4452; x_wconf 53' lang='grc' dir='ltr'><strong>,ἓέκλεεῗτῗέἲηῖίξδ</strong></span> <span class='ocrx_word' id='word_1_653' title='bbox 1290 4362 1928 4452; x_wconf 54' lang='grc' dir='ltr'><strong>ἕνρὲξιέκ¹ξὲλύίξηνυτη</strong></span> <span class='ocrx_word' id='word_1_654' title='bbox 1963 4443 1998 4452; x_wconf 82' lang='lat'><em>_</em></span> <span class='ocrx_word' id='word_1_655' title='bbox 2037 4362 2166 4447; x_wconf 60' lang='lat' dir='ltr'><strong>Imm</strong></span> <span class='ocrx_word' id='word_1_656' title='bbox 2201 4367 2540 4452; x_wconf 67' lang='grc' dir='ltr'><em>,ἀθείιιετεξῑιιο</em></span> <span class='ocrx_word' id='word_1_657' title='bbox 2591 4368 3090 4452; x_wconf 59' lang='grc' dir='ltr'><em>ιθειιθτειειιιωηηι</em></span> <span class='ocrx_word' id='word_1_658' title='bbox 3115 4384 3211 4423; x_wconf 76' lang='grc' dir='ltr'><em>οθιι</em></span> <span class='ocrx_word' id='word_1_659' title='bbox 3241 4373 3314 4424; x_wconf 71' lang='lat' dir='ltr'><strong>rei</strong></span> <span class='ocrx_word' id='word_1_660' title='bbox 3341 4413 3357 4436; x_wconf 72' lang='grc' dir='ltr'><strong>ν</strong></span> <span class='ocrx_word' id='word_1_661' title='bbox 3389 4387 3526 4438; x_wconf 64' lang='grc' dir='ltr'><strong>ηυδε</strong></span> <span class='ocrx_word' id='word_1_662' title='bbox 3563 4382 3630 4426; x_wconf 73' lang='grc' dir='ltr'><strong>ει</strong></span> 
     </span>
    </p>
   </div>
   <div class='ocr_carea' id='block_1_85' title="bbox 376 4433 3632 4509">
    <p class='ocr_par' dir='ltr' id='par_1_85' title="bbox 376 4433 3632 4509">
     <span class='ocr_line' id='line_1_85' title="bbox 376 4433 3632 4509; baseline -0.001 -13"><span class='ocrx_word' id='word_1_663' title='bbox 376 4441 544 4496; x_wconf 79' lang='lat' dir='ltr'><strong>exivit</strong></span> <span class='ocrx_word' id='word_1_664' title='bbox 568 4439 766 4490; x_wconf 84' lang='lat' dir='ltr'><strong>virtute</strong></span> <span class='ocrx_word' id='word_1_665' title='bbox 801 4437 887 4489; x_wconf 87' lang='lat' dir='ltr'><strong>illa</strong></span> <span class='ocrx_word' id='word_1_666' title='bbox 932 4450 1026 4488; x_wconf 88' lang='lat' dir='ltr'><strong>sua</strong></span> <span class='ocrx_word' id='word_1_667' title='bbox 1058 4435 1258 4509; x_wconf 81' lang='lat' dir='ltr'><strong>divina,</strong></span> <span class='ocrx_word' id='word_1_668' title='bbox 1284 4433 1535 4485; x_wconf 83' lang='lat' dir='ltr'><strong>claustris</strong></span> <span class='ocrx_word' id='word_1_669' title='bbox 1577 4433 1824 4500; x_wconf 81' lang='lat' dir='ltr'><strong>integris,</strong></span> <span class='ocrx_word' id='word_1_670' title='bbox 1868 4449 1929 4485; x_wconf 83' lang='lat' dir='ltr'><strong>ac</strong></span> <span class='ocrx_word' id='word_1_671' title='bbox 1962 4443 2006 4498; x_wconf 80' lang='grc' dir='ltr'><em>ι)</em></span> <span class='ocrx_word' id='word_1_672' title='bbox 2035 4437 2178 4509; x_wconf 77' lang='lat' dir='ltr'><strong>ipsas</strong></span> <span class='ocrx_word' id='word_1_673' title='bbox 2201 4437 2507 4509; x_wconf 73' lang='lat' dir='ltr'><strong>in_singt_tlis</strong></span> <span class='ocrx_word' id='word_1_674' title='bbox 2536 4437 2679 4490; x_wconf 79' lang='lat' dir='ltr'><strong>Velut</strong></span> <span class='ocrx_word' id='word_1_675' title='bbox 2703 4433 3028 4509; x_wconf 75' lang='lat' dir='ltr'><strong>subindicat.</strong></span> <span class='ocrx_word' id='word_1_676' title='bbox 3071 4439 3127 4493; x_wconf 89' lang='lat' dir='ltr'><strong>In</strong></span> <span class='ocrx_word' id='word_1_677' title='bbox 3155 4433 3496 4509; x_wconf 36' lang='lat' dir='ltr'><strong>Caiino&#39;ergo</strong></span> <span class='ocrx_word' id='word_1_678' title='bbox 3529 4445 3632 4508; x_wconf 81' lang='grc' dir='ltr'><em>τὸ,</em></span> 
     </span>
    </p>
   </div>
   <div class='ocr_carea' id='block_1_86' title="bbox 378 4505 1931 4572">
    <p class='ocr_par' dir='ltr' id='par_1_86' title="bbox 378 4505 1931 4572">
     <span class='ocr_line' id='line_1_86' title="bbox 378 4505 1931 4572; baseline -0.007 -7"><span class='ocrx_word' id='word_1_679' title='bbox 378 4512 423 4565; x_wconf 88' lang='lat' dir='ltr'><strong>si</strong></span> <span class='ocrx_word' id='word_1_680' title='bbox 467 4509 554 4563; x_wconf 88' lang='lat' dir='ltr'><strong>illa</strong></span> <span class='ocrx_word' id='word_1_681' title='bbox 591 4517 826 4561; x_wconf 88' lang='lat' dir='ltr'><strong>reserata</strong></span> <span class='ocrx_word' id='word_1_682' title='bbox 853 4513 1064 4566; x_wconf 88' lang='lat' dir='ltr'><strong>essent,</strong></span> <span class='ocrx_word' id='word_1_683' title='bbox 1113 4505 1204 4572; x_wconf 88' lang='lat' dir='ltr'><strong>qui</strong></span> <span class='ocrx_word' id='word_1_684' title='bbox 1243 4516 1404 4569; x_wconf 91' lang='lat' dir='ltr'><strong>supra</strong></span> <span class='ocrx_word' id='word_1_685' title='bbox 1446 4510 1698 4572; x_wconf 62' lang='lat' dir='ltr'><strong>naturam</strong></span> <span class='ocrx_word' id='word_1_686' title='bbox 1737 4513 1931 4554; x_wconf 88' lang='lat' dir='ltr'><strong>natura</strong></span> 
     </span>
    </p>
   </div>
   <div class='ocr_carea' id='block_1_87' title="bbox 367 4569 1934 4643">
    <p class='ocr_par' dir='ltr' id='par_1_87' title="bbox 367 4569 1934 4643">
     <span class='ocr_line' id='line_1_87' title="bbox 367 4569 1934 4643; baseline -0.006 -9"><span class='ocrx_word' id='word_1_687' title='bbox 367 4581 566 4643; x_wconf 80' lang='lat' dir='ltr'><strong>utitur,</strong></span> <span class='ocrx_word' id='word_1_688' title='bbox 599 4585 655 4630; x_wconf 88' lang='lat' dir='ltr'><strong>et</strong></span> <span class='ocrx_word' id='word_1_689' title='bbox 685 4577 749 4629; x_wconf 89' lang='lat' dir='ltr'><strong>ad</strong></span> <span class='ocrx_word' id='word_1_690' title='bbox 783 4585 968 4629; x_wconf 91' lang='lat' dir='ltr'><strong>nutum</strong></span> <span class='ocrx_word' id='word_1_691' title='bbox 999 4574 1097 4627; x_wconf 84' lang='lat' dir='ltr'><strong>sibi</strong></span> <span class='ocrx_word' id='word_1_692' title='bbox 1124 4569 1302 4643; x_wconf 78' lang='lat' dir='ltr'><strong>omnia</strong></span> <span class='ocrx_word' id='word_1_693' title='bbox 1337 4571 1571 4643; x_wconf 82' lang='lat' dir='ltr'><strong>subjicit.</strong></span> <span class='ocrx_word' id='word_1_694' title='bbox 1604 4569 1781 4643; x_wconf 80' lang='lat' dir='ltr'><strong>Exivit</strong></span> <span class='ocrx_word' id='word_1_695' title='bbox 1805 4585 1934 4639; x_wconf 79' lang='lat' dir='ltr'><strong>ergo</strong></span> 
     </span>
    </p>
   </div>
   <div class='ocr_carea' id='block_1_88' title="bbox 379 4639 1932 4714">
    <p class='ocr_par' dir='ltr' id='par_1_88' title="bbox 379 4639 1932 4714">
     <span class='ocr_line' id='line_1_88' title="bbox 379 4639 1932 4714; baseline -0.008 -10"><span class='ocrx_word' id='word_1_696' title='bbox 379 4653 532 4704; x_wconf 82' lang='lat' dir='ltr'><strong>vulva</strong></span> <span class='ocrx_word' id='word_1_697' title='bbox 552 4639 675 4700; x_wconf 65' lang='grc' dir='ltr'><em>ἰιοη</em></span> <span class='ocrx_word' id='word_1_698' title='bbox 705 4655 885 4714; x_wconf 87' lang='lat' dir='ltr'><strong>aperta</strong></span> <span class='ocrx_word' id='word_1_699' title='bbox 906 4685 921 4708; x_wconf 96' lang='lat'><strong>,</strong></span> <span class='ocrx_word' id='word_1_700' title='bbox 949 4658 1108 4712; x_wconf 83' lang='lat' dir='ltr'><strong>quam</strong></span> <span class='ocrx_word' id='word_1_701' title='bbox 1150 4642 1250 4696; x_wconf 89' lang='lat' dir='ltr'><strong>sibi</strong></span> <span class='ocrx_word' id='word_1_702' title='bbox 1280 4642 1394 4709; x_wconf 91' lang='lat' dir='ltr'><strong>ipse</strong></span> <span class='ocrx_word' id='word_1_703' title='bbox 1437 4641 1502 4692; x_wconf 87' lang='lat' dir='ltr'><strong>ad</strong></span> <span class='ocrx_word' id='word_1_704' title='bbox 1533 4639 1932 4714; x_wconf 84' lang='lat' dir='ltr'><strong>it_n_utaculatutu</strong></span> 
     </span>
    </p>
   </div>
   <div class='ocr_carea' id='block_1_89' title="bbox 379 4710 1936 4788">
    <p class='ocr_par' dir='ltr' id='par_1_89' title="bbox 379 4710 1936 4788">
     <span class='ocr_line' id='line_1_89' title="bbox 379 4710 1936 4788; baseline -0.003 -20"><span class='ocrx_word' id='word_1_705' title='bbox 379 4710 848 4788; x_wconf 74' lang='lat' dir='ltr'><strong>partuuraperuit.</strong></span> <span class='ocrx_word' id='word_1_706' title='bbox 887 4710 981 4788; x_wconf 68' lang='lat' dir='ltr'><strong>Est</strong></span> <span class='ocrx_word' id='word_1_707' title='bbox 1002 4715 1113 4765; x_wconf 82' lang='lat' dir='ltr'><strong>lnec</strong></span> <span class='ocrx_word' id='word_1_708' title='bbox 1146 4713 1398 4788; x_wconf 69' lang='lat' dir='ltr'><strong>qtnrstio,</strong></span> <span class='ocrx_word' id='word_1_709' title='bbox 1429 4725 1522 4788; x_wconf 75' lang='lat' dir='ltr'><strong>ceu</strong></span> <span class='ocrx_word' id='word_1_710' title='bbox 1565 4710 1689 4788; x_wconf 68' lang='lat' dir='ltr'><strong>hinc</strong></span> <span class='ocrx_word' id='word_1_711' title='bbox 1716 4722 1936 4788; x_wconf 74' lang='lat' dir='ltr'><strong>accepta</strong></span> 
     </span>
    </p>
   </div>
   <div class='ocr_carea' id='block_1_90' title="bbox 380 4779 1934 4859">
    <p class='ocr_par' dir='ltr' id='par_1_90' title="bbox 380 4779 1934 4859">
     <span class='ocr_line' id='line_1_90' title="bbox 380 4779 1934 4859; baseline -0.006 -18"><span class='ocrx_word' id='word_1_712' title='bbox 380 4779 567 4859; x_wconf 73' lang='lat' dir='ltr'><strong>grandi</strong></span> <span class='ocrx_word' id='word_1_713' title='bbox 597 4779 912 4859; x_wconf 77' lang='lat' dir='ltr'><strong>fragmento,</strong></span> <span class='ocrx_word' id='word_1_714' title='bbox 953 4784 1090 4859; x_wconf 76' lang='lat' dir='ltr'><strong>inter</strong></span> <span class='ocrx_word' id='word_1_715' title='bbox 1114 4779 1438 4859; x_wconf 64' lang='lat' dir='ltr'><strong>collectanea</strong></span> <span class='ocrx_word' id='word_1_716' title='bbox 1466 4779 1702 4842; x_wconf 76' lang='lat' dir='ltr'><strong>Maximi,</strong></span> <span class='ocrx_word' id='word_1_717' title='bbox 1739 4781 1934 4833; x_wconf 87' lang='lat' dir='ltr'><strong>dubio-</strong></span> 
     </span>
    </p>
   </div>
   <div class='ocr_carea' id='block_1_91' title="bbox 383 4849 1424 4923">
    <p class='ocr_par' dir='ltr' id='par_1_91' title="bbox 383 4849 1424 4923">
     <span class='ocr_line' id='line_1_91' title="bbox 383 4849 1424 4923; baseline -0.011 -11"><span class='ocrx_word' id='word_1_718' title='bbox 383 4849 498 4912; x_wconf 60' lang='lat' dir='ltr'><strong>rum</strong></span> <span class='ocrx_word' id='word_1_719' title='bbox 527 4859 580 4908; x_wconf 94' lang='lat' dir='ltr'><strong>in</strong></span> <span class='ocrx_word' id='word_1_720' title='bbox 612 4849 932 4923; x_wconf 64' lang='lat' dir='ltr'><strong>scripturam</strong></span> <span class='ocrx_word' id='word_1_721' title='bbox 965 4853 1164 4905; x_wconf 77' lang='lat' dir='ltr'><strong>Codicis</strong></span> <span class='ocrx_word' id='word_1_722' title='bbox 1194 4849 1424 4923; x_wconf 67' lang='lat' dir='ltr'><strong>Tltuani.</strong></span> 
     </span>
    </p>
   </div>
   <div class='ocr_carea' id='block_1_92' title="bbox 452 4920 1427 4996">
    <p class='ocr_par' dir='ltr' id='par_1_92' title="bbox 452 4920 1427 4996">
     <span class='ocr_line' id='line_1_92' title="bbox 452 4920 1427 4996; baseline -0.009 -17"><span class='ocrx_word' id='word_1_723' title='bbox 452 4927 564 4996; x_wconf 73' lang='lat'><strong>(20)</strong></span> <span class='ocrx_word' id='word_1_724' title='bbox 616 4920 987 4996; x_wconf 57' lang='grc' dir='ltr'><strong>Ἁφριίστιιις.Δ</strong></span> <span class='ocrx_word' id='word_1_725' title='bbox 1119 4920 1427 4996; x_wconf 67' lang='grc' dir='ltr'><strong>ε’κρθιξιρτιυςΣ</strong></span> 
     </span>
    </p>
   </div>
   <div class='ocr_carea' id='block_1_93' title="bbox 452 4985 1934 5068">
    <p class='ocr_par' dir='ltr' id='par_1_93' title="bbox 452 4985 1934 5068">
     <span class='ocr_line' id='line_1_93' title="bbox 452 4985 1934 5068; baseline 0.009 -30"><span class='ocrx_word' id='word_1_726' title='bbox 452 4985 564 5068; x_wconf 65' lang='lat'><strong>(21&#39;;</strong></span> <span class='ocrx_word' id='word_1_727' title='bbox 633 4985 818 5068; x_wconf 58' lang='grc' dir='ltr'><strong>’ῤ’ῥν</strong></span> <span class='ocrx_word' id='word_1_728' title='bbox 871 4985 1353 5068; x_wconf 36' lang='grc' dir='ltr'><strong>,βέϐηλοι-η’τιςτὸ</strong></span> <span class='ocrx_word' id='word_1_729' title='bbox 1405 4985 1533 5068; x_wconf 47' lang='grc' dir='ltr'><strong>ζῇν-</strong></span> <span class='ocrx_word' id='word_1_730' title='bbox 1572 4985 1934 5068; x_wconf 36' lang='grc' dir='ltr'><em>ἁπορρκιζξαςι</em></span> 
     </span>
    </p>
   </div>
   <div class='ocr_carea' id='block_1_94' title="bbox 381 5057 1940 5134">
    <p class='ocr_par' dir='ltr' id='par_1_94' title="bbox 381 5057 1940 5134">
     <span class='ocr_line' id='line_1_94' title="bbox 381 5057 1940 5134; baseline -0.006 -13"><span class='ocrx_word' id='word_1_731' title='bbox 381 5057 582 5134; x_wconf 67' lang='lat' dir='ltr'><strong>Nempe</strong></span> <span class='ocrx_word' id='word_1_732' title='bbox 610 5067 717 5119; x_wconf 85' lang='lat' dir='ltr'><strong>vita</strong></span> <span class='ocrx_word' id='word_1_733' title='bbox 759 5065 942 5134; x_wconf 83' lang='lat' dir='ltr'><strong>fratris</strong></span> <span class='ocrx_word' id='word_1_734' title='bbox 991 5057 1168 5134; x_wconf 84' lang='lat' dir='ltr'><strong>quam</strong></span> <span class='ocrx_word' id='word_1_735' title='bbox 1203 5057 1603 5134; x_wconf 84' lang='lat' dir='ltr'><strong>abrumpendo,</strong></span> <span class='ocrx_word' id='word_1_736' title='bbox 1645 5057 1710 5134; x_wconf 64' lang='grc' dir='ltr'><strong>τὸ</strong></span> <span class='ocrx_word' id='word_1_737' title='bbox 1748 5057 1940 5134; x_wconf 34' lang='grc' dir='ltr'><em>ζῇν-οι</em></span> 
     </span>
    </p>
   </div>
   <div class='ocr_carea' id='block_1_95' title="bbox 382 5124 1939 5199">
    <p class='ocr_par' dir='ltr' id='par_1_95' title="bbox 382 5124 1939 5199">
     <span class='ocr_line' id='line_1_95' title="bbox 382 5124 1939 5199; baseline -0.004 -11"><span class='ocrx_word' id='word_1_738' title='bbox 382 5124 546 5190; x_wconf 72' lang='lat' dir='ltr'><strong>vitam</strong></span> <span class='ocrx_word' id='word_1_739' title='bbox 593 5134 834 5188; x_wconf 87' lang='lat' dir='ltr'><strong>absolute</strong></span> <span class='ocrx_word' id='word_1_740' title='bbox 875 5124 1117 5199; x_wconf 75' lang='lat' dir='ltr'><strong>abrupit;</strong></span> <span class='ocrx_word' id='word_1_741' title='bbox 1169 5131 1590 5199; x_wconf 75' lang='lat' dir='ltr'><strong>prima__t_uorte,</strong></span> <span class='ocrx_word' id='word_1_742' title='bbox 1625 5124 1939 5199; x_wconf 17' lang='lat' dir='ltr'><strong>‘fratrt&#39;cidio</strong></span> 
     </span>
    </p>
   </div>
   <div class='ocr_carea' id='block_1_96' title="bbox 384 5195 1940 5265">
    <p class='ocr_par' dir='ltr' id='par_1_96' title="bbox 384 5195 1940 5265">
     <span class='ocr_line' id='line_1_96' title="bbox 384 5195 1940 5265; baseline -0.006 -5"><span class='ocrx_word' id='word_1_743' title='bbox 384 5210 593 5260; x_wconf 84' lang='lat' dir='ltr'><strong>invecta</strong></span> <span class='ocrx_word' id='word_1_744' title='bbox 620 5205 838 5257; x_wconf 86' lang='lat' dir='ltr'><strong>mundo.</strong></span> <span class='ocrx_word' id='word_1_745' title='bbox 875 5195 1025 5254; x_wconf 81' lang='lat' dir='ltr'><strong>Sicut</strong></span> <span class='ocrx_word' id='word_1_746' title='bbox 1057 5195 1201 5254; x_wconf 80' lang='lat' dir='ltr'><strong>enim</strong></span> <span class='ocrx_word' id='word_1_747' title='bbox 1236 5200 1286 5252; x_wconf 95' lang='lat' dir='ltr'><strong>in</strong></span> <span class='ocrx_word' id='word_1_748' title='bbox 1313 5197 1434 5250; x_wconf 87' lang='lat' dir='ltr'><strong>aliis</strong></span> <span class='ocrx_word' id='word_1_749' title='bbox 1458 5195 1730 5265; x_wconf 91' lang='lat' dir='ltr'><strong>proprium</strong></span> <span class='ocrx_word' id='word_1_750' title='bbox 1758 5197 1940 5264; x_wconf 88' lang='lat' dir='ltr'><strong>cujus-</strong></span> 
     </span>
    </p>
   </div>
   <div class='ocr_carea' id='block_1_97' title="bbox 382 5267 1938 5346">
    <p class='ocr_par' dir='ltr' id='par_1_97' title="bbox 382 5267 1938 5346">
     <span class='ocr_line' id='line_1_97' title="bbox 382 5267 1938 5346; baseline -0.005 -20"><span class='ocrx_word' id='word_1_751' title='bbox 382 5293 487 5346; x_wconf 88' lang='lat' dir='ltr'><strong>que</strong></span> <span class='ocrx_word' id='word_1_752' title='bbox 526 5275 728 5346; x_wconf 88' lang='lat' dir='ltr'><strong>crimen</strong></span> <span class='ocrx_word' id='word_1_753' title='bbox 775 5271 972 5334; x_wconf 86' lang='lat' dir='ltr'><strong>refert,</strong></span> <span class='ocrx_word' id='word_1_754' title='bbox 1021 5269 1169 5346; x_wconf 80' lang='lat' dir='ltr'><strong>eujus</strong></span> <span class='ocrx_word' id='word_1_755' title='bbox 1193 5268 1520 5346; x_wconf 79' lang='lat' dir='ltr'><strong>_causa,_etsi</strong></span> <span class='ocrx_word' id='word_1_756' title='bbox 1554 5267 1938 5346; x_wconf 69' lang='lat' dir='ltr'><strong>primogenitns</strong></span> 
     </span>
    </p>
   </div>
   <div class='ocr_carea' id='block_1_98' title="bbox 384 5334 1938 5404">
    <p class='ocr_par' dir='ltr' id='par_1_98' title="bbox 384 5334 1938 5404">
     <span class='ocr_line' id='line_1_98' title="bbox 384 5334 1938 5404; baseline -0.008 -4"><span class='ocrx_word' id='word_1_757' title='bbox 384 5334 488 5400; x_wconf 76' lang='lat' dir='ltr'><strong>non</strong></span> <span class='ocrx_word' id='word_1_758' title='bbox 513 5345 582 5398; x_wconf 90' lang='lat' dir='ltr'><strong>sit</strong></span> <span class='ocrx_word' id='word_1_759' title='bbox 612 5359 734 5398; x_wconf 85' lang='lat' dir='ltr'><strong>vere</strong></span> <span class='ocrx_word' id='word_1_760' title='bbox 758 5351 996 5404; x_wconf 82' lang='lat' dir='ltr'><strong>sanctus,</strong></span> <span class='ocrx_word' id='word_1_761' title='bbox 1026 5334 1097 5392; x_wconf 85' lang='lat' dir='ltr'><strong>ita</strong></span> <span class='ocrx_word' id='word_1_762' title='bbox 1125 5339 1307 5392; x_wconf 86' lang='lat' dir='ltr'><strong>debuit</strong></span> <span class='ocrx_word' id='word_1_763' title='bbox 1335 5336 1536 5390; x_wconf 88' lang='lat' dir='ltr'><strong>referre</strong></span> <span class='ocrx_word' id='word_1_764' title='bbox 1564 5334 1716 5389; x_wconf 84' lang='lat' dir='ltr'><strong>Caini</strong></span> <span class='ocrx_word' id='word_1_765' title='bbox 1741 5334 1762 5389; x_wconf 58' lang='lat'><strong>&#39;:</strong></span> <span class='ocrx_word' id='word_1_766' title='bbox 1798 5337 1938 5404; x_wconf 88' lang='lat' dir='ltr'><strong>quod</strong></span> 
     </span>
    </p>
   </div>
   <div class='ocr_carea' id='block_1_99' title="bbox 383 5405 1940 5474">
    <p class='ocr_par' dir='ltr' id='par_1_99' title="bbox 383 5405 1940 5474">
     <span class='ocr_line' id='line_1_99' title="bbox 383 5405 1940 5474; baseline -0.007 -4"><span class='ocrx_word' id='word_1_767' title='bbox 383 5423 596 5470; x_wconf 89' lang='lat' dir='ltr'><strong>constat</strong></span> <span class='ocrx_word' id='word_1_768' title='bbox 638 5427 756 5467; x_wconf 86' lang='lat' dir='ltr'><strong>esse</strong></span> <span class='ocrx_word' id='word_1_769' title='bbox 791 5411 1082 5465; x_wconf 88' lang='lat' dir='ltr'><strong>fraternam</strong></span> <span class='ocrx_word' id='word_1_770' title='bbox 1107 5409 1303 5463; x_wconf 60' lang='lat' dir='ltr'><strong>caedem</strong></span> <span class='ocrx_word' id='word_1_771' title='bbox 1324 5445 1339 5470; x_wconf 88' lang='lat'><strong>,</strong></span> <span class='ocrx_word' id='word_1_772' title='bbox 1369 5421 1474 5474; x_wconf 80' lang='lat' dir='ltr'><strong>non</strong></span> <span class='ocrx_word' id='word_1_773' title='bbox 1507 5407 1648 5474; x_wconf 87' lang='lat' dir='ltr'><strong>quod</strong></span> <span class='ocrx_word' id='word_1_774' title='bbox 1689 5405 1940 5459; x_wconf 87' lang='lat' dir='ltr'><strong>sitnatus</strong></span> 
     </span>
    </p>
   </div>
   <div class='ocr_carea' id='block_1_100' title="bbox 384 5473 1938 5554">
    <p class='ocr_par' dir='ltr' id='par_1_100' title="bbox 384 5473 1938 5554">
     <span class='ocr_line' id='line_1_100' title="bbox 384 5473 1938 5554; baseline -0.008 -15"><span class='ocrx_word' id='word_1_775' title='bbox 384 5484 440 5554; x_wconf 87' lang='lat' dir='ltr'><strong>in</strong></span> <span class='ocrx_word' id='word_1_776' title='bbox 470 5493 690 5554; x_wconf 88' lang='lat' dir='ltr'><strong>peccato</strong></span> <span class='ocrx_word' id='word_1_777' title='bbox 710 5481 976 5554; x_wconf 84' lang='lat' dir='ltr'><strong>originali,</strong></span> <span class='ocrx_word' id='word_1_778' title='bbox 999 5493 1132 5554; x_wconf 85' lang='lat' dir='ltr'><strong>_qu_o_</strong></span> <span class='ocrx_word' id='word_1_779' title='bbox 1155 5478 1284 5532; x_wconf 91' lang='lat' dir='ltr'><strong>nihil</strong></span> <span class='ocrx_word' id='word_1_780' title='bbox 1310 5473 1486 5554; x_wconf 75' lang='lat' dir='ltr'><strong>diﬂ&#39;ert</strong></span> <span class='ocrx_word' id='word_1_781' title='bbox 1508 5473 1539 5527; x_wconf 63' lang='grc' dir='ltr'><em>τι</em></span> <span class='ocrx_word' id='word_1_782' title='bbox 1564 5475 1938 5554; x_wconf 85' lang='lat' dir='ltr'><strong>sanctissimis.</strong></span> 
     </span>
    </p>
   </div>
   <div class='ocr_carea' id='block_1_101' title="bbox 384 5546 1940 5622">
    <p class='ocr_par' dir='ltr' id='par_1_101' title="bbox 384 5546 1940 5622">
     <span class='ocr_line' id='line_1_101' title="bbox 384 5546 1940 5622; baseline -0.007 -15"><span class='ocrx_word' id='word_1_783' title='bbox 384 5546 522 5607; x_wconf 70' lang='lat' dir='ltr'><strong>Male</strong></span> <span class='ocrx_word' id='word_1_784' title='bbox 551 5567 677 5622; x_wconf 87' lang='lat' dir='ltr'><strong>ergo</strong></span> <span class='ocrx_word' id='word_1_785' title='bbox 707 5546 958 5606; x_wconf 71' lang='lat' dir='ltr'><strong>Silanus:</strong></span> <span class='ocrx_word' id='word_1_786' title='bbox 987 5546 1182 5622; x_wconf 59' lang='lat' dir='ltr'><strong>Quiin</strong></span> <span class='ocrx_word' id='word_1_787' title='bbox 1205 5557 1349 5622; x_wconf 84' lang='lat' dir='ltr'><strong>statu</strong></span> <span class='ocrx_word' id='word_1_788' title='bbox 1400 5546 1604 5622; x_wconf 48' lang='lat' dir='ltr'><strong>imputo</strong></span> <span class='ocrx_word' id='word_1_789' title='bbox 1640 5553 1792 5612; x_wconf 85' lang='lat' dir='ltr'><strong>atque</strong></span> <span class='ocrx_word' id='word_1_790' title='bbox 1820 5561 1940 5622; x_wconf 46' lang='lat' dir='ltr'><strong>pro:</strong></span> 
     </span>
    </p>
   </div>
   <div class='ocr_carea' id='block_1_102' title="bbox 388 5613 1939 5692">
    <p class='ocr_par' dir='ltr' id='par_1_102' title="bbox 388 5613 1939 5692">
     <span class='ocr_line' id='line_1_102' title="bbox 388 5613 1939 5692; baseline -0.007 -15"><span class='ocrx_word' id='word_1_791' title='bbox 388 5625 514 5692; x_wconf 74' lang='lat' dir='ltr'><strong>{ano</strong></span> <span class='ocrx_word' id='word_1_792' title='bbox 536 5623 592 5677; x_wconf 85' lang='lat' dir='ltr'><strong>in</strong></span> <span class='ocrx_word' id='word_1_793' title='bbox 613 5613 770 5676; x_wconf 64' lang='lat' dir='ltr'><strong>vitam</strong></span> <span class='ocrx_word' id='word_1_794' title='bbox 790 5613 1042 5688; x_wconf 75' lang='lat' dir='ltr'><strong>prorupit.</strong></span> <span class='ocrx_word' id='word_1_795' title='bbox 1068 5615 1403 5673; x_wconf 78' lang='lat' dir='ltr'><strong>Retinuimtts</strong></span> <span class='ocrx_word' id='word_1_796' title='bbox 1428 5615 1509 5680; x_wconf 77' lang='grc' dir='ltr'><em>τὸ,</em></span> <span class='ocrx_word' id='word_1_797' title='bbox 1524 5613 1939 5692; x_wconf 37' lang='grc' dir='ltr'><em>ἔξαρχοςηιιιιιι-εἰ</em></span> 
     </span>
    </p>
   </div>
   <div class='ocr_carea' id='block_1_103' title="bbox 386 5682 1940 5764">
    <p class='ocr_par' dir='ltr' id='par_1_103' title="bbox 386 5682 1940 5764">
     <span class='ocr_line' id='line_1_103' title="bbox 386 5682 1940 5764; baseline -0.005 -20"><span class='ocrx_word' id='word_1_798' title='bbox 386 5682 632 5764; x_wconf 75' lang='lat' dir='ltr'><strong>princeps</strong></span> <span class='ocrx_word' id='word_1_799' title='bbox 660 5682 1134 5760; x_wconf 74' lang='lat' dir='ltr'><strong>priuiogeuitorum</strong></span> <span class='ocrx_word' id='word_1_800' title='bbox 1165 5711 1175 5746; x_wconf 86' lang='lat'><strong>:</strong></span> <span class='ocrx_word' id='word_1_801' title='bbox 1203 5700 1508 5758; x_wconf 86' lang='lat' dir='ltr'><strong>quanquam</strong></span> <span class='ocrx_word' id='word_1_802' title='bbox 1549 5683 1639 5748; x_wconf 87' lang='grc' dir='ltr'><strong>τὸ,</strong></span> <span class='ocrx_word' id='word_1_803' title='bbox 1674 5682 1733 5747; x_wconf 77' lang='grc' dir='ltr'>ἐξ</span> <span class='ocrx_word' id='word_1_804' title='bbox 1768 5684 1940 5756; x_wconf 81' lang='grc' dir='ltr'><em>ἀρχῆς</em></span> 
     </span>
    </p>
   </div>
   <div class='ocr_carea' id='block_1_104' title="bbox 386 5763 987 5830">
    <p class='ocr_par' dir='ltr' id='par_1_104' title="bbox 386 5763 987 5830">
     <span class='ocr_line' id='line_1_104' title="bbox 386 5763 987 5830; baseline -0.003 -14"><span class='ocrx_word' id='word_1_805' title='bbox 386 5763 492 5816; x_wconf 81' lang='lat' dir='ltr'><strong>non</strong></span> <span class='ocrx_word' id='word_1_806' title='bbox 520 5765 589 5815; x_wconf 89' lang='lat' dir='ltr'><strong>sit</strong></span> <span class='ocrx_word' id='word_1_807' title='bbox 615 5763 987 5830; x_wconf 81' lang='lat' dir='ltr'><strong>incongruum.</strong></span> 
     </span>
    </p>
   </div>
   <div class='ocr_carea' id='block_1_105' title="bbox 2037 4504 3636 4585">
    <p class='ocr_par' dir='ltr' id='par_1_105' title="bbox 2037 4504 3636 4585">
     <span class='ocr_line' id='line_1_105' title="bbox 2037 4504 3636 4585; baseline 0.004 -27"><span class='ocrx_word' id='word_1_808' title='bbox 2037 4504 2352 4585; x_wconf 75' lang='grc' dir='ltr'><em>ἀπορρήξας</em></span> <span class='ocrx_word' id='word_1_809' title='bbox 2384 4506 2446 4558; x_wconf 84' lang='grc' dir='ltr'><strong>τὸ</strong></span> <span class='ocrx_word' id='word_1_810' title='bbox 2479 4504 2622 4585; x_wconf 38' lang='grc' dir='ltr'><strong>ζῇνκ</strong></span> <span class='ocrx_word' id='word_1_811' title='bbox 2643 4509 2804 4585; x_wconf 89' lang='lat' dir='ltr'><strong>etiam</strong></span> <span class='ocrx_word' id='word_1_812' title='bbox 2833 4507 2984 4585; x_wconf 80' lang='lat' dir='ltr'><strong>Caini</strong></span> <span class='ocrx_word' id='word_1_813' title='bbox 3031 4512 3195 4579; x_wconf 87' lang='lat' dir='ltr'><strong>ipsius</strong></span> <span class='ocrx_word' id='word_1_814' title='bbox 3223 4513 3382 4585; x_wconf 82' lang='lat' dir='ltr'><strong>vitam</strong></span> <span class='ocrx_word' id='word_1_815' title='bbox 3409 4504 3636 4579; x_wconf 47' lang='lat' dir='ltr'><strong>{igniti-&#39;-</strong></span> 
     </span>
    </p>
   </div>
   <div class='ocr_carea' id='block_1_106' title="bbox 2037 4577 3632 4656">
    <p class='ocr_par' dir='ltr' id='par_1_106' title="bbox 2037 4577 3632 4656">
     <span class='ocr_line' id='line_1_106' title="bbox 2037 4577 3632 4656; baseline 0.005 -29"><span class='ocrx_word' id='word_1_816' title='bbox 2037 4578 2467 4656; x_wconf 24' lang='lat' dir='ltr'><strong>eaverituquani</strong></span> <span class='ocrx_word' id='word_1_817' title='bbox 2499 4577 2717 4656; x_wconf 70' lang='lat' dir='ltr'><strong>profane</strong></span> <span class='ocrx_word' id='word_1_818' title='bbox 2745 4581 2957 4656; x_wconf 76' lang='lat' dir='ltr'><strong>abrupit</strong></span> <span class='ocrx_word' id='word_1_819' title='bbox 2994 4577 3322 4656; x_wconf 76' lang='lat' dir='ltr'><strong>:_en_m_odn_</strong></span> <span class='ocrx_word' id='word_1_820' title='bbox 3346 4577 3632 4650; x_wconf 54' lang='lat' dir='ltr'><strong>mortuus,</strong></span> 
     </span>
    </p>
   </div>
   <div class='ocr_carea' id='block_1_107' title="bbox 2036 4645 3630 4725">
    <p class='ocr_par' dir='ltr' id='par_1_107' title="bbox 2036 4645 3630 4725">
     <span class='ocr_line' id='line_1_107' title="bbox 2036 4645 3630 4725; baseline 0.008 -30"><span class='ocrx_word' id='word_1_821' title='bbox 2036 4653 2142 4725; x_wconf 54' lang='lat' dir='ltr'><strong>quo</strong></span> <span class='ocrx_word' id='word_1_822' title='bbox 2189 4646 2320 4725; x_wconf 79' lang='lat' dir='ltr'><strong>vixit</strong></span> <span class='ocrx_word' id='word_1_823' title='bbox 2357 4663 2369 4698; x_wconf 94' lang='lat'>:</span> <span class='ocrx_word' id='word_1_824' title='bbox 2424 4645 2686 4725; x_wconf 75' lang='lat' dir='ltr'><strong>Profugus</strong></span> <span class='ocrx_word' id='word_1_825' title='bbox 2733 4665 2766 4725; x_wconf 70' lang='grc' dir='ltr'><strong>ιι</strong></span> <span class='ocrx_word' id='word_1_826' title='bbox 2803 4645 2952 4725; x_wconf 65' lang='lat' dir='ltr'><strong>{acie</strong></span> <span class='ocrx_word' id='word_1_827' title='bbox 2991 4649 3235 4725; x_wconf 77' lang='lat' dir='ltr'><strong>Domini;</strong></span> <span class='ocrx_word' id='word_1_828' title='bbox 3281 4651 3480 4725; x_wconf 70' lang='lat' dir='ltr'><strong>Cenes.</strong></span> <span class='ocrx_word' id='word_1_829' title='bbox 3540 4645 3630 4707; x_wconf 60' lang='lat' dir='ltr'><strong>tv;</strong></span> 
     </span>
    </p>
   </div>
   <div class='ocr_carea' id='block_1_108' title="bbox 2035 4714 3627 4787">
    <p class='ocr_par' dir='ltr' id='par_1_108' title="bbox 2035 4714 3627 4787">
     <span class='ocr_line' id='line_1_108' title="bbox 2035 4714 3627 4787; baseline 0.002 -19"><span class='ocrx_word' id='word_1_830' title='bbox 2035 4714 2197 4768; x_wconf 90' lang='lat' dir='ltr'><strong>Forte</strong></span> <span class='ocrx_word' id='word_1_831' title='bbox 2227 4716 2388 4787; x_wconf 86' lang='lat' dir='ltr'><strong>etiam</strong></span> <span class='ocrx_word' id='word_1_832' title='bbox 2420 4714 2636 4771; x_wconf 74' lang='lat' dir='ltr'><strong>occisas</strong></span> <span class='ocrx_word' id='word_1_833' title='bbox 2661 4727 2716 4770; x_wconf 91' lang='lat' dir='ltr'><strong>et</strong></span> <span class='ocrx_word' id='word_1_834' title='bbox 2741 4714 2852 4787; x_wconf 82' lang='lat' dir='ltr'><strong>ipse</strong></span> <span class='ocrx_word' id='word_1_835' title='bbox 2876 4735 2903 4771; x_wconf 90' lang='lat' dir='ltr'><strong>a</strong></span> <span class='ocrx_word' id='word_1_836' title='bbox 2932 4717 3150 4780; x_wconf 82' lang='lat' dir='ltr'><strong>Lautec,</strong></span> <span class='ocrx_word' id='word_1_837' title='bbox 3173 4721 3322 4786; x_wconf 79' lang='lat' dir='ltr'><strong>juxta</strong></span> <span class='ocrx_word' id='word_1_838' title='bbox 3353 4719 3627 4774; x_wconf 70' lang='lat' dir='ltr'><strong>Hebraeo-</strong></span> 
     </span>
    </p>
   </div>
   <div class='ocr_carea' id='block_1_109' title="bbox 2039 4786 3633 4865">
    <p class='ocr_par' dir='ltr' id='par_1_109' title="bbox 2039 4786 3633 4865">
     <span class='ocr_line' id='line_1_109' title="bbox 2039 4786 3633 4865; baseline 0.006 -29"><span class='ocrx_word' id='word_1_839' title='bbox 2039 4786 2576 4865; x_wconf 51' lang='lat' dir='ltr'><strong>rutnntraditionetn,</strong></span> <span class='ocrx_word' id='word_1_840' title='bbox 2629 4797 2687 4840; x_wconf 90' lang='lat' dir='ltr'><strong>ut</strong></span> <span class='ocrx_word' id='word_1_841' title='bbox 2726 4786 2798 4840; x_wconf 90' lang='lat' dir='ltr'><strong>sit</strong></span> <span class='ocrx_word' id='word_1_842' title='bbox 2831 4789 3061 4865; x_wconf 75' lang='lat' dir='ltr'><strong>vir_ille,</strong></span> <span class='ocrx_word' id='word_1_843' title='bbox 3098 4804 3258 4858; x_wconf 90' lang='lat' dir='ltr'><strong>quem</strong></span> <span class='ocrx_word' id='word_1_844' title='bbox 3305 4791 3348 4844; x_wconf 91' lang='lat' dir='ltr'><strong>is</strong></span> <span class='ocrx_word' id='word_1_845' title='bbox 3377 4791 3484 4855; x_wconf 85' lang='lat' dir='ltr'><strong>ait,</strong></span> <span class='ocrx_word' id='word_1_846' title='bbox 3545 4790 3633 4846; x_wconf 79' lang='lat' dir='ltr'><strong>Se</strong></span> 
     </span>
    </p>
   </div>
   <div class='ocr_carea' id='block_1_110' title="bbox 2035 4855 3632 4928">
    <p class='ocr_par' dir='ltr' id='par_1_110' title="bbox 2035 4855 3632 4928">
     <span class='ocr_line' id='line_1_110' title="bbox 2035 4855 3632 4928; baseline 0.007 -24"><span class='ocrx_word' id='word_1_847' title='bbox 2035 4855 2285 4928; x_wconf 81' lang='lat' dir='ltr'><strong>occidisse</strong></span> <span class='ocrx_word' id='word_1_848' title='bbox 2323 4857 2376 4908; x_wconf 86' lang='lat' dir='ltr'><strong>in</strong></span> <span class='ocrx_word' id='word_1_849' title='bbox 2419 4855 2604 4908; x_wconf 83' lang='lat' dir='ltr'><strong>vulnus</strong></span> <span class='ocrx_word' id='word_1_850' title='bbox 2644 4873 2796 4928; x_wconf 89' lang='lat' dir='ltr'><strong>suum</strong></span> <span class='ocrx_word' id='word_1_851' title='bbox 2838 4871 2875 4928; x_wconf 12' lang='grc' dir='ltr'><strong>εξ</strong></span> <span class='ocrx_word' id='word_1_852' title='bbox 2907 4855 3276 4912; x_wconf 73' lang='grc' dir='ltr'><em>ϐεηεε.’ἰιριιι</em></span> <span class='ocrx_word' id='word_1_853' title='bbox 3328 4875 3404 4922; x_wconf 78' lang='grc' dir='ltr'><strong>ιν,</strong></span> <span class='ocrx_word' id='word_1_854' title='bbox 3459 4861 3632 4928; x_wconf 85' lang='lat' dir='ltr'><strong>cujus</strong></span> 
     </span>
    </p>
   </div>
   <div class='ocr_carea' id='block_1_111' title="bbox 2037 4926 3632 5003">
    <p class='ocr_par' dir='ltr' id='par_1_111' title="bbox 2037 4926 3632 5003">
     <span class='ocr_line' id='line_1_111' title="bbox 2037 4926 3632 5003; baseline 0.006 -28"><span class='ocrx_word' id='word_1_855' title='bbox 2037 4926 2184 5003; x_wconf 82' lang='lat' dir='ltr'><strong>necis</strong></span> <span class='ocrx_word' id='word_1_856' title='bbox 2217 4935 2408 5003; x_wconf 77' lang='lat' dir='ltr'><strong>metus,</strong></span> <span class='ocrx_word' id='word_1_857' title='bbox 2447 4941 2553 4978; x_wconf 88' lang='lat' dir='ltr'><strong>non</strong></span> <span class='ocrx_word' id='word_1_858' title='bbox 2584 4935 2690 4978; x_wconf 86' lang='lat' dir='ltr'><strong>tam</strong></span> <span class='ocrx_word' id='word_1_859' title='bbox 2721 4927 2819 4979; x_wconf 81' lang='lat' dir='ltr'><strong>fuit</strong></span> <span class='ocrx_word' id='word_1_860' title='bbox 2847 4926 3026 5003; x_wconf 81' lang='lat' dir='ltr'><strong>divina</strong></span> <span class='ocrx_word' id='word_1_861' title='bbox 3057 4929 3381 5003; x_wconf 80' lang='lat' dir='ltr'><strong>indulgentia</strong></span> <span class='ocrx_word' id='word_1_862' title='bbox 3417 4926 3632 4998; x_wconf 80' lang='lat' dir='ltr'><strong>depre-</strong></span> 
     </span>
    </p>
   </div>
   <div class='ocr_carea' id='block_1_112' title="bbox 2037 4995 3635 5072">
    <p class='ocr_par' dir='ltr' id='par_1_112' title="bbox 2037 4995 3635 5072">
     <span class='ocr_line' id='line_1_112' title="bbox 2037 4995 3635 5072; baseline 0.008 -28"><span class='ocrx_word' id='word_1_863' title='bbox 2037 4995 2182 5072; x_wconf 76' lang='lat' dir='ltr'><strong>canti</strong></span> <span class='ocrx_word' id='word_1_864' title='bbox 2207 4995 2483 5072; x_wconf 84' lang='lat' dir='ltr'><strong>abstersus</strong></span> <span class='ocrx_word' id='word_1_865' title='bbox 2504 5036 2520 5060; x_wconf 89' lang='lat'><strong>,</strong></span> <span class='ocrx_word' id='word_1_866' title='bbox 2548 5011 2708 5072; x_wconf 80' lang='lat' dir='ltr'><strong>quam</strong></span> <span class='ocrx_word' id='word_1_867' title='bbox 2737 4997 3031 5072; x_wconf 81' lang='lat' dir='ltr'><strong>castigatus</strong></span> <span class='ocrx_word' id='word_1_868' title='bbox 3051 5039 3075 5072; x_wconf 44' lang='grc' dir='ltr'><strong>ι</strong></span> <span class='ocrx_word' id='word_1_869' title='bbox 3104 4995 3312 5066; x_wconf 68' lang='lat' dir='ltr'><strong>atljecta</strong></span> <span class='ocrx_word' id='word_1_870' title='bbox 3363 4995 3635 5056; x_wconf 74' lang='lat' dir='ltr'><strong>inferenti</strong></span> 
     </span>
    </p>
   </div>
   <div class='ocr_carea' id='block_1_113' title="bbox 2037 5064 3632 5133">
    <p class='ocr_par' dir='ltr' id='par_1_113' title="bbox 2037 5064 3632 5133">
     <span class='ocr_line' id='line_1_113' title="bbox 2037 5064 3632 5133; baseline 0.008 -19"><span class='ocrx_word' id='word_1_871' title='bbox 2037 5064 2268 5133; x_wconf 58' lang='lat' dir='ltr'><strong>graviori</strong></span> <span class='ocrx_word' id='word_1_872' title='bbox 2293 5079 2470 5130; x_wconf 66' lang='lat' dir='ltr'><strong>paena,</strong></span> <span class='ocrx_word' id='word_1_873' title='bbox 2496 5080 2656 5131; x_wconf 77' lang='lat' dir='ltr'><strong>quam</strong></span> <span class='ocrx_word' id='word_1_874' title='bbox 2688 5066 2798 5133; x_wconf 87' lang='lat' dir='ltr'><strong>ipse</strong></span> <span class='ocrx_word' id='word_1_875' title='bbox 2823 5083 2852 5118; x_wconf 90' lang='lat' dir='ltr'><strong>a</strong></span> <span class='ocrx_word' id='word_1_876' title='bbox 2879 5069 3024 5121; x_wconf 67' lang='lat' dir='ltr'><strong>caede</strong></span> <span class='ocrx_word' id='word_1_877' title='bbox 3051 5064 3284 5120; x_wconf 84' lang='lat' dir='ltr'><strong>fraterna</strong></span> <span class='ocrx_word' id='word_1_878' title='bbox 3319 5068 3632 5127; x_wconf 80' lang='lat' dir='ltr'><strong>retulisset.</strong></span> 
     </span>
    </p>
   </div>
   <div class='ocr_carea' id='block_1_114' title="bbox 2036 5131 3634 5208">
    <p class='ocr_par' dir='ltr' id='par_1_114' title="bbox 2036 5131 3634 5208">
     <span class='ocr_line' id='line_1_114' title="bbox 2036 5131 3634 5208; baseline 0.008 -25"><span class='ocrx_word' id='word_1_879' title='bbox 2036 5131 2092 5184; x_wconf 89' lang='lat' dir='ltr'><strong>In</strong></span> <span class='ocrx_word' id='word_1_880' title='bbox 2120 5132 2281 5208; x_wconf 79' lang='lat' dir='ltr'><strong>Esau,</strong></span> <span class='ocrx_word' id='word_1_881' title='bbox 2306 5135 2518 5208; x_wconf 74' lang='lat' dir='ltr'><strong>crimini</strong></span> <span class='ocrx_word' id='word_1_882' title='bbox 2548 5131 2833 5208; x_wconf 71' lang='lat' dir='ltr'><strong>respondet</strong></span> <span class='ocrx_word' id='word_1_883' title='bbox 2859 5151 3036 5208; x_wconf 63' lang='lat' dir='ltr'><strong>paena,</strong></span> <span class='ocrx_word' id='word_1_884' title='bbox 3061 5136 3139 5205; x_wconf 80' lang='grc' dir='ltr'><strong>τῷ</strong></span> <span class='ocrx_word' id='word_1_885' title='bbox 3167 5137 3438 5208; x_wconf 83' lang='grc' dir='ltr'><em>πολεμίῳ,</em></span> <span class='ocrx_word' id='word_1_886' title='bbox 3470 5140 3634 5195; x_wconf 86' lang='lat' dir='ltr'><strong>hosti</strong></span> 
     </span>
    </p>
   </div>
   <div class='ocr_carea' id='block_1_115' title="bbox 2037 5204 3640 5275">
    <p class='ocr_par' dir='ltr' id='par_1_115' title="bbox 2037 5204 3640 5275">
     <span class='ocr_line' id='line_1_115' title="bbox 2037 5204 3640 5275; baseline 0.007 -23"><span class='ocrx_word' id='word_1_887' title='bbox 2037 5204 2279 5275; x_wconf 78' lang='lat' dir='ltr'><strong>omnium</strong></span> <span class='ocrx_word' id='word_1_888' title='bbox 2303 5215 2354 5275; x_wconf 77' lang='lat' dir='ltr'><strong>et</strong></span> <span class='ocrx_word' id='word_1_889' title='bbox 2383 5204 2664 5256; x_wconf 68' lang='lat' dir='ltr'><strong>lacessenti</strong></span> <span class='ocrx_word' id='word_1_890' title='bbox 2692 5219 2900 5265; x_wconf 80' lang='lat' dir='ltr'><strong>omnes.</strong></span> <span class='ocrx_word' id='word_1_891' title='bbox 2927 5204 3139 5275; x_wconf 83' lang='lat' dir='ltr'><strong>gladius</strong></span> <span class='ocrx_word' id='word_1_892' title='bbox 3165 5204 3325 5275; x_wconf 83' lang='lat' dir='ltr'><strong>quem</strong></span> <span class='ocrx_word' id='word_1_893' title='bbox 3355 5204 3402 5261; x_wconf 85' lang='lat' dir='ltr'><strong>ei</strong></span> <span class='ocrx_word' id='word_1_894' title='bbox 3435 5210 3640 5264; x_wconf 78' lang='lat' dir='ltr'><strong>hostes</strong></span> 
     </span>
    </p>
   </div>
   <div class='ocr_carea' id='block_1_116' title="bbox 2035 5272 3636 5345">
    <p class='ocr_par' dir='ltr' id='par_1_116' title="bbox 2035 5272 3636 5345">
     <span class='ocr_line' id='line_1_116' title="bbox 2035 5272 3636 5345; baseline 0.005 -22"><span class='ocrx_word' id='word_1_895' title='bbox 2035 5286 2225 5323; x_wconf 85' lang='lat' dir='ltr'><strong>omnes</strong></span> <span class='ocrx_word' id='word_1_896' title='bbox 2269 5272 2538 5336; x_wconf 81' lang='lat' dir='ltr'><strong>inferant,</strong></span> <span class='ocrx_word' id='word_1_897' title='bbox 2581 5275 2732 5345; x_wconf 80' lang='lat' dir='ltr'><strong>juxta</strong></span> <span class='ocrx_word' id='word_1_898' title='bbox 2781 5275 2905 5328; x_wconf 88' lang='lat' dir='ltr'><strong>illud</strong></span> <span class='ocrx_word' id='word_1_899' title='bbox 2935 5272 2963 5328; x_wconf 68' lang='grc' dir='ltr'><strong>ἰ</strong></span> <span class='ocrx_word' id='word_1_900' title='bbox 3026 5272 3218 5330; x_wconf 68' lang='lat' dir='ltr'><strong>Manus</strong></span> <span class='ocrx_word' id='word_1_901' title='bbox 3272 5277 3386 5345; x_wconf 87' lang='lat' dir='ltr'><strong>ejus</strong></span> <span class='ocrx_word' id='word_1_902' title='bbox 3430 5290 3636 5333; x_wconf 80' lang='lat' dir='ltr'><strong>contra</strong></span> 
     </span>
    </p>
   </div>
   <div class='ocr_carea' id='block_1_117' title="bbox 2038 5343 3636 5417">
    <p class='ocr_par' dir='ltr' id='par_1_117' title="bbox 2038 5343 3636 5417">
     <span class='ocr_line' id='line_1_117' title="bbox 2038 5343 3636 5417; baseline 0.008 -28"><span class='ocrx_word' id='word_1_903' title='bbox 2038 5357 2210 5417; x_wconf 79' lang='lat' dir='ltr'><strong>ontnes</strong></span> <span class='ocrx_word' id='word_1_904' title='bbox 2229 5355 2280 5417; x_wconf 71' lang='lat' dir='ltr'><strong>et</strong></span> <span class='ocrx_word' id='word_1_905' title='bbox 2297 5357 2482 5417; x_wconf 76' lang='lat' dir='ltr'><strong>manus</strong></span> <span class='ocrx_word' id='word_1_906' title='bbox 2508 5343 2940 5417; x_wconf 82' lang='lat' dir='ltr'><strong>omnium_contra</strong></span> <span class='ocrx_word' id='word_1_907' title='bbox 2959 5361 3098 5410; x_wconf 88' lang='lat' dir='ltr'><strong>eum,</strong></span> <span class='ocrx_word' id='word_1_908' title='bbox 3120 5343 3318 5400; x_wconf 79' lang='lat' dir='ltr'><strong>Genes.</strong></span> <span class='ocrx_word' id='word_1_909' title='bbox 3344 5363 3454 5411; x_wconf 78' lang='lat' dir='ltr'><strong>XVI,</strong></span> <span class='ocrx_word' id='word_1_910' title='bbox 3473 5352 3636 5416; x_wconf 82' lang='lat' dir='ltr'><strong>quod</strong></span> 
     </span>
    </p>
   </div>
   <div class='ocr_carea' id='block_1_118' title="bbox 2039 5411 3639 5493">
    <p class='ocr_par' dir='ltr' id='par_1_118' title="bbox 2039 5411 3639 5493">
     <span class='ocr_line' id='line_1_118' title="bbox 2039 5411 3639 5493; baseline 0.007 -33"><span class='ocrx_word' id='word_1_911' title='bbox 2039 5411 2319 5493; x_wconf 45' lang='lat' dir='ltr'><strong>d‘ictuttnin</strong></span> <span class='ocrx_word' id='word_1_912' title='bbox 2345 5411 2870 5493; x_wconf 40' lang='lat' dir='ltr'><strong>Isrttaelettt,.refet_-re</strong></span> <span class='ocrx_word' id='word_1_913' title='bbox 2898 5416 3110 5468; x_wconf 85' lang='lat' dir='ltr'><strong>videtur</strong></span> <span class='ocrx_word' id='word_1_914' title='bbox 3127 5411 3538 5493; x_wconf 61' lang='lat' dir='ltr'><strong>Atttttlrilocltitis</strong></span> <span class='ocrx_word' id='word_1_915' title='bbox 3576 5421 3639 5471; x_wconf 74' lang='lat' dir='ltr'><strong>in</strong></span> 
     </span>
    </p>
   </div>
   <div class='ocr_carea' id='block_1_119' title="bbox 2041 5479 3642 5546">
    <p class='ocr_par' dir='ltr' id='par_1_119' title="bbox 2041 5479 3642 5546">
     <span class='ocr_line' id='line_1_119' title="bbox 2041 5479 3642 5546; baseline 0.006 -15"><span class='ocrx_word' id='word_1_916' title='bbox 2041 5480 2212 5540; x_wconf 78' lang='lat' dir='ltr'><strong>Esau.</strong></span> <span class='ocrx_word' id='word_1_917' title='bbox 2250 5479 2399 5546; x_wconf 84' lang='lat' dir='ltr'><strong>lapsu</strong></span> <span class='ocrx_word' id='word_1_918' title='bbox 2434 5483 2728 5538; x_wconf 65' lang='lat' dir='ltr'><strong>memoriae.</strong></span> <span class='ocrx_word' id='word_1_919' title='bbox 2764 5482 2900 5538; x_wconf 87' lang='lat' dir='ltr'><strong>Male</strong></span> <span class='ocrx_word' id='word_1_920' title='bbox 2940 5499 3066 5538; x_wconf 85' lang='lat' dir='ltr'><strong>vero</strong></span> <span class='ocrx_word' id='word_1_921' title='bbox 3089 5485 3189 5540; x_wconf 72' lang='lat' dir='ltr'><strong>Sil”.</strong></span> <span class='ocrx_word' id='word_1_922' title='bbox 3221 5479 3329 5537; x_wconf 69' lang='lat' dir='ltr'><strong>{Et</strong></span> <span class='ocrx_word' id='word_1_923' title='bbox 3370 5487 3458 5538; x_wconf 77' lang='lat' dir='ltr'><strong>ille</strong></span> <span class='ocrx_word' id='word_1_924' title='bbox 3500 5488 3642 5540; x_wconf 74' lang='lat' dir='ltr'><strong>belli</strong></span> 
     </span>
    </p>
   </div>
   <div class='ocr_carea' id='block_1_120' title="bbox 2037 5548 3641 5624">
    <p class='ocr_par' dir='ltr' id='par_1_120' title="bbox 2037 5548 3641 5624">
     <span class='ocr_line' id='line_1_120' title="bbox 2037 5548 3641 5624; baseline 0.006 -23"><span class='ocrx_word' id='word_1_925' title='bbox 2037 5561 2086 5624; x_wconf 78' lang='lat' dir='ltr'><strong>et</strong></span> <span class='ocrx_word' id='word_1_926' title='bbox 2111 5548 2274 5617; x_wconf 81' lang='lat' dir='ltr'><strong>gladii</strong></span> <span class='ocrx_word' id='word_1_927' title='bbox 2304 5551 2508 5624; x_wconf 76' lang='lat' dir='ltr'><strong>ltwres:</strong></span> <span class='ocrx_word' id='word_1_928' title='bbox 2537 5566 2600 5624; x_wconf 67' lang='lat' dir='ltr'><strong>ag</strong></span> <span class='ocrx_word' id='word_1_929' title='bbox 2625 5553 2944 5624; x_wconf 32' lang='lat' dir='ltr'><strong>in‘tnargine</strong></span> <span class='ocrx_word' id='word_1_930' title='bbox 2973 5554 3046 5608; x_wconf 81' lang='grc' dir='ltr'><strong>ῖσ.</strong></span> <span class='ocrx_word' id='word_1_931' title='bbox 3089 5553 3350 5624; x_wconf 84' lang='grc' dir='ltr'><em>πολέμου,</em></span> <span class='ocrx_word' id='word_1_932' title='bbox 3400 5570 3641 5622; x_wconf 72' lang='lat' dir='ltr'><strong>egregia</strong></span> 
     </span>
    </p>
   </div>
   <div class='ocr_carea' id='block_1_121' title="bbox 2039 5619 3644 5697">
    <p class='ocr_par' dir='ltr' id='par_1_121' title="bbox 2039 5619 3644 5697">
     <span class='ocr_line' id='line_1_121' title="bbox 2039 5619 3644 5697; baseline 0.007 -29"><span class='ocrx_word' id='word_1_933' title='bbox 2039 5619 2194 5697; x_wconf 81' lang='lat' dir='ltr'><strong>plane</strong></span> <span class='ocrx_word' id='word_1_934' title='bbox 2241 5623 2525 5697; x_wconf 59' lang='lat' dir='ltr'><strong>correctio.</strong></span> <span class='ocrx_word' id='word_1_935' title='bbox 2571 5620 2645 5675; x_wconf 90' lang='lat' dir='ltr'><strong>De</strong></span> <span class='ocrx_word' id='word_1_936' title='bbox 2678 5619 2863 5697; x_wconf 78' lang='lat' dir='ltr'><strong>Ruben</strong></span> <span class='ocrx_word' id='word_1_937' title='bbox 2913 5624 3043 5677; x_wconf 89' lang='lat' dir='ltr'><strong>nihil</strong></span> <span class='ocrx_word' id='word_1_938' title='bbox 3085 5619 3644 5697; x_wconf 25' lang='lat' dir='ltr'><strong>addendum,&quot;velari-is</strong></span> 
     </span>
    </p>
   </div>
   <div class='ocr_carea' id='block_1_122' title="bbox 2040 5687 3646 5763">
    <p class='ocr_par' dir='ltr' id='par_1_122' title="bbox 2040 5687 3646 5763">
     <span class='ocr_line' id='line_1_122' title="bbox 2040 5687 3646 5763; baseline 0.006 -24"><span class='ocrx_word' id='word_1_939' title='bbox 2040 5690 2091 5739; x_wconf 88' lang='lat' dir='ltr'><strong>in</strong></span> <span class='ocrx_word' id='word_1_940' title='bbox 2123 5702 2206 5752; x_wconf 91' lang='lat' dir='ltr'><strong>eo,</strong></span> <span class='ocrx_word' id='word_1_941' title='bbox 2236 5704 2302 5763; x_wconf 60' lang='lat' dir='ltr'><strong>es</strong></span> <span class='ocrx_word' id='word_1_942' title='bbox 2326 5687 2615 5763; x_wconf 73' lang='lat' dir='ltr'><strong>_$crip_tnra</strong></span> <span class='ocrx_word' id='word_1_943' title='bbox 2641 5729 2655 5753; x_wconf 90' lang='lat'><strong>,</strong></span> <span class='ocrx_word' id='word_1_944' title='bbox 2683 5693 2910 5747; x_wconf 87' lang='lat' dir='ltr'><strong>crimine</strong></span> <span class='ocrx_word' id='word_1_945' title='bbox 2939 5704 2992 5746; x_wconf 92' lang='lat' dir='ltr'><strong>et</strong></span> <span class='ocrx_word' id='word_1_946' title='bbox 3026 5708 3187 5760; x_wconf 71' lang='lat' dir='ltr'><strong>pmna</strong></span> <span class='ocrx_word' id='word_1_947' title='bbox 3220 5710 3232 5746; x_wconf 92' lang='lat'><strong>:</strong></span> <span class='ocrx_word' id='word_1_948' title='bbox 3267 5695 3472 5749; x_wconf 74' lang='lat' dir='ltr'><strong>oll‘ensa</strong></span> <span class='ocrx_word' id='word_1_949' title='bbox 3520 5713 3646 5763; x_wconf 78' lang='lat' dir='ltr'><strong>pa-</strong></span> 
     </span>
    </p>
   </div>
   <div class='ocr_carea' id='block_1_123' title="bbox 2043 5760 3137 5830">
    <p class='ocr_par' dir='ltr' id='par_1_123' title="bbox 2043 5760 3137 5830">
     <span class='ocr_line' id='line_1_123' title="bbox 2043 5760 3137 5830; baseline 0.009 -21"><span class='ocrx_word' id='word_1_950' title='bbox 2043 5766 2193 5811; x_wconf 84' lang='lat' dir='ltr'><strong>terno</strong></span> <span class='ocrx_word' id='word_1_951' title='bbox 2217 5760 2378 5813; x_wconf 84' lang='lat' dir='ltr'><strong>cubili</strong></span> <span class='ocrx_word' id='word_1_952' title='bbox 2409 5761 2630 5830; x_wconf 87' lang='lat' dir='ltr'><strong>polluto,</strong></span> <span class='ocrx_word' id='word_1_953' title='bbox 2660 5773 2714 5815; x_wconf 90' lang='lat' dir='ltr'><strong>et</strong></span> <span class='ocrx_word' id='word_1_954' title='bbox 2741 5764 3137 5819; x_wconf 73' lang='lat' dir='ltr'><strong>tualediCtioue.</strong></span> 
     </span>
    </p>
   </div>
  </div>
