3796 6322
188 361 251 417 49

1267 358 1528 417 ORATIO
1562 359 1629 415 IN
1669 360 2047 417 OCCURSUM
2086 360 2345 419 DOMlNl.

3352 354 3421 419 50

185 486 359 552 ἄρσεν
391 479 695 548 διανοῖγον
706 480 969 549 μήτραν,
1002 482 1119 551 ἄγε(
1138 502 1174 536 ν
1202 484 1281 549 τῷ
1319 485 1513 553 Κυρίῳ
1536 485 1738 553 x1170??-

1861 486 2204 539 masculinum
2236 485 2543 553 adaperiens
2573 484 2799 550 vulvam,
2820 492 3055 538 sanctum
3091 482 3313 539 Domino
3338 501 3427 539 vo-

185 590 359 635 σεται,
393 575 498 625 οὐκ
518 572 725 641 ἔμεινεν
752 576 785 643 ἡ
830 573 1115 649 παρθένος,
1150 575 1435 649 παρθένος.
1477 576 1750 646 Ἐφώνησε

188 666 280 733 γὰρ
314 668 346 733 ἡ
375 663 589 734 ι’ραφὴ,
620 664 741 716 Ὅτι
785 648 1456 736 πᾶνῖῗῦἷνῆδιανοῖγον
1478 669 1713 737 μήτραν
1734 687 1748 700 ·

185 756 435 824 ᾑνέῳκται
467 757 501 824 ἡ
529 754 831 826 παρθενικὴ
864 757 1065 827 μήτρα,
1113 760 1160 811 εί
1190 761 1269 823 είς
1296 760 1385 811 τὸν
1422 760 1623 828 Κύριον
1654 760 1751 832 τὴν

189 843 444 914 ἀναφορὰν
492 844 781 915 κέκτηται·
815 847 931 900 ἀλλ’
960 849 1123 902 ἄκουε
1170 850 1402 914 συνετῶς
1445 850 1584 921 (23)·
1618 852 1751 921 πρὸς

918 648 1157 661 __.____,.-._..

191 938 271 1003 μὲν
443 937 783 1009 παρθενικὴν
811 938 993 1008 φύσιν,
1032 940 1139 992 οὐδ’
1173 941 1308 1005 ὅλως
1338 944 1391 995 αἱ
1426 942 1751 1013 παρθενικαὶ

190 1028 327 1079 sila:
354 1028 735 1101 ἠνεῴχθησαν,
762 1030 1015 1103 βουλήσει
1041 1032 1132 1085 τοῦ
1162 1034 1363 1105 ἀρτίως
1394 1036 1753 1106 κυοφορηθὲνι
1786 1041 1797 1051 ‘

186 1135 274 1181 τος,
307 1120 449 1172 κατὰ
480 1120 541 1172 τὸ
577 1121 790 1188 φάσκον
812 1124 941 1193 περὶ
962 1123 1123 1176 αὑτοῦ
1155 1124 1316 1194 ῥητόν
1342 1142 1354 1154 ’
1379 1125 1541 1193 Αὕτη
1578 1127 1615 1194 ἠ
1641 1127 1751 1180 πύ-

183 1210 247 1273 λη
275 1206 373 1260 τοῦ
405 1210 653 1276 Κυρίου,
696 1211 796 1263 καὶ
837 1213 1245 1267 εὶσελεύσεται
1284 1213 1384 1267 καὶ
1440 1214 1752 1278 ἐξελεύσε-

183 1314 279 1357 ται,
315 1299 412 1351 καὶ
442 1300 617 1353 ἔσται
643 1303 681 1370 ἡ
715 1303 883 1371 πύλη
910 1304 1328 1373 κεκλασμένη.
1367 1306 1455 1367 Ὠς
1488 1305 1622 1376 πρὸς
1650 1306 1750 1377 τὴν

183 1388 496 1461 παρθενικὴν
541 1393 723 1445 τοίνυν
769 1394 951 1463 φύσιν,
986 1395 1098 1448 οὐδ’
1130 1396 1268 1459 ὅλως
1307 1395 1658 1467 ἠνεῴχθησαν
1690 1397 1746 1450 αἱ

181 1480 486 1549 παρθενικαὶ
516 1484 684 1537 πύλαι
706 1501 720 1514 ’
752 1486 831 1548 ὡς
875 1486 932 1540 δὲ
976 1487 1112 1556 πρὸς
1141 1487 1239 1559 τὴν
1272 1487 1501 1558 δύναμιν
1537 1487 1632 1541 τοῦ
1659 1505 1748 1541 τε·-

176 1570 376 1638 litim;
400 1575 701 1641 Δεσπότου,
746 1576 896 1631 οὐδὲν
922 1578 1231 1632 κέκλεισται
1264 1578 1342 1650 τῷ
1369 1581 1581 1650 Κυρίῳ.
1611 1578 1746 1633 ἀλλὰ

178 1666 336 1717 πάντα
378 1666 679 1738 ὴνέῳκται.
728 1670 895 1722 Οὐδὲν
935 1670 997 1723 τὸ
1030 1670 1435 1742 παρεμποδίζον
1459 1687 1474 1704 ·
1506 1671 1656 1724 οὐδὲν
1683 1670 1745 1723 τὸ

178 1759 548 1829 παρενοχλοῦν.
581 1762 769 1815 Πάντα
795 1761 905 1833 γὰρ
928 1762 1007 1832 τῷ
1036 1762 1225 1833 Κυρίῳ
1256 1762 1545 1834 ἡνέῳκται.
1582 1761 1740 1817 Ὅθεν

1856 577 2080 637 cabilur,
2122 576 2281 645 Virgo
2332 576 2692 645 virginitatem
2729 590 2834 630 non
2878 575 3133 631 servavit.
3164 575 3431 630 Clamavi-

1853 669 1993 720 eniin
2021 668 2297 736 Scri;.-tnra
2324 689 2336 722 :
2370 666 2536 721 Omne
2568 667 2917 721 masculinum
2957 666 3265 736 adaperiens
3305 666 3415 721 vul-

1853 773 1966 810 vam
1998 774 2016 811 :
2058 758 2158 812 fuit
2200 759 2383 827 utique
2436 768 2622 828 aperta
2662 745 3131 828 Virginisivulva,
3180 758 3223 811 si
3280 756 3330 810 id
3354 766 3429 809 ae

1853 866 1974 904 enm
2010 852 2200 906 referri
2250 853 2457 907 habuit.
2494 853 2781 907 Enimvero
2819 854 3039 907 cordate
3077 853 3197 905 andi
3249 860 3302 905 et
3340 850 3424 903 in-

1857 944 2203 1012 telligenter:
2245 945 2395 1011 Quod
2426 946 2644 1013 quidem
2682 943 2876 998 attinet
2923 945 2990 999 ad
3030 952 3277 998 naturam
3309 944 3422 995 viro

1855 1038 2089 1103 gineam,
2121 1036 2267 1091 nullo
2297 1038 2516 1091 omnino
2550 1038 2707 1091 modo
2733 1037 2982 1107 virginea!
3012 1045 3177 1104 porta:
3208 1034 3421 1087 fuerunt

1852 1138 2070 1197 apertae,
2100 1129 2306 1182 volente
2332 1144 2397 1182 eo
2426 1131 2518 1198 qui
2546 1144 2712 1197 nuper
2733 1138 2885 1183 utero
2907 1129 3236 1198 gestabatur,
3267 1124 3419 1194 juxta

1850 1220 1980 1273 illud
2013 1223 2077 1274 de
2109 1221 2224 1288 ipso
2254 1222 2531 1274 oraculum
2570 1238 2583 1273 :
2616 1218 2747 1273 Haec
2778 1229 2930 1288 porta
2977 1218 3184 1272 Domini
3206 1232 3224 1271 :
3245 1226 3293 1271 et
3342 1217 3421 1269 in-

1849 1312 2116 1379 gredietur
2139 1320 2189 1364 et
2210 1312 2506 1380 egredietur
2528 1325 2547 1364 :
2579 1320 2625 1364 et
2655 1320 2806 1379 porta
2837 1311 2930 1364 erit
2957 1311 3143 1363 clausa
3166 1307 3232 1362 ⁸⁸.
3266 1305 3420 1374 Quod

1852 1403 2037 1471 itaque
2070 1413 2279 1471 spectat
2305 1407 2369 1456 ad
2408 1384 2654 1457 naturam
2684 1402 3004 1473 virgineam,
3033 1401 3177 1456 nullo
3200 1416 3418 1471 prorsus

1846 1497 2004 1550 modo
2033 1505 2229 1564 aperta:
2256 1507 2382 1549 sunt
2411 1496 2661 1567 virgineae
2688 1505 2854 1564 porta:
2885 1510 2899 1548 :
2941 1496 3033 1550 sed
3055 1494 3195 1563 quod
3228 1493 3418 1548 attinet

1845 1592 1908 1642 ad
1940 1590 2228 1658 potentiam
2256 1589 2463 1642 Domini
2491 1589 2582 1658 qui
2625 1598 2707 1643 est
2764 1598 2947 1655 natus,
3005 1587 3139 1641 nihil
3190 1585 3416 1641 Domino

1843 1678 2211 1745 clansumest,
2239 1680 2333 1735 sed
2380 1683 2558 1735 omnia
2614 1689 2738 1735 sunt
2771 1680 2843 1734 illi
2906 1690 3111 1750 aperta.
3160 1677 3305 1731 Nihil
3333 1686 3416 1732 est

1844 1771 1984 1839 quod
2025 1771 2313 1840 impediat;
2352 1773 2483 1826 nihil
2512 1774 2653 1840 quod
2683 1771 2882 1830 olﬁciat
2908 1781 2960 1825 et
2984 1771 3181 1827 obstet.
3222 1768 3415 1824 Omnia

3432 912 3625 1103 β

3447 1650 3517 1708 ί..

179 1853 257 1900 καὶ
282 1852 333 1902 αἱ
358 1852 470 1904 ἄνω
502 1852 809 1924 ὑπέρταται
837 1852 1093 1924 δυνάμεις
1120 1854 1256 1925 (24),
1278 1858 1395 1919 ταῖς
1426 1855 1575 1906 κάτω
1600 1871 1738 1925 παρ-

1851 1864 2073 1916 υοιιιὶιιο
2097 1872 2221 1917 sunt
2250 1875 2457 1933 aperta.
2494 1863 2644 1920 Unde
2671 1866 2831 1919 etiam
2864 1878 3128 1935 supremze
3155 1863 3208 1918 in
3237 1861 3417 1918 excei-
3518 1872 3523 1883 ‘

176 1940 450 2008 εγγυῶσαι,
495 1944 809 2016 κεκράγασι
863 1945 1147 2012 λέγοντες·
1190 1947 1393 2014 Ἄρατε
1434 1947 1653 2012 πύλας,
1689 1948 1741 1999 οἱ

177 2030 467 2099 ἄρχοντες,
515 2034 713 2103 ὑμῶν.
755 2036 853 2088 καὶ
898 2036 1211 2104 ἐπάρθητε,
1259 2038 1446 2090 πύλαι
1497 2036 1737 2096 αἱὼνιοι,

177 2128 255 2179 καὶ
274 2127 693 2179 εἰσελεύσεται
716 2128 749 2179 ὀ
767 2126 1067 2192 βασιλεὺς
1091 2124 1200 2193 τῆς
1218 2125 1419 2193 δόξης.
1444 2126 1741 2198 Θαυμαστὴ

176 2220 380 2290 τοίνννὴ
410 2218 710 2289 παρθενία,
742 2221 776 2289 ἡ
803 2217 971 2281 ὅντως
997 2216 1203 2288 ἀληθὴς
1233 2216 1520 2287 παρθενία,
1554 2216 1740 2288 ἐπειδή

176 2314 273 2365 ἐστι
326 2312 419 2365 καὶ
472 2314 535 2364 ἐν
600 2310 870 2383 παρθενίᾳ
922 2310 1174 2380 διαφορά.
1224 2311 1290 2361 Ai
1344 2309 1442 2379 μὲν
1480 2310 1743 2375 νυστάξα-

178 2413 249 2448 σαι
277 2398 403 2467 (25),
432 2400 492 2451 ai
523 2398 583 2450 δὲ
610 2398 1049 2469 γρηγορήσασαι.
1096 2397 1420 2467 Θαυμαστὸς
1449 2399 1541 2451 καὶ
1583 2400 1611 2451 ὁ
1642 2398 1739 2466 γά-

182 2508 283 2559 μος.
327 2494 354 2544 ὁ
391 2492 632 2563 ἀληθὴς,
692 2492 789 2543 καὶ
831 2491 1039 2561 τίμιος·
1087 2490 1270 2543 πολλοὶ
1308 2491 1417 2561 γὰρ
1449 2490 1738 2560 ἐφύλαξαν,

180 2583 257 2634 καί
282 2581 455 2634 πολλοὶ
486 2582 927 2653 παρεσὰλευσαν.
968 2582 1269 2652 Θαυμαστὴ
1311 2583 1368 2635 δὲ
1398 2582 1492 2635 καὶ
1522 2584 1554 2651 ἡ
1583 2599 1742 2653 χηρο-

179 2675 310 2743 σύνῃ.
332 2674 513 2728 Καλὸν
540 2676 650 2747 γὰρ
671 2674 781 2728 τῶν
811 2674 977 2746 τριῶν
1002 2675 1295 2744 ταγμάτων
1325 2674 1739 2745 ἁπομνημονεῦο

180 2783 272 2821 σαι.

234 2947 301 2999 A'.
330 2946 461 3013 Καὶ,
488 2946 571 3009 ὡς
599 2949 882 3017 προεῖπον,
912 2945 1194 3017 θαυμαστὴ
1216 2945 1312 3000 καὶ
1334 2945 1678 3018 ήχηροσύνη,
1703 2948 1737 3019 ἡ

176 3037 319 3100 ὅντως
353 3037 668 3109 χηροσύνῃ·
705 3039 738 3107 ἡ
770 3036 879 3091 τῶν
916 3037 1195 3107 ἀμιάντων
1223 3037 1399 3091 ἄθλων
1433 3038 1622 3107 ἀγῶνα
1662 3057 1739 3093 νι-

178 3128 390 3196 κήσασα,
422 3132 456 3198 ἡ
490 3128 657 3197 τιμία
687 3127 1024 3196 καικαθαρὰ
1056 3127 1150 3179 καὶ
1192 3127 1478 3198 ἁκίδδηλος
1499 3145 1513 3159 ·
1546 3130 1579 3197 ἡ
1611 3130 1737 3183 ἄνευ

178 3192 255 3268 τοδ
304 3192 456 3270 ἰδίου.
476 3192 740 3285 συζύγου,
774 3192 1385 3288 ῥύπου-ἀνεπίμικτος.-
1405 3219 1506 3271 Οἴα
1546 3192 1735 3287 γέγονε
1765 3192 1806 3248 C

176 3308 306 3378 καὶὴ
333 3310 533 3379 ἀρτίως
568 3312 702 3380 ἡμῖν
736 3310 1210 3378 παραγνωσθεῖσα,
1258 3310 1424 3363 Ἀννα
1461 3311 1494 3379 ἡ
1523 3310 1733 3382 προφῆ·

175 3415 265 3463 τις,
292 3402 321 3469 ἡ
347 3400 529 3463 καλῶς
552 3399 871 3471 γηράσασα,
916 3400 1006 3452 καὶ
1033 3399 1108 3462 ὡς
1146 3399 1305 3463 ἀετὸς
1340 3401 1737 3455 ἀνακαινισθεϊ-

178 3508 252 3544 σα.
281 3494 507 3556 Ἥκουες
533 3493 647 3565 γὰρ
679 3491 881 3563 ἀρτίως
909 3490 1002 3543 τοῦ
1030 3491 1416 3559 εὐαγγελιστοῦ
1445 3492 1630 3545 Λουκᾶ
1651 3491 1735 3544 λέ-

177 3598 363 3649 γοντος
406 3584 521 3639 Καὶ
577 3580 659 3653 ἦν
713 3585 894 3637 Ἅννα
929 3581 1259 3656 προφῆτις,
1307 3585 1568 3654 θυγάτηρ
1619 3588 1735 3639 Φα-

177 3674 369 3740 νουὴλ,
398 3677 466 3730 ἐκ
516 3674 727 3745 φυλῆς
777 3674 973 3742 Ἀσὴρ,
1022 3675 1174 3743 αὕτη
1225 3675 1627 3743 προϐεϐηκυῖα
1667 3677 1737 3729 ἐν

176 3767 395 3834 ἡμέραις
426 3768 709 3832 πολλαῖς,
746 3765 980 3833 ζήσασα
1011 3767 1162 3837 μετὰ
1204 3767 1310 3821 τοῦ
1361 3767 1580 3835 ἀνδρὸς
1629 3768 1733 3837 ἐτη

176 3858 303 3913 ἑπτὰ
337 3861 451 3913 ἀπὸ
491 3859 605 3928 τῆς
646 3861 968 3929 παρθενίας
1005 3859 1230 3928 αὐτῆς·
1265 3861 1364 3915 καὶ
1397 3862 1549 3927 αὕτη
1580 3862 1736 3930 χήρα

177 3952 245 4016 ὡς
274 3953 415 4007 ἐτῶν
447 3954 827 4023 ὁγδοήκσντα
848 3952 1161 4022 τεσσάρων
1184 3972 1197 3985 ο
1229 3952 1267 4021 ἢ
1298 3957 1409 4008 οὐκ
1442 3954 1735 4023 ἀφίστατο

177 4045 278 4097 ἀπὸ
300 4047 397 4125 τοῦ
420 4047 605 4115 ἱεροῦ,
627 4047 935 4113 νηστείαις
959 4046 1071 4117 (26)
1096 4046 1191 4099 καὶ
1215 4046 1462 4113 δεήσεσι
1488 4049 1734 4117 λατρεύ-

180 4152 315 4190 ουσα
354 4140 540 4191 νύκτα
599 4138 698 4191 καὶ
750 4138 999 4206 ἡμέραν.
1047 4135 1197 4202 Εἶδες
1245 4140 1303 4192 ὲν
1345 4138 1474 4205 τίσι,
1514 4140 1609 4193 καὶ
1646 4142 1734 4194 οἶα

178 4231 360 4301 ήχήρα
406 4234 580 4284 Ἀννα
631 4231 691 4283 ὲν
723 4235 834 4294 τοῖς
873 4231 1037 4295 θείοις
1078 4232 1430 4300 Εὑαγγελίοις
1469 4234 1731 4302 ἐγκεκαλ-

178 4319 449 4388 λὼπισταις
482 4326 697 4386 Ὄντως
726 4325 913 4388 Ἅννα,
954 4326 986 4395 ἡ
1026 4326 1193 4377 Ἀννα
1228 4324 1361 4395 (‘27)-
1404 4325 1735 4397 συνέδραμεν

177 4414 233 4480 τῇ
258 4413 354 4465 τῶν
376 4414 599 4484 τρόπων
625 4411 839 4484 εὐδοξίᾳ
870 4416 905 4485 ή
935 4412 1029 4466 τοῦ
1058 4414 1319 4484 ὀνόματος
1359 4415 1698 4486 προσηγορία
1717 4429 1730 4444 ·

180 4503 497 4560 ἁκουέτωσαν
524 4508 587 4559 αἱ
613 4507 890 4573 γυναῖκες,
918 4506 1008 4559 καὶ
1031 4504 1375 4576 ζηλοὺτωσαν
1400 4506 1499 4576 τὴν
1524 4505 1729 4571 ἔνδοξον
1761 4536 1805 4590 D

182 4592 374 4658 Ἄνναν,
402 4599 497 4650 καὶ
544 4596 641 4649 τὸν
669 4597 854 4666 ὅμοιον
880 4596 1078 4668 δρόμον
1104 4597 1466 4667 τρεχέτωσαν,
1512 4598 1596 4650 ἵνα
1622 4597 1730 4650 τῶν

179 4683 288 4739 iam
308 4688 587 4757 στεφάνων
610 4687 977 4741 ἀπολαύσωσι.
1007 4688 1212 4758 Μηδεὶς
1237 4688 1572 4742 ἀποστασίαν
1597 4706 1730 4760 προ-

180 4778 465 4848 φασὶσηται,
501 4780 592 4832 ἵνα
618 4778 694 4850 μὴ
721 4778 821 4849 τὴν
843 4778 1065 4847 ἁγνείαν
1093 4778 1191 4849 τῆς
1227 4796 1425 4850 μονογα
1434 4780 1561 4850 μίας
1590 4780 1727 4833 ἀπο-

180 4870 415 4939 etiamet.

1846 1956 1921 2008 sis
1948 1955 2198 2021 virtutes,
2232 1956 2419 2013 inferis
2453 1959 2743 2013 virtutibus
2775 1956 3013 2013 clamore
3061 1955 3412 2027 praecipiunt,

1845 2048 2120 2115 dicentes,
2157 2048 2344 2103 Tollite
2365 2061 2563 2118 portas,
2595 2052 2873 2121 principes,
2904 2060 3139 2107 vestras:
3169 2059 3217 2104 et
3246 2047 3415 2105 eleva-

1843 2140 1989 2207 mini,
2024 2151 2187 2209 portae
2223 2142 2513 2209 wternales,
2540 2152 2588 2197 et
2623 2144 2856 2198 introibit
2896 2159 2988 2198 rex
3019 2142 3201 2213 gloria:
3222 2141 3288 2197 “.
3320 2141 3417 2197 Est

1842 2247 1972 2302 ergo
2006 2234 2285 2305 virginitas
2330 2236 2683 2301 admirabilis,
2720 2251 2867 2302 vera,
2921 2236 3160 2306 inquam,
3190 2234 3415 2306 virgini-

1843 2331 1957 2387 tas;
1983 2326 2198 2392 quando
2227 2325 2389 2379 etiam
2423 2326 2476 2379 in
2505 2325 2811 2395 virginitate
2834 2325 3123 2380 discrimen
3144 2333 3247 2379 est.
3278 2323 3411 2377 Aliae

1844 2415 2107 2484 siquidem
2136 2417 2371 2486 virgines
2400 2417 2845 2480 dormitaverunt,
2881 2417 3000 2471 aliae
3030 2414 3247 2471 luerunt
3276 2414 3412 2483 vigi-

1845 2508 1942 2564 les.
1975 2507 2079 2561 Sed
2103 2518 2156 2562 et
2188 2510 2589 2562 matrimonium
2622 2518 2704 2564 est
2731 2508 3069 2573 admirabile,
3097 2522 3304 2573 verum,
3335 2508 3410 2559 iu-

1841 2612 2022 2667 quam,
2060 2597 2187 2652 illud
2219 2607 2273 2651 et
2310 2598 2643 2653 honorabile.
2678 2597 2824 2651 Multi
2868 2597 3012 2652 enim
3041 2602 3411 2651 servaverunt.

1842 2688 2105 2756 multique
2168 2688 2585 2742 lahei‘actarunt.
2655 2685 3005 2741 Admirabilis
3062 2683 3413 2751 nihilominus

1840 2777 2004 2830 etiam
2038 2777 2290 2832 viduitas.
2349 2777 2502 2832 Haud
2538 2778 2679 2832 enim
2746 2777 2978 2832 alienum
3038 2790 3069 2829 a
3130 2783 3413 2841 recto,,ut

1841 2868 2005 2922 trium
2045 2870 2293 2923 ordinum
2327 2870 2651 2925 mentionem
2679 2867 2959 2924 faciamus.

1910 2958 2000 3015 IV.
2038 2960 2235 3029 Atque,
2274 2967 2334 3012 ut
2364 2958 2516 3030 prius
2557 2958 2824 3024 dicebam,
2851 2957 3014 3011 ctiam
3053 2954 3283 3010 viduitas
3316 2954 3413 3009 ad-

1842 3046 2107 3102 mirabilis
2132 3057 2237 3113 est,
2266 3063 2392 3103 vera
2419 3047 2508 3101 illa
2547 3048 2775 3101 viduitas
2806 3062 2820 3101 :
2860 3060 2979 3115 quae
3012 3044 3064 3099 in
3117 3046 3412 3100 certamine

1841 3137 2306 3193 immaculatorum
2348 3139 2693 3206 praemiorum
2725 3136 2934 3191 exstitit
2959 3135 3151 3190 victrix
3175 3135 3222 3167 ⁸⁸
3247 3151 3263 3201 ;
3290 3150 3411 3205 qua:

1842 3228 2172 3284 honorabilis
2206 3240 2261 3283 et
2285 3244 2417 3297 pura
2450 3239 2556 3295 est,
2587 3243 2685 3284 nec
2704 3227 2959 3282 ementita
2994 3240 3010 3280 :
3046 3241 3164 3296 quas
3186 3236 3409 3296 excepta

1839 3319 2088 3389 coniugis
2148 3319 2581 3385 consuetudine,
2647 3318 2817 3387 turpis
2866 3316 2943 3372 rei
3002 3317 3409 3386 inquinamenta

1839 3408 2030 3462 nescit.
2060 3405 2204 3461 Talis
2230 3405 2349 3471 fuit,
2376 3420 2495 3475 qua:
2522 3405 2677 3460 nobis
2697 3406 2875 3468 modo,
2907 3403 3157 3460 lectionis
3179 3405 3407 3459 decursu

1839 3499 2057 3555 inducta
2082 3509 2186 3562 est,
2226 3499 2380 3553 Anna
2407 3497 2768 3570 prophetissa,
2789 3496 2927 3552 bono
2954 3504 3203 3565 provecta
3234 3497 3409 3559 senio,

1839 3605 1904 3645 ac
1932 3599 2185 3658 tanquam
2217 3589 2395 3659 aquila
2422 3600 2678 3645 renovata
2701 3589 2769 3643 “.
2797 3589 3005 3645 Audieti
3027 3587 3172 3643 enim
3202 3602 3306 3641 non
3338 3588 3407 3641 ita

1837 3682 2042 3752 pridem
2064 3681 2265 3736 Lucam
2293 3680 2676 3751 evangelistam
2696 3680 2958 3735 dicentem
2987 3697 3001 3734 :
3030 3678 3100 3732 Et
3122 3685 3235 3732 erat
3256 3678 3407 3731 Anna

1836 3770 2181 3839 prophetissa,
2210 3770 2324 3838 ﬁlia
2359 3768 2623 3834 Phanuel,
2674 3770 2738 3822 de
2777 3767 2917 3822 tribu
2945 3767 3075 3821 Aser
3108 3781 3127 3820 :
3160 3766 3271 3820 htec
3299 3781 3412 3833 pro-

1844 3871 2065 3915 cesserat
2108 3862 2161 3914 in
2212 3861 2391 3914 diebus
2421 3859 2620 3923 multis,
2655 3869 2703 3912 et
2745 3861 2942 3913 vixerat
2991 3873 3107 3911 cum
3158 3858 3268 3911 viro
3313 3873 3408 3911 suo

1837 3954 1989 4006 annis
2021 3961 2213 4023 septem
2251 3968 2284 4005 a
2312 3952 2605 4022 virginitate
2657 3967 2772 4004 sua.
2816 3949 2883 4004 Et
2917 3950 3029 4005 lucc
3059 3950 3215 4003 vidua
3249 3966 3409 4014 usque

1837 4045 1906 4098 ad
1935 4060 2099 4098 annos
2128 4045 2389 4114 octoginta
2445 4054 2844 4113 quatuor:qua:
2910 4058 3012 4095 non
3054 4041 3347 4094 discedebat
3373 4058 3408 4093 α

1836 4133 2051 4201 templo,
2068 4133 2292 4204 jejuniis
2322 4144 2369 4186 et
2413 4132 2851 4186 obsecrationibus
2891 4132 3115 4186 serviens
3160 4139 3306 4184 nocte
3346 4145 3408 4183 ac

1835 4226 1920 4280 die
1945 4227 2013 4280 ".
2056 4226 2301 4279 Vidistin'
2343 4227 2575 4293 quibus,
2627 4236 2680 4279 et
2715 4224 2889 4294 qualis
2936 4224 3203 4278 exsistens
3252 4224 3409 4276 Anna

1835 4320 2019 4381 vidua,
2044 4317 2098 4371 in
2132 4320 2305 4372 sacris
2338 4318 2644 4387 Evangeliis
2674 4316 3023 4371 hOnestetur?
3053 4316 3229 4381 Anna,
3280 4328 3409 4369 vere

1839 4410 2014 4464 Anna.
2051 4408 2318 4479 Spectatis
2366 4409 2629 4472 moribus,
2659 4424 2839 4463 comes
2898 4408 3123 4462 accessit
3172 4405 3407 4459 nominis

1836 4502 2139 4570 appellatio.
2167 4503 2399 4555 Andiant
2428 4501 2702 4566 mulieres,
2729 4499 2996 4554 etclaram
3024 4499 3165 4551 illam
3193 4497 3403 4550 Annam

1838 4596 2177 4659 temulenter,
2211 4609 2501 4664 paremque
2557 4593 2846 4648 conﬁciant
2881 4605 3120 4653 cursum,
3162 4597 3220 4643 ut
3247 4600 3403 4659 pares

1835 4700 2047 4755 quoque
2074 4700 2300 4742 coronas
2328 4695 2746 4755 consequantur.
2794 4684 2871 4740 Ne
2896 4698 3016 4753 qua
3056 4697 3114 4738 se
3154 4688 3405 4736 causetur

1834 4781 2143 4834 destitutam
2175 4791 2425 4849 patrono,
2456 4790 2511 4833 ut
2538 4794 2604 4833 ne
2628 4779 2772 4834 unici
2812 4776 3141 4832 matrimonii
3187 4774 3404 4828 castita-

1834 4882 1937 4927 tem
1965 4882 2018 4928 et
2046 4874 2455 4928 sanctimoniam
2485 4872 2742 4927 excutiat.

242 5066 282 5097 “
309 5066 497 5124 Ezech.
529 5084 677 5135 XLIV,
698 5071 755 5122 2.
832 5068 876 5100 δ’
903 5068 1042 5123 Psal.
1080 5085 1234 5135 mn,
1259 5072 1312 5136 7,
1357 5070 1411 5125 9.
1497 5071 1543 5103 '°
1570 5069 1696 5139 Sap.
1731 5085 1738 5123 l

1846 5068 1882 5122 Β.
1960 5069 2167 5125 “Psal.
2194 5087 2290 5133 cn,
2328 5072 2381 5125 5.
2454 5071 2498 5101 δ’
2530 5070 2660 5123 Luc.
2706 5085 2765 5131 ιι,
2805 5068 2893 5133 56,
2918 5068 3006 5121 57.

378 5223 671 5301 ξυνετῶς.
705 5223 964 5301 Impressa
1006 5225 1263 5301 συνεχῶς.

242 5290 341 5363 (24)
385 5294 739 5369 '_Y:_téptat_ttt
769 5292 1073 5369 δυνάμεις.
1100 5290 1294 5365 Aptius
1322 5294 1461 5369 forte
1500 5295 1726 5369 ὑπέρτε-

1826 5228 2098 5297 praecipit,
2130 5235 2191 5279 ut
2222 5235 2277 5279 et
2312 5226 2583 5295 desipere,
2621 5226 2937 5297 dormitare.

1895 5295 2007 5367 (26)
2046 5297 2389 5368 Νηστείαις,
2436 5314 2488 5349 κ.
2529 5313 2578 5349 τ.
2620 5295 2831 5368 agam.
2870 5297 3001 5368 ᾕτις
3029 5299 3087 5352 ἐν
3124 5298 3400 5368 νηστείαις

186 5373 361 5439 pauet
395 5366 595 5439 habent
628 5366 716 5417 alii
742 5366 1001 5439 codices;
1041 5377 1097 5418 ιιι
1129 5377 1332 5439 tantum
1360 5365 1726 5436 signiﬁcentur

1846 5368 1919 5439 ια).
1951 5365 2168 5439 δεήσεσι
2202 5366 2531 5439 ᾲὲλᾷᾁτρευσεν
2567 5368 2625 5421 ὲν
2661 5366 2738 5437 τῷ
2775 5365 2924 5436 ἱερῷ.
2972 5368 3089 5423 Mox
3135 5365 3260 5423 vero
3303 5386 3401 5438 pro

186 5431 331 5502 angeli
374 5437 677 5502 superiores
722 5434 1081 5497 dtemonibus,
1134 5448 1188 5489 et
1228 5431 1446 5489 Christo
1478 5439 1722 5490 comites.

195 5497 495 5575 ’Υπέρτεραι
515 5504 723 5556 τούτων
753 5503 1032 5574 δυνάμεις,
1060 5505 1142 5559 sin
1172 5518 1377 5559 natura:
1397 5506 1721 5573 conditione,

188 5576 233 5618 al
256 5574 383 5641 dono
412 5580 615 5641 gratiae.

1826 5425 2044 5509 εὐδοξία
2064 5438 2132 5490 al.
2164 5425 2364 5509 εὐεξία.

1901 5496 2025 5578 (Ξᾞ
2053 5509 2231 5561 Ἅννα
2264 5496 2450 5574 δί’τως
2488 5509 2686 5562 Ἄννα.
2743 5508 2834 5564 Sic
2867 5510 3187 5578 simpliciter
3218 5508 3398 5563 reddi-

1830 5594 1981 5645 mus;
2014 5593 2121 5631 non
2155 5579 2418 5649 explicata
2465 5594 2596 5634 voce
2623 5582 2803 5649 Anna,
2835 5590 2893 5633 ut
2944 5596 3041 5633 nec
3084 5587 3275 5632 auctor
3304 5595 3398 5633 ex-

246 5638 345 5712 (25)
377 5638 443 5697 Ai
614 5642 1019 5717 ηστὰξασᾳι.
1058 5642 1217 5709 Dicit,
1253 5657 1357 5717 non
1403 5646 1588 5710 verba,
1628 5646 1721 5701 sed
1829 5638 2048 5717 plieavit
2081 5664 2094 5701 :
2124 5656 2181 5701 ut
2210 5638 2354 5702 enim
2404 5650 2579 5714 nobis,
2618 5638 2830 5717 Gratia,
2869 5651 2939 5703 ita
2970 5650 3043 5702 illi
3086 5650 3272 5702 luisset
3303 5665 3399 5700 cx-

187 5714 854 5790 sensum_pat;abol:e:vere
874 5714 1048 5790 enim,
1080 5716 1723 5790 sapere,gvigil_areest,et
1830 5714 2095 5790 ponenda,
2148 5720 2327 5789 χάρις.
2387 5720 2559 5775 Aliter
2610 5714 2873 5790 impressa
2908 5720 3265 5789 distinguunt,
3301 5722 3397 5776 sed

186 5782 429 5845 quomodo
474 5783 735 5839 Dominus
790 5786 844 5839 in
900 5785 1171 5854 parabolis
1226 5785 1344 5841 aliis
1368 5782 1719 5856 uigilandum
1828 5782 2021 5845 minori
2061 5782 2250 5860 gratia.
