3796 6304
384 340 441 395 51

1330 340 1388 395 S.
1430 336 1873 395 AMPHILOCHII
1918 334 2302 392 ICONIENSIS
2342 333 2647 391 EPISCOPl

3552 333 3629 390 59

464 458 528 513 ν.
552 456 647 510 Est
668 457 844 523 Anna,
868 472 1066 512 corona
1098 457 1378 513 mulierum
1411 460 1714 521 viduarum,
1756 456 1941 512 condi-

2115 453 2188 506 E'.
2210 452 2476 522 Στέφανος
2498 451 2606 504 τῶν
2640 450 2822 521 χηρῶν
2862 450 2894 520 ἡ
2932 450 3118 511 Ἀννα,
3158 448 3292 519 γυνὴ
3320 448 3380 502 τὺ
3412 450 3627 521 σχῆμα,

383 557 528 609 tione
560 564 612 608 et
651 568 779 607 sexu
815 552 1023 614 mul‘ier,
1055 552 1245 606 ordine
1272 553 1634 623 prophetissa,
1679 553 1730 604 in
1765 550 1940 605 vidui-

381 657 493 701 tate
515 648 731 714 degens,
775 644 827 698 in
861 658 1026 713 regno
1064 658 1249 712 agens,
1314 658 1538 712 corpore
1587 642 1838 712 languido
1886 647 1941 695 et

2045 544 2313 614 προφῆτις
2341 542 2401 594 τὸ
2438 543 2621 611 τάγμα
2643 558 2655 570 ⁸
2689 542 2746 593 ὲν
2765 540 3037 611 χηροσύνῃ
3064 539 3344 605 διάγουσα,
3385 540 3440 591 ὲν
3469 539 3613 609 βασι

2044 635 2162 705 λείᾳ
2211 632 2642 705 διαστρεφομένη
2663 647 2678 661 ο
2712 630 3091 701 κεχαλασμένη
3124 629 3184 682 τὸ
3225 628 3403 699 σῶμα,
3439 647 3621 682 νενευ-

381 737 740 799 flaccescenti,
769 735 987 789 robusto
1018 736 1220 799 animo,
1250 736 1403 805 enjus
1435 735 1624 788 faciem
1650 748 1794 800 rugae
1821 747 1942 785 con-

2074 725 2263 795 »ωμένη
2308 724 2405 794 τὴν
2448 724 2626 795 ψυχήν
2646 741 2658 753 ³
2691 721 3103 816 ἐρρυτιδωμένη
3135 720 3234 791 τὴν
3270 719 3410 790 ὄψιν,
3439 721 3630 774 διατε-

384 829 677 893 traherent,
705 827 985 894 prudentia
1019 828 1352 890 extenderet,
1372 834 1648 881 senectute
1694 824 1937 887 incurva,

383 928 525 973 recta
552 920 803 972 incedens
842 917 1262 987 scientia,longa
1305 918 1613 971 annositate
1659 923 1899 968 veterata
1923 952 1937 976 ,

380 1011 602 1065 scientia
632 1008 726 1064 Dei
759 1009 964 1080 vigens,
995 1007 1265 1079 jejunans,
1290 1023 1396 1063 non
1446 1023 1504 1062 se
1550 1006 1669 1062 cibo
1697 1006 1938 1075 ingurgi-

383 1109 536 1154 tans:
570 1114 759 1164 orans,
800 1114 905 1159 non
932 1108 1110 1153 mente
1149 1114 1324 1166 vaga;
1357 1098 1408 1150 in
1466 1097 1663 1166 templo
1704 1109 1938 1157 vacans,

381 1206 485 1243 non
515 1206 610 1259 per
659 1192 1137 1245 alienasoberrans
1177 1192 1399 1255 domos;
1432 1189 1656 1258 psalmis
1708 1188 1935 1250 intenta,

382 1298 489 1337 ron
526 1283 719 1355 nugis:
762 1283 1113 1353 prophetans,
1143 1297 1246 1336 non
1281 1281 1490 1336 fabulas
1537 1280 1808 1349 loquens-:
1856 1278 1942 1332 di-

380 1376 504 1427 vina
528 1376 823 1442 meditans,
858 1388 968 1429 non
997 1374 1279 1427 inhonesta
1331 1386 1651 1442 procurans.
1710 1371 1944 1439 Supera-

382 1468 459 1521 vit
510 1467 703 1531 Anna,
764 1481 926 1536 quam
994 1464 1283 1533 Apostolus
1349 1465 1559 1516 beatam
1617 1462 1944 1526 depraadicat

382 1556 619 1610 viduam.
674 1554 846 1622 Quam
900 1553 1090 1607 illam?
1139 1552 1274 1607 Audi
1340 1552 1563 1607 Paulum
1636 1552 1940 1605 dicentem:

389 1649 559 1703 Vidua
582 1648 828 1719 eligatur,
852 1663 955 1700 non
988 1645 1254 1714 pauciores
1285 1661 1448 1698 annos
1481 1645 1752 1713 sexaginta
1783 1653 1943 1705 nata;

379 1741 424 1792 si
452 1739 591 1807 ﬁlios
613 1738 850 1792 educavit
871 1754 890 1802 ;
914 1738 958 1789 si
976 1746 1279 1790 sanctorum
1310 1736 1463 1805 pedes
1492 1736 1656 1797 lavit;
1689 1734 1735 1787 si
1770 1733 1942 1803 egenis

2042 815 2248 884 ταμένη
2290 814 2385 885 τὴν
2412 814 2671 885 φρόνησιν
2695 830 2709 844 ο
2744 812 3011 883 τῴ’γήρᾳ
3049 812 3161 882 (28)
3211 814 3631 879 συγκύπτουσα,

2044 905 2409 975 όρθοϐατοῦσα
2434 908 2498 976 τῇ
2529 904 2725 973 γνώσει
2746 921 2759 933 '
2789 908 2855 975 τῇ
2884 904 3139 975 πολυετίᾳ
3166 904 3628 976 πεπαλαιωμένη,

2046 996 2329 1066 σφριγῶσα
2370 999 2436 1066 τῇ
2473 995 2801 1065 θεογνωσίᾳ·
2843 994 3200 1064 νηστεύουσα,
3230 994 3324 1046 καὶ
3370 992 3444 1064 μὴ
3484 993 3627 1062 ἁδη-

2043 1085 2317 1153 φαγοῦσα’
2364 1085 2623 1155 δεομένη,
2680 1086 2776 1137 καὶ
2838 1085 2913 1155 μὴ
2967 1084 3308 1155 ῥεμϐομένηο
3357 1084 3434 1154 τῷ
3488 1084 3629 1155 ίερῷ

2046 1177 2396 1248 σχολάζουσα,
2426 1178 2516 1230 καὶ
2538 1176 2846 1247 ἀλλοτρίους
2876 1176 3058 1238 οἴκους
3095 1176 3168 1247 μὴ
3202 1176 3625 1247 περιτρέχουσα·

2042 1267 2337 1337 ψάλλουσα,
2370 1268 2463 1320 καὶ
2488 1268 2561 1338 μὴ
2591 1266 2923 1338 φλυαροῦσα’
2948 1266 3382 1337 προφητεύουσα,
3415 1268 3507 1318 καὶ
3541 1267 3626 1336 μὴ

2046 1359 2449 1429 μυθολογοῦσα·
2510 1361 2629 1411 θεῖα
2680 1360 2978 1429 μελετῶσα,
3026 1360 3119 1411 καὶ
3170 1358 3236 1411 τὰ
3284 1358 3494 1428 ἄσεμνα
3540 1360 3627 1428 μὴ

2045 1450 2411 1521 προξενοῦσαο
2465 1450 2801 1520 ὑπερέϐαλεν
2847 1452 2878 1520 ή
2926 1451 3093 1502 Ἀννα
3158 1450 3257 1520 τὴν
3313 1448 3465 1519 παρὰ
3520 1449 3627 1501 τοῦ

2030 1542 2377 1605 ,Ἀποστόλου
2428 1540 2865 1611 μακαριζομένην
2907 1542 3107 1611 χήραν·
3162 1540 3319 1593 ποίαν
3371 1539 3626 1609 ταύτην;

2047 1634 2246 1686 Ἀκουε
2296 1631 2505 1685 Παύλου
2556 1632 2843 1700 λέγοντος·
2890 1632 3053 1699 Χήρα
3090 1629 3502 1699 καταλεγέσθω
3529 1630 3627 1699 μὴ

2044 1725 2297 1779 ἔλαττον
2327 1724 2476 1777 ἑτῶν
2508 1724 2803 1789 ἐξήκοντα
2841 1721 3138 1791 γεγονυῖα,
3177 1723 3231 1774 εὶ
3277 1721 3628 1788 ἐτεκνοτρό-

379 1832 825 1893 subministravit;
858 1831 902 1884 si
930 1845 1079 1883 omne
1105 1845 1232 1894 apus
1255 1828 1443 1882 bonum
1476 1837 1735 1881 assectata
1787 1826 1939 1879 est”.

2074 1833 2241 1885 moer
2261 1834 2274 1846 ·
2302 1818 2355 1869 εὶ
2384 1816 2567 1885 ἁγίων
2589 1814 2781 1879 πόδας
2805 1812 3017 1881 ἔνιψεν
3036 1829 3049 1842 ·
3081 1814 3132 1865 εί
3159 1810 3465 1880 δεομένοις
3505 1811 3627 1878 (29)

382 1921 670 1991 Superavit
696 1921 830 1986 haec,
853 1934 1019 1989 quam
1055 1918 1345 1987 Apostolus
1369 1916 1582 1970 beatam
1607 1915 1943 1985 praedicavit,

384 2010 779 2070 et.annositate
813 2019 868 2063 et
898 2010 1024 2063 vitae
1047 2007 1333 2064 institutis.
1376 2007 1506 2073 Quae
1540 2006 1683 2060 enim
1714 2005 1944 2076 prophe-

386 2106 517 2159 tiam
553 2112 841 2159 consecuta
868 2110 1045 2168 est,et
1076 2100 1310 2170 Spiritus
1341 2101 1514 2154 sancti
1546 2104 1945 2168 receptaculum

381 2197 504 2259 fuit,
533 2193 891 2261 omnibusque
920 2192 1121 2246 Christi
1152 2192 1203 2244 in
1233 2205 1398 2245 carne
1435 2190 1723 2244 adventum
1751 2204 1945 2257 exspe-

384 2288 677 2355 ctantibus,
716 2288 867 2355 signa
892 2286 1156 2340 adventus
1179 2284 1457 2348 indicavit,
1494 2282 1585 2350 qui
1622 2298 1724 2335 non
1761 2282 1948 2335 viduas

383 2393 575 2433 Omnes
609 2379 990 2447 superaverit?
1029 2380 1094 2433 de
1132 2393 1234 2446 qua
1264 2378 1520 2430 nimirum
1545 2375 1743 2428 dixerit
1777 2389 1945 2428 evan-

381 2470 595 2538 gelista.
625 2480 680 2524 ut
706 2470 866 2524 modo
896 2470 1088 2524 audisti
1112 2489 1126 2523 :
1153 2469 1218 2522 Et
1251 2474 1383 2535 haec,
1410 2469 1609 2536 inquit,
1669 2468 1782 2536 ipsa
1819 2466 1949 2519 hora

387 2562 774 2633 superveniens,
808 2562 1033 2616 vicissim
1053 2560 1394 2629 conﬁtebatur
1422 2558 1669 2624 Domino,
1695 2569 1743 2612 et
1774 2558 1951 2627 loque-

396 2660 553 2712 batur
607 2659 845 2712 omnibus
895 2660 984 2728 qui
1036 2656 1406 2726 exspectabant
1449 2657 1844 2723 redemptionem
1895 2656 1949 2709 in

388 2749 719 2804 Hierusalem
760 2749 826 2803 “.
869 2749 1305 2803 Vidistin’Annaa
1333 2747 1786 2816 magnificentiam
1807 2747 1830 2799 ?
1850 2747 1952 2800 Do-

392 2844 535 2898 mino
564 2850 849 2912 patronam
877 2842 1089 2911 agebat,
1133 2856 1316 2895 coram
1371 2849 1642 2908 praesente
1697 2854 1786 2893 res
1832 2837 1949 2905 ejus

394 2934 642 3003 loquens.
678 2933 722 2989 Ο
755 2949 841 2988 res
880 2948 1046 2987 novas
1078 2940 1131 2987 et
1158 2932 1463 2987 inauditas!
1506 2930 1674 2985 Vidua
1710 2941 1867 2996 erat;
1900 2940 1955 2983 at

389 3026 696 3080 Sacerdotes
730 3034 784 3079 et
833 3024 1039 3080 scribas
1088 3023 1400 3087 mordebat,
1430 3058 1439 3065 ς
1468 3023 1831 3090 mordensque
1896 3030 1950 3073 et

391 3116 692 3183 oflendens,
729 3115 982 3185 populum
1006 3115 1319 3169 universum
1346 3115 1676 3179 oblectabat,
1716 3114 1948 3167 futuram

393 3207 602 3261 Domini
627 3208 857 3262 adventu
888 3207 1273 3278 Hierosolymis
1298 3207 1724 3276 redemptionem
1745 3222 1955 3260 annun-

394 3300 573 3365 tians;
621 3301 687 3354 ad
750 3315 843 3355 eos
904 3301 1124 3370 loquens
1188 3301 1279 3370 qui
1346 3300 1570 3354 aderant
1631 3309 1685 3355 et
1732 3299 1945 3355 Domini

396 3391 643 3463 symbola
678 3391 1007 3461 signiﬁcans.
1051 3391 1279 3447 Videbat
1307 3393 1457 3447 Anna
1490 3392 1746 3446 infantem
1778 3394 1955 3447 Domi-

402 3498 567 3549 num;
598 3482 950 3550 videbatquaz
974 3498 1069 3551 pro
1094 3483 1209 3552 ipso
1224 3491 1277 3535 et
1307 3498 1428 3536 cum
1449 3483 1563 3551 ipso
1589 3482 1955 3537 oiferebantur

395 3589 641 3637 munera,
670 3582 725 3627 et
753 3573 1061 3642 expiatoria:
1100 3574 1308 3637 hostiae,
1338 3589 1436 3628 nec
1461 3575 1637 3627 atatis
1679 3576 1944 3641 parvitate

396 3663 595 3719 offensa
642 3672 746 3720 est.
808 3663 977 3719 Deum
1036 3666 1185 3723 Anna
1244 3665 1490 3720 confessa
1550 3675 1633 3718 est
1675 3664 1955 3731 infantem,

398 3758 667 3811 medicum
696 3767 752 3813 et
794 3758 1190 3829 redemptorem
1217 3757 1478 3826 validum,
1504 3768 1960 3830 peccatorumque

398 3851 897 3908 exterminatorem.

469 4090 662 4145 VLNe
714 4092 942 4160 vageris,
986 4092 1332 4157 charissima,
1385 4093 1703 4161 simpliciter
1740 4103 1964 4162 praster-

402 4181 520 4236 iens
575 4183 745 4236 Anum
781 4184 963 4237 verba.
1005 4182 1267 4238 Omnibus
1308 4183 1399 4251 qui
1433 4184 1682 4247 aderant,
1722 4183 1964 4236 insinua-

406 4274 499 4328 bat
533 4272 867 4329 Dominicam
898 4274 1175 4339 virtutem,
1196 4274 1248 4328 in
1274 4275 1388 4329 hazc
1415 4275 1578 4329 verba
1610 4284 1965 4344 congregatos

405 4364 721 4433 alloquens:
762 4363 989 4419 Huncne
1040 4366 1233 4420 videtis
1285 4365 1567 4435 parvulum
1596 4406 1610 4430 ,
1657 4367 1963 4420 trahentem

406 4457 734 4511 mammam?
800 4457 1049 4527 papillam
1129 4473 1227 4513 ceu
1311 4458 1485 4513 fenori
1565 4459 1993 4527 accipientem?t

407 4551 839 4619 acquiescentem
894 4550 947 4604 in
1002 4551 1122 4605 sinu
1192 4551 1476 4604 materno?
1537 4558 1735 4605 terram
1784 4550 1961 4604 adhuc

410 4639 638 4709 pedibus
663 4638 840 4695 metiri
869 4655 972 4694 non
1002 4639 1307 4695 valentem?
1342 4649 1531 4695 octavo
1578 4640 1963 4695 circumcisum

410 4732 498 4786 die
530 4748 559 4786 a
590 4732 907 4788 nativitate?
938 4730 1178 4796 Huucne,
1229 4733 1472 4800 inquam,
1510 4732 1705 4788 videtis
1764 4748 1962 4802 parvu-

411 4824 553 4878 lum?
576 4825 673 4880 llic
703 4827 895 4881 srecula
918 4826 1165 4881 fundavit
1184 4827 1261 4879 l’5:
1290 4826 1392 4881 Hic
1409 4827 1575 4882 ctelos
1604 4827 1967 4882 testudinario

410 4917 838 4983 opereinﬂexit:
880 4918 979 4975 llic
1028 4928 1227 4973 terram
1275 4918 1966 4972 dilatavitetexteodit":

409 5007 509 5061 llic
556 5024 704 5062 mare
774 5024 937 5063 arena
992 5009 1513 5064 circumvallavit":
1560 5008 1823 5063 Parvulas
1868 5008 1971 5064 iste

415 5112 604 5156 ventos
660 5101 864 5172 profert
896 5103 962 5157 de
1005 5101 1270 5157 thesauris
1309 5107 1420 5156 suis
1457 5101 1531 5156 ’δε
1576 5100 1671 5157 Hic
1713 5101 1966 5171 parvulus

2047 1907 2382 1975 ἐπήρκεσεν
2403 1925 2412 1936 ·
2445 1910 2497 1959 ει
2520 1907 2697 1959 παντὶ
2723 1908 2872 1974 ἔργῳ
2890 1902 3087 1973 ἀναθῷ
3102 1903 3623 1970 ἐπηκολούθησεν.

2059 2000 2418 2072 ’Υπερέϐαλεν
2451 1998 2590 2067 α’ύτη
2623 1997 2718 2068 τὴν
2759 1996 2862 2050 ὑπὸ
2893 1995 2987 2048 τοῦ
3024 1995 3347 2047 Ἀποστόλου
3384 2010 3631 2066 μακαρι-

2050 2092 2290 2154 σθεῖσαν,
2333 2091 2427 2144 καὶ
2472 2093 2584 2152 τοῖς
2624 2089 2787 2151 ἔτεσι,
2827 2087 2921 2140 καὶ
2954 2089 3065 2149 τοῖς
3098 2085 3503 2155 πολιτεύμασιν.
3558 2084 3630 2136 Ἦ

2047 2184 2156 2254 γὰρ
2182 2181 2515 2255 προφητείας
2544 2179 2853 2245 ἀξιωθεῖσα,
2885 2178 2979 2231 καὶ
3018 2175 3332 2245 Πνεύματος
3361 2174 3515 2241 ἁγίου
3537 2173 3629 2225 δορ

2048 2278 2192 2345 χεῐον
2230 2270 2537 2342 ὑπάρξασα,
2582 2270 2679 2323 καὶ
2720 2270 2853 2321 πᾶσι
2884 2269 2996 2330 τοῖς
3029 2263 3477 2337 προσδεχομένοις
3523 2261 3629 2327 τὴν

2046 2366 2140 2419 τοῦ
2187 2365 2391 2434 Κυρίου
2443 2362 2705 2430 ἕνσαρκον
2759 2358 3079 2428 παρουσίαν,
3114 2354 3182 2407 τὰ
3224 2352 3467 2423 σύμϐολα
3521 2352 3630 2420 τῆς

2050 2457 2353 2529 παρουσίας
2378 2455 2683 2525 μηνύσασα,
2719 2451 2835 2514 πῶς
2867 2451 2968 2519 οὐχ
2993 2447 3382 2518 ὑπερηκόντισε
3405 2446 3587 2504 πάσας
3612 2460 3627 2507 ;

2048 2548 2142 2604 τοῦ
2185 2545 2571 2615 εὐαγγελιστοῦ
2599 2543 2726 2615 περὶ
2764 2542 2934 2610 αὐτῆς
2967 2539 3268 2609 εἰρηκότος,
3305 2535 3486 2598 καθὼς
3524 2535 3633 2605 ἁρ-

2050 2640 2179 2702 τίως
2216 2639 2439 2708 ἤκουεςδ
2491 2634 2599 2688 Καὶ
2647 2632 2821 2699 αὕτη,
2853 2630 3036 2700 φησὶν,
3065 2631 3101 2696 ἠ
3132 2630 3341 2690 Ἀγῆνα,
3370 2623 3523 2692 αὐτῇ
3550 2623 3633 2692 τῇ

2049 2730 2171 2798 ὥρᾳ
2219 2725 2535 2788 ἐπιστᾶσα,
2590 2718 3058 2789 ἂνθωιιολογεῐτο
3115 2716 3194 2782 τῷ
3248 2716 3462 2784 Κυρίῳ,
3527 2714 3631 2767 καὶ

2052 2816 2255 2871 ἐλάλει
2302 2814 2450 2867 πᾶσι
2487 2812 2609 2876 τοῖς
2656 2808 3161 2877 προσδεχομένοις
3210 2808 3516 2873 λύτρωσιν
3558 2805 3635 2856 ἐν

2066 2904 2480 2972 Ἰερουσαλήμ.
2518 2898 2666 2963 Εἶδες
2704 2900 2800 2969 τῆς
2844 2900 3039 2968 ’Δννης
3067 2896 3162 2967 τὴν
3200 2894 3631 2965 μεγαλειότητα;

2067 2996 2236 3066 ’Υπὲρ
2280 2994 2372 3047 τοῦ
2434 2993 2633 3064 Κυρίου
2684 2991 2989 3061 συνηγόρει,
3028 2990 3121 3041 ἐπὶ
3158 2987 3323 3041 αὑτοῦ
3360 2986 3427 3039 τὰ
3458 2985 3634 3038 αὑτοῦ

2056 3086 2389 3141 κατενώπιον
2412 3082 2668 3139 λαλοῦσα.
2696 3077 2764 3133 Ὦ
2788 3082 2895 3133 τῶν
2925 3079 3240 3151 παραδόξων
3258 3076 3630 3147 πραγμάτωνί

1983 3173 2023 3229 C
2057 3182 2235 3250 Χήρα,
2268 3178 2399 3231 ἀλλὰ
2440 3178 2566 3240 τοὺς
2601 3177 2762 3247 ἱερεῖς
2795 3175 2891 3227 καὶ⁸
2926 3173 3270 3244 γραμματεῖς
3317 3169 3633 3239 ὲδρίμυττε,

2058 3274 2151 3326 καὶ
2183 3271 2567 3343 δριμύττουσα,
2599 3269 2776 3321 πάντα
2822 3267 2910 3319 τὸν
2951 3265 3077 3318 λαὸν
3120 3259 3485 3333 ἐψυχαγώγει,
3528 3276 3638 3328 μη-

2058 3366 2259 3418 νύουσα
2290 3364 2389 3434 τὴν
2418 3362 2715 3434 μέλλουσαν
2749 3358 2966 3412 ἔσεσθαι
2994 3358 3261 3426 λύτρωσιν
3281 3356 3338 3406 ὲν
3366 3354 3638 3422 Ἰερουσα-

2060 3462 2191 3533 λὴμ,
2224 3462 2291 3530 τῇ
2333 3456 2426 3510 τοῦ
2468 3456 2672 3525 Κυρίου
2718 3451 3042 3521 ἐπιστασίᾳ·
3076 3449 3309 3514 λέγουσα
3345 3445 3480 3517 πρὸς
3506 3446 3639 3506 τοὺς

2062 3552 2348 3624 παρόντας,
2399 3548 2492 3602 καὶ
2537 3547 2607 3600 τὰ
2654 3544 2896 3615 σύμϐολα
2942 3542 3036 3595 τοῦ
3077 3540 3279 3610 Κυρίου
3330 3534 3635 3607 μηνύουσα.

2062 3644 2267 3715 Βρέφος
2291 3642 2436 3712 ἑώρα
2460 3641 2493 3710 ἡ
2522 3640 2687 3691 νΛννα
2708 3636 2797 3689 τὸν
2821 3635 3023 3705 Κύριον
3044 3645 3056 3656 ⁸
3083 3632 3228 3703 δῶρα
3251 3631 3345 3682 καὶ
3363 3627 3639 3697 καθάρσια

2064 3738 2201 3809 ὑπὲρ
2242 3734 2406 3788 αὑτοῦ
2447 3732 2539 3785 xai.
2594 3730 2708 3799 μετ’
2755 3727 2918 3782 αὐτοῦ
2967 3722 3405 3795 προσφερόμενα,
3436 3721 3530 3772 καὶ
3571 3720 3634 3771 ού

2066 3808 2367 3898 προσέκοψε
2390 3825 2454 3893 τῇ
2476 3821 2792 3890 ἐλαχόστητι
2814 3817 2913 3885 τῆς
2941 3813 3181 3884 ἡλικίαςι
3202 3812 3331 3863 Θεὸν
3356 3808 3639 3879 ὡμολόγη-

2066 3937 2126 3972 σε
2155 3918 2215 3970 τὸ
2238 3915 2433 3987 βρέφος
2465 3915 2498 3984 ἡ
2535 3913 2724 3973 Ἀννα,
2758 3908 2939 3980 ἰατρὸν
2967 3907 3060 3958 καὶ
3088 3901 3362 3974 λυτρωτὴν
3394 3900 3634 3970 ἰσχυρὸν,

2068 4012 2159 4063 καὶ
2185 4006 2469 4079 ἁμαρτιῶν
2499 4002 2813 4072 ἀναιρέτην.

2140 4105 2230 4168 ς’.
2263 4100 2355 4169 Μὴ
2386 4094 2571 4158 ἁπλῶς
2615 4091 2999 4163 παραδράμῃς,
3028 4085 3293 4156 ἀγαπητὲ,
3313 4083 3410 4151 τῆς
3439 4081 3638 4151 ΙἈννης

2067 4193 2136 4247 τὰ
2166 4193 2401 4263 ῥήματα.
2440 4188 2579 4238 Πᾶσι
2616 4187 2726 4246 τοῖς
2766 4180 2999 4251 παροῦσι
3019 4176 3291 4248 μηνύουσα
3318 4169 3384 4243 ἦν
3429 4172 3528 4242 τὴν
3547 4170 3637 4223 τοῦ

2069 4262 2272 4353 Κυρίου
2302 4278 2602 4349 ἐνέργειαν,
2636 4274 2869 4341 λέγουσα
2908 4270 3042 4342 πρὸς
3086 4268 3212 4329 τοὺς
3246 4262 3634 4357 συνηθροισμέ-

2026 4407 2034 4421 ι
2069 4384 2215 4436 νους’
2261 4371 2373 4439 Οὐχ
2399 4369 2560 4439 ὁρᾶτε
2594 4364 2754 4418 τοῦτο
2785 4363 2846 4415 τὸ
2871 4362 3101 4423 παιδίον,
3145 4358 3207 4411 τὸ
3240 4355 3410 4427 μάζον
3444 4355 3634 4417 ’ἐλκον;

2002 4462 2130 4560 δ’τὸ
2158 4451 2322 4552 Olﬁka
2361 4455 2770 4527 δανειζόμενον;
2804 4453 2864 4505 τὸ
2896 4450 3166 4560 μητρῴῗις
3200 4449 3435 4560 κξλποιςι
3467 4463 3636 4560 προσξ

2072 4538 2509 4621 αναπαυόμενονς
2542 4548 2603 4601 τὸ
2640 4546 2768 4600 ποσὶ
2793 4544 2891 4613 τὴν
2922 4544 3024 4614 γῆν
3060 4542 3197 4605 τέως
3231 4539 3533 4611 βηματίσαι
3563 4538 3637 4608 μὴ

2075 4643 2529 4714 καταδεχόμενον;
2557 4640 2618 4692 τὸ
2646 4638 2981 4707 ὀκταήμερον
3014 4633 3502 4703 περιτεμνόμενον;
3529 4630 3639 4699 Οὐχ

2074 4740 2268 4810 opsita;
2322 4736 2395 4787 Τὸ
2447 4732 2655 4787 παιδίον
2714 4728 2871 4783 τοῦτο
2920 4727 3045 4789 τοὺς
3099 4724 3301 4787 αἰῶνας
3351 4722 3635 4793 ἐθεμελίωο

2078 4847 2137 4883 σε
2169 4828 2303 4899 (50)’
2346 4826 2502 4881 τοῦτο
2535 4826 2659 4887 τοὺς
2695 4822 2957 4893 οὐρανοὺς
2992 4819 3315 4889 ὲκαμάρωσε
3338 4818 3448 4889 (⁸51)
3469 4835 3482 4847 ο
3521 4816 3642 4869 τοῦ·

2074 4940 2135 4976 το
2170 4922 2269 4993 τὴν
2295 4920 2397 4991 γῆν
2432 4917 2693 4970 ὲπλάτυνε
2714 4932 2727 4947 ο
2751 4912 2907 4966 τοῦτο
2934 4912 3030 4981 τὴν
3057 4910 3327 4963 Θάλασσαν
3355 4908 3640 4979 ἐχαράκω-

2078 5029 2136 5065 σε
2164 5011 2393 5081 ψάμμῳ.
2422 5007 2591 5061 Τοῦτο
2614 5006 2673 5058 τὸ
2696 5004 2903 5058 παιδίον
2924 5002 3168 5055 ἐκϐάλλει
3200 4999 3431 5069 ἀνέμους
3461 4999 3525 5051 ὲκ
3548 4996 3643 5067 θη-

2078 5102 2290 5175 σαυρῶν
2329 5099 2492 5153 αὐτοῦ
2512 5114 2527 5129 θ
2572 5096 2728 5149 τοῦτο
2772 5094 2831 5147 τὸ
2862 5091 3069 5145 παιδίον
3113 5091 3206 5146 ἐπὶ
3233 5087 3328 5143 τοῦ
3362 5088 3484 5142 Νῶε
3515 5088 3641 5149 τοὺς

482 5290 574 5343 ⁸⁸1
614 5288 809 5356 Tim.v,
830 5290 883 5354 9,
918 5290 1003 5347 10.
1079 5289 1125 5321 ⁸⁵
1146 5287 1276 5345 Luc.
1312 5304 1371 5353 ll,
1398 5287 1484 5342 38.
1561 5288 1607 5320 ⁸⁸
1645 5288 1773 5343 Heb.
1806 5287 1923 5350 1,2.

2074 5287 2173 5340 Isa.
2204 5280 2396 5345 τελε,
2474 5280 2517 5310 ⁵⁷
2551 5277 2659 5333 Jcr.
2686 5290 2739 5339 v,
2760 5272 2849 5326 22.
2878 5268 2883 5273 ’
2924 5272 2973 5305 ⁵⁸
2998 5271 3141 5326 Psal.
3164 5284 3381 5334 cxxxrv,
3409 5265 3463 5320 8.

487 5399 596 5469 (εδ)
632 5398 716 5482 Τῷ
744 5399 917 5469 γήρᾳ.
945 5400 1029 5454 Al.
1055 5400 1128 5453 Τὸ
1152 5400 1346 5471 γῆρας.
1367 5399 1488 5454 Mox
1514 5414 1661 5463 vero,
1685 5398 1756 5452 al.
1785 5395 1979 5468 γνώμῃ

414 5484 513 5538 pro
545 5485 766 5536 γνωσει.

487 5537 599 5609 (29)
632 5539 962 5609 Δεομένοις.
994 5539 1145 5609 Apud
1187 5538 1410 5592 Paulum
1444 5537 1805 5609 θλιϐομένοις.

489 5544 578 5604 (29
632 5544 962 5609 Δεομένοις.
994 5544 1145 5609 Apud
1188 5544 1410 5592 Paulum

489 5544 600 5748 ‘50;
638 5610 1042 5701 ’βθεμενςίωσα
1058 5612 1095 5664 Α
1106 5610 1116 5661 1
1127 5651 1139 5661 .
1175 5610 1414 5692 εποίησε.

514 5681 602 5748 51)
664 5685 1047 5748 Εκαμαρωσε.
1103 5680 1251 5733 Fecit
1301 5696 1351 5732 Ill
1406 5697 1414 5731 l

514 5676 602 5749 51)
648 5676 1047 5750 Ἐκὰμάρωσε.
1103 5680 1251 5733 Fecit
1301 5676 1351 5732 in
1406 5679 1620 5731 modum
1665 5676 1881 5729 fornicis
1925 5682 1979 5728 et

425 5760 694 5818 arcuatos,
721 5749 1096 5821 quodnostris
1129 5760 1320 5819 parent
1353 5751 1524 5805 oculis
1573 5749 1859 5803 terminato
1883 5761 1983 5801 un-

2082 5397 2240 5462 dique
2275 5392 2423 5462 visu,
2451 5385 2873 5462 aere_lumi_ooso
2909 5399 2970 5438 ac
2993 5382 3160 5462 "velut
3188 5380 3439 5462 paulatim
3469 5375 3640 5431 subsi-

2083 5452 2262 5525 dente,
2291 5476 2354 5515 ex
2377 5452 2650 5513 distantia.
2687 5455 2922 5509 Sifanus.
2982 5452 3084 5525 Hic
3114 5452 3252 5525 caelis
3286 5463 3545 5525 cam_eram
3583 5460 3644 5498 ac

2083 5518 2391 5586 testudinem
2417 5527 2780 5589 superinduxit
2810 5541 2828 5577 :
2859 5533 2943 5577 est
2978 5522 3168 5595 saltent
3195 5518 3478 5595 obscurius
3506 5533 3520 5568 :
3552 5531 3637 5595 so-

2086 5611 2214 5655 nant
2243 5602 2382 5653 enim
2419 5585 2505 5651 ilia
2559 5597 2741 5657 verba,
2781 5609 2882 5646 non
2923 5591 3090 5645 ctelos
3127 5590 3269 5658 ipsos
3316 5587 3367 5639 in
3417 5585 3637 5658 testudi-

2088 5687 2207 5724 nem
2244 5669 2533 5732 formatos;
2575 5668 2669 5719 sed
2715 5655 2985 5718 inductam
3024 5655 3185 5730 super
3235 5659 3376 5727 ipsos
3423 5655 3643 5711 alterius

2086 5740 2325 5810 corporis
2357 5738 2701 5794 testudinem.
3362 5733 3373 5743 ‘
