3796 6308
131 330 197 381 53
1254 331 1513 389 ORATIO
1557 332 1621 389 IN
1661 331 2039 390 OCCURSUM
2077 330 2315 387 DOMINI
3328 329 3406 389 84

132 440 508 511 καταράκτας
547 438 778 510 ἀνέῳξεν
808 438 902 494 τοῦ
934 440 1163 513 οὑρανοῦ
1184 460 1198 473 ·
1236 444 1393 499 τοῦτο
1422 445 1481 499 τὸ
1523 445 1715 500 παιδίω

1837 454 2075 513 tempore
2102 444 2217 499 Noe
2254 444 2377 500 creti
2408 452 2714 500 c-taractas
2738 443 3014 513 aperuit”
3050 460 3061 497 :
3092 443 3179 499 hic
3201 458 3400 512 parvu-

132 532 326 602 βροχῆς
359 533 653 602 στήμονας
680 532 1078 604 κατεργάζεται
1098 554 1110 567 ’
1144 536 1299 591 τοῦτο
1326 538 1386 591 τὸ
1420 540 1627 592 παιδίον
1659 540 1735 603 ὡς

1847 538 1931 593 lus
1958 537 2152 601 pluviae
2185 538 2415 591 stamina
2458 546 2514 592 et
2556 536 2784 592 stillulas
2815 535 3094 591 conficit“
3126 555 3141 591 :
3172 536 3259 591 hic
3285 551 3401 605 par-

130 626 269 694 ἔριον
291 623 465 693 χιόνα
490 625 763 677 τινάσσει·
804 625 962 679 τοῦτο
990 628 1048 680 τὸ
1075 629 1285 682 παιδίον
1305 632 1429 694 τοὺς
1470 630 1715 701 προπάτο

1838 629 1994 684 vulus
2029 630 2207 684 nivem
2257 629 2399 684 sicut
2450 630 2630 683 lanam
2685 627 2945 683 excutit"
2988 643 3002 679 ι
3051 627 3261 697 puellus
3312 630 3401 683 hic

131 729 224 784 ρας
248 712 417 782 ήμῶν
449 713 523 765 ὲκ
550 713 647 783 τῆς
670 713 947 781 Αἰγύπτου
972 715 1057 769 διὰ
1084 718 1182 788 τῆς
1204 720 1505 789 Μωσαῖκῆς
1534 721 1733 791 βακτη-

135 806 244 875 pla;
274 804 641 875 ηλευθέρωσε
664 821 677 833 '
705 806 865 859 τοῦτο
891 806 951 859 τὸ
980 809 1189 861 παιδίον
1219 809 1316 880 τὴν
1350 812 1613 882 Ἐρυθρὰν
1641 812 1735 865 θά-

134 903 327 954 λασσαν
355 902 559 972 ἔτεμε,
592 904 687 957 καὶ
711 904 787 967 ὡς
818 903 907 957 διὰ
938 903 1240 975 χλοηφόρου
1271 906 1452 959 πεδίου
1489 907 1580 959 τὸν
1606 906 1732 960 λαὸν

136 992 425 1060 διήγαγεν·
479 994 574 1045 καὶ
630 996 687 1045 ἐν
723 997 790 1063 τῇ
833 996 1023 1064 ἐρήμῳ
1071 994 1409 1066 ὲπομϐρίσας
1443 995 1504 1049 τὸ
1535 996 1728 1067 μάννα,

136 1082 227 1151 γῆν
258 1083 516 1153 ῥέουσαν
544 1084 686 1151 γάλα
720 1084 814 1136 καὶ
846 1084 972 1154 μέλι
1011 1084 1404 1156 ὲκληροδότησε
1429 1103 1443 1118 ·
1480 1085 1635 1139 τοῦτο
1672 1085 1732 1138 τὸ

134 1175 340 1227 παιδίον
378 1175 489 1228 τὸν
516 1176 643 1228 ναὸν
671 1174 861 1228 τούτον
895 1177 975 1238 είς
1013 1174 1145 1245 ὕψος
1175 1176 1477 1248 ἐπαρθῆναι
1510 1178 1598 1231 διὰ
1622 1178 1731 1231 τῶν

136 1268 389 1338 πατέρων
468 1268 855 1340 παρεσκεύασε
883 1286 895 1300 ·
953 1268 1108 1322 τοῦτο
1158 1271 1219 1323 τὸ
1275 1272 1483 1325 παιδίον
1536 1274 1731 1343 ὅρκους

132 1360 259 1428 πρὸς
292 1359 571 1429 Ἀϐρααμ
588 1360 993 1431 προτιθέμενον,
1013 1360 1164 1426 ἔλεγε
1188 1378 1201 1390 ο
1229 1364 1560 1429 Πληθύνων
1578 1368 1729 1432 πληι

131 1451 285 1503 θιννὼ
322 1452 396 1504 τὸ
431 1453 682 1520 σπέρμα
724 1468 864 1517 σου,
888 1454 968 1516 ὡς
994 1452 1063 1505 τὰ
1094 1454 1285 1520 ἄστρα
1317 1454 1422 1508 τοῦ
1448 1456 1725 1523 οὐρανοῦ,

130 1542 221 1594 καὶ
246 1544 331 1608 ὠς
359 1542 489 1609 τὴν
507 1543 707 1611 ἄμμον
735 1542 849 1609 τὴν
877 1544 1033 1611 παρὰ
1055 1544 1121 1595 τὸ
1147 1544 1349 1613 χεῖλος
1378 1544 1485 1614 τῆς
1511 1546 1730 1599 θαλάσ-

131 1648 260 1699 σης.
312 1636 461 1705 Περὶ
502 1634 694 1687 τούτου
736 1634 830 1687 τοῦ
877 1635 1085 1688 παιδίου
1127 1638 1154 1689 ὁ
1187 1638 1520 1708 προφητικὸς
1571 1639 1727 1710 χορὸς

133 1724 491 1793 παράκλησιν
522 1724 837 1793 προφέρων,
866 1722 1075 1791 ἔλεγενο
1125 1724 1448 1795 Ἐξέγειρον
1477 1726 1591 1794 τὴν
1622 1727 1725 1781 δυ-

1833 731 2067 788 proavos
2100 729 2316 775 nostros
2353 734 2448 789 per
2501 720 2791 774 Mosaicam
2828 720 3030 788 virgam
3070 734 3135 773 ex
3168 717 3400 791 Egypto

1834 809 2140 864 liberavit“
2176 825 2191 863 :
2224 810 2313 865 hic
2356 810 2564 880 puellus
2608 825 2755 865 mare
2771 810 3014 864 Rubrum
3043 810 3274 864 secuit“
3295 848 3311 875 ,
3343 820 3400 864 et

1840 910 2097 969 tanquam
2127 915 2215 974 per
2269 902 2531 957 virentem
2565 917 2814 971 campum
2838 901 3095 971 populum
3130 900 3397 969 traduxit;

1832 1008 2062 1061 cumque
2105 1008 2301 1047 manna
2334 993 2386 1047 in
2424 994 2637 1052 deserto
2679 994 2989 1063 pluisset“,
3020 1002 3220 1047 terram
3261 993 3400 1051 lacte

1830 1093 1891 1139 et
1915 1084 2072 1138 melle
2119 1096 2426 1139 manantem
2478 1100 2576 1155 pro
2639 1085 2962 1155 patrimonio
3018 1085 3165 1140 dedit
3192 1084 3277 1149 ⁶⁸;
3310 1084 3400 1139 hic

1832 1176 2038 1244 puellus
2061 1175 2258 1239 eﬂ'ecit,
2290 1186 2345 1229 ut
2380 1177 2480 1230 hoc
2516 1176 2768 1245 templum
2808 1191 2903 1244 per
2932 1175 3164 1246 majores
3186 1187 3400 1230 nostros

1833 1268 1886 1322 in
1925 1268 2088 1322 altum
2128 1280 2439 1338 assurgeret
2471 1268 2554 1334 “;
2602 1269 2687 1323 hic
2719 1268 2922 1337 puellus
2940 1268 3312 1337 jusjurandum
3332 1266 3400 1320 ad

1833 1359 2109 1413 Abraham
2154 1368 2398 1413 statuens
2442 1359 2691 1414 dicebat:
2728 1357 3087 1428 Multiplicuns
3143 1359 3399 1428 multipli-

1832 1450 1956 1501 cabo
2007 1466 2179 1503 semen
2205 1461 2351 1501 tuum
2378 1450 2511 1502 sicut
2540 1449 2717 1502 stellas
2753 1449 2885 1513 caeli,
2909 1458 2955 1501 et
3005 1458 3255 1518 tanquam
3289 1463 3401 1501 are-

1832 1556 1952 1592 nam
1980 1556 2097 1609 qua:
2122 1550 2195 1593 est
2237 1540 2394 1608 juxta
2446 1539 2646 1592 labium
2692 1542 2857 1593 maris
2877 1540 2943 1591 ‘7.
2963 1537 3069 1593 Pro
3096 1539 3274 1607 puello
3298 1540 3402 1593 hoc

1832 1647 2022 1699 preces
2052 1632 2289 1687 oli‘erens
2310 1633 2654 1703 propheticus
2678 1633 2900 1696 chorus,
2923 1632 3139 1686 dicebat
3163 1649 3177 1686 :
3211 1632 3399 1685 Excita

1829 1724 2115 1791 potentiam
2155 1734 2328 1790 tuam,
2383 1737 2430 1779 et
2480 1725 2625 1787 veni,
2667 1735 2721 1777 ut
2770 1722 2940 1777 salvos
2991 1724 3158 1791 facias
3210 1723 3399 1777 nos“.

133 1816 424 1868 νηστείαν
470 1832 612 1879 σου,
656 1816 752 1867 καὶ
784 1814 922 1868 ἐλθὲ
962 1817 1048 1879 εἰς
1077 1815 1140 1867 τὸ
1170 1815 1364 1870 σῶσαι
1398 1818 1572 1887 ἡμᾶς.
1614 1821 1715 1891 Μὴ,

1832 1817 2041 1881 Nolite,
2106 1816 2230 1886 quia
2308 1816 2514 1886 puellus
2594 1826 2708 1880 est,
2784 1816 2836 1868 in
2933 1816 3109 1884 puello
3177 1814 3400 1871 oﬂendi.

133 1907 204 1957 ὅτι
260 1906 512 1968 παιδίον,
565 1904 643 1974 τῷ
695 1905 894 1977 παιδίῳ
955 1907 1321 1977 προσκόψητε.
1357 1909 1429 1961 Τὸ
1467 1910 1596 1963 αὑτὸ
1638 1912 1730 1964 καὶ

138 1998 366 2063 παιδίον,
397 1998 501 2050 καὶ
533 1996 613 2066 τῷ
640 1997 817 2068 Πατρ)⁵
848 1998 1200 2069 συνάναρχον.
1235 2001 1307 2052 Τὸ
1334 2001 1464 2053 αὑτὸ
1493 2003 1579 2054 καὶ
1606 2002 1730 2072 χρό-

136 2108 238 2153 νοις
270 2080 717 2163 ἀριθμούμενον,
762 2094 855 2144 καὶ
888 2093 1334 2163 ἀγενεαλόγητον.
1371 2092 1444 2145 Τὸ
1472 2094 1600 2146 αὑτὸ
1639 2096 1731 2148 καὶ

141 2185 341 2236 παιδίον
374 2184 664 2252 ψελλίζον,
700 2184 762 2237 τὸ
799 2185 931 2237 αὑτὸ
961 2186 1053 2237 καὶ
1082 2184 1274 2252 σοφίαν
1312 2185 1404 2237 καὶ
1433 2184 1606 2255 στόμα
1637 2204 1731 2255 χα-

137 2276 417 2344 ριζόμενον
443 2291 458 2304 ’
477 2276 539 2327 τὸ
564 2275 791 2345 μὲν,διὰ
811 2276 907 2346 τὴν
922 2277 983 2328 ἐκ
999 2275 1273 2346 Παρθένου
1302 2276 1553 2346 γέννησιν
1590 2278 1726 2348 (5‘2),

66 2366 193 2465 [Ich
244 2366 321 2429 δὲ,
377 2366 473 2419 διὰ
533 2366 598 2418 τὸ
648 2366 1028 2435 ἀκατάληπτον
1081 2366 1178 2435 τῆς
1221 2365 1539 2435 ὑπάρξεως·
1583 2369 1731 2420 ἐπει-

138 2456 195 2526 δὴ
226 2459 318 2509 καὶ
346 2456 520 2510 τοῦτο
558 2457 903 2528 παρέστησεν
937 2458 1159 2519 Ἡσαΐας
1189 2456 1442 2525 φάσκων
1482 2458 1721 2511 Παιδίον

140 2546 428 2615 ἐγεννήθη
489 2546 659 2614 ἡμῖν,
719 2546 848 2610 υἱός
903 2544 1001 2597 καὶ
1050 2544 1226 2612 ἐδόθη
1274 2544 1439 2612 ἡμῖν.
1499 2544 1572 2596 Τὸ
1611 2545 1726 2614 μὲν,

141 2637 393 2707 ἐγεννήθη
418 2654 433 2667 ο
472 2636 538 2689 τὸ
584 2636 664 2697 δὲ,
714 2636 892 2707 ἐδόθη.
939 2636 1011 2688 Τὸ
1054 2636 1171 2706 μὲν,
1201 2634 1289 2688 διὰ
1321 2635 1380 2688 τὸ
1420 2634 1725 2705 δρώμενον·

145 2728 200 2781 τὸ
221 2730 294 2789 δὲ,
323 2730 415 2782 διὰ
441 2730 508 2781 τὸ
539 2729 850 2797 νοούμενον.

205 2842 274 2894 Z'.
309 2839 509 2893 Ταῦτα
537 2840 633 2909 τῆς
663 2840 860 2907 Ἀννης
887 2838 949 2891 τὰ
976 2838 1402 2909 προφητεύματα
1424 2838 1620 2892 ’ταῦτα
1634 2838 1731 2908 τῆς

143 2934 387 2999 ructato;
434 2933 512 2987 τὰ
545 2934 1020 3003 ἀριστολογήματα
1045 2950 1058 2963 ·
1092 2933 1266 2986 ταῦτα
1302 2933 1402 3003 τῆς
1448 2934 1623 3002 χήρας
1660 2931 1728 2983 τὰ

144 3024 565 3096 κατορθώματα,
598 3025 698 3095 τῆς
737 3025 903 3088 ὅντως
934 3026 1126 3094 χήρας,
1154 3024 1252 3095 τῆς
1282 3023 1461 3085 καλῶς
1492 3022 1583 3075 τὸν
1616 3022 1729 3092 βίον

1832 1911 1973 1964 ldem
2002 1918 2056 1963 et
2108 1920 2188 1963 cst
2230 1909 2457 1978 puellus,
2498 1917 2552 1962 et
2606 1923 2707 1962 una
2762 1923 2884 1962 cum
2931 1907 3106 1973 .Patre
3153 1908 3401 1977 principii

1829 2016 2023 2070 expers
2056 2000 2122 2054 ".
2147 1998 2292 2054 Idem
2330 2000 2443 2069 ipse
2472 2008 2526 2053 et
2555 1998 2711 2054 annis
2738 2008 3071 2057 numeratur,
3096 2011 3192 2051 nec
3235 2012 3400 2067 gene-

1832 2094 1905 2146 ris
1947 2093 2065 2161 ejus
2102 2092 2242 2145 ratio
2293 2091 2439 2144 reddi
2488 2098 2663 2159 potest
2699 2096 2753 2142 et
2797 2089 3041 2143 enarrari
3073 2088 3141 2141 "°.
3173 2087 3317 2143 Idem
3344 2099 3400 2144 et

1830 2198 1963 2252 puer
1994 2182 2325 2246 balbutiens,
2364 2181 2793 2250 sapientiamque
2821 2190 2875 2234 et
2904 2195 2966 2235 os
2988 2195 3051 2234 ac
3093 2178 3398 2236 facundiam

1836 2260 2071 2347 largiens
2099 2294 2112 2330 :
2150 2277 2400 2339 alterum,
2434 2284 2654 2343 propter
2681 2274 3015 2328 nativitatem
3055 2288 3121 2328 ex
3147 2274 3400 2347 Virgine;

1830 2369 2082 2430 alterum,
2122 2376 2341 2436 propter
2394 2364 3094 2435 ittcomprehensihilitatem
3129 2364 3392 2419 substan-

1833 2461 1939 2514 tiae.
1979 2459 2090 2512 Hoc
2116 2461 2259 2512 enim
2289 2470 2343 2512 et
2363 2459 2530 2513 Isaias
2570 2458 2915 2528 signiﬁcavit,
2948 2456 3399 2514 dicenszParvu-

1830 2553 1913 2605 lus
1938 2561 2092 2604 natus
2123 2561 2196 2604 est
2230 2555 2397 2616 nobis,
2430 2550 2573 2619 ﬁlius
2613 2560 2661 2603 et
2684 2551 2839 2605 datus
2869 2560 2943 2604 est
2980 2549 3210 2603 nobis".
3241 2550 3397 2615 lllttd,

1830 2653 1987 2696 natus
2044 2650 2125 2696 est
2164 2656 2177 2694 :
2232 2642 2351 2705 hoc,
2396 2643 2571 2696 datus.
2602 2638 2760 2705 illud,
2816 2656 2881 2694 eo
2915 2641 3058 2710 quod
3093 2649 3176 2694 est
3223 2640 3394 2694 oculis

1830 2735 2158 2803 subjectum:
2205 2735 2325 2797 hoc,
2362 2747 2425 2786 eo
2457 2731 2596 2802 quod
2640 2744 2817 2787 mente
2842 2732 3150 2801 percipitur.

1908 2846 2017 2903 VII.
2062 2846 2185 2901 Haec
2234 2849 2405 2901 Annae
2461 2844 2753 2901 vaticinia:
2784 2847 2897 2901 hch
2950 2845 3189 2900 mulieris
3235 2845 3398 2899 verba

1828 2940 2067 3009 optima;
2097 2939 2210 2993 hinc
2239 2939 2497 3010 przeclara
2530 2938 2704 2992 viduae
2738 2948 2926 3008 gesta;
2980 2938 3119 3006 ejus,
3152 2936 3395 3007 inquam,

1830 3045 1948 3098 qua:
1975 3044 2101 3083 vere
2139 3029 2297 3083 vidua
2338 3028 2458 3097 fuit,
2496 3044 2613 3099 qua:
2636 3028 2799 3082 vitam
2832 3029 2968 3083 bene
2995 3028 3344 3081 commutavit
3373 3048 3386 3083 :

145 3117 555 3187 ἀπαλλαξάσης
583 3118 718 3186 (55)'
748 3117 847 3185 τῆς
871 3118 959 3169 τὸν
984 3117 1151 3184 ἄνδρα
1174 3116 1598 3186 προπεμψάσης,
1632 3114 1715 3166 καί

1830 3132 1949 3185 quae
1997 3116 2170 3170 virum
2214 3117 2493 3185 praemisit,
2548 3129 2602 3171 et
2652 3117 2935 3171 Dominum
2990 3116 3248 3186 suscepit:
3279 3115 3397 3172 Una

145 3209 226 3259 τὸν
252 3209 461 3279 Κύριον
497 3206 927 3277 ὑποδεξαμένης.
970 3206 1142 3259 Ἑπτὰ
1174 3206 1266 3277 ἔτη
1300 3205 1378 3277 τῷ
1407 3206 1561 3277 ἀνδρὶ
1601 3223 1726 3259 συν-

146 3299 328 3369 έζησεν
393 3300 509 3354 ἀπὸ
550 3299 653 3369 τῆς
700 3298 993 3369 παρθενίας
1041 3299 1229 3368 αὐτῆς,
1276 3298 1413 3352 ὲτῶν
1459 3297 1727 3369 ἑϐδομάδα

148 3389 503 3462 πληρώσασα.
544 3391 640 3444 καὶ
689 3390 747 3443 ὲν
776 3389 853 3459 τῷ
888 3390 1099 3459 ἑϐδόμῳ
1153 3390 1262 3443 ἔτει
1310 3390 1410 3460 τὴν
1461 3390 1726 3462 ἀνδρικὴν

145 3483 349 3551 ὁμιλίαν
397 3484 835 3537 καταπαύσασα.
881 3482 1076 3544 Καλῶς
1119 3481 1512 3553 ἐϐδοματίσθηο
1546 3482 1725 3547 καλῶς

148 3574 499 3628 ὲσαϐϐάτισε’
540 3574 719 3636 καλῶς
753 3575 852 3644 τὴν
888 3573 1172 3644 Κυριακὴν
1204 3574 1299 3644 τῆς
1344 3574 1562 3645 χάριτος
1591 3591 1725 3627 κατ-

149 3664 295 3717 έλαϐε
322 3667 439 3735 (δι)
462 3683 476 3695 ·
526 3664 789 3735 τρυγόνος
820 3663 973 3727 τάξιν
1015 3664 1049 3732 ἠ
1084 3664 1252 3715 ’Ἄννα
1301 3662 1582 3732 μετῆλθεν.
1614 3663 1727 3715 Ούκ

149 3757 429 3827 ἐποιήσατο
463 3756 639 3828 λήθην
669 3755 763 3809 τοῦ
790 3755 1023 3824 συζύγου
1044 3771 1056 3783 ’
1082 3754 1182 3807 οὑκ
1209 3754 1438 3825 ὴθέτησε
1465 3753 1560 3823 τὴν
1588 3752 1728 3824 πρώ-

149 3866 237 3917 την
266 3850 451 3901 πίστιν
475 3866 490 3879 ι
534 3848 636 3900 οὑκ
684 3848 958 3917 ἀνήγαγεν
1002 3845 1265 3916 ὑϐριστὴν
1310 3848 1373 3915 τῇ
1405 3844 1591 3915 κλίνῃο
1628 3844 1727 3897 οὑκ

152 3939 404 4011 ἐπέθηκεν
448 3939 600 4007 ἄλλῳ
644 3937 707 3991 τὸ
750 3939 846 4007 τῆς
888 3935 1225 4007 μονογαμίας
1264 3934 1439 4001 ξύλον.
1470 3929 1629 4003 Εἶχεν
1670 3934 1727 3986 ὲν

152 4033 210 4100 τῇ
238 4030 413 4103 κλίνη,
464 4032 531 4099 τῇ
572 4030 782 4100 μνήμῃ,
820 4028 896 4090 ὡς
940 4027 1117 4091 ζῶντα
1155 4026 1245 4080 τὸν
1278 4024 1548 4079 τεθνεῶτα
1573 4039 1586 4053 ·
1627 4023 1726 4076 οὑκ

155 4119 389 4189 ὲρύπωσε
433 4120 539 4190 τὴν
578 4118 857 4188 νυμφικὴν
885 4116 1116 4170 σινδόνα.
1162 4115 1273 4185 Οὐχ
1320 4113 1499 4184 ἦψατο
1525 4112 1660 4183 αὐτῇ
1697 4114 1726 4165 ὁ

155 4209 358 4281 ἐλεγχος
397 4211 622 4265 Παύλου
649 4209 895 4277 λέγοντος
922 4226 936 4238 ·
969 4207 1147 4260 Ὅταν
1186 4206 1259 4259 δὲ
1294 4204 1726 4272 καταστρηνιά-

157 4316 297 4355 σωσι
324 4303 433 4357 τοῦ
460 4301 748 4370 Χριστοῦ,
779 4299 986 4369 γαμεῖν
1026 4298 1292 4363 θέλουσι,
1323 4298 1573 4366 ἔχουσαι
1602 4294 1725 4363 κρῖ-

156 4408 244 4460 μα,
295 4394 381 4447 ὅτι
438 4392 559 4460 τὴν
593 4390 832 4460 πρώτην
883 4390 1091 4444 πίστιν
1150 4388 1473 4457 ἠθέτησαν.
1516 4390 1724 4450 Ὄντως

1828 3223 1950 3262 cum
2001 3209 2117 3261 viro
2159 3222 2329 3261 annos
2376 3218 2582 3276 septem
2610 3208 2676 3273 ",
2710 3207 2931 3277 impleta
2962 3225 3226 3263 annorum
3266 3210 3399 3264 heb-

1829 3300 2080 3360 domada,
2114 3313 2143 3351 a
2170 3313 2266 3352 sua
2308 3299 2616 3367 virginitate
2661 3298 2827 3363 vixit;
2878 3300 3213 3375 septimoque
3256 3316 3398 3354 anno

1826 3404 1856 3441 a
1887 3388 1988 3442 viri
2037 3388 2425 3442 consuetudine
2476 3392 2728 3442 cessavit.
2780 3390 3003 3460 Egregie
3037 3391 3395 3458 septimanam

1826 3481 2018 3550 exegit,
2049 3480 2260 3548 egregie
2288 3480 2578 3535 celebravit
2602 3481 2774 3536 Sabba
2787 3490 2922 3546 tum,
2955 3482 3168 3552 egregie
3199 3481 3379 3537 Domi-

1828 3570 2000 3624 nicam
2046 3572 2233 3641 gratiae
2280 3573 2655 3639 apprehendit.
2706 3571 2963 3626 Exhibuit
3012 3574 3164 3627 Anna
3216 3582 3398 3643 partes

1830 3664 2053 3717 turturis
2074 3704 2089 3729 ,
2131 3679 2237 3718 non
2279 3665 2535 3719 oblivioni
2567 3666 2789 3720 tradidit
2812 3664 3091 3735 coniugem
3122 3684 3135 3719 :
3165 3666 3396 3734 primam

1828 3750 1985 3805 ﬁdem
2037 3752 2449 3823 haudquaquam
2491 3754 2696 3807 irritatn
2740 3753 2900 3819 fecit;
2950 3769 3054 3807 non
3086 3754 3297 3809 induxit
3336 3756 3390 3809 in

1830 3842 2031 3909 cubile,
2078 3844 2169 3912 qui
2215 3844 2445 3914 injurius
2480 3846 2740 3912 violaret;
2777 3846 2907 3899 nulli
2944 3846 3120 3913 alteri,
3157 3847 3397 3916 singula-

1826 3933 1902 3987 ris
1946 3935 2275 3988 matrimonii
2322 3935 2520 4005 lignum
2566 3936 2858 4004 imposuit;
2899 3937 2948 3990 in
2983 3939 3261 4005 memoria,
3296 3953 3393 3993 ceu

1826 4021 1987 4090 lecto,
2019 4022 2352 4091 defunctum,
2397 4034 2652 4096 tanquam
2697 4026 2928 4095 viveret,
2961 4029 3187 4095 habuit;
3233 4044 3395 4099 spono

1824 4113 1995 4169 salem
2024 4116 2305 4171 siudonem
2350 4133 2453 4173 non
2488 4119 2694 4188 polluit.
2746 4119 2857 4174 Non
2911 4136 3029 4174 eam
3081 4123 3396 4190 perstrinxit

1823 4206 1973 4261 Pauli
2018 4208 2573 4277 reprehensio:Cum
2625 4221 2799 4266 autem
2848 4213 3134 4267 luxuriata:
3192 4215 3392 4281 fuerint

1821 4299 1875 4351 in
1903 4299 2129 4365 Christo,
2177 4301 2366 4355 nubere
2414 4302 2628 4367 volunt;
2685 4305 2930 4357 habentes
2978 4306 3388 4373 damnationem,

1821 4389 1950 4457 quia
1989 4390 2216 4457 primum
2266 4391 2420 4452 ﬁdem
2461 4394 2663 4447 irritam
2701 4394 2932 4462 fecerunt
2964 4395 3030 4448 ⁷³.
3071 4407 3197 4451 vere
3231 4397 3390 4465 (ligna

156 4484 396 4555 κρίματος
428 4485 584 4549 ἀξία,
619 4486 653 4555 ἡ
681 4484 781 4553 τὴν
813 4485 1031 4554 μνήμην
1066 4481 1383 4551 συνθάψασα
1411 4479 1487 4551 τῷ
1507 4478 1715 4544 θεοζεύ-

1830 4475 2295 4549 condcmnatione,
2324 4500 2441 4554 qua:
2466 4500 2569 4539 una
2597 4501 2717 4539 eum
2742 4485 2928 4555 juncto
2952 4488 3051 4542 sibi
3080 4503 3110 4541 a
3135 4488 3243 4544 Deo
3266 4503 3389 4544 con-

157 4590 257 4645 κτῳ
278 4577 521 4645 συξύγῳ,
566 4576 661 4629 καὶ
699 4575 930 4646 μάλιστα
973 4576 1187 4638 τέκνου,
1224 4573 1256 4644 ἢ
1286 4572 1490 4625 τέκνων
1520 4572 1718 4643 παρόν-

157 4682 271 4733 των,
298 4669 377 4722 διὸ
419 4669 521 4721 καὶ
555 4668 584 4718 ό
621 4666 786 4736 νόμος
822 4664 914 4719 τοῦ
948 4666 1125 4736 γάμου
1160 4662 1635 4733 πεφυτούργηταιο
1667 4664 1714 4714 εί

221 4854 259 4884 ’⁸
279 4853 409 4909 ch-
443 4869 538 4909 ιιι.
574 4853 661 4907 Il.

162 4938 256 4985 xu,
308 4927 390 4978 l5.
476 4926 519 4955 ⁵³
560 4926 712 4976 Deut.
745 4938 815 4979 vt.
846 4922 899 4975 ὅ.

1819 4570 1947 4642 juge
2002 4576 2321 4630 memoriam
2390 4578 2681 4647 sepelivit;
2739 4594 2877 4637 ,cum
2949 4580 3181 4637 maxime
3239 4582 3391 4637 adest

1823 4664 1988 4733 ﬁlius,
2018 4676 2109 4721 aut
2136 4667 2230 4722 lilii
2261 4686 2274 4721 :
2311 4683 2539 4739 quorum
2568 4670 3032 4741 suscipiendorum
3064 4672 3257 4741 gratia,
3283 4689 3391 4726 ma-

742 4854 787 4883 ⁸ο
813 4849 912 4904 Job
946 4866 1183 4914 xxxviii,
1204 4849 1294 4905 28.
1371 4851 1414 4881 ⁶¹
1456 4849 1596 4902 Psal.
1631 4864 1833 4913 chvn,
1865 4848 1952 4903 16.
2029 4849 2073 4879 ⁶²
2109 4848 2273 4902 Exod.
2304 4865 2384 4911 vr,
2412 4850 2498 4905 i7.
2574 4849 2620 4881 “
2645 4848 2948 4913 Exod.xtv,
2974 4849 3063 4905 21.
3145 4850 3191 4881 “
3216 4850 3385 4907 Exod.

997 4923 1039 4952 “
1077 4921 1189 4975 Jus.
1223 4937 1274 4983 v,
1322 4919 1385 4983 6;
1426 4919 1442 4972 1
1481 4918 1606 4972 Esd.
1644 4934 1725 4983 Ill,
1755 4920 1807 4979 7,
1846 4931 1954 4973 etc.
2019 4920 2062 4950 ⁶τ
2086 4918 2221 4973 Gen.
2251 4935 2386 4985 xxn,
2416 4921 2503 4974 17.
2563 4919 2609 4950 ⁸⁸
2632 4919 2776 4975 Psal.
2821 4936 3004 4988 um,
3041 4923 3093 4976 3.
3160 4920 3384 4978 "Joan.

162 5008 196 5056 ι,
224 4995 269 5057 ι,
300 4997 378 5050 14.
461 4994 508 5028 ⁷ο
542 4992 639 5047 lsa.
676 5009 792 5057 un,
828 4992 879 5046 8.
953 4992 996 5022 τι
1031 4990 1130 5045 lsa.
1164 5007 1239 5051 ιιι,
1269 4989 1323 5043 6.
1393 4990 1437 5020 τ’
1482 4988 1612 5044 Luc.
1644 5004 1704 5050 ιι.

1891 4989 1937 5021 ⁷³
1974 4989 2158 5045 l'l'itn.
2189 5005 2238 5055 v,
2278 4990 2363 5045 H.

221 5128 318 5197 (ὗὲ)
356 5130 429 5184 Τὸ
474 5128 615 5197 μὲν.
655 5127 754 5180 διὰ
786 5126 899 5195 τὴν
935 5128 1004 5180 ἐκ
1042 5126 1342 5194 παρθένου
1393 5130 1704 5197 γέννησιν.

165 5193 338 5266 Nempe
368 5193 606 5253 humana
644 5199 755 5259 illa,
790 5193 907 5263 qnze
942 5198 1092 5266 plura
1126 5193 1313 5251 retulit
1345 5212 1359 5248 :
1388 5193 1451 5248 τὸ
1496 5195 1580 5260 δὲ,
1620 5195 1711 5249 διὰ

164 5266 216 5339 τὸ
235 5270 606 5339 ἀκατάληπτον
641 5266 948 5339 ὑπάρξεως,
986 5276 1194 5339 propter
1224 5266 1711 5339 incomprehensibi-

165 5312 690 5393 litategju'lt's'tn'ntia'
986 5312 1165 5390 divina
1223 5336 1335 5398 illa,
1378 5312 1431 5389 et
1463 5338 1709 5403 omnipo-

169 5407 340 5461 tentiae.
371 5409 620 5462 Mullum
672 5409 1031 5474 vitiosamque
1072 5405 1305 5459 litteram
1336 5415 1527 5459 nactus
1564 5405 1709 5460 Sila-

171 5488 253 5546 nus
289 5479 408 5532 nihil
450 5480 577 5533 inde
626 5478 864 5546 probati,
903 5492 1209 5545 quanquam
1257 5485 1504 5546 conatus,
1537 5478 1709 5543 potuit

170 5542 352 5601 elicere.
383 5549 472 5603 Sic
502 5542 641 5602 vero'
664 5542 1005 5601 restituta—ex
1043 5547 1145 5599 title
1172 5544 1442 5609 codicum,
1477 5542 1706 5614 ipSaque

172 5616 290 5688 ﬁeri};
326 5620 594 5688 exigente,
632 5618 776 5688 clara
797 5618 1025 5688 omnino
1058 5616 1319 5688 decurrit.

229 5685 325 5749 (33)
357 5683 468 5756 Τῆς
502 5687 709 5754 καλῶς
747 5687 853 5740 τὸν
901 5686 1047 5749 βίον
1087 5683 1581 5750 ἀπαλλαξάσης.
1621 5683 1709 5739 Al.

174 5758 572 5829 καταλλαξάσης.
614 5758 900 5823 Nimirum,
950 5758 1176 5813 transitu
1226 5772 1255 5809 a
1310 5757 1538 5811 maritali
1569 5765 1709 5811 statu

1815 5126 1886 5207 ad
1939 5126 2205 5208 vidualem
2238 5144 2252 5179 :
2281 5134 2336 5180 et
2364 5124 2658 5195 subrogato
2689 5126 2906 5182 Christo
2940 5145 2992 5182 tn
3025 5127 3202 5184 locum
3244 5147 3384 5201 prae-

1817 5211 1968 5250 nnssr
2002 5210 2208 5260 sponsu

1887 5265 1999 5335 (54)
2037 5266 2153 5334 Τὴν
2179 5265 2487 5334 Κυριακὴν
2510 5266 2622 5335 τῆς
2640 5265 2881 5336 χάριτος
2917 5268 3223 5324 κατέλαϐε.
3255 5270 3384 5335 Qum

1816 5340 2068 5388 nimirum
2119 5338 2361 5390 succedit
2401 5337 2669 5401 Sabbato;
2720 5338 2944 5403 scilicet,
3004 5342 3260 5395 translata
3313 5345 3379 5393 ad

1816 5405 2162 5478 Evangelittnt
2194 5421 2223 5459 α
2249 5405 2381 5475 lege.
2404 5406 2502 5478 Sil.
2523 5424 2540 5464 :
2564 5406 2897 5478 Dominicam
2924 5412 3151 5478 gratiam
3175 5409 3380 5461 delibu-

1814 5477 1913 5539 vit;
1948 5476 2250 5546 suspicatus
2284 5477 2564 5540 legendum
2599 5477 2901 5543 κατέλειϐε,
2928 5476 3056 5546 pro,
3090 5478 3376 5533 κατέλαϐε.

1813 5546 1966 5611 Quod
1995 5545 2244 5615 vitiosum
2271 5548 2324 5601 in
2358 5546 2474 5614 ejus
2498 5548 2685 5603 codice
2714 5558 2866 5601 erat:
2893 5545 3199 5615 cOnjectnra
3229 5561 3377 5603 certe

1813 5615 2048 5690 infelici;
2082 5614 2457 5690 ittl‘tdeliusque
2494 5627 2588 5690 est
2620 5618 2703 5679 τὸ,
2737 5614 3050 5690 ήᾼΚυριακὴ
3088 5617 3188 5686 τῆς
3221 5619 3379 5690 χάρι-

1813 5684 2241 5760 τοςηοοιιιὶηῄἱιςα
2274 5684 2494 5760 gratia;
2544 5687 2625 5749 τὸ,
2667 5684 2947 5742 κατέλειϐε
2981 5684 3165 5755 etiam,
3201 5684 3378 5760 petitis

1816 5755 1999 5812 fuerit.
2033 5756 2326 5812 distillavit.
