3796 6354
366 350 459 404 '55
1352 350 1410 403 S.
1453 348 1898 405 AMPHILOCHII
1940 351 1977 405 ll

2101 350 2326 407 IENSIS
2362 344 2669 404 Episcopi
3563 316 3661 415 ss

388 466 634 522 trimo'nii
663 467 748 524 lex
780 468 939 524 insita
979 478 1081 523 est.
1112 468 1265 536 Quod
1318 472 1361 525 si
1406 470 1587 539 junior
1638 473 1794 524 vidua
1852 473 1960 525 lilio

2094 474 2117 526 ὲ
2147 474 2219 544 μὴ
2254 472 2510 544 πρόσεστι
2539 470 2604 539 τῇ
2634 465 2730 538 νέᾳ
2762 466 2908 536 χήρᾳ
2932 463 3140 529 τέκνον,
3170 461 3311 525 είκδς
3337 461 3508 534 αὐτὴν
3545 461 3675 516 ἐπὶ

386 568 595 627 careat,
631 575 841 628 aequum
890 562 1071 628 fuerit,
1107 572 1165 616 ut
1195 563 1510 617 stimulante
1544 565 1713 632 prolis
1743 565 1953 618 deside-

2094 567 2306 637 εύτερον
2356 565 2533 635 γάμον
2573 562 2769 631 ὁρμᾷν,
2830 557 2907 629 τῷ
2946 557 3109 628 ἔρωτι
3148 556 3249 625 τῆς
3285 555 3671 625 φιλοτεχνίας

389 650 470 704 rio
501 652 568 705 ad
601 653 864 706 secundas
899 653 1113 720 nuptias
1142 654 1428 722 prosiliat;
1485 670 1605 708 nam
1658 666 1711 708 et
1757 655 1957 711 Paulus

2094 658 2406 729 υττομένην.
2470 653 2720 707 Ἐπειδὰν
2767 651 2860 704 καὶ
2893 649 3050 702 τοῦτο
3082 647 3363 719 παραινῶν
3390 650 3418 700 ὁ
3449 647 3669 717 μακά-

392 744 494 797 hoc
526 744 822 797 admonens
865 745 1127 800 dicebat:
1178 743 1302 798 Volo
1356 746 1585 807 iuniores
1625 745 1809 800 viduas
1859 765 1960 799 nu-

2101 768 2175 813 ιος
2208 749 2417 812 Παῦλος
2455 747 2638 815 ἔλεγεν
2681 743 2791 811 (55)
2816 759 2830 773 ·
2859 742 3157 810 Βούλομαι
3198 739 3485 808 νεωτέρας
3528 740 3669 808 χή-

389 833 505 889 bere
535 833 581 865 "
608 852 622 888 :
661 844 878 902 tumque
906 835 1194 890 ostendens
1222 837 1349 905 quid
1377 837 1595 890 secundi
1624 838 1956 891 matrimonii

2094 857 2167 906 ας
2226 840 2463 910 γαμεῖν·
2533 832 2650 890 εἶτα
2701 834 2910 896 δεικνὺς
2959 832 3011 885 τί
3064 831 3122 884 τὸ
3177 830 3480 901 συμϐάλλον
3541 830 3665 899 τῆς

388 923 627 978 accessio
662 925 925 990 conferat,
983 926 1224 992 adiunxit
1272 927 1457 981 dicens
1493 944 1506 979 :
1551 925 1679 979 γοιο
1718 928 1956 996 juniores

2094 932 2343 1003 προκοπῆς
2399 929 2492 983 τοῦ
2535 927 2785 997 δευτέρου
2826 924 3026 994 γάμου,
3078 923 3383 994 προσέθηκε
3419 923 3658 989 λέγων’

387 1015 576 1069 viduas
616 1017 825 1079 nubere,
873 1016 1013 1084 ﬁlios
1040 1033 1334 1085 procreare,
1374 1018 1804 1086 matresfamilias
1827 1036 1955 1073 esse.

2094 1024 2358 1090 ἴούλομαι
2398 1018 2685 1085 νεωτέρας
2733 1014 2921 1084 χήρας
2963 1014 3191 1085 γαμεῖν,
3228 1012 3658 1084 τεκνογονεῖν,

394 1107 491 1161 Est
532 1106 714 1176 itaque
743 1107 971 1175 adiectio
997 1110 1354 1163 secundarum
1394 1111 1696 1178 nuptiarum
1724 1111 1791 1164 ad
1820 1110 1959 1166 ﬁlios

2097 1110 2522 1166 ίκοδεσποτεῖν.
2548 1110 2710 1161 Ὥστε
2750 1107 2876 1176 περὶ
2904 1105 3003 1175 τῆς
3025 1103 3364 1171 τεκνογονίας
3392 1105 3424 1173 ἡ
3458 1118 3662 1174 προσ-

392 1199 774 1269 procreandos.
822 1198 955 1254 Cum
1010 1209 1186 1254 autem
1238 1200 1534 1269 prosilienti
1583 1202 1647 1254 ad
1695 1204 1959 1259 secundas

2096 1206 2202 1277 ήκη
2229 1203 2320 1258 τοῦ
2348 1202 2600 1273 δευτέρου
2626 1200 2803 1271 γάμου
2820 1212 2835 1227 '
2860 1199 2987 1251 ὅταν
3010 1197 3066 1250 δὲ
3088 1196 3345 1267 πρόσεστι
3368 1196 3430 1265 τῇ
3464 1195 3666 1265 ὁρμη-

392 1290 608 1358 nuptias
636 1290 810 1343 viduae
835 1289 923 1343 ﬁlii
949 1301 1093 1354 sunt,
1122 1304 1521 1360 supervacanea
1546 1295 1795 1364 deinceps
1817 1297 1960 1366 ejus-

2094 1298 2202 1370 ‘a'ta'n
2251 1298 2394 1368 χήρᾳ
2447 1295 2581 1367 πρὸς
2623 1292 2799 1364 γάμον
2851 1292 3033 1356 τέκνα,
3090 1289 3343 1359 περιττὸς
3378 1288 3583 1341 λοιπὸν
3625 1288 3665 1341 ὁ

393 1380 536 1434 modi
594 1381 851 1435 sementis
891 1390 993 1445 est,
1036 1382 1385 1437 rationalibus
1429 1385 1592 1453 Spicis
1635 1400 1699 1441 ex
1734 1389 1959 1444 adverso

2094 1388 2297 1453 οιοῦτος
2323 1388 2541 1460 σπόρος,
2573 1384 2681 1438 τῶν
2715 1382 2946 1453 λογικῶν
2977 1380 3260 1452 ἀσταχύων
3282 1379 3392 1452 (56)
3415 1382 3661 1434 avram-

393 1472 771 1541 pugnantibus.

2094 1482 2264 1533 ’ὀντων
2286 1479 2419 1550 (57).
3152 1540 3161 1549 ⁹

466 1560 597 1616 VIII.
622 1563 853 1618 Rursum
887 1579 1015 1635 ergo
1052 1567 1118 1621 ad
1142 1567 1292 1637 prius
1322 1576 1690 1639 argumentum
1712 1583 1961 1627 sermone

2136 1572 2216 1624 H'.
2235 1570 2403 1624 Πάλιν
2421 1562 2512 1621 οὖν
2524 1565 2601 1637 τῷ
2618 1565 2759 1637 λόγῳ
2771 1564 3149 1634 ἐπανέλθωμεν
3170 1580 3305 1635 προς
3322 1564 3421 1635 τὴν
3440 1580 3663 1636 προτε-

394 1658 701 1713 redeamus.
739 1661 877 1726 Quid
922 1663 1087 1731 igitur
1112 1665 1365 1734 deinceps
1414 1666 1788 1736 evangelista?
1825 1683 1962 1737 prae-

2094 1678 2163 1714 ›αν
2195 1661 2469 1714 ὑπόθεσιν.
2510 1658 2575 1711 Τί
2607 1658 2699 1712 οὖν
2734 1655 2917 1709 λοιπὸν
2965 1658 2992 1708 ὁ
3019 1655 3435 1726 εὐαγγελιστής;
3474 1655 3662 1708 καλὸν

395 1757 505 1803 stat
549 1750 693 1803 enim
739 1762 793 1804 ut
839 1751 1200 1808 inluereamus
1225 1755 1474 1822 praesenti
1504 1757 1957 1810 comtnentationi.

2094 1751 2172 1823 ’ἀρ
2196 1752 2294 1822 τῆς
2314 1749 2592 1820 παρούσης
2620 1748 3001 1820 πραγματείας
3016 1745 3387 1801 ἐπιλαϐέσθαι.
3404 1747 3660 1809 Ἤκουες

394 1840 604 1894 Audisti
634 1841 795 1895 modo
822 1841 1019 1897 Lucam
1051 1845 1436 1913 erangelistam
1462 1846 1748 1911 dicentem,
1775 1862 1960 1915 quem-

2094 1819 2275 1917 ,ρτίως
2337 1819 2430 1898 toﬁ
2484 1819 2869 1912 εὐαγγελιστοῦ
2916 1842 3098 1895 Λουκᾶ
3140 1841 3406 1908 λέγοντος,
3455 1839 3586 1902 πῶς
3628 1842 3661 1892 ὁ

394 1931 683 1987 admodum
730 1933 949 1989 Sitneon
1004 1937 1200 1990 dixerit
1249 1937 1315 1991 ad
1362 1935 1679 2007 Virginem:
1714 1937 1845 1991 Ecce
1878 1938 1960 1992 hic

2094 1933 2287 2005 ἒυμεὼν
2336 1935 2470 2005 πρὸς
2498 1934 2597 2004 τὴν
2630 1932 2894 2004 παρθένον
2920 1932 3023 2002 ἔφη
3046 1948 3060 1962 °
3105 1930 3249 1985 Ἰδοὺ
3290 1927 3468 1995 οὗτος
3520 1930 3661 1982 κεῖ-

394 2027 596 2093 pasitus
642 2037 720 2081 est
762 2028 817 2080 in
870 2030 1079 2081 ruinam
1119 2039 1165 2082 et
1205 2031 1633 2083 resurrectionem
1679 2030 1961 2083 multorum

2094 2043 2154 2078 ac
2180 2028 2267 2091 είς
2298 2024 2526 2078 πτῶσιν
2550 2024 2649 2077 καὶ
2673 2022 3015 2078 ἀνάστασιν
3045 2021 3291 2075 πολλῶν
3323 2022 3393 2073 ἐν
3417 2018 3496 2085 τῷ
3532 2020 3661 2074 Ἰσ-

395 2119 449 2171 in
474 2117 668 2182 Israel,
722 2130 770 2172 et
816 2120 869 2172 in
924 2121 1129 2188 signum
1156 2121 1243 2173 cui
1275 2120 1668 2173 contradicatur
1692 2136 1711 2175 :
1738 2131 1783 2174 et
1818 2132 1963 2177 tuam

2099 2117 2239 2185 αήλ,
2276 2116 2373 2171 καὶ
2400 2119 2488 2182 εἰς
2522 2114 2773 2185 σημεῖον
2793 2114 3279 2183 ἀντιλεγόμενον-ο
3308 2111 3405 2164 καὶ
3434 2111 3557 2165 σοῦ
3582 2109 3660 2163 δὲ

401 2209 565 2271 ipsius
597 2211 831 2263 animam
878 2211 1215 2279 pertransibit
1240 2212 1469 2279 gladius.
1498 2211 1634 2276 Quid
1664 2216 1764 2265 boc
1796 2228 1959 2269 vero:

2094 2208 2253 2275 ιὺτὴς
2310 2207 2423 2273 τὴν
2469 2205 2684 2276 ψυχὴν
2732 2205 3102 2259 διελεύσεται
3142 2204 3424 2272 ῥομφαία.
3477 2202 3547 2254 Τί
3592 2203 3657 2255 δέ

400 2296 469 2350 Et
498 2307 640 2350 tuam
664 2299 825 2366 ipsius
853 2300 1080 2351 animam
1125 2296 1461 2365 pertransibit
1489 2297 1697 2365 gladius
1719 2298 1802 2351 7'?
1829 2298 1963 2351 Audi

398 2390 619 2442 cordate
666 2397 720 2442 et
783 2388 1199 2458 intelligenter:
1249 2402 1369 2441 cum
1426 2387 1646 2441 Sinieon
1698 2386 1842 2441 clare
1898 2387 1965 2440 ad

400 2478 637 2549 Virginis
690 2479 898 2534 locutus
950 2494 1144 2543 aures,
1205 2478 1434 2547 positum
1486 2478 1708 2532 dixisset
1753 2478 1806 2530 in
1860 2478 1968 2530 rui-

398 2586 523 2625 nam
560 2578 612 2624 et
646 2572 1095 2624 resurrectionem
1147 2570 1436 2623 multorum
1485 2570 1538 2622 in
1584 2568 1768 2632 Israel,
1824 2580 1876 2623 et
1913 2570 1965 2623 in

400 2664 612 2731 signum
660 2662 745 2716 cui
804 2663 1306 2728 contradiceretur;
1362 2661 1586 2716 moleste
1636 2660 1816 2715 forsan
1852 2660 1969 2714 tulit

403 2754 567 2823 Virgo
621 2762 679 2807 ut
734 2754 944 2807 Domini
988 2765 1183 2819 mater,
1232 2750 1584 2822 motaqne'in
1639 2752 1965 2817 Simeonem,

403 2845 483 2898 sic
525 2858 647 2897 eum
701 2842 858 2897 allata
892 2853 973 2898 est
1011 2860 1027 2896 :
1069 2836 1278 2908 Nescis,
1317 2844 1498 2907 homo,
1534 2844 1659 2912 quid
1691 2843 1967 2912 praedices.

406 2933 620 3006 Ergone
653 2934 823 3009 tristia
862 2936 926 2988 de
967 2934 1184 2989 Christo
1213 2935 1538 2989 annuntias?
1564 2935 1785 3004 Ignoras
1821 2937 1968 3006 pueri

405 3025 836 3093 conceptionem,
878 3037 933 3080 et
979 3035 1231 3093 tanquam
1268 3027 1569 3080 communis
1605 3038 1810 3095 partus,
1841 3043 1970 3083 con-

2066 2300 2201 2359 ὲστι,
2237 2295 2345 2350 Καὶ
2386 2295 2501 2350 σοῦ
2538 2295 2608 2349 δὲ
2643 2293 2833 2363 αὐτῆς
2879 2292 2996 2361 τὴν
3033 2290 3245 2362 ψυχὴν
3271 2291 3659 2344 διελεύσεται

2059 2391 2364 2458 ρομφαία;
2398 2389 2596 2441 "Ancus
2633 2386 2865 2450 συνετῶς
2884 2403 2897 2417 ·
2926 2384 3017 2439 τοῦ
3049 2384 3661 2455 Συμεῶνοςείρηκότος
3708 2427 3727 2445 ,

2067 2481 2195 2550 περὶ
2239 2479 2331 2533 τοῦ
2381 2479 2583 2551 Κυρίου
2641 2482 2719 2543 είς
2757 2478 3077 2543 ἐξάκουστον
3130 2476 3237 2529 τῶν
3294 2473 3659 2546 Παρθενικῶν

2067 2570 2247 2625 ἀκοῶν
2274 2571 2355 2635 τὸ,
2394 2570 2541 2626 Ἰδοὺ
2565 2568 2741 2636 οὗτος
2776 2570 2960 2624 κεῖται
2994 2571 3080 2635 είς
3117 2566 3347 2621 πτῶσιν
3376 2567 3474 2620 καὶ
3506 2566 3661 2621 circi-

2068 2676 2290 2715 στασιν
2329 2661 2574 2715 πολλῶν
2604 2662 2674 2714 ἐν
2704 2660 2785 2725 τῷ
2824 2659 3092 2728 Ἰσραὴλ,
3128 2658 3224 2712 καὶ
3267 2660 3354 2724 εὶς
3393 2657 3660 2726 σήμεῖον

2068 2753 2544 2822 ἀντιλεγόμενον,
2586 2752 2960 2822 ἠγανάκτησεν
3016 2752 3159 2815 εἰκὸς
3192 2752 3223 2821 ἡ
3259 2750 3531 2821 Παρθένος
3576 2752 3659 2815 ὡς

2074 2848 2258 2918 μήτηρ
2283 2846 2377 2899 τοῦ
2398 2846 2602 2917 Κυρίου
2632 2846 2772 2899 κατὰ
2797 2845 2889 2898 τοῦ
2918 2845 3219 2915 Συμεῶνος,
3246 2844 3475 2911 λέγουσα
3510 2848 3658 2915 πρὸς

2074 2938 2234 2992 αὐτόν
2258 2954 2271 2968 °
2304 2937 2417 2990 Οὐκ
2450 2933 2594 3000 οἶδας
2621 2936 2672 2989 τί
2695 2936 3048 3007 διαγορεύεις,
3083 2935 3354 3007 ἄνθρωπε.
3402 2936 3524 2988 Ἐπὶ
3557 2936 3659 2988 τὸν

2072 3027 2303 3100 Χριστδν
2330 3026 2625 3098 σκυθρωπὰ
2645 3025 3033 3095 καταγγέλλεις
3057 3042 3071 3090 ;
3096 3023 3212 3079 Οὐκ
3235 3020 3381 3088 οίδας
3403 3025 3505 3096 τὴν
3528 3025 3659 3077 σύλα

406 3114 743 3169 tradictionis
795 3117 1006 3184 signum
1058 3117 1364 3186 signiﬁcas?
1393 3117 1549 3171 Nulla
1577 3129 1659 3173 est
1680 3119 1733 3173 in
1762 3134 1828 3174 eo
1856 3121 1967 3173 rui-

2094 3119 2238 3190 ιηψιν
2267 3119 2360 3173 τοῦ
2389 3118 2619 3183 παιδίου,
2650 3119 2740 3172 καὶ
2763 3118 2839 3181 ὼς
2866 3117 3045 3170 κοινοῦ
3068 3116 3226 3169 τόκου
3259 3119 3481 3186 σημεῖον
3506 3117 3659 3169 ἀντι·

404 3220 512 3272 na;
567 3207 660 3261 sed
703 3206 867 3261 multa
916 3207 1193 3273 exaltatio,
1226 3207 1495 3277 multaque
1524 3209 1575 3262 in
1606 3224 1787 3263 eorum
1819 3226 1973 3265 usum

406 3300 498 3366 qui
530 3300 850 3354 beneﬁcium
876 3312 1300 3369 consequuntur,
1327 3300 1604 3356 demissio.
1632 3300 1825 3368 Quidni
1849 3318 1976 3371 ergo

406 3391 703 3456 benedicis,
751 3391 845 3446 sed
894 3393 1012 3447 ais:
1044 3393 1175 3447 Ecce
1210 3393 1294 3445 hic
1328 3394 1526 3459 positus
1567 3403 1640 3447 est
1677 3395 1731 3446 in
1771 3394 1975 3447 ruinam

409 3492 456 3535 et
509 3482 563 3535 iu
610 3484 1035 3536 resurrectionem
1080 3482 1362 3535 multorum
1408 3482 1463 3536 in
1514 3480 1706 3544 Israel,
1742 3495 1787 3537 et
1820 3483 1877 3537 in
1914 3485 1979 3536 si-

409 3588 570 3642 gnum
622 3574 708 3626 cui
744 3573 1174 3627 contradicatur?
1204 3572 1420 3627 Simeon
1467 3589 1627 3642 porro
1676 3576 1743 3626 ad
1801 3573 1975 3643 Virgi-

410 3678 580 3719 nem:
618 3662 714 3718 Sat
771 3664 862 3719 tibi
918 3675 1021 3729 est,
1079 3665 1259 3734 Virgo,
1322 3666 1463 3735 quod
1517 3664 1725 3718 voceris
1784 3673 1973 3717 mater.

410 3755 638 3810 Abunde
690 3763 791 3819 est,
841 3766 898 3807 ut
944 3755 1060 3823 ejus
1108 3756 1322 3809 iuventa
1357 3756 1433 3809 sis
1474 3756 1674 3818 nutrix,
1707 3755 1795 3824 qui
1825 3771 1978 3808 mun-

412 3848 536 3902 dum
594 3848 900 3901 universum
954 3847 1141 3901 nutrit.
1204 3846 1477 3915 Magnum,
1529 3857 1588 3899 ut
1640 3861 1762 3900 eum
1813 3861 1978 3902 carne

414 3940 741 4009 portaveris,
788 3939 877 4007 qui
920 3940 1167 3993 universa
1209 3949 1407 4006 portat.
1438 3939 1537 4005 Qui
1567 3938 1675 4005 jam
1711 3938 1764 3991 in
1802 3948 1852 3992 te
1883 3939 1980 3992 do-

418 4027 678 4081 micilium
705 4027 952 4082 Cbristus
984 4029 1190 4091 babuit,
1232 4028 1345 4097 ipse
1381 4030 1518 4082 idem
1558 4039 1614 4082 ut
1647 4030 1748 4083 hoc
1785 4030 1979 4097 inprae-

414 4118 715 4173 sentiarum
767 4119 832 4171 de
857 4119 970 4186 ipso
1019 4118 1289 4186 loquerer,
1343 4120 1605 4187 disposuit
1656 4140 1668 4175 :
1720 4120 1854 4173 Ecce
1895 4121 1979 4173 hic

414 4211 614 4279 positus
645 4209 794 4262 estin
824 4210 1028 4260 ruinam
1059 4218 1105 4261 et
1136 4211 1189 4262 in
1222 4212 1647 4264 resurrectionem
1695 4211 1979 4264 multarunt

415 4302 471 4354 in
504 4300 694 4353 Israel.
723 4299 776 4352 In
814 4300 1018 4352 ruinam
1043 4300 1259 4368 quidem
1285 4301 1573 4355 inﬁdelium
1629 4300 1931 4355 Judaaorum
1963 4319 1976 4355 :

418 4391 473 4445 in
508 4390 955 4445 resurrectionem
984 4399 1161 4442 autem
1197 4388 1430 4444 ﬁdelium
1456 4392 1712 4461 gentium.
1743 4391 1876 4444 Ecce
1896 4393 1981 4445 hic

497 4589 545 4622 τι
574 4589 593 4643 ι
619 4589 762 4643 Tim.
793 4604 846 4655 ν,
874 4588 961 4641 ti.
1035 4589 1079 4653 τε
1105 4549 1322 4653 ιυρζιι,
1348 4586 1437 4652 at,
1462 4587 1551 4642 σε.

2078 3211 2266 3279 λογίας
2310 3210 2567 3281 μηνύειςς
2607 3209 2845 3280 Οὐδεμία
2881 3209 3087 3271 πτῶσις
3131 3209 3189 3260 ὲν
3232 3208 3405 3280 αὐτῷ·
3439 3208 3659 3277 ὓψωσις

2077 3301 2134 3355 δὲ
2164 3300 2330 3371 πολλὴ
2364 3303 2457 3354 καὶ
2488 3301 2889 3368 συγκαταϐασις
2912 3302 3023 3363 τοῖς
3052 3299 3541 3371 εὐεργετουμένοις.
3586 3300 3657 3351 Τί

2056 3391 2167 3448 οὖν
2190 3394 2288 3447 οὒκ
2320 3394 2581 3461 εὐλογεῖς,
2616 3392 2749 3445 ἀλλὰ
2791 3392 3039 3461 φάσκεις,
3081 3391 3225 3445 Ἰδοὺ
3252 3387 3427 3452 οὗτος
3460 3390 3657 3443 κεῖται

2074 3488 2163 3551 εἰς
2182 3486 2413 3538 πτῶσιν
2440 3484 2538 3537 καὶ
2567 3483 2905 3538 ἀνάστασιν
2926 3480 3170 3536 πολλῶν
3195 3482 3264 3535 ἐν
3282 3481 3362 3546 τῷ
3387 3481 3654 3548 Ἰσραὴλ,

2078 3578 2176 3631 καὶ
2221 3580 2308 3642 εὶς
2358 3575 2615 3645 σημεῖον
2665 3576 3157 3645 ἀντιλεγόμενον;
3204 3575 3262 3628 'U
3316 3574 3372 3627 δὲ
3424 3573 3656 3645 Συμεὼν

2078 3669 2214 3740 πρὸς
2245 3669 2340 3737 τὴν
2370 3668 2646 3738 Παρθένον
2669 3683 2684 3698 ο
2726 3666 2913 3737 Ἀρκεῖ
2946 3684 3048 3729 σοι,
3079 3664 3348 3736 Παρθένε,
3368 3664 3447 3727 τὸ,
3484 3664 3657 3734 μητέ-

2081 3776 2150 3832 ρα
2178 3776 2235 3812 σε
2266 3760 2557 3830 κληθῆναι·
2588 3758 2768 3814 ἱκανόν
2798 3775 2879 3811 σοι
2912 3758 2991 3822 τὸ,
3014 3757 3213 3829 τροφὸν
3244 3756 3531 3827 εὑρεθῆναι
3556 3756 3653 3809 τοῦ

2076 3853 2365 3923 τρέφοντος
2404 3853 2495 3905 τὸν
2526 3853 2746 3923 κόσμον.
2780 3852 2940 3920 Μέγα
2968 3867 3049 3903 σοι
3080 3850 3162 3914 τὸ,
3192 3849 3354 3919 σαρκὶ
3387 3848 3655 3918 βαστάσαι

2078 3939 2169 3991 τὸν
2216 3939 2283 3991 τὰ
2325 3940 2501 3993 πάντα
2547 3939 2897 4010 βαστάζοντα.
2940 3938 2997 3991 '0
3047 3940 3104 3992 ὲν
3147 3938 3230 3991 σοὶ
3270 3938 3503 4007 Χριστὸς
3553 3936 3655 3989 νῦν

2084 4031 2433 4099 κατοικήσας,
2469 4031 2562 4083 καὶ
2596 4032 2651 4083 ἐν
2674 4030 2795 4100 ἐμοὶ
2826 4030 2937 4097 (58)
2961 4027 3054 4081 νῦν
3081 4028 3109 4079 ὁ
3132 4027 3293 4090 αὐτὸς
3325 4027 3453 4097 περὶ
3483 4026 3652 4078 αὐτοῦ

2084 4120 2379 4191 λαληθῆναι
2410 4123 2839 4193 παρεσκεύασεν,
2864 4123 2944 4174 ὅτι
2976 4117 3153 4186 οὗτος
3179 4119 3364 4173 κεῖται
3390 4120 3475 4183 εἰς
3497 4116 3655 4170 πτῶ-

2084 4228 2191 4265 σιν
2247 4213 2343 4265 ml
2391 4213 2726 4267 ἀνάστασιν
2769 4212 3015 4267 πολλῶν
3049 4208 3219 4275 ἐντῷ
3254 4208 3530 4276 Ἰσραήλ⁶
3573 4211 3654 4271 είς

2087 4304 2290 4355 πτῶσιν
2350 4304 2447 4374 μὲν
2500 4305 2607 4357 τῶν
2646 4306 2890 4358 ἀπίστων
2939 4303 3223 4364 Ἰουδαίων,
3255 4301 3549 4355 ἀνάστασιν
3594 4300 3654 4353 δὲ

2087 4390 2194 4444 τῶν
2252 4395 2613 4447 πιστευόντων
2665 4394 2850 4447 ἐθνῶν.
2914 4393 3059 4447 Ἰδοὺ
3114 4388 3293 4456 οὗτος
3346 4390 3531 4443 κεῖται
3568 4393 3655 4456 είς

498 4804 608 4872 (55)
632 4804 898 4872 Ἔλεγεν.
934 4798 1026 4872 Al._
1053 4798 1312 4867 κέκραγε.
1342 4795 1507 4850 Paulo
1535 4804 1651 4865 post
1674 4811 1770 4865 pro
1802 4812 1977 4848 τεκνο-

2097 4792 2218 4847 mali
2266 4793 2460 4871 Specie,
2511 4790 2802 4872 faciliorem
2852 4790 2999 4843 illum
3050 4788 3460 4871 transitumtet
3510 4786 3655 4839 velut

426 4870 613 4941 γονίας
646 4873 716 4941 al.
759 4870 1118 4941 παιδοποιΐας.

473 4932 610 5011 .(36)
639 4940 760 4995 Τῶν
779 4938 1036 5011 λογικῶν
1055 4937 1374 5011 ἀσταχύων
1404 4932 1840 5011 ἀντεριζόντων.
1866 4932 1993 4987 Vel—

427 5022 485 5066 ιιι
509 5005 774 5065 secunda:
826 5005 1026 5076 nuptiae
1085 5007 1278 5061 cedant
1328 5006 1380 5058 in
1433 5005 1681 5076 damnum
1736 5005 1986 5076 illorum;

426 5083 569 5148 quod
631 5072 946 5150 plerumque
981 5077 1198 5150 accidit.
1247 5072 1841 5150 Edita_,_étept§dvtwv,
1902 5074 1988 5127 ubi

428 5145 691 5204 Silanus:
744 5145 946 5215 Quippe
999 5148 1201 5199 ratione
1239 5146 1473 5211 praeditis
1516 5145 1693 5211 spicis,
1745 5154 1989 5215 naturam

428 5231 581 5288 atque
614 5218 962 5272 conditionem
1000 5216 1334 5288 sortientibus
1370 5215 1623 5288 diversam
1650 5229 1669 5266 :
1696 5214 1836 5281 quod
1863 5230 1991 5288 con—

428 5284 538 5342 stat
571 5289 748 5342 minus
778 5298 981 5355 aptum.
1010 5286 1163 5351 Quod
1188 5285 1329 5339 enim
1361 5285 1624 5355 praecipue
1651 5294 1820 5355 nocet!
1842 5284 1986 5350 prio-

428 5359 505 5412 ris
533 5360 632 5410 tori
658 5352 917 5425 prolibus,
942 5356 1084 5409 aliud
1112 5366 1221 5421 est;
1258 5355 1372 5424 ipsa
1396 5352 1824 5425 scilicetinducti
1857 5368 1981 5403 con-

425 5426 568 5498 jugis
599 5422 885 5498 inaﬁ‘ectio,
916 5428 967 5481 in
995 5441 1156 5495 quam
1195 5422 1505 5498 plerumque
1540 5423 1703 5498 etiam
1744 5422 1900 5498 alter,
1934 5431 1986 5474 et

428 5492 590 5552 ’vei'us
618 5512 815 5566 parens
848 5492 1103 5560 declinat,
1132 5492 1310 5550 studio
1354 5494 1511 5566 illius.
1545 5492 1985 5566 Repugnantibns

429 5582 580 5635 ergo,
612 5561 677 5621 ex
710 5567 815 5621 hoc
856 5567 1083 5634 aliisque
1115 5564 1489 5628 incommodis,
1516 5564 1703 5635 primis
1725 5561 1983 5635 protinus,

431 5629 537 5692 non
568 5629 730 5691 facile
776 5629 1165 5691 convolandum
1206 5635 1422 5689 habenti
1463 5629 1780 5701 superstites
1810 5629 1987 5701 proles

1108 5706 1423 5772 Quanquam
1460 5698 1556 5755 nec
1588 5702 1665 5756 sic
1699 5698 1985 5772 convolare

431 5707 499 5760 ad
528 5710 793 5761 secundas
843 5709 1077 5773 nuptias.

430 5775 503 5833 sit
530 5777 746 5846 proprie
769 5770 972 5833 crimen
1007 5794 1020 5831 :
1058 5770 1158 5832 etsi
1190 5770 1615 5844 Amphilochius,
1648 5786 1717 5828 ex
1749 5770 1981 5839 quadam

2098 4856 2567 4932 prioris'conjugis
2612 4861 2914 4932 neglectam
2944 4861 3278 4932 memoriam.
3315 4856 3520 4932 crimen
3560 4871 3654 4908 vo-

2096 4926 2252 4987 carit.
2292 4926 2721 4999 Sicque'Gratcis
2750 4928 3029 4982 invidiosae
3054 4937 3178 4999 sunt
3210 4929 3313 4999 illae
3344 4926 3541 4990 saepius
3575 4941 3656 4976 re-

2094 5004 2273 5070 petitae
2302 4997 2522 5068 nuptim,
2548 5010 2606 5053 nt
2640 5016 2742 5053 non
2777 5001 2934 5053 modo
2970 5014 3073 5052 non
3108 4997 3427 5050 benedicant
3461 5009 3655 5070 secun-

2094 5065 2213 5136 das,
2248 5071 2341 5126 sed
2369 5065 2697 5125 abhorreant
2727 5070 2934 5132 tertias,
2967 5078 3303 5139 quartusque
3330 5066 3503 5134 ptenis
3530 5065 3656 5118 sub-

2094 5142 2297 5195 iiciant.

2086 5158 2297 5281 magi.
2321 5207 2780 5281 Ἀντεριζόντῳν,
2808 5205 3107 5281 Cotelerius
3132 5205 3197 5259 ad
3233 5203 3456 5281 (ἷοηιςιὶιἶ
3486 5210 3652 5269 apost.

2090 5275 2183 5333 lib.
2209 5275 2289 5344 ui,
2321 5295 2437 5347 cap.
2475 5275 2531 5344 2,
2577 5280 2629 5332 in
2682 5278 2982 5342 huiusmodi
3027 5277 3200 5347 locum
3246 5279 3357 5347 inec
3392 5275 3649 5347 adnotat:

2096 5368 2114 5420 ι
2142 5350 2244 5420 Pro
2268 5340 2664 5420 ἆντέριζόντων
2685 5340 2811 5420 edit.
2833 5346 3207 5420 Combel‘xstat
3233 5345 3447 5413 quidem
3466 5340 3653 5420 Elegiae,

2092 5409 2424 5473 bibliotheca}
2451 5409 2613 5487 codex
2642 5417 2775 5485 205;
2807 5434 2900 5482 pro
2928 5409 3273 5487 ἑτεριξόντων
3308 5428 3432 5487 vero
3460 5409 3653 5487 Biblio-

2092 5490 2253 5560 theae
2284 5488 2397 5543 PP.
2438 5486 2612 5560 Paris.
2651 5479 2782 5560 toni.
2808 5479 2947 5551 XIII,
2980 5479 3099 5555 pag.
3137 5484 3457 5560 84l,_e0tles

2095 5560 2199 5611 Sed
2245 5558 2396 5623 longe
2438 5559 2635 5613 rectius
2675 5549 2955 5622 ambobus,
2983 5549 3128 5608 'm'co
3186 5555 3398 5622 quidem
3416 5549 3648 5623 judicio,

2094 5626 2309 5680 codices
2338 5621 2454 5682 i106
2482 5638 2534 5681 et
2578 5628 2681 5681 145
2729 5628 2923 5681 habent
2964 5621 3367 5695 ἑταιριζόντων,
3416 5621 3516 5673 hoc
3550 5631 3649 5684 est,

2092 5698 2511 5770 adulterinarum
2554 5700 2827 5770 spicarum
2874 5696 3283 5770 _r_ationalium._s
3336 5760 3350 5770 ι
3426 5757 3453 5770 η

2160 5767 2273 5839 (38)
2299 5769 2399 5825 Ἐν
2425 5769 2573 5839 ἐμοί.
2588 5755 2690 5824 Ἀι.
2720 5767 2839 5831 ἐμέ.
2874 5766 2938 5822 Ει
2962 5780 3108 5834 mox,
3138 5763 3267 5833 περ)⁵
3293 5757 3459 5817 αὐτοῦ
3484 5755 3650 5814 λαλεῖ.
