3744 6288
162 328 238 383 57
1231 334 1485 393 onmno
1523 338 1589 392 IN
1629 340 2001 398 occunsm
2042 343 2290 399 nomen.
3302 332 3373 391 58

161 444 393 499 πτῶσιν
440 446 535 498 ναὶ
572 445 913 502 ἀνάστασιν
952 451 1198 505 πολλῶν
1233 455 1301 505 ἐν
1346 454 1423 520 τῷ
1456 454 1702 524 Ἰσραὴλ.

1843 463 2015 513 »οιὶιιιε
2049 471 2119 514 est
2149 462 2203 513 in
2237 461 2441 513 ruinam
2470 468 2517 511 et
2553 465 2975 511 resurrectionem
3007 453 3284 507 multorum
3314 454 3372 505 in

162 536 368 611 ταθείς
394 536 641 605 στυιεῐον
664 541 1124 610 ἀντιλεγόμενον
1145 560 1158 574 ·
1194 546 1419 613 σημεῖον
1451 543 1716 610 ἀντιλεγό-

163 645 323 697 μενον
353 629 435 681 τὸν
468 630 697 699 σταυρὸν
726 631 1192 703 προσαγορεύσας.
1229 632 1327 685 Διά
1368 632 1451 696 si;
1500 632 1713 703 Ἐπειδὴ

160 720 221 770 ιν
254 719 383 789 αὖτῴ
409 719 489 789 τῷ
510 721 727 791 σταυρῷ
758 722 942 776 πολλοὶ
987 722 1092 776 τῶν
1131 724 1374 777 ἀπίστων
1414 722 1715 791 ἀντιλογίας

157 813 528 880 προσήνεγκαν
576 812 656 881 τῷ
701 814 911 884 Κυρίῳ,
941 815 1035 867 καὶ
1064 814 1241 883 λόγοις
1278 815 1369 868 καὶ
1395 814 1575 887 ἔργοις
1602 831 1712 867 κωο

164 902 483 970 μῳδοῦντες,
532 902 654 967 ὖξος
712 905 1045 970 ποτίζοντες,
1101 904 1262 977 χολὴν
1324 906 1709 977 προσάγοντες,

159 992 429 1046 ἀκάνθινον
468 993 732 1063 στέφανον
765 996 1096 1067 περιθέντες,
1138 997 1307 1069 λόγχῃ
1335 996 1433 1068 τὴν
1474 995 1711 1067 πλευρὰν

158 1084 443 1145 νίττοντες,
487 1087 643 1154 χερσὶ
686 1085 1024 1156 ῥαπίζοντες,
1062 1087 1427 1150 ὀνειδιστικοῖς
1482 1086 1710 1157 βοῶντες

154 1174 349 1241 λόγοις·
384 1177 655 1243 ’Ἄλλους
684 1178 942 1242 ἔσωσεν,
975 1179 1190 1232 ἑαυτὸν
1210 1181 1281 1233 οὐ
1317 1178 1565 1233 δύναται
1594 1178 1710 1231 σῶ-

150 1280 272 1316 σαι.
299 1263 466 1317 Τοῦτο
495 1262 589 1318 οὖν
622 1266 937 1337 ἑρμηνεύων
963 1268 992 1321 6
1018 1267 1237 1338 Συμεὼν
1270 1267 1422 1336 ἔλεγε
1441 1285 1455 1299 ⁸
1483 1268 1591 1323 Καὶ
1622 1270 1709 1334 εἰς

149 1354 390 1421 σημεῖον
408 1355 893 1425 ἀντιλετύμενον.
919 1358 1109 1412 Πολλοὶ
1129 1358 1236 1430 γὰρ
1267 1359 1516 1413 ἀντεῖπον
1535 1378 1548 1391 ·
1579 1361 1608 1413 ὅ
1644 1377 1706 1413 τε

146 1446 341 1514 Πέτρος
363 1448 662 1515 ἠρνήσατο,
698 1449 789 1501 καὶ
815 1450 1012 1513 πάντες
1039 1451 1088 1502 οἱ
1132 1450 1419 1503 ἀπόστολοι
1452 1451 1526 1514 ὡς
1549 1451 1706 1506 ἀποί-

147 1554 315 1607 μαντα
342 1538 594 1608 πρόϐατα
617 1537 1051 1610 διεσκορπίζοντο
1072 1558 1087 1573 ⁸
1120 1542 1180 1595 ὲν
1210 1541 1288 1612 τῷ
1311 1536 1402 1594 οὖν
1435 1542 1709 1613 σταυρικῷ

143 1629 364 1697 σημείῳ,
391 1629 487 1681 καὶ
515 1630 686 1699 uini};
710 1631 811 1701 τῆς
841 1630 1112 1703 Παρθένου
1139 1632 1489 1704 ἐπεπλήρωτο
1520 1634 1552 1704 ἡ
1575 1650 1708 1703 καρ-

141 1720 226 1772 δία
257 1720 458 1789 λύπηςο
479 1722 560 1774 διὸ
582 1723 678 1775 καὶ
704 1723 860 1791 ἔλεγε
885 1740 897 1752 ·
928 1724 1025 1777 Διά
1050 1723 1103 1776 τί
1135 1722 1209 1794 μὴ
1233 1723 1701 1795 προετελεύτησα;

141 1812 233 1863 Διά
265 1813 314 1864 τί
341 1812 395 1865 δὲ
434 1812 533 1883 τὴν
566 1812 783 1884 ἡμέραν
810 1813 1015 1885 ταύτην
1058 1815 1389 1879 κατέλαϐον;
1429 1814 1702 1885 Παρθένος
1734 1798 1774 1853 Β

145 1904 440 1973 μεμένηκα,
476 1906 569 1957 καὶ
600 1904 821 1975 μείζονα
850 1904 1122 1977 μητρῲοις
1142 1908 1254 1969 τοῖς
1279 1907 1605 1977 σπλάγχνοις
1623 1907 1707 1961 δά.

140 2013 347 2063 κνομαι.
378 1996 621 2059 Τούτους
662 1997 788 2059 τοὺς
817 1997 1075 2067 ἀπείρους
1103 1998 1394 2068 λογισμοὺς
1429 1998 1529 2067 τῆς
1561 2000 1707 2071 Παρ-

141 2086 302 2147 θένω,
327 2087 608 2155 ῥομφαίαν
629 2090 657 2140 6
681 2086 905 2157 Συμεὼν
918 2088 1372 2158 προσηγόρευσεν,
1400 2089 1474 2152 ὡς
1496 2088 1707 2142 νύττον-

138 2193 227 2239 τας
261 2177 327 2228 τὰ
358 2177 628 2243 ἐνδόσθια,
656 2179 733 2241 ὡς
774 2179 1043 2233 σκάνδαλα
1074 2180 1482 2250 προσοίσοντας,
1522 2179 1706 2244 καθὼς

139 2270 223 2320 καὶ
258 2271 287 2322 6
322 2270 528 2337 Κύριος
556 2275 814 2341 προεῖπε·
861 2271 1088 2338 Πάντες
1117 2273 1186 2325 ἐν
1220 2273 1347 2341 ἐμοὶ
1380 2274 1707 2327 σκανδαλι-

138 2360 431 2425 σθήσεσθε
457 2362 529 2413 ἐν
557 2362 634 2428 τῇ
658 2362 831 2415 νυκτὶ
866 2364 1051 2430 ταύτῃ
1068 2380 1081 2392 ’
1107 2363 1228 2416 ὅθεν
1252 2364 1347 2418 καὶ
1370 2366 1644 2436 ἐπήγαγεν
1677 2368 1706 2419 6

139 2452 350 2523 Συμεὼν
384 2453 613 2520 φάσκων
635 2470 649 2483 ·
702 2454 811 2507 Kal
861 2453 978 2508 σοῦ
1016 2454 1083 2506 δὲ
1124 2456 1313 2523 αὐτῆς
1342 2455 1457 2523 τὴν
1492 2457 1705 2525 ψυχὴν

140 2545 493 2598 διελεύσεται
509 2546 799 2614 ῥομφαία,
829 2545 989 2611 ὅπως
1016 2545 1091 2599 ἂν
1112 2547 1618 2616 ἀποκαλυφθῶσιν
1635 2549 1703 2602 ἐκ

138 2632 369 2686 πολλῶν
427 2634 693 2700 καρδιῶν
754 2634 1151 2705 διαλογισμοί.
1201 2637 1345 2706 Ὅρα
1407 2637 1523 2701 πῶς
1579 2638 1704 2701 τοὺς

138 2728 385 2795 ἀπείρους
426 2727 817 2797 διαλογισμοὺς
871 2728 1143 2798 ῥομφαίαν
1192 2728 1632 2800 προσηγόρευσεν
1675 2733 1704 2784 6

136 2816 368 2887 Συμεὼν,
402 2817 483 2879 ὡς
515 2818 808 2881 νύττοντας
841 2819 911 2872 τὰ
956 2820 1220 2884 ἐνδόσθια,
1256 2820 1331 2883 ὡς
1363 2821 1704 2891 ἁπτομένους

133 2908 335 2979 νεφρῶν
368 2910 467 2962 καὶ
490 2909 723 2979 μυελῶν.
746 2910 967 2975 Τούτοις
992 2911 1047 2964 δὲ
1075 2912 1405 2982 περιέπεσεν
1436 2913 1468 2983 ἡ
1499 2912 1705 2982 Παρθέ-

133 3018 213 3061 se;
242 3000 431 3070 Μαρία
460 3001 599 3070 (59),
629 3001 857 3073 μηδέπω
876 3003 975 3073 τὴν
993 3003 1220 3073 δύναμιν
1241 3003 1337 3074 τῆς
1359 3003 1703 3067 ἀναστάσεως

1816 551 2018 617 Israel;
2051 562 2099 606 et
2132 553 2187 606 in
2224 553 2428 621 signum
2456 551 2540 603 cui
2568 550 2955 601 contradicatur
2977 562 2997 600 :
3026 546 3237 614 signum
3284 544 3369 598 cui

1813 642 2220 705 contradicitur,
2259 655 2472 695 crucem
2498 639 2789 708 appellans.
2818 636 3207 705 Quamobrem?
3233 635 3368 701 Quia

1813 734 1964 789 multi
2008 733 2249 787 inﬁdeles
2297 732 2350 785 in
2404 730 2517 799 ipsa
2566 743 2723 783 cruce
2768 728 3208 783 contradixerunt
3259 727 3367 779 Do-

1812 826 1978 887 mino,
2005 832 2059 877 et
2079 824 2255 877 verbis
2274 830 2329 876 et
2353 820 2508 875 factis
2530 820 2889 884 traducentes,
2917 828 3163 888 potantes
3189 826 3364 880 aceto,

1810 914 1881 969 fel
1912 916 2277 979 admoventes,
2309 913 2647 981 imponentcs
2673 924 2928 965 coronam
2958 910 3220 977 spineam,
3254 908 3368 959 lan-

1809 1020 1900 1060 cea
1932 1003 2193 1058 fodientes
2223 1005 2382 1068 latus,
2421 1001 2670 1055 manibus
2698 1002 2885 1055 dantes
2912 1000 3110 1065 alapas,
3139 999 3364 1066 probro-

1808 1096 1883 1150 sis
1934 1095 2258 1149 clamoribus
2307 1092 2622 1162 sugillantes
2658 1109 2675 1146 :
2707 1091 2854 1143 Alios
2912 1089 3079 1142 salvos
3130 1088 3273 1157 fecit,
3313 1103 3367 1141 se

1806 1187 1976 1254 ipsum
2022 1200 2123 1238 non
2159 1191 2327 1250 potest
2362 1181 2562 1235 salvum
2584 1180 2755 1249 facere
2777 1179 2846 1231 ⁷⁸.
2886 1177 2999 1233 Hoc
3041 1190 3171 1245 ergo
3204 1189 3366 1243 expo-

1808 1291 1941 1332 nens
1967 1276 2185 1330 Simeon
2206 1314 2221 1339 ,
2260 1273 2471 1328 dicebat
2502 1290 2517 1327 :
2551 1271 2618 1325 Et
2646 1272 2703 1324 in
2748 1271 2953 1340 signum
2989 1269 3073 1321 cui
3100 1266 3368 1321 contradi-

1806 1377 1974 1420 catur.
1999 1364 2144 1419 Multi
2168 1363 2429 1432 siquidem
2449 1361 2913 1422 contradixerunt,
2935 1358 3149 1426 quando
3171 1356 3366 1410 Petrus

1807 1459 2050 1527 negavit;
2094 1456 2306 1525 quando
2344 1468 2533 1507 omnes
2575 1451 2799 1520 apostoli
2842 1450 2984 1505 velut
3034 1464 3160 1505 oves
3184 1457 3367 1518 pasto-

1806 1566 1920 1605 rem
1943 1565 2045 1603 non
2080 1548 2363 1612 habentes,
2392 1545 2607 1599 fuerunt
2630 1544 2876 1612 dispersi.
2908 1542 3032 1597 Fuit
3052 1556 3177 1611 ergo
3201 1540 3368 1609 ipsius

1804 1643 1964 1695 etiam
2020 1639 2251 1709 Virginis
2298 1652 2392 1692 cor
2449 1636 2666 1691 tristitia
2725 1635 3035 1706 impletum,
3088 1635 3143 1688 in
3190 1634 3367 1689 crucis

1805 1734 1975 1805 signo.
2012 1732 2190 1798 Quare
2234 1730 2395 1785 etiam
2445 1728 2693 1783 dicebat:
2727 1726 2925 1796 thuid
2970 1742 3072 1781 non
3106 1726 3253 1795 prior
3282 1724 3364 1778 vi-

1804 1828 1885 1880 vis
1929 1823 2173 1879 excessi?
2224 1821 2352 1891 quid
2402 1822 2468 1875 ad
2521 1821 2660 1874 hanc
2709 1820 2848 1874 diem
2900 1818 3155 1887 perveni?
3201 1815 3365 1884 Virgo

1806 1917 1998 1974 mansi.
2039 1924 2093 1969 et
2134 1916 2204 1969 ita
2238 1925 2480 1977 manens,
2514 1912 2743 1980 majores
2773 1912 3028 1965 maternis
3069 1909 3364 1963 visceribus

1805 2008 2019 2061 dolores
2051 2006 2244 2061 sentio.
2279 2003 2450 2058 Hasce
2480 2002 2790 2057 innumeras
2814 2001 3050 2070 Virginis
3084 1998 3367 2068 cogitatio-

1806 2113 1900 2153 nes
1945 2098 2162 2153 Simeon
2192 2097 2479 2167 appellavit
2503 2095 2758 2166 gladium,
2786 2094 2932 2146 velut
2957 2107 3077 2161 quae
3106 2089 3361 2145 scandala

1805 2192 2065 2255 allaturaz,
2091 2192 2294 2243 viscera
2323 2188 2664 2243 vulnerarent
2687 2198 2702 2238 :
2729 2183 3176 2254 quemadmodum
3199 2184 3361 2236 etiam

1803 2280 2046 2352 praedixit
2079 2280 2336 2334 Dominus
2367 2301 2378 2333 :
2416 2277 2605 2333 Omnes
2644 2278 2699 2329 in
2740 2292 2820 2328 me
2854 2273 3160 2328 scandalum
3196 2272 3366 2339 patie-

1802 2372 1931 2425 mini
1976 2371 2032 2425 in
2075 2378 2223 2424 nocte
2261 2371 2364 2423 ista
2393 2369 2461 2426 ".
2498 2367 2646 2422 Unde
2701 2367 2863 2421 etiam
2913 2364 3106 2433 adjecit
3146 2363 3362 2417 Simeon

1805 2465 1859 2517 in
1893 2464 2007 2517 haec
2033 2462 2199 2515 verba
2225 2479 2237 2514 :
2265 2460 2334 2513 Et
2378 2469 2522 2512 tuam
2564 2459 2727 2527 ipsius
2758 2457 2988 2509 animum
3014 2453 3211 2507 doloris
3241 2454 3361 2523 gla-

1804 2556 1924 2608 dius
1969 2551 2329 2622 pertransibit,
2366 2560 2421 2603 ut
2462 2549 2751 2603 revelantur
2796 2562 2859 2601 ex
2899 2545 3078 2599 multis
3122 2544 3366 2596 cordibus

1802 2642 2223 2714 cogitationes".
2258 2641 2391 2696 Vide
2440 2648 2501 2692 ut
2560 2638 2777 2692 Simeon
2817 2636 3126 2690 innumeras
3169 2632 3368 2701 cogita-

1806 2736 1981 2790 tiones
2012 2734 2246 2804 gladium
2274 2731 2582 2794 vocaverit;
2618 2727 2760 2782 velut
2798 2743 2915 2797 quze
2938 2726 3162 2780 ferirent
3192 2725 3366 2778 visco-

1804 2839 1899 2890 ra;
1932 2824 2077 2877 velut
2116 2837 2235 2893 qum
2274 2834 2430 2875 renes
2474 2818 2838 2885 medullasque
2872 2815 3259 2881 contingerent.
3310 2812 3367 2866 In

1802 2916 1900 2970 has
1929 2924 2105 2970 autem
2137 2913 2327 2968 incidit
2360 2911 2520 2983 Virgo
2552 2910 2739 2975 Maria,
2766 2908 2906 2977 Quod
2936 2907 3168 2959 nondum
3202 2904 3368 2959 sciret

1801 3008 1908 3060 vim
1942 3004 2383 3069 resurrectionis,
2420 3002 2559 3073 quod
2581 3002 2876 3056 etiamnum
2908 2994 3364 3051 resurrectionem

133 3093 294 3145 έδνία
312 3107 327 3119 °
355 3094 450 3146 καὶ
478 3095 560 3146 ὅτι
589 3094 655 3146 ἐκ
681 3095 937 3162 γειτόνων
962 3097 994 3166 ἡ
1018 3096 1330 3158 ἀνάστασις,
1357 3094 1563 3148 οὐδέπω
1592 3098 1702 3163 ὲγί-

1843 3115 1856 3151 l
1888 3097 2186 3168 pr0pinquo
2206 3109 2326 3151 esse
2354 3095 2643 3164 ignoraret.
2672 3089 2826 3146 Unde
2858 3097 2977 3157 post
3006 3084 3361 3141 resurrectio-

132 3200 353 3236 νιος-χεν.
384 3183 552 3236 ’Ὅθεν
585 3182 723 3253 μετά
752 3184 848 3253 τὴν
898 3184 1210 3251 ἀνάστασιν,
1246 3184 1427 3237 οὐκέτι
1461 3186 1703 3254 ῥομφαία

130 3275 407 3344 δίπομοςο
461 3274 579 3327 ἀλλ’
629 3274 932 3344 εὐφροσύνη
972 3274 1065 3329 καὶ
1091 3273 1427 3343 ἀγαλλίασις.
1469 3275 1704 3344 Σημεῖον

130 3366 300 3417 τοίνυν
354 3364 691 3433 ἀντιλογίας,
725 3364 785 3417 τὸ
829 3365 1116 3435 σταυρικὸν
1157 3368 1380 3435 σημεῖον
1412 3365 1440 3418 6
1479 3363 1703 3435 Συμεὼν

134 3456 591 3525 προσηγόρευσεν,
636 3456 695 3507 ὲν
802 3454 975 3526 καιρῷ
1014 3454 1257 3526 ῥομφαία
1297 3455 1572 3526 λογισμῶν
1605 3456 1705 3526 τὴν

135 3546 397 3614 Παρθένον
424 3545 537 3615 (40)
562 3544 795 3614 διῆλθεν.
824 3547 980 3598 Ἔστι
1016 3546 1074 3598 δὲ
1104 3546 1320 3611 πάντως
1350 3549 1522 3601 εἰπεῖν
1550 3563 1699 3600 τινα·

134 3636 232 3686 Καὶ
260 3634 424 3686 πόθεν
452 3637 587 3703 ἡμῖν
614 3636 647 3704 ἡ
672 3634 976 3699 anesum;
1008 3634 1096 3700 Ἐξ
1123 3635 1298 3687 αὐτῶν
1327 3635 1433 3687 τῶν
1460 3635 1554 3688 τοῦ
1587 3636 1701 3687 Κυ-

138 3727 239 3796 ρίοο
272 3727 644 3797 δεδαγμάτων.
684 3728 881 3781 ’Ἄκουε
905 3727 1070 3780 αὐτοῦ
1108 3728 1388 3796 λέγοντος’
1433 3729 1505 3782 Ἠ
1532 3728 1704 3799 γενεὰ

134 3820 292 3886 αὕτη,
326 3821 507 3888 Τενεὰ
534 3820 772 3887 πονηρά
810 3821 969 3873 ἐστι’
1001 3818 1254 3888 σημεῖον
1303 3817 1578 3887 ἐπιζητεῖ,
1604 3820 1703 3873 καὶ

134 3914 372 3983 σημεῖον
400 3916 479 3968 οὐ
516 3913 839 3979 δοθήσεται
890 3913 1068 3982 αὐτῇ,
1109 3917 1164 3968 ει
1201 3914 1286 3983 μὴ
1333 3913 1401 3968 τὸ
1454 3912 1706 3981 σημεῖον

146 4004 288 4059 Ἰωνᾶ
317 4006 426 4058 τοῦ
453 4004 789 4073 προφήτου.
813 4006 1040 4075 Ὠσπερ
1065 4005 1176 4075 γὰρ
1204 4001 1282 4074 ἦν
1320 4002 1512 4071 Ἰωνᾶς
1538 4005 1609 4057 ἐν
1628 4003 1704 4074 τῇ

136 4099 313 4163 κοιλίᾳ
350 4096 463 4149 τοῦ
508 4095 755 4161 κήτους,
784 4096 972 4160 οὕτως
1008 4096 1178 4150 ἔσται
1214 4097 1311 4149 καὶ
1343 4100 1376 4151 ό
1421 4098 1554 4164 Υἱὸς
1598 4097 1704 4152 τοῦ

136 4187 434 4254 ἀνθμίιτου
453 4188 524 4240 ὲν
550 4186 628 4254 τῇ
656 4187 865 4253 καρδίᾳ
888 4186 997 4255 τῆς
1025 4187 1156 4256 γῆς,
1183 4187 1340 4255 τρεῖς
1366 4187 1590 4256 ἡμέρας
1607 4188 1705 4242 καὶ

138 4278 273 4349 qqu
311 4280 564 4343 νύκτας.
614 4278 778 4348 Ὁρᾷς
815 4276 932 4338 πῶς
975 4276 1034 4329 τὸ
1064 4277 1351 4347 σταυρικὺν
1381 4277 1556 4340 πάθος
1604 4293 1702 4347 σηο

138 4370 266 4432 μεῖον
295 4364 741 4438 προσηγορεύθη,
771 4365 829 4416 οὐ
868 4364 1023 4434 μόνον
1052 4366 1108 4417 ἐν
1128 4368 1194 4436 τῇ
1227 4368 1400 4436 Καινῇ
1428 4364 1699 4437 Διαθήκῃ,

1805 3204 1954 3253 nem,
1986 3203 2089 3241 non
2112 3187 2223 3255 jam
2270 3185 2494 3255 amplius
2535 3182 2741 3250 gladius
2793 3192 3013 3247 anceps,
3057 3178 3147 3230 sed
3180 3173 3363 3228 laetitia

1804 3288 1964 3348 atque
1988 3270 2277 3333 exsultatio
2312 3284 2417 3330 est.
2453 3273 2672 3343 Signum
2703 3271 2865 3342 igitur
2899 3266 3365 3333 contradictionis,

1802 3370 1983 3427 erucis
2009 3370 2219 3437 signum
2262 3366 2484 3421 Simeon
2521 3363 2825 3434 appellavit,
2866 3376 2972 3425 quo
3000 3370 3239 3428 tempore
3276 3375 3367 3415 co-

1804 3462 2121 3534 gitationum
2158 3459 2367 3528 gladius
2406 3454 2679 3525 Virginem
2710 3452 2969 3524 pervasit.
3009 3450 3115 3505 Sed
3146 3463 3367 3519 prorsus

1803 3553 1999 3623 aliquis
2023 3551 2207 3605 dicat:
2247 3549 2396 3604 Unde
2433 3561 2561 3600 vero
2599 3545 2710 3598 [nec
2754 3540 3255 3598 demonstraveris?
3293 3540 3368 3593 Ex

1804 3644 1918 3713 ipsa
1959 3640 2166 3696 Domini
2205 3638 2466 3693 doctrina.
2495 3635 2626 3689 Audi
2660 3634 2806 3688 illum
2843 3631 3112 3687 dicentem
3156 3647 3170 3684 :
3205 3628 3372 3684 Gene-

1806 3732 1948 3786 ratio
1986 3733 2119 3795 hcce,
2154 3730 2418 3799 generatio
2452 3743 2670 3795 nequam
2700 3733 2774 3780 est
2800 3740 2818 3777 :
2846 3725 3053 3793 signum
3086 3722 3295 3794 quierit,
3320 3729 3370 3774 et

1807 3823 2013 3891 signum
2045 3838 2148 3875 non
2173 3821 2389 3872 dabitur
2424 3821 2491 3883 ei,
2533 3818 2633 3870 nisi
2670 3818 2874 3886 signum
2904 3815 3058 3869 Jonte
3083 3813 3370 3883 prophetas.

1805 3906 1950 3962 Sicut
2001 3908 2137 3960 enim
2177 3907 2273 3974 fuit
2310 3904 2477 3959 Jonas
2505 3906 2561 3957 in
2592 3916 2765 3958 ventre
2793 3904 2892 3957 ceti
2922 3919 2940 3957 :
2969 3904 3045 3956 sic
3071 3904 3166 3956 erit
3200 3898 3371 3955 Filius

1807 3996 2033 4050 hominis
2056 3996 2111 4048 in
2141 3996 2303 4049 corde
2333 4006 2508 4057 terrae,
2535 3992 2698 4046 tribus
2721 3992 2900 4045 diebus
2930 4001 2976 4045 et
3005 3991 3168 4043 tribus
3201 3990 3371 4043 nocti-

1806 4087 1900 4139 bus
1952 4087 2021 4140 '9.
2056 4085 2222 4140 Vides
2270 4093 2329 4138 nt
2376 4085 2553 4138 crucis
2602 4081 2922 4151 supplicium
2964 4079 3165 4133 dictum
3212 4077 3374 4131 fuerit

1804 4180 2040 4250 signum,
2073 4191 2178 4231 non
2214 4175 2383 4229 solum
2426 4174 2478 4227 in
2513 4173 2659 4227 Novo
2686 4172 3052 4233 Testamento,
3088 4168 3179 4223 sed
3207 4168 3371 4222 etiam

1805 4272 1857 4325 in
1888 4269 2110 4326 Veteri?
2150 4268 2449 4323 Admodum
2491 4267 2633 4320 enim
2691 4272 2988 4319 consonant
3010 4272 3189 4315 vetera
3222 4257 3372 4314 Novo

1805 4362 2169 4417 Testamento.
2206 4356 2596 4425 Quamobrem?
2629 4356 2762 4423 Quia
2798 4368 2936 4408 unus
2968 4363 3023 4407 et
3058 4353 3195 4407 idem
3234 4350 3373 4405 Deus

281 4461 377 4511 καὶ
412 4461 475 4511 ὲν
504 4461 576 4528 τῇ
600 4457 842 4528 Παλαιᾷ;
865 4458 1076 4528 Σφόδρα
1104 4456 1213 4528 γὰρ
1241 4458 1309 4511 τὰ
1337 4458 1539 4512 παλαιὰ
1566 4476 1702 4527 συμ-

1843 4461 1909 4511 st.
1942 4450 2034 4521 qui
2075 4450 2163 4504 illa
2203 4449 2403 4507 sanxit.
2442 4457 2497 4501 et
2531 4446 2616 4501 ltic
2649 4444 2938 4501 ordinavit.
2972 4442 3103 4509 Quis
3129 4455 3259 4496 vero
3287 4440 3371 4494 bis

138 4554 287 4615 τωνεῖ
318 4554 383 4621 τῇ
412 4551 556 4621 Νέᾳ..
588 4550 687 4602 Διά
708 4549 789 4612 τίς
837 4548 1052 4619 Ἐπειδὴ
1090 4544 1171 4612 εἷς
1199 4550 1292 4602 κα)⁵
1316 4552 1345 4602 6
1376 4550 1537 4613 αὐτὸς
1568 4551 1700 4615 Θεὸς

134 4643 401 4697 ὁκάκείνα
433 4642 823 4716 νομοθετήσας,
857 4643 951 4695 καὶ
988 4638 1090 4695 ὦδε
1122 4642 1447 4715 βραϐεύσας.
1478 4644 1587 4696 Καὶ
1617 4646 1700 4707 τίς

134 4735 324 4798 τούτοις
364 4736 620 4806 μάρτυς;
667 4734 837 4798 Αὐτὸς
873 4737 901 4788 6
932 4735 1153 4805 Κύριος.
1190 4736 1388 4788 Ἀκουε
1418 4734 1583 4787 αὑτοῦ
1614 4736 1692 4786 λέ-
1734 4796 1737 4797 ν

134 4842 301 4892 γοντος
329 4828 389 4877 ὲν
418 4824 506 4894 τῷ.
535 4826 789 4895 προφήτῃ
822 4823 1097 4894 Ἰεςεκιὴλ,
1122 4823 1259 4893 πρὸς
1284 4824 1412 4885 τοὺς
1443 4822 1699 4893 θεριστὰς

135 4918 403 4985 ἀγγέλους,
436 4917 540 4987 τὴν
582 4915 874 4985 καθολικὴν
910 4915 1215 4968 συντέλειαν
1257 4913 1571 4984 μηνύοντος,
1604 4912 1699 4964 ού-

134 5028 197 5061 τω
221 5011 430 5078 λέγων·
471 5009 573 5077 Μὴ
627 5010 921 5078 φείσησθε
963 5008 1089 5075 τοῖς
1139 5007 1464 5077 ὀφθαλμοῖς
1510 5002 1698 5074 ὑμῶν,

1809 4544 1956 4597 testis
1988 4541 2183 4595 fuerit?
2210 4540 2328 4609 Ipse
2362 4539 2643 4592 Dominus.
2682 4537 2815 4591 Audi
2849 4536 2993 4592 enim
3033 4549 3151 4588 eum
3184 4533 3371 4588 dicen-

1808 4644 1914 4687 tem
1955 4632 2009 4685 in
2049 4631 2303 4700 propheta
2354 4627 2638 4681 Ezechiele
2689 4627 2755 4679 ad
2808 4626 3026 4695 angelos
3073 4636 3365 4685 messores,

1807 4725 1931 4776 dum
1965 4721 2323 4775 universalem
2354 4717 2872 4773 consummationem
2901 4714 3224 4769 annuntians
3254 4713 3370 4765 ait:

1810 4814 1892 4868 Ns
1919 4816 2115 4881 parcite
2140 4812 2305 4866 oculis
2353 4812 2555 4873 vestris,
2603 4820 2651 4862 et
2701 4826 2763 4863 ne
2809 4806 3125 4861 miseremini
3176 4820 3371 4865 senem,

1805 4921 1964 4975 neque
1998 4905 2250 4971 iuvenem,
2282 4919 2441 4970 neque
2472 4903 2738 4970 virginem,
2776 4909 2823 4951 et
2852 4913 3070 4965 puerum
3106 4908 3151 4949 et
3177 4894 3370 4947 mulie-

1808 5012 1886 5048 res
1908 4994 2183 5063 interﬁcite
2207 4992 2274 5046 ad
2298 4994 2719 5045 internecionem.
2749 4989 2854 5042 Eos
2878 4998 3049 5041 autem
3065 4987 3151 5055 qui
3167 4988 3374 5055 signum

192 5195 451 5248 "Matth.
480 5190 772 5255 xxvn,62.
845 5190 890 5223 ⁷⁷
930 5189 1115 5243 Matth.
1165 5202 1310 5252 XXVI,
1360 5186 1450 5241 51.
1524 5185 1571 5217 ⁷⁸
1610 5183 1702 5238 Lut

1867 5176 1957 5231 55.
2033 5175 2079 5207 ⁷⁸
2119 5173 2249 5228 Luc.
2287 5189 2361 5239 ιι,
2397 5172 2486 5235 29,
2515 5172 2617 5236 ’ὀο;
2657 5170 2843 5224 Matth.
2891 5185 2987 5235 XII,
3038 5168 3127 5234 39,
3169 5167 3262 5222 40.

192 5328 291 5393 ('59)
324 5327 575 5391 Τούτοις
586 5323 656 5377 δὲ
666 5322 1016 5391 περιέπεσεν
1035 5322 1073 5388 ἡ
1086 5323 1387 5388 Παρθένος
1401 5319 1613 5393 λᾷαρία.
1632 5318 1658 5372 Ι
1669 5335 1700 5372 n

138 5391 213 5448 hes
249 5406 429 5449 autem
471 5397 660 5448 incidit
702 5393 855 5463 Virgo
878 5391 1699 5463 Maria:netnpe,cogitationes,

140 5468 275 5533 gladii
328 5467 510 5519 instar
561 5461 808 5533 animam
851 5467 1253 5533 pervadentes,“
1282 5461 1420 5533 quod
1471 5463 1701 5512 nondum

140 5528 262 5589 ἱίὶνιι
298 5536 403 5589 vim
434 5528 865 5588 resurrectionis.
887 5531 953 5583 Et
986 5533 1099 5585 haec
1128 5531 1196 5583 ab
1218 5528 1447 5597 Origene
1479 5540 1699 5597 accepta

143 5605 261 5657 hom.
298 5606 365 5658 17
404 5603 459 5655 in
504 5604 636 5656 Luc.
681 5617 789 5657 non
841 5602 1119 5668 probanda
1165 5600 1450 5659 sententia,
1500 5599 1553 5651 in
1590 5614 1694 5668 qua

141 5674 275 5750 etiam
314 5673 419 5750 fuit
453 5673 695 5750 erillus
738 5680 811 5750 e_t_
838 5667 953 5750 alii.
1000 5670 1182 5725 Potuit
1212 5683 1361 5750 sane,
1408 5668 1551 5750 nulla
1600 5667 1693 5750 tali

148 5744 424 5813 ignorantia
451 5737 714 5800 laborans
767 5741 957 5807 Maria,
992 5738 1381 5811 compassionis
1412 5737 1606 5794 affectu
1638 5743 1693 5793 et

1808 5308 2071 5367 maternis
2105 5307 2423 5371 visceribus,
2456 5306 2567 5361 dira
2601 5305 2689 5360 illa
2731 5305 2852 5359 Filii
2895 5306 3142 5374 passione
3185 5302 3375 5359 intime

1807 5379 2070 5441 cruciari;
2100 5387 2157 5431 ut
2180 5379 2343 5431 etiam
2367 5394 2429 5431 ex
2454 5378 2569 5431 zelo
2588 5376 2782 5430 divina:
2810 5378 3015 5443 glorias,
3033 5389 3192 5444 quam
3220 5382 3374 5444 tante

1808 5453 1862 5505 in
1896 5450 2079 5504 Jesum
2118 5450 2410 5516 parricidio
2457 5446 2771 5516 Judasorum
2810 5447 3024 5499 videbat
3051 5443 3371 5516 immaniter

1808 5513 2152 5585 conculcari;
2180 5525 2238 5571 ut
2287 5533 2355 5571 ne
2385 5518 2695 5572 scandalum
2743 5515 2917 5570 dicam
2962 5517 3012 5568 in
3045 5513 3373 5585 crucel'utu-

1775 5649 1778 5652 ,
1809 5606 1950 5653 rum,
1979 5587 2045 5641 ad
2076 5582 2217 5657 quod
2252 5589 2521 5657 praecipue
2574 5586 2791 5640 Simeon
2845 5586 3109 5653 reSpicere
3136 5582 3368 5635 videtur.

1806 5660 2076 5716 Videndus
2107 5656 2270 5721 Beda,
2302 5668 2408 5711 etc.

1875 5728 1986 5801 (40)
2026 5726 2145 5795 Τὴν
2173 5718 2497 5796 Παρθένον.
2522 5725 2603 5781 Al.
2626 5725 2736 5797 Τὴν
2758 5723 2931 5796 ψυχὴν
2950 5724 3044 5793 τῆς
3070 5718 3364 5792 Παρθένου,
