3796 6302
385 301 453 355 159
1331 309 1389 363 S.
1435 309 1884 367 AMPHILOCIIII
1926 312 2307 369 ICONIENSIS
2345 311 2656 369 EPISCOPI
3545 306 3626 363 6ο

383 427 583 485 gestant
607 415 663 472 in
694 418 974 489 frontibus,
1010 437 1070 475 ne
1106 422 1461 490 tetigeritis".
1501 423 1628 478 Vide
1654 426 1865 495 signum
1891 438 1942 480 et

2059 426 2144 479 val
2198 424 2283 494 μὴ
2326 425 2620 494 ἐλεήσητε
2672 424 3032 493 πρεσϐύτην.
3054 474 3059 475 γ
3081 421 3236 491 μηδὲ
3278 423 3625 476 νεανίσκον

389 508 594 566 Veteris
633 522 686 564 et
721 510 851 565 Novi
898 510 1264 575 Testamenti;
1314 523 1396 567 est
1442 515 1584 567 enim
1640 516 1753 583 ipsa
1810 532 1940 570 crux

2059 517 2142 569 sui
2166 518 2461 585 παρθένον
2478 532 2492 545 ο
2520 518 2616 569 καὶ
2648 514 2901 577 παιδίον,
2924 514 3023 566 καὶ
3044 513 3327 582 γυναῖκας
3347 513 3626 566 θανατώ-

384 616 503 668 qum
534 601 705 656 salvat
731 602 1002 665 mundum,
1034 618 1127 671 per
1148 602 1327 658 Jesum
1351 603 1622 657 Christum
1651 605 1935 661 Dominum

386 704 626 745 uestrum
678 715 688 747 :
725 693 810 746 cui
841 694 1007 763 gloria
1038 704 1091 749 et
1117 696 1419 765 imperiunm,
1448 711 1587 751 nunc
1622 705 1673 750 et
1702 712 1936 768 semper,

385 790 439 835 et
474 784 524 835 in
561 784 749 837 sarcula
782 787 1119 839 seculorum.
1152 788 1345 841 Amen.

2044 624 2190 663 σατε
2240 612 2327 673 είς
2359 607 2693 676 ἐξάλειψιν.
2734 609 2861 675 Τοῖς
2904 607 2973 661 δὲ
3016 605 3463 675 ἐπιφερομένοις
3504 603 3618 655 ἐπὶ

2044 697 2161 750 τῶν
2181 697 2467 765 μετώπων
2499 696 2565 749 τὸ
2591 697 2861 765 σημεῖον,
2888 696 2973 765 μὴ
2997 695 3255 763 ἅψησθε.
3284 692 3388 745 Ἴδε
3422 691 3483 742 τὸ
3510 706 3587 757 ση

2050 791 2196 858 μεῖον
2240 787 2337 856 τῆς
2376 788 2615 850 Παλαιᾶς
2647 786 2740 839 καὶ
2778 786 2876 856 τῆς
2909 786 3071 848 Νέας.
3121 782 3289 845 Αὐτὸς
3317 781 3424 851 γάρ
3458 782 3621 831 ἐστιν

384 875 413 926 6
468 875 697 946 σταυρὸς
748 878 777 929 6
828 877 915 931 τὸν
972 878 1172 949 κόσμον
1224 877 1445 942 σώζωνο
1490 878 1577 931 διὰ
1622 877 1797 949 Ἰησοῦ
1855 877 1949 931 τοῦ
1992 879 2225 950 Χριστοῦ
2266 880 2358 933 τοῦ
2405 880 2607 951 Κυρίου
2646 878 2821 949 ἡμῶν,
2867 871 2912 946 ᾧ
2978 880 3011 947 ἡ
3067 874 3193 940 δόξα
3229 874 3323 929 καὶ¹
3369 874 3430 926 τὸ
3468 872 3619 942 κρά-

384 982 494 1033 τος,
530 967 624 1021 νῦν
657 967 749 1022 κα)⁸
776 969 885 1034 ἀεὶ,
917 970 1011 1022 καὶ
1062 972 1140 1032 είς
1183 972 1309 1032 τοὺς
1354 970 1555 1035 αἰῶνας
1591 970 1700 1023 τῶν
1725 968 1952 1025 αἰώνων.
1996 970 2187 1041 ’Λμήνυ

968 1058 1222 1114 ORATIO
1264 1058 1349 1114 ΙΙΙ.

732 1150 798 1205 1η
825 1150 1084 1204 Lazarum
1106 1153 1512 1220 quatriduanum
1525 1152 1590 1205 ⁸³.

461 1238 501 1294 1.
542 1240 731 1296 Profer
781 1257 989 1297 rursum
1030 1243 1081 1295 in
1127 1244 1361 1297 medium
1409 1242 1665 1298 Joannem
1720 1257 1947 1313 evange-

386 1330 586 1385 listam.
646 1333 849 1386 Bonum
896 1343 977 1388 est
1026 1344 1081 1388 ut
1133 1335 1534 1391 consideremus
1587 1335 1941 1389 resurrectio-

389 1425 472 1478 nis
511 1426 791 1494 primitias.
832 1427 1039 1483 Audisti
1089 1430 1232 1482 enim
1281 1442 1450 1498 nuper
1480 1428 1783 1483 dicentem:
1813 1427 1943 1479 Ante

2676 1057 2893 1109 ΛΟΓΟΣ
2924 1056 2997 1109 Γ’.

2330 1151 2431 1216 Εἰς
2472 1148 2580 1203 τὸν
2623 1147 3017 1217 τετραιᾶμερον
3046 1143 3326 1213 Λάζαρον.

2117 1242 2196 1297 Λ’.
2219 1243 2353 1314 Φέρε
2366 1244 2524 1297 πάλιν
2541 1243 2617 1305 είς
2633 1242 2792 1312 μέσον
2813 1242 2904 1294 τὸν
2924 1239 3306 1309 εὐαγγελιστὴν
3334 1237 3615 1308 Ἰωάννην·

2048 1333 2209 1385 καλὸν
2244 1333 2349 1402 γὰρ
2382 1332 2476 1402 τὴν
2511 1330 2759 1402 ἀπαρχὴν
2802 1331 2899 1401 τῆς
2943 1330 3285 1390 ἀναστάσεως
3314 1328 3615 1395 σκοπῆσαι.

2051 1426 2282 1487 Ἤκουες
2319 1423 2426 1493 γάρ
2461 1422 2623 1475 αὐτοῦ
2669 1423 2871 1493 ἀρτίως
2905 1421 3147 1490 λέγοντος
3170 1436 3183 1450 ·
3218 1420 3337 1487 Πρό
3364 1419 3433 1482 ἐξ
3467 1420 3619 1487 ἡμε-

388 1532 478 1571 na:
521 1517 632 1572 dies
681 1518 903 1575 Pascha:
959 1521 1269 1576 uenitlesus
1308 1520 1646 1585 Belltaniam,
1701 1519 1790 1572 ubi
1833 1527 1943 1571 erat

2059 1514 2165 1568 θῶν
2191 1515 2297 1569 τοῦ
2321 1515 2553 1583 Πάσχα,
2598 1510 2782 1584 ἦλθεν
2821 1516 2854 1567 ό
2905 1512 3131 1580 Ἰησοῦς
3168 1515 3254 1578 είς
3284 1514 3614 1578 Βηθανίαν,

389 1607 628 1664 Lazarus
686 1628 836 1680 quem
888 1613 1151 1667 suscitavit
1211 1631 1243 1666 a
1282 1613 1519 1671 ,mortuis
1563 1612 1630 1665 ⁸¹.
1700 1608 1946 1664 Vidistin‘

2059 1603 2197 1657 ὅπου
2223 1600 2300 1673 ἦν
2322 1601 2600 1670 Λάζαρος,
2630 1602 2701 1656 ὃν
2724 1601 2956 1671 ἤγειρεν
2982 1603 3049 1656 ἐκ
3069 1600 3314 1670 νεκρῶν.
3346 1601 3479 1663 Ἴδες
3510 1600 3620 1671 τὴν

392 1701 805 1754 resurrectionis
828 1701 1115 1771 primitias,
1142 1699 1462 1769 praecedenti
1496 1706 1620 1767 typo
1652 1697 1703 1749 in
1736 1695 1942 1748 Lazaro

2059 1695 2293 1765 ὶπαρχὴν
2315 1696 2412 1765 τῆς
2436 1696 2781 1757 ἀναστάσεως
2801 1696 2858 1746 ὲν
2881 1694 3113 1765 Λαζάρῳ
3140 1693 3615 1765 πρπυπωθεῖσαν,

394 1794 728 1865 designatas,
755 1808 888 1861 quas
909 1793 1157 1862 cognovit
1190 1791 1359 1846 ﬁdelis
1404 1790 1669 1859 populus?
1706 1789 1943 1857 Agnove-

2059 1787 2109 1855 ἠν
2159 1787 2187 1837 ὁ
2227 1784 2416 1848 πιστὸς
2465 1784 2619 1854 ὄχλος
2658 1784 2981 1855 ὲγνώρισεν;
3023 1786 3084 1837 Oi
3113 1784 3258 1853 ὄχλοι
3288 1782 3617 1853 ἐγνώρισαν,

394 1894 515 1937 runt
557 1885 745 1949 turbae,
790 1893 843 1937 et
882 1882 1161 1951 pontiﬁces
1200 1879 1517 1934 miraculum
1559 1876 1947 1931 transferentes

2059 1875 2137 1927 cui.
2161 1876 2211 1927 οἱ
2236 1876 2506 1947 ἀρχιερεῖς
2536 1873 2899 1945 ἐλοιδόρησαν,
2930 1875 3027 1943 τὴν
3060 1874 3498 1944 θαυματουργίαν
3534 1875 3619 1936 είς

391 1975 442 2027 in
466 1974 801 2029 occasionem
828 1972 1059 2034 invidias,
1087 1971 1300 2040 probris
1330 1970 1577 2025 insectati
1610 1978 1753 2023 sunt.
1779 1966 1944 2021 Plane

2059 1965 2343 2019 iacxaviav
2400 1964 2809 2035 μεταϐαλόντες.
2875 1967 3080 2027 Ὄντως
3139 1965 3441 2019 ὲϐἀσκαναν
3514 1965 3619 2035 τὴν

395 2064 701 2118 inviderunt
745 2066 1003 2117 suscitato
1046 2060 1273 2125 Lazaro,
1322 2078 1444 2115 cum
1472 2071 1591 2130 post
1618 2061 1732 2128 eius
1770 2074 1947 2113 resur-

2059 2056 2339 2108 Ξινόιστασιν
2371 2055 2643 2125 Λαζάρου,
2683 2056 2761 2108 ὅτι
2800 2056 2935 2126 μετά
2973 2056 3070 2126 τὴν
3102 2056 3397 2108 ἀνάστασιν
3425 2056 3616 2121 αὑτοῦ,

396 2154 687 2207 rectionem
716 2167 874 2221 quam
904 2152 1124 2216 audisti,
1166 2152 1448 2204 consilium
1492 2151 1708 2204 inierint
1742 2158 1799 2202 ut
1824 2162 1945 2201 eum

2059 2144 2112 2218 ἧς
2145 2149 2359 2217 ἤκουες,
2397 2146 2875 2200 συνεϐουλεύσαντο
2907 2148 3067 2200 αὑτὸν
3103 2150 3435 2201 ἀποκτεῖναι.
3476 2149 3620 2212 Ἰδες

391 2243 770 2299 interﬁcerent.
803 2244 1046 2297 Vidistin’
1069 2254 1477 2311 exsuperantem
1508 2241 1808 2296 invidiam?
1851 2238 1949 2292 Co-

396 2339 704 2407 gitaverunt
746 2339 844 2409 ipsi
884 2339 1205 2405 interﬁcere,
1235 2354 1390 2408 quem
1426 2339 1679 2393 Dominus
1722 2336 1949 2391 suscita-

393 2438 544 2483 verat
567 2428 645 2495 ⁸³;
678 2444 777 2482 ιιοιι
802 2431 1000 2482 conscii
1032 2428 1166 2495 fore,
1199 2439 1255 2482 ut
1280 2428 1523 2497 quamvis
1561 2426 1945 2489 interfecerint,

396 2518 554 2572 facile
607 2520 677 2573 sit
732 2519 956 2573 Domino
1000 2528 1057 2572 ut
1117 2522 1310 2575 iterum
1355 2518 1587 2573 amicum
1646 2518 1946 2574 resuscitet.

394 2610 685 2664 Consilium
732 2610 965 2668 inierunt
998 2624 1055 2665 ut
1084 2612 1343 2666 Lazarum
1384 2612 1763 2669 interficerent.
1809 2610 1948 2666 Nihil

391 2701 464 2755 ita
494 2701 772 2756 mordebat
799 2701 1009 2757 Judzeos
1039 2702 1175 2756 sicut
1211 2703 1534 2757 resurrectio
1566 2701 1779 2756 Lazari.
1816 2702 1951 2755 Huic

391 2790 484 2844 uni
516 2792 773 2845 miraculo
814 2792 1160 2859 nequiverant
1195 2792 1515 2845 calumniam
1542 2790 1758 2845 inferre.
1809 2790 1946 2845 Caeci

392 2894 422 2932 a
456 2880 732 2933 nativitale
785 2879 1222 2933 illuminationem
1270 2879 1481 2933 fuerant
1508 2879 1837 2943 calumniati,
1872 2879 1949 2933 di-

392 2980 613 3024 centes:
644 2968 744 3023 Hic
772 2979 847 3022 est
872 2987 890 3023 :
914 2986 1015 3021 non
1041 2971 1227 3035 esthic,
1254 2969 1441 3023 similis
1465 2970 1511 3022 ei
1533 2979 1605 3022 est
1634 2970 1700 3021 ⁸⁸.
1719 2968 1951 3023 Fuerant
1978 3006 2023 3067 Ο

393 3060 699 3113 calumniati
738 3060 1137 3114 suscitationem
1185 3061 1307 3116 ﬁlia:
1350 3061 1505 3125 Jairi,
1558 3060 1804 3114 dicentes
1831 3075 1952 3129 gra-

393 3151 528 3206 viori
584 3153 888 3219 depressam
944 3165 1152 3214 somno,
1206 3166 1309 3205 non
1349 3159 1724 3205 consummato
1759 3150 1952 3202 morbo

394 3240 558 3296 fuisse
599 3242 843 3295 traditam
875 3240 941 3292 ⁸⁸.
977 3239 1392 3294 Snscitationem
1439 3239 1532 3294 ﬁlii
1566 3239 1737 3293 vidure
1768 3239 1955 3308 unige-

398 3333 494 3387 niti
526 3333 737 3386 fuerant
758 3333 1092 3397 calumniati,
1122 3333 1361 3387 dicentes
1394 3331 1677 3386 simulasse
1703 3339 1952 3394 mortem,

396 3439 501 3480 non
544 3425 734 3479 mortis
773 3426 1083 3493 absorptum
1118 3422 1401 3493 tyrannide
1428 3423 1492 3477 ⁸⁸.
1527 3421 1861 3476 Exsiccatam
1896 3419 1957 3472 ﬁ-

401 3530 525 3569 cum
574 3515 887 3569 calumniati
930 3523 1104 3577 erant,
1143 3515 1382 3568 dicentes
1410 3513 1618 3566 aruisse
1641 3512 1780 3563 velut
1810 3510 1955 3564 acci-

396 3621 533 3673 sam,
576 3622 679 3661 non
716 3607 968 3660 siccatam
1021 3619 1268 3659 sermone
1300 3604 1573 3657 Dominico
1598 3603 1664 3655 δ’.
1698 3605 1863 3671 Aqua:
1902 3600 1956 3653 in

396 3697 577 3750 vinum
624 3697 903 3751 mutationi
961 3696 1250 3750 intulerant
1299 3695 1656 3759 calumniam,
1718 3695 1959 3749 dicentes

393 3788 503 3856 jam
531 3787 583 3841 in
606 3801 760 3842 omna
786 3787 1196 3842 temulentorum
1222 3802 1334 3841 rem
1358 3801 1496 3848 esse,
1526 3801 1623 3840 nec
1653 3786 1957 3840 irrisionem

399 3877 810 3946 percipientium
840 3876 885 3909 ⁸⁸
908 3895 922 3932 :
950 3876 1049 3931 soli
1074 3876 1404 3931 suscitationi
1428 3874 1617 3930 Lazari
1647 3893 1750 3931 non
1777 3885 1961 3945 potue-

403 3980 526 4022 rant
560 3968 779 4024 inferre.
813 3967 1069 4022 Viderant
1099 3966 1270 4034 ipsum
1304 3965 1601 4021 Lazarum:
1627 3968 1708 4021 vir
1734 3966 1960 4035 insignis

405 4069 796 4127 erat:pompze
857 4058 1064 4112 funebri
1125 4057 1337 4110 fuerant
1390 4058 1655 4122 comites;
1720 4059 1962 4111 viderant

404 4149 670 4214 signatum
727 4148 1051 4217 sepulcrum,
1106 4146 1319 4199 fuerant
1372 4162 1468 4216 pro
1512 4162 1661 4201 more
1697 4148 1959 4202 consolati

405 4239 550 4293 velut
589 4239 639 4292 in
674 4238 1037 4307 parentalibus
1085 4250 1139 4291 et
1188 4237 1451 4291 demortui
1498 4238 1673 4307 epulo.
1728 4237 1963 4293 Fuerant

2049 2238 2343 2307 βασκανίας
2376 2238 2712 2308 ῦπερϐολήνς
2742 2240 2835 2291 Ὃν
2882 2241 2909 2291 6
2953 2239 3155 2309 Κύριος
3188 2240 3426 2311 ἤγειρεν,
3461 2241 3622 2292 αὐτοὶ

2049 2329 2358 2381 ἀποκτεῖναι
2393 2328 2759 2397 διενοήθησαν,
2791 2330 2862 2399 μὴ
2888 2330 3200 2394 συνειδότες,
3229 2331 3309 2383 ὅτι
3334 2331 3434 2383 κᾶν
3458 2331 3620 2383 αὐτοὶ

2049 2420 2447 2481 ἀποκτείνουσι,
2480 2418 2640 2472 πάλιν
2670 2419 2867 2487 κοῦφον
2894 2419 2971 2489 τῷ
2993 2420 3179 2492 Κυρίῳ
3204 2421 3499 2485 ἀναστῆσαι
3524 2421 3619 2473 τὸν

2050 2508 2781 2579 φίλον...Συνεϐουλεύσαντο
2842 2509 2929 2562 τὸν
2983 2511 3229 2580 Λάζαρον
3278 2513 3617 2567 ἀποκτεῖναι.

2050 2607 2213 2660 Οὐδὲν
2250 2606 2419 2668 οῦτως
2469 2605 2752 2675 ὲδρίμυττε
2783 2605 2909 2667 τοὺς
2954 2606 3259 2669 Ἰουδαίους,
3302 2606 3375 2666 ὡς
3407 2611 3439 2675 ἡ
3482 2606 3622 2658 ἀνά-

2053 2715 2237 2761 στασις
2264 2698 2356 2749 τοῦ
2382 2696 2652 2767 Λαζάρου.
2676 2696 2844 2749 Τοῦτο
2871 2697 3029 2767 μόνον
3054 2697 3115 2750 τὸ
3138 2696 3320 2766 θαῦμα
3351 2698 3447 2750 οὐκ
3471 2698 3623 2767 ἴσχυ-

2053 2806 2150 2841 σαν
2180 2788 2597 2857 συκοφαντῆσαι.
2629 2788 2739 2859 Τὴν
2773 2788 3062 2857 ἀνάϐλεψιν
3105 2786 3199 2840 τοῦ
3239 2789 3302 2839 ὲκ
3355 2790 3621 2856 γεννητῆς

2052 2878 2246 2946 τυφλοῦ
2277 2880 2715 2950 ἐσυκοφάντησαν
2738 2878 2985 2947 λέγοντες
3008 2896 3022 2910 ·
3060 2875 3246 2945 Οὗτός
3271 2880 3439 2932 ἐστιν
3460 2896 3475 2909 ο
3504 2882 3621 2947 οὺχ

2053 2968 2229 3037 οὗτός
2256 2973 2425 3026 ἐστιν
2447 2989 2460 3003 ·
2493 2972 2689 3041 ὅμοιος
2715 2972 2899 3027 αὐτοῦ
2920 2974 3109 3026 ἐστιν.
3141 2971 3249 3035 Τὴν
3279 2971 3489 3042 ἔγερσιν
3520 2972 3625 3041 τῆς

2055 3062 2318 3136 Θυγατρδς
2356 3065 2564 3134 Ἰαήρου
2590 3064 3031 3134 ἐσυκοφάντησαν
3068 3062 3201 3134 (41),
3237 3062 3503 3130 λέγοντες,
3544 3062 3622 3124 ὡς

2054 3156 2378 3227 κατηνέχθη,
2437 3158 2528 3210 καὶ
2570 3157 2631 3210 οὐ
2677 3157 2864 3227 τελείῳ
2915 3156 3128 3227 θανάτῳ
3184 3156 3472 3228 παρεδόθη.
3508 3156 3621 3225 Τὴν

2054 3248 2346 3300 ἀνάστασιν
2370 3247 2463 3302 τοῦ
2499 3247 2614 3301 υἱοῦ
2654 3248 2754 3317 τῆς
2800 3250 2972 3319 χήρας
3004 3247 3097 3299 τοῦ
3142 3247 3457 3318 μονογενοῦς
3492 3249 3620 3298 ὲσυ-

2054 3336 2396 3407 κοφάντησαν
2427 3336 2692 3404 λέγοντες,
2724 3336 2798 3398 ὡς
2826 3336 2916 3387 τὸν
2945 3334 3169 3387 θάνατον
3199 3332 3621 3404 ἐσχηματίσατο,

2055 3426 2149 3479 καὶ
2176 3426 2274 3495 οὐχ
2308 3426 2413 3479 ὑπὸ
2448 3427 2546 3496 τῆς
2578 3425 2886 3495 τυραννίδος
2917 3424 3008 3477 τοῦ
3050 3424 3277 3477 θανάτου
3326 3422 3622 3491 κατεπόθη.

2058 3516 2169 3585 Τὴν
2198 3515 2554 3587 ξηρανθεῖσαν
2585 3515 2754 3585 συκῆν
2776 3515 3222 3585 ὲσυκοφάντησαν
3248 3514 3514 3583 λέγοντες,
3549 3514 3627 3577 ὡς

2056 3607 2530 3678 τρυγωνισθεῖσαν,
2574 3606 2665 3659 καὶ
2706 3606 2803 3676 οὐχ
2837 3606 2914 3669 ὡς
2944 3606 3258 3677 Δεσποτικῷ
3287 3608 3489 3679 ῥήματι
3527 3605 3625 3677 ξη-

2063 3700 2364 3770 ρανθεῖσαν.
2391 3700 2499 3770 Τὴν
2537 3699 2629 3752 τοῦ
2667 3700 2854 3762 ῦδατος
2884 3701 2962 3763 είς
3002 3698 3141 3753 οῐνον
3174 3700 3469 3771 μεταϐολὴν
3504 3702 3630 3752 ἐσυ-

2060 3790 2403 3861 κοφάντησαν
2436 3790 2700 3858 λέγοντες,
2731 3791 2804 3853 ὼς
2830 3791 2928 3861 ἤδη
2957 3791 3067 3843 τῶν
3107 3793 3165 3844 ἐν
3196 3791 3273 3861 τῷ
3304 3791 3501 3861 δείπνῳ
3535 3808 3631 3860 με·

2060 3880 2384 3945 θυσθὲντων,
2422 3882 2516 3933 καὶ
2552 3881 2625 3949 μὴ
2658 3880 2874 3933 εἰδότων
2905 3880 3231 3952 τὴνχλεύην.
3258 3882 3366 3951 Τὴν
3398 3882 3631 3934 ἀνάστα-

2064 3988 2148 4024 σιν
2180 3973 2345 4042 μόνην
2378 3970 2470 4024 τοῦ
2505 3972 2753 4040 Λαζάρου
2790 3972 2889 4024 οὐκ
2931 3972 3156 4043 ἴσχυσαν
3208 3974 3625 4041 συκοφαντῆσαι.

2066 4064 2202 4116 ’Ίδον
2239 4064 2398 4117 αὐτὸν
2427 4065 2705 4133 Λάζαρον’
2738 4064 3004 4135 ἐπίσημος
3043 4061 3112 4137 ἦν
3146 4068 3174 4119 6
3199 4067 3337 4136 ἀνήρ
3356 4083 3369 4096 ³
3400 4066 3630 4133 ἠκολού-

2063 4155 2231 4226 θησαν
2252 4159 2314 4227 τῇ
2340 4158 2499 4228 κηδίᾳ
2522 4174 2535 4188 ο
2568 4160 2674 4213 ἴδον
2694 4160 2784 4213 τὸν
2807 4159 2973 4228 τάφον
2999 4158 3425 4228 σφραγιζόμενον
3447 4172 3459 4185 ·
3487 4174 3631 4228 παρ-

2063 4243 2398 4315 εμυθήσαντο
2424 4246 2562 4299 κατὰ
2594 4247 2653 4300 τὸ
2691 4248 2898 4309 εἰωθὸς,
2929 4248 3003 4309 ὡς
3021 4247 3085 4297 ἐν
3117 4242 3441 4312 περιδείπνῳ
3469 4242 3633 4295 θανά-

404 4330 664 4387 consolati
692 4331 954 4385 Martinam
984 4342 1038 4385 et
1068 4331 1290 4386 Mariam
1318 4346 1532 4385 sorores
1558 4330 1767 4385 Lazari.
1798 4332 1955 4389 Nove-

2071 4354 2183 4391 του.
2227 4337 2687 4407 Παρεμυθήσαντο
2713 4336 2941 4407 Μάρθαν
2983 4335 3076 4388 καὶ
3113 4332 3329 4403 Μαρίαν
3356 4332 3453 4394 τὰς
3481 4332 3634 4384 ἀδελ-

404 4433 526 4478 rant
547 4432 657 4478 tres
683 4424 797 4477 dies
822 4424 1040 4488 habere,
1074 4431 1323 4477 accurate
1356 4422 1656 4492 depositum
1692 4424 1742 4476 in
1768 4438 1961 4477 ntOnu-

404 4525 608 4581 mento,
640 4530 864 4583 esseque
899 4515 1312 4584 quatriduanum
1345 4523 1654 4581 mortuum;
1688 4516 1965 4583 undequa-

405 4621 511 4677 que
542 4606 813 4661 dissolutis
845 4607 1089 4672 artubus,
1128 4605 1345 4660 minutis
1374 4606 1647 4668 carnibus,
1679 4621 1961 4660 nervorum

408 4698 756 4768 colligatione
779 4698 1005 4765 divulsa,
1030 4699 1300 4768 dissipatis
1323 4700 1639 4765 visceribus,
1670 4710 1857 4753 ventre
1881 4700 1966 4753 de-

409 4792 627 4847 ﬂuente.
664 4793 793 4847 Cum
824 4802 1007 4847 essent
1045 4792 1235 4845 horum
1275 4792 1497 4856 conscii,
1540 4806 1601 4845 ac
1634 4800 1852 4858 repente
1880 4792 1964 4846 vi-

406 4886 611 4939 dissent
649 4886 1020 4939 resuscitatum
1074 4884 1334 4937 Lazarum
1385 4883 1729 4946 incolumem,
1773 4888 1963 4937 novam

409 4975 553 5027 velut
577 4991 640 5029 ex
673 4986 849 5038 torno,
885 4985 1047 5029 totam
1077 4974 1325 5043 juvenem
1358 4983 1713 5041 vegetamque
1741 4988 1804 5027 ac
1824 4973 1967 5027 reni-

409 5068 623 5119 dentem
660 5068 915 5135 speciem,
964 5065 1162 5119 turbati
1207 5064 1459 5129 fuerunt;
1500 5079 1687 5133 parum
1725 5064 1877 5117 abest
1908 5071 1968 5117 ut

412 5171 484 5211 ne
528 5156 882 5223 exspirarent,
930 5172 1033 5210 non
1082 5156 1413 5209 invenientes
1456 5154 1652 5223 quibus
1693 5155 1965 5223 praetextis

496 5318 543 5351 ⁸⁸
569 5318 759 5373 Ezech.
786 5334 863 5380 ιιι,
914 5317 966 5382 5,
1007 5318 1058 5371 6.
1136 5318 1178 5350 ⁸¹
1210 5314 1360 5371 Joan.
1387 5334 1463 5384 xi,
1497 5319 1559 5371 17
1583 5333 1701 5386 sqq.

2066 4433 2170 4500 φὰς
2202 4430 2296 4484 τοῦ
2322 4431 2570 4500 Λαζάρου
2594 4448 2608 4462 ο
2637 4431 2876 4499 ἔγνωσαν
2902 4430 2984 4482 ὅτι
3016 4428 3285 4497 τέσσαρας
3311 4425 3523 4495 ἡμέρας
3552 4419 3631 4477 εῖ-

2066 4540 2179 4592 χεν,
2220 4522 2459 4594 ἀκριϐῶς
2487 4524 2544 4575 ὲν
2567 4521 2645 4593 τῷ
2683 4520 2931 4593 μνημείῳ
2957 4516 3293 4580 κατατεθεὶς,
3323 4516 3417 4569 καὶ
3444 4516 3525 4567 ὅτι
3546 4533 3636 4567 τε-

2065 4615 2374 4685 τραήμερος
2405 4614 2617 4685 νεκρὸς,
2661 4612 2920 4667 πάντοθεν
2946 4610 3226 4680 ἐξαρθρος,
3269 4607 3377 4660 τῶν
3418 4607 3637 4677 σαρκῶν

2072 4707 2430 4778 μειωθέντων,
2474 4706 2576 4776 τῆς
2617 4702 3004 4775 νευροστασίας
3045 4698 3488 4766 διασπασθείσης,
3527 4696 3637 4748 τῶν

2069 4794 2354 4848 ὲνδοσθίων
2401 4794 2942 4867 διασκορπισθέντων,
2993 4790 3089 4859 τῆς
3122 4788 3352 4857 γαστρὸς
3387 4785 3635 4855 ἐκχυθεί-

2066 4903 2185 4957 σης.
2214 4886 2397 4940 Ταῦτα
2439 4886 2755 4948 συνειδότες,
2794 4884 2868 4946 ὡς
2905 4884 3011 4935 ἴδον
3051 4881 3243 4951 ἁθρόον
3274 4880 3371 4948 τὴν
3404 4878 3638 4930 ἀνάστα-

2067 4993 2151 5029 σιν
2199 4978 2451 5049 Λαζάρου
2504 4976 2664 5038 σῶαν,
2693 4973 2884 5046 ἀρτίαν
2915 4974 2990 5037 ὡς
3022 4972 3129 5026 ἀπὸ
3164 4970 3351 5041 τόρνου
3397 4967 3637 5019 στίλϐου-
3738 4968 3743 4973 ’

2076 5084 2173 5120 σαν
2234 5068 2332 5138 τὴν
2392 5068 2746 5129 παννεωσίαν,
2808 5064 3199 5135 ἐταράχθησαν.
3259 5059 3469 5131 Μικροῦ
3528 5058 3637 5111 δεῖν

2071 5158 2378 5229 ἀπέψυξαν,
2406 5159 2480 5231 μὴ
2508 5160 2853 5230 εὑρίσκοντες
2882 5157 3071 5225 λόγους
3098 5151 3541 5225 προφασιλογίαςν
3575 5148 3637 5201 τδ

1776 5315 1821 5345 θ’
1849 5313 1955 5369 Joat

2062 5332 2120 5377 Il,
2150 5316 2204 5369 1.
2260 5315 2306 5346 ⁸³
2335 5313 2488 5367 Joan.
2526 5330 2624 5374 λιι,
2670 5313 2755 5366 10.
2830 5313 2876 5344 ⁸⁸
2904 5311 3057 5366 Joan.
3088 5327 3165 5376 ιχ,
3194 5312 3247 5365 8.
3322 5310 3367 5342 ⁸⁸
3386 5308 3547 5363 Marc.
3582 5323 3636 5373 v,

411 5388 509 5454 39;
536 5389 665 5443 Luc.
693 5405 810 5452 vttt,
836 5388 924 5443 δί.
1000 5389 1045 5419 ⁸⁸
1075 5386 1205 5441 Luc.
1230 5404 1323 5453 vn,
1354 5388 1434 5441 11.
1508 5388 1551 5419 ⁸⁷
1571 5383 1760 5441 blatth.
1789 5400 1901 5450 χχι,
1928 5386 1952 5438 1

2059 5386 2207 5440 llarc.
2242 5400 2317 5450 ιιι,
2344 5385 2429 5437 15.
2504 5384 2550 5415 ⁸⁸
2576 5383 2730 5437 Joan.
2757 5397 2816 5448 ll,
2845 5383 2897 5437 9.
2926 5399 3044 5452 sqq.

485 5520 595 5590 (41)
644 5520 1202 5589 Ἐσυκοφάντησαη
1238 5519 1436 5573 Saltem
1468 5530 1753 5587 potuerunt
1792 5520 1969 5583 aliqua

412 5589 591 5658 specie
624 5592 971 5653 calumniari;
1005 5592 1274 5657 quomodo
1300 5591 1501 5653 reliqua
1534 5590 1702 5659 acoipi
1736 5589 1965 5659 debent:

414 5657 584 5717 solam
612 5664 751 5717 enim
802 5676 1053 5731 expresse
1099 5661 1225 5717 cani
1259 5657 1703 5716 illuminationem
1736 5657 1890 5715 Joan.
1921 5670 1974 5710 tv

2076 5519 2303 5599 legimus
2337 5532 2555 5599 passam
2597 5518 2915 5573 calumniam
2944 5534 2957 5570 :
2986 5515 3064 5580 τὸ,
3100 5512 3403 5585 κατηνέχθη
3434 5509 3639 5581 signiﬁ-

2076 5598 2449 5645 cattttsstmutn
2482 5598 2582 5643 est.
