3744 6368
123 318 172 372 st
1034 321 1291 384 ORATIO
1328 326 1397 384 lN
1435 329 1768 392 LAZARUM
1809 337 2388 406 QUATRIDUANUM.
3241 321 3312 398 6³2

121 436 221 497 πῶς
268 436 720 505 συκοφαντήσουσι
767 438 865 510 τὴν
895 437 1191 498 ἀνάστασιν
1238 448 1512 520 Λαζάρου,
1557 453 1640 525 τῆς

1800 459 1935 514 erltis
1967 459 2153 514 Lazari
2201 461 2654 516 resurrectionem
2707 458 3195 522 calumniarentur,
3242 459 3317 512 ita

121 527 198 578 τοῦ
224 527 448 593 Χριστοῦ
471 529 852 597 πραγματείας
882 532 1037 586 τοῦτο
1061 542 1564 612 κατασκευασάσης.

178 617 225 670 B'
228 657 242 670 .
255 617 315 669 Ti
346 621 476 684 ἐστι,
511 620 612 689 τῆς
634 621 725 674 τοῦ
751 623 951 695 Κυρίου
970 631 1349 698 πραγματείας
1371 633 1528 687 τοῦτο
1548 653 1654 690 πα-

123 710 528 781 ρασκευασάσηςς
562 714 758 766 Ἀκουε
775 714 861 768 διὰ
884 716 1149 788 βραχέων.
1192 722 1382 777 Ἦνίκα
1408 725 1654 798 Λάζαρος

121 798 202 868 τὴν
253 799 518 870 παροῦσαν
564 802 709 874 ζωὴν
754 809 1057 863 ἀπεδύσατο
1096 814 1356 881 φυσικῶς,
1403 817 1502 870 οὐκ
1530 815 1596 888 ἦν
1625 820 1654 871 6

125 893 293 962 Κύριος
343 893 582 966 Βηθανίᾳ
637 898 829 969 παρὼν
889 904 1003 966 τοῖς
1069 910 1397 974 σωματικοῖς
1455 909 1654 976 ὀφθαλ-

125 983 367 1053 μοῖςιίὲγ
400 988 467 1055 τῇ
518 986 574 1038 δὲ
624 988 838 1061 θεότητι
889 995 1163 1064 πανταχοῦ
1198 997 1409 1068 παρὼν,
1455 1002 1550 1054 καὶ
1586 1002 1653 1056 τά

124 1080 265 1130 πάντα
295 1078 533 1148 πληρῶν.
572 1083 725 1136 Μετὰ
757 1084 864 1154 γὰρ
893 1086 1158 1159 τέσσαρας
1187 1091 1397 1161 ἡμέρας
1436 1094 1526 1146 τοῦ
1556 1112 1652 1148 τα-

125 1171 254 1240 φῆναι
292 1171 378 1223 τὸν
430 1171 702 1242 Λάζαρον,
734 1171 896 1246 ἦλθεν
931 1181 960 1231 6
1013 1180 1216 1250 Ἰησοῦς
1256 1186 1334 1247 εἰς
1361 1185 1648 1254 Βηθανίαν,

123 1264 197 1330 τὴν
222 1262 505 1314 ἀνάστασιν
544 1262 638 1315 τοῦ
662 1266 813 1332 φίλου
850 1269 1193 1340 κωμῳδῆσαι.
1232 1273 1394 1326 Ὅθεν
1433 1276 1526 1328 καὶ
1557 1275 1648 1328 τοῦ

125 1353 524 1423 παραγενομένου
583 1358 642 1409 ὲν
689 1357 947 1430 Βηθανίᾳ,
995 1359 1070 1424 ὡς
1117 1363 1316 1432 ἤκουσε
1369 1366 1568 1436 Μάρθα
1617 1369 1649 1439 ή

119 1442 283 1510 ἀδελφὴ
317 1443 596 1514 Λαζάρου,
638 1445 896 1517 ἔδραμεν,
947 1450 1197 1517 ἔσπευσε,
1257 1455 1555 1524 προέπεσεν
1594 1461 1650 1511 ὲν

122 1533 438 1602 παρακλήσει,
470 1536 755 1606 αίρετικὴν
781 1540 1071 1609 πρεσϐείαν
1103 1545 1484 1616 προσφέρουσα
1515 1548 1647 1619 (43).

120 1623 370 1693 ﬁrmasti);
393 1625 502 1696 γὰρ
527 1626 736 1696 ἔφασκε
767 1629 843 1698 τῷ
875 1632 1060 1702 Κυρίῳ
1083 1633 1314 1701 λέγουσα
1337 1653 1350 1667 ·
1380 1639 1574 1707 Κύριε,
1599 1621 1664 1695 εί

118 1709 173 1782 ἧς
210 1709 331 1777 ὧδε,
370 1718 485 1769 οὐκ
529 1717 612 1771 ἂν
650 1720 948 1774 ἀπέθανεν
1003 1725 1036 1776 ὀ
1070 1725 1330 1794 ἁδελφός
1358 1746 1497 1797 μου.
1539 1733 1647 1786 Καὶ

1755 547 1955 603 Christi
1987 561 2104 605 arte
2136 551 2342 606 molita.

1829 638 1891 694 ll.
1932 642 2184 706 Quaenam
2232 657 2390 710 porro
2431 643 2504 696 sit
2543 641 2632 696 illa
2665 639 2872 696 Domini
2897 640 2975 695 sic
3002 639 3171 693 moliti
3203 653 3314 702 ars,

1754 733 1938 801 paucis
1961 735 2163 801 accipe.
2192 733 2412 799 Quando
2440 733 2674 786 Lazarus
2701 742 2891 784 natura
2917 730 3068 784 exuit
3090 743 3319 798 praesen-

1757 831 1862 876 tem
1901 823 2086 888 vitam,
2127 840 2229 876 non
2256 835 2372 878 erat
2411 823 2671 877 Dominus
2706 823 2758 876 in
2792 820 3052 874 Bethania
3083 831 3319 887 praesens

1754 914 2024 981 corporeis
2051 914 2222 967 oculis
2255 930 2269 966 :
2305 914 2394 982 qui
2425 924 2602 966 tamen
2629 920 2712 966 est
2732 913 2928 980 ubique
2954 909 3150 963 deitate
3182 922 3317 975 prritm

1752 1017 1895 1068 sens,
1926 1015 1979 1057 et
2012 1005 2192 1058 omnia
2219 1007 2407 1073 reptet.
2439 1005 2564 1057 Post
2591 1013 2822 1071 quatuor
2853 1002 2965 1055 dies
2992 999 3183 1068 sepulti
3214 997 3322 1052 La-

1753 1092 1864 1148 Zari
1893 1094 2032 1146 venit
2056 1093 2212 1148 Jesus
2235 1092 2575 1156 Bethaniam,
2600 1091 2757 1144 amici
2789 1089 3234 1144 resurrectionem
3261 1089 3314 1139 in

1755 1185 2022 1239 theatrum
2055 1196 2296 1241 acturus.
2337 1184 2488 1240 Unde
2521 1185 2681 1239 etiam
2713 1198 2834 1236 cum
2869 1196 2936 1236 eo
2969 1181 3311 1235 advenisset:

1755 1284 1805 1326 ut
1835 1276 2036 1328 audivit
2062 1275 2262 1330 Martha
2290 1292 2442 1330 soror
2461 1275 2674 1340 Lazari,
2701 1273 2958 1335 cucurrit,
2983 1271 3312 1342 properavit,

1753 1364 1969 1430 accidit,
2025 1365 2338 1432 legationem
2388 1380 2486 1418 sua
2529 1364 2803 1416 voluntate
2839 1370 3166 1430 assumptatn
3190 1373 3314 1427 sup-

1752 1455 1875 1528 plex
1901 1457 2086 1510 obivit.
2114 1455 2539 1523 Praecipitantius
2569 1455 2710 1507 enint
2746 1452 2973 1506 allocuta
3004 1452 3310 1515 Dominum,

1753 1551 1884 1604 dixit
1912 1566 1926 1600 :
1960 1546 2198 1609 Domine,
2225 1546 2270 1598 si
2299 1544 2486 1612 fuisses
2516 1543 2630 1606 3hic,
2671 1542 2836 1610 frater
2869 1557 3012 1594 meus
3046 1558 3144 1594 non
3175 1540 3312 1609 fuis-

1751 1649 1823 1692 set
1859 1646 2136 1690 mortuus:
2163 1635 2250 1688 sed
2289 1645 2335 1686 et
2374 1648 2508 1685 nunc
2546 1633 2654 1684 scio
2688 1630 2812 1698 quia
2853 1643 3170 1697 quaecunque
3216 1643 3312 1694 po-

1750 1728 1973 1797 posceris
2001 1742 2032 1778 a
2063 1725 2190 1787 Deo,
2230 1723 2374 1776 dabit
2427 1723 2518 1774 tibi
2574 1721 2734 1773 Deus.
2803 1719 3063 1771 Dominus
3107 1726 3309 1776 autem,

119 1807 206 1859 νῦν
227 1803 365 1870 οἶδα,
401 1808 494 1860 ὅτι
524 1803 646 1862 ὅσα
669 1811 747 1864 ἂν
765 1813 983 1883 αἰτήσῃ
1010 1815 1114 1869 τὸν
1143 1817 1309 1882 Θεὸν,
1345 1820 1524 1874 δώσει
1553 1839 1640 1877 σοι

1800 1835 1862 1871 δε
1896 1815 2317 1884 longanimitatis
2348 1812 2584 1880 pelagus,
2628 1810 2906 1879 respondit
2938 1809 3148 1862 dicens:
3175 1806 3312 1872 Quid

119 1900 302 1963 ὀΘεὸς.
347 1899 405 1951 ’0
435 1900 494 1952 δὲ
532 1902 740 1974 Κύριος
779 1905 960 1969 αὐτὸς,
997 1907 1228 1975 πέλαγος
1263 1908 1337 1962 ὢν
1372 1913 1645 1983 μακροθυ-

120 1993 233 2060 μίας,
263 1993 597 2063 ἀπεκρίνατο
624 1995 796 2063 λέγων
815 2013 828 2026 ·
865 1998 932 2050 Τί
961 1998 1158 2067 λέγεις,
1185 2002 1418 2074 Μάρθα;
1444 2006 1647 2078 Κύριον

118 2080 274 2139 utsic,
305 2081 393 2132 καὶ
423 2082 635 2154 Κύριον
661 2085 912 2152 άγνοεῖς;
942 2088 1051 2140 Οὐκ
1078 2090 1224 2160 ἥμην
1257 2084 1392 2160 ὦδε;
1437 2097 1647 2168 Μικρὸν

119 2169 401 2238 καρτερησον
421 2185 434 2197 ⁸
467 2173 527 2223 ἐν
555 2173 713 2241 τάχει
741 2174 850 2245 γὰρ
875 2177 1022 2247 παρὰ
1049 2177 1142 2231 τοῦ
1171 2181 1397 2250 ἀδελφοῦ
1428 2203 1518 2238 σου
1554 2205 1648 2257 μα-

118 2259 233 2329 θήσῃ.
250 2260 672 2325 Ἀναστήσεται
694 2265 799 2332 γὰρ
812 2269 844 2318 ό
861 2266 1118 2335 ἀδελφός
1130 2275 1647 2343 σουηΣυγγινώσκω

213 2350 408 2421 Μάρθα.
437 2353 687 2418 Μεθύεις
707 2358 817 2427 γάρ
842 2361 905 2428 τῇ
934 2358 1076 2431 λύπῃ
1101 2361 1232 2431 (44).
1256 2365 1481 2437 ¹’Ὠσπερ
1506 2369 1642 2440 αὐτῇ

116 2438 252 2492 εἷπεν-
275 2442 463 2495 Καλῶν
502 2446 724 2514 miltin
754 2450 1042 2517 σφάλλεται
1067 2470 1080 2482 ·
1115 2455 1202 2506 ὅτε
1223 2455 1495 2526 ὲκνήψεις,
1527 2438 1644 2512 τότε

118 2533 494 2605 πξρωνισθήσῃ.
547 2540 985 2607 ’Λναστήσεται
1015 2544 1123 2611 γὰρ
1155 2548 1183 2598 ό
1212 2545 1472 2614 ἀδελφός
1503 2566 1642 2603 σου.

125 2624 223 2676 Ἡδὲ
244 2624 443 2694 Μάρθα,
458 2629 557 2681 καὶ
581 2629 752 2695 οὕτως
767 2635 1282 2704 συμπεριενεχθεῖσα
1307 2638 1419 2708 (45)
1438 2640 1533 2692 ἀνθ
1541 2659 1645 2712 ρω-

117 2715 246 2778 tiam;
289 2718 553 2788 ῥήμασιν,
601 2722 968 2792 άνθυπένεγκε
1015 2726 1092 2797 τῷ
1142 2729 1331 2800 Κυρίῳ
1380 2730 1640 2799 λέγουσα’

117 2804 222 2859 Οἶδα
245 2807 325 2860 ὅτι
358 2810 778 2878 ἀναστήσεται
809 2817 880 2868 ἐν
907 2815 980 2885 τῇ
1005 2817 1231 2887 ἐσχάτῃ
1262 2820 1468 2890 ἡμέρᾳ.
1502 2822 1559 2876 Ὀ
1587 2824 1643 2877 δὲ

117 2896 269 2966 Κύριος
294 2899 423 2969 πρὸς
450 2900 633 2972 αὑτήν
657 2919 672 2932 θ
705 2903 768 2955 Τί
796 2904 1106 2975 θαμὸεύεις,
1139 2901 1183 2960 ὦ
1212 2909 1446 2980 Μάρθα”;
1476 2911 1540 2962 Τί
1566 2913 1643 2976 είς

118 2991 283 3058 μικράς
308 2990 531 3054 ἐλπίδας
569 2992 670 3063 τὴν
696 2994 991 3048 ἀνάστασιν
1023 2997 1265 3069 ἀναδύῃ;
1311 2999 1374 3051 Ἡ
1404 3000 1641 3054 ἀνάστα-

119 3080 176 3140 :5;
206 3096 273 3130 πι
317 3081 654 3150 διαλέγεται,
691 3086 784 3138 καὶ
827 3088 955 3158 περὶ
986 3089 1333 3154 ἀναστάσεως
1378 3091 1638 3164 Stult-5m;

125 3170 228 3238 Ἑῃὸ
263 3175 367 3240 εἰμι
410 3176 450 3240 ὴ
483 3175 834 3244 ἀνάστασις
866 3179 962 3232 καὶ
1001 3182 1039 3249 ἡ
1080 3179 1189 3248 ζωή
1213 3197 1230 3216 ο
1271 3186 1304 3236 ὁ
1346 3185 1642 3237 πιστεύων
1669 3165 1713 3224 C

116 3265 174 3326 εἰς
202 3264 307 3332 ἐμὲ,
329 3265 444 3318 κᾶν
473 3267 780 3337 ἀποθάνῃ,
811 3269 1068 3337 ζήσεται.

165 3377 222 3430 Ρ.
233 3378 399 3433 Ταῦτα
410 3381 508 3433 τοῦ
527 3383 736 3454 Κυρίου
749 3382 1147 3456 διαλεγομένου,
1164 3385 1360 3458 μικροῦ
1379 3387 1487 3440 δεῖν
1497 3389 1644 3441 πᾶσα

117 3469 288 3536 ἡπόλις
330 3472 579 3542 Βηθανία
621 3475 959 3546 κατέδραμεν
994 3479 1073 3541 είς
1092 3478 1189 3549 τὴν
1221 3480 1520 3551 παρουσίαν
1548 3479 1641 3534 τοῦ

117 3561 289 3630 Κυρίου,
332 3564 392 3615 ού
438 3564 747 3635 θαυμάσαι,
783 3565 917 3620 ἀλλὰ
945 3567 1189 3635 γελάσαι.
1219 3570 1333 3622 Οὐκ
1359 3567 1499 3641 εἷχον
1535 3570 1643 3642 γὰρ

116 3652 273 3717 ἐλπίδα,
316 3657 699 3727 τετραήμερον
751 3659 942 3728 νεκρὸν
985 3660 1308 3730 ἀναστῆσαι.
1361 3662 1426 3714 Τί
1476 3657 1569 3715 οὖν
1613 3664 1643 3715 6

118 3742 296 3812 Κῦριοςς
332 3745 419 3808 Ὠς
459 3743 577 3799 εἶδε
608 3748 861 3802 τοσοῦτον
892 3749 1095 3820 πλῆθος
1136 3751 1503 3822 καταδραμὸν,
1549 3752 1644 3805 καὶ

118 3832 172 3883 ὅτι
192 3833 307 3899 ἄξιοί
325 3839 450 3899 είσι,
484 3838 588 3890 καὶ
617 3839 857 3893 ἱκανοῦσι
889 3841 1023 3912 πρὸς
1055 3843 1360 3914 μαρτυρίαν
1383 3843 1476 3896 τοῦ
1513 3843 1641 3913 μέλ-

274 3929 394 3999 παρ’
420 3929 596 3982 αὑτοῦ
626 3933 1022 4004 ἀνεγείρεσθαι,
1048 3937 1367 4007 ἀποκριθεὶς
1395 3938 1530 4008 πρὸς
1553 3939 1644 3992 αὐ-

119 4017 208 4078 τοὺς
231 4017 317 4091 ἔφη
341 4037 355 4049 ·
389 4023 521 4077 Ποῦ
565 4026 861 4078 τεθείκατε
911 4028 1017 4080 τὸν
1054 4027 1351 4098 Λάζαρον;
1383 4026 1508 4102 Ἆρ’
1542 4032 1642 4085 οὐκ

119 4107 202 4174 ἤδει
223 4110 298 4162 τὸν
323 4113 485 4167 τύπον
520 4116 554 4168 6
576 4113 672 4167 τοῦ
693 4115 860 4168 τόπου
881 4118 1192 4189 Δεσπότης;
1231 4121 1384 4192 ’ῌδει
1425 4121 1514 4174 τὸν
1547 4122 1639 4174 τό·

121 4210 205 4257 πον,
226 4199 323 4250 ἀλλ’
349 4203 854 4272 ἐπραγματεύσατο
889 4207 981 4261 τὸν
1011 4209 1226 4279 τρόπον,
1260 4211 1409 4274 ὅπως
1437 4213 1640 4276 πάντες

121 4281 230 4349 allii;
247 4290 680 4358 ἀναγκασθέντες
709 4296 1183 4368 ὲπακολουθήσωσι
1209 4298 1286 4369 τῷ
1319 4299 1514 4371 Ἰησοῦ,
1549 4301 1638 4354 ἵνα

281 4379 608 4452 θεασάμενοι
636 4385 736 4453 τὴν
765 4386 1056 4440 ἀνάστασιν
1084 4389 1439 4459 ἀναμφίὸολοι
1469 4396 1536 4463 κή
1547 4409 1638 4462 ρυ-

1750 1910 1902 1972 dicis,
1952 1906 2195 1960 Martha?
2227 1905 2394 1958 Vocas
2437 1904 2740 1967 Dominum,
2775 1915 2872 1954 nec
2903 1899 3184 1954 Dominum
3215 1913 3312 1952 co-

1749 1999 1922 2069 gitas?
1953 1997 2064 2050 Non
2094 1997 2180 2050 hic
2205 1997 2390 2049 eram?
2423 1993 2686 2047 Modicum
2725 1992 2930 2045 sustine
2970 2008 2983 2043 :
3017 1990 3122 2042 cito
3167 1989 3311 2042 enitn

1749 2092 1964 2144 noveris
1986 2104 2051 2142 ex
2105 2097 2195 2142 tuo
2239 2086 2450 2141 fratre:
2490 2085 2740 2152 Resurget
2784 2083 2922 2156 enim
2964 2082 3129 2150 frater
3168 2090 3308 2134 tuus.

1748 2182 1985 2250 Ignosco,
2042 2179 2290 2232 Martha:
2329 2191 2436 2246 prm
2483 2175 2698 2229 tristitia
2748 2176 2890 2227 enim
2935 2173 3081 2227 ebria
3114 2186 3192 2225 es.
3233 2171 3312 2224 Ac

1748 2271 1791 2322 si
1842 2269 1892 2322 ei
1946 2270 2152 2322 diceret
2178 2287 2190 2321 :
2221 2267 2381 2320 Errat
2424 2282 2452 2320 ε
2508 2267 2662 2320 honis
2700 2266 2790 2335 qui
2831 2275 2914 2319 est
2944 2264 3142 2318 ebrius.
3175 2261 3310 2317 Cum

1747 2357 2047 2419 etnerserit,
2096 2367 2221 2409 tunc
2248 2355 2510 2424 sapueris.
2545 2353 2790 2425 Resurget
2815 2358 2948 2408 enim
2978 2355 3142 2423 frater
3164 2362 3306 2405 tuus.

1749 2445 1952 2500 Martha
2002 2461 2148 2512 vero,
2187 2447 2230 2500 si
2262 2460 2475 2515 quoque
2521 2447 2698 2502 verbis
2737 2448 2989 2500 humanis
3033 2445 3308 2506 obsecuta,

1746 2551 1811 2589 ex
1854 2540 2080 2591 adverso
2132 2536 2331 2602 intulit,
2385 2538 2569 2592 dicens
2610 2538 2877 2592 Domino:
2912 2536 3035 2591 Scio
3073 2537 3196 2605 quia
3225 2551 3308 2586 re-

1743 2639 1916 2696 surget
1948 2628 2001 2680 in
2035 2629 2310 2681 novissimo
2336 2629 2440 2682 die.
2471 2631 2542 2682 At
2563 2630 2818 2683 Dominus
2848 2630 2913 2683 ad
2937 2630 3082 2682 illam
3109 2626 3304 2693 :Quid,

1748 2719 1955 2773 Martha
1984 2720 2264 2790 trepidas?
2293 2719 2428 2801 Quid
2454 2721 2507 2775 in
2540 2720 2752 2790 longam
2785 2734 2933 2789 spem
2961 2719 3310 2773 resurrectio-

1745 2826 1866 2864 nem
1919 2812 2172 2866 revocas?
2223 2809 2422 2866 Tecum
2479 2811 2805 2870 resurrectio
2858 2811 3097 2874 disserit,
3144 2818 3199 2863 et
3241 2808 3310 2861 de

1747 2902 2146 2955 resurrectione
2193 2901 2506 2970 disceptas?
2565 2897 2678 2968 Ego
2729 2913 2843 2952 sum
2896 2896 3203 2952 resurrectio
3257 2904 3308 2949 et

1742 2993 1843 3046 vita
1889 3007 1909 3042 .°
1953 2994 2042 3059 qui
2100 2995 2266 3049 credit
2321 2997 2375 3049 in
2429 3008 2530 3063 me,
2585 2993 2789 3048 etiamsi
2838 3001 3074 3046 mortuus
3126 2988 3306 3060 fuerit,

1743 3096 1869 3140 vivet
1877 3126 1892 3141 .

1817 3381 1904 3437 Ill.
1947 3381 2056 3437 llos
2109 3381 2338 3436 Domino
2393 3379 2704 3435 conferente
2754 3392 3052 3443 sermones,
3115 3394 3304 3449 parum

1743 3475 1914 3529 abfuit
1961 3489 2027 3529 ne
2055 3483 2164 3528 tota
2197 3473 2325 3527 urbs
2360 3472 2615 3527 Bethania
2656 3473 2721 3526 ad
2755 3473 3040 3526 adventum
3070 3471 3186 3539 ejus
3215 3485 3306 3524 ac-

1741 3577 2004 3632 curreret,
2055 3582 2158 3620 non
2207 3565 2579 3620 admirationis
2629 3579 2815 3630 causa,
2866 3566 2958 3618 sed
2991 3563 3257 3618 irrisiouis
3286 3601 3303 3616 .

1743 3677 1846 3713 non
1896 3661 2036 3712 enim
2087 3660 2376 3726 sperabant
2408 3656 2544 3723 fore,
2577 3667 2633 3709 ut
2667 3657 3062 3725 quatriduanus
3112 3668 3300 3708 resur-

1742 3759 1910 3819 geret.
1949 3751 2085 3817 Quid
2134 3750 2299 3820 igitur
2340 3748 2648 3804 Dominus?
2702 3748 2772 3803 Ut
2818 3747 2954 3802 vidit
3002 3746 3306 3801 accurrisse

1743 3853 1942 3894 tantam
1997 3840 2418 3905 multitudinem,
2456 3855 2520 3894 ac
2559 3841 2750 3910 dignos
2794 3853 2915 3894 esse
2961 3838 3155 3909 quibus
3207 3839 3304 3892 ha-

1739 3934 1958 3987 beretur
1989 3931 2140 3996 ﬁdes,
2184 3931 2509 4000 idoneusque
2545 3939 2602 3984 ut
2632 3931 2945 3985 suscitando
2978 3932 3045 3985 ab
3079 3930 3194 3997 ipso
3229 3941 3308 3983 te-

1740 4022 2059 4077 stiinonium
2122 4018 2435 4084 deferrent,
2505 4018 2833 4088 respondens
2891 4018 2956 4071 ad
3017 4017 3133 4071 illos
3184 4021 3300 4070 ait:

1741 4113 1840 4168 Ubi
1886 4113 2135 4182 posuistis
2189 4111 2502 4167 Lazarum?
2534 4110 2784 4180 Nunquid
2829 4124 2934 4164 non
2974 4109 3181 4164 sciebat
3226 4109 3303 4162 lo-

1739 4220 1882 4270 cum,
1933 4205 2036 4258 loci
2087 4202 2390 4258 Dominus?
2442 4201 2606 4256 Plane
2647 4207 2908 4266 noverat,
2950 4201 3044 4255 sed
3083 4201 3298 4254 modum

1738 4295 2059 4362 negotiatur,
2091 4304 2149 4349 ut
2174 4309 2363 4349 omnes
2391 4293 2618 4348 subinde
2664 4293 2836 4347 coacti
2879 4303 3177 4362 sequantur
3203 4289 3299 4346 Je-

1738 4403 1875 4453 sum,
1908 4402 2018 4456 quo
2053 4387 2183 4456 ipsis
2207 4387 2384 4441 oculis
2413 4395 2699 4454 COItSpeCla
2724 4385 3136 4451 resurrectione,
3167 4398 3301 4452 pra:-

209 4469 466 4535 γένωνται,
506 4473 638 4527 Ποῦ
669 4478 962 4530 τεθείκατε
987 4480 1172 4532 αὐτόν
1188 4495 1208 4543 ;
1237 4481 1300 4532 Οί
1331 4479 1388 4533 δὲ
1422 4483 1634 4552 ἐπερω-

1805 4495 1902 4535 nes
1931 4482 2123 4534 fierent
2164 4479 2311 4534 omni
2361 4478 2596 4548 majores
2636 4474 3090 4545 exceptione.Ubi
3121 4469 3300 4545 posui-

121 4560 313 4626 τιθέντες
360 4561 518 4618 εἷπον
563 4568 699 4638 πρὸς
724 4570 884 4622 αὐτόν
909 4587 922 4599 ·
973 4572 1213 4639 Ἔρχου,
1245 4573 1342 4626 καὶ
1379 4573 1488 4628 ἴδε.
1527 4575 1632 4628 Τοῦ

120 4647 158 4700 ἴε
180 4652 319 4720 Ἰησοῦ
348 4655 681 4723 βαδίζοντος,
724 4661 816 4712 καὶ
847 4661 937 4715 ἐπὶ
973 4661 1064 4715 τὸν
1096 4663 1264 4733 τάφον
1294 4665 1630 4732 σπεύδοντος,

123 4742 140 4791 ί
170 4743 433 4800 ἀκολουθῶν
478 4750 711 4804 δπισθεν
761 4751 914 4822 ὄχλος
951 4753 1206 4808 ἀντέλαϐε
1238 4756 1373 4827 πρὸς
1416 4758 1627 4822 ἑαυτὸν,

123 4829 268 4898 λέγων·
290 4835 350 4888 Τί
371 4837 521 4893 θέλει
555 4833 710 4905 οὗτος
730 4841 820 4894 τὸν
835 4843 1000 4911 τάφον
1024 4844 1275 4916 Λαζάρου
1300 4845 1592 4901 θεάσασθαι
1613 4865 1628 4914 ;

143 5030 253 5116 ,με
272 5037 383 5088 οὐκ
411 5036 493 5116 ῆν
524 5038 733 5106 παρὼν
757 5040 882 5116 τρῖς
902 5043 1256 5111 σωματικοῖς
1280 5044 1627 5116 ὀφθαλμοῖς.

216 5095 284 5155 hic
314 5095 505 5186 modus
548 5095 923 5186 praesentiae-in
949 5095 1626 5186 Ῐ

129 5181 439 5267 agilique
456 5176 614 5267 Deus
638 5178 834 5233 dicitur
867 5181 917 5234 in
943 5185 1192 5267 omnibus
1222 5199 1342 5240 esse
1369 5199 1463 5253 per
1494 5176 1629 5267 prae-

1739 4573 1835 4628 stis
1862 4573 2019 4626 eum?
2056 4571 2158 4638 Qui
2205 4579 2383 4625 autem
2428 4569 2642 4623 fuerant
2694 4567 3006 4639 interrogati
3051 4566 3302 4623 dixerunt

1739 4665 1827 4718 ei:
1863 4663 1991 4718 Veni
2031 4675 2076 4718 et
2111 4663 2243 4718 vide.
2291 4662 2457 4719 Porro
2504 4659 2815 4716 ambulante
2867 4659 2993 4715 Jesu
3027 4670 3081 4714 et
3113 4661 3180 4714 ad
3211 4675 3299 4715 se-

1739 4756 1983 4824 pulcrum
2028 4765 2367 4825 properante,
2400 4755 2490 4824 qui
2528 4767 2668 4824 pone
2693 4754 3021 4821 sequebatur
3053 4752 3296 4821 populus,

1739 4850 1880 4918 apud
1942 4863 2002 4903 se
2039 4847 2377 4914 conferebat,
2420 4848 2645 4902 dicens:
2688 4844 2827 4912 Quid
2866 4845 2954 4900 hic
2996 4844 3298 4913 sepulcrum

1730 5048 1875 5118 tione
1908 5056 1963 5102 et
1994 5055 2167 5102 morte
2197 5048 2520 5103 obversante
2559 5048 2759 5114 animo,
2810 5046 2896 5103 cui
2945 5046 3301 5118 deprecanda:

1734 5118 1813 5172 sic
1843 5117 2034 5170 festina
2072 5118 2297 5170 Domino
2329 5119 2679 5172 occurrisset.

1802 5187 1913 5266 (46)
1949 5187 2201 5267 Μεθύεις
2226 5184 2303 5254 τῇ
2333 5187 2520 5267 λύπῃ..
2564 5187 2768 5267 Dicithr
2791 5187 2852 5241 τὸ
2882 5187 3100 5267 μεθύειν
3131 5198 3301 5242 meta-

129 5241 325 5327 ﬁqliatn;
357 5260 422 5298 eo
456 5249 626 5300 modo
651 5263 763 5327 quo
809 5264 899 5304 rex
939 5254 1190 5327 omnibus
1214 5241 1397 5327 coram
1437 5241 1630 5325 porsitis
1733 5241 1960 5327 phorice
2006 5258 2072 5310 de
2129 5241 2850 5327 quocunque"immoderato
2882 5241 3114 5322 'atfectu,
3189 5241 3296 5327 quo

130 5316 163 5355 et
185 5308 223 5360 in
254 5327 550 5379 prospectu,
595 5308 750 5371 adest

130 5383 450 5462 quitus-boleti
483 5387 756 5462 theologia
788 5383 867 5444 sic
897 5389 1145 5446 Patrihns
1172 5383 1449 5462 eipressa.

175 5444 256 5532 (Β)
286 5519 299 5532 ¹
319 5452 417 5506 ἐν
469 5444 856 5532 παρ-ακᾶήσει
877 5497 891 5522 ,
936 5444 1266 5532 καὶρετινιῆντ
1281 5444 1292 5448 ⁷
1313 5444 1636 5532 πρεσϐείαν

133 5519 508 5604 ξξᾳέξεέῼουσα.
526 5593 539 5604 _
552 5519 750 5604 'Forte'
772 5519 1150 5604 προφέρουσαῇ
1194 5519 1319 5602 ipsa
1350 5519 1635 5604 'supplica-

133 5591 251 5672 itane,
276 5592 405 5672 uitro
434 5611 494 5646 se
526 5591 848 5672 legationem
872 5591 1502 5672 a'ss'utupsisse'osteudii;
1526 5607 1636 5661 vel-

211 5661 408 5724 ‘iWam
469 5661 668 5737 calore,
727 5661 1284 5737 inconsideratiusque
1348 5661 1629 5732 Dentittutn

135 5721 323 5792 “locata,
354 5721 668 5802 προπετῶς,
701 5721 814 5792 sola
866 5721 1380 5800 ῐιὶιιιίιἸιιιῖΤιῖεἶίνίδ⁷

789 5334 1065 5394 prasens:
1097 5323 1296 5394 vixque
1328 5323 1492 5380 fuerit
1539 5343 1631 5382 us-
1731 5323 1852 5389 quis
1881 5323 2025 5377 velut
2054 5325 2301 5394 sensibus
2326 5335 2623 5379 moveatur.
2646 5326 2861 5394 Dionys.
2886 5327 3118 5382 llalicar.
3149 5328 3186 5382 Ι.
3208 5323 3293 5383 ⁷ης

1703 5394 1972 5470 ,Μεθύετε
2019 5393 2098 5464 τῷ
2145 5393 2364 5470 μεγέθει
2404 5394 2502 5464 τῆς
2553 5393 2822 5470 εξουσίας.
2987 5399 3180 5470 Chrys.
3231 5400 3301 5455 de

1741 5465 2016 5535 Abraham
2057 5463 2129 5517 to.
2164 5464 2184 5518 l
2223 5463 2484 5535 Fronton.
2533 5466 2619 5518 tthi
2662 5466 2707 5535 is
2737 5466 2900 5520 videri
2930 5463 3123 5535 potest.

1813 5534 1923 5604 (45)
1957 5534 2552 5603 Συμπεριενεχθεῖσα.
2605 5534 2761 5589 Velut
2811 5534 3179 5598 adhlandiens,
3237 5548 3295 5588 et

1741 5607 1979 5672 gratiose
2011 5606 2161 5671 quasi
2195 5604 2584 5672 acquiescendo
2613 5604 2960 5672 respondens,
2986 5606 3089 5659 alio
3118 5614 3294 5658 tamen

1740 5674 1968 5727 detortis
2003 5673 2182 5728 verbis
2230 5674 2558 5737 Dominicis;
2588 5676 2652 5727 ad
2685 5677 2839 5726 aliam
2877 5674 3083 5727 sciiicet
3113 5689 3293 5727 resur-

1741 5745 2056 5812 rectionem,
2081 5759 2238 5813 quam
2263 5759 2360 5813 pro
2384 5760 2485 5815 qua
2506 5743 2726 5812 supplex
2759 5743 3039 5796 Dominum
3061 5755 3290 5809 rogaret.
