3744 6374
385 312 460 370 63
1346 306 1404 361 S.
1446 303 1894 360 AMPHILOCHH
1936 299 2315 359 [CONIENSIS
2355 296 2664 354 EPISCOPI
3577 300 3636 354 Gl

383 427 579 485 Lazari
608 426 719 480 vult
742 424 963 482 videre?
989 423 1044 480 Si
1067 434 1148 480 est
1176 424 1269 479 Dei
1294 422 1483 488 Filius,
1511 423 1791 479 suscitabit
1814 438 1861 476 ei

2160 419 2283 481 Υἱός
2314 420 2431 470 ἐστι
2472 416 2566 471 τοῦ
2617 414 2774 478 Θεοῦ,
2801 413 2992 469 τοῦτον
3023 414 3335 487 ἀναστήσει.
3379 415 3499 470 Τῶν
3534 418 3638 487 γὰρ

384 519 537 587 Quod
560 520 702 572 enim
734 519 799 571 ad
831 532 923 572 eos
951 523 1157 586 spectat
1188 532 1324 586 quos
1354 531 1544 571 recens
1575 524 1816 570 mortuos
1840 530 1962 569 sus-

386 612 590 674 citavit,
636 609 929 663 nescimus.
966 608 1117 664 Unde
1148 623 1276 676 ergo
1323 608 1685 662 sciverimus?
1726 608 1782 662 Si
1809 614 1966 661 erant

391 703 631 772 perfecte
671 701 891 765 mortui,
940 702 1084 754 hunc
1125 700 1428 764 suscitabit,
1483 715 1656 768 eoque
1684 699 1964 768 cognosci-

393 805 511 842 mus
546 805 667 843 esse
700 804 757 843 re
787 805 912 844 vera
968 789 1059 843 Dei
1115 789 1333 842 Filium.
1380 789 1528 844 Unde
1550 800 1605 845 et
1639 789 1848 843 Martha
1879 798 1965 843 ta-

391 880 529 935 libus
555 896 612 934 se
634 882 975 935 sermonibus
1000 881 1209 935 facilem
1232 882 1497 951 prmbens,
1528 883 1755 935 accessit
1777 892 1827 934 et
1851 882 1965 947 ipsa

392 974 457 1025 ad
496 973 806 1039 Dominum,
856 974 1080 1025 dicens:
1116 971 1231 1037 Quo
1276 973 1476 1040 pergis,
1527 972 1782 1025 Domine?
1830 972 1968 1039 Quid

394 1066 475 1120 vis
513 1066 695 1119 videre
743 1064 1049 1132 sepulcrum
1088 1063 1322 1117 Lazari?
1369 1063 1506 1129 Quid
1551 1062 1773 1116 refricas
1821 1062 1970 1117 dolo-

395 1172 508 1211 rem
564 1157 850 1211 nostrum?
889 1157 1023 1224 Quid
1062 1155 1266 1209 luctum
1318 1154 1653 1209 exsuscitas?
1706 1154 1844 1221 Quid
1888 1156 1970 1210 vis

397 1251 584 1305 videre
614 1250 945 1319 sepulcrum?
976 1247 1119 1301 Nihil
1141 1248 1308 1313 enim,
1346 1246 1587 1310 Domine,
1618 1244 1743 1300 inde
1776 1244 1972 1300 retule-

394 1340 471 1394 ris
499 1340 763 1394 commodi
794 1358 806 1392 :
832 1340 946 1407 jam
970 1341 1113 1406 fetet,
1146 1337 1528 1405 quatriduanus
1555 1347 1628 1389 est
1670 1342 1831 1389 enim.
1864 1336 1969 1391 D0-

398 1430 573 1486 minus
595 1443 773 1486 autem
802 1433 868 1485 ad
900 1431 1190 1485 Marthain:
1213 1428 1401 1482 Nonne
1433 1430 1545 1481 diai
1578 1429 1690 1487 tibi.
1718 1430 1970 1498 quoniam

397 1524 442 1576 si
472 1524 773 1585 credideris,
793 1524 985 1576 videbis
1013 1523 1233 1591 gloriam
1263 1522 1360 1575 Dei
1386 1523 1411 1575 ?
1435 1520 1633 1574 Mihine
1668 1520 1825 1584 dicis,
1849 1519 1972 1574 Jam

399 1614 562 1683 fetet?
593 1615 760 1669 Soror
787 1625 874 1668 tua
907 1615 1057 1685 ungit
1085 1623 1377 1683 unguento,
1420 1613 1645 1683 ipsaque
1676 1614 1727 1668 in
1750 1613 1975 1669 inﬁdeli-

402 1718 512 1761 tate
563 1707 905 1773 denigraris?
937 1706 1066 1761 Volo
1096 1706 1277 1761 videre
1312 1706 1619 1775 sepulcrum
1655 1708 1809 1760 amici
1844 1708 1969 1761 mei.

2067 512 2394 582 προσφάτως
2426 509 2887 579 τελευτησάντων,
2909 501 2984 561 ὧν
3013 510 3255 581 ἤγειρεν,
3287 510 3387 562 οὐκ
3416 511 3641 564 ἐπιστάι

2069 599 2227 669 μεθα.
2250 597 2420 651 Πόθεν
2444 594 2536 651 οὖν
2569 596 2758 668 ἴσμεν;
2788 597 2849 649 Εί
2874 596 3064 666 τελείῳ
3089 596 3302 668 θανάτῳ
3341 600 3641 671 παρεδόθη-

2069 708 2187 755 σαν,
2228 690 2416 743 τοῦτον
2447 691 2761 760 ἀναστήσει,
2807 690 2901 742 καὶ
2945 688 3145 757 γνῶσιν
3182 689 3527 761 λαμϐάνομεν
3563 695 3641 746 ὅτι

2067 782 2284 853 άληθῶς
2330 779 2464 834 Θεοῦ
2505 780 2634 843 Υἱός
2675 781 2842 833 ἐστιν.
2880 779 3045 832 Ὅθεν
3085 781 3179 833 καὶ
3223 783 3255 851 ή
3295 782 3493 853 Μάρθα
3535 786 3643 848 τοῖς

2069 876 2245 944 λόγοις
2273 872 2531 935 τοιούτοις
2567 871 3110 942 συμπεριενεχθεῖσα,
3135 872 3403 943 προσῆλθε
3433 874 3511 944 τῷ
3544 877 3644 927 Κυ-

2072 969 2169 1040 ρίῳ
2195 968 2288 1021 καὶ
2310 967 2447 1037 αὑτὴ
2470 966 2702 1035 λέγουσα
2720 982 2732 994 ·
2761 964 2871 1018 Ποῦ
2899 965 3125 1037 πορεύῃ,
3153 966 3396 1019 Δέσποτα
3420 984 3435 1031 ;
3463 968 3526 1019 Τί
3561 968 3644 1021 θέ-

2069 1057 2180 1121 λεις
2205 1057 2293 1111 τὸν
2332 1057 2502 1124 τάφον
2549 1056 2675 1108 ίδεῖν
2711 1055 2991 1124 Λαζάρου;
3027 1056 3091 1107 Τί
3135 1057 3233 1127 τὴν
3262 1057 3451 1128 ὀδύνην
3492 1060 3631 1130 ὴμῶι

2070 1149 2351 1216 άναξέειςς
2382 1148 2446 1201 Τί
2479 1146 2538 1200 τὸ
2561 1146 2753 1210 πένθος
2779 1148 3115 1218 ὲπεγείρεις;
3145 1148 3210 1200 Τί
3237 1148 3410 1212 θέλεις
3432 1151 3522 1204 τὸν
3553 1152 3645 1204 τά·

2072 1260 2169 1314 φον
2225 1242 2382 1306 ίδεῖνς
2423 1240 2588 1293 Οὐδὲν
2620 1240 2731 1309 γὰρ
2761 1239 2966 1311 ὠνήσῃ,
3007 1239 3285 1293 Δέσποτα·
3330 1242 3474 1309 Ἤδη
3514 1242 3643 1307 ὄζει,

2072 1332 2461 1402 caepa/ipequ
2518 1330 2629 1402 γάρ
2687 1332 2875 1384 ἐστιν.
2938 1332 2994 1384 Ὀ
3036 1331 3093 1385 δὲ
3145 1331 3349 1403 Κύριος
3388 1336 3525 1403 πρὸς
3553 1335 3646 1406 τὴν

2073 1425 2302 1496 Μάρθαν
2323 1441 2334 1453 ·
2372 1426 2492 1478 Οὐκ
2529 1420 2702 1477 εἶπόν
2726 1439 2847 1489 σοι,
2884 1422 2971 1476 ὅτι
2999 1424 3107 1477 ἐὰν
3132 1426 3491 1494 πιστεύσῃς,
3526 1428 3645 1496 ὄψῃ

2072 1522 2187 1589 τὴν
2202 1521 2391 1584 δόξαν
2413 1520 2519 1574 τοῦ
2542 1520 2729 1580 Θεοῦ;
2772 1518 2928 1590 Ἐμολ⁵
2961 1519 3172 1586 λέγεις,
3204 1519 3349 1588 Ἤδη
3394 1521 3546 1584 ὅζει;
3590 1523 3648 1574 'll

2073 1615 2274 1685 ἀδελφὴ
2325 1630 2418 1666 σου
2454 1611 2691 1684 μυρίζει,
2720 1613 2815 1680 καὶ
2846 1613 2909 1665 σὺ
2936 1612 3173 1683 καπνίζῃ
3205 1613 3265 1665 ὲν
3298 1616 3364 1684 τῇ
3391 1616 3647 1687 ἀπιστίας

2075 1707 2226 1761 Θέλω
2258 1706 2348 1758 τὸν
2375 1705 2544 1773 τάφον
2577 1705 2706 1757 ίδεῖν
2727 1703 2821 1757 τοῦ
2852 1704 3004 1774 φίλου
3044 1722 3165 1775 μου.

467 1799 559 1862 ιν.
601 1798 694 1854 llis
736 1799 993 1853 Dominus
1045 1799 1223 1862 dictis,
1283 1799 1347 1853 ad
1406 1800 1710 1868 sepulcrum
1757 1815 1944 1868 proces

2172 1807 2205 1852 '.
2232 1798 2413 1853 Ταῦτα
2440 1797 2606 1851 εἰπὼν
2628 1799 2894 1870 ὀΚύριος,
2926 1799 3019 1851 ἐπὶ
3043 1800 3133 1853 τὸν
3152 1801 3321 1869 τάφον
3344 1800 3650 1872 ἐπορεύετο·

402 1891 511 1956 sit,
536 1892 755 1963 jamque
785 1892 857 1945 illi
888 1893 1238 1961 pr0pinquus,
1286 1900 1344 1944 ut
1382 1901 1586 1945 tantum
1624 1892 1756 1945 vidit
1794 1908 1983 1946 monu-

403 1994 664 2049 mentum,
745 1985 923 2037 statim
999 1983 1327 2052 lacrymatus
1380 1991 1483 2036 est.
1547 1982 1681 2048 Quid
1748 1997 1877 2037 vero
1931 1986 1980 2039 ei

402 2090 562 2144 quem
596 2083 714 2129 erat
744 2074 1126 2141 suscitaturus,
1153 2089 1287 2143 opus
1318 2073 1610 2143 lacrymis?
1677 2072 1873 2143 Utique
1900 2075 1982 2127 la-

403 2178 676 2240 crymatus
738 2177 822 2222 est
885 2166 1167 2229 Dominus,
1222 2176 1274 2220 ut
1325 2167 1416 2234 qui
1476 2165 1748 2235 sapienter
1803 2168 1982 2221 omnia

405 2270 637 2329 gereret.
687 2259 781 2314 Est
811 2261 952 2312 enim
987 2259 1314 2329 lacrymatus
1344 2260 1408 2313 ad
1449 2260 1733 2323 tumulum,
1773 2270 1829 2313 ut
1857 2261 1984 2330 quid

408 2352 444 2406 ii
481 2353 568 2422 qui
602 2352 825 2406 comites
858 2352 1211 2405 adhazsissent
1245 2354 1311 2405 de
1348 2352 1465 2419 ipso
1518 2352 1842 2421 suspicionis
1887 2354 1985 2406 lia-

408 2443 598 2495 herent
639 2441 822 2495 animo
858 2442 1149 2509 repositum
1198 2442 1473 2509 proderet.
1508 2440 1661 2496 Unde
1710 2445 1875 2495 etiam
1929 2451 1986 2495 ut

407 2537 660 2590 viderunt
734 2536 1143 2605 Iacrymantem,
1202 2536 1495 2589 humanum
1558 2538 1735 2589 denuo
1784 2534 1984 2603 aliquid

406 2638 579 2694 passa:
637 2624 830 2687 turhze,
875 2634 1159 2693 cmperunt
1208 2627 1456 2680 conferre
1506 2625 1756 2688 invicem,
1801 2641 1865 2679 ac
1906 2627 1988 2679 di-

407 2730 531 2770 cere
565 2734 580 2769 :
614 2712 750 2769 Ecce
781 2718 1038 2786 quomodo
1062 2716 1272 2769 amabat
1304 2733 1443 2770 eum.
1476 2715 1590 2769 Non
1642 2725 1868 2786 poterat,
1894 2714 1983 2779 qui

408 2806 685 2885 eiusei-Mf"
725 2815 963 2861 mortuos
994 2823 1059 2862 ac
1088 2808 1244 2861 caecis
1272 2808 1510 2862 restituit
1547 2808 1757 2872 visum,
1812 2807 1988 2861 facere

412 2882 575 2951 ιη”ἶιο
632 2896 718 2951 hic
765 2912 1085 2963 moreretur,
1119 2898 1386 2966 siquidem
1434 2915 1555 2953 eum
1596 2900 1673 2953 sic
1726 2900 1988 2955 amabat?

413 2985 672 3041 Dominus
700 2998 879 3041 autem
912 2998 970 3042 ut
1000 3004 1093 3043 eos
1124 2991 1303 3044 adhuc
1330 2992 1563 3044 humana
1594 2991 1726 3046 vidit
1759 2992 1987 3060 loquen-

415 3089 516 3140 tes,
548 3077 651 3131 illis
681 3080 954 3146 respondit
981 3080 1142 3136 :Erat
1177 3082 1307 3135 mihi
1343 3096 1446 3134 non
1478 3097 1662 3151 grave,
1690 3091 1747 3136 ut
1794 3081 1983 3137 Lazari

2084 1892 2180 1946 καὶ
2210 1890 2514 1961 πλησιάσας
2535 1890 2612 1962 τῷ
2642 1890 2817 1961 τάφῳ,
2856 1890 3013 1962 μόεσνον
3047 1887 3153 1945 εἶδε
3184 1893 3247 1946 τὸ
3265 1898 3548 1965 μνημεῖον,
3576 1896 3655 1946 εύ-

2085 1984 2223 2047 θέως
2259 1983 2548 2053 ἐδάκρυσε.
2607 1981 2703 2046 Τίς
2748 1983 2780 2053 ἠ
2819 1984 2978 2053 χρεία
3012 1984 3287 2054 δακρύειν,
3320 1986 3378 2038 ὃν
3428 1986 3657 2056 ἤμελλεν

2084 2077 2347 2147 ὲγείρειν;
2386 2075 2683 2145 Ἐδάκρυσε
2713 2076 2849 2145 (47),
2902 2075 2984 2129 διὸ
3016 2077 3251 2141 συνετῶς
3282 2078 3459 2131 πάντα
3486 2080 3514 2131 ὁ
3548 2079 3658 2132 Κύ-

2086 2187 2199 2241 ριος
2224 2168 2402 2237 σοφῶς
2434 2166 2946 2238 ἐπραγματεύσατο.
2995 2168 3289 2239 Ἐδάκρυσε
3321 2170 3428 2242 γὰρ
3453 2171 3548 2221 ἐπι
3576 2168 3657 2222 τον

2084 2262 2274 2330 τάφον,
2306 2261 2455 2322 ὅπως
2476 2258 2584 2311 τῶν
2614 2257 3096 2329 ἀκολουθησάντων
3116 2261 3215 2329 τὴν
3247 2258 3472 2330 γνώμην
3498 2261 3562 2331 δη
3573 2279 3659 2329 μο-

2088 2353 2298 2427 σιεύσῃ,
2325 2353 2443 2405 οἵαν
2469 2352 2650 2421 ἔχουσι
2688 2352 2816 2422 περὶ
2850 2351 3015 2404 αὑτοῦ
3041 2352 3293 2421 ὑποψίαν.
3322 2352 3412 2405 Διὸ
3445 2358 3543 2407 καὶ
3590 2352 3659 2416 ώς

2086 2440 2225 2497 εἶδον
2267 2444 2431 2497 αὑτὸν
2465 2441 2833 2514 δακρύσαντα,
2872 2442 3187 2512 ἀνθρώπινα
3219 2444 3380 2497 πάλιν
3402 2445 3660 2507 παθόντες

2084 2536 2134 2587 οἱ
2167 2533 2586 2596 ἀκολουθοῦντες
2628 2532 2794 2603 ὄχλοι,
2844 2533 3076 2604 ἤρξαντο
3106 2536 3240 2605 πρὸς
3267 2537 3491 2598 ἑαυτοὺς
3518 2537 3661 2588 ἀντι-

2086 2627 2300 2680 ϐάλλειν
2322 2626 2417 2679 καὶ
2440 2626 2639 2694 λέγειν·
2667 2622 2842 2691 Εἶδες
2871 2624 2997 2691 πῶς
3025 2627 3216 2695 ἐφίλει
3246 2628 3459 2690 αὑτόν;
3489 2628 3547 2681 Ὀ
3580 2646 3659 2680 νε-

2086 2720 2250 2789 κροὺς
2274 2718 2512 2790 ἐγείρας,
2536 2719 2628 2770 καὶ
2662 2718 2895 2787 τυφλοὺς
2924 2719 3277 2789 ὀμματώσας,
3314 2721 3413 2773 οὐκ
3435 2719 3661 2790 ἠδύνατο

2088 2812 2309 2881 ποιῆσαι
2348 2810 2436 2864 ἵνα
2466 2810 2560 2863 καὶ
2606 2802 2761 2872 οὗτος
2816 2810 2888 2880 μὴ
2945 2810 3212 2881 ἀποθάνῃ,
3255 2812 3303 2864 εί
3346 2811 3453 2881 ἄρα
3495 2811 3661 2874 οὕτως

2088 2904 2260 2973 ἐφίλει
2314 2900 2508 2965 αὺτόνς
2582 2901 2640 2953 '0
2667 2901 2723 2952 δὲ
2762 2900 2989 2972 Κύριος,
3047 2901 3123 2965 ὡς
3169 2898 3309 2955 εἶδεν
3341 2903 3543 2965 αὐτοὺς
3590 2904 3662 2955 ἔτι

2089 2994 2404 3067 ἀνθρώπινα
2428 2992 2741 3056 λαλοῦντας,
2776 2994 3113 3064 ἀπεκρίνατο
3132 2992 3267 3064 πρὸς
3290 2994 3508 3057 αὐτούς·
3536 2992 3664 3048 Κού-

2091 3105 2187 3156 φον
2222 3086 2320 3157 μὲν
2351 3082 2418 3157 ἧν
2452 3102 2540 3156 μοι
2585 3088 3038 3156 παρακατασχεῖν
3082 3085 3180 3156 τὴν
3208 3083 3353 3155 ζωὴν
3391 3085 3661 3155 Λαζάρου,

413 3170 596 3233 vitam,
660 3172 1106 3240 quemadmodum
1153 3174 1315 3227 etiam
1358 3148 1499 3227 Elite.
1530 3185 1584 3228 et
1622 3175 1826 3240 Enoch,
1861 3192 1891 3229 ri

2194 3148 2284 3231 καὶ
2306 3148 2399 3230 τοο
2439 3148 2594 3230 Ἠλία
2637 3148 2733 3230 ..τι
2768 3174 2860 3227 τοῦ
2902 3148 3092 3244 Ἑνὼχ,
3137 3148 3259 3228 ’ἀλλ’
3299 3148 3495 3237 οὐδεὶς
3519 3148 3665 3246 ὑμῶν

415 3278 597 3317 norem
627 3281 640 3316 :
669 3279 825 3318 nemo
853 3273 1029 3317 tamen
1063 3274 1301 3318 vestrum
1327 3305 1341 3327 ,
1387 3281 1502 3318 mea
1535 3266 1681 3319 illam
1715 3267 1986 3323 voluntate

418 3357 636 3411 retineri
696 3358 1056 3425 cognovisset.
1104 3355 1310 3410 Idcirco
1343 3357 1561 3423 permisi
1597 3366 1655 3410 ut
1686 3368 1860 3413 morte
1893 3360 1989 3413 ab-

416 3449 749 3511 sorberetur,
805 3464 913 3518 quo
961 3447 1270 3500 accuratius
1304 3449 1426 3501 vitae
1455 3458 1509 3501 et
1552 3449 1740 3502 mortis
1790 3450 1989 3504 habere

420 3554 506 3592 me
551 3549 869 3608 potestatein
903 3540 1174 3593 docerem.
1221 3538 1450 3606 Moxque
1491 3540 1554 3592 ad
1584 3555 1676 3593 eos
1709 3539 1989 3607 Dominus,

419 3640 478 3682 ut
509 3645 697 3683 omnes
737 3631 882 3684 clare
938 3633 1108 3683 nostis
1145 3651 1155 3682 :
1194 3628 1452 3683 Iicvolvite
1504 3629 1750 3698 lapidem.
1798 3630 1995 3685 Jndzeis

421 3722 651 3791 injunxit
687 3731 743 3773 ut
778 3722 1112 3775 revolverent
1147 3722 1375 3789 lapidem
1412 3721 1545 3789 (46).
1598 3723 1726 3776 Vide
1776 3732 1833 3776 ut
1885 3738 1995 3777 0m-

419 3813 507 3865 nia
552 3811 841 3879 prudenter
906 3812 1162 3880 gesserit,
1233 3820 1394 3866 testes
1445 3812 1852 3880 probatissimos
1912 3828 1996 3868 re-

418 3903 771 3957 surrectionis
854 3902 1042 3957 Lazari
1111 3902 1336 3957 faciens.
1417 3902 1672 3958 Revolvite
1745 3904 1993 3973 lapidem.

420 3996 698 4049 Concessit
746 3994 1021 4062 discipulis
1082 4003 1143 4047 ut
1196 4008 1445 4049 sermone
1473 4004 1679 4049 montes
1739 3995 2001 4049 transfer-

424 4096 543 4139 rent
582 4086 649 4149 ",
703 4095 759 4139 et
811 4086 926 4153 ipse
980 4100 1083 4138 non
1139 4085 1362 4139 revolvit
1422 4086 1692 4152 lapidem?
1769 4087 1997 4153 Verum,

427 4186 484 4231 ut
545 4178 703 4243 dixi,
752 4180 928 4231 omnia
989 4178 1258 4246 sapienter
1305 4179 1371 4231 ad
1427 4178 1707 4232 utilitatem
1766 4194 1999 4248 gerens,

423 4268 560 4322 dixit
620 4267 818 4322 ludatis
865 4284 878 4319 :
916 4266 1176 4321 Revolvite
1219 4267 1486 4336 lapidem,
1551 4280 1606 4323 ut
1659 4284 1722 4323 ex
1757 4271 1872 4338 ipso
1926 4269 2005 4323 fe-

426 4361 558 4415 retri
604 4360 793 4425 fetore,
847 4361 1118 4429 putruisse
1150 4358 1486 4425 defunctum,
1519 4376 1623 4415 non
1655 4362 1797 4418 furto
1841 4342 2007 4416 fuisse

425 4453 694 4507 sublatum
748 4452 1037 4508 discerent.
1088 4448 1344 4503 Revolvite
1401 4451 1649 4519 lapidem.
1707 4450 1775 4505 Ut
1824 4462 2002 4507 autem

426 4544 503 4600 illi
541 4555 941 4596 murmurantes
974 4542 1317 4596 revolverunt
1368 4542 1670 4613 (mordebat
1725 4545 1868 4598 enim
1919 4544 2003 4598 ef-

2091 3269 2405 3338 ἐγίνωσκεν,
2447 3270 2624 3339 ὅτιτῇ
2673 3270 2778 3338 ἐμῇ
2810 3266 3024 3338 θελήσει
3066 3269 3097 3337 ἡ
3136 3266 3249 3336 ζωὴ
3280 3266 3531 3337 Λαζάρου
3569 3283 3666 3318 πα-

2094 3360 2469 3430 ρακατέχεται.
2494 3357 2592 3410 Διά
2617 3356 2772 3410 τοῦτο
2794 3355 3148 3428 συνεχώρησα
3184 3355 3289 3409 ὑπὸ
3310 3354 3405 3409 τοῦ
3438 3354 3667 3409 θανάτου

2094 3450 2258 3504 αὑτὸν
2282 3449 2680 3520 καταποθῆναι,
2712 3451 2859 3513 ὅπως
2888 3449 3128 3520 ἀκριϐῶς
3164 3448 3393 3519 μάθητε,
3415 3449 3499 3501 ὅτι
3532 3450 3670 3518 ζωῆς

2097 3543 2189 3595 καὶ
2225 3542 2457 3597 θανάτου
2502 3543 2600 3612 τὴν
2634 3542 2881 3607 ἐξουσίαν
2906 3541 3034 3611 ἔχω.
3086 3542 3196 3594 Καὶ
3214 3540 3376 3605 εὐθὺς
3402 3541 3545 3612 πρὸς
3582 3542 3671 3593 αύ-

2094 3634 2220 3696 τούς
2252 3635 2280 3686 ὁ
2309 3618 2531 3703 Κύριος,
2562 3631 2742 3695 καθὼς
2768 3633 2882 3685 ἴστε
2923 3631 3124 3694 πάντες
3154 3629 3361 3700 σαφῶς·
3410 3631 3671 3701 Ἀετοκυο

2096 3724 2308 3776 λίσατε
2334 3723 2439 3775 τὸν
2461 3724 2652 3775 λίθον.
2689 3722 2863 3774 Βλέπε
2907 3721 3025 3783 πῶς
3070 3722 3247 3774 πάντα
3294 3719 3473 3788 σοφῶς
3510 3719 3676 3790 ἐπρα-

2098 3812 2463 3882 γματεύσατο,
2494 3812 2774 3885 μάρτυρας
2807 3813 3055 3884 ἀκριῦεἰς
3081 3812 3180 3881 τῆς
3212 3810 3563 3873 ἀναστάσεως
3580 3812 3675 3862 Λα-

2101 3906 2268 3979 ζάρου
2328 3905 2620 3959 καθιστῶν.
2693 3905 3130 3959 Ἀποκυλίσατε
3165 3902 3273 3955 τὸν
3320 3903 3519 3955 λίθον.
3557 3902 3675 3962 Τοῖς

2106 3999 2373 4071 μαθηταῖς
2396 3999 2697 4068 ἐπέτρεπεν
2724 3996 2824 4067 ὅρη
2847 3998 3175 4065 μεταγαγεῖν
3211 3994 3375 4063 λόγῳ,
3398 3994 3491 4046 καὶ
3517 3991 3676 4055 αὐτὸς

2102 4090 2247 4143 λίθον
2282 4078 2382 4142 οὐκ
2414 4087 2777 4151 ἀπεκύλισεν;
2843 4085 3001 4139 Ἀλλά
3037 4086 3215 4139 πάντα
3246 4084 3445 4153 σοφῶς,
3495 4082 3677 4144 καθὼς

2104 4181 2385 4251 προεῖπον,
2423 4177 2943 4249 πραγματευόμενος
2977 4176 3113 4247 πρὸς
3144 4175 3497 4238 λυσιτέλειαν,
3530 4176 3678 4242 ἔλεγε

2104 4275 2215 4335 τοῖς
2250 4270 2546 4336 Ἰουδαίοις,
2605 4270 3040 4324 Ἀποκυλίσατε
3075 4267 3183 4321 τὸν
3222 4268 3417 4331 λίθον,
3443 4268 3599 4330 ὅπως
3628 4267 3681 4331 ἐξ

2104 4363 2273 4433 αὐτῆς
2293 4363 2392 4432 τῆς
2423 4362 2753 4433 νεκροφόρου
2787 4361 3067 4430 ἀποφορᾶς
3109 4358 3353 4429 μάθωσιν
3388 4358 3467 4411 ὅτι
3497 4358 3679 4427 ἐσάπη

2108 4456 2201 4509 καὶ
2228 4455 2327 4508 οὐκ
2376 4454 2610 4524 ὲκλάπη.
2668 4452 3106 4507 Ἀποκυλίσατε
3128 4450 3235 4504 τὸν
3263 4450 3454 4504 λίθον.
3482 4450 3609 4501 Τῶν
3632 4450 3685 4501 δὲ

2105 4546 2548 4599 ἀποκυλισάντων
2585 4544 2724 4615 μετὰ
2751 4543 3066 4613 γογγυσμοῦ
3099 4542 3436 4613 (ὲδρίμυττεν
3450 4541 3567 4613 γὰρ
3595 4543 3687 4595 αύ-

427 4638 634 4693 frenata
688 4635 861 4705 capuli
907 4635 1127 4702 olentia)
1171 4654 1183 4689 :
1231 4649 1350 4688 cum
1393 4635 1573 4704 itaque
1637 4638 1726 4705 qui
1784 4639 1905 4693 ader

2207 4653 2229 4699 ς
2251 4638 2283 4706 ὴ
2302 4638 2635 4708 νεκροφόρου
2663 4628 2897 4723 δυσςνιος
2922 4633 3219 4704 ἀποφορά)·
3242 4632 3685 4686 ἁποκυλισάντων

430 4727 788 4784 revolvissent
828 4725 1081 4794 lapidem,
1112 4724 1393 4779 confestim
1423 4727 1672 4781 clamavit
1706 4728 1964 4784 Dominus
1985 4769 2002 4796 ,

427 4821 613 4875 dicens
658 4837 672 4875 :
704 4817 933 4881 Lazare,
992 4821 1107 4872 veni
1138 4819 1300 4887 foras.
1359 4819 1529 4872 Herus
1558 4828 1641 4873 est
1669 4821 1757 4890 qui
1805 4831 1960 4876 vocat
1987 4840 2001 4877 :

429 4925 499 4964 ne
529 4910 649 4979 quis
678 4909 1085 4963 contradixerit.
1134 4910 1360 4974 Lazare,
1402 4912 1516 4964 veni
1560 4912 1749 4978 foras;
1797 4922 2000 4967 certam

431 5003 589 5055 fidem
632 5004 941 5057 sorori'tuae
974 5003 1196 5057 Martha:
1226 5004 1388 5058 facito
1427 5014 1486 5056 ut
1513 5004 1753 5073 jubeant,
1809 5021 1911 5059 non
1948 5014 2005 5060 ut

430 5094 745 5163 simplicem.
779 5093 999 5159 Lazare,
1032 5097 1147 5150 veni
1190 5096 1354 5165 foras.
1417 5095 1734 5164 Priusquam
1786 5098 2009 5152 descen-

431 5186 582 5249 dern,
624 5201 897 5253 percurre,
952 5199 1005 5241 et
1035 5189 1272 5241 edissere
1326 5188 1380 5241 in
1431 5198 1481 5242 te
1516 5188 1913 5241 arrhabonem:
1953 5188 2005 5241 in

434 5293 521 5332 me
548 5287 745 5341 autem,
779 5282 919 5347 quod
955 5278 1253 5348 perfectum
1291 5288 1393 5333 est.
1431 5276 1654 5344 Lazare,
1686 5279 1801 5333 ueni
1838 5279 2002 5347 (oras.

506 5456 552 5490 "
584 5456 770 5510 Matth.
816 5471 948 5521 xvu,
976 5456 1062 5509 19.

506 5551 620 5621 (46)
642 5550 845 5605 ludatis
878 5550 1106 5619 injunxit
1150 5560 1205 5602 ut
1240 5547 1552 5602 revolverent
1584 5549 1831 5619 lapidem.
1880 5547 2003 5603 Hinc

436 5624 634 5679 desunt
667 5622 718 5674 in
759 5621 979 5681 Graecis,
1006 5622 1100 5674 sed
1127 5636 1317 5673 sensus
1344 5629 1572 5673 constat.

511 5692 620 5760 (47)
662 5690 1008 5758 ’Ec’dxpvae.
1044 5689 1257 5760 Littera
1278 5689 1491 5741 vitiosa.

512 5757 625 5834 (48)
650 5762 767 5830 Πρὸ
797 5757 901 5816 τοῦ
939 5759 1200 5815 κατέλθω
1228 5758 1458 5824 ἔξελθε.
1503 5757 1649 5814 Perit
1676 5758 1821 5832 lepos
1852 5758 2000 5815 Cra:-

2105 4726 2162 4778 δὲ
2201 4725 2308 4779 τῶν
2342 4726 2626 4796 παρόντων
2643 4726 2735 4777 τὸν
2761 4724 2927 4787 λίθον,
2956 4724 3159 4786 εὐθέως
3184 4724 3406 4794 ἐϐόησεν
3434 4723 3463 4773 ὁ
3480 4722 3686 4794 Κύριος

2106 4819 2301 4888 λέγων·
2341 4818 2585 4885 Λάζαρε,
2623 4818 2798 4886 δεῦρο
2822 4817 2957 4882 ἔξω.
2982 4816 3258 4886 Δεσπότης
3282 4818 3310 4868 ὁ
3340 4814 3548 4878 καλῶν,
3605 4815 3687 4866 οὑ-

2107 4912 2217 4974 δεὶς
2250 4914 2278 4965 ὁ
2304 4911 2616 4979 ἀντιλέγων.
2642 4910 2889 4979 Λάζαρε,
2920 4910 3095 4978 δεῦρο
3114 4908 3246 4971 ἔξωο
3278 4907 3688 4978 πληροφόρησον

2110 5004 2339 5075 Μάρθαν
2389 5003 2490 5075 τὴν
2518 5004 2750 5076 ἀδελφήν
2783 5020 2898 5065 σου,
2927 5003 3002 5066 ὼς
3032 5002 3260 5064 κελεύω,
3304 5002 3400 5054 καὶ
3426 5001 3528 5069 οὐχ
3585 5002 3690 5051 ἱκε-

2108 5096 2268 5151 τεύω.
2301 5094 2540 5164 Λάζαρε,
2598 5094 2774 5164 δεῦρο
2811 5095 2947 5159 ἔξω.
2989 5094 3101 5165 Πρὸ
3127 5094 3218 5147 τοῦ
3250 5093 3514 5155 κατέλθω,
3547 5090 3690 5156 ἐξελ·

2110 5188 2167 5239 θε
2195 5186 2324 5256 (48)⁶
2362 5189 2419 5240 ὲν
2453 5187 2536 5239 σοὶ
2580 5187 2672 5239 τὸν
2716 5186 3034 5259 ἀρραϐῶνα,
3089 5188 3146 5238 ὲν
3188 5185 3313 5256 ἐμοὶ
3358 5184 3419 5236 τὸ
3460 5183 3687 5236 τέλειον.

2108 5276 2350 5345 Λάζαρε,
2403 5277 2578 5350 δεῦρο
2603 5277 2738 5341 ἔξω.
2782 5334 2783 5337 η

2111 5564 2205 5600 cus
2239 5546 2290 5599 in
2329 5545 2479 5599 suavi
2519 5544 2606 5598 illa
2648 5541 3225 5613 propositionissolins
3254 5541 3691 5592 commutatione.

2112 5618 2189 5671 Tu
2210 5631 2360 5686 ergo,
2393 5611 2705 5683 priusquam
2750 5611 2923 5666 morte
2973 5611 3179 5686 inferna
3221 5622 3418 5686 petam,
3448 5614 3695 5686 estolioo

2118 5680 2350 5741 minibus
2372 5680 2578 5755 prarcoi
2614 5694 2828 5738 tnaemet
2874 5681 3303 5755 resurrectionis,
3342 5689 3397 5731 ut
3430 5680 3692 5747 primitia-

2114 5774 2229 5814 rum
2264 5774 2276 5811 :
2319 5750 2555 5825 memque
2591 5755 2759 5822 illius,
2801 5760 2856 5807 ut
2915 5750 3175 5822 perfecti;
3216 5765 3403 5817 nempe
3455 5763 3511 5803 ut
3551 5764 3684 5815 opus,
