3744 6352
405 303 478 366 67
1386 308 1446 364 S.
1487 304 1932 363 AMPHILOCHII
1975 301 2358 362 ICONIENSIS
2396 297 2704 358 EPISCOPI
2762 337 2770 340 -
3571 297 3638 354 63

411 437 546 491 stus,
574 439 674 482 nos
695 424 978 481 recreavit.
1007 422 1106 480 Uhi
1133 422 1274 477 enim
1303 422 1349 477 is
1373 424 1707 486 convivatur,
1739 429 1792 475 et
1817 418 1974 474 simul
2003 455 2017 487 λ

2170 417 2227 471 ιὰ
2247 416 2500 486 Ζακχαιῳ
2516 413 2858 484 ἑστιώμενος.
2883 411 3054 466 Ὅπου
3078 410 3185 482 γὰρ
3204 410 3439 481 Χριστὸς
3468 412 3640 466 ἑστιᾶ-

413 520 675 574 recumbit
697 533 818 572 cum
843 515 1170 578 hominibus,
1194 521 1482 584 nostroque
1504 521 1558 567 et
1575 523 1701 582 potu
1719 518 1774 565 et
1796 524 1977 564 mensa

414 609 628 673 fruitur,
664 610 718 663 in
760 608 942 662 laetum
975 604 1156 659 omnia
1203 619 1509 659 sermonem
1565 599 1976 656 transferuntur.

416 701 548 766 Quis
575 699 740 763 enim,
789 698 913 752 dum
945 696 1068 751 caeli
1105 709 1168 749 ac
1219 703 1374 748 terra:
1406 701 1680 747 auctorem
1722 690 1775 744 in
1804 689 1982 759 publi-

415 805 670 844 canorum
723 787 1195 856 meretricumque,
1249 799 1340 840 seu
1375 785 1584 838 illorum
1624 782 1714 851 qui
1753 780 1980 835 nefanda

416 888 853 952 perpetraverant
905 878 1243 948 publicanam
1275 875 1419 930 videt
1457 873 1848 929 subintratttem
1885 871 1982 924 do-

415 989 560 1026 mum
592 985 821 1027 :eumve
852 971 940 1039 qui
981 969 1162 1037 fruges
1203 968 1436 1039 praebet,
1483 967 1777 1021 humanum
1816 964 1985 1017 mani-

414 1063 517 1119 bus
559 1063 907 1132 accipientem
945 1076 1172 1131 panem;
1225 1073 1321 1114 seu
1359 1072 1581 1111 uvarum
1624 1056 1942 1124 largitorem
1966 1096 1980 1120 ,

419 1163 574 1224 potus
620 1155 996 1208 communione
1051 1151 1343 1207 toreularia
1392 1148 1797 1203 benedicentem
1837 1163 1983 1202 :non

418 1260 538 1300 eam
573 1261 687 1299 rem
718 1246 855 1300 festo
897 1245 1135 1312 laetaque
1182 1241 1506 1307 celebritati,
1542 1241 1734 1294 merito
1763 1241 1986 1309 deputa-

418 1336 594 1390 vcrit?
631 1336 814 1391 Fuerit
843 1335 998 1405 plane
1031 1335 1145 1388 haec
1182 1333 1464 1396 festivitas,
1495 1333 1607 1386 haec
1636 1330 1819 1384 laetitia
1850 1343 1981 1383 con-

421 1429 546 1482 vivii
577 1427 802 1498 angelici
853 1448 865 1482 :
909 1435 967 1480 ut
998 1425 1254 1479 Dominus
1300 1439 1421 1478 cum
1456 1422 1648 1486 servis,
1694 1420 1837 1476 Deus
1867 1436 1986 1474 cum

423 1520 762 1584 hominibus;
788 1518 1058 1574 communi
1092 1517 1253 1587 judex
1290 1517 1492 1582 potitus
1524 1528 1705 1567 mensa
1745 1513 1991 1566 videatur

420 1624 543 1665 eum
585 1609 711 1663 reis.
781 1607 984 1661 Idcirco
1027 1607 1191 1669 enim,
1227 1604 1364 1658 coelo
1399 1618 1501 1656 non
1536 1603 1765 1666 deserto,
1799 1600 1851 1653 in
1883 1609 1991 1654 ter—

421 1715 536 1753 ram
585 1699 772 1752 venit:
808 1706 994 1764 estque
1043 1695 1216 1749 factus
1269 1694 1449 1756 homo,
1487 1691 1764 1745 divinitate
1820 1689 1990 1744 liaud-

2077 526 2185 568 ται.
2227 509 2321 560 καὶ
2349 509 2460 570 τοῖς
2490 504 2800 576 ἀνθρώποις
2855 503 3317 564 συνανακλίνεται,
3345 502 3440 554 καὶ
3479 501 3640 556 ποτοῦ

2079 599 2177 650 καὶ
2201 595 2481 669 τραπέζης
2515 594 2776 648 ἀπολαύει
2804 593 2903 664 τῆς
2930 593 3223 664 ἡμετέρας,
3270 591 3408 664 πρὸς
3436 592 3526 644 τὸν
3547 591 3641 660 τῆς

2077 688 2413 761 εὐφροσύνης
2454 687 2746 758 μετάγεται
2783 684 2959 754 λόγον.
3016 685 3112 748 Τίς
3158 683 3267 755 γὰρ
3301 681 3568 744 τελωνῶν,
3609 682 3640 752 ἢ

2079 781 2312 852 πορνῶν,
2362 780 2394 851 ἢ
2439 780 2546 832 τῶν
2587 779 2654 832 τὰ
2685 780 2898 850 ἄρρητα
2927 775 3313 849 ἐργασαμένων
3339 774 3507 835 δεινὰ,
3557 775 3644 826 τὸν

2079 872 2307 945 ούρανοῦ
2331 872 2363 942 ἢ
2389 872 2482 924 καὶ
2509 871 2610 940 γῆς
2643 871 2900 941 Ποιητὴν,
2935 869 3132 939 στέγην
3163 867 3461 920 ὑπελθόντα
3487 865 3645 918 τελω-

2081 965 2235 1034 νικὴν
2269 964 2498 1034 βλέπων·
2551 962 2583 1032 ἦ
2630 962 2719 1015 τὸν
2747 961 2855 1014 τῶν
2899 959 3186 1030 ἀσταχύων
3225 958 3446 1028 δοτῆρα,
3489 955 3645 1026 ἄρτον

2083 1055 2421 1127 ἀνθρώπινον
2458 1055 2594 1125 μετὰ
2628 1057 2816 1124 χεῖρας
2831 1053 3194 1124 λαμϐάνοντα,
3224 1050 3257 1121 ἦ
3284 1050 3376 1102 τὸν
3423 1047 3531 1101 τῶν
3565 1047 3648 1115 βο-

2083 1142 2262 1212 τρύων
2279 1144 2612 1212 χορηγὸν,τῇ
2639 1142 2889 1212 κοινωνίᾳ
2917 1141 3010 1194 τοῦ
3038 1140 3202 1194 ποτοῦ
3214 1139 3312 1199 τὰς
3340 1138 3645 1210 ληνοὺςίέῗί)

2085 1234 2421 1302 εὐλογοῦντα·
2482 1233 2556 1304 μὴ
2611 1233 2802 1303 ἑορτὴν
2859 1233 2954 1285 καὶ
2990 1234 3297 1302 πανήγυριν
3352 1229 3542 1283 θέσθαι
3593 1229 3650 1281 τὸ

2086 1328 2316 1397 πρᾶγμα
2343 1323 2878 1395 δικαιώσειεν;Αὖτη
2905 1323 3118 1394 ἀληθῶς
3150 1323 3329 1394 ἑορτήο
3365 1321 3502 1390 αὕτη
3524 1320 3650 1389 ἀλη-

2087 1416 2194 1480 θῶς
2210 1417 2508 1488 ἀγγελικῆς
2543 1415 2836 1478 ἑστιάσεως
2868 1415 3193 1488 εὐφροσύνη,
3240 1414 3301 1466 τὸ
3327 1413 3416 1466 τὸν
3453 1412 3649 1464 Δεσπό-

2087 1526 2207 1578 την,
2243 1509 2382 1578 μετὰ
2432 1508 2649 1561 δούλων
2698 1507 2789 1559 τὸν
2845 1507 2996 1572 Θεὸν,
3043 1506 3178 1578 μετά
3212 1505 3530 1576 ἀνθρώπων·
3567 1502 3652 1555 τὸν

2087 1599 2364 1670 δικαστὴν,
2387 1599 2645 1670 μετὰτῶν
2660 1599 2972 1652 ὑπευθύνων
3000 1601 3130 1670 ὁρᾷν
3148 1599 3331 1668 κοινῆς
3360 1596 3652 1650 ἀπολαύον-

2089 1706 2159 1742 τα
2219 1690 2518 1760 τραπέζης.
2569 1692 2667 1745 Διὰ
2696 1692 2802 1761 γὰρ
2833 1691 2990 1743 τοῦτο
3031 1691 3124 1742 ἐπὶ
3171 1690 3275 1758 γῆς
3316 1686 3498 1760 ἦλθεν,
3558 1687 3654 1739 οὐκ

423 1802 692 1858 quaquam
721 1786 958 1855 deposita
986 1801 1000 1849 ;
1035 1795 1093 1838 ut
1122 1784 1282 1837 etiam
1316 1797 1464 1836 mare
1499 1781 1779 1850 navigans,
1811 1779 1990 1832 mundi

2170 1800 2298 1854 ημον
2358 1781 2669 1836 καταλιπὼν
2729 1783 2820 1836 τὸν
2891 1781 3148 1852 οὐρανόν·
3215 1780 3308 1834 καὶ
3374 1778 3652 1848 ἄνθρωπος

423 1878 586 1948 hujus
617 1878 805 1947 pelago
841 1884 1156 1943 tempestate
1194 1875 1448 1945 jactatos,
1479 1872 1545 1926 de
1577 1871 1780 1940 peccati
1828 1859 1993 1923 fundo

425 1970 731 2024 extraheret
772 1990 783 2023 :
831 1969 1084 2036 vicosque
1128 1977 1183 2021 et
1231 1965 1388 2019 urbes
1446 1964 1791 2027 circumiens,
1845 1964 1996 2032 angi-

424 2069 718 2126 portusque
757 2067 812 2112 et
855 2057 1072 2111 semitas
1121 2065 1281 2122 atque
1315 2055 1493 2108 aditus
1519 2053 1954 2106 circumcursans
1977 2092 1992 2116 ,

425 2158 673 2202 errantes
719 2148 773 2201 in
819 2147 992 2200 triviis
1028 2161 1124 2200 ceu
1157 2145 1202 2176 ⁹⁵
1242 2161 1354 2198 oves
1393 2160 1496 2196 non
1538 2144 1775 2196 habentes
1819 2153 1996 2210 pauo-

427 2257 536 2294 rem
571 2240 636 2294 ad
671 2239 941 2308 proprium
976 2236 1116 2291 ovile
1143 2236 1441 2292 reduceret.
1475 2233 1596 2304 lpse
1628 2249 1855 2301 namque
1883 2243 1993 2298 est,

429 2333 519 2400 qui
561 2345 712 2385 ovem
753 2339 1026 2384 errantem
1081 2328 1291 2396 quaerit,
1326 2326 1524 2394 quique
1578 2325 1865 2393 nonaginta
1903 2340 1998 2376 no-

429 2438 548 2476 vem
602 2422 803 2474 relictis
857 2420 922 2473 ad
975 2435 1134 2472 unam
1199 2417 1608 2486 perquirendam
1668 2416 1880 2469 advenit
1930 2415 1995 2468 ".

433 2513 639 2581 Quippe
674 2510 947 2580 quaerebat
981 2525 1175 2574 unam;
1215 2524 1313 2562 nec
1345 2522 1606 2576 spernens
1637 2508 1860 2570 multas,
1902 2520 2000 2560 nec

433 2619 593 2657 unam
650 2601 976 2656 multitudini
1039 2599 1352 2669 praeferens.
1412 2597 1771 2652 Nihilominus
1822 2609 1998 2651 tamen

431 2692 650 2761 reliquit
679 2692 966 2758 nonaginta
998 2705 1186 2745 novem
1225 2706 1239 2740 :
1273 2705 1370 2758 par
1396 2691 1538 2743 enim
1567 2700 1685 2742 erat
1712 2698 1769 2742 ut
1800 2698 1912 2742 tuto
1947 2689 2000 2742 in

435 2783 587 2838 caula
651 2791 1025 2849 morarentur;
1080 2797 1242 2836 unam
1283 2791 1460 2835 autem
1497 2781 1644 2835 illam
1683 2796 2001 2850 progressws

433 2872 732 2942 quaerebat,
762 2882 822 2926 ut
855 2887 923 2926 ne
951 2872 1162 2926 diabolo
1210 2873 1386 2942 praeda
1419 2872 1656 2928 cederet.
1715 2871 1844 2926 Nam
1887 2872 2001 2926 ovis

437 2963 637 3032 absque
689 2974 906 3031 pastore
965 2971 1212 3031 prompta
1279 2962 1408 3016 feris
1461 2954 1755 3030 parataque
1793 2975 1999 3016 coana:

437 3053 723 3121 animaque
753 3052 1026 3121 signaculo
1082 3066 1296 3114 carens,
1333 3051 1542 3104 insidiis
1572 3051 1874 3104 daemonum
1906 3065 2002 3104 ex-

437 3145 630 3215 posita.
694 3145 978 3213 Propterea
1021 3159 1192 3213 nuper
1217 3143 1532 3197 Zaccbieum
1561 3143 1627 3205 ⁸⁷,
1670 3141 1812 3195 velut
1847 3157 2000 3196 ovem

439 3253 508 3291 ex
551 3237 661 3305 lupi
711 3251 805 3290 ore
860 3236 1115 3304 abripuit,
1153 3235 1597 3302 commiscuitque
1625 3233 1810 3298 caulae,
1844 3244 1896 3287 et
1928 3233 2002 3287 si—

439 3329 664 3399 gnaculo
717 3329 953 3383 donavit.
1015 3328 1168 3383 Sicut
1210 3328 1351 3382 enim
1393 3337 1573 3397 pastor
1613 3327 1847 3380 errantis
1891 3326 2006 3379 ovis

439 3431 715 3485 capturam
767 3418 1064 3482 meditans,
1117 3418 1244 3471 sinit
1302 3417 1597 3470 cicuratum
1668 3417 1907 3480 animal,
1951 3427 2006 3471 ut

443 3511 615 3564 libero
657 3519 810 3578 pastu
867 3510 1194 3563 resilienlem
1245 3518 1495 3562 venatum
1541 3509 1714 3561 trahat
1770 3525 1784 3560 :
1827 3511 1896 3560 ita
1950 3519 2005 3562 et

513 3607 560 3640 ⁸⁸
600 3606 662 3660 lll
714 3606 848 3676 Reg.
880 3621 1015 3671 ιιιιι,
1048 3605 1134 3659 17.
1209 3605 1256 3637 ⁸⁸
1290 3605 1478 3659 Matth.
1510 3620 1665 3669 xvttt,
1711 3603 1777 3657 12
1812 3622 1826 3670 ;
1856 3604 1986 3660 Luc.
2013 3621 2101 3672 xv,
2124 3609 2177 3663 4.

442 3733 502 3776 ιιι
549 3734 600 3775 et
649 3721 905 3788 pleraque
945 3721 1076 3774 tanti
1126 3719 1226 3774 viri
1258 3719 1549 3788 opuscola,
1596 3729 1652 3772 et
1706 3721 2001 3787 praesertim

441 3793 585 3848 docti
607 3787 683 3844 illi
706 3798 964 3844 tractatus
988 3792 1040 3844 in
1066 3789 1498 3858 Joan.,quorum
1531 3787 1833 3857 fragmenta
1855 3789 2004 3856 plura

445 3865 634 3917 damus
667 3863 764 3914 sub
797 3861 975 3913 linem.

513 3931 626 4011 ρςι)
793 3929 1073 4011 κοιιςξιιιςίςι
1095 3927 1201 3982 τοῦ
1231 3928 1417 4011 ποτοῦ
1439 3928 1545 3994 τὰς
1582 3927 1808 3995 ληνοὺς
1833 3930 2008 3982 εὐλο-

447 3999 1075 4072 γοῦνταηΕιόιϋιιτὶειὶ
1109 4013 1236 4072 usus
1271 4009 1569 4072 tactusque,
1606 4015 1704 4052 ceu
1732 4012 2012 4072 consecra-

451 4067 526 4124 tio
564 4070 834 4138 quaedam,
866 4083 964 4134 pro
997 4067 1237 4136 ejusdem
1276 4083 1405 4121 usus
1445 4068 1653 4120 ratione
1681 4085 1694 4120 :
1725 4077 1784 4119 ut
1818 4068 2010 4133 quibus

451 4149 547 4194 σου
585 4137 753 4192 sacris
781 4147 835 4191 et
883 4151 1040 4190 sacro
1095 4137 1196 4189 ritu
1242 4152 1372 4191 usus
1409 4149 1510 4200 est,
1542 4146 1706 4189 totam
1738 4139 1802 4188 ad
1829 4150 2012 4188 sacra-

455 4217 633 4262 menta
673 4208 1036 4260 necessariam
1083 4206 1488 4259 antecedentem
1537 4206 2007 4259 COﬂSBCI'aIiOIIt’II'I

453 4277 775 4340 contulerit;
809 4274 1048 4329 Ecclesia
1102 4285 1308 4328 tantum
1347 4275 1637 4328 adhibente
1664 4275 2013 4328 caeremonias

453 4347 662 4420 aliquas
692 4344 757 4420 ad
779 4345 1213 4420 solemnitatem;
1248 4355 1304 4396 ut
1337 4347 1389 4398 in
1423 4345 1685 4420 baptismo
1713 4354 1767 4397 et
1799 4343 2010 4420 Eucha-
2045 4367 2089 4420 ι)

460 4419 630 4479 ristia,
661 4416 747 4468 tibi
785 4429 921 4468 nova
955 4415 1274 4467 antecedens
1305 4415 1637 4468 consecratio
1668 4415 1924 4476 materiae,
1950 4427 2014 4465 eo

459 4487 634 4550 titulo,
659 4483 1006 4538 accidentalis
1059 4493 1162 4547 est,
1203 4495 1258 4534 ut
1294 4483 1523 4552 theologi
1555 4500 1674 4536 cum
1715 4483 1774 4534 D.
1811 4483 2013 4534 Tliom‘a

459 4571 519 4610 ιιι
556 4571 608 4620 p.
639 4554 838 4607 Eodem
871 4554 1048 4621 itaque
1079 4553 1233 4606 modo
1266 4555 1671 4622 philosophatur
1698 4553 1769 4606 de
1807 4552 1928 4605 cibo
1963 4562 2015 4604 et

495 4635 608 4691 otu,
653 4625 845 4693 pieque
886 4623 1196 4693 admodum,
1249 4637 1373 4676 vere
1415 4623 1536 4691 pius
1579 4622 2012 4693 Amphilochius.

495 4641 608 4691 om,
653 4641 845 4693 pieque
886 4641 1196 4684 aumouum,
1249 4641 1373 4676 vere
1416 4641 1536 4691 pius
1579 4641 2012 4691 AlllpllIIOClllus.

459 4641 657 4749 Eadem
688 4694 982 4746 etiamnum
1015 4692 1185 4746 Graeci
1223 4694 1306 4759 pia
1349 4693 1622 4759 religione,
1656 4692 1831 4744 futura
1870 4691 2014 4751 usui,

461 4779 617 4818 sacro
645 4762 944 4816 ministerio
985 4771 1039 4812 et
1067 4762 1348 4814 incruento
1379 4761 1667 4822 sacrilicio,
1706 4761 2016 4814 linteamina

461 4849 633 4898 sacra,
651 4834 974 4902 pontiﬁcem,
998 4827 1323 4898 ἀφιεροῦντα
1336 4829 1432 4900 τὴν
1464 4830 2009 4902 Ἐκκλησίαν,οοιιεοο

462 4900 700 4957 crantein
743 4901 1218 4966 Ecclesiamuquo
1255 4911 1374 4953 actu
1429 4900 1852 4968 peculiarissime
1883 4901 2019 4968 gerit

464 4987 748 5051 personam
784 4971 984 5051 Christi
1035 4969 1328 5050 Ecclesiatn
1373 4971 1473 5023 sibi
1524 4969 1578 5051 in
1607 4985 1898 5051 ‘sponsam'
1927 4969 2020 5019 ad-

461 5037 766 5109 jungentis,
826 5041 1084 5110 induunt;
1141 5051 1198 5110 ut
1253 5041 1318 5110 is
1353 5049 1511 5110 totus
1548 5037 2016 5110 λελαζαρωμένος,

468 5108 582 5179 εειι
613 5113 782 5163 instar
833 5109 1018 5162 Lazari
1062 5111 1127 5163 iis
1182 5108 1469 5171 involutus,
1502 5109 1553 5163 id
1606 5108 1826 5179 peragat
1879 5108 2020 5161 sacri

467 5178 665 5233 ollicii:
697 5193 794 5232 usu
843 5188 1095 5245 tactuque
1147 5179 1224 5232 sic
1280 5179 1516 5232 adhibita
1574 5178 2017 5232 conseCraturus:

467 5262 628 5317 quam
684 5247 1078 5317 caeremoniam,
1113 5262 1415 5315 quanqttam
1471 5248 1853 5314 Eucbologium
1918 5262 2022 5299 non

471 5316 664 5383 liabet,
698 5316 968 5371 communi
997 5325 1171 5368 tamen
1208 5318 1482 5384 probatam
1515 5335 1634 5383 ttsu,
1672 5330 1781 5370 tum
1811 5319 1879 5370 ab
1905 5317 2024 5368 aliis

473 5387 660 5453 didici,
697 5396 806 5439 tum
848 5384 1143 5456 ιιυρειγάπὸ
1181 5387 1362 5456 φωνῆς
1393 5398 1444 5439 et
1467 5388 1743 5456 vivaﬁvoce
1773 5387 2025 5456 illustris-

471 5457 592 5510 simi
618 5456 966 5524 metropolita:
991 5455 1089 5524 τῆς
1112 5456 1269 5523 ἁγίας
1315 5455 1544 5526 Μαυρᾶς
1583 5455 1804 5509 Parisiis
1851 5455 2025 5523 linsm-

475 5526 654 5590 tantis,
679 5527 852 5579 audivi
877 5543 892 5579 :
934 5540 1038 5591 quo
1060 5530 1244 5579 eodem
1271 5528 1442 5588 titulo,
1474 5541 1708 5579 massam
1772 5535 1932 5578 totam
1959 5538 2024 5576 ex

473 5610 578 5665 qua
638 5605 881 5665 sumptus
933 5603 1015 5648 est
1061 5593 1090 5644 ὁ
1139 5595 1292 5662 ἅγιος
1361 5595 1556 5665 ἄρτος,
1604 5605 1657 5649 et
1722 5597 2025 5665 conlectum

478 5662 810 5722 Dotniuicuin
863 5679 1087 5733 corpus,
1137 5662 1636 5720 sanctam’habeut
1694 5676 1748 5719 et
1803 5662 2025 5716 ἀντίδω-

2092 1874 2332 1942 γέγονεν,
2359 1875 2457 1928 οὐκ
2486 1874 2687 1937 ἀποδὺς
2714 1875 2775 1927 τὸ
2825 1869 2960 1926 εἶναι
2991 1873 3142 1936 Θεός·
3173 1875 3263 1925 ἴνα
3307 1870 3399 1922 καὶ
3425 1869 3524 1938 τὴν
3559 1867 3652 1920 θά-

2092 1966 2294 2018 λασσαν
2328 1967 2527 2032 πλέων,
2571 1969 2694 2030 τοὺς
2729 1969 2808 2030 εἰς
2857 1966 2919 2018 τὸ
2964 1964 3211 2034 βιωτικὸν
3239 1959 3654 2033 χειμαζομένους

2095 2054 2349 2124 πέλαγος,
2385 2057 2449 2110 ὲκ
2485 2057 2578 2109 τοῦ
2605 2057 2764 2127 βυθοῦ
2806 2057 3052 2128 ἀνασύρῃ
3084 2055 3180 2124 τῆς
3216 2053 3508 2125 ἁμαρτίας
3567 2051 3656 2102 καὶ

2095 2145 2283 2216 κώμας
2308 2147 2403 2200 καὶ
2439 2147 2616 2210 πόλεις
2646 2145 2890 2218 περιϊὼν,
2916 2146 3204 2208 στενοποὺς
3241 2145 3331 2196 καὶ
3359 2139 3654 2212 ἀτραποὺς,

2095 2239 2188 2292 καὶ
2226 2238 2552 2310 ὲπιδρόμους
2614 2241 2967 2310 περιτρέχων,
3005 2237 3132 2298 τοὺς
3174 2238 3232 2289 ἐν
3278 2237 3395 2297 ταῖς
3435 2233 3657 2306 τριόδοις

2098 2327 2478 2398 πλανωμένους
2503 2329 2582 2394 ὡς
2613 2328 2950 2396 ἀποίμαντα
2975 2328 3259 2395 πρόϐατα,
3291 2325 3382 2377 ἐπὶ
3411 2324 3508 2394 τὴν
3531 2324 3658 2376 ἰδίαν

2096 2419 2416 2491 ὲπαναγάγῃ
2442 2419 2697 2490 ποίμνην.
2726 2419 2895 2482 Αὐτὸς
2928 2417 3035 2489 γάρ
3066 2419 3210 2470 ἐστιν
3239 2418 3267 2469 ὁ
3299 2416 3359 2468 τὸ
3390 2413 3658 2475 ἀπολωλὸς

2097 2511 2363 2582 πρόϐατον
2380 2511 2672 2582 ἐπιζητῶν,
2699 2510 2766 2563 τά
2787 2512 3133 2581 ἐννενήκοντα
3157 2507 3306 2560 ἐννέα
3329 2504 3656 2568 καταλιπὼν,

2098 2605 2189 2656 καὶ
2219 2603 2347 2673 περὶ
2378 2603 2476 2671 τὴν
2508 2602 2599 2655 τοῦ
2628 2602 2742 2665 ἐνὸς
2772 2602 3210 2673 παραγενόμενος
3243 2600 3486 2672 ζήτησιν.
3517 2599 3660 2668 Ἐζή-

2096 2712 2180 2746 τει
2236 2694 2343 2765 γὰρ
2391 2693 2452 2746 τὸ
2496 2692 2552 2744 ἓν
2587 2693 2720 2763 (58),
2750 2692 2872 2746 οὔτε
2904 2693 3012 2745 τῶν
3049 2692 3256 2746 πολλῶν
3288 2690 3658 2760 καταφρονῶν,

2098 2785 2222 2838 οὔτε
2252 2786 2344 2839 τοῦ
2367 2787 2606 2856 πλήθους
2636 2785 2695 2838 τὸ
2717 2785 2772 2837 ἓν
2800 2785 3124 2856 προκρίνων.
3175 2783 3332 2836 Ἀλλά
3351 2782 3420 2834 τὰ
3448 2782 3549 2852 μὲν
3583 2783 3662 2832 ὲν·

2100 2877 2385 2946 νενήκοντα
2437 2878 2594 2930 ἐννέα
2638 2876 3057 2947 κατελίμπανεν·
3103 2875 3210 2927 ἔδει
3256 2874 3364 2943 γὰρ
3411 2870 3663 2940 ἀσφαλῶς

2100 2965 2240 3017 αὐτὰ
2259 2967 2315 3017 ὲν
2330 2968 2395 3036 τῇ
2425 2966 2636 3036 μάνδρᾳ
2655 2966 2985 3029 αύλίζεσθαι’
3011 2965 3071 3018 τὺ
3088 2966 3142 3018 δὲ
3161 2965 3216 3018 ἓν
3242 2962 3443 3036 προῖὼν
3459 2963 3660 3032 ἐζήτει.

2103 3056 2190 3109 ἵνα
2223 3055 2297 3126 μὴ
2332 3057 2467 3128 θήνη
2493 3058 2603 3127 (59)
2636 3057 2710 3127 τῷ
2734 3057 2962 3127 διαϐόλῳ
2993 3057 3238 3126 γένηται.
3260 3055 3538 3126 Πρόϐατον
3561 3053 3664 3122 γὰρ

2105 3146 2457 3216 ἀποὶμαντον,
2489 3147 2679 3216 θηρσὶν
2709 3147 2922 3216 ἕτοιμον
2957 3146 3188 3198 δεῖπνον.
3239 3145 3348 3198 Καὶ
3397 3142 3548 3212 ψυχὴ
3606 3142 3667 3194 ἁο

2113 3237 2465 3308 σφράγιστος,
2522 3237 2768 3306 δαίμοσιν
2803 3236 3260 3299 εύεπιὸούλευτος.
3290 3235 3447 3288 Ὅθεν
3480 3232 3668 3305 πρώην

2106 3329 2193 3382 τὸν
2217 3329 2479 3397 Ζακχαῖον
2517 3327 2591 3390 ὡς
2615 3327 2882 3398 πρόϐατον
2909 3329 2972 3379 ὲκ
3007 3328 3270 3397 στόματος
3302 3327 3465 3378 λύκου
3493 3325 3669 3395 ἀφήρ-

2107 3420 2374 3479 πασε,καὶ
2407 3421 2470 3490 τῇ
2511 3419 2718 3490 μάνδρᾳ
2749 3417 3024 3489 συνέμιξε,
3058 3419 3151 3471 καὶ
3197 3417 3488 3491 σφραγῖδος
3517 3417 3671 3485 ἠξίω-

2108 3530 2199 3566 σεν
2218 3512 2348 3582 (60)*
2368 3513 2442 3575 ὡς
2467 3513 2576 3582 γὰρ
2606 3511 2808 3582 ποιμὴν
2852 3511 3124 3583 πρόόατον
3164 3507 3545 3578 ἀποπλανηθὲν
3578 3507 3670 3578 θη-

2253 3609 2296 3640 ⁹⁷
2355 3608 2484 3662 Lttc.
2517 3625 2628 3672 XIX,
2663 3608 2716 3662 9.

2112 3738 2223 3792 ρον,
2252 3721 2580 3792 alisquealia
2611 3723 3030 3792 consecratione.
3067 3721 3140 3774 De
3164 3736 3270 3792 quo
3287 3717 3534 3774 Thessal.

2185 3791 2297 3859 (58)
2363 3788 2580 3858 Ἒῷἱτει
2612 3792 2722 3860 γὰρ
2749 3791 2815 3843 τὸ
2843 3791 2928 3844 ἓν.
2954 3791 3162 3855 Ubique
3181 3791 3266 3842 alii
3293 3805 3480 3844 sensus
3504 3804 3521 3842 :
3558 3788 3673 3843 nbi-

2113 3876 2218 3929 que
2260 3860 2321 3913 τὸ
2379 3863 2726 3914 ἐπιστατικὸν
2777 3860 3385 3929 Amphilocliii“nostri,
3423 3860 3482 3912 ει
3515 3869 3674 3913 acute

2110 3927 2285 3985 movet
2321 3931 2500 3992 dubia,
2530 3931 2827 3984 etfeliciter
2860 3927 3104 3984 resolvit.
3138 3927 3390 3981 Nonnihil
3423 3943 3559 3996 ergo
3585 3929 3677 3980 ab-

2111 4015 2302 4054 sonum
2337 4000 2496 4064 illud,
2532 4009 2590 4052 ut
2623 4001 2794 4053 bonus
2817 3998 3197 4068 pastor,unius_
3224 4012 3415 4068 causa,
3441 4007 3517 4050 tot
3551 4011 3679 4051 oves

2113 4070 2327 4123 relictas
2361 4069 2657 4137 spreverit;
2707 4066 2975 4134 unamque
3007 4066 3314 4137 nonaginta
3348 4067 3450 4118 illis
3483 4080 3676 4118 novem

2115 4135 2514 4206 anteposuerit;
2575 4149 2719 4191 reete
2757 4139 2843 4192 hic
2885 4139 3201 4202 deprecatur
3239 4154 3271 4206 :7
3304 4135 3682 4206 hujusquein-

2119 4205 2488 4276 quisitionem,
2535 4209 2850 4260 necessaria:
2896 4208 3088 4269 saluti;
3130 4205 3531 4258 derelictionem
3572 4205 3682 4257 illa-

2115 4275 2256 4339 rium,
2308 4276 2603 4339 securitati,
2645 4276 2902 4330 ascribit:
2961 4275 3123 4330 nullis
3172 4291 3230 4328 re
3275 4277 3388 4342 ipsa
3439 4276 3681 4342 spretis,

2119 4356 2276 4400 autve
2320 4355 2536 4400 errante
2585 4347 2802 4414 praalata
2832 4346 3039 4399 caeteris
3072 4360 3085 4394 :
3128 4345 3229 4398 nisi
3263 4346 3398 4396 forte
3428 4360 3553 4397 eam
3595 4359 3682 4398 ve-

2118 4416 2278 4484 limus
2324 4414 2709 4483 praelationem,
2757 4417 2897 4484 quod
2954 4414 3144 4482 majori
3205 4414 3442 4484 subsidio
3491 4427 3682 4484 egens,

2116 4481 2422 4554 quanquam
2475 4481 2789 4553 indignior,_
2820 4481 3049 4538 Pastore'
3085 4485 3343 4554 humeris
3375 4483 3428 4536 in
3465 4483 3683 4535 caulam

2119 4553 2444 4622 reportante,
2495 4565 2782 4609 consecuta
2847 4557 2917 4609 sit
2975 4571 2988 4606 :
3044 4553 3293 4607 nimirum
3345 4562 3684 4622 sacramento

2118 4623 2505 4678 incarnationis
2569 4624 2892 4689 Dominicaz;
2953 4639 3058 4690 quo
3114 4637 3349 4683 revera,
3389 4621 3684 4688 Scriptura:

2118 4694 2322 4762 phrasi,
2354 4692 2605 4746 nonnulla
2636 4708 2868 4761 vereque
2911 4709 3099 4760 magna
3151 4692 3310 4745 fuerit
3341 4691 3614 4762 praelatio!
3635 4697 3686 4743 et

2117 4760 2473 4831 praerogativa
2501 4763 2616 4816 ovis
2643 4760 2906 4827 errantis;
2936 4778 3039 4814 non
3074 4772 3251 4815 tamen
3275 4776 3433 4829 quam
3455 4760 3683 4826 Amphi-

2121 4832 2330 4884 lochius
2381 4847 2487 4885 non
2533 4833 2804 4900 agnoscit,
2847 4843 2902 4887 et
2930 4848 3033 4901 qua
3067 4848 3192 4885 vere
3237 4847 3342 4885 non
3387 4831 3688 4884 errantium

2122 4903 2324 4970 Spretio
2351 4917 2412 4954 ac
2437 4901 2627 4966 injuria
2662 4903 2751 4970 sit.

2194 4970 2306 5040 (59)
2330 4971 2620 5038 Προϊὼν...
2645 4969 2818 5040 θήκη.
2849 4969 3038 5024 Monlf.
3075 4968 3319 5040 περιϊών,
3352 4968 3689 5029 circumiens,

2129 5043 2328 5095 rectius
2357 5051 2412 5092 ut
2440 5041 2671 5095 videtur.
2703 5039 2825 5096 Mox
2848 5042 2978 5096 ibid.
3013 5039 3185 5110 θοίνή,
3224 5041 3312 5093 ubi
3365 5040 3692 5107 conjictebat

2122 5111 2360 5164 Combef.
2393 5109 2549 5164 θήρα.

2165 5127 2248 5165 0111
2257 5125 2360 5163 Del.
2393 5125 2455 5165 οη
2466 5127 2549 5165 οα.

2194 5110 2785 5250 ἕξοαγίδος
2804 5179 3085 5246 ἠξίωσεν.
3114 5179 3336 5250 Videtur
3363 5177 3507 5248 loqui
3532 5179 3606 5250 _de
3622 5177 3692 5231 si-

2123 5248 2493 5320 gnaculo,n_on
2517 5251 2656 5316 quod
2685 5251 2972 5320 character
3011 5261 3115 5316 est,
3157 5249 3270 5302 sive
3307 5249 3358 5301 in
3401 5248 3690 5320 baptismo,

2122 5317 2322 5374 sive'in
2371 5317 2619 5386 adjuncta
2650 5319 3074 5383 conﬁrmatione,
3109 5334 3226 5386 quae
3265 5317 3690 5386 peculiat‘issimc

2125 5389 2321 5442 dicitur
2345 5386 2599 5457 σφραγίς,
2633 5389 2778 5441 velut
2821 5389 3242 5458 consignatione
3271 5403 3324 5458 tn
3355 5388 3555 5440 Christi
3588 5388 3693 5440 mi-

2129 5458 2262 5528 lites,
2312 5461 2606 5511 subnotans
2661 5459 3100 5528 insigniensque;
3157 5457 3365 5528 sedrrde
3391 5457 3692 5528 signaculo,

2166 5527 2267 5581 uod
2290 5535 2374 5581 est
2399 5529 2572 5595 gratia
2589 5537 2645 5580 et
2675 5529 2932 5592 cliaritas,
2963 5527 3081 5596 qua:
3101 5528 3212 5582 sola
3244 5527 3530 5596 distinguit
3549 5527 3695 5596 inter

2172 5597 2266 5666 lios
2289 5599 2440 5664 regni
2477 5606 2530 5650 et
2545 5599 2824 5666 gehennae,
2858 5595 3091 5666 facitque
3124 5607 3268 5652 utne
3299 5595 3476 5650 anima
3509 5595 3696 5646 εὐεπιο

2131 5665 2423 5730 ϐούλευτος
2446 5667 2518 5724 sit
2549 5665 2798 5724 diabolo:
2859 5668 2968 5724 Deo
3011 5665 3343 5738 ipeculiarius
3375 5675 3698 5736 protegente
