3796 6322
147 320 209 376 c9
1060 310 1064 313 ’
1133 324 1393 385 ORATIO
1431 327 1500 385 lN
1537 329 1900 391 MULlEREM
1940 334 2442 395 PECCATRICEM.
3322 355 3396 414 το

145 442 295 502 βᾶσαι
320 435 819 511 θέλων,χειρόηθες
850 440 988 506 ζῶον
1028 443 1110 517 ἐᾷ,
1133 446 1219 500 ἵνα
1259 449 1541 514 ἁπολύτως
1565 453 1696 522 νεμό

1826 454 1919 510 Dei
1949 455 2206 525 Verbum,
2241 475 2400 529 quam
2431 461 2497 516 de
2544 460 2755 534 Virgine
2785 479 2999 524 carnem
3042 471 3266 540 accepit,
3297 488 3395 528 ceu

144 546 308 599 μενον,
348 530 414 581 τὸ
442 530 807 603 ἀποπηδῆσαν
838 534 1045 611 ἐλκύσῃ
1088 538 1344 610 θήραμα·
1398 542 1538 595 οὕτω
1570 544 1663 597 καὶ
1691 547 1721 598 6

142 617 225 671 τοῦ
249 618 384 672 Θεοῦ
415 622 600 687 Λόγος
625 625 726 697 τὴν
739 625 940 691 σάρκα,
964 628 1030 700 ἢν
1059 629 1123 681 ἐκ
1151 628 1251 700 τῆς
1281 631 1555 704 Παρθένου
1588 634 1715 687 ἀνέ-

140 710 307 771 λαϐεν,
348 713 430 776 ὡς
468 714 744 785 πρόϐατον
781 718 839 769 ἐν
870 720 1032 789 νομῇ,
1065 721 1122 771 ἐν
1156 721 1405 793 τραπέζῃ
1444 723 1731 794 Ζακχαίου

1825 562 1979 603 ovem
2028 551 2078 605 in
2144 568 2363 622 pascua,
2419 554 2473 609 in
2524 571 2707 611 mensa
2756 556 3000 615 Zaccbaai
3055 562 3275 629 dimisit,
3336 574 3394 619 ut

1822 642 2091 695 communi
2131 641 2245 713 lege
2288 645 2517 699 convivii
2558 646 2612 699 in
2650 661 2800 701 suam
2849 650 3068 707 trahens
3110 651 3388 710 familiari-

1826 734 1985 782 tatem
2019 730 2323 785 clanculum
2346 747 2443 788 suo
2468 735 2591 787 ovili
2628 735 2965 807 adiungeret.

392 806 491 861 ἴνα
529 807 609 880 τῷ
640 810 807 882 κοινῷ
832 812 935 882 τῆς
980 813 1276 879 ἑστιάσεως
1308 815 1458 887 νόμῳ
1485 815 1720 882 ἑλκύσας
1755 818 1922 873 αὑτοῦ
1948 823 2081 895 πρὸς
2118 824 2422 893 συνουσίαν,
2476 805 2845 893 λανθανόντως
2897 832 2965 902 τῇ
2996 832 3173 885 οίκείτ
3204 832 3366 897 συζευ

145 897 201 969 En
230 900 452 973 ποίμνῃ-

204 1014 269 1070 B’.
309 1014 467 1069 Αλλὰ
507 1016 666 1070 τοῦτο
710 1018 784 1089 μὴ
812 1020 1081 1075 συνιέντες
1102 1024 1152 1076 οἱ
1181 1025 1463 1095 Φαρισαῖοι
1496 1027 1725 1096 ἐγόγγυ-

1887 1027 1950 1081 ll.
2020 1026 2311 1094 Caeterum,
2360 1030 2452 1100 qui
2498 1031 2550 1086 id
2584 1034 2852 1090 nescirent
2900 1035 3186 1107 Pharisaei,
3241 1058 3391 1097 muro

148 1108 237 1173 ζον,
254 1107 499 1178 ὁρῶντες
522 1109 685 1163 αὐτὸν
703 1110 841 1179 μετά
854 1112 1098 1165 τελωνῶν
1115 1113 1379 1169 ἐσθίοντα·
1394 1117 1695 1172 ἀλλ’ἐκεῖνο

1816 1121 2103 1175 murabant
2132 1120 2379 1176 videntes
2403 1126 2814 1180 manducantem
2843 1142 2966 1183 cum
2994 1130 3297 1200 publicanis
3318 1135 3386 1188 ⁸⁸.

148 1200 228 1271 μὲν
256 1200 328 1262 ὡς
365 1199 547 1264 ἀσκὸς
586 1201 817 1266 παλαιὸς
869 1203 1411 1275 διαρῤηγνύσθωσαν.
1468 1210 1544 1262 Οὐ
1603 1214 1699 1283 γὰρ

1815 1210 2105 1266 Enimvero
2159 1224 2478 1283 rumpantur
2530 1215 2603 1268 illi
2659 1232 2755 1271 ceu
2825 1199 3235 1281 utresveteres
3291 1227 3381 1281 ”:

143 1292 367 1345 δύνανται
408 1292 509 1345 τὸν
534 1293 654 1346 νέον
706 1294 807 1363 τῆς
835 1294 1180 1360 διδασκαλίας
1210 1297 1465 1363 δέξασθαι
1534 1301 1710 1370 λόγον.

151 1384 318 1455 Ἡμεῖς
346 1384 406 1437 δέ
442 1385 797 1440 κατόπιντοῦ
830 1387 1213 1459 φιλανθρώπου
1248 1391 1555 1462 βαδίσωμεν
1589 1412 1709 1449 ποι-

143 1479 298 1548 μένος·
330 1481 358 1531 ό
386 1478 505 1548 γὰρ
538 1481 813 1549 Ζακχαῖον
859 1479 949 1532 τὸν
990 1479 1227 1553 τελώνην
1283 1486 1349 1553 τῇ
1385 1483 1575 1556 λογικῇ
1607 1486 1714 1538 τῶν

141 1570 434 1623 ἀποστόλων
481 1569 734 1639 συνάψας
777 1570 1003 1642 ποίμνῃ,
1048 1571 1212 1634 αὐτὸς
1251 1573 1346 1625 καί
1378 1574 1476 1645 τὴν
1505 1575 1712 1646 πόρνην

140 1662 221 1729 τὴν
251 1661 606 1732 ἁμαρτωλὸν,
646 1661 747 1731 τὴν
778 1662 987 1732 μυρίων
1020 1662 1205 1716 κακῶν
1223 1664 1466 1735 ἐργάτιν,
1497 1667 1561 1720 ἐκ
1614 1667 1710 1721 τοῦ

1816 1301 1957 1355 haud
1982 1302 2126 1355 enim
2166 1317 2361 1356 novum
2390 1304 2651 1359 doctrinae
2684 1320 2986 1364 sermonem
3032 1327 3228 1382 capere
3264 1331 3389 1385 pos-

1822 1403 1967 1448 sunt.
2019 1392 2130 1449 Nos
2176 1410 2360 1464 porro,
2415 1411 2709 1464 sequamur
2754 1400 3040 1469 benignum
3096 1416 3386 1473 pasIOrem.

1822 1484 2088 1556 Nam'qui
2131 1488 2471 1555 publicanum
2519 1488 2862 1557 Zaccliteum,
2901 1496 3147 1553 rationali
3186 1502 3391 1570 aptavit

1820 1578 2185 1644 apostolorum
2245 1580 2408 1648 ovili;
2470 1581 2585 1650 ipse
2653 1585 3001 1643 nihilominus
3047 1592 3388 1646 meretricem

1818 1668 1962 1723 illam
2018 1670 2407 1739 peccatricem,
2458 1682 2578 1742 post
2635 1674 2914 1731 innumera
2964 1690 3171 1746 patrata
3226 1680 3386 1747 mala,

140 1753 399 1822 ςάρνγγος
426 1752 529 1805 τοῦ
587 1752 835 1805 διαϐόλου
870 1753 945 1817 ὡς
970 1753 1183 1825 ἀμνάδα
1213 1756 1467 1824 ἑλκύσας,
1511 1761 1578 1831 τῇ
1625 1760 1699 1813 ἀν-

1819 1776 1847 1815 a
1877 1761 2074 1816 diaboli
2114 1761 2361 1817 faucibus
2392 1779 2490 1818 ceu
2535 1780 2728 1835 agnam
2772 1768 3123 1835 abstraCtam,
3169 1770 3391 1826 inviolao

141 1846 442 1915 ειτηρεάστῳ
486 1844 743 1897 ἀπέδωκε
776 1844 1007 1916 μάνδρα.
1044 1846 1161 1899 ’Ὶνα
1194 1846 1250 1899 δὲ
1289 1849 1463 1916 γνῶτε
1500 1849 1706 1904 καὶτοῦ

138 1937 349 2005 Χριστοῦ
393 1937 498 2007 τὴν
525 1937 966 2008 φιλανθρωπίαν,
996 1941 1092 1993 καὶ
1134 1940 1243 1993 τῶν
1265 1943 1575 2014 Φαρισαίων
1610 1946 1709 2015 τὴν

140 2030 356 2096 ἀλογίαν,
408 2031 511 2083 καὶ
570 2031 672 2102 τῆς
725 2031 1049 2101 ἁμαρτωλοῦ
1096 2036 1194 2105 τὴν
1224 2036 1536 2089 παλινοδίαν
1572 2036 1705 2106 (61),

140 2122 283 2184 αὑτὰς
312 2123 443 2192 ὑμῖν
479 2123 588 2187 τὰς
635 2125 998 2194 εὐαγγελικὰς
1050 2127 1437 2199 παραθήσομαι
1497 2131 1703 2201 ῥήσεις·

142 2214 220 2266 ἐὰν
242 2214 343 2284 γὰρ
372 2214 469 2267 τοῦ
522 2214 699 2284 ὕφους
738 2214 831 2269 τοῦ
864 2217 1291 2288 ἀναγνώσματος
1342 2219 1703 2292 ἐπακούσητε,

141 2306 312 2375 ῥᾳδίως
350 2308 446 2359 καὶ
482 2307 588 2377 τῆς
618 2309 917 2378 ἑρμηνείας
954 2308 1050 2380 τὴν
1097 2308 1303 2362 ἔννοιαν
1340 2310 1702 2379 ἀναμάξεσθε.

153 2398 443 2468 Ἠρὼτησε,
466 2400 630 2472 φησὶ,
668 2401 759 2466 τὶς
788 2400 904 2454 τῶν
933 2403 1268 2469 Φαρισαίων
1299 2404 1407 2455 τὸν
1440 2403 1704 2470 Ἰησοῦν,

140 2492 222 2543 ira
249 2492 403 2561 φάγῃ
425 2495 564 2562 μετ’
590 2493 798 2546 αὐτοῦ·
829 2495 923 2547 καὶ
979 2493 1267 2548 εἰσελθὼν
1290 2496 1377 2560 εὶς
1407 2494 1513 2548 τὸν
1540 2491 1706 2549 οἷκον

144 2580 231 2634 τοῦ
258 2584 613 2649 Φαρισαίου,
674 2584 981 2650 ἀνεκλίθη.
1028 2584 1092 2635 Ὢ
1137 2585 1357 2654 χάριτος
1390 2585 1700 2656 ἀφράστουῐ

140 2670 596 2745 ὣφιλανθρωπίας
628 2675 899 2745 ἀρῤήτουί
943 2675 1035 2727 καὶ
1067 2676 1382 2745 Φαρισαίοις
1426 2678 1707 2729 συνεστιᾶ-

143 2782 232 2829 ται,
258 2767 347 2818 καὶ
374 2767 626 2830 τελώνας
665 2768 767 2820 οὑκ
798 2768 1132 2821 ἀποσείεται·
1168 2768 1259 2821 καὶ
1293 2769 1497 2838 πόρνας
1532 2786 1701 2839 προσ-

140 2856 343 2926 δέχεται,
396 2862 496 2914 καὶ
532 2860 889 2931 Σαμαρείτιδι
917 2860 1240 2929 διαλέγεται·
1272 2860 1365 2913 καὶ
1393 2858 1702 2913 Χαναναίαν

141 2948 276 3015 λόγου
306 2951 463 3017 ἀξιοῖ·
506 2950 605 3004 καὶ⁸
627 2954 693 3021 τῇ
724 2951 1094 3024 αἱμορῤοούσῃ
1114 2951 1175 3004 τὸ
1202 2952 1508 3021 κράσπεδον
1532 2970 1705 3023 παρα-

146 3045 306 3111 χωρεῖ,
333 3044 426 3096 καὶ
446 3043 555 3095 οὐκ
585 3042 997 3112 ἐπαισχύνεται.
1034 3042 1240 3114 Ἰατρὸς
1270 3043 1377 3115 γάρ
1399 3044 1535 3107 ἐστι,
1560 3045 1697 3096 πάν-

142 3148 230 3183 των
254 3132 353 3183 τῶν
384 3133 581 3185 παθῶν
631 3132 1030 3202 ἐφαπτόμενος,
1067 3133 1153 3188 ἵνα
1185 3133 1389 3195 πάντας
1418 3132 1696 3205 ὠφελήσῃ.

143 3222 381 3292 πονηροὺς
412 3224 515 3275 καὶ
554 3222 818 3290 ἀγαθοὺς,
845 3222 1175 3294 ἀχαρίστους
1206 3223 1299 3276 καὶ
1329 3223 1695 3293 εὐγνώμονας·

142 3312 243 3366 ὅθεν
276 3317 363 3368 καὶ
388 3316 488 3370 νῦν
524 3316 633 3369 ὑπὸ
667 3314 761 3369 τοῦ
788 3315 1083 3388 Φαρισαίου
1114 3315 1359 3386 κληθεὶς,
1394 3316 1698 3386 εἰσέρχεται

143 3407 208 3466 εἰς
226 3407 387 3461 οὶκίαν
412 3408 561 3461 ὥστε
593 3407 801 3479 μεστὴν
829 3407 1036 3462 κακῶν.
1058 3408 1231 3461 Ὅπου
1250 3407 1319 3476 γὰ
1329 3424 1358 3478 ρ
1386 3409 1697 3478 Φαρισαῖος,

143 3496 240 3548 ἐκεῖ
292 3500 562 3571 πονηρίας
609 3500 949 3570 οἰκητήριον·
1002 3499 1276 3570 ἁμαρτίας
1332 3496 1694 3566 καταγώγιον·

145 3586 407 3659 ὖπρσᾷίσς
424 3591 690 3661 ὑποδοχή.
734 3590 895 3644 Ἀλλὰ
913 3592 1004 3644 καὶ
1033 3590 1203 3655 οὕτως
1226 3590 1391 3643 αὑτοῦ
1420 3590 1699 3659 διακειμέ-

142 3696 222 3749 νης
249 3682 336 3751 τῆς
359 3684 562 3746 οἰκίας,
593 3684 694 3736 οὐκ
724 3684 948 3747 ἀπαξιοῖ
981 3682 1380 3754 παραγενέσθαι
1415 3685 1441 3735 6
1470 3682 1693 3752 Κύριος.

144 3771 233 3824 Καὶ
248 3776 483 3840 εἰκότως·
515 3775 711 3845 ὥσπερ
755 3774 864 3845 γὰρ
905 3777 932 3828 6
964 3776 1112 3847 ἥλιος
1143 3776 1203 3828 οὐ
1232 3774 1692 3837 καταϐλάπτεται,

146 3860 356 3936 βορϐόρῳ
376 3867 477 3931 τὰς
530 3866 740 3930 οἰκείας
772 3867 995 3930 ἀκτῖνας
1032 3865 1359 3920 ἐπιϐάλλων⁹
1411 3864 1548 3919 ἀλλὰ
1580 3866 1698 3917 τού-

147 3959 345 4023 ναντίον,
367 3962 460 4013 καὶ
482 3960 582 4031 τὴν
604 3958 829 4013 ἐνοῦσαν
858 3959 1049 4031 ἀηδίαν
1073 3960 1492 4029 περιμάσσεται,
1532 3959 1696 4028 μηδὲν

145 4049 283 4113 αὐτὸς
335 4053 716 4123 ὑϐριζόμενος·
762 4050 906 4104 οὕτω
951 4050 1049 4105 καὶ
1092 4052 1121 4103 6
1154 4051 1410 4121 Χριστὸς,
1439 4050 1513 4113 ὡς
1544 4050 1696 4120 ἥλιος

147 4139 483 4216 δικαιοσύνης,
522 4146 706 4198 πάντα
739 4145 909 4214 ἐναγῆ
959 4144 1054 4196 καὶ
1079 4142 1304 4213 βέϐηλον
1337 4141 1498 4195 τόπον
1526 4159 1694 4194 κατα-

147 4228 395 4300 λαμϐάνει,
414 4236 515 4289 καὶ
542 4235 640 4305 τὴν
656 4234 868 4302 δυσώδη
887 4234 1181 4303 ἁμαρτίαν.
1210 4235 1329 4295 ταῖς
1358 4233 1569 4285 ἀκτῖσιν
1595 4233 1693 4284 αὐ-

148 4323 224 4375 τοῦ
242 4326 326 4395 τῆς
348 4326 690 4397 ἀγαθότητος
713 4325 1016 4379 ἀναλίσκει.
1039 4326 1150 4394 Οὐχ
1173 4324 1350 4394 ὓϐριν,
1368 4323 1429 4375 οὐ
1448 4324 1691 4394 μείωσιν,

1810 1851 1904 1905 bili
1934 1851 2103 1907 caulae
2132 1852 2383 1910 reddidit.
2422 1852 2494 1909 Ut
2536 1865 2715 1908 autem
2757 1865 2811 1909 et
2844 1856 3043 1913 Christi
3082 1859 3390 1916 humanita-

1809 1944 1916 1999 tém
1961 1945 2242 2010 noveritis,
2288 1954 2342 2001 et
2391 1961 2422 2001 a
2457 1948 2668 2002 ratione
2706 1949 2939 2003 alienam
2986 1949 3385 2006 Pharismorum

1808 2049 2068 2101 mentem,
2114 2051 2473 2108 aversumque
2516 2041 2835 2107 peccatricis
2870 2041 2995 2105 iter,
3040 2041 3186 2110 ipsas
3232 2044 3387 2099 vobis

1808 2127 2144 2197 evangelicas
2168 2142 2330 2183 voces
2366 2144 2678 2198 proponam.
2718 2129 2840 2185 Mox
2865 2131 3009 2186 enim
3043 2140 3100 2187 ut
3133 2132 3385 2188 lectionis

1807 2227 2120 2274 contextum
2163 2218 2513 2273 obaudieritis
2540 2259 2555 2283 ,
2601 2218 2761 2274 facile
2809 2220 2973 2275 etiam
3027 2222 3384 2291 expositionis

1807 2324 2026 2365 sensum
2064 2310 2426 2378 exprimetis:
2480 2309 2724 2380 Rogavit,
2789 2313 2982 2382 inquit,
3032 2312 3214 2367 Iesum
3267 2316 3385 2383 qui-

1806 2400 1929 2452 dam
1975 2399 2040 2453 de
2072 2396 2386 2464 Phariswis,
2429 2411 2486 2453 ut
2525 2399 2866 2453 manducaret
2910 2416 3026 2454 cum
3053 2402 3165 2455 illo.
3200 2401 3270 2454 Et
3298 2402 3383 2456 in-

1807 2508 2012 2562 gressus
2055 2494 2266 2546 domum
2312 2489 2596 2557 Phariswi,
2637 2493 2920 2548 discubuit.
2970 2492 3015 2548 Ο
3053 2492 3379 2548 ἱηοίῐιιιιίιθιιι

1807 2585 2075 2653 gratiam!
2114 2583 2157 2639 Ο
2182 2585 2607 2652 ἰηειιριίοιιῠὶιειο
2634 2586 3054 2639 humanitatem!
3090 2586 3154 2640 Et
3181 2587 3374 2640 convi-

1808 2684 1967 2726 vatur
2003 2689 2124 2728 cum
2164 2673 2468 2739 Phariswis,
2521 2689 2621 2728 nec
2666 2674 2983 2742 publicanos
3035 2676 3263 2746 repellit.
3313 2676 3381 2731 Et

1804 2766 2029 2835 suscipit
2064 2769 2377 2833 meretrices
2403 2784 2416 2832 ;
2450 2766 2775 2836 disseritque
2802 2784 2922 2823 cum
2950 2766 3292 2823 Samaritana
3321 2769 3376 2836 ις

1804 2867 1858 2912 et
1886 2856 2245 2912 Chananazam
2280 2858 2607 2912 allocutione
2651 2860 2904 2929 dignatur
2933 2861 2985 2926 ³;
3032 2870 3195 2930 atque
3248 2862 3376 2915 lim-

1802 2949 2436 3005 briamhaamorrhoissae
2469 2951 2612 3004 cedit
2659 2950 2714 3015 ³,
2747 2965 2845 3005 nec
2899 2952 3191 3007 erubescit.
3240 2951 3375 3008 Nam

1805 3040 2050 3095 medicus
2092 3050 2195 3105 est,
2231 3056 2419 3096 omnes
2461 3052 2807 3097 contrectans
2864 3046 3101 3109 morbos,
3142 3054 3197 3099 ut
3224 3045 3375 3116 juvet

1803 3146 2028 3197 omnes;
2065 3132 2238 3187 malos
2284 3133 2583 3203 bonosque,
2627 3134 2971 3204 ingratosque
3010 3143 3064 3189 et
3097 3146 3280 3205 gratos
3313 3151 3378 3191 ac

1802 3221 2110 3275 benevolos.
2152 3221 2301 3277 Unde
2342 3231 2395 3277 et
2432 3225 2590 3276 modo
2626 3238 2655 3277 a
2706 3223 2979 3280 Pharisazo
3016 3235 3235 3281 vocatus
3277 3228 3377 3282 do-

1800 3326 1946 3365 mum
1980 3312 2295 3380 ingreditur,
2327 3312 2475 3366 velut
2508 3312 2772 3366 malorum
2804 3314 3037 3384 plenam.
3076 3315 3177 3371 Ubi
3212 3317 3374 3386 quip-

1799 3416 1867 3471 pe
1918 3401 2275 3468 Pharisreus;
2336 3402 2445 3458 illic
2515 3402 2735 3458 malitize
2798 3405 3149 3471 domicilium,
3193 3408 3373 3463 diver-

1798 3496 2003 3550 sorium
2030 3496 2258 3565 peccati,
2288 3496 2610 3565 arrogantia:
2640 3496 2918 3567 lastusque
2947 3499 3371 3569 receptaculum.

1798 3584 2019 3652 Verum,
2062 3602 2237 3657 neque
2262 3587 2340 3643 sic
2371 3585 2563 3643 all'ecta
2598 3588 2777 3654 domo,
2820 3589 3138 3658 dedignatur
3184 3590 3371 3646 Domi-

1797 3694 1901 3734 nus
1929 3680 2232 3734 accedere:
2265 3679 2425 3750 idque
2473 3679 2689 3734 merito.
2726 3678 3193 3747 Quemadmodum
3227 3684 3371 3736 enim

1797 3772 1931 3827 nihil
1964 3771 2043 3827 sol
2078 3771 2282 3838 damni,
2328 3772 2508 3828 missis
2540 3773 2593 3827 in
2644 3787 2857 3827 caanum
2908 3775 3074 3828 radiis
3116 3776 3370 3845 propriis,

1797 3862 1995 3931 accipit
2032 3880 2045 3916 :
2077 3862 2207 3931 quin
2239 3863 2438 3931 potius,
2474 3862 2617 3917 nulla
2666 3865 2746 3918 sui
2790 3864 2986 3933 injuria
3031 3875 3086 3920 et
3128 3866 3369 3932 laesione,

1797 3955 1961 4009 etiam
1999 3953 2073 4007 illi
2123 3954 2340 4008 insitam
2393 3954 2778 4022 turpitudinem
2834 3956 3135 4025 abstergit'
3195 3959 3269 4014 ita
3316 3969 3372 4013 et

1798 4048 2043 4104 Christus
2093 4048 2243 4102 velut
2287 4046 2505 4106 iustitiae
2561 4046 2662 4114 sol,
2717 4048 3104 4102 exsecrabilem
3155 4064 3370 4104 omnem

1797 4141 2195 4210 profanumque
2244 4137 2423 4194 locum
2461 4147 2716 4208 occupat,
2753 4155 2816 4193 ac
2857 4154 3021 4209 grave
3055 4140 3207 4194 olens
3241 4155 3367 4209 pec-

1797 4242 2003 4299 catum,
2054 4230 2312 4287 bonitatis
2361 4244 2473 4285 sua:
2529 4230 2701 4285 radiis
2751 4229 3029 4295 absumit,
3079 4230 3211 4284 nihil
3260 4231 3371 4299 ipse

1798 4324 2100 4390 dedecoris,
2151 4322 2287 4377 nihil
2341 4322 2675 4388 minutionis,
2734 4321 2867 4376 nihil
2918 4322 3156 4377 sordium
3206 4323 3371 4378 susti-

149 4414 196 4464 οὐ
231 4416 492 4488 μολυσμὸν
538 4416 829 4487 ὑπομένων
866 4414 1007 4468 κατὰ
1044 4415 1133 4467 τὸν
1154 4415 1253 4486 τῆς
1310 4413 1563 4485 θεότητος
1604 4413 1691 4465 λό-

1807 4430 1933 4471 nens
1960 4415 2410 4485 contrahensque.
2442 4414 2648 4469 ratione
2673 4414 2907 4469 deitatis.

150 4521 224 4572 γον
248 4509 361 4578 (δὲ).
1304 4578 1305 4581 χ

207 4598 429 4655 Γ.ὐθεν
468 4600 761 4654 ἐπένευσεν
790 4597 991 4663 εὐθέως
1010 4596 1087 4669 τῶ
1104 4597 1383 4669 Φαρισαίῳ
1407 4594 1695 4650 καλοῦντι·

152 4689 354 4761 ipsum,
374 4693 616 4749 σιωπῶν,
644 4692 1026 4761 ἀνεξέλεγκτον
1050 4690 1215 4744 αὐτοῦ
1249 4691 1341 4743 τὸν
1374 4690 1486 4760 βίον
1516 4690 1695 4758 ἀφείς.

154 4779 337 4850 Πρῶτον
366 4788 484 4856 μὲν,
524 4786 616 4838 ἵνα
647 4783 850 4854 ἁγιάσῃ
901 4783 1026 4844 τοὺς
1061 4781 1376 4852 κληθέντας,
1417 4782 1508 4833 τὸν
1537 4779 1697 4833 καλέ-

154 4887 304 4940 σαντα,
330 4879 417 4949 τῆς
446 4876 630 4939 οἰκίας
681 4874 751 4927 τὰ
781 4876 1122 4945 συστήματα,
1156 4874 1255 4945 τῆς
1290 4872 1564 4937 πολιτείας
1631 4874 1700 4927 τὰ

1869 4593 1956 4650 lll.
2015 4594 2149 4650 Hinc
2199 4596 2379 4651 statim
2432 4596 2705 4649 Pharisan
2757 4594 2968 4649 vocanti
3021 4595 3231 4659 annuit,
3282 4609 3368 4651 ac-

1798 4688 2105 4758 quiescens,
2131 4697 2334 4754 tacens,
2358 4687 2475 4757 ejus
2502 4688 2710 4741 vivendi
2739 4688 3000 4741 rationem
3035 4687 3371 4756 irreprehen-

1801 4797 1916 4836 sam
1952 4781 2252 4835 dimittens.
2284 4779 2526 4835 Primum
2559 4780 2800 4850 quidem,
2827 4789 2885 4833 ut
2912 4788 3131 4834 vocatos
3164 4779 3364 4831 sancti-

1802 4872 2024 4939 ﬁcaret;
2065 4881 2121 4925 ut
2148 4883 2451 4938 vocantem,
2489 4872 2704 4926 familiae
2733 4884 2926 4933 cmtus,
2961 4869 3147 4924 usibus
3177 4869 3367 4923 huma-

205 5005 241 5035 “
272 5006 384 5063 Luc.
411 5008 525 5073 ktx,
550 5008 604 5064 7.
680 5008 726 5042 ⁹⁹
769 5005 958 5061 Matth.
997 5022 1072 5071 ιχ,
1108 5005 1199 5071 17;
1238 5003 1402 5058 Marc.
1435 5020 1495 5069 ιι,
1531 5005 1634 5071 22;
1678 5004 1699 5058 Ι

1842 5022 1894 5072 v,
1922 5006 2010 5058 57.
2087 5006 2103 5036 ί
2139 5004 2293 5060 .loan.
2334 5020 2407 5068 tv,
2434 5005 2487 5057 7.
2565 5006 2585 5035 ³
2615 5002 2803 5057 Matth.
2834 5016 2920 5066 xv,
2948 5001 3036 5054 24.
3116 5000 3137 5033 ³
3176 5001 3364 5059 Matth.

157 5088 220 5139 ιι,
243 5077 318 5131 ‘20.

155 5224 282 5279 quem
304 5228 355 5270 nt
383 5218 555 5272 ﬁlium
583 5231 646 5271 ea
671 5214 920 5281 agnoscit
951 5253 962 5263 .
996 5214 1062 5268 de
1094 5226 1201 5281 quo
1239 5222 1292 5266 et
1320 5210 1521 5266 Paulus
1545 5225 1683 5280 prae-

158 5284 280 5357 cipue
300 5289 587 5357 signaculo.
620 5287 661 5339 ll
694 5285 816 5357 Cor.
850 5300 887 5348 ι,
914 5284 1016 5338 22:
1051 5284 1154 5347 Qui
1175 5292 1223 5335 et
1243 5284 1463 5357 signavit
1490 5298 1603 5357 nos,
1638 5290 1689 5357 et

158 5355 269 5406 dedit
293 5351 462 5426 pignus
487 5357 721 5426 Spiritus
753 5356 807 5408 in
842 5358 1089 5426 cordibus
1116 5355 1329 5419 nostris,
1370 5351 1691 5406 velntnitni-

158 5435 253 5495 tum
282 5425 437 5482 altero
466 5430 702 5482 alterum
732 5425 1060 5495 explicante.

159 5494 302 5613 δ,(δὶ)
362 5496 647 5553 nam-08.
705 5491 895 5551 Montf.
951 5509 1071 5548 cum
1132 5491 1377 5548 Combel’.
1454 5491 1693 5561 παλινῳ-

185 5580 267 5613 ίαν.

185 5580 267 5615 ίαν.

218 5633 308 5702 (5‘2)
358 5637 513 5693 Κατὰ
541 5636 651 5691 τὸν
685 5634 795 5703 τῆς
846 5635 1126 5701 θεότητος
1162 5634 1368 5701 λόγον.
1426 5630 1691 5685 Videntur

166 5700 311 5757 (πῆξαι
355 5724 561 5773 sonare,
595 5717 654 5761 ut
687 5700 829 5773 quod
866 5700 1075 5775 spectat
1108 5706 1173 5757 ad
1208 5700 1376 5772 ipsam
1409 5705 1684 5775 deitatem,

166 5782 208 5823 ει
231 5791 316 5843 qua
334 5776 459 5834 Deus
483 5790 587 5845 65!,
617 5777 751 5833 nihil
791 5790 854 5830 ex
894 5774 1152 5829 tnalorun|
1173 5774 1549 5827 communione
1578 5774 1689 5840 ipsi:

1794 5191 1918 5247 mali
1954 5206 2240 5260 perpessus
2270 5191 2359 5255 sit,
2412 5190 2680 5258 quomodo
2706 5202 2906 5260 verum
2934 5188 3091 5241 habet
3128 5189 3192 5242 de
3217 5186 3364 5260 omni

1794 5258 2014 5316 omnino
2052 5258 2209 5326 malo,
2234 5262 2375 5331 quod
2398 5262 2561 5315 etiam
2593 5270 2792 5314 vocant
2817 5258 3057 5331 defectus
3084 5258 3362 5313 naturalis.

1798 5334 1853 5387 Si
1913 5348 2040 5385 vero
2069 5329 2331 5385 etiamad
2377 5333 2761 5384 humanitatem
2800 5329 3123 5384 extendatur
3164 5330 3360 5393 oratio,

1797 5404 2173 5470 restringenda
2202 5403 2304 5456 erit
2325 5404 2390 5454 ad
2424 5402 2621 5455 malum
2650 5403 2839 5469 culpm,
2868 5416 2978 5469 quo
3010 5414 3252 5467 prorsus,
3308 5407 3363 5451 ut

1798 5474 1962 5527 etiam
1982 5475 2158 5533 homo,
2173 5487 2481 5542 quanquam
2496 5488 2719 5542 versans
2732 5488 2850 5526 cum
2866 5471 3258 5542 peccatoribus,
3273 5484 3365 5520 κα-

1796 5543 1864 5619 τᾲ
1882 5543 1972 5619 τὸν
1994 5543 2099 5619 ’τῆς
2130 5539 2380 5619 θεότητος
2408 5542 2584 5611 λόγον,
2609 5541 2759 5608 juxta
2790 5542 2928 5609 quod
2960 5543 3091 5608 petit
3122 5539 3362 5619 rationi-

1796 5614 2056 5676 vinitatis,
2093 5624 2144 5666 et
2193 5624 2250 5667 ut
2291 5614 2362 5666 illi
2399 5623 2815 5667 consentaneum
2855 5622 2930 5664 est
2958 5656 2970 5677 ,
3018 5614 3213 5663 mansit
3264 5614 3361 5660 im-

1796 5688 1975 5738 tnnnis
2018 5699 2030 5733 :
2068 5688 2206 5753 quod
2238 5684 2528 5738 secundum
2572 5683 2782 5736 videtur
2807 5681 2975 5750 magis
3004 5691 3359 5749 consequens.
