3744 6302
414 305 475 359 71
1408 293 1464 346 S.
1507 286 1951 346 AMPlllLOCl-Hl
1992 284 2379 342 lCONlENSlS
2420 284 2727 345 EPISCOPI
3578 285 3642 338 τε

416 424 502 478 nis
547 428 887 488 comparatos
930 416 1123 472 cibos:
1180 424 1288 468 tum
1323 428 1470 477 vero,
1506 424 1563 468 ut
1596 429 1662 468 ex
1696 413 1973 474 accubitu,

2174 410 2373 479 ὺματαο
2415 409 2604 463 ἔπειτα
2647 407 2878 469 δεικνὺς,
2912 406 2987 468 ὼς
3016 405 3077 459 οὐ
3111 403 3305 472 φάσμα
3327 399 3395 474 ἦν
3419 404 3453 474 ἡ
3492 403 3645 456 ἐναν-

415 527 485 570 ex
508 526 601 567 esu
626 519 885 580 potuque,
913 522 973 561 ac
1003 506 1245 561 ciborum
1265 512 1499 573 sumptu,
1523 518 1627 558 non
1658 502 1979 572 phantasma

421 619 563 670 esse,
601 603 743 673 quod
789 601 859 655 sit
888 601 1064 653 factus
1112 597 1295 662 homo,
1342 596 1676 659 ostenderet;
1722 602 1980 661 prmterea

418 708 620 759 autem,
663 694 805 763 quod
854 690 1105 746 meretrix
1148 699 1291 743 esset
1331 701 1634 748 accessura,
1668 694 1829 753 atque
1875 681 1981 735 fer-

418 797 630 843 ventem
676 786 824 839 illum
877 795 1272 849 accensumque
1311 778 1420 831 illic
1450 776 1756 830 exhibitura
1811 772 1982 840 βαδιιὶ-

420 880 598 934 lentiae
628 878 863 930 modum.
915 874 1205 943 PrOpterea
1245 870 1427 924 annuit
1459 866 1738 921 confestim
1772 862 1981 917 vocanti

418 970 712 1031 Pharismu,
744 976 801 1020 ιιι
833 980 1016 1021 coram
1062 963 1271 1018 Scribis
1306 970 1359 1015 et
1388 958 1673 1013 Phariswis
1700 970 1795 1009 sua
1818 955 1985 1023 ipsius

419 1062 715 1131 lugubriter
747 1058 1069 1126 depromens
1126 1056 1263 1107 mala
1288 1091 1302 1115 ,
1347 1050 1439 1120 qui
1474 1047 1703 1102 debeant
1734 1054 1981 1113 peccato-

418 1168 526 1214 res,
570 1151 782 1204 tristitia
825 1164 921 1217 pro
956 1146 1191 1216 peccatis
1240 1143 1452 1211 plaCare
1486 1140 1674 1202 Deum,
1708 1138 1852 1207 ipsos
1884 1135 1981 1188 do-

420 1251 584 1297 ceret.
616 1240 747 1293 Nam
775 1255 910 1302 ecce,
940 1236 1134 1307 inquit,
1171 1233 1359 1286 mulier
1380 1232 1434 1284 in
1469 1230 1700 1292 civitate,
1733 1242 1849 1297 qua:
1872 1233 1985 1278 erat

418 1330 696 1398 peccatrix.
761 1328 965 1393 Mulier,
1020 1336 1209 1379 natura
1256 1320 1458 1391 fragilis
1516 1336 1530 1373 :
1580 1320 1813 1389 primum
1858 1314 1985 1369 illud

420 1422 617 1476 diaboli
650 1431 782 1485 rete,
816 1419 1020 1474 erroris
1066 1415 1318 1480 initiatio,
1354 1412 1563 1468 doctrix
1590 1406 1985 1480 prtevaricatio-

420 1516 537 1579 nis;
587 1512 724 1567 facta
758 1512 843 1565 illa
895 1510 1109 1580 quidem
1146 1509 1197 1561 in
1235 1504 1577 1572 adiutorium,
1609 1501 1703 1556 sed
1745 1515 1865 1569 qua:
1889 1498 1987 1553 ho-

420 1618 555 1659 stem
585 1619 701 1658 sese
734 1602 1011 1667 exhibuit;
1054 1600 1191 1653 facta
1226 1598 1369 1667 quod
1397 1602 1600 1663 spectat
1624 1593 1689 1647 ad
1717 1601 1982 1654 naturam,

420 1697 597 1759 bona;
636 1695 726 1750 sed
763 1709 883 1765 quae
930 1692 1149 1755 malam,
1185 1688 1475 1744 voluntatis
1500 1683 1792 1756 proposito,
1817 1696 1874 1736 se
1903 1680 1984 1750 ip-

2080 499 2381 572 θρώπησις,
2422 502 2486 553 ὲκ
2523 498 2623 569 τῆς
2669 496 3024 559 ἀνακλίσεως,
3078 495 3178 565 τῆς
3236 493 3511 565 βρώσεως,
3554 494 3645 563 τῆς

2081 594 2312 657 πόσεως,
2336 591 2435 661 τῆς
2456 591 2565 644 τῶν
2612 589 2796 644 σιτίων
2821 586 3082 655 δαπάνης.
3110 586 3319 647 ’Ἄλλως
3345 585 3420 646 δὲ,
3460 584 3646 655 ἐπειδὴ

2080 679 2363 751 ἔμελλενή
2407 681 2578 750 πόρνη
2620 677 2921 749 προσιέναι,
2947 678 3042 729 καὶ
3076 676 3167 729 τὸν
3206 674 3403 744 θερμὸν
3443 674 3645 727 ἐκεῖνον

2083 772 2178 828 καὶ
2215 772 2477 843 διάπυρον
2517 770 2617 838 τῆς
2652 768 2937 841 μετανοίας
2982 767 3252 821 δεικνύναι
3284 766 3506 837 τρόπον’
3567 764 3649 816 διὰ

2082 862 2239 915 τοῦτο
2270 861 2521 915 καλοῦντι
2565 861 2641 931 τῷ
2680 861 2956 931 Φαρισαίῳ
3008 857 3248 912 ἐπινεύει
3296 858 3525 925 ταχέως,
3570 856 3649 909 ἵνα

2083 956 2169 1007 ἐπ’
2198 954 2354 1023 ὄψεσι
2388 953 2763 1025 Γραμματέων
2789 953 2881 1006 καὶ
2906 948 3213 1021 Φαρισαίων
3235 949 3304 1001 τὰ
3336 950 3508 1001 οἰκεῖα
3563 948 3649 997 ὲκ-

2082 1045 2515 1115 τραγῳδήσουσα
2566 1042 2729 1108 κακά,
2786 1042 2971 1115 διδάξῃ
3000 1041 3212 1104 αὐτοὺς,
3255 1038 3369 1102 πῶς
3415 1038 3497 1091 δεῖ
3526 1036 3650 1099 τοὺς

2084 1136 2438 1206 ἁμαρτωλοὺς
2465 1137 2558 1189 ἐπὶ
2578 1138 2697 1198 ταῖς
2740 1135 3038 1205 ἁμαρτίαις
3064 1129 3479 1200 στυγνάζοντας,
3504 1128 3651 1193 ἐξευ-

2087 1226 2403 1297 μενίζεσθαι
2438 1227 2590 1283 Θεόν.
2643 1224 2798 1280 Ἰδοὺ
2827 1224 2955 1297 γὰρ,
2990 1223 3142 1294 φησι,
3178 1221 3332 1292 γυνὴ
3353 1222 3420 1273 ἐν
3445 1219 3518 1287 τῇ
3548 1220 3653 1272 πό-

2081 1320 2195 1383 λει,
2235 1316 2273 1385 ἢ
2295 1335 2388 1383 τις
2416 1314 2495 1387 ἦν
2521 1318 2887 1387 ἁμαρτωλός.
2929 1316 3140 1387 Γυνή·ἡ
3167 1312 3437 1375 εύόλισθος
3466 1311 3648 1381 φύσις,

2083 1408 2143 1460 τὸ
2174 1407 2391 1479 πρῶτον
2420 1408 2632 1462 δίκτυον
2658 1407 2749 1461 τοῦ
2789 1407 3056 1470 διαϐόλου,
3088 1408 3121 1477 ἡ
3162 1406 3261 1476 τῆς
3301 1404 3508 1472 πλάνης
3542 1404 3655 1455 είσ-

2085 1499 2298 1571 αγωγὴ,
2334 1500 2485 1571 ἡτῆς
2526 1498 2888 1571 παραϐάσεως
2920 1497 3253 1557 διδάσκαλος·
3277 1498 3309 1567 ἡ
3336 1495 3524 1566 βοηθὸς
3555 1494 3653 1565 μὲν

2083 1594 2371 1663 γενομένη,
2400 1592 2632 1665 πολεμία
2656 1594 2712 1647 δὲ
2742 1592 3129 1662 τίιναδειχθεῖσα⁸
3165 1592 3201 1661 ἡ
3226 1590 3485 1659 γενομένη
3512 1587 3655 1641 κατὰ

2087 1685 2246 1756 φύσιν
2270 1685 2437 1757 καλὴ,
2483 1688 2547 1739 ὲκ
2585 1685 2954 1757 προαιρέσεως
2991 1683 3048 1736 δὲ
3074 1681 3449 1751 ἀποδειχθεῖσα
3482 1680 3651 1748 κακή·

584 1746 726 1838 iecit
748 1746 926 1852 :jqum
974 1746 1211 1835 ostendit
1256 1776 1383 1845 ligni
1419 1746 1895 1845 pulchritudinem,
1922 1746 1985 1823 et

2174 1776 2213 1828 εδ
2245 1746 2435 1840 κάλλος
2458 1774 2552 1828 τοῦ
2594 1746 2765 1841 ξύλου.
2800 1746 3041 1839 δείξασα,
3081 1771 3174 1825 καὶ
3326 1746 3658 1840 παράδεισον

422 1877 729 1947 paradisum
767 1874 963 1927 amisit.
1001 1870 1070 1924 Et
1117 1886 1253 1933 ecce,
1302 1867 1493 1937 inquit,
1524 1863 1711 1917 mulier
1755 1862 1811 1914 in
1858 1859 1985 1913 civi-

423 1978 546 2027 tate,
576 1978 692 2034 quia
725 1972 833 2015 erat
865 1959 1144 2029 peccatrix,
1191 1970 1310 2025 quae
1344 1959 1581 2023 portaret
1626 1949 1747 2001 ιςνω
1788 1959 1980 2005 onera,

423 2070 543 2125 qua:
588 2054 769 2109 multis
824 2052 981 2105 malis
1030 2056 1177 2103 esset
1231 2052 1448 2099 onusta.
1505 2040 1698 2104 Porro,
1744 2036 1985 2105 priorum

423 2149 538 2215 eius
563 2160 769 2197 morum
798 2142 1100 2209 largitatem
1131 2137 1271 2199 dico,
1304 2143 1362 2188 ut
1394 2129 1651 2187 noveritis
1678 2127 1843 2197 ipsius
1871 2138 1988 2194 pte-

426 2234 664 2290 nitentiae
704 2229 1178 2300 magnificentiam.

497 2326 585 2381 IV.
626 2328 912 2393 Assumpto
954 2322 1094 2375 Deus
1124 2331 1247 2372 osse
1276 2316 1343 2371 de
1371 2311 1563 2369 Adami
1601 2310 1773 2364 latere
1797 2306 1821 2340 ⁸
1842 2346 1857 2371 ,
1896 2318 1991 2359 eo-

425 2432 531 2488 que
568 2430 727 2471 carne
774 2424 951 2475 aucto,
1006 2412 1166 2464 Evam
1201 2407 1348 2471 fecit,
1407 2417 1566 2474 quam
1616 2408 1670 2454 et
1712 2395 1989 2450 mulierem

424 2517 691 2568 vocatam,
724 2506 851 2559 Adae
898 2501 1212 2569 adiutricem
1259 2496 1427 2550 dedit.
1473 2492 1600 2546 Post
1631 2503 1759 2542 vero
1802 2498 1992 2554 pecca-

430 2610 538 2653 tum
584 2598 822 2667 legisque
867 2590 1374 2659 transgressionem,
1427 2592 1653 2653 postque
1705 2578 1931 2648 ejectum
1961 2590 1992 2627 e

426 2688 696 2759 paradiso,
746 2687 1030 2753 divinaque
1066 2682 1270 2736 ultione
1321 2676 1581 2731 adscitum
1622 2679 1891 2730 mortem;
1935 2673 1992 2717 ut

429 2800 497 2837 ne
525 2794 697 2835 morte
736 2778 976 2832 funditus
1007 2775 1344 2839 absumptum
1398 2766 1649 2835 depereat
1695 2761 1990 2813 humanum

429 2889 620 2943 genus,
668 2871 897 2924 militant
944 2866 1139 2935 nuptiae
1170 2864 1426 2915 adversus
1470 2862 1697 2910 mortem
1732 2867 1747 2904 :
1793 2858 1852 2903 ut
1894 2846 1995 2901 illa

430 2966 646 3035 quidem
680 2972 886 3025 serant,
923 2960 1035 3012 haec
1063 2964 1238 3008 autem
1288 2958 1489 3015 metal;
1526 2936 1697 3001 credat
1728 2944 1848 3002 ista,
1894 2938 1995 2991 illa;

2090 1868 2419 1923 ἀπολέσασα.
2470 1868 2581 1922 Καὶ
2632 1866 2759 1921 ἰδοὺ
2803 1866 2978 1936 γυνὴ,
3028 1864 3212 1935 φησιν,
3253 1863 3323 1917 ἐν
3352 1862 3424 1931 τῇ
3455 1862 3654 1925 πόλει,

2092 1960 2223 2028 ἥτις
2271 1955 2348 2030 ἦν
2371 1957 2736 2028 ἁμαρτωλὸς,
2782 1957 2851 2011 τὰ
2902 1957 2999 2028 τῆς
3028 1955 3171 2020 Εύας
3205 1954 3441 2026 φέρουσα
3488 1953 3658 2024 βάρη,

2092 2049 2303 2112 πολλοῖς
2321 2050 2509 2110 κακοῖς
2546 2046 2864 2117 βριθομένη.
2906 2044 3045 2117 Ἐρῶ
3072 2045 3127 2098 δὲ
3158 2044 3329 2114 αὐτῆς
3383 2042 3488 2097 τῶν
3514 2060 3659 2113 προ-

2092 2141 2263 2211 τέρων
2280 2138 2496 2211 τρόπων
2530 2139 2638 2210 (65)
2665 2138 2762 2209 τὴν
2795 2137 3095 2207 δαψίλειαν,
3136 2138 3225 2191 ἵνα
3269 2136 3440 2204 γνῶτε
3483 2136 3663 2206 αὐτῆς

2092 2232 2193 2302 τῆς
2235 2231 2518 2304 μετανοίας
2545 2231 2640 2301 τὴν
2657 2229 3018 2283 πολυτέλειαν.

2164 2320 2235 2374 Δ’.
2254 2318 2312 2374 Ὀ
2323 2320 2451 2383 Θεὸς
2475 2322 2539 2372 ἐκ
2566 2320 2661 2389 τῆς
2689 2318 2925 2390 πλευρᾶς
2941 2318 3034 2372 τοῦ
3062 2317 3232 2388 Ἀδὰμ
3252 2315 3432 2369 ὀστέον
3450 2314 3660 2379 λαϐὼν,

2096 2411 2374 2465 καὶτοῦτο
2427 2408 2735 2480 σαρκώσας,
2791 2409 2888 2481 τὴν
2919 2408 3062 2462 Εὕαν
3101 2408 3410 2480 εἰργάσατο,
3442 2408 3508 2478 ἢν
3565 2408 3667 2459 καὶ

2096 2504 2324 2570 γδναῖκα
2361 2500 2616 2564 καλέσας,
2662 2501 2828 2554 ἔδωκε
2876 2500 3067 2571 βοηθὸν
3118 2498 3196 2570 τῷ
3249 2499 3437 2569 Ἀδάμ.
3497 2497 3667 2550 Ἀλλά

2101 2594 2237 2664 μετὰ
2265 2592 2327 2645 τὸ
2365 2594 2624 2664 ἁμαρτεῖν
2670 2584 2803 2664 (64),
2849 2594 2944 2647 καὶ
2989 2592 3296 2664 παραϐῆναι
3334 2592 3423 2646 τὸν
3472 2592 3668 2662 νόμον,

2098 2687 2191 2740 κα).
2222 2686 2549 2756 ἐκϐληθῆναι
2573 2686 2666 2739 τοῦ
2697 2686 3043 2756 παραδείσου,
3077 2685 3170 2737 καὶ
3191 2684 3414 2737 θάνατον
3444 2683 3503 2737 τὸ
3540 2684 3673 2735 ὲπιο

2097 2777 2274 2848 τίμιον
2296 2776 2497 2830 λαϐεῖν’
2529 2777 2616 2831 ἵνα
2636 2776 2709 2848 μὴ
2736 2776 2813 2847 τῷ
2842 2776 3053 2847 θανάτῳ
3088 2774 3466 2846 δαπανώμενον
3493 2773 3675 2844 ἄρδην

2100 2870 2160 2923 τὸ
2195 2871 2349 2938 γένος
2394 2868 2699 2940 ἀπώληται,
2731 2868 2907 2939 γάμος
2930 2866 3306 2936 ἐπιστρατεύει
3328 2864 3404 2935 τῷ
3428 2864 3674 2933 θανάτῳ.

2102 2960 2219 3013 Ἵνα
2269 2962 2297 3013 ὁ
2327 2960 2424 3030 μὲν
2462 2959 2678 3031 σπείρῃ,
2712 2961 2740 3012 ὁ
2785 2958 2842 3011 δὲ
2873 2957 3081 3028 θερίςηο
3105 2959 3133 3009 ὁ
3176 2956 3273 3027 μὲν
3301 2956 3489 3027 τέμνῃ,
3530 2955 3564 3008 δ
3616 2956 3681 3007 δὲ

432 3031 751 3128 germinent.
793 3051 945 3117 Quod
984 3063 1147 3117 porro
1189 3054 1309 3116 post
1360 3040 1516 3095 morti
1565 3036 1865 3105 subjectum
1900 3031 1995 3085 bo-

802 3145 813 3152 .
893 3143 923 3152 ..
1082 3141 1094 3152 .
1332 3149 1440 3152 Α---
1498 3131 1558 3152 -2.
1591 3148 1604 3152 _
1643 3128 1765 3152 2-1..
1800 3126 1966 3152 κρυ-,ιο

2174 3051 2393 3122 αστάνῃ.
2424 3051 2533 3103 Καὶ
2558 3051 2639 3103 ὅτι
2675 3050 2811 3120 μετὰ
2854 3048 2915 3101 τὺ
2946 3047 3317 3117 ὑποϐληθῆναι
3350 3046 3590 3115 θανάτῳ,
3643 3046 3680 3115 ἡ

366 3180 369 3183 η
432 3126 652 3212 minem,
698 3143 925 3215 ccujugii
960 3141 1129 3212 gratia
1186 3149 1446 3192 concessa
1495 3131 1605 3185 sit:
1643 3128 1767 3182 inde
1800 3126 1992 3195 liquet,

432 3242 574 3311 quod
613 3239 805 3300 Adam,
835 3244 1113 3303 postquam
1148 3231 1356 3282 exierat
1389 3225 1454 3278 de
1482 3221 1753 3291 paradiso,
1783 3217 1904 3271 Eva:
1930 3216 2001 3269 sit

433 3331 713 3399 copulatus
742 3345 755 3380 :
787 3325 1042 3393 scriptum
1088 3330 1172 3375 est
1215 3320 1357 3373 enim
1392 3313 1533 3385 quod
1578 3317 1697 3381 post
1724 3320 1998 3379 egressum

432 3440 500 3477 ex
536 3421 799 3491 paradiso,
841 3428 963 3469 tunc
1008 3413 1239 3482 cognovit
1292 3409 1461 3462 Adam
1507 3417 1721 3457 uxorem
1767 3414 1919 3453 suam
1950 3396 1998 3450 ⁸.

434 3518 574 3568 Ante
611 3525 738 3580 ergo
773 3516 1072 3578 peccatum,
1122 3500 1401 3571 virginitas
1428 3505 1580 3551 erat:
1636 3507 1751 3561 qua:
1798 3501 2001 3543 natura

438 3606 676 3657 tunicam
717 3602 917 3669 absque
962 3596 1120 3651 sorde
1164 3600 1426 3647 servaret.
1464 3587 1591 3642 Post
1616 3593 1793 3638 autem
1822 3589 2003 3635 trans-

436 3697 789 3767 gressionem,
824 3699 946 3760 post
992 3685 1183 3742 mortis
1228 3682 1550 3739 sententiam
1601 3685 1679 3731 est
1728 3674 1999 3727 inductum

434 3786 784 3856 coniugium,
836 3791 893 3837 ut
962 3778 1293 3846 scaturigine
1354 3777 1600 3829 vinceret
1661 3768 1995 3823 haurientem

439 3889 711 3941 mortem,
779 3876 1137 3946 genituraque
1203 3869 1617 3924 vindemiantem
1700 3867 1999 3928 superaret.

439 3971 573 4037 Quia
608 3970 769 4039 igitur
811 3969 875 4021 ad
920 3965 1134 4036 generis
1184 3960 1644 4018 conservationem
1695 3962 2003 4018 natumque

439 4075 772 4117 crementum
821 4061 945 4113 data
986 4057 1088 4111 fuit
1135 4053 1368 4123 coniugii
1420 4050 1528 4113 lex,
1566 4045 1791 4100 inseruit
1839 4041 2002 4099 Deus,

442 4154 684 4207 masculo
713 4152 927 4222 quidem
965 4149 1333 4216 voluptatem;
1383 4140 1638 4195 feminam
1673 4144 1852 4189 autem
1905 4146 2002 4185 ceu

443 4244 705 4298 lenocinio
733 4242 961 4311 quodam
996 4248 1049 4293 et
1078 4236 1275 4307 philtro
1304 4232 1576 4293 adulante,
1610 4225 1862 4288 donavit;
1899 4236 2002 4275 non

444 4310 805 4402 prolectandis
835 4342 983 4382 more
1028 4324 1331 4380 meretricio
1369 4320 1434 4375 ad
1473 4320 1672 4373 coitum
1702 4356 1715 4378 ,
1747 4312 1839 4368 sed
1875 4310 2001 4380 legi-

2100 3142 2193 3195 τοῦ
2230 3143 2411 3213 γάμου
2431 3141 2584 3212 ἐδόθη
2607 3141 2786 3212 χάρις,
2821 3140 2978 3211 δῆλον
3016 3141 3081 3193 ὲκ
3100 3139 3217 3205 τοῦ,
3243 3138 3333 3191 τὸν
3376 3137 3545 3209 Ἀδὰμ
3579 3154 3686 3208 με·

2098 3233 2168 3286 τὰ
2187 3232 2282 3304 τὴν
2311 3232 2486 3298 ἔξοδον
2539 3231 2633 3285 τοῦ
2668 3232 2997 3303 παραδείσου
3055 3229 3482 3300 συναφθῆναιτῇ
3528 3228 3682 3299 Εὗᾳ.

2099 3325 2410 3397 Γέγραπται
2441 3323 2548 3395 γὰρ
2573 3324 2675 3386 ὅτι,
2711 3323 2847 3393 μετὰ
2883 3322 2946 3375 τὸ
2993 3321 3226 3389 ἐξελθεῖν
3260 3322 3326 3373 ὲκ
3371 3320 3462 3373 τοῦ
3491 3334 3687 3391 παρα.-

2098 3416 2300 3482 δείσου,
2353 3415 2475 3468 τότε
2514 3415 2666 3484 ἔγνω
2706 3414 2878 3484 Ἀδὰμ
2902 3414 3015 3482 τὴν
3032 3412 3286 3484 γυναῖκα
3303 3412 3505 3466 αὐτοῦ·
3564 3413 3691 3484 πρὸ

2099 3507 2199 3575 τῆς
2226 3505 2497 3576 ἁμαρτίας
2524 3501 2636 3569 οὖν,
2679 3505 2945 3577 παρθενία
2971 3502 3058 3575 ἦν·
3106 3504 3401 3575 ἀμόλυντον
3426 3504 3692 3575 τηροῦσα

2100 3598 2189 3649 τὸν
2227 3598 2429 3667 χιτῶνα
2449 3597 2548 3665 τῆς
2576 3596 2807 3664 φύσεως.
2833 3596 2985 3650 Μετά
3009 3596 3064 3649 δὲ
3092 3597 3189 3666 τὴν
3215 3596 3538 3666 παράϐασιν,
3580 3613 3693 3664 με·

2101 3685 2169 3738 τὰ
2201 3687 2299 3755 τὴν
2332 3684 2426 3737 τοῦ
2457 3684 2687 3737 θανάτου
2739 3685 3032 3755 ἀπόφασιν,
3059 3685 3287 3755 ὁ.γάμος
3320 3685 3691 3755 ἁντεισήχθη,

2102 3778 2189 3830 ἵνα
2222 3776 2518 3830 ἁντλοῦντα
2556 3776 2645 3828 τὸν
2681 3776 2907 3830 θάνατον
2945 3780 3139 3848 νικήσῃ
3177 3776 3375 3848 βρύων,
3413 3777 3507 3829 καὶ
3538 3794 3698 3847 τρυο

2102 3869 2281 3936 γῶντα
2310 3870 2518 3940 ήττήσῃ
2549 3867 2718 3936 φύων.
2758 3868 2910 3921 Ἐπεὶ
2929 3864 3019 3921 οὖν
3042 3870 3212 3939 ὲπὶτῇ
3242 3870 3433 3937 συνοχῇ
3464 3865 3557 3919 τοῦ
3584 3868 3699 3934 γέ-

2102 3978 2244 4023 νους,
2282 3962 2375 4013 καὶ
2396 3962 2486 4012 ἐπὶ
2513 3960 2737 4030 αὐξήσει
2768 3960 2867 4030 τῆς
2892 3959 3123 4029 φύσεως,
3146 3962 3174 4013 ὁ
3193 3959 3285 4013 τοῦ
3312 3960 3486 4029 γάμου
3516 3960 3699 4031 ἐδόθη

2102 4052 2282 4121 νόμος·
2314 4049 2389 4120 τῷ
2424 4050 2518 4120 μὲν
2550 4048 2821 4119 ἀνθρώπῳ
2846 4048 3035 4119 ἡδονὴν
3064 4048 3361 4118 ὲνέσπειρε·
3396 4047 3456 4099 τὸ
3485 4047 3539 4100 δὲ
3577 4048 3701 4117 θῆ-

2102 4141 2187 4203 λυ,
2220 4140 2555 4193 θωπευτικὸν
2589 4138 2862 4209 ἐποίησενο
2900 4140 2997 4208 ούχ
3056 4139 3143 4191 ἵνα
3189 4136 3475 4209 ἑταιρικῶς
3535 4138 3705 4207 πρὸς

2107 4229 2279 4301 μίξεις
2325 4226 2692 4297 ἐρεθίζωνται·
2752 4226 2866 4279 ἀλλ’
2915 4227 3002 4279 ἵνα
3049 4226 3284 4296 ἐννόμως
3334 4225 3465 4295 πρὸς
3497 4225 3709 4295 γάμον

2105 4319 2498 4371 συνάπτωνται.
2528 4316 2691 4368 Ὅθεν
2797 4315 2895 4385 μὲν
2932 4315 3191 4386 ἔνθεσμος
3217 4315 3309 4368 τοῦ
3330 4315 3504 4383 γάμου
3534 4315 3713 4383 μίξις

448 4426 575 4479 time
607 4423 913 4492 c0pulandis
942 4422 992 4474 in
1034 4416 1451 4473 matrimonium.
1493 4411 1670 4478 Quare
1711 4403 2002 4462 honorabi-

2174 4409 2260 4477 μία
2299 4406 2447 4477 παρὰ
2470 4404 2548 4475 τῷ
2593 4404 2730 4474 Θεῷ.
2768 4406 2832 4457 Ἡ
2862 4405 2918 4457 δὲ
2967 4406 3103 4477 πρὸς
3138 4406 3296 4475 χάριν
3340 4398 3446 4457 τῶν
3473 4404 3713 4474 ἡδονῶν

368 4506 375 4515 κ
449 4518 512 4572 lis
542 4517 680 4586 apud
715 4517 877 4569 Deum
911 4514 1145 4584 legitima
1181 4507 1413 4577 coniugii
1443 4504 1640 4566 mistio,
1678 4514 1797 4568 qua:
1826 4505 2000 4550 autem

516 4635 538 4667 ⁸
572 4634 706 4690 Gen.
752 4648 811 4699 ιι,
839 4631 930 4686 21.
1002 4631 1023 4662 ⁸
1065 4629 1200 4684 Gen.
1243 4641 1315 4691 tv,
1352 4625 1405 4678 l.

518 4755 628 4825 (6'5)
648 4746 1111 4825 ΤρόπωννΜοηιί.
1129 4742 1331 4825 κακῶν.
1350 4742 1604 4825 malorum
1624 4756 1642 4803 ;
1660 4740 1800 4806 quod
1825 4739 2009 4806 utique

451 4814 649 4878 rectius
679 4814 805 4878 csse
825 4822 1099 4875 insinuare
1132 4817 1341 4869 videtur
1362 4814 1808 4878 voxsubsequeus
1840 4825 2006 4880 μετα-

448 4896 617 4956 νθίας.

519 4946 631 5033 (θλ)
670 4959 844 5015 Ἀλλὰ
867 4956 1016 5033 μετὰ
1044 4953 1109 5010 τὸ
1139 4950 1437 5033 ἁμαρτεῖν.
1475 4947 1616 5029 Idem
1656 4946 1916 5027 pluribus,
1952 4955 2007 4998 et

454 5017 724 5086 inducium
753 5017 1032 5083 occasione
1081 5017 1282 5094 peccati
1304 5037 1383 5094 _ac
1406 5035 1486 5094 ex
1513 5018 1647 5094 eius
1688 5017 2007 5094 prmvisione

454 5100 872 5160 matrimonium,
894 5086 1179 5165 Nysseiius,
1200 5093 1235 5146 I.
1253 5109 1266 5145 ι
1286 5091 1382 5165 _De_
1403 5089 1608 5165 opiﬁcio
1629 5088 1876 5165 hominis,
1908 5086 2008 5137 Da-

457 5186 625 5224 masc.
684 5169 776 5221 lib.
825 5158 898 5229 .v',
931 5158 983 5219 et
1016 5165 1103 5218 alii
1139 5181 1154 5217 :
1195 5161 1384 5230 maiori
1423 5160 1561 5230 forte
1605 5158 1803 5227 pietate
1846 5170 2005 5223 quam

454 5241 699 5293 Veritate.
739 5239 1052 5301 Quanquam
1083 5233 1223 5286 enim
1264 5229 1575 5301 prapagatio
1618 5236 1851 5301 quaeest
1894 5239 2007 5277 car-

458 5310 561 5363 nali
584 5295 927 5374 generatione
951 5320 1014 5355 ex
1045 5295 1278 5374 legitima
1315 5295 1524 5374 copula,
1552 5295 1793 5374 nonnihil
1825 5308 2010 5374 crassa

456 5380 524 5433 sit
568 5364 622 5430 et
670 5376 903 5436 humilis,
952 5364 1268 5438 digniiisque
1312 5364 1582 5421 videretur
1624 5377 1680 5438 ut
1724 5364 1858 5438 Deus
1902 5366 2015 5427 ipse

459 5449 611 5503 nobis
656 5434 899 5512 corpora
928 5434 1067 5496 sicut
1102 5434 1320 5512 Adamo‘
1362 5446 1589 5504 aptaret.
1636 5434 1777 5488 haud
1831 5442 2006 5485 tamen

461 5520 582 5572 talis
610 5508 776 5569 videri
818 5514 993 5575 debet,
1024 5511 1088 5564 iis
1131 5508 1357 5563 sublatis
1410 5521 1528 5573 quae
1567 5514 1910 5575 accesserunt
1941 5515 2007 5553 ex

460 5571 698 5658 peccato,
731 5593 790 5658 ut
823 5571 1001 5658 minus
1020 5571 1526 5658 deceathominem,
1556 5588 1655 5658 pro
1710 5572 1805 5658 illo
1842 5571 2006 5649 etiam

459 5640 623 5719 statu,
658 5640 747 5723 qni
803 5667 900 5723 nec
934 5650 1047 5719 ipse
1077 5647 1303 5723 omnino
1352 5640 1828 5723 a_coudition-ilius
1887 5640 2008 5692 vitae

461 5713 707 5787 animalis
755 5713 1031 5779 absolutus
1072 5728 1231 5774 esset.
1266 5715 1416 5781 Quod
1466 5724 1644 5767 autem
1685 5713 1851 5763 Adam
1903 5722 2007 5762 non

2110 4495 2492 4565 ὲκτελουμένη,
2516 4494 2729 4563 θανάτῳ
2759 4493 3121 4565 ὑποϐέϐληται
3151 4495 3288 4565 (65).
3328 4492 3527 4563 Τίμιος
3566 4494 3715 4563 γὰρ

2113 4735 2214 4789 nisi
2244 4752 2271 4786 a
2302 4737 2527 4800 peccato
2570 4726 2734 4780 Evam
2775 4722 3107 4800 cognoverit,
3155 4736 3261 4776 non
3290 4735 3353 4800 eo
3404 4721 3522 4800 fuit,
3552 4728 3722 4792 quia

2113 4805 2215 4858 nisi
2265 4790 2545 4870 peccasset
2590 4811 2693 4849 non
2728 4790 2871 4870 esse].
2903 4793 3232 4870 cogniturus,
3263 4791 3352 4844 sed
3386 4790 3509 4870 quia
3542 4790 3725 4849 intra

2113 4862 2383 4927 modicum
2415 4867 2545 4921 illud
2571 4874 2779 4931 tempus
2806 4862 3000 4931 vixsex
3031 4862 3285 4915 horarum
3315 4862 3726 4931 a_conditione

2111 4944 2177 4995 ad
2210 4942 2438 5010 lapsum,
2468 4929 2762 5010 congruum
2799 4930 3043 5010 nonfuit
3089 4945 3249 5010 :cum
3289 4929 3451 5010 a.Dei
3500 4937 3726 4999 potius

2110 4999 2278 5066 cultu'
2302 5018 2359 5063 et
2383 4999 2705 5074 perficiendo
2732 5016 2832 5074 usu
2853 5000 3093 5074 scientiae
3108 4999 3306 5074 animo,
3337 4999 3726 5074 imperiisque

2110 5082 2164 5135 in
2196 5069 2435 5144 subiecta
2468 5085 2692 5144 quaeque
2726 5070 2976 5144 animalia
3030 5069 3392 5144 exsecutione,
3439 5069 3726 5140 adeoque

2110 5166 2139 5203 a
2182 5138 2513 5217 spiritalibus
2548 5138 2904 5217 inchoandum
2936 5147 3145 5217 .esset,
3201 5138 3385 5217 eisque
3439 5138 3726 5197 nonnihil

2113 5208 2372 5284 temporis
2386 5214 2567 5269 statim
2585 5226 2622 5284 _a
2645 5208 2917 5284 creatione
2936 5208 3345 5284 impendendum
3362 5223 3383 5284 :_
3398 5222 3502 5276 qua
3522 5212 3643 5262 etia
3656 5230 3726 5267 m

2114 5278 2343 5351 ratione,
2377 5296 2553 5350 neque
2585 5278 2887 5351 legimusid
2917 5278 3175 5351 temporis
3199 5278 3502 5332 comedisse
3526 5284 3726 5348 quid.

2114 5372 2296 5425 quam,
2331 5346 2559 5425 excepto
2592 5346 3018 5425 ligno‘scientiaa.

2184 5412 2302 5493 (65)
2335 5412 2573 5493 Garrire)
2600 5412 3014 5493 ὑξῑοϐἐϐληται.
3059 5412 3304 5493 Quando
3326 5414 3592 5493 nimirum
3630 5418 3726 5472 ita

2115 5484 2201 5548 est
2232 5484 2524 5561 voluptatis
2571 5488 2739 5561 solius
2775 5499 2957 5546 causa,
2991 5493 3052 5561 ut
3085 5484 3305 5561 legitimi
3354 5485 3713 5551 matrimqni

2115 5564 2253 5617 ﬁnes
2282 5552 2456 5619 exeat,
2490 5568 2549 5610 ut
2572 5559 2705 5608 satis
2744 5569 2802 5607 se
2828 5564 3017 5607 auctor
3039 5555 3153 5622 ipse
3179 5552 3452 5616 declarat;
3489 5554 3725 5623 alioqui

2112 5635 2256 5685 enim
2289 5629 2533 5683 concedit
2571 5624 2767 5677 Paulus
2796 5625 3009 5689 nuptias
3050 5624 3101 5676 in
3154 5624 3445 5678 remedium
3486 5638 3726 5677 caneth

2113 5704 2384 5772 piscentiae
2429 5700 2447 5752 l
2497 5696 2626 5750 Cor.
2657 5710 2747 5760 vn,
2778 5693 2810 5748 9
2840 5710 2854 5748 :
2898 5692 3050 5757 Quod
3097 5695 3139 5747 si
3186 5709 3288 5746 non
3319 5710 3371 5747 se
3396 5694 3715 5748 continent
