3796 6312
68 355 132 411 ’15

1033 343 1292 399 ORATIO
1333 341 1399 394 IN
1442 336 1800 393 )lULIEBEM
1843 334 2344 392 PECCATRICEM.
3243 326 3317 380 Ἠ

73 472 106 523 ὀ
131 465 320 536 τόμος
341 465 423 518 ἐν
451 461 622 524 πᾶσι,
651 463 747 516 καὶ
785 463 822 526 ὴ
852 463 1018 525 κοίτη
1047 462 1352 528 ἀμίαντος-ο
1396 458 1655 524 πόρνους
1685 508 1687 514 ,

1788 465 2162 509 onsnnnuatur
2186 460 2250 509 ad
2275 457 2602 524 voluptatum
2635 457 2880 525 gratiam,
2902 454 3146 508 vindicta:
3175 469 3321 510 mur-

74 557 134 611 δὲ
155 557 254 608 καὶ
281 555 555 622 μοιχοὺς
598 553 793 606 κρινεῖ
812 556 845 605 o'
874 555 1035 617 Θεός.
1067 553 1132 604 Αἱ
1159 547 1250 604 οὖν
1283 552 1442 621 χάριν
1466 549 1650 602 παιδο-

74 651 246 718 γονίας
272 650 532 718 ἐννόμως
556 651 669 710 τοῖς
701 648 926 717 ἀνδράσι
965 647 1308 716 μιγνύμεναι,
1335 645 1653 714 ἀνέγκλητοί

75 743 218 791 εἰσιν·
250 738 518 809 ὥσπερὴ
552 737 758 806 Σάρρα,
807 735 899 788 καὶ
1006 735 1292 798 Ῥεϐέκκα,
1329 733 1423 785 καὶ
1465 734 1496 801 ἡ
1533 731 1656 783 Ῥα-

78 829 185 898 χὴλ·
221 829 319 880 καὶ
373 827 434 879 εἴ
461 844 546 889 τις
573 825 709 894 ἄλλη
739 825 833 877 ἀπ’
864 823 1051 892 αὐτῆς·
1089 825 1143 875 αἱ
1183 822 1239 874 δὲ
1281 821 1422 891 λόγῳ
1448 822 1654 890 ἡδυπα-

79 922 211 982 Θείας
239 919 373 980 τοῦς
397 918 563 980 νέους
617 917 756 987 πρὸς
806 915 1100 970 ἀκολασίαν
1149 914 1532 983 διεγείρουσαι,
1585 911 1660 974 ώς

84 1013 391 1082 φθείρουσαι
437 1010 534 1062 τὸν
565 1009 692 1062 ναὸν
721 1009 817 1060 τοῦ
858 1007 1014 1072 Θεοῦ,
1050 1005 1433 1077 παραδίδονται
1462 1003 1659 1074 φθορᾷ.

86 1105 144 1156 Εἶ
163 1121 243 1167 τις
276 1102 422 1171 γὰρ,
459 1102 617 1171 φησὶ,
650 1100 877 1168 φθείρει
896 1098 1002 1150 τὸν
1023 1097 1174 1148 ναὸν
1197 1094 1302 1148 τοῦ
1332 1093 1502 1160 Θεοῦ,
1525 1097 1664 1162 φθε-

83 1196 159 1262 psi
183 1194 410 1246 τοῦτον
463 1196 496 1246 ὁ
541 1193 705 1257 Θεόςο
753 1184 827 1245 ὧν
858 1190 952 1242 καὶ
981 1187 1116 1258 αὕτη
1161 1185 1258 1257 μία
1315 1181 1404 1255 ἦν,
1447 1187 1481 1256 ἡ
1533 1184 1670 1254 μετὰ

89 1289 252 1355 χεῖρας
277 1283 646 1355 ἁμαρτωλός.
678 1280 792 1351 Τὴν
813 1280 921 1350 γὰρ
945 1277 1103 1348 φύσιν
1132 1274 1542 1347 καπηλεύσασα,
1572 1275 1666 1327 καὶ

85 1377 186 1435 ταῖς
224 1373 440 1438 ἔξωθεν
472 1372 674 1441 βαφαῖς
718 1372 821 1432 τὰς
861 1369 1092 1440 παρειὰς
1140 1366 1507 1435 φοινίσσουσα,
1574 1366 1667 1418 καὶ

89 1469 230 1534 τέχνῃ
263 1463 580 1532 βιαζομένη
613 1461 850 1530 φανῆναι
879 1460 1037 1526 καλὴ,
1067 1460 1189 1520 τοὺς
1209 1459 1358 1521 νέους
1382 1457 1515 1528 πρδς
1543 1457 1670 1509 ἀκο-

88 1554 259 1606 λασίαν
284 1555 599 1624 ὑπέσυρεν,
635 1551 958 1622 ὰπροόπτως
990 1550 1102 1619 (66)
1129 1549 1326 1611 αὐτοὺς
1378 1549 1457 1610 είς
1487 1547 1548 1599 τὸ
1572 1547 1670 1618 τῆς

93 1647 330 1715 πορνείας
360 1644 741 1698 ἀποκλίνουσα
765 1642 874 1711 (67)
905 1641 1193 1711 βάραθρον.

1761 547 1829 599 tis
1853 547 2081 599 obnoxia
2125 555 2231 600 est.
2276 545 2596 599 Honorabile
2616 546 2750 598 enim
2777 545 3088 598 connubium
3122 545 3173 595 in
3205 560 3320 597 om-

1762 635 1934 699 nibus,
1966 647 2012 688 et
2061 646 2202 689 torus
2248 631 2616 690 immaculatus
2673 651 2690 688 :
2739 635 3083 703 fornicatores
3131 651 3248 689 vero
3272 642 3321 688 et

1764 729 2026 782 adulteros
2048 729 2304 798 judicabit
2343 728 2480 781 Deus
2511 729 2550 780 ⁵.
2598 728 2725 794 Qua:
2754 743 2879 796 ergo
2925 727 3172 782 mulieres
3202 743 3322 781 sus-

1765 820 2022 888 cipienda:
2053 820 2217 889 prolis
2259 826 2427 890 gratia
2455 821 2686 889 legitime
2713 821 3134 875 commiscentur
3170 821 3321 886 viris,

1767 911 1884 964 sine
1933 913 2158 965 crimine
2210 924 2376 967 sunt:
2433 914 2880 982 quemadmodum
2919 915 3083 967 Sarra
3133 924 3187 967 et
3218 912 3327 967 Re-

1770 1004 1929 1057 becca
1959 1015 2011 1058 et
2036 1003 2254 1069 Rachel,
2295 1014 2347 1059 et
2383 1007 2426 1058 si
2477 1020 2595 1072 qua:
2640 1005 2740 1058 alia
2772 1005 3030 1074 sequitur.
3077 1005 3204 1070 Quae
3231 1021 3327 1057 au-

1772 1103 1878 1148 tem
1926 1096 2134 1148 ratione
2183 1096 2472 1163 voluptatis
2520 1096 2886 1151 adolescentes
2934 1100 2998 1149 ad
3054 1097 3328 1150 libidinem

1768 1197 2095 1254 provocant;
2124 1186 2266 1239 velut
2295 1202 2413 1255 qua:
2441 1187 2637 1240 violent
2664 1189 2753 1242 Dei
2782 1189 3055 1256 templum,
3083 1189 3134 1241 in
3163 1190 3330 1242 inter-

1773 1277 1904 1328 itum
1925 1277 2222 1330 traduntur.
2239 1277 2297 1331 Si
2317 1279 2431 1347 quis
2449 1279 2613 1342 enim,
2631 1279 2827 1348 inquit,
2842 1280 3084 1345 templum
3110 1280 3200 1332 Det
3223 1282 3330 1332 rio-

1772 1366 1977 1430 laverit,
1999 1371 2254 1437 disperdet
2281 1371 2426 1422 illum
2453 1369 2587 1423 Deus
2617 1371 2636 1399 ⁷
2673 1391 2683 1424 :
2716 1369 2957 1438 equibus
2975 1381 3031 1424 et
3050 1372 3160 1424 haec
3195 1385 3328 1434 erat,

1773 1474 1934 1527 quam
1967 1475 2076 1528 prae
2155 1461 2402 1514 manibus
2445 1463 2802 1530 peccatricem
2851 1461 3123 1516 habemus.
3177 1462 3332 1516 Velut

1775 1551 1917 1602 enim
1973 1550 2186 1603 sordide
2215 1567 2403 1606 venum
2439 1567 2712 1621 exponens
2734 1569 3147 1623 cauponansque
3175 1567 3332 1610 natu-

1782 1655 1918 1706 ram,
1987 1657 2260 1710 genasque
2301 1643 2550 1698 ascititiis
2594 1645 2878 1714 pigmentis
2921 1661 3236 1714 purpurans,
3271 1662 3333 1702 ac

92 1754 192 1791 arte
221 1739 576 1792 contendens
611 1737 783 1790 videri
817 1735 1057 1804 pulchra,
1091 1734 1463 1789 adolescentes
1489 1733 1703 1788 incaute
1742 1733 2019 1788 declinans
2065 1737 2442 1806 depellensque
2487 1739 2536 1791 in
2576 1736 2943 1792 fornicationis
2999 1739 3332 1803 barathrum,

97 1838 140 1889 in
174 1833 444 1885 luxuriam
503 1830 881 1886 subtrahebat.

157 1922 224 1977 ε’.
246 1924 445 1976 Ταῦτα
456 1922 516 1974 δὲ
529 1922 694 1990 λέγω,
708 1923 769 1973 ού
782 1920 1056 1991 κωμῳδῶν
1084 1919 1251 1990 αὐτὴν
1281 1920 1364 1987 ἐφ’
1386 1914 1466 1981 οἷς
1480 1917 1672 1990 ἔδρασε

1845 1918 1909 1972 ν.
1944 1918 2068 1973 Dico
2095 1928 2268 1973 autem
2328 1920 2460 1984 haec,
2499 1935 2600 1973 non
2656 1927 2710 1972 ut
2743 1919 3012 1974 traducum
3067 1921 3134 1972 ob
3185 1922 3332 1988 prius

101 2017 240 2086 πρίν·
281 2015 404 2069 ἀλλ’
461 2013 705 2067 ἐπαινῶν
755 2012 957 2083 αὐτὴν,
993 2013 1083 2080 ἀφ’
1118 2013 1265 2075 οἵων,
1319 2013 1405 2063 οἵα
1451 2010 1672 2079 γέγονεν

101 2107 252 2172 tie-vui.
287 2108 459 2174 Λέγω
488 2106 602 2177 γὰρ
629 2106 714 2168 τίς
743 2101 811 2174 ἦν
844 2104 1052 2176 πρώην,
1083 2106 1168 2157 ἵνα
1195 2103 1352 2168 δείξω
1373 2105 1456 2166 τίς
1485 2104 1674 2172 γέγονε

105 2194 214 2247 νῦν·
247 2196 398 2264 λέγω
435 2196 619 2263 αὐτῆς
649 2196 748 2265 τῆς
784 2197 1055 2266 ἁμαρτίας
1099 2195 1168 2247 τὰ
1201 2196 1551 2264 πταίσματα,
1589 2195 1676 2248 ἵνα

104 2284 240 2350 δείξω
281 2288 386 2355 τῆς
434 2285 736 2356 μετανοίας
764 2285 832 2338 τὰ
865 2285 1284 2356 κατορθώματα.
1327 2284 1466 2337 Ἀλλ’
1513 2284 1672 2354 αὕτη,

105 2379 135 2444 ἡ
168 2377 237 2446 τῷ
275 2378 500 2448 σώματι
546 2378 646 2429 οὐκ
691 2377 992 2447 ἀμέμπτως
1035 2377 1354 2448 χρησαμένη
1405 2376 1466 2429 τὺ
1517 2376 1672 2448 πρίν·

109 2469 215 2529 τοὺς
249 2468 346 2536 μὲν
397 2468 496 2519 διὰ
533 2466 845 2537 βοστρύχων
895 2467 1298 2537 σαγηνεύουσα,
1327 2468 1452 2532 τοὺς
1491 2467 1549 2521 δὲ
1592 2468 1679 2520 διὰ

109 2558 337 2630 δακρύων
365 2561 799 2630 ςαρμάττουσα,
821 2561 946 2620 τοὺς
967 2559 1020 2610 δὲ
1041 2557 1127 2613 διὰ
1155 2558 1440 2630 λήμματος
1461 2560 1678 2630 γοητεύ-

112 2666 258 2714 ουσα,
298 2653 522 2712 πάντας
557 2652 614 2702 δὲ
655 2649 986 2722 πανταχόθεν
1022 2655 1099 2714 είς
1131 2651 1221 2704 τὸν
1263 2651 1538 2722 βάραθρον
1580 2651 1679 2721 τῆς

116 2741 394 2805 ἀκολασίας
435 2743 901 2814 προσκαλουμένη
927 2784 940 2807 ,
983 2744 1074 2796 τὸν
1110 2744 1332 2814 αἰσχρὸν
1376 2743 1544 2813 αὐτῆς
1587 2745 1680 2796 καὶ

117 2832 344 2903 ἡδυπαθῆ
378 2835 570 2904 ἔρωτα
597 2838 676 2896 είς
709 2835 850 2887 θεῖον
882 2836 975 2888 καὶ
1008 2835 1329 2904 ἐπουράνιον
1358 2833 1680 2903 μεταϐάλλει

119 2923 338 2991 ςίλτρον.
387 2926 485 2988 Ὠς
520 2921 625 2977 εἶδε
655 2925 764 2996 γὰρ
807 2927 896 2977 τὸν
938 2925 1176 2995 Ἰησοῦν,
1214 2927 1343 2977 ποτὲ
1377 2924 1474 2994 μὲν
1513 2925 1682 2987 ἀδέως

119 3019 175 3083 τῇ
214 3017 575 3087 Σαμαρείτιδι
618 3017 1028 3086 διαλεγόμενον,
1072 3018 1199 3070 ποτὲ
1251 3017 1308 3069 δὲ
1351 3015 1448 3088 τὴν
1498 3017 1680 3069 Χανα-

121 3108 256 3160 ναίαν
280 3112 668 3179 προσιέμενον,
697 3109 883 3161 ἄλλοτε
915 3111 1010 3179 τῆς
1051 3107 1449 3178 αἱμορῤοούσης
1478 3108 1682 3175 ἀνακη-

127 3197 363 3267 ρύττοντα
404 3199 511 3268 τὴν
581 3199 824 3268 κλοπὴν,
869 3199 964 3250 καὶ
997 3197 1072 3266 πῆ
1126 3198 1222 3267 μὲν
1257 3196 1512 3258 τελώναις
1564 3211 1685 3248 συν-

1774 2022 1946 2083 gesta,
1991 2012 2081 2065 sed
2125 2011 2364 2071 laudans,
2409 2023 2466 2064 ut
2499 2012 2619 2066 talis
2669 2029 2730 2066 ex
2789 2012 2879 2066 tali
2906 2011 2978 2066 sit
3006 2012 3162 2066 facta.
3205 2013 3335 2067 Dico

1775 2102 2064 2172 siquidem,
2102 2118 2222 2170 quae.
2252 2113 2394 2157 esset
2416 2103 2562 2164 olim.
2607 2113 2662 2157 ut
2723 2119 2842 2170 qua:
2896 2103 3053 2158 modo
3084 2107 3334 2169 evaserit,

1775 2195 2078 2249 ostendam.
2109 2194 2238 2248 Dico
2276 2196 2480 2263 peccati
2537 2196 2704 2263 ipsius
2735 2205 2908 2249 errata
2928 2234 2942 2258 ,
2975 2205 3029 2248 ut
3057 2198 3334 2252 exhibeam

1777 2286 2104 2355 paenitentia:
2145 2285 2354 2338 merita.
2390 2283 2606 2347 Verum,
2645 2287 2729 2338 cui
2761 2301 2864 2338 non
2889 2289 3090 2356 absqtte
3113 2289 3336 2343 crimine

1778 2377 2096 2432 constiterat
2155 2392 2283 2432 usus
2336 2380 2749 2447 corporis;qu
2785 2378 2916 2433 alios
2971 2381 3182 2447 quidem
3222 2383 3336 2435 cin-

1780 2469 1954 2523 cinnis
1983 2479 2213 2536 caperet,
2272 2469 2403 2523 alios
2452 2471 2726 2524 oculorum
2789 2469 3053 2526 lenocinio
3098 2472 3332 2537 falleret;

1783 2558 2006 2611 consilio
2047 2557 2180 2610 alios
2207 2561 2506 2621 seduceret,
2537 2574 2720 2612 omnes
2746 2562 3093 2631 undequaque
3113 2564 3305 2617 inluxu
3324 2594 3338 2604 -

1782 2651 1876 2704 ria:
1903 2649 2211 2703 barathrum
2237 2663 2569 2719 provocaret,
2598 2667 2749 2704 suum
2789 2651 2933 2706 illum
2959 2663 3163 2722 turpem
3211 2655 3345 2708 mol-

1785 2739 1994 2808 lemque
2023 2755 2281 2803 amorem,
2338 2741 2387 2793 in
2423 2741 2658 2793 divinant
2707 2741 3030 2812 caelesteque
3086 2743 3341 2809 philtrum

1788 2831 2080 2886 transtulit.
2121 2831 2188 2886 Ut
2215 2833 2354 2885 enim
2401 2831 2578 2885 Jesum
2629 2834 2898 2899 cognovit,
2944 2835 3098 2888 modo
3128 2837 3340 2904 quidem

1787 2925 1952 2978 libere
1982 2939 2100 2977 cum
2138 2923 2467 2976 Samaritana
2501 2923 2812 2978 miscentem
2847 2941 3186 2981 sermonem:
3231 2943 3347 2980 mo-

1785 3017 1852 3068 do
1886 3015 2241 3069 Cbananaaam
2273 3015 2648 3084 recipientem;
2717 3015 2819 3069 alio
2855 3017 2981 3070 item
3045 3017 3182 3075 loco.
3220 3035 3344 3071 san-

1786 3105 1944 3177 guine
1979 3106 2190 3160 ﬂuentis
2222 3105 2418 3158 furtum
2453 3107 2866 3176 praedicantem;
2915 3117 3077 3178 atque
3104 3110 3190 3162 hic
3220 3112 3340 3177 qui-

1789 3199 1910 3251 dem
1936 3213 2053 3251 cum
2078 3197 2374 3265 publicanis
2407 3199 2813 3251 manducantem
2846 3215 2862 3264 ;
2915 3199 3002 3252 hic
3045 3198 3343 3253 Plizirismo-

127 3289 374 3353 εσθίοντα,
397 3293 481 3361 πῆ
513 3291 567 3343 δὲ
596 3293 700 3344 τῶν
723 3291 1030 3362 Φαρισαίων
1059 3289 1182 3352 τοὺς
1205 3287 1386 3351 οἴκους
1410 3288 1684 3357 καταλαμ-

1791 3301 1907 3339 rum
1935 3287 2214 3339 adeuntem
2240 3286 2427 3338 domos
2453 3302 2466 3349 ;
2503 3287 2582 3340 sic
2608 3301 2785 3340 secum
2819 3288 3072 3358 cogitavit
3105 3305 3118 3339 :
3145 3289 3276 3342 Cum
3305 3291 3348 3344 is

130 3377 356 3442 δὰνοντα,
393 3382 686 3448 ἐλογίσατο
722 3382 836 3432 ὃτι’
872 3381 934 3432 El
967 3379 1171 3448 πόρνας
1211 3380 1305 3430 καὶ
1334 3377 1688 3448 ἁμαρτωλοὺς

130 3470 210 3521 καὶ
244 3472 481 3533 τελώνας
528 3472 848 3542 προσίεται,
897 3471 1055 3540 μέχρι
1099 3468 1224 3520 ποτε
1265 3467 1580 3530 ἁκαθέκτως
1614 3469 1688 3518 ol-

137 3565 354 3632 στρὼσα,
386 3567 450 3616 τὺ
481 3565 584 3634 τῆς
614 3564 889 3633 ἁμαρτίας
923 3563 1158 3628 πέλαγος
1196 3559 1407 3624 ἁντλῶ;
1439 3560 1513 3611 Ού
1547 3559 1689 3628 μένω

131 3655 233 3716 νέα,
266 3658 322 3707 ού
369 3658 521 3725 μένω
554 3656 733 3724 καλή·
770 3655 945 3706 πάντα
976 3654 1083 3723 γὰρ
1115 3653 1479 3721 παρέρχεται,
1514 3651 1688 3703 πάντα

138 3747 456 3813 μαραίνεται,
495 3748 589 3799 καὶ
619 3745 777 3815 ἄνθη,
803 3747 894 3796 καὶ
919 3745 1098 3815 κρίνα,
1126 3744 1217 3796 καὶ
1246 3743 1350 3794 τῶν
1385 3741 1689 3812 προσώπων

136 3837 193 3888 τὰ
220 3839 400 3907 κάλλη.
427 3840 496 3891 Τί
532 3835 621 3892 οὖν
654 3837 811 3890 πάθω
837 3838 918 3903 ἐφ’
945 3831 1025 3898 οἷς
1051 3835 1250 3902 ἔδρασα
1273 3852 1286 3897 ς
1326 3835 1462 3904 Ἤδη
1492 3834 1600 3906 γὰρ
1629 3835 1689 3886 τὸ

137 3927 219 3994 τῆς
247 3932 464 3999 γεέννης
505 3929 616 3998 πῦρ
651 3927 845 3987 ἐννοῶ,
880 3927 979 3997 ἤδη
1014 3943 1112 3996 μου
1158 3925 1254 3994 τὴν
1302 3924 1478 3994 ψυχὴν
1529 3926 1690 3994 μετὰ-

141 4035 316 4085 γνωσις
346 4023 646 4090 λαμϐάνει,
683 4022 766 4072 ὅτι
817 4021 900 4071 ἐπ’
935 4018 1144 4087 ὀλέθρῳ
1186 4017 1296 4069 τῶν
1335 4017 1468 4068 νέων
1509 4015 1690 4086 βιαζοο

147 4111 264 4182 μένῃ
296 4117 526 4182 φανῆναι
558 4112 722 4181 καλὴ,
754 4114 812 4162 ὲν
847 4115 965 4173 ταῖς
999 4112 1213 4177 ἀγυιαῖς
1243 4109 1341 4176 τῆς
1373 4108 1598 4170 πόλεως,
1635 4111 1692 4160 ἐν

145 4207 248 4264 ταῖς
273 4206 510 4274 ἀγοραῖς,
541 4207 599 4256 ἐν
628 4203 891 4272 ἀμφόδοις
925 4202 1163 4272 ἔτρεχον,
1194 4200 1408 4252 δίκτυον
1445 4199 1544 4269 μὲν
1570 4201 1693 4262 τοὺς

148 4293 292 4354 πόδας
318 4296 536 4363 ἔχουσα,
569 4293 666 4346 καὶ
693 4293 936 4360 σαγήνην
967 4292 1065 4361 τὴν
1105 4290 1368 4358 γλῶτταν.
1405 4289 1467 4340 Ὢ
1497 4289 1692 4350 πόσους

151 4385 430 4449 νεανίσκους
467 4383 793 4447 κατέθελξα,
825 4382 1017 4452 μεστὸν
1045 4380 1316 4442 ἀναιδείας
1347 4378 1561 4448 βλέμμα
1595 4397 1693 4430 πε-

156 4478 452 4546 ριφέρουσαὲ
497 4479 622 4530 Ἐπὶ
646 4477 793 4546 λύμῃ
824 4476 932 4544 γὰρ
959 4475 1064 4525 τῶν
1090 4472 1298 4526 θεατῶν
1328 4469 1692 4542 ὡραῖζομένη,

248 4570 333 4636 μὲν
366 4570 731 4630 πολυπλόκοις
763 4569 966 4635 σειραῖς
995 4565 1090 4635 τὴν
1117 4562 1358 4632 κεφαλὴν
1398 4561 1692 4630 ἐπύργουν,

160 4657 219 4724 πῆ
311 4663 541 4729 νομάδας
574 4659 876 4727 πλοκάμων
905 4659 966 4708 ὲκ
987 4655 1230 4725 κορυφῆς
1250 4655 1373 4705 είων
1399 4653 1538 4705 κατὰ
1572 4669 1698 4722 μετ-

162 4749 284 4800 ώπου
322 4752 597 4820 χαλᾶσθαι,
647 4749 870 4801 Ἀλλοτε
909 4748 966 4799 δὲ
993 4747 1090 4808 τὰς
1123 4744 1353 4817 παρειὰς
1377 4744 1699 4811 ἐφοίνισσον,

161 4841 237 4888 καὶ
254 4842 364 4903 τὼς
385 4843 698 4910 ὀφθαλμοὺς
719 4838 1082 4906 κατέγραφον.
1115 4836 1223 4886 Καὶ
1243 4833 1430 4886 ἄλλοτε
1454 4831 1702 4902 δακρύων

162 4925 349 4993 λιῧὰδας
376 4934 590 5000 esea-xi.
619 4933 684 5000 τῇ
711 4928 967 4997 κολακείᾳ
992 4923 1460 4995 ἐκτραχηλίζουσα
1479 4923 1576 4992 τὴν
1599 4922 1700 4990 ψυ-

167 5022 262 5089 χήν.
295 5025 381 5087 Τίς
411 5023 500 5078 οὖν
528 5026 622 5076 ἐπὶ
653 5022 860 5083 τούτοις
886 5021 1164 5088 γένωμαις
1195 5017 1326 5068 Τίνα
1355 5017 1534 5088 ἰατρὸν
1559 5015 1701 5086 εὕρω

226 5140 241 5166 ⁸
267 5140 406 5195 llebr.
433 5160 529 5206 xii,
572 5143 626 5194 ὅ.
739 5140 757 5169 ⁷
785 5139 803 5191 Ι
831 5137 954 5192 Cor.
979 5152 1060 5198 Ill,
1096 5135 1180 5187 Π.

172 5255 354 5329 nubunt.
385 5256 718 5324 Acceditque
753 5253 910 5329 ratio,
943 5256 1065 5329 quia
1097 5267 1360 5320 nusquam
1394 5251 1531 5304 ratio
1561 5263 1701 5329 prae:-

174 5325 302 5387 repti,
328 5341 411 5378 seu
446 5338 599 5380 actus
639 5325 902 5386 concessi,
951 5328 1092 5378 cadit
1119 5329 1214 5375 sub
1263 5330 1549 5389 prmcepto,
1594 5325 1693 5371 nisi

176 5392 285 5469 lurie
310 5399 384 5448 cui
412 5397 496 5449 illa
524 5394 1024 5469 substantialisest.
1054 5395 1370 5469 Quanquam
1400 5403 1526 5457 ergo
1543 5397 1697 5469 coeat

177 5463 362 5537 maritus
394 5482 491 5519 non
543 5465 651 5518 line
683 5463 1070 5537 generationis,
1128 5462 1312 5537 sitque
1357 5462 1409 5537 i_n
1455 5466 1690 5537 80.36!!!

179 5535 390 5600 nonnulla
404 5528 756 5598 deordinatio,
774 5533 1095 5600 quiatamen
1125 5531 1254 5584 nihil
1289 5528 1414 5600 facit
1443 5528 1684 5586 vetitum,

180 5598 348 5654 directe
396 5606 602 5666 saltem,
648 5613 703 5657 et
743 5597 850 5656 sub
904 5604 1140 5670 rigorosa
1195 5597 1691 5670 oliligatione._"°c

182 5674 408 5745 prxsumit
444 5665 620 5726 actum
649 5688 754 5725 non
777 5665 1111 5745 concessum,
1147 5665 1465 5745 non‘p‘eccat
1502 5665 1689 5745 saltem

184 5742 378 5801 graviter
406 5761 419 5796 :
451 5755 506 5796 ut
564 5758 737 5810 neque
770 5744 856 5810 qui
905 5744 1135 5794 comedit
1163 5739 1302 5791 nulla
1353 5739 1688 5800 necessitate,

456 5841 726 5901 PATuOL.
773 5839 890 5899 Gtt.
937 5835 1241 5898 XXXIX.

1788 3379 2101 3432 meretrices
2155 3388 2209 3430 et
2267 3386 2578 3444 peccatores
2629 3379 3044 3448 publicanosque
3104 3383 3346 3450 recipiat,

1787 3468 2023 3534 quandin
2083 3469 2362 3535 impotenti
2399 3477 2569 3522 (nstro
2601 3470 2829 3537 percita,
2879 3470 3084 3537 peccati
3132 3472 3349 3539 pelagus

1789 3559 2018 3614 haurio?
2048 3557 2161 3612 Non
2196 3569 2370 3612 manet
2396 3559 2647 3628 juventus
2671 3576 2803 3625 ;non
2828 3560 3169 3630 pulchritudo
3194 3582 3204 3615 :
3229 3582 3348 3617 nam

1791 3657 2113 3716 praztereunt
2149 3650 2358 3712 (inuria;
2411 3659 2599 3704 cuncta
2647 3661 3021 3712 marcescunt,
3088 3652 3351 3721 ﬂoresque

1789 3748 1843 3791 et
1877 3737 1984 3791 lilia
2017 3746 2072 3792 et
2102 3738 2338 3792 vultuum
2391 3740 2614 3808 species.
2678 3741 2813 3806 Quid
2840 3741 2968 3795 mihi
2995 3757 3120 3811 ergo
3148 3745 3355 3798 accidet

1789 3843 1886 3897 pro
1923 3830 2006 3882 his
2045 3845 2163 3897 qua:
2196 3829 2336 3883 feci?
2373 3829 2487 3883 Jam
2520 3831 2659 3883 enim
2697 3831 2955 3897 gehennae
2993 3832 3168 3897 ignem
3211 3837 3354 3902 cogi-

1793 3930 1877 3985 to;
1902 3920 2013 3988 jam
2051 3921 2329 3990 ptenitudo
2365 3922 2600 3975 animum
2631 3923 2874 3992 corripit,
2906 3925 3046 3993 quod
3095 3926 3145 3979 in
3173 3927 3352 3995 perni-

1793 4013 1929 4064 ciem
1965 4012 2359 4066 adoleseentum
2388 4017 2609 4068 studens
2641 4030 2829 4083 parere
2869 4016 3113 4084 pulchra,
3149 4032 3245 4085 per
3272 4019 3356 4070 vi-

1799 4117 1894 4156 cos
1925 4103 2158 4157 civitatis
2185 4117 2386 4172 perque
2419 4103 2621 4172 plateas
2650 4116 2702 4159 et
2732 4106 2872 4159 bivia
2918 4121 3163 4170 currens,
3194 4111 3356 4176 pedes

1795 4193 2032 4260 quidem,
2063 4204 2206 4259 rete;
2242 4194 2472 4264 linguam
2528 4209 2727 4261 autem,
2778 4212 3027 4268 sagenam
3056 4198 3352 4253 habuerim.

1793 4280 1836 4330 0
1872 4294 2030 4347 quam
2059 4281 2252 4335 multos
2275 4281 2496 4336 deumlsi
2523 4287 2768 4351 juvenes,
2792 4285 3005 4354 plenum
3031 4287 3358 4356 impudentia

1794 4373 2215 4440 circumquaque
2252 4388 2474 4428 versans
2503 4375 2746 4428 oculum!
2789 4377 3073 4446 Splendide
3103 4381 3244 4433 enim
3269 4395 3357 4435 or-

1797 4472 1916 4515 nata
1949 4463 2000 4516 in
2028 4465 2317 4531 perniciem
2358 4475 2756 4534 spectatorum;
2807 4485 2910 4537 qua
2942 4471 3173 4526 sinuosis
3203 4473 3358 4525 resti-

1801 4554 1936 4606 culis
1958 4553 2219 4624 plexuque
2237 4558 2385 4610 vario
2408 4567 2568 4628 caput
2595 4558 2956 4628 fastigiabam,
2982 4576 3087 4630 qua
3109 4577 3271 4630 vagos
3293 4561 3362 4616 ab

1806 4647 2003 4698 vertice
2030 4647 2206 4700 crines
2236 4661 2264 4701 a
2304 4647 2483 4702 fronte
2520 4649 2785 4703 laxabant.
2831 4649 3161 4721 Quandoque
3182 4666 3360 4708 autem

1805 4737 2146 4791 rubriCabam
2180 4754 2379 4808 genus,
2433 4741 2722 4810 oculosque
2793 4743 2954 4797 stibio
3003 4744 3360 4800 Subliuebam.

1803 4825 2132 4898 Quandoque
2161 4832 2322 4884 etiam
2354 4833 2709 4902 lacrymarnm
2754 4834 2942 4888 latices
2982 4835 3216 4901 mittens,
3249 4838 3366 4891 ani-

1805 4935 1949 4971 mum
1983 4921 2244 4974 adulatrix
2281 4924 2602 4990 praecipitem
2625 4925 2837 4977 dabam.
2869 4923 2997 4989 Quae
3020 4926 3182 4994 igitur
3209 4929 3259 4980 in
3284 4929 3366 4981 his

1811 5009 1998 5064 inero?
2029 5010 2197 5076 Quem
2225 5014 2695 5069 innumerabilium
2731 5015 2914 5071 isthuac
2948 5017 3253 5072 morborum
3289 5021 3365 5072 in-

1803 5255 1856 5299 et
1898 5243 2009 5297 sola
2069 5256 2230 5295 causa
2271 5240 2575 5310 voluptatis,
2624 5241 2766 5294 nullo
2809 5241 2930 5295 inde
2964 5239 3114 5311 gravi
3171 5242 3368 5295 damno

1803 5314 2048 5379 alicujus.
2086 5341 2153 5350 —
2185 5313 2238 5364 Id
2271 5327 2399 5364 vero
2433 5323 2588 5381 caute
2628 5311 2771 5381 legas
2808 5311 2989 5368 velim.

1875 5378 1986 5450 (66)
2051 5383 2434 5448 Ἀπροόπτως.
2485 5379 2645 5435 Deest
2682 5378 2800 5434 iure
2831 5395 2935 5434 vox
2972 5381 3113 5450 apud
3152 5378 3367 5446 Menth,

1803 5465 1936 5522 quae
1959 5463 2130 5506 tamen
2155 5454 2394 5519 apposita
2439 5452 2570 5504 satis
2600 5465 2719 5522 esse
2742 5452 2974 5522 videtur.

1870 5521 1983 5593 (67)
2017 5515 2402 5593 νἈπρὸόπτως
2451 5521 2670 5593 αλὺτοὺς
2727 5521 3163 5577 ἀποκλίνουσα.
3201 5515 3375 5593 ,νειιιι

1801 5587 2144 5661 improvisos,
2171 5595 2438 5658 quomodo
2475 5590 2731 5643 Davidem
2760 5594 2808 5642 in
2841 5593 3162 5642 adulterium
3201 5587 3373 5653 impu-

1803 5660 1886 5727 lit,
1913 5663 2040 5714 nihil
2075 5660 2336 5728 ejusmudi
2363 5661 2684 5728 cogitantem
2725 5662 3203 5728 improvisumque,
3239 5670 3375 5711 cet:-

1799 5740 1977 5802 specta
2007 5727 2206 5786 temere
2233 5729 2496 5783 Betlzsabe
2519 5727 2598 5795 (ΙΙ
2631 5727 2754 5798 Reg.
2795 5746 2868 5792 xi,
2890 5727 2924 5779 ζ).
2959 5732 3122 5795 sqq.).

2937 5824 2974 5882 3
