3744 6344
469 293 538 353 ἹΒ
1413 306 1471 363 S.
1511 305 1952 363 AMPHILOCHII
1990 303 2374 362 lCONlENSlS
2411 303 2718 361 EPISCOPI
3603 307 3653 363 ’16

457 423 670 480 veniam
707 426 1013 481 medicum?
1045 443 1099 479 ot
1126 441 1211 481 res
1272 442 1419 481 meas
1465 429 1771 483 hominibus
1808 430 1990 482 dixero

2124 427 2223 480 τῶν
2273 427 2514 497 ἀπείρων
2565 427 2770 479 τούτων
2819 424 3044 489 παθῶν;
3105 424 3228 478 Ἐὰν
3267 422 3564 495 ἀνθρώποις
3602 429 3657 485 τὰ

455 517 665 572 inutilis
687 518 816 572 mihi
849 516 1009 572 fuerit
1039 518 1404 588 hujuscemodi
1433 520 1740 587 publicatio.
1762 521 1866 573 Sed
1887 535 2011 572 num

452 610 594 662 mala
627 609 1010 664 occultavere?
1051 607 1121 663 At
1179 624 1384 676 nequeo
1445 610 1630 663 latere.
1664 611 1833 676 Quem
1868 611 2011 662 enim

452 697 680 764 latuere,
720 700 883 752 Deum
913 698 1078 753 latere
1106 715 1209 752 non
1238 697 1458 750 valens?
1487 697 1604 763 Quo
1634 713 1761 767 ergo
1789 697 2010 765 fugiam,

453 789 702 844 cuiomni
731 789 848 843 loco
875 790 1041 859 judcx
1070 790 1349 843 occurrat?
1385 789 1475 844 llle
1519 790 1731 858 quidem
1767 804 1868 842 non
1898 805 2012 843 rna-

455 881 714 945 nifestus;
742 882 834 935 sed
874 881 964 951 qui
998 882 1137 935 mala
1185 897 1299 936 mea
1333 883 1530 951 ubique
1561 881 1860 951 redarguat.
1901 880 2013 935 Una

455 973 586 1027 mihi
615 987 736 1042 spes
769 972 959 1027 salutis
999 974 1199 1042 reliqua
1234 985 1340 1039 est;
1399 989 1532 1027 unus
1561 974 1681 1027 vitae
1710 977 2014 1042 propositus

452 1073 808 1126 commeatus,
833 1072 891 1116 ut
913 1061 1168 1115 nimirum
1195 1061 1374 1115 Jesum
1403 1063 1666 1124 noverim,
1696 1069 1750 1114 et
1782 1062 1846 1114 ad
1868 1060 2013 1112 illmn

454 1168 758 1208 accurram.
786 1151 887 1218 Qui
917 1151 1058 1206 enim
1082 1151 1391 1221 publicanos
1438 1150 1687 1218 suscipit,
1716 1163 1821 1201 non
1852 1161 2011 1216 repu-

453 1243 1030 1307 diabitmemtricem;
1085 1245 1173 1310 qui
1233 1241 1504 1295 communi
1557 1255 1678 1294 cum
1731 1239 2014 1292 Pbariszeis

453 1335 612 1404 epulo
644 1335 893 1397 comedit,
947 1335 1266 1402 peccatricis
1313 1333 1582 1401 lacrymas
1634 1347 1738 1386 non
1774 1332 2011 1400 repellet.

451 1425 528 1481 Ut
570 1442 698 1496 ergo
744 1427 967 1497 cognovi
1012 1427 1292 1480 divertisse
1348 1427 1485 1495 apud
1529 1424 1800 1478 Simonem
1825 1423 2012 1477 Phari-

451 1533 639 1582 szeum,
675 1517 740 1571 ad
772 1519 916 1570 illum
948 1518 1222 1572 accedam.
1256 1516 1397 1582 Quid
1425 1531 1552 1569 vero
1619 1517 1883 1571 accedens
1917 1531 2012 1584 pe-

451 1607 597 1661 tam?
625 1606 759 1660 Num
791 1607 1069 1660 oculorum
1097 1606 1422 1660 sanitatem?
1451 1607 1518 1658 At
1550 1613 1632 1659 est
1665 1616 2010 1674 lemporanea

449 1699 647 1768 gratia.
673 1697 808 1752 Num
859 1715 888 1752 a
941 1700 1129 1753 morbo
1167 1697 1420 1752 liberari?
1461 1698 1676 1764 Verum,
1708 1713 1894 1767 parum
1930 1706 2012 1752 est

446 1791 590 1859 quod
615 1805 680 1844 eo
703 1795 991 1844 coniicitur
1041 1809 1052 1842 :

448 1885 666 1954 gravior
713 1894 812 1938 est.
865 1882 1069 1937 Cuncta
1124 1883 1367 1936 omittam
1419 1897 1542 1950 qua:
1577 1891 1702 1935 sunt
1738 1881 2010 1951 corporis;

450 1979 616 2032 solam
643 1978 835 2031 animae
860 1977 1147 2031 sanitatem
1181 1976 1470 2044 requiram.
1526 1974 1698 2029 Unam
1743 1973 1888 2028 enim
1915 1973 2011 2026 im-

445 2068 793 2137 pendentium
824 2065 1086 2120 malorum
1108 2064 1529 2119 consolationem
1563 2063 1828 2117 inveniam
1850 2079 1866 2127 ;
1886 2063 2011 2115 dum

446 2161 635 2213 videro
656 2158 936 2227 iudicem:
977 2157 1102 2211 dum
1130 2170 1577 2225 praeoccupavero
1624 2163 1832 2224 tempus
1858 2153 2014 2223 puni-

449 2233 634 2309 tionis.
663 2251 983 2308 Emulabor
1013 2250 1200 2304 Rahab
1246 2248 1584 2302 meretricem
1620 2249 1642 2279 ⁸
1677 2265 1691 2300 :
1721 2262 2014 2316 persequar

449 2345 859 2401 mulieris-illius
906 2357 1086 2396 mores
1118 2341 1405 2395 studiosos.
1444 2337 1587 2392 Nihil
1631 2340 1826 2408 quippe
1874 2337 2013 2391 Deus

447 2454 476 2490 a
516 2439 671 2493 nobis
700 2437 844 2491 aliud
872 2435 1122 2505 requirit,
1146 2448 1304 2502 quam
1341 2433 1689 2486 mutationem
1733 2430 2009 2500 propositi.

518 2527 601 2582 Vl.
641 2528 774 2584 Cum
805 2531 917 2582 hate
951 2528 1034 2596 pie
1064 2526 1430 2594 dispexisset,
1483 2523 1827 2592 animumque
1855 2525 1920 2577 ad
1952 2525 2012 2577 ti-

444 2619 566 2675 dem
597 2618 897 2673 inunxisset
924 2634 938 2670 :
1002 2617 1408 2686 superingressa
1440 2624 1524 2670 est
1553 2615 1640 2669 ubi
1688 2617 2013 2671 accubuerat

445 2709 623 2778 Jesus,
656 2718 927 2778 assumpta
960 2711 1013 2761 in
1043 2707 1385 2761 occasionem
1411 2706 1678 2762 libertatis
1717 2707 1880 2776 priori
1907 2707 2009 2760 im-

443 2802 719 2871 pudentia.
764 2801 828 2854 Et
858 2799 932 2853 illi
986 2797 1200 2867 quidem
1234 2797 1365 2850 nihil
1417 2796 1689 2866 loquitur,
1743 2814 1863 2851 nam
1905 2813 2009 2852 non

446 2893 711 2947 audebat:
739 2899 961 2944 noverat
1013 2889 1180 2950 enim,
1241 2903 1343 2939 non
1393 2902 1527 2956 opus
1557 2902 1674 2940 esse
1704 2902 2008 2941 sermonum

449 2982 769 3050 inspectanti
799 2980 1176 3049 cogitationes.
1235 2978 1371 3044 Quid
1421 2979 1561 3030 enim
1618 2979 1795 3031 omnia
1822 2979 2008 3032 scienti

447 3080 660 3144 poterat
691 3071 910 3126 dicere?
935 3071 1084 3137 Quod
1116 3071 1469 3139 peccaverat?
1503 3069 1657 3136 Quod
1689 3070 1849 3124 multa
1884 3084 2006 3138 per-

444 3174 684 3234 petrarat
744 3163 926 3217 mala?
986 3162 1134 3228 Quod
1166 3162 1444 3229 deperiens
1480 3203 1494 3227 ,
1555 3171 1609 3215 et
1677 3162 2009 3231 deperitione

447 3265 648 3321 amata,
680 3253 858 3323 populi
890 3254 1050 3307 totius
1078 3253 1400 3320 voluptatem
1433 3251 1679 3306 foverat?
1715 3253 1872 3306 Erant
1897 3253 2008 3307 haec

446 3347 558 3400 Deo
597 3357 742 3411 nota,
780 3359 883 3399 non
916 3353 1117 3398 tantum
1155 3359 1276 3398 cum
1320 3344 1531 3407 ﬁerent,
1588 3343 1678 3396 sed
1710 3353 1764 3397 et
1803 3360 1921 3396 cum
1954 3345 2007 3397 in

443 3438 656 3493 occulto
694 3437 854 3490 animi
906 3436 1146 3490 c0nclavi
1203 3435 1554 3489 nudarentur.
1615 3433 1802 3488 Sciens
1829 3436 2009 3504 itaque

445 3529 588 3597 quod
625 3535 818 3581 cuncta
858 3533 1060 3588 nosset,
1091 3539 1190 3578 nec
1223 3539 1344 3577 cum
1395 3525 1685 3592 quidquam
1719 3533 1900 3592 posset
1928 3524 2008 3576 la-

444 3632 600 3675 tere:
631 3619 864 3686 linguam
896 3619 1111 3686 quidem
1142 3616 1287 3670 velut
1314 3615 1520 3671 foribus
1551 3615 1746 3682 munit,
1774 3615 2009 3684 loquitur

443 3725 573 3764 vero
604 3708 875 3780 lacrymis.
903 3706 1080 3770 Stans,
1109 3708 1273 3768 enim,
1308 3705 1500 3774 inquit,
1528 3722 1674 3758 secus
1698 3705 1848 3772 pedes
1869 3703 2004 3775 ejus,

443 3805 594 3872 ﬂens,
657 3803 802 3871 coepit
851 3801 1022 3869 rigare
1065 3797 1310 3867 Iacrymis
1345 3798 1497 3864 pedes
1530 3798 1666 3867 ejus.
1719 3796 2003 3863 Caeterum,

2122 517 2242 570 κατ’
2273 518 2514 587 ἐμαυτὴν
2541 517 2681 569 είπω
2701 557 2716 581 ,
2758 517 3039 586 ἀνωφελής
3069 533 3158 586 μοι
3194 515 3402 582 γίνεται
3456 516 3547 584 τῆς
3592 518 3657 585 ἐξ·

2118 610 2457 679 αγορεύσεως
2486 610 2514 660 ὁ
2544 609 2761 678 τρόπος.
2806 608 2964 660 Ἀλλά
2994 607 3218 676 καλύψω
3243 612 3308 659 τὰ
3334 608 3507 671 κακά;
3546 609 3656 662 Ἀλλ’

2117 699 2177 750 ού
2205 698 2436 768 δύναμαι
2469 696 2672 750 λαϐεῖν.
2705 697 2839 751 Τίνα
2870 697 2979 769 γὰρ
3021 697 3188 761 λάθω,
3225 698 3357 750 Θεὸν
3393 697 3562 750 λαθεῖν
3600 704 3656 772 μὴ

2116 789 2418 859 δυναμένη;
2469 787 2578 840 Ποῦ
2615 784 2707 840 οὖν
2766 788 2953 858 φύγω,
2999 789 3274 859 πανταχοῦ
3305 789 3395 841 τὸν
3431 790 3657 864 δικαστὴν

2118 880 2479 951 εὑρίσκουσα;
2512 881 2614 934 Τὸν
2651 881 2726 952 μὴ
2773 880 3096 950 φαινόμενον
3145 881 3266 950 μὲν,
3320 883 3660 952 πανταχοῦ

2118 968 2462 1038 διελέγχοντά
2495 987 2595 1038 μου
2618 971 2686 1022 τὰ
2710 969 2876 1022 κακά.
2909 971 3024 1023 Μία
3055 987 3144 1040 μοι
3173 972 3443 1041 σωτηρίας
3470 974 3658 1027 ἀπολεί-

2119 1077 2278 1112 πεται
2331 1060 2512 1124 ἐλπὶς,
2562 1061 2618 1112 ἓν
2657 1078 2745 1130 μοι
2789 1062 2998 1130 ἐφόδιον
3050 1062 3336 1130 πρόκειται
3378 1063 3547 1133 ζωῆς·
3593 1068 3658 1130 τὸ,

2117 1151 2207 1204 τὸν
2250 1151 2456 1221 Ἰησοῦν
2495 1150 2812 1219 ἐπιγνῶναι,
2856 1151 2949 1204 καὶ
2982 1151 3128 1222 αὑτῷ
3180 1152 3558 1222 προσδραμεῖν.
3614 1157 3658 1208 '0

2117 1241 2224 1311 γὰρ
2252 1241 2490 1304 τελώνας
2530 1241 2976 1312 προσδεχόμενος,
3020 1242 3119 1293 οὐκ
3157 1243 3510 1296 ἀπαναίνεται
3552 1247 3661 1317 πόρ-

2117 1350 2234 1403 νην.
2295 1335 2354 1384 '0
2388 1334 2702 1404 Φαρισαίοις
2733 1334 3024 1386 συνεσΟίων
3045 1374 3058 1398 ,
3095 1336 3155 1388 ού
3208 1340 3546 1405 παραιτεῖται
3580 1341 3660 1407 τῇς

2118 1425 2443 1496 ἁμαρτωλοῦ
2473 1425 2541 1478 τὰ
2587 1426 2814 1497 δάκρυα.
2875 1425 3027 1478 Ἐπεὶ
3063 1422 3155 1479 οὖν
3189 1427 3394 1496 ἔγνων,
3424 1429 3495 1492 ὡς
3536 1434 3663 1500 παρὰ

2116 1516 2321 1587 Σιμῶνι
2349 1517 2626 1587 Φαρισαίῳ
2649 1518 2967 1585 κατάγεται,
2991 1520 3164 1588 τούτῳ
3193 1520 3490 1595 προσέλθω.
3528 1523 3662 1574 Ἀ),ὶά

2114 1608 2165 1660 τί
2196 1609 2401 1678 αἰτήσω
2432 1608 2834 1678 προσελθοῦσα;
2879 1611 3203 1680 Ὀφθαλμῶν
3236 1613 3479 1678 ύγίειαν;
3529 1614 3668 1668 Ἀλλὰ.

2117 1699 2448 1771 πρόσκαιρος
2483 1703 2516 1770 ή
2553 1700 2734 1770 χάρις.
2780 1701 2954 1753 Νόσου
2996 1701 3347 1772 ἀπαλλαγήν;
3401 1703 3557 1755 Ἀλλὰ
3589 1723 3663 1773 μι-

1106 1806 1250 1847 mors
1315 1791 1460 1843 enim
1496 1801 1716 1854 :eterna,
1765 1800 1993 1859 prsesent

2124 1770 2246 1864 κρὸν
2293 1791 2353 1843 τὸ
2399 1791 2726 1861 κατόρθωμα
2752 1808 2765 1821 ·
2807 1794 2835 1844 ὁ
2878 1793 2985 1862 γὰρ
3031 1770 3281 1856 αἰώνιος.
3317 1795 3542 1858 θάνατος
3587 1770 3663 1848 τοῦ

2113 1883 2377 1953 παρόντος
2431 1883 2547 1935 ἐστὶ
2605 1883 2922 1956 βαρύτερος.
2971 1885 3154 1938 Πάντα
3209 1888 3440 1956 παρήσω
3490 1889 3554 1939 τὰ
3587 1889 3666 1941 τοῦ

2115 1975 2386 2046 σώματος.
2424 1976 2497 2029 Τὸ
2539 1976 2596 2029 δὲ
2638 1976 2739 2045 τῆς
2771 1975 2952 2046 ψυχῆς
2985 1977 3301 2048 ἐπιζητήσω
3341 1983 3495 2048 ιαμα.
3541 1982 3665 2033 Μίαν

2111 2066 2221 2137 γὰρ
2254 2067 2469 2137 εὑρήσω
2494 2065 2647 2120 λύσιν
2675 2067 2782 2118 τῶν
2811 2068 3205 2138 ἐπηρτημένων
3234 2070 3438 2132 κακῶν,
3464 2069 3560 2121 ἐὰν
3593 2072 3668 2122 τὸν

2111 2158 2369 2228 δικαστὴν
2403 2158 2494 2210 ἴδω
2518 2199 2532 2222 ,
2561 2158 2655 2211 ἐὰν
2699 2157 2954 2229 προλάϐω
2985 2160 3080 2228 τῆς
3126 2159 3396 2222 κολάσεως
3441 2161 3532 2212 τὸν
3570 2179 3670 2213 και-

2114 2251 2226 2322 ρόν.
2253 2252 2578 2321 Μιμήσομαι
2616 2250 2783 2302 Ῥαὰϐ
2803 2251 2900 2321 τήν
2928 2251 3154 2322 πόρνην,
3185 2252 3281 2321 τῆς
3309 2253 3566 2320 γυναικὸς
3593 2255 3671 2305 τὸν

2114 2341 2366 2412 ἐνάρετον
2399 2339 2709 2410 μεταδιώξω
2752 2342 2953 2412 τρόπον
2977 2359 2990 2373 ο
3024 2343 3176 2395 οὐδὲν
3210 2343 3316 2414 γὰρ
3367 2343 3498 2414 παρ’
3532 2343 3669 2412 ἡμῶν

2111 2432 2239 2486 ἄλλο
2271 2433 2514 2503 βούλεται
2541 2433 2690 2497 Θεὸς,
2720 2433 2752 2503 ἢ
2783 2434 3006 2504 γνώμης
3036 2434 3334 2504 ἐναλλαγήν
3365 2436 3505 2504 (68).

2185 2523 2251 2591 (7
2260 2524 2462 2579 ,Ταῦτα
2495 2526 2731 2589 εὐσεϐῶς
2748 2526 3149 2598 διασκεψαμένη
3184 2528 3314 2598 (69),
3337 2529 3429 2580 καὶ
3454 2530 3556 2598 τὴν
3573 2530 3674 2582 διά-

2111 2634 2256 2671 νοιαν
2288 2617 2422 2686 πρὸς
2453 2617 2633 2670 πίστιν
2667 2617 3024 2686 ἐπαλείψασα,
3058 2620 3436 2688 ἐπεισέρχεται
3465 2622 3548 2690 τῷ
3584 2623 3673 2690 Ὶη-

2113 2706 2206 2760 σοῦ
2246 2709 2376 2761 ὅπου
2404 2707 2668 2771 ἀνέκειτο,
2697 2708 2792 2778 τὴν
2824 2709 3094 2780 προτέραν
3134 2710 3404 2764 ἀναίδειαν
3434 2712 3520 2774 εἰς
3554 2713 3674 2764 ὑπο-

2112 2798 2259 2851 θεσιν
2298 2798 2607 2868 παρρησίας
2646 2796 2906 2851 λαϐοῦσα.
2944 2799 3053 2851 Καὶ
3097 2799 3242 2868 λέγει
3290 2800 3388 2869 μὲν
3415 2801 3572 2870 αὐτῷ
3599 2801 3680 2852 οὺ-

2110 2889 2197 2944 δέν
2221 2905 2234 2920 ⁸
2268 2891 2328 2942 ού
2361 2890 2467 2961 γάρ
2504 2890 2703 2959 ἐτόλμα
2724 2909 2735 2918 ν
2775 2889 2888 2959 ᾔδει
2917 2892 3025 2962 γὰρ
3071 2891 3145 2953 ὡς
3190 2895 3218 2944 ὁ
3267 2891 3374 2944 τῶν
3407 2892 3676 2961 λογισμῶν

2111 2979 2303 3049 ἔφορος
2351 2979 2409 3030 οὐ
2465 2979 2634 3031 δεῖται
2689 2979 2878 3048 λόγων.
2940 2981 3002 3031 Τί
3054 2981 3159 3051 γὰρ
3212 2984 3386 3033 εἰπεῖν
3438 2979 3556 3051 εἶχε
3609 2983 3678 3052 τῷ

2112 3070 2287 3123 πάντα
2311 3070 2504 3134 εἰδότι;
2531 3071 2652 3123 ’Ὁτι
2679 3072 2956 3142 ἥμαρτεν;
2993 3072 3112 3124 Ὅτι
3145 3073 3352 3124 πολλῶν
3382 3075 3572 3125 κακῶν
3602 3075 3680 3143 ἐρ-

2111 3162 2280 3230 γάτης
2315 3162 2566 3230 γέγονεν;
2592 3163 2715 3216 ’Ότι
2745 3164 2926 3232 ἐρῶσα
2960 3165 3054 3216 xui.
3081 3163 3328 3234 ἐρωμένη
3357 3164 3454 3234 τὴν
3487 3166 3658 3235 πάνδη

2113 3271 2211 3324 μον
2256 3255 2446 3327 ἡδονὴν
2481 3254 2852 3324 ἐθεράπευσε;
2904 3254 3088 3308 Ταῦτα
3129 3255 3248 3326 Θεῷ
3288 3256 3424 3325 δῆλα
3470 3252 3574 3326 ἦν,
3626 3258 3681 3308 ού

2111 3344 2457 3415 πραττόμενα
2493 3346 2673 3414 μόνον,
2705 3345 2839 3397 άλλά
2866 3346 2958 3398 καὶ
2981 3348 3038 3398 ἐν
3056 3347 3133 3416 τῷ
3162 3348 3352 3418 ἀφάνῳ
3379 3349 3482 3418 τῆς
3511 3349 3683 3420 ψυχῆς

2109 3433 2475 3506 βουλευτηρίῳ
2503 3435 2872 3506 γυμνούμενα.
2902 3437 3086 3490 Εἰδυῖα
3109 3434 3199 3508 οὖν
3228 3438 3304 3500 ὠς
3340 3439 3526 3491 πάντα
3559 3437 3685 3502 οἱὸε,

2109 3527 2203 3578 καὶ
2246 3525 2427 3578 λαθεῖν
2481 3527 2640 3579 αὑτὸν
2698 3526 2920 3580 δύναται
2971 3529 3160 3592 οὐδὲν,
3211 3529 3365 3600 Θυροῖ
3425 3532 3533 3600 μὲν
3595 3533 3687 3601 τὴν

2107 3615 2358 3682 γλῶσσαν
2378 3655 2392 3679 ,
2421 3616 2569 3668 λαλεῖ
2599 3616 2656 3670 δὲ
2696 3620 2806 3680 τοῖς
2837 3617 3087 3687 δάκρυσι.
3117 3619 3320 3674 Στᾶσα
3347 3621 3486 3691 γὰρ,
3523 3624 3689 3692 φησὶ,

2107 3709 2265 3775 παρὰ
2294 3708 2436 3773 τοὺς
2465 3708 2655 3774 πόδας
2694 3709 2800 3762 τοῦ
2843 3710 3077 3777 Ἰησοῦ,
3123 3713 3422 3766 κλαίουσα
3465 3713 3691 3780 ἤρξατο

2101 3797 2348 3867 βρέχειν
2377 3800 2518 3866 τοὺς
2548 3800 2738 3865 πόδας
2776 3801 2962 3854 αὺτοῦ
3001 3801 3124 3864 τοῖς
3162 3801 3484 3869 δάκρυσιν.
3560 3805 3693 3856 Ἀλλ’

445 3910 754 3965 quanquam
804 3907 909 3946 non
971 3891 1291 3959 loquebatur
1330 3887 1545 3957 lingua;
1593 3897 1646 3941 at
1672 3889 2005 3943 inenarrabi-

444 3984 567 4039 liter
598 3984 619 4014 ⁸
670 3993 923 4050 mutoque
973 3981 1131 4033 modo
1178 3980 1498 4047 loquebatur
1551 3977 1875 4046 gemitibus;
1911 3993 2006 4033 cor

445 4076 736 4130 contritum
797 4073 1092 4134 inﬂectens,
1124 4078 1466 4138 peccatorum
1523 4069 1857 4137 triumphans
1902 4086 2004 4123 nu-

447 4181 709 4223 merosam
746 4164 1174 4226 multitudinem;
1214 4163 1442 4214 absonas
1489 4170 1781 4231 turpesque
1803 4163 2007 4232 cogita-

2107 3892 2157 3943 ei
2197 3892 2288 3944 καὶ
2316 3893 2392 3961 μὴ
2416 3894 2480 3962 τῇ
2518 3891 2738 3963 γλώσσῃ
2769 3891 2968 3954 ἐλάλει,
3018 3891 3153 3944 ἀλλά
3192 3897 3533 3964 στεναγμοῖς
3568 3896 3698 3947 ἁλα-

2106 3982 2288 4052 λήτοις
2327 3983 2438 4053 (70)
2470 3983 2796 4052 ἐφθέγγετο,
2840 3982 2931 4036 τὸν
2963 3982 3296 4054 σύντριμμὸν
3329 3986 3432 4053 τῆς
3461 3987 3700 4054 καρδίας

2106 4073 2501 4142 ἐκκάμπτουσα
2523 4112 2536 4137 ,
2573 4073 2633 4126 τὸ
2667 4072 2869 4143 πλῆθος
2903 4075 3008 4127 τῶν
3053 4073 3336 4145 ἁμαρτιῶν
3376 4074 3700 4147 θριαμϐεύ-

2105 4182 2272 4218 ουσα·
2327 4165 2451 4228 τοὺς
2499 4165 2733 4227 ἀτόπους
2769 4165 3092 4234 λογισμοὺς,
3132 4166 3229 4229 τὰς
3271 4167 3504 4234 ἐναγεῖς
3546 4169 3704 4222 ἐνθυ-

446 4261 638 4326 tiones,
667 4259 1026 4312 exsecrandas
1055 4256 1398 4324 cupiditates,
1458 4254 1699 4308 actiones
1726 4255 1994 4324 profanas,

2124 4258 2336 4326 ιήσεις,
2404 4258 2500 4319 τὰς
2554 4255 2812 4326 βεϐήλους
2869 4258 3116 4327 πράξεις,
3171 4259 3268 4322 τὰς
3329 4262 3704 4330 παρανόμους

443 4351 708 4420 colloquia
750 4350 929 4416 iniqua
959 4348 1260 4400 traducens.
1288 4344 1500 4398 Nullum
1531 4345 1791 4414 siquidem
1826 4357 1994 4413 patra-

2124 4348 2317 4417 δμιλίας
2344 4347 2765 4418 ἐκπομπεύουσα
2786 4366 2798 4377 ·
2823 4349 2974 4400 οὐδὲν
2997 4349 3104 4420 γὰρ
3123 4345 3189 4420 ἧν
3214 4350 3320 4403 τῶν
3352 4354 3704 4423 πεπραγμέ‹

446 4449 528 4494 rat
560 4440 781 4503 malum,
811 4436 953 4507 quod
981 4451 1084 4489 non
1135 4435 1390 4504 lacrymis
1431 4437 1546 4488 dire
1599 4435 1994 4492 lamentaretur.

2124 4459 2210 4494 ρων
2247 4441 2382 4511 αὐτῇ
2423 4441 2628 4504 κακῶν,
2669 4440 2696 4493 ὃ
2734 4441 2808 4512 μὴ
2830 4441 3087 4512 δάκρυσιν
3114 4443 3506 4514 ἐξετραγῴδει.
3550 4446 3704 4517 ’ᾘδει

448 4529 661 4585 Sciebat
683 4530 822 4582 enim
860 4543 977 4596 qua:
1002 4528 1373 4585 conliteretur.
1425 4525 1679 4580 oblivioni
1708 4529 1994 4583 tradenda:

2124 4533 2213 4604 γὰρ
2249 4534 2330 4585 ὃτι
2367 4526 2439 4584 ὧν
2483 4532 2776 4602 ὡμολόγει,
2825 4533 2922 4603 τὴν
2978 4533 3283 4602 ἀμνηστίαν
3332 4534 3704 4606 ἐλάμϐανεν·

445 4621 572 4676 Dixi
587 4623 752 4685 enim,
779 4622 969 4689 inquit,
995 4618 1272 4687 Proferam
1296 4617 1565 4670 adversum
1588 4633 1667 4670 me
1693 4618 1994 4686 injustitiam

2124 4621 2255 4678 Ξῖπα
2279 4623 2407 4695 γάρ,
2432 4625 2615 4694 φησιν,
2651 4624 3058 4692 Ἐξαγορεύσω
3084 4625 3207 4678 κατ’
3233 4626 3380 4693 ἐμοῦ
3413 4629 3550 4696 τὴν
3577 4632 3704 4683 ἀνο-

444 4730 611 4766 meam
639 4713 896 4765 Domino:
933 4721 981 4763 et
1030 4721 1087 4764 tu
1143 4709 1387 4762 remisisti
1449 4709 1764 4775 impietatem
1803 4711 1994 4777 peccati

2124 4717 2246 4770 ιίαν
2270 4734 2387 4785 μου
2409 4715 2489 4780 τῷ
2510 4716 2722 4784 Κυρίῳ,
2751 4717 2845 4769 καὶ
2877 4717 2958 4770 σὺ
2988 4716 3227 4785 ἀφῆκας
3257 4719 3374 4785 τὴν
3399 4721 3704 4775 ἀσέϐειαν

443 4805 628 4862 mei“.
685 4801 798 4858 Nec
826 4803 904 4857 sic
965 4811 1170 4856 tantum
1221 4798 1653 4854 inenarrabiliter
1681 4799 1994 4868 loquebatur

2124 4802 2210 4872 τῆς
2260 4804 2505 4872 καρδίας
2541 4822 2680 4873 μου.
2713 4805 2821 4858 Καὶ
2860 4806 2920 4857 οὐ
2957 4806 3114 4874 μόνον
3151 4805 3448 4877 ἀλαλήτως
3507 4812 3704 4879 ἐφθέγ-

893 4941 914 4970 ⁹
944 4939 1098 4992 Rom.
1127 4953 1242 5000 vin,
1269 4935 1354 4989 9.6.
1434 4937 1477 4967 ‘°
1508 4935 1648 4989 Psal.
1689 4953 1839 5001 χιιι,
1875 4939 1926 4993 5.

557 4940 670 4995 Jos.
691 4956 748 5002 ιι,
767 4940 819 4995 1.

511 5071 620 5141 (68)
654 5073 730 5124 ’Ἡ
746 5088 976 5140 τινωμης
998 5069 1360 5141 ἐναλλαγήν,
1386 5067 1459 5120 Ita
1489 5083 1553 5122 ex
1577 5069 1879 5141 vinominis
1909 5085 1997 5124 so-

441 5139 533 5197 nat
555 5139 615 5194 τὸ
654 5139 924 5210 μετάνοια·
954 5151 1008 5193 et
1035 5143 1175 5208 quod
1208 5139 1728 5210 multisnpstratibus
1747 5139 1993 5210 crebrum

438 5223 543 5277 est,
567 5207 936 5278 Resipiscantia
961 5225 978 5262 :
1003 5207 1151 5276 cujus
1180 5218 1355 5278 tamen
1390 5207 1505 5263 luco
1535 5209 1730 5278 ubique
1751 5207 1873 5278 fere
1892 5208 1994 5263 Pa.

444 5276 618 5335 tribus
639 5276 741 5347 est,
773 5279 1105 5348 Pwnitentt'a.
1135 5277 1305 5332 Alline
1331 5279 1574 5347 estquod
1599 5276 1793 5331 Paulus
1816 5276 1984 5348 (Rom.

439 5359 495 5408 et
521 5349 664 5420 Gal.)
685 5351 940 5420 pra‘dicat
959 5351 1026 5404 de
1051 5347 1178 5420 ﬁde,
1200 5349 1468 5420 velutruna
1499 5349 1623 5420 sine
1652 5347 1901 5420 operibus
1922 5350 1988 5402 ad

440 5416 702 5478 salutem’
728 5418 952 5473 sumciat
989 5436 1000 5472 :
1031 5419 1182 5487 quasi
1229 5419 1482 5470 nimirum
1515 5417 1688 5480 radix,
1719 5416 1783 5469 ad
1835 5431 1994 5484 quam

2101 5072 2372 5126 rissimum
2404 5072 2526 5123 vitae
2554 5086 2720 5142 genus
2744 5072 2990 5140 arripuit,
3012 5073 3250 5142 vixitque

2170 5142 2280 5214 (Q9)
2305 5144 2588 5214 Ataaxey'.
2621 5141 2760 5214 Edil.
2780 5142 2970 5214 _Monll'.
2997 5141 3246 5214 ἐπισκεψ.

2169 5211 2283 5286 (ἴω
2310 5211 2677 5286 Ἀλαλήζρις.
2702 5211 2854 5265 Velut
2869 5214 3096 5286 passive,
3112 5211 3269 5286 juxta
3283 5215 3446 5283 quod
3465 5220 3704 5286 exponi

2097 5280 2184 5335 tur
2205 5280 2359 5336 Rom.
2397 5296 2508 5358 vni,
2535 5282 2754 5358 26,_quo
2777 5283 3054 5358 etvidetur
3073 5280 3342 5337 alludere:
3363 5280 3704 5358 quanquam

2093 5361 2274 5419 posset
2314 5352 2488 5404 active
2506 5351 2664 5410 sumi,
2703 5361 2757 5403 ut
2788 5363 2931 5406 esset
2977 5351 3276 5407 velutmute
3293 5371 3355 5406 ac
3386 5351 3528 5411 sine
3561 5351 3689 5413 {voce

2090 5437 2196 5493 quo
2235 5422 2398 5493 etiam
2435 5422 2590 5475 modo
2636 5420 2775 5493 forte
2806 5424 2979 5490 aptius
2995 5433 3174 5476 essent
3197 5425 3247 5475 in
3281 5432 3569 5493 sequenti
3614 5428 3704 5483 :ci

439 5493 488 5548 si
505 5499 584 5547 est
607 5489 865 5560 perfecta,
891 5490 1117 5542 debeant
1145 5487 1229 5542 illa
1257 5487 1509 5560 consequi
1539 5502 1635 5555 pro
1659 5487 1774 5540 loco
1787 5494 1840 5538 et
1863 5496 1994 5539 tem-

2124 5491 2251 5543 ,όνον
2282 5489 2564 5560 ἀλαλήτως
2605 5487 2926 5559 ἐφθέγγετο,
2957 5493 3042 5546 ubi
3089 5502 3262 5546 tamen
3300 5487 3387 5547 ob—
3414 5511 3694 5555 consecu

437 5577 590 5634 pore.
609 5559 717 5614 ’Sic
754 5569 899 5634 certe
935 5568 1118 5612 nostra
1161 5559 1452 5634 peccatrix,
1477 5572 1585 5634 non
1626 5566 1843 5634 tantum
1876 5571 1993 5607 mu-
2087 5559 2285 5634 tionem
2336 5559 2620 5634 tocmtunis
2656 5562 3000 5634 reddidimus,
3054 5562 3543 5634 inenarrabiliter,
3625 5573 3704 5622 ad-

441 5626 573 5685 tavit
604 5631 969 5701 propositum;
1005 5643 1184 5701 verum
1231 5628 1391 5701 etiam
1416 5627 1666 5701 adhibuit
1699 5626 1989 5701 lacrymas,
2080 5628 2264 5701 juncta
2321 5631 2612 5696 particula,
2667 5629 2754 5684 Sic
2798 5645 2818 5683 :
2881 5631 2949 5686 ad
2991 5631 3279 5701 quamdam
3326 5626 3700 5693 dcterhﬁua

439 5711 494 5755 et
518 5696 678 5771 pedes
703 5696 998 5754 dominicos
1032 5698 1290 5768 obsequio
1327 5697 1452 5751 fovit
1486 5715 1498 5750 :
1534 5698 1853 5766 tandemque
1887 5696 1988 5750 du-
2089 5700 2312 5754 tionem.
