3796 6308
137 244 189 301 Π
1051 255 1307 314 ORATIO
1345 258 1411 312 IN
1450 259 1804 316 MULIEREM
1839 262 2335 326 PECCATBICEM.
3253 283 3321 340 78

131 399 247 451 γετο,
282 385 387 445 τοῖς
434 390 761 457 στεναγμοῖς
807 388 908 459 τῆς
949 393 1174 459 καρδίας
1215 395 1536 449 δυσωποῦσα
1571 397 1649 450 τοι

1767 380 1946 434 cordis
1975 383 2370 454 gemitibusque
2407 403 2640 444 exorans
2671 391 2951 448 Dominum
2977 413 2989 448 :
3015 397 3106 452 sed
3144 410 3197 454 et
3228 402 3323 458 ha-

188 417 247 444 δυ,
291 417 383 445 .us,
434 417 758 457 uszvunuug
807 417 906 459 της
950 417 1106 462 lupo:

132 477 322 544 Κύριον·
363 476 502 528 ἀλλά
531 480 630 530 καὶ
666 483 908 553 σχήματι
942 485 1003 537 τὸ
1032 486 1128 556 τῆς
1164 489 1450 556 μετανοίας
1508 506 1662 560 περι-ο

132 562 295 632 ἐγραφε
321 563 536 626 κάλλος.
591 569 880 639 Ἐδάκρυσε
899 573 1025 642 μὲν,
1048 574 1123 638 ὡς
1151 575 1319 628 πολλὰ
1349 577 1620 644 γελάσασα
1642 596 1659 613 ο

130 655 216 712 τοῖς
256 654 428 712 καλοῖς
475 654 712 727 δάκρυσι
741 662 834 714 τὸν
864 664 1028 716 κακὸν
1059 665 1398 720 ὲκπλύνουσα
1429 669 1656 734 γέλωτα·

129 745 223 803 ταῖς
248 742 294 793 δὲ
324 746 502 813 ῥανίσι
542 748 654 799 τῶν
713 752 1008 823 ὀφθαλμῶν
1042 756 1132 808 τὸν
1163 756 1270 809 τῶν
1300 759 1541 828 παρειῶν
1570 762 1659 812 ὲκ-

133 835 356 885 πλίνονσα
391 836 569 904 ῥύπον
587 855 600 868 ·
631 840 717 894 ἵνα
751 844 810 893 ἐν
838 839 919 906 οἷς
944 845 1187 915 ἥμαρτεν
1205 887 1219 909 ,
1250 851 1306 900 ὲν
1331 850 1538 912 τούτοις
1567 853 1659 904 καὶ

135 925 490 994 ἀπολογήσηται
515 945 528 958 ·
569 932 628 983 ἐν
657 929 738 994 οἷς
775 935 1071 1006 ὴνόμησεν,
1108 940 1166 990 ἐν
1199 941 1406 1004 τούτοις
1445 943 1534 993 τὸν
1573 960 1658 996 νο-

138 1013 318 1083 μοθέτην
368 1017 750 1090 ὲξιλεὼσηται.
810 1025 1018 1096 Ὥσπερ
1056 1027 1163 1098 γὰρ
1207 1027 1304 1099 τὴν
1354 1032 1539 1099 κοίτην
1591 1032 1656 1100 ἣν

136 1106 363 1174 ἐκθέσμως
392 1111 627 1177 ἐμόλυνε
662 1116 972 1188 συμπλοκῇ,
1009 1119 1268 1191 δάκρυσιν
1298 1123 1600 1176 ἀπέπλυνεν
1627 1127 1656 1177 ὁ

137 1197 282 1248 Διαδ-
329 1202 545 1254 Λούσω
606 1206 735 1275 γὰρ,
787 1212 942 1278 φησὶ,
982 1213 1106 1265 καθ’
1155 1213 1419 1283 ἑκάστην
1469 1219 1656 1270 νύκτα

133 1289 216 1353 τὴν
237 1292 429 1358 κοίτην
445 1312 572 1361 μου
594 1315 606 1326 ·
636 1298 706 1350 ἐν
737 1299 996 1367 δάκρυσί
1019 1320 1138 1372 μου
1185 1307 1299 1372 τὴν
1337 1309 1654 1377 στρωμνήν⁴

129 1397 215 1445 μου
244 1382 427 1448 ,ϐρέξω
453 1400 464 1412 ·
496 1385 646 1440 οὕτω
677 1391 770 1442 καὶ
798 1391 936 1463 αὕτη
957 1410 970 1424 ⁸
1005 1394 1071 1446 δι’
1110 1389 1184 1449 ὧν
1211 1396 1500 1469 ὀφθαλμῶν
1529 1402 1653 1454 πολ-

131 1473 224 1532 λοὺς
267 1475 365 1527 τῶν
421 1478 560 1531 νέων
615 1483 698 1542 είς
738 1484 1028 1538 ἀκολασίαν
1086 1489 1346 1558 ὑπέσυρε,
1404 1491 1652 1562 δακρύων

132 1563 284 1628 ἀφεῖσα
305 1569 498 1633 πηγὰς,
519 1563 619 1622 ’τὸν
646 1571 946 1629 δύσπλυτον
969 1578 1065 1647 τῆς
1092 1580 1361 1652 ἁμαρτίας
1381 1584 1650 1636 ἀπέπλυνε

131 1654 286 1719 ῥύπον,
313 1657 442 1728 αὕτη
469 1661 643 1731 ἑαυτῇ
676 1663 898 1736 λοῦτρον
927 1671 1208 1736 μετανοίας
1238 1674 1647 1746 προϐαλλομένη

128 1744 180 1794 τὰ
207 1745 407 1817 δάκρυα.
450 1751 532 1804 Τὰ
568 1753 671 1820 μὲν
699 1755 808 1825 γὰρ
837 1757 1045 1828 δάκρυα
1077 1761 1152 1825 ὠς
1186 1761 1330 1834 ὕδωρ
1359 1765 1494 1818 αὐτὰ
1516 1744 1657 1838 napi—

129 1837 237 1901 εἶχε·
279 1839 366 1906 τὴν
408 1840 464 1892 δὲ
512 1843 713 1909 ᾶςρεσιν
757 1847 1004 1916 ἀοράτως
1054 1851 1204 1922 παρὰ
1262 1853 1353 1906 τοῦ
1406 1837 1646 1927 Χριστοῦ

130 1925 380 1996 ὑπεδέχετο.
433 1931 600 1986 Ἀλλὰ
653 1935 759 2006 μὴν
790 1941 884 1991 καὶ
916 1940 1005 1992 τὸν
1057 1943 1304 2014 Ἀϐραὰμ
1323 1985 1336 2004 ,
1368 1948 1428 1998 οὐ
1460 1925 1654 2018 μιμου-

131 2015 233 2084 μένη
258 2019 422 2086 μόνον,
453 2023 596 2077 ἀλλά
637 2029 730 2078 καὶ
775 2030 999 2095 νικῶσα,
1033 2034 1159 2097 τοὺς
1189 2035 1354 2100 πόδας
1379 2038 1653 2091 ἀπέπλυνε

127 2106 195 2158 τού
222 2109 452 2180 Χριστοῦ.
501 2115 562 2168 '0
605 2118 707 2187 μὲν
741 2121 850 2192 γὰρ
873 2125 1107 2194 νιπτῆρα
1148 2126 1281 2190 θεὶς,
1354 2127 1504 2182 ὕδατι
1553 2133 1655 2183 ἀπ-

133 2198 316 2265 έπλονε,
347 2207 434 2257 καὶ
468 2207 670 2280 λεντίῳ
713 2214 1084 2282 κατέμασσεν·
1120 2217 1254 2288 αὕτη
1303 2220 1359 2272 δὲ
1377 2221 1474 2289 οὐχ
1514 2221 1653 2292 ὕδωρ

129 2291 403 2362 ἁντλήτασα,
434 2298 575 2352 ἀλλά
606 2304 817 2372 κρήνας
847 2305 1094 2378 δακρύων
1124 2313 1323 2380 ἀφεῖσα
1343 2354 1357 2377 ,
1395 2316 1520 2379 τοὺς
1555 2317 1652 2370 πό-

132 2380 201 2443 is;
222 2385 468 2440 ἀπέπλυνε
498 2391 600 2443 τοῦ
649 2395 826 2462 Ἰησοῦ
851 2415 862 2427 ·
898 2403 1197 2473 φεισαμένη
1231 2404 1309 2469 δὲ,
1344 2407 1416 2477 μὴ
1449 2407 1652 2480 δάκρυ-

131 2489 193 2524 σιν
213 2477 526 2549 ἁμαρτωλοῖς
559 2486 767 2553 ἁγνοὺς
801 2490 1055 2565 ἐνυϐρίσῃ
1086 2494 1270 2560 πόδας.
1302 2498 1364 2550 τδ
1397 2500 1504 2554 τῶν
1533 2477 1650 2572 1;?“

133 2566 214 2632 χῶν
237 2570 397 2636 κάλλος
435 2575 510 2638 ὡς
541 2577 754 2632 λεντίον
800 2581 1168 2650 ὑποϐαλοῦσα,
1213 2589 1464 2662 ἀπέμασε
1515 2595 1642 2657 τοὺς

131 2658 284 2721 πέδας·
319 2666 401 2716 καὶ
443 2662 510 2737 ἦν
545 2669 680 2722 ἰδεῖν
727 2671 846 2726 ὅλον
884 2673 953 2726 δι’
995 2675 1116 2729 ὅλου
1157 2678 1217 2731 τὸ
1261 2658 1482 2748 γύναιον
1515 2684 1650 2754 πρὸς

134 2746 368 2818 θεράπειαν
419 2758 514 2811 τοῦ
597 2761 771 2830 Ἰησοῦ
820 2767 1220 2837 καμπτόμενον·
1275 2746 1339 2824 Οἱ
1390 2774 1489 2842 μὲν
1541 2746 1646 2847 ίὰῥ

131 2840 343 2914 ὀφθαλμοὶ
371 2849 600 2916 ἄνωθεν,
628 2855 705 2917 ὠς
729 2856 948 2926 κρῆναι.
979 2857 1228 2929 δακρύων
1256 2840 1500 2934 ἔπεμπον
1530 2840 1650 2936 ἀχε-

135 2932 252 2994 τεύς·
279 2938 306 3005 ὴ
336 2937 555 3012 δὲ’ψυχὴ
599 2942 787 3014 ὥσπερ
818 2945 1014 3017 νιπτὴρ
1041 2932 1410 3021 ὑποκειμένη,
1442 2953 1544 3016 τὰς
1582 2932 1648 3007 εκ

1766 467 1881 520 bitu
1909 471 2236 536 paenitentiae
2267 478 2719 545 pulchritudinem
2745 485 3117 542 adumbrabat.
3149 488 3322 558 Luge-

1767 555 2119 626 batquidem,
2147 564 2302 634 velut
2346 583 2465 636 quat
2503 570 2727 624 multum
2776 574 3004 641 risisset,
3061 555 3324 634 bonis—la-

1769 649 1968 716 crymis
2000 651 2182 707 eluens
2213 655 2410 711 malum
2455 659 2654 728 risum;
2686 663 2962 720 oculorum
3017 682 3144 722 vero
3167 672 3323 726 stillis

1768 737 2016 794 abluebat
2041 757 2296 810 genarum
2317 753 2505 805 sordes
2531 769 2543 804 :
2585 762 2643 806 ut
2670 755 2723 807 in
2758 758 2954 825 quibus
2980 775 3317 828 peceanverat,

1766 830 1818 884 in
1847 830 1912 886 iis
1935 848 2146 903 quoque
2171 838 2533 898 defensionem
2567 845 2788 902 haberet
2814 870 2828 904 :
2865 851 2918 904 in
2953 855 3149 921 quibus
3179 858 3321 925 egis-

1735 923 1846 976 ‘set
1875 923 2080 994 inique,
2119 930 2169 981 in
2203 931 2269 984 iis
2307 931 2664 1000 legislatorem
2700 939 2955 1006 placaret.
2987 944 3136 1000 Sicut
3174 951 3319 1004 enim

1765 1013 1930 1070 David
1967 1019 2223 1085 pollutum
2249 1023 2426 1094 iniqua
2459 1031 2647 1096 copula
2677 1029 2872 1088 lectum
2896 1037 3148 1108 .lacrymis
3173 1042 3320 1097 elue-

1764 1105 1858 1158 bat
1889 1124 1902 1158 :
1939 1105 2147 1163 Lavabo
2187 1113 2352 1179 enim,
2384 1116 2575 1185 inquit,
2635 1138 2726 1189 per
2768 1105 3212 1194 singulas-noctes
3245 1136 3320 1189 le-

1764 1207 1901 1250 ctum
1928 1216 2097 1253 meum
2123 1219 2140 1256 :
2165 1201 2409 1274 lacrymis
2442 1213 2565 1264 meis
2599 1222 2819 1269 stratum
2842 1234 3010 1274 meum
3041 1225 3222 1294 rigabo
3250 1227 3317 1293 η,

1766 1288 1837 1342 ita
1869 1303 1922 1344 et
1950 1291 2061 1346 haec
2090 1309 2102 1343 :
2131 1295 2324 1363 quibus
2375 1299 2542 1354 oculis
2602 1305 2798 1361 multos
2845 1311 3213 1373 adolescentes
3262 1321 3315 1374 in

1763 1377 2028 1433 luxuriam
2081 1383 2441 1452 subtraxerat,
2474 1391 2538 1445 iis
2575 1392 2931 1464 lacrymarum
2965 1402 3140 1462 fontes
3159 1411 3318 1465 emit-

1765 1476 1901 1531 Iens,
1933 1473 2135 1537 peccati
2167 1476 2354 1530 sordes
2401 1494 2506 1532 non
2541 1481 2725 1539 faciles
2759 1486 2886 1555 elui,
2920 1493 3180 1561 diluebat,
3233 1499 3314 1554 si-

1761 1557 1812 1610 bi
1846 1559 1956 1627 ipsa
2008 1565 2336 1645 paenitentiae
2387 1567 2657 1627 lavacrum
2704 1557 3312 1658 preponenslacrvntas.

1763 1648 1878 1716 Ipsa
1930 1653 2144 1720 quidem
2180 1697 2195 1721 ,
2233 1642 2356 1712 'ceu
2406 1675 2599 1730 aquam
2631 1706 2646 1728 ,
2685 1642 2950 1741 lacrvinas
3001 1642 3310 1745 praebebat:

1757 1741 2012 1798 invisibili
2081 1758 2258 1803 autem
2309 1754 2519 1811 ratione
2596 1762 2962 1821 remissionem
3019 1786 3049 1824 a
3101 1775 3316 1834 Christo

1756 1836 2097 1906 suscipiebat.
2166 1841 2450 1902 Enimvero
2497 1863 2603 1904 non
2655 1854 2818 1909 etiam
2849 1859 3054 1917 imitata
3107 1877 3313 1924 tantum

1754 1924 2048 1993 Abraham,
2083 1933 2176 1985 sed
2209 1943 2264 1988 et
2313 1951 2598 2006 superans,
2649 1945 2852 2002 Christi
2897 1953 3068 2009 abluit
3127 1961 3309 2026 pedes.

1755 2012 1847 2070 Ille
1885 2020 2101 2087 quidem
2135 2024 2272 2091 pelvi
2337 2030 2534 2096 posita,
2588 2035 2840 2094 abluebat
2888 2056 3027 2112 aqua
3065 2012 3314 2108 dum;

1753 2112 2096 2180 extergebat;
2134 2117 2250 2172 haec
2281 2133 2428 2183 vero.
2453 2139 2590 2193 aqua
2644 2144 2750 2184 non
2799 2134 3010 2202 hausta,
3062 2142 3156 2194 sed
3183 2145 3314 2198 mit-

1755 2210 1874 2256 tens
1908 2203 2268 2276 lacrymarum
2326 2213 2529 2281 fontes,
2581 2219 2827 2277 abluebat
2859 2225 2985 2281 Jesu
3016 2233 3176 2298 pedes
3204 2251 3218 2288 :
3251 2251 3315 2290 ae

1753 2308 1972 2362 cavens,
1993 2315 2060 2354 ne
2087 2301 2339 2374 lacrymis
2364 2313 2754 2376 peccatricibus
2779 2320 3003 2387 pedibus
3039 2329 3204 2382 castis
3229 2329 3315 2382 in-

1747 2385 1948 2457 iuriam
1980 2393 2204 2462 faceret,
2227 2414 2538 2471 compactos
2564 2409 2745 2466 crines
2772 2413 2912 2469 velut
2937 2415 3162 2473 linteum
3185 2425 3314 2477 sub-

1751 2482 1996 2549 mittens,
2027 2489 2191 2555 pedes
2222 2497 2535 2564 extergcbat
2568 2515 2583 2550 :
2622 2513 2843 2570 eratque
2885 2507 3068 2564 videre
3089 2512 3312 2568 mulier-

1751 2575 1949 2642 culam,
1983 2587 2146 2633 totam
2179 2598 2403 2651 prorsus
2433 2588 2499 2641 ad
2531 2588 2657 2645 Jesu
2677 2594 2997 2665 obsequium
3036 2599 3308 2661 inﬂexam.

1750 2664 1901 2721 Oculi
1932 2670 2149 2738 quidem
2179 2674 2430 2745 desuper.
2462 2694 2558 2734 ceu
2589 2681 2785 2751 fontes,
2808 2686 3162 2760 lacrymarum
3188 2697 3313 2750 mit-

1752 2761 1936 2816 tebant
1973 2764 2143 2832 rivos;
2179 2768 2390 2824 animus
2434 2782 2610 2826 autem
2661 2792 2756 2830 ceu
2807 2781 2979 2848 pelvis
3018 2787 3308 2854 supposita,

1750 2853 2068 2911 distillantes
2120 2874 2151 2912 e
2204 2861 2430 2927 pedibus
2485 2877 2665 2934 guttas
2713 2853 3312 2941 excipiebat;cincinni

1749 2945 2114 3016 detergebant,
2147 2951 2294 3007 lintei
2327 2954 2607 3024 implentes
2651 2960 2919 3031 formam;
2950 2983 3158 3037 manus,
3190 2973 3313 3030 fuso

133 3021 214 3074 τῶν
238 3028 384 3080 πεδῶν
407 3033 826 3099 ἀποσταςούσας
853 3037 1064 3107 ἐδέχετο
1093 3040 1330 3110 ῥανίδας.
1363 3043 1426 3096 Oi
1452 3044 1509 3096 δὲ
1531 3045 1649 3097 πλό-

1755 3040 2007 3098 alabastri
2027 3057 2320 3113 unguento,
2343 3021 2550 3104 divinos
2573 3056 2842 3124 ungebam
2865 3021 3315 3134 pedem—unguen—

134 3119 602 3192 ημοιῆπέμασσον,
633 3125 694 3178 τὸ
722 3125 928 3180 λεντίου
963 3129 1296 3200 πληροῦντες
1331 3135 1536 3204 σχῆμα.
1580 3138 1644 3190 Αἱ

133 3201 174 3254 δὲ
213 3211 362 3278 χεῖρες
396 3214 454 3266 τὸ
502 3216 850 3288 ἀλάϐαστρον
892 3218 986 3273 τοῦ
1039 3221 1212 3292 μύρου
1259 3201 1639 3295 nardi-foueat,

135 3297 227 3360 τοὺς
249 3299 399 3366 θείους
423 3306 647 3376 ἠλείφον
678 3309 861 3376 πόδας,
895 3310 1051 3382 μύρῳ
1079 3312 1142 3365 τὸ
1170 3313 1337 3384 μύρον
1377 3316 1644 3386 τιμῶσαν

135 3387 292 3454 Ηύρον
305 3393 420 3464 γὰρ,
451 3400 604 3466 φησὶ,
635 3399 894 3452 κενωθὲν
910 3400 1024 3471 (71)
1056 3401 1242 3471 ὄνομά
1263 3417 1383 3458 σοι.

191 3480 248 3534 Z'.
265 3479 397 3551 Εἶδες
423 3488 536 3552 πῶς
565 3490 790 3561 ἐνίκησε
823 3491 920 3562 τὴν
941 3492 1234 3564 ἀχάριστον
1256 3494 1361 3548 τῶν
1385 3497 1650 3552 Ἰουδαίων

137 3571 312 3645 γνώμην
339 3579 462 3650 γυνὴ
496 3582 854 3651 ἁμαρτωλὸς,
886 3585 920 3654 ἡ
963 3584 1122 3637 θείων
1164 3584 1391 3657 ἄμοιρος
1442 3589 1649 3659 νόμων;

137 3663 184 3713 Οί
216 3667 292 3732 μὲν
318 3669 415 3741 γὰρ
437 3672 604 3738 λίθοις
639 3674 804 3728 αὐτὸν
833 3675 1074 3741 ἔϐαλλον,
1108 3677 1141 3744 ἡ
1169 3677 1227 3729 δὲ
1270 3680 1381 3741 τοῖς
1407 3679 1506 3748 τῆς
1561 3681 1652 3732 εύ-

136 3754 261 3819 ωδίας
282 3760 522 3832 ηὔφραινε
568 3765 795 3836 μύροιςο
823 3766 959 3820 ἀλλά
1001 3768 1241 3820 Ἰουδαῖοι
1269 3769 1367 3839 μὲν
1407 3769 1485 3832 ὡς
1517 3771 1651 3840 ἀχά-

144 3867 290 3917 pictai,
311 3855 376 3918 ὼς
393 3858 639 3912 ἀσύνετοι
664 3860 759 3913 καὶ
785 3860 1118 3930 ἀγνώμονες,
1153 3865 1343 3925 κακοῖς
1363 3862 1651 3932 ἠμείϐοντο

141 3943 207 3994 τὸν
235 3947 508 4020 εὐεργέτην,
540 3951 712 4014 λίθοις
753 3951 847 4004 τὸν
881 3954 1274 4022 ἀκρογωνιαίον
1301 3952 1650 4022 φιλοφρονού-

145 4036 256 4101 alvo:
293 4039 447 4094 λίθον·
490 4047 523 4115 ὴ
566 4045 627 4097 δὲ
665 4045 832 4112 μύρῳ
863 4045 1101 4114 ἤλειφε-
1129 4046 1270 4111 τοὺς
1310 4045 1503 4109 πόδας
1553 4046 1647 4098 τοῦ

147 4129 366 4196 μέλλοντος
423 4137 485 4190 δι’
540 4139 714 4210 αὐτὴν
770 4139 1106 4209 πανημέριον
1168 4139 1260 4192 ἐπὶ
1321 4138 1416 4192 τοῦ
1477 4139 1647 4209 ἰκρίον

146 4220 337 4277 ίστᾶσθαι
405 4229 494 4281 τοῦ
571 4229 830 4300 σταυροῦ.
902 4231 1012 4283 Καὶ
1075 4230 1127 4284 τί
1181 4231 1358 4298 λέγω,
1413 4231 1495 4283 ὅτι
1558 4230 1649 4283 τὸν

146 4309 370 4382 ἀχάριστον
408 4320 505 4372 τῶν
552 4321 823 4374 Ἰουδαίων
887 4323 1106 4392 ἐνίκησε
1159 4323 1330 4394 δῆμον
1351 4365 1365 4388 ,
1407 4325 1540 4377 ὅπου
1585 4342 1648 4392 γε

147 4402 246 4456 ὅλων
267 4409 354 4462 τῶν
377 4413 532 4478 ἁγίων
553 4415 947 4486 ὑπερηκόντισε
976 4415 1066 4467 τὸν
1095 4415 1277 4486 χορόν;
1313 4414 1512 4468 Ἔλαϐε
1539 4415 1649 4486 γὰρ

149 4493 282 4562 χάριν.
307 4501 362 4568 ἣν
386 4503 478 4556 οὐκ
515 4502 709 4556 ἔλαϐον
749 4503 1008 4574 βασιλεῖς,
1038 4501 1105 4575 ἦς
1132 4506 1234 4558 οὐκ
1266 4505 1456 4576 ἔτυχον
1488 4505 1647 4559 δυνά-

150 4597 238 4636 σται
274 4591 518 4660 Βασιλεῖς
537 4596 648 4665 γὰρ
676 4595 926 4662 Θαρσεὶς
950 4595 1046 4648 καὶ
1070 4594 1248 4662 νῆσοι
1280 4594 1439 4664 δῶρα
1465 4612 1648 4662 προσ-

151 4675 358 4743 οίσουσι,
386 4687 472 4738 καὶ
507 4685 1053 4754 προσκυνήσουσιν
1091 4687 1250 4752 αὐτῷ
1309 4686 1532 4752 πάντες
1594 4691 1647 4739 οἱ

1756 3141 1867 3186 tum
1915 3145 2187 3203 unguento
2245 3138 2614 3197 honorantes:
2669 3143 3004 3218 Unguentum
3037 3155 3179 3210 enim
3231 3158 3313 3212 in-

1749 3225 1888 3296 quit,
1917 3238 2243 3295 euacuatum,
2281 3247 2463 3288 nomen
2487 3235 2580 3288 tibi
2613 3236 2677 3293 ¹².

1821 3499 1933 3557 Vll.
1976 3498 2245 3565 Vidistin’,
2300 3511 2360 3556 ut
2407 3505 2602 3560 mulier
2635 3512 2929 3578 peccatrix,
2983 3529 3178 3586 expers
3217 3520 3306 3576 illa

1749 3589 2053 3644 divinarum
2081 3591 2281 3661 legmn,
2311 3593 2576 3662 ingratam
2603 3600 2793 3654 vicerit
2819 3600 3125 3661 Iudaeorum
3157 3625 3308 3664 men-

1751 3682 1902 3735 tem?
1934 3681 2012 3735 llli
2041 3683 2259 3751 quidem
2315 3689 2588 3755 appetiere
2643 3691 2906 3760 lapidibus
2951 3713 2964 3749 :
3014 3697 3130 3754 haec
3169 3716 3299 3757 vero

1749 3771 2036 3839 unguentis
2061 3773 2500 3831 suaveolentibus
2535 3781 2820 3835 recreavit.
2870 3784 2942 3837 At
2966 3787 3182 3854 quidem
3209 3790 3311 3844 Ju-

1747 3858 1869 3923 diei,
1895 3874 1990 3913 ceu
2053 3861 2283 3931 ingrati,
2334 3879 2433 3920 ceu
2489 3868 2806 3937 insipientes
2869 3881 3032 3942 atque
3056 3877 3307 3948 improbi,

1748 3951 1994 4007 beneﬁro
2022 3953 2175 4007 malis
2201 3956 2565 4024 rependebant
2583 3999 2599 4026 ,
2628 3959 2859 4030 lapidem
2901 3967 3213 4036 angularem
3241 3971 3307 4035 ⁸³,

1750 4043 1924 4096 amica
1981 4045 2314 4114 excipientes
2367 4046 2734 4116 lapidatione:
2767 4055 2878 4109 haec
2937 4067 3120 4114 autem
3166 4063 3308 4120 illius

1746 4132 1898 4201 pedes
1932 4147 2193 4203 unguento
2221 4139 2443 4208 angebat
2476 4141 2541 4207 ",
2567 4144 2656 4213 qui
2687 4144 2826 4200 diem
2860 4157 3024 4204 totam
3051 4151 3103 4206 in
3131 4158 3310 4212 crucis

1749 4224 2009 4292 patibulo,
2037 4227 2205 4295 ipsius
2251 4245 2434 4297 causa,
2463 4242 2704 4293 staturus
2730 4249 2866 4295 erat.
2896 4242 3033 4310 Quid
3059 4260 3210 4314 vero,
3235 4250 3311 4304 in-

1749 4331 1960 4389 gratum
1992 4322 2271 4381 Iudaicum
2316 4332 2592 4400 populum,
2651 4338 2772 4392 dico
2825 4340 3022 4398 vicisse
3046 4383 3062 4411 ,
3091 4351 3309 4418 quando

1748 4412 1987 4467 omnium
2015 4429 2326 4473 sanctorum
2363 4426 2638 4491 superavit
2669 4429 2931 4487 chorum?
2956 4435 3126 4503 Quam
3162 4443 3308 4496 enim

1748 4505 1976 4573 gratiam
2031 4523 2184 4577 reges
2232 4527 2335 4565 non
2386 4528 2730 4585 acceperunt,
2767 4537 2928 4590 quam
2979 4540 3226 4595 potentes
3254 4547 3311 4588 et

1748 4593 2020 4662 principes
2045 4613 2149 4653 non
2180 4601 2550 4672 obtinuerunt,
2577 4612 2787 4680 accepit
2812 4614 2922 4684 ipsa
2951 4593 3145 4689 :Reges
3163 4625 3304 4677 enim

1751 4681 1984 4750 Tltarsis,
2001 4699 2049 4741 et
2073 4690 2258 4746 insula:
2284 4711 2496 4750 munera
2518 4699 2732 4766 offerent
2752 4719 2771 4757 :
2791 4715 2841 4758 et
2870 4707 3167 4764 adorabunt
3190 4729 3308 4766 eniti

147 4761 364 4837 βασιλεῖς
390 4775 490 4842 τῆς
515 4777 646 4845 τῆς.
681 4778 790 4830 Καὶ
816 4779 879 4849 δὴ
912 4779 1053 4831 κατὰ
1083 4778 1176 4830 τὸν
1203 4778 1507 4870 προφήτην,

1755 4791 1916 4830 amnes
1952 4794 2094 4848 reges
2124 4791 2276 4837 terra:
2309 4785 2372 4839 “'.
2428 4787 2570 4844 Sane
2599 4806 2728 4846 vero
2781 4792 2939 4861 juxta
2990 4801 3306 4870 prophetam

153 4852 308 4911 ὶίωκαν
330 4865 387 4916 τὰ
409 4867 568 4938 δῶρα,
605 4869 700 4922 καὶ
729 4870 1140 4939 προσεκύνησαν
1174 4869 1456 4941 πόρρωθεν
1475 4886 1488 4900 ·
1527 4863 1643 4920 ἀλλ’

153 4945 280 5012 οὐδεὶς
299 4955 453 5010 αὐτῶν
496 4962 587 5014 τοῦ
635 4961 808 5031 Ἰησοῦ
857 4963 981 5025 τοὺς
1012 4962 1176 5025 πόδας
1220 4961 1466 5032 ἐφίλησε.
1517 4961 1642 5022 Πῶς

153 5034 261 5105 γάρι
295 5037 466 5099 Ἦλθον
504 5052 666 5120 μάγοι
728 5050 982 5114 λαϐόντες
1027 5050 1231 5120 ἀστέρα
1275 5052 1375 5120 τῆς
1434 5051 1641 5112 ἱκεσίας

157 5124 402 5201 σδμμαχονο
429 5140 556 5194 ἀλλά
581 5140 865 5213 πόρρωθεν
893 5143 1282 5212 ὲδωροφὸρουν,
1314 5142 1412 5211 τῆς
1435 5140 1641 5204 οἰκείας

155 5215 306 5285 τάξεως
342 5229 394 5281 τὸ
442 5233 629 5304 μέτρον
676 5233 1067 5302 γινώσκοντες·
1129 5237 1190 5287 ’0
1230 5233 1484 5300 οὐρανὸς
1533 5231 1640 5302 γάρ

1746 4876 1800 4920 et
1829 4870 2089 4925 dederunt
2116 4875 2278 4941 dona,
2305 4889 2353 4932 et
2382 4881 2592 4936 eminus
2625 4883 3017 4942 adoraverunt:
3048 4899 3103 4942 at
3131 4892 3308 4949 nullus

1753 4973 1935 5013 coram
1962 4963 2236 5019 osculatus
2261 4978 2341 5021 est
2373 4970 2537 5037 pedes
2572 4969 2723 5027 Jesu.
2766 4973 2867 5040 Qui
2925 4979 3108 5034 enim?
3132 4981 3310 5038 Vene-

1750 5060 1874 5104 runt
1902 5055 2070 5122 magi,
2097 5068 2319 5125 accepta
2345 5059 2492 5114 stella
2525 5063 2932 5131 supplicationis
2959 5071 3105 5126 socia
3133 5090 3149 5128 :
3175 5077 3309 5129 emi-

1745 5159 1848 5197 nus
1881 5151 2057 5200 tamen
2089 5145 2389 5204 offerebant
2421 5154 2582 5216 dona.
2627 5158 2842 5212 modum
2873 5162 2955 5216 sui
2993 5173 3162 5220 status
3201 5182 3306 5220 nor

1746 5234 2059 5302 ignorantes
2087 5256 2100 5293 :
2130 5237 2326 5293 Caelum
2353 5243 2487 5297 enim
2527 5247 2653 5299 mihi
2684 5249 2828 5304 sedes
2858 5262 2974 5318 est;
3024 5267 3162 5312 terra
3205 5275 3308 5311 au.-

210 5424 244 5457 “
267 5428 380 5490 Psal.
413 5454 479 5511 vi,
503 5445 554 5500 '7.
633 5447 677 5478 "
717 5446 849 5502 Can.
877 5465 914 5514 ι,
950 5449 1005 5504 2.
1085 5451 1126 5482 ³³
1161 5433 1302 5506 Ρεδιξ
1333 5468 1497 5519 cxvn,
1525 5450 1615 5505 9-2.

1764 5452 1917 5508 Juan.
1953 5473 2007 5524 χ,
2045 5457 2131 5511 51.
2211 5460 2420 5518 "Psal.
2474 5481 2621 5534 Lxxt,
2687 5470 2754 5524 10

212 5578 789 5676 ςῖίρῌεγωθέντ-Μοηιῐ,
815 5605 1134 5673 ὲκκενωθέν,
1182 5617 1240 5660 ut
1277 5609 1414 5676 apud
1465 5607 1628 5664 LXX.

222 5640 228 5646 -
285 5640 292 5648 ι
366 5640 396 5643 --
421 5640 568 5654 *τυ-σι.
604 5640 789 5657 anuus].
815 5640 1134 5673 ςιυυςννωυςν,
1182 5640 1240 5660 υι
1277 5640 1414 5676 αμυυ
1466 5640 1628 5664 ΗΑΛ.

165 5640 251 5702 n‘“
269 5654 404 5728 δνομά
434 5682 536 5725 σου.
561 5673 673 5729 Sed
704 5675 985 5731 lectionem
1024 5678 1467 5735 Combelisianam
1497 5696 1633 5750 pra:-

1740 5609 1842 5664 fert
1865 5628 2073 5682 quoque
2093 5615 2262 5671 codex
2301 5619 2455 5674 Alex.
2485 5623 2622 5698 Infra
2665 5635 2842 5681 tamen
2875 5628 2905 5752 ἓ
2932 5645 3007 5697 xl,
3037 5630 3127 5688 ubi
3151 5631 3301 5691 locus

1740 5682 1826 5735 hic
1851 5683 2042 5740 iterum
2071 5686 2360 5752 excitatur,
2387 5689 2613 5752 legimus
2633 5696 2870 5750 ἑκκενωθ
2905 5715 2951 5752 ν.

1740 5682 1826 5735 hic
1851 5683 2042 5740 iterum
2071 5686 2360 5753 excitatur,
2387 5689 2615 5760 legimus
2633 5682 2934 5752 ἑκκενωθῖν
