3796 6324
415 283 486 338 79
1366 273 1422 327 S.
1464 266 1913 326 AMPlllLOCHll
1953 263 2335 355 ICONIENSIS
2373 261 2678 319 EPISCOPI
3595 256 3672 316 80

417 411 542 459 tum,
578 395 856 450 scabellam
884 393 1072 463 pedum
1107 406 1340 446 mearum
1372 392 1436 444 “.
1472 389 1745 445 Laudetur
1800 387 1982 455 itaque

2112 402 2190 438 tat
2215 383 2448 451 θρόνος,
2483 383 2521 450 ἡ
2556 380 2624 434 δὲ
2652 378 2751 450 γῆ,
2777 377 3110 433 ὑποπόδιον
3148 374 3265 431 τῶν
3292 375 3497 430 ποδῶν
3523 395 3665 449 μου.

420 488 639 549 mulier,
677 486 821 539 velut
847 500 963 553 quae
997 484 1161 538 totius
1213 493 1373 537 teme
1403 482 1629 552 gloriam
1658 477 1982 545 susceperit;

420 581 570 635 velut
608 592 728 649 qua:
755 576 1149 645 sitamplexata
1208 572 1586 628 immaculatos
1622 570 1802 638 pedes,
1836 568 1989 637 cujus

419 670 698 740 pulverem
720 666 924 732 litigent
944 672 1136 734 gentes
1159 662 1640 731 cognationesque,
1669 657 1819 724 juxta
1847 654 1989 723 quod

422 763 625 813 dictant
660 768 778 812 est:
818 755 883 809 Et
942 754 1142 809 inimici
1173 754 1289 823 ejus
1315 762 1510 805 terram
1541 750 1734 817 lingent
1758 746 1824 799 ".
1858 750 1988 799 Am-

426 853 581 920 plexa
620 859 703 905 est
764 850 1110 903 intemeratas
1153 847 1354 915 pedes:
1407 842 1606 897 Christi
1642 852 1835 904 corpus
1869 852 1988 890 cum

421 943 627 997 Joanne
682 942 880 1012 partita
947 950 1051 995 est.
1106 938 1195 992 llle
1247 936 1496 1005 equidem
1552 931 1798 987 recubuit
1828 924 2037 998 supra‘

424 1046 609 1105 pectus
644 1033 708 1097 ⁸⁸,
737 1042 797 1087 ιιι
826 1031 946 1086 inde
999 1042 1357 1099 cxpressurns
1391 1024 1623 1078 divinam
1649 1020 1988 1076 doctrinam:

425 1137 481 1181 at
508 1127 611 1181 ista
640 1127 804 1195 pedes
833 1125 991 1177 unxit
1042 1120 1347 1191 gradientes
1391 1117 1557 1172 nostri
1588 1128 1772 1169 causa.
1822 1111 1990 1166 Porro

420 1219 677 1275 Christus
714 1217 806 1288 qui
837 1231 942 1268 non
988 1214 1194 1282 judical
1242 1217 1545 1281 peccatum,
1600 1206 1693 1259 sed
1720 1202 1992 1272 paeniten-

427 1313 557 1366 tiam
581 1312 792 1365 laudat:
825 1309 915 1377 qui
955 1307 1224 1377 praeterita
1284 1318 1389 1356 non
1448 1300 1634 1371 punit,
1675 1297 1767 1351 sed
1802 1294 1996 1363 probat

426 1404 632 1469 futura,
673 1401 883 1454 traditis
913 1397 1168 1453 oblivioni
1224 1395 1381 1449 malis
1408 1392 1525 1459 ejus
1563 1390 1850 1459 prioribus,
1878 1402 1996 1441 mu-

427 1497 544 1552 lieri
578 1499 835 1550 honorem
868 1492 1050 1554 habet,
1083 1499 1140 1543 et
1166 1487 1348 1541 laudat
1394 1482 1792 1553 pmoitentiam.
1828 1478 1994 1534 Justi-

428 1589 555 1644 ﬁcat
579 1589 868 1656 lacrymas.
892 1593 945 1637 et
993 1582 1325 1651 propositum
1361 1585 1606 1631 coronat.

2106 473 2444 528 Ἐπαινέσθω
2481 473 2658 525 τοίνυν
2690 472 2724 541 ἠ
2757 469 2914 541 γυνὴ,
2957 471 3031 533 ὡς
3065 468 3191 539 ὅλης
3220 466 3316 538 τῆς
3339 468 3441 538 γῆς
3466 467 3563 538 τὴν
3592 487 3673 523 τι·

2099 567 2204 638 μὴν
2241 565 2617 636 ὑποδεξαμένη
2634 582 2649 596 '
2677 565 2751 627 ὡς
2783 563 3034 635 ἁψαμένη
3062 562 3234 615 ποδῶν
3261 560 3570 632 ἀχράντων,
3595 553 3673 615 ὧν

2094 659 2184 710 τὸν
2214 656 2342 727 χοῦν
2376 656 2501 727 ἔθνη
2536 657 2628 709 καὶ
2652 654 2879 726 πατριαὶ
2917 653 3139 717 λίξουσι,
3176 651 3315 706 κατά
3349 652 3409 705 τὸ
3446 652 3673 723 εἰρημέ-

2094 765 2213 802 νον·
2248 747 2358 801 Kal
2402 750 2455 801 οι
2485 747 2684 816 ἐχθροὶ
2728 746 2913 800 αὑτοῦ
2936 746 3086 813 χοῦν
3122 743 3423 808 λίξουσιν.
3457 744 3676 812 ’Ἥψατο

2096 840 2272 893 ποδῶν
2324 839 2640 911 ὰχράντων·
2713 837 3006 909 ἐμερίσατο
3063 836 3201 907 πρὸς
3275 836 3528 904 Ἰωάννην
3577 832 3674 888 τοῦ

2095 927 2330 1000 Χριστοῦ
2369 928 2430 982 τὸ
2462 928 2640 999 σῶμα.
2678 928 2736 981 Ὀ
2763 928 2859 997 μὲν
2891 929 3000 997 γὰρ
3028 927 3122 978 ἐπὶ
3156 925 3385 995 στήθους
3417 926 3672 976 ἀνέπεσε·

2097 1019 2247 1073 θείαν
2262 1022 2370 1092 γὰρ
2397 1019 2623 1074 αὐτόθεν
2641 1019 2831 1090 ἔμελλε
2861 1017 3206 1071 διδασκαλίαν
3233 1015 3672 1086 ἁπομάσσεσθαι·

2097 1114 2131 1183 η
2165 1112 2222 1164 δὲ
2261 1114 2389 1174 τοὺς
2428 1111 2569 1182 ὑπὲρ
2600 1110 2755 1182 ἡμῶν
2799 1110 3109 1181 βαδίζοντας
3153 1110 3317 1171 πόδας
3350 1108 3674 1183 ὑπήλειφεν.

2110 1180 2248 1257 ’Ἀλλ’
2291 1207 2319 1257 6
2370 1180 2773 1274 Xptcrsbgwpsv,
2800 1180 2836 1255 76
2860 1203 2934 1272 μὴ
2983 1202 3080 1273 τῆν
3126 1201 3401 1271 ἁμαρτίαν
3450 1180 3674 1270 κρίνων,

2098 1296 2235 1349 ἀλλά
2278 1296 2376 1368 τὴν
2410 1297 2699 1367 μετάνοιαν
2733 1295 3005 1349 ἐπαινῶν·
3038 1297 3066 1347 6
3103 1295 3178 1365 μὴ
3225 1293 3294 1345 τὰ
3336 1292 3678 1363 παρελθόντα

2098 1380 2361 1457 κολὸίζων,
2417 1391 2554 1444 ἀλλά
2590 1391 2659 1444 τὰ
2692 1390 2956 1461 μέλλοντα
3000 1388 3343 1458 δοκιμάζων,
3397 1388 3679 1458 ἀμνηστίᾳ

2100 1482 2383 1556 παρελθὼν
2412 1482 2482 1536 τὰ
2512 1482 2851 1553 προλαϐόντα
2886 1482 3054 1551 αὐτῆς
3083 1480 3249 1542 κακὰ,
3284 1481 3419 1549 τιμᾷ
3445 1479 3545 1549 τὴν
3577 1496 3677 1547 γυ-

2099 1577 2281 1639 ναῖκα,
2323 1574 2416 1627 καὶ
2453 1575 2668 1625 ἐπαινεῖ
2714 1571 2812 1642 τὴν
2860 1572 3183 1641 μετάνοιαν’
3235 1570 3432 1622 δικαιοῖ
3470 1570 3540 1623 τὰ
3583 1570 3678 1622 δά-

2101 1684 2264 1738 κρυα,
2298 1668 2392 1719 καὶ
2422 1667 2674 1733 στεφανοῖ
2702 1664 2797 1733 τὴν
2833 1662 3110 1733 πρόθεσιν.

500 1762 636 1815 Vlll.
678 1759 878 1814 Videtis
908 1766 1089 1812 autem
1120 1754 1429 1808 Pharisaaus
1459 1750 1797 1815 miraculum,
1820 1747 2000 1803 animo

2171 1758 2252 1812 H'.
2268 1759 2336 1812 Ὅ
2369 1775 2431 1826 γε
2454 1760 2742 1828 Φαρισαῖος
2770 1755 2911 1826 ὀρῶν
2928 1754 2988 1806 τὸ
3022 1754 3206 1823 θαῦμα
3225 1791 3239 1815 ,
3261 1752 3559 1822 πλήττεται
3582 1750 3679 1820 τὴν

428 1854 799 1924 obstupescit:
833 1851 1077 1917 ictusque
1109 1845 1332 1911 invidia,
1354 1844 1595 1898 mulieris
1620 1841 1996 1910 paenitentiam

429 1964 538 2005 non
567 1947 822 2001 admittit.
846 1942 984 2008 Quin
1010 1954 1161 2002 vero,
1185 1952 1304 2005 qua:
1328 1937 1406 1990 sic
1440 1934 1725 1989 Dominum
1765 1933 2000 1989 honora-

429 2051 604 2104 verat,
638 2034 960 2093 contumelia
987 2048 1084 2088 ceu
1127 2033 1179 2084 in
1215 2031 1405 2085 taciem
1434 2029 1630 2083 cardit:
1663 2026 1889 2098 ejusque
1911 2026 1999 2081 cui

430 2133 641 2188 delatus
662 2137 805 2184 esset
834 2127 1023 2185 bonos,
1087 2122 1392 2192 ignorantia
1425 2120 1629 2176 calculo
1661 2120 1880 2185 tributa,
1915 2120 2000 2173 di-

429 2224 690 2293 quitatem
717 2219 925 2273 minuit.
974 2216 1165 2270 Videas
1223 2215 1384 2275 enim,
1435 2214 1647 2281 inquit,
1696 2208 2000 2264 l’ltaristeus

429 2317 524 2387 qui
556 2324 816 2369 vocaverat
848 2327 999 2371 eum,
1035 2311 1107 2362 ait
1164 2312 1303 2360 intra
1347 2319 1442 2360 se:
1485 2303 1607 2369 Hic,
1642 2304 1687 2357 si
1713 2311 1843 2357 esset
1886 2317 2005 2371 pro-

431 2409 608 2476 pheta,
650 2405 807 2459 sciret
860 2403 1036 2469 utique
1069 2415 1185 2468 qua:
1226 2410 1272 2451 et
1324 2395 1496 2466 qualis
1544 2404 1619 2449 est
1665 2394 1854 2447 mulier
1885 2407 2003 2463 qua:

436 2498 601 2566 tangit
631 2511 748 2549 eum
775 2509 795 2548 :
819 2495 947 2561 quia
973 2493 1240 2559 peccatrix
1266 2500 1361 2542 est.
1390 2485 1435 2542 Ο
1454 2484 1617 2540 stulte
1639 2495 1692 2540 et
1721 2484 2002 2554 insipiens,

436 2600 766 2657 prorsusque
797 2583 1103 2638 Pharisme!
1131 2581 1263 2634 Dum
1295 2580 1394 2634 ista
1419 2579 1578 2642 dicis,
1628 2592 1733 2630 non
1765 2575 2003 2630 mulieris

436 2680 623 2746 arguis
652 2692 874 2739 mores;
905 2678 998 2730 sed
1027 2686 1174 2728 tuum
1214 2677 1329 2743 ipse
1355 2672 1592 2724 animum
1627 2667 2003 2738 reprehendis,

436 2773 528 2840 qui
558 2771 731 2831 dicas,
764 2769 974 2822 nescire
1010 2766 1159 2819 illum
1202 2779 1446 2833 quamam
1481 2770 1625 2816 esset
1657 2760 1871 2814 mulier.
1887 2758 2000 2813 Non

430 2876 565 2932 ergo
591 2869 650 2913 ut
686 2861 850 2915 Deum
890 2860 981 2928 qui
1001 2867 1182 2909 nosset
1212 2852 1673 2916 oninia,vocando
1704 2850 2001 2905 honorasti.

439 2952 558 3008 Non
600 2951 765 3021 igitur
792 2948 976 3018 pudet,
999 2963 1032 3001 o
1056 2946 1340 3016 magniﬁce
1364 2943 1726 2999 calumniator
1764 2952 1819 2996 et
1848 2956 2006 3012 syco-

436 3046 660 3116 phanta,
693 3041 836 3113 quod
860 3041 1076 3111 quidem
1133 3049 1189 3093 ut
1213 3037 1377 3091 Deum
1422 3050 1600 3100 voces,
1632 3044 1686 3090 et
1719 3034 1811 3104 qui
1844 3036 2005 3089 bene-

437 3100 618 3191 dicere
651 3100 820 3201 possit
840 3147 855 3185 :
878 3100 1184 3202 proclames
1217 3143 1345 3183 vero
1368 3138 1425 3182 ut
1456 3100 1820 3182 hominem'ac
1860 3125 2006 3181 velut
2031 3100 2072 3162 ο

442 3238 592 3289 eum,
623 3224 708 3292 qui
750 3221 880 3277 nihil
909 3221 1174 3290 sciatprae
1205 3220 1378 3275 nobis.
1424 3218 1546 3284 Hic,
1584 3218 1779 3288 inquit,
1807 3218 1852 3271 si
1874 3226 2003 3272 esset

437 3319 712 3386 propheta.
752 3313 796 3370 Ο
824 3330 982 3384 quam
1014 3323 1065 3368 te
1106 3314 1315 3377 melior,
1381 3312 1669 3375 Pharisaze,
1701 3311 1889 3365 mulier
1918 3310 2007 3365 illa

439 3409 496 3461 in
546 3405 823 3471 Sichimis,
878 3418 997 3470 qua:
1043 3403 1358 3473 prophetam
1417 3402 1683 3462 nesciens,
1739 3416 1802 3455 ex
1835 3400 2007 3469 primo

440 3497 622 3550 statim
656 3496 772 3549 visu
807 3493 1164 3560 confessaest
1187 3491 1541 3547 Salvatoreni!
1589 3492 1806 3545 Domine
1838 3492 2004 3558 enim,

440 3587 635 3655 inquit,
667 3586 812 3640 video
835 3586 958 3653 quia
978 3585 1226 3653 propheta
1282 3602 1335 3638 es
1384 3595 1438 3637 tu
1469 3584 1531 3636 ".
1569 3583 1738 3650 Quam
1789 3597 1919 3636 vero
1954 3591 2007 3635 et

442 3682 560 3736 hec
609 3682 905 3748 peccatrix,
965 3694 1075 3749 prae
1131 3690 1181 3733 te
1227 3679 1385 3748 digna
1419 3678 1818 3740 admiratione,
1854 3677 2008 3744 cujus

443 3771 658 3842 quidem
691 3771 839 3824 vides
878 3777 1179 3838 peccatum,
1211 3766 1306 3822 sed
1340 3769 1714 3837 pmttiteutiatn
1757 3785 1860 3824 non
1891 3784 2010 3824 cer-

442 3862 547 3917 nisl
579 3861 720 3928 Quin
744 3870 798 3915 et
820 3861 1174 3922 condemnas,
1203 3875 1365 3929 quam
1388 3861 1550 3927 iudex
1592 3859 1854 3928 justiﬁcat
1888 3880 1900 3915 :
1926 3876 2009 3916 re-

441 3954 837 4024 prehendisque
863 3964 916 4007 et
942 3958 1215 4021 Vitttpet‘as
1241 3994 1256 4019 ,
1314 3969 1475 4023 quam
1522 3954 1663 4008 Deus
1708 3955 2010 4022 suscipiens

441 4050 699 4100 coronat:
733 4045 873 4112 quod
907 4046 1078 4100 visum
1115 4045 1254 4113 apud
1283 4054 1334 4099 te
1362 4044 1533 4098 Deum
1560 4045 1612 4097 in
1641 4044 1812 4098 farina
1838 4045 2011 4098 homi-

442 4137 529 4190 nis
555 4138 982 4199 recumbentem,
1019 4136 1260 4205 agnovit,
1286 4135 1443 4203 eique
1489 4135 1748 4189 honorem
1781 4134 1966 4189 habuit
1994 4154 2007 4189 :

443 4232 604 4291 atque
644 4223 837 4277 animm
861 4222 1085 4277 retectis
1106 4223 1435 4285 vulneribus,
1483 4223 1931 4289 misericordiam,
1957 4238 2013 4282 et

445 4315 732 4369 auterioris
763 4316 885 4370 vitae
913 4317 1324 4370 commissorum
1370 4317 1804 4373 obliterationem
1834 4320 2007 4389 petiit.

445 4405 525 4459 Tu
551 4415 727 4458 autem
761 4406 851 4473 qui
911 4408 1188 4461 hanorasti
1254 4407 1517 4470 vocando,
1570 4410 1893 4463 contumelia
1931 4410 2011 4462 in-
2044 4454 2086 4507 Β

444 4496 700 4561 honores,
754 4496 975 4551 dicens:
1016 4496 1073 4551 Si
1124 4510 1253 4552 esset
1311 4500 1583 4566 propheta,
1639 4499 1791 4552 sciret
1834 4504 2009 4568 utique

441 4604 559 4658 (μίαν
587 4597 635 4643 et
664 4587 838 4657 qualis
893 4599 966 4643 est
1025 4590 1212 4643 mulier
1260 4605 1375 4659 qua:
1419 4592 1586 4659 tangit
1631 4606 1767 4643 eum.
1818 4590 2004 4644 Miser!

440 4691 729 4750 propterea
793 4682 916 4750 quia
968 4695 1071 4735 non
1127 4682 1303 4751 arguit
1354 4693 1441 4736 tua
1503 4682 2010 4753 mala,ignorautiae

442 4773 710 4828 damnas?
745 4772 1035 4841 Propterea
1067 4774 1192 4841 quia
1218 4783 1416 4828 tectum
1446 4782 1594 4827 tuum
1620 4772 1863 4842 pluribus
1882 4788 2005 4843 gra-

445 4876 626 4920 vatum
659 4865 816 4921 malis
842 4866 1026 4929 subiit,
1054 4866 1333 4920 scientiam
1365 4866 1593 4919 adimis?
1646 4863 1721 4918 Ita
1748 4880 1835 4929 ne,
1867 4868 2008 4934 quod

440 4958 722 5027 rogaveris
753 4968 811 5012 ut
830 4959 1058 5013 intraret
1080 4960 1178 5012 sub
1208 4966 1404 5012 tectum
1429 4964 1607 5020 tuum,
1632 4965 1691 5009 ut
1712 4966 1888 5011 tecum
1914 4971 2008 5010 ac-

442 5049 738 5115 cumberet,
755 5061 811 5104 ut
822 5050 1015 5105 eduliis
1035 5051 1140 5105 tuis
1157 5051 1220 5103 ad
1222 5049 1413 5119 jiceret
1425 5063 1664 5113 manum,
1680 5062 1778 5102 nec
1792 5057 2009 5116 rogatus

442 5140 713 5207 abnuerit.
749 5157 913 5196 unum
946 5142 1177 5211 aliquem
1201 5143 1269 5195 de
1304 5140 1486 5195 multis
1526 5135 2007 5196 arbitraris?Num

443 5244 572 5286 vero
597 5231 789 5302 dignus
819 5246 963 5297 eras,
1000 5243 1057 5285 ut
1082 5232 1316 5301 hospitio
1370 5230 1534 5287 Deum
1581 5231 1882 5300 exciperes,
1915 5235 2007 5282 aut

442 5324 491 5377 ei
525 5338 743 5390 parares
769 5337 1035 5390 mensam,
1086 5324 1178 5393 qui
1228 5338 1464 5379 mensam
1517 5323 1726 5393 paravit
1751 5322 1803 5376 in
1824 5322 2007 5375 deser-

444 5424 500 5469 to
530 5414 613 5466 "‘t
666 5412 862 5470 Verum
906 5430 1029 5472 cum
1084 5416 1417 5488 propensiori
1477 5416 1530 5469 in
1586 5414 1833 5469 homines
1864 5422 2010 5468 esset

441 5504 656 5571 allecto,
698 5524 804 5562 non
835 5507 1156 5565 detrectavit
1190 5518 1247 5563 ut
1279 5524 1310 5563 a
1342 5509 1456 5564 suis
1509 5509 1623 5578 ipse
1674 5506 1887 5561 famulis
1916 5519 2009 5575 po-

513 5686 561 5721 “
589 5684 861 5757 lsa.t.xvt,
914 5688 967 5743 1.

2099 1849 2360 1913 διάνοιαν,
2398 1849 2492 1902 καὶ
2516 1848 2694 1918 φθόνῳ
2726 1846 3068 1917 βαλλόμενος,
3104 1845 3165 1897 οὐ
3192 1844 3557 1913 παραδέχεται
3583 1842 3679 1911 τῆς

2104 1941 2359 2010 γυναικὸς
2390 1941 2489 2012 τὴν
2526 1939 2833 2010 μετάνοιαν.
2883 1937 3042 1993 Ἀλλὰ
3084 1936 3176 1988 καὶ
3215 1936 3313 2005 τὴν
3343 1934 3486 1993 οὕτω
3520 1938 3679 2001 τιμή-

2103 2050 2272 2088 σασαν
2306 2032 2397 2086 τὸν
2429 2031 2656 2105 Κύριον,
2694 2030 3045 2101 ἐπιρραπίζει
3078 2032 3142 2099 τῇ
3173 2026 3437 2096 λοιδορία·
3464 2026 3557 2077 καὶ
3586 2024 3679 2077 τοῦ

2099 2125 2421 2196 τιμηθέντος
2467 2124 2679 2177 ἐλαττοῖ
2710 2123 2770 2175 τὸ
2801 2121 3017 2192 ἀξίωμα
3038 2160 3053 2183 ,
3081 2122 3302 2188 ἄγνοιαν
3338 2117 3680 2188 αὐτῷκατα-

2107 2213 2494 2286 ψηφιζόμενος.
2537 2213 2696 2268 Ἰδὼν
2727 2212 2857 2282 γὰρ,
2886 2213 3071 2282 φησιν,
3104 2214 3134 2264 ό
3159 2208 3481 2279 Φαρισαῖος
3504 2211 3539 2260 ό
3576 2224 3680 2260 κα-

2100 2306 2290 2370 λέσας
2311 2305 2516 2368 αὑτὸν,
2531 2300 2699 2357 εἶπεν
2722 2304 2790 2356 ἐν
2813 2302 3022 2365 ἐαυτῷ·
3054 2297 3264 2367 Οὗτος,
3279 2303 3328 2354 εί
3349 2296 3427 2370 ἦν
3453 2297 3680 2367 προφή-

2102 2417 2231 2468 της,
2271 2399 2535 2469 ἔγνωκεν
2559 2397 2636 2451 ἂν
2663 2398 2755 2462 τίς
2790 2397 2889 2449 καὶ
2936 2395 3175 2462 ποταπὴ
3224 2396 3262 2462 ἡ
3303 2393 3479 2464 γυνὴ,
3512 2392 3551 2457 ἥ
3592 2409 3681 2454 τις

2102 2491 2347 2547 ἅπτεται
2399 2489 2607 2554 αὑτοῦ,
2650 2489 2741 2543 ὅτι
2793 2490 3143 2558 ἁμαρτωλός
3176 2489 3365 2541 ἐστιν.
3403 2482 3474 2538 Ὦ
3506 2486 3679 2556 ἄφρον

2104 2586 2198 2640 καὶ
2226 2585 2475 2649 ἁσύνετε,
2507 2586 2601 2638 καὶ
2626 2585 2693 2637 τὰ
2723 2584 2820 2638 ὅλα
2845 2585 3106 2652 Φαρισαῖε
3127 2582 3140 2635 l
3165 2581 3351 2635 Ταῦτα
3393 2580 3589 2646 λέγων,
3620 2578 3679 2630 οὐ

2105 2676 2204 2746 τῆς
2235 2676 2490 2744 γυναικὸς
2517 2674 2812 2744 διελέγχεις
2838 2673 2930 2726 τὸν
2968 2673 3167 2742 τρόπον
3186 2688 3200 2702 ·
3240 2670 3377 2724 ἀλλά
3407 2671 3503 2740 τῆς
3544 2669 3678 2733 ἰδίας

2104 2770 2426 2837 κατηγορεῖς
2476 2766 2848 2836 προαιρέσεως
2867 2805 2882 2831 ,
2919 2766 3132 2832 ἀγνοεῖν
3168 2762 3329 2817 αὑτὸν
3362 2761 3537 2829 λέγων
3556 2803 3571 2821 .
3600 2762 3682 2824 τίς

2104 2875 2234 2912 ποτε
2274 2858 2519 2928 ὑπῆρχεν
2560 2859 2593 2927 ἡ
2634 2856 2794 2925 γυνή.
2828 2854 3037 2908 Οὐκοῦν
3085 2855 3181 2923 οὐχ
3231 2853 3307 2915 ὡς
3341 2851 3473 2905 Θεὸν
3506 2852 3683 2905 πάντα

2103 2946 2438 3016 γινώσκοντα
2455 2948 2521 3017 τῇ
2548 2944 2738 3015 κλήσει
2764 2943 3030 3014 ἐτίμησας
3050 2960 3064 2973 ·
3093 2942 3190 2995 οὐκ
3213 2941 3339 3012 αἰδῇ
3360 2938 3475 3004 οὖν,
3492 2935 3684 3011 ὦλαμ-

2107 3038 2211 3109 πρὲ
2237 3039 2509 3109 κατήγορε
2543 3037 2636 3090 καὶ
2669 3037 3000 3104 συκοφάντα,
3041 3036 3124 3088 ὅτι
3160 3033 3345 3096 καλεῖς
3388 3034 3488 3103 μὲν
3518 3035 3680 3091 αὑτὸν

2106 3129 2182 3192 ὡς
2205 3129 2336 3182 Θεὸν
2366 3129 2459 3182 καί
2482 3128 2773 3199 εὐλογῆσαι
2792 3128 3110 3197 δυνάμενον,
3140 3125 3411 3197 καταϐοᾷς
3434 3125 3491 3179 δὲ
3518 3126 3680 3179 αὑτοῦ

2106 3219 2180 3284 ὡς
2208 3219 2515 3292 ἀνθρώπου,
2549 3220 2643 3273 καὶ
2670 3219 2836 3290 μηδὲν
2872 3219 3013 3289 ὑπὲρ
3034 3220 3180 3289 ἡμᾶς
3217 3218 3439 3281 εἰδότος.
3469 3213 3679 3283 Οὗτος.

2105 3311 2269 3382 φησὶν
2288 3352 2302 3375 ,
2329 3313 2382 3365 εί
2422 3308 2499 3381 ἦν
2531 3311 2863 3380 προφήτης.
2894 3312 3005 3365 Καὶ
3037 3312 3202 3367 πόσον
3233 3328 3326 3364 σου
3357 3310 3612 3380 βελτίων,
3641 3309 3684 3361 ὡ

2104 3405 2379 3475 Φαρισαῖε,
2423 3406 2457 3475 ή
2496 3406 2552 3457 ὲν
2590 3404 2853 3474 Σικήμοις
2893 3404 3052 3472 γυνὴ,
3096 3404 3129 3473 ή
3177 3401 3252 3473 μὴ
3294 3402 3581 3473 προφήτην
3612 3404 3680 3453 εί-

2104 3496 2247 3560 δυῖα,
2283 3497 2375 3549 καὶ
2406 3497 2470 3548 ὲκ
2511 3492 2733 3565 πρώτης
2775 3493 2950 3563 ὅψεως
2992 3494 3084 3546 τὸν
3131 3493 3362 3564 Σωτῆρα
3403 3492 3682 3563 ὁμολογή-

2108 3591 2265 3642 σασαί
2304 3590 2501 3657 Κύριε.
2547 3587 2676 3658 γὰρ,
2707 3590 2873 3657 φησι,
2916 3583 3108 3653 θεωρῶ
3145 3585 3235 3639 ὅτι
3281 3586 3593 3653 προφήτης
3634 3579 3688 3636 εἶ

2107 3683 2209 3735 σύ.
2258 3683 2427 3735 Πόσον
2457 3682 2516 3734 δέ
2558 3699 2651 3734 σου
2680 3679 3100 3749 θαυμαστοτέρα
3128 3677 3223 3731 καὶ
3260 3677 3401 3748 αὕτη
3442 3678 3683 3746 ήνάμαρο

2106 3770 2297 3835 τωλὸς,
2330 3766 2397 3843 ἦς
2440 3771 2538 3841 τὴν
2570 3771 2668 3840 μὲν
2697 3769 2971 3840 ἁμαρτίαν
2999 3769 3151 3840 ὁρᾷς,
3182 3767 3280 3838 τὴν
3307 3767 3364 3820 δὲ
3396 3767 3680 3836 μετάνοιαν

2106 3865 2165 3916 οὺ
2200 3863 2447 3933 βλέπειςί
2489 3862 2646 3931 Ἀλλά
2686 3863 2779 3916 καὶ
2821 3860 3188 3931 κατακρίνεις,
3222 3860 3290 3930 ἢν
3322 3862 3351 3913 6
3378 3860 3573 3929 κριτὴς
3602 3859 3679 3911 δι-

2107 3959 2282 4009 καιοῖ·
2315 3957 2408 4010 καὶ
2444 3955 2635 4028 μέμφῃ
2663 3957 2757 4009 καὶ
2793 3955 3002 4023 ψέγεις,
3039 3954 3107 4023 ῆν
3153 3955 3181 4005 ὁ
3201 3954 3331 4016 Θεὸς
3347 3949 3681 4022 ἀποδεξάμε-

2108 4063 2196 4110 νος
2242 4048 2522 4115 στεφανοῖ·
2560 4047 2640 4099 ὅτι
2678 4045 2859 4098 ἰδοῦσα
2896 4045 3046 4116 παρά
3081 4045 3165 4097 σοὶ
3208 4043 3339 4097 Θεὸν
3371 4046 3430 4096 ὲν
3473 4042 3681 4114 ἀνθρώ-

2109 4154 2212 4190 που
2243 4139 2421 4207 μορφῇ
2466 4136 2888 4204 κατακείμενον,
2916 4136 3132 4202 ἐπέγνω
3171 4135 3264 4186 καὶ
3297 4133 3523 4205 ἐτίμησε
3545 4151 3559 4164 ·
3591 4135 3681 4187 καὶ

2108 4230 2176 4284 τὰ
2212 4229 2312 4299 τῆς
2357 4229 2534 4298 ψυχῆς
2572 4227 2930 4297 ὲκκαλύψασα
2966 4225 3292 4299 τραύματα,
3330 4224 3476 4279 ἔλεον
3514 4226 3679 4296 ᾔτησε

2110 4321 2204 4373 καὶ
2233 4319 2339 4371 τῶν
2375 4318 2720 4388 βεϐιωμένων
2752 4320 2851 4388 τὴν
2889 4316 3215 4389 ἀμνηστίαν.
3251 4316 3323 4368 Σὺ
3354 4316 3411 4368 δὲ
3446 4319 3681 4387 τιμήσας

2111 4412 2175 4480 τῇ
2230 4409 2443 4480 κλήσει,
2489 4409 2774 4480 ἀτιμάζεις
2823 4412 2889 4480 τῇ
2940 4406 3195 4478 λοιδορίᾳ,
3250 4405 3450 4474 λέγων·
3492 4410 3564 4461 Εὶ
3607 4403 3684 4475 ἦν

2117 4500 2445 4570 προφήτης,
2476 4502 2805 4571 ἐγίνωσκεν
2832 4500 2908 4555 ἂν
2927 4502 3017 4568 τίς
3048 4500 3148 4555 καὶ
3172 4500 3409 4569 ποταπὴ
3437 4502 3475 4568 ἠ
3504 4498 3681 4569 γυνὴ.

2051 4642 2056 4648 .
2118 4592 2157 4659 ἢ
2189 4609 2277 4658 τις
2322 4592 2567 4647 ἅπτεται
2616 4593 2823 4648 αὑτοῦ.
2878 4593 3091 4647 "Allata!
3141 4593 3329 4663 ἐπειδὴ
3376 4593 3444 4659 sd
3492 4592 3560 4645 σά
3590 4594 3686 4646 οὐκ

2119 4684 2309 4754 ἤλεγξε
2357 4684 2522 4748 κακὰ,
2563 4685 2785 4752 ἄγνοιαν
2818 4685 2980 4738 αὑτοῦ
3028 4686 3411 4758 καταψηφίζῃς
3471 4687 3685 4757 Ἐπειδὴ

2118 4780 2215 4847 τὴν
2238 4778 2449 4842 πολλοῖς
2473 4782 2661 4843 κακοῖς
2683 4778 3058 4849 βεϐαρημένην
3082 4797 3177 4834 σου
3204 4781 3402 4849 στέγην
3428 4780 3683 4852 ὑπῆλθεν.

2119 4875 2363 4943 ἀναιρεῖς
2414 4871 2578 4924 αὑτοῦ
2621 4870 2717 4942 τὴν
2757 4871 2983 4938 γνῶσιν;
3036 4872 3173 4925 Ἀλλ’
3214 4874 3400 4939 ἐπειδὴ
3448 4874 3687 4943 ἠξίωσας

2116 4961 2275 5013 αὑτὸν
2305 4960 2404 5030 τὴν
2437 4961 2533 5031 σὴν
2579 4960 2829 5014 ὑπελθεῖν
2871 4961 3104 5033 στέγην,
3153 4962 3505 5034 ἀνακλιθῆναι
3553 4964 3685 5035 μετά

2117 5050 2234 5112 σοῦ,
2276 5051 2373 5103 καὶ
2405 5054 2560 5121 χεῖρα
2594 5050 2902 5104 ἐπιϐάλλειν
2944 5053 3054 5115 τοῖς
3103 5053 3365 5125 ἐδέσμασι
3402 5070 3530 5117 σου,
3591 5058 3685 5108 ἑπ-

2115 5140 2299 5193 ένευσε
2331 5142 2423 5194 καὶ
2437 5141 2537 5194 οὐκ
2556 5139 2884 5211 ἀπηξίωσεν,
2911 5141 3007 5194 ἕνα
3043 5144 3204 5196 αὐτὸν
3227 5144 3335 5198 τῶν
3366 5144 3576 5199 πολλῶν
3601 5162 3683 5198 νοο

2119 5232 2328 5303 μίζεις;
2371 5232 2551 5296 ’Ἄξιος
2582 5232 2637 5284 δὲ
2669 5228 2811 5301 ἦσθα
2838 5232 3189 5306 ξενοδοχῆσαι
3219 5236 3373 5301 Θεὸν,
3415 5236 3447 5307 ἢ
3479 5237 3682 5309 τράπεθ

2117 5325 2215 5387 ζαν
2244 5324 2550 5396 παραϐῆναι
2581 5323 2657 5394 τῷ
2691 5325 3029 5395 ἐτοιμάζοντι
3062 5328 3336 5398 τράπεζαν
3376 5331 3432 5382 ὲν
3461 5331 3678 5400 ὲρήμῳς

2130 5414 2287 5467 Ἀλλὰ
2313 5413 2691 5483 φιλάνθρωπος
2720 5414 2815 5478 ὢν,
2838 5418 2901 5470 οὐ
2930 5421 3285 5490 παρητήσατο
3311 5420 3404 5473 καὶ
3432 5422 3565 5490 παρ’
3589 5420 3680 5471 a6-

2119 5506 2225 5558 τῶν
2252 5506 2359 5559 τῶν
2389 5505 2613 5560 οἰκετῶν
2656 5506 2805 5577 πόμα
2848 5508 2942 5561 καὶ
2985 5509 3153 5562 σιτίον
3199 5509 3575 5575 ὐποδέξασθαι.
3618 5507 3679 5563 Τί

1046 5687 1084 5721 ⁸⁷
1115 5685 1256 5745 Psal.
1287 5700 1436 5753 mm,
1470 5685 1522 5741 9.
1601 5687 1643 5719 ⁸⁸
1671 5685 1824 5742 Joan.
1868 5701 1983 5747 xm,

2186 5688 2407 5742 “latin.
2461 5705 2512 5741 tv
2544 5729 2557 5753 ,
2613 5687 2697 5742 19.
2778 5690 2822 5720 ⁸ο
2883 5688 3051 5743 Exod.
3088 5705 3196 5757 ενι,
3230 5691 3314 5745 15.
