3744 6310
156 391 204 452 8!
1068 386 1330 446 ORATIO
1363 388 1431 444 IN
1474 388 1830 447 MULIEREM
1871 387 2367 444 PECCATRICEM.
3241 388 3311 442 ιιι

154 504 224 564 οὖν
259 505 467 559 αἰτιᾶσαι
510 495 883 572 φιλάνθρωπον
934 503 1231 575 Δεσπότην,
1275 499 1320 559 ὦ
1355 508 1611 578 Φαρισαῖε
1633 547 1646 572 ,

1830 521 1865 558 ιι
1892 519 2153 573 escasque
2183 505 2507 569 susciperet.
2552 501 2689 569 Quid
2735 517 2864 573 ergo
2899 482 3185 569 benignum
3213 503 3314 558 Do.

154 596 307 669 ὁμοίως
330 594 399 656 εις
423 591 619 653 πάντας
638 591 729 644 τὸν
752 592 852 661 τῆς
878 595 1248 666 χρηστότητος
1275 598 1439 666 ζυγὸν
1457 599 1651 652 ταλαν-

154 690 355 749 cadaveri;
378 686 437 736 Τί
469 684 525 736 δὲ
562 686 648 738 τὸν
687 683 915 739 κύνωπα
946 687 1044 757 τῆς
1086 690 1342 755 γυναικὸς
1380 690 1648 757 διῦλίζων,

154 783 228 853 τὴν
250 777 457 848 κάμηλον
485 776 590 829 τῶν
634 776 850 830 οἰκείων
896 778 1081 832 κακῶν
1130 783 1489 848 καταπίνεις;
1540 785 1651 838 Καὶ

157 871 305 924 ὲπὶσοὶ
337 869 426 938 μὲν
464 865 810 938 μακρόθυμον
843 870 937 922 τὸν
981 869 1115 924 Θεὸν
1148 870 1287 926 εἶναι
1338 874 1523 946 βούλῃ,
1558 876 1650 928 ἐπὶ

154 960 277 1031 ταύτῃ
314 957 362 1011 δὲ
391 957 681 1026 άπότομον;
724 958 790 1011 Τί
838 960 925 1012 ἐπ’
985 960 1288 1034 ἀλλοτρίοις
1338 964 1648 1035 ἐγκλήμασι

155 1048 405 1120 παροξύνεις
423 1046 510 1100 τὸν
530 1047 808 1120 δικαστὴν,
827 1050 919 1103 ἐπὶ
946 1054 1055 1115 τοῖς
1081 1055 1298 1117 οἰκείοις
1321 1055 1649 1128 συγγνώμην

154 1141 296 1202 sinis;
333 1139 391 1191 Τί
429 1142 837 1210 συνεφωνήσατε
879 1143 990 1212 (7‘2)
1037 1146 1100 1197 σὺ
1141 1147 1235 1198 καὶ
1288 1146 1488 1211 Ἰούδας
1527 1162 1648 1200 πει-

155 1234 271 1302 ρᾶσαι
291 1230 370 1282 τὸν
392 1229 619 1297 Κύριονς
661 1232 733 1284 Σὺ
770 1233 869 1302 μὲν
900 1233 1006 1305 γάρ
1032 1235 1107 1295 ὡς
1139 1236 1377 1307 καθαρὸς
1416 1238 1524 1290 ἀπὸ
1557 1239 1650 1309 ρύ-

152 1316 248 1386 mo,
274 1325 350 1375 ἐπὶ
370 1326 471 1385 τοῖς
500 1325 860 1396 ἁμαρτήμασι
888 1326 1157 1398 διασύρων
1198 1329 1288 1382 τὸν
1328 1329 1612 1400 ἄνθρωπον
1630 1371 1646 1395 ,

148 1418 312 1481 ﬁmus
333 1414 664 1486 χαταψηερίζῃ
690 1415 824 1471 Θεοῦ
848 1436 861 1448 ·
887 1421 916 1471 ὁ
934 1418 1011 1479 δὲ,
1034 1419 1109 1482 ὡς
1132 1420 1467 1491 φιλόπτωχος
1493 1422 1650 1489 ἀγαν-

153 1509 294 1568 ακτεῖ,
340 1506 527 1572 λέγων’
590 1508 684 1572 Τις
732 1508 771 1575 ἢ
819 1508 1082 1563 ἀπώλεια
1121 1511 1229 1563 τοῦ
1275 1513 1471 1579 μύρου
1517 1513 1650 1565 τού-

148 1613 245 1657 ron;
273 1594 497 1647 ἐδύνατο
523 1596 636 1663 γὰρ
664 1596 962 1665 πραθῆναι
985 1599 1240 1654 πολλοῦ.
1275 1602 1370 1652 καὶ
1400 1599 1649 1668 δοθῆναι

146 1687 357 1755 πτωχοῖς.
402 1687 461 1738 Ὠ
492 1687 589 1756 τῆς
621 1688 938 1758 ἀγνώμονος
979 1689 1233 1759 γνὼμηςί
1268 1692 1331 1743 Ὤ
1363 1692 1472 1744 τῶν
1517 1694 1651 1764 ἀχα-

151 1782 299 1850 ρίστων
317 1777 545 1847 τρόπωνί
591 1778 894 1832 Ἀπώλειαν
926 1779 1097 1849 τίθης,
1132 1780 1321 1846 Ἰούδα,
1354 1782 1454 1852 τὴν
1488 1783 1649 1855 θερά-

1757 600 1960 654 minuni
1994 597 2253 667 postulas,
2280 611 2313 652 ο
2336 596 2632 660 Ριιιιιίεαιο,
2685 596 2774 663 qui
2816 593 2870 648 in
2900 608 3091 648 omnes
3115 594 3317 663 pariter

1756 688 2012 746 bonitatis
2064 697 2320 744 stateram
2362 685 2634 742 libret"?
2684 686 2821 751 Quid
2881 698 3009 739 vero
3067 683 3321 739 excolaus

1755 782 1997 838 mulieris
2029 782 2277 844 culicem,
2329 788 2540 833 tuorum
2574 779 2686 848 ipse
2732 777 2995 833 malorum
3046 776 3315 830 camelum

1749 874 1979 942 deglutis
2001 874 2085 926 ιιι
2109 875 2173 927 Ει
2201 872 2442 942 quidem,
2475 871 2558 925 vis
2581 870 2632 924 in
2672 879 2724 924 te
2748 869 2912 924 Deum
2932 868 3317 938 longanimem;

1752 966 1804 1020 in
1838 966 1977 1020 hanc
1998 978 2175 1019 autem
2199 973 2507 1034 promptum
2539 963 2605 1015 ad
2636 962 2770 1015 iram
2791 960 2816 1012 ?
2856 959 2996 1027 Quid
3033 960 3317 1013 Dominum

1753 1072 2043 1128 exasperas
2072 1058 2124 1112 in
2151 1057 2342 1111 alienis
2371 1056 2715 1119 criminibus,
2757 1054 2848 1124 qui
2886 1054 2936 1107 in
2968 1053 3200 1123 propriis
3229 1066 3320 1105 ves

1749 1151 1894 1205 niani
1930 1150 2125 1219 petas?
2151 1151 2288 1217 Quid
2317 1158 2370 1202 tu
2397 1148 2669 1217 Judasque
2707 1146 3051 1210 convenistis,
3107 1154 3166 1199 ut
3212 1154 3323 1197 ten—

1752 1243 1938 1298 taretis
1964 1242 2247 1297 Dominum
2266 1242 2290 1295 ?
2306 1239 2385 1294 Tu
2412 1242 2650 1311 quidem,
2677 1239 2819 1293 velut
2840 1239 3068 1292 mundus
3090 1253 3119 1291 a
3137 1238 3317 1300 sorde,

1750 1328 2042 1384 detrahens
2101 1329 2305 1382 homini
2343 1343 2441 1397 pro
2483 1327 2739 1397 peccatis,
2796 1328 2958 1380 Deum
3007 1326 3322 1396 ignorantia:

1750 1422 1974 1473 damnas
2001 1435 2016 1473 :
2060 1418 2151 1473 ille
2175 1429 2376 1477 autem.
2404 1434 2499 1471 ceu
2535 1432 2824 1487 pauperum
2858 1431 3046 1469 amans
3077 1415 3322 1485 indigna-

1751 1518 1859 1575 tur,
1884 1508 2070 1563 dicens
2098 1524 2111 1559 :
2148 1506 2215 1561 Ut
2250 1509 2376 1571 quid
2401 1508 2624 1575 perditio
2657 1509 2759 1560 ista
2794 1507 3045 1575 unguenti
3068 1507 3093 1559 ἲ
3112 1507 3319 1559 Poterat

1748 1599 1884 1651 enim
1915 1600 2204 1653 venundari
2234 1601 2431 1661 multo,
2461 1609 2508 1651 et
2541 1600 2656 1650 dari
2691 1598 3004 1666 pauperibus
3032 1596 3097 1650 "L
3126 1595 3173 1651 Ο
3222 1596 3325 1649 ini-

1751 1693 1977 1761 probutn
2006 1692 2280 1745 animum!
2338 1689 2382 1745 Ο
2417 1692 2671 1761 .ingratos
2726 1690 2941 1744 mores!
2975 1688 3256 1752 Estimas,
3291 1705 3323 1739 (ι

1749 1780 1908 1845 Jnda,
1963 1783 2345 1850 perditionem,
2389 1780 2707 1849 obsequium
2752 1779 2998 1835 Christi?
3051 1793 3325 1848 vocasqne

146 1887 260 1921 τειαν
282 1868 361 1921 τοῦ
391 1869 652 1940 ⁷ῑρισοιιοῦς
682 1871 776 1923 καὶ
805 1871 1029 1940 μάταιον
1058 1873 1320 1943 ἀνάλωμα
1353 1854 1563 1939 καλεῖς,
1588 1875 1648 1929 τὸ

1830 1888 1965 1928 mem
1995 1881 2288 1942 sumptum,
2321 1874 2462 1942 quod
2497 1873 2552 1927 in
2595 1873 2853 1927 honorem
2895 1872 2989 1927 Dei
3036 1872 3325 1941 procedit?

146 1965 200 2023 ti;
219 1962 351 2029 τιμὴν
379 1963 728 2031 προχωρῆσαι
757 1962 927 2025 Θεοῦ;

191 2052 246 2103 8'.
266 2051 410 2104 Πότον
430 2050 707 2121 ἐδώκαμεν
743 2046 818 2104 ὧν
852 2054 1645 2128 ἐλάϐομενςΛογισώμεοκ,ἀφ’

144 2139 308 2210 ὤκερό
349 2141 541 2210 κόσμος
580 2143 904 2215 ἀνεδείχθη,
953 2146 1109 2200 πόσοι
1154 2147 1306 2218 παρά
1348 2149 1447 2217 τῆς
1482 2148 1645 2201 αὑτοῦ

146 2232 300 2298 φύσεως
329 2231 497 2294 ἐλέους
538 2232 725 2299 ῥέουσι
781 2237 1033 2303 ποταμοὶ,
1068 2238 1161 2289 καὶ
1205 2239 1266 2291 οὐ
1307 2239 1577 2305 λογίζεται
1619 2242 1647 2292 ὁ

144 2318 236 2383 Osi;
266 2319 443 2389 ζημίαν
471 2320 569 2389 τὴν
592 2321 874 2389 ἀφθονίαν.
907 2324 1083 2387 Πόσας
1105 2328 1137 2396 ή
1169 2329 1239 2397 γῆ
1265 2327 1493 2390 εὐωδίας
1520 2326 1647 2396 βλα-

146 2409 296 2469 στὲνεις
328 2409 486 2478 (idem,
518 2410 613 2461 καὶ
648 2410 855 2480 κρίνον,
890 2412 981 2464 καὶ
1015 2412 1260 2483 στύρακα
1280 2455 1294 2477 ,
1326 2414 1520 2485 νάρδον
1552 2414 1644 2467 καὶ

146 2500 337 2571 στακτὴν,
367 2500 454 2553 καὶ
483 2500 552 2553 τὰ
581 2501 742 2563 ἄλλα,
784 2502 875 2572 ἀφ’
903 2496 980 2555 ὧν
1007 2503 1069 2556 τὸ
1103 2505 1265 2557 καλὸν
1303 2506 1643 2559 κατασκευά-

146 2593 248 2655 ζεται
279 2592 457 2662 μύρον·
497 2594 592 2646 καὶ
631 2594 697 2646 ού
741 2593 1013 2663 λογίζεται
1067 2596 1180 2666 (73)
1223 2597 1355 2661 Θεὸς
1423 2599 1503 2661 είς
1543 2598 1647 2651 ἀπ-

147 2680 471 2733 ώλειανταῦταο
498 2682 592 2734 καὶ
625 2683 714 2735 ἵνα
745 2684 937 2754 μικρὸν
965 2684 1302 2756 ἀλάϐαστρον
1338 2686 1508 2757 μύρου
1535 2689 1648 2751 τοῖς

147 2774 324 2826 αεὶτοῦ
340 2773 564 2845 Χριστοῦ
591 2776 846 2846 ὲπιχεθῇ,
864 2776 1185 2844 γογγύζεις;
1213 2778 1304 2848 Μὴ
1326 2773 1420 2831 οὖν
1443 2780 1649 2850 προῖκα

147 2865 238 2918 αὐτὸ
272 2864 458 2929 ἔλαδεν,
515 2867 604 2919 ἵνα
663 2868 985 2936 γογγύζεις;
1045 2869 1244 2921 Ἐλαϐε
1303 2867 1494 2940 μύρον,
1552 2870 1648 2922 καὶ

293 2956 559 3026 μετανοίας
581 2956 808 3027 τρόπον.
842 2957 1040 3012 Ἐλαϐε
1072 2959 1305 3030 δάκρυα,
1334 2960 1426 3012 καὶ
1452 2958 1648 3031 ἔστησε

148 3048 280 3117 πηγὴν
309 3048 733 3118 ἁμαρτημάτων.
770 3049 902 3100 Ποία
952 3044 1044 3102 οὖν
1094 3051 1239 3102 ἐστιν
1279 3048 1560 3114 ἀπώλεια,
1599 3051 1649 3101 εἰ

146 3139 272 3209 utar;
294 3140 413 3208 γυνὴ
436 3180 451 3201 ,
484 3139 551 3193 δι’
599 3140 670 3209 ἢν
699 3139 728 3191 ὁ
769 3140 1095 3211 παράδεισος
1127 3141 1459 3212 ἀπεκλείσθη
1497 3140 1641 3211 (74);

296 3231 436 3282 λυπεῖ
478 3246 539 3283 σε
585 3228 771 3293 τοῦτο,
814 3231 1023 3289 ’ἰούδα;
1073 3232 1346 3295 Εἰκότως*
1392 3233 1486 3286 καὶ
1539 3234 1646 3305 γὰρ

142 3320 433 3375 arma»
460 3321 739 3390 ἐλύπησεν
780 3323 949 3392 αὐτῆς
987 3325 1021 3394 ἡ
1074 3315 1336 3393 σωτηρία.
1377 3321 1498 3379 Οἵδε
1536 3325 1646 3397 γὰρ

147 3412 191 3463 δι’
215 3412 352 3482 dini};
374 3413 553 3467 λοιπὸν
586 3415 652 3466 τὸ
682 3414 837 3481 γένος
883 3414 1018 3485 πρὸς
1051 3417 1335 3483 μετάνοιαν
1384 3416 1649 3488 μεταϐαλ-

147 3501 331 3572 λόμενον·
364 3506 452 3558 καὶ
479 3506 740 3559 δάκνεται
774 3508 868 3559 καὶ
915 3508 1132 3560 ἀνιᾶται
1156 3524 1170 3540 ο
1224 3508 1323 3560 οὐκ
1369 3507 1507 3577 ἔχων
1537 3507 1648 3561 λοι-

147 3596 216 3647 πὸν
243 3595 424 3648 δίκτυον
453 3597 519 3649 δι’
547 3597 609 3649 ὃν
652 3598 867 3671 Θηράσῃ
897 3598 987 3651 τὸν
1017 3598 1321 3668 ἄνθρωπον.
1357 3598 1518 3652 Ὅθεν
1554 3599 1650 3652 καὶ

148 3686 269 3751 nisi;
294 3690 348 3742 τί.
386 3689 658 3758 γογγύσαι
704 3689 1095 3763 παρώρμησεν.
1130 3694 1235 3757 Εἰς
1265 3692 1344 3754 τί,
1391 3693 1574 3762 φησὶν,
1609 3692 1648 3759 ἠ

147 3778 349 3833 (istiista
376 3781 521 3848 αὕτη
546 3796 566 3844 ;
615 3780 901 3835 Ἐδύνατο
934 3787 1043 3851 γὰρ
1064 3781 1361 3850 πραθῆναι
1394 3783 1648 3838 πολλοῦ.

152 3869 245 3942 Ἤδη
290 3872 574 3944 πράσσεις,
638 3873 810 3928 Ἰούδα
833 3890 848 3907 ⁸
899 3875 1000 3946 ήδη
1051 3875 1341 3946 προδοσίας
1390 3874 1650 3947 μελετᾷς·

149 3964 281 4018 κακῶν
303 3970 630 4039 αἰνιγμάτων
663 3970 777 4039 (75)
810 3971 976 4039 ἀρχή.
1045 3968 1182 4020 Ἀλλ’
1226 3970 1255 4021 ὁ
1306 3967 1510 4038 Ἰησοῦς
1555 3970 1655 4022 οὐκ

149 4055 303 4127 ἐλέγχει
332 4061 486 4113 αὐτοῦ
520 4064 624 4131 τὴν
657 4062 843 4115 νόσον·
877 4062 937 4114 οὐ
968 4062 1165 4130 γυμνοῖ
1201 4060 1263 4113 τὸ
1296 4060 1651 4131 φιλάργυρον,

151 4146 210 4198 ἵνα
230 4149 288 4219 μὴ
308 4152 395 4220 τὴν
423 4153 727 4222 μέλλουσαν
750 4152 1038 4223 προδοσίαν
1072 4152 1509 4223 ἀνακρούσηται*
1542 4152 1654 4206 ἀλλ’

152 4239 215 4292 ἐπὶ
228 4242 397 4307 πάντας
420 4244 596 4312 λέγει·
632 4245 694 4297 Τί
718 4244 943 4307 κόπους
973 4242 1261 4310 παρέχετε
1288 4241 1361 4308 τῇ
1388 4244 1626 4310 γυναικί
1639 4259 1657 4305 ;

1815 2046 1905 2102 ιχ.
1968 2046 2237 2114 Quantqu
2273 2048 2520 2101 dedimus
2562 2064 2629 2101 ex
2692 2047 2756 2100 iis
2815 2062 2932 2116 qure
2972 2062 3320 2117 accepimus.
3420 2103 3428 2122 ,

1750 2137 2061 2208 Cogitemus
2103 2154 2170 2193 ex
2215 2155 2324 2208 quo
2374 2140 2605 2193 mundus
2648 2141 2899 2193 conditus
2943 2149 3061 2206 est,
3121 2150 3321 2207 quanta

1747 2233 1915 2289 llquit
1956 2236 2023 2289 ab
2070 2235 2188 2303 ejus
2243 2244 2436 2288 natura
2500 2237 2884 2291 misericordia!
2936 2237 3175 2303 ﬂumina,
3227 2252 3323 2292 nec

1748 2325 1888 2380 Deus
1920 2325 2218 2393 largitatem
2251 2327 2576 2381 detrimento
2610 2329 2778 2383 ducit.
2820 2329 2960 2395 Quot
3009 2339 3150 2384 terra
3192 2346 3321 2385 sua-

1744 2430 1839 2470 ves
1881 2418 2076 2471 odores
2128 2418 2412 2487 producit?
2464 2433 2667 2481 rosam,
2721 2421 2889 2475 lilium
2936 2431 2993 2475 et
3032 2433 3323 2493 styracem,

1746 2510 1975 2564 nardum
2008 2520 2063 2563 et
2089 2519 2337 2573 stactem,
2390 2510 2604 2578 aliaque
2649 2524 2714 2563 ex
2768 2512 2965 2580 quibus
2996 2522 3322 2582 unguentum

1745 2601 1977 2670 probum
2015 2602 2338 2668 coniicitur;
2390 2616 2490 2657 nec
2518 2603 2658 2658 Deus
2686 2606 2785 2659 ista
2824 2614 3034 2673 reputat
3065 2606 3325 2675 perditio-

1748 2707 1905 2758 nem;
1937 2701 1993 2748 et
2034 2704 2089 2749 tu
2115 2696 2492 2749 ohmurmuras
2526 2696 2667 2763 quod
2692 2696 2958 2749 modicum
2993 2696 3323 2751 alabastrum

1749 2786 2009 2855 unguenti
2050 2785 2251 2841 Christi
2288 2785 2515 2854 pedibus
2557 2786 2786 2840 aﬂ'usum
2838 2788 2955 2841 sit?
3006 2785 3142 2841 Nutu
3192 2802 3322 2842 vero

1751 2879 1877 2932 illud
1900 2881 2068 2948 gratis
2098 2882 2325 2947 accepit,
2361 2890 2420 2932 ut
2459 2881 2928 2935 murmuraveris?
2977 2883 3197 2947 Accepit
3225 2899 3324 2937 un-

1749 2983 2026 3039 guentum,
2077 2981 2131 3023 et
2158 2971 2399 3024 exhibuit
2449 2972 2780 3040 paenitentiae
2816 2973 3053 3026 modum.
3099 2972 3324 3041 Accepit

1752 3062 2038 3131 lacrynias,
2097 3071 2151 3115 et
2209 3063 2448 3117 cohibuit
2498 3064 2884 3131 scaturigiuem
2958 3074 3321 3132 peccatorum.

1751 3154 1881 3220 Quae
1913 3169 2040 3223 ergo
2065 3155 2313 3222 perditio,
2350 3155 2495 3209 salva
2532 3154 2718 3210 eﬂ‘ecta
2768 3156 3010 3219 muliere,
3052 3158 3121 3210 ob
3160 3172 3322 3225 quam

1750 3246 2034 3315 paradisus
2070 3245 2288 3300 clausus
2336 3246 2473 3301 fuit?
2515 3248 2711 3301 Verum
2753 3258 2804 3303 te
2839 3248 2960 3312 hoc,
3003 3247 3161 3312 Juda,
3197 3263 3326 3302 con-

1756 3335 1974 3389 tristat?
2010 3335 2202 3390 Merito
2242 3354 2254 3390 :
2295 3351 2416 3390 nam
2447 3347 2501 3391 et
2525 3340 2643 3407 ejus
2665 3337 2809 3392 salus
2837 3338 3103 3392 diabolum
3132 3338 3327 3392 contri-

1751 3427 1932 3481 stavit.
1990 3424 2237 3482 Noverat’
2262 3430 2404 3483 enim
2452 3431 2702 3498 deinceps
2753 3446 2847 3500 per
2892 3432 3034 3485 illam
3101 3445 3327 3485 conver-

1755 3520 1967 3573 tendum
2004 3534 2189 3574 sexum
2249 3522 2312 3574 ad
2362 3523 2778 3590 paenitentiam;
2827 3536 2888 3577 ac
2928 3524 3223 3588 mordetur,
3272 3533 3326 3578 et

1749 3620 1834 3664 est
1861 3610 2077 3675 anxius,
2129 3613 2271 3681 quod
2313 3612 2424 3682 jam
2474 3613 2611 3666 desit
2650 3623 2763 3667 rete
2809 3615 2876 3666 ad
2920 3614 3192 3667 hominem
3228 3627 3322 3663 ve-

1755 3702 2013 3765 nandum,
2050 3718 2221 3772 eaque
2256 3711 2310 3757 te
2357 3718 2518 3759 causa
2558 3704 2611 3758 in
2663 3719 2909 3758 murmur
2951 3704 3212 3773 propellit.
3257 3700 3325 3756 Ut

1755 3796 1903 3864 quid,
1954 3796 2151 3864 inquit,
2206 3797 2427 3864 perditio
2480 3796 2634 3851 hwc?
2689 3793 2901 3849 Poterat
2945 3795 3083 3847 enim
3130 3809 3325 3847 venun-

1754 3885 1873 3938 dari
1912 3886 2096 3939 multo.
2148 3884 2266 3939 Jam
2324 3888 2598 3940 venundas
2635 3925 2650 3950 ,
2702 3885 2873 3950 Juda;
2915 3882 3024 3953 jam
3062 3884 3325 3953 proditio-

1759 3989 1854 4031 nes
1883 3976 2163 4031 meditaris
2196 3994 2210 4029 :
2242 3976 2502 4030 malorum
2533 3978 2875 4046 aenigmatum
2907 3975 3199 4030 inchoatio.
3239 3972 3327 4028 Je-

1760 4079 1852 4118 sus
1887 4075 2065 4119 tamen
2114 4082 2219 4121 non
2260 4067 2439 4137 arguit
2486 4068 2602 4137 ejus
2652 4067 2895 4121 morbum
2930 4081 2946 4120 :
2977 4083 3080 4121 non
3127 4069 3329 4137 delegit

1764 4157 2072 4219 avaritiam,
2103 4168 2254 4213 utne
2284 4159 2519 4212 futuram
2551 4159 2903 4228 proditionem
2941 4158 3190 4229 depellat.
3223 4160 3328 4213 Sed

1768 4249 1840 4301 ait
1879 4250 1928 4301 in
1972 4265 2204 4304 omnes:
2238 4250 2381 4315 Quid
2425 4251 2626 4304 molesti
2673 4253 2796 4304 estis
2831 4253 2950 4304 huic
2995 4254 3204 4304 mulieri
3247 4253 3330 4305 "?

153 4330 196 4381 Τί
227 4335 337 4402 πρὸς
368 4339 476 4399 τοῖς
522 4333 859 4407 προλαὸοὗσι
896 4336 1084 4396 κακοῖς
1129 4334 1383 4397 κακίζετε
1428 4333 1527 4402 τὴν
1565 4334 1650 4388 ἀν-

1830 4339 1908 4392 ιίιΙ
1944 4355 2042 4408 pro
2072 4340 2229 4395 malis
2268 4342 2550 4411 praeteritis
2581 4340 2832 4395 leniinam
2865 4342 3192 4412 objurgatis?
3226 4341 3330 4395 Sa-

198 4444 353 4520 “§ap.
376 4462 447 4512 γι,
477 4446 532 4501 8.
612 4446 863 4499 "Matth.
882 4460 1033 4508 unt,
1061 4444 1151 4499 ει.
1183 4443 1587 4510 ¹³Μιιιιίι.χλνι,
1614 4446 1646 4501 9

1830 4469 1870 4505 ις.
1896 4467 2005 4515 xiv,
2042 4453 2108 4518 4;
2136 4452 2288 4507 .loau.
2321 4469 2415 4518 xu,
2448 4453 2501 4508 5.
2576 4452 2621 4486 “
2648 4452 2832 4508 Matth.
2867 4468 3014 4517 “vr,
3051 4453 3328 4520 10;hlarc.

154 4527 230 4577 nt,
246 4514 289 4567 6.

201 4634 287 4716 (Β)
315 4638 369 4691 Τί
410 4636 914 4716 οὐιςιειείιιινινιήσναςε·ἶ
956 4635 1182 4692 Videtur
1219 4637 1445 4716 innuere
1495 4652 1650 4690 unam

1830 4653 1993 4692 annes
2040 4647 2243 4716 narrat,
2288 4639 2648 4716 _accnmbente
2698 4636 2903 4716 Lazaro
2933 4636 3237 4716 suscitato,_
3276 4639 3328 4690 in

157 4708 414 4777 auctionem.
440 4706 602 4775 cujus
627 4723 788 4777 causa
816 4706 999 4777 Judas
1018 4707 1393 4777 muriuuravit,
1441 4716 1496 4761 et
1534 4722 1653 4777 quae

159 4774 193 4827 is
217 4776 343 4830 domo
359 4774 598 4833 Simonis
625 4776 776 4848 (Luc.
813 4774 1208 4848 vu,ﬂ.’:9)_l‘acta
1252 4775 1469 4848 legitur,
1505 4774 1653 4831 niur-

160 4852 345 4916 niaranle
391 4858 441 4901 et
491 4846 848 4916 ipso‘coutra
909 4846 1190 4916 Duinintnu
1229 4846 1651 4916 suscipientem:

162 4913 229 4965 nisi
255 4918 486 4980 oratorie,
513 4913 660 4970 duas
691 4917 992 4977 unctiones,
1043 4913 1187 4968 velut
1226 4913 1278 4967 iu
1321 4930 1502 4975 unam,
1550 4931 1653 4970 una

160 4984 357 5040 arationis
388 4989 530 5041 serie
556 4986 720 5052 cogit.
764 4986 1013 5039 Eamtleen
1059 4985 1204 5039 illam
1248 4985 1548 5048 mulierem,
1602 4995 1656 5039 et

163 5066 271 5123 quin
292 5064 389 5111 tres
424 5056 771 5121 evangelista:
802 5057 1021 5119 habent,
1048 5054 1325 5109 existimat
1372 5054 1651 5123 Chrysost.

165 5121 387 5179 bon.8lin
405 5142 531 5179 xxv:
555 5124 769 5189 Βοιώ,
795 5127 1059 5180 sedaliain
1083 5124 1353 5177 antirabili
1383 5121 1654 5178 illa—Maria

165 5203 295 5246 sorore
313 5193 493 5249 Lazari
536 5211 551 5247 :
582 5212 684 5263 qua
719 5198 783 5249 de
809 5210 867 5249 re
904 5196 1034 5247 nihil
1065 5194 1473 5262 Amphilochius
1509 5211 1521 5247 :
1552 5195 1653 5247 oh-

168 5263 346 5331 linetque
361 5265 666 5335 Augustini,
691 5264 930 5335 Gregorii
957 5264 1154 5335 lllagni,
1191 5274 1341 5335 (ιιι).ζ
1359 5265 1652 5327 sententia,

166 5334 376 5402 Iletipsa
402 5333 505 5389 una
564 5333 858 5403 eademque
898 5335 996 5395 sit;
1026 5334 1260 5403 colitque
1307 5333 1542 5387 Ecclesia
1600 5342 1658 5387 ιιι

171 5412 302 5465 nam,
333 5402 500 5459 oﬂicio
528 5420 597 5459 ex
645 5402 813 5457 variis
861 5403 988 5457 locis
1022 5403 1336 5472 Scriptura,
1378 5404 1574 5468 quibus
1603 5411 1657 5455 et

173 5476 319 5541 mus
356 5473 537 5528 [ροισι-ἰ
577 5485 629 5530 et
693 5474 929 5527 mulieris
958 5489 1115 5541 quam
1171 5473 1528 5541 evangelistte
1566 5472 1657 5525 alii

174 5535 581 5615 habent,_mentio
626 5552 729 5611 est,
768 5535 1107 5615 devotis-sime
1151 5535 1433 5615 instruveto.
1486 5538 1660 5615 Unam

176 5609 443 5679 golariam
474 5609 723 5679 dixerim,
752 5625 860 5667 tres
879 5609 1155 5666 unctiones
1183 5628 1197 5663 :
1227 5612 1307 5666 vel
1329 5621 1477 5665 certe
1501 5611 1657 5664 duas.

177 5672 495 5751 Videturenim
532 5685 619 5737 illa
664 5672 794 5736 Luc.
848 5682 1055 5746 νιι,58,
1093 5681 1247 5751 longe
1273 5681 1543 5749 antiquior
1593 5695 1659 5736 ea

179 5759 290 5818 {tum
312 5748 575 5807 Mattheus
598 5763 647 5807 et
673 5753 883 5806 Marcus
910 5752 1102 5806 iactatu
1122 5748 1336 5813 habent,
1359 5748 1460 5804 sub
1485 5751 1656 5818 ipsum

182 5812 303 5876 huc
331 5830 528 5890 tempus
562 5823 819 5893 passionis
875 5821 1165 5878 Dominica:
1206 5838 1220 5875 :
1264 5812 1328 5877 ac
1355 5834 1455 5875 nec
1496 5812 1655 5891 (luam

1763 4711 1899 4778 ipsa,
1936 4722 1995 4762 ut
2018 4709 2254 4772 videtur,
2287 4708 2478 4761 Lazari
2512 4720 2565 4762 et
2583 4723 2828 4761 sororum
2861 4708 3041 4768 domo,
3070 4708 3184 4775 ipsa
3214 4708 3329 4760 fire-

1759 4782 1854 4843 rit,
1882 4794 2002 4848 qua:
2028 4781 2170 4847 apud
2232 4780 2421 4832 Matth.
2455 4790 2511 4832 et
2547 4778 2783 4831 Marcum
2842 4778 3032 4848 legitur
3069 4778 3119 4829 in
3171 4779 3331 4831 domo

1761 4845 1998 4904 Simonis
2055 4845 2250 4917 l’eprosi
2305 4869 2318 4901 :
2392 4865 2700 4917 quanquam
2763 4845 2929 4900 multa
2960 4848 3328 4917 consonantia

1757 4921 1999 4973 eamdem
2026 4913 2356 4987 probabilius
2399 4913 2679 4972 suade-ant.
2715 4917 2884 4969 llahet
2943 4913 3327 4983 Atuphilochio

1758 4992 1999 5059 proxima
2028 4982 2611 5059 praefatuichrysost.
2662 4989 2805 5059 hom.
2849 4987 2900 5036 in
2941 4982 3141 5059 prodit.
3171 4986 3330 5059 Judre

1760 5055 1888 5113 tom.
1941 5058 1980 5112 ν
2019 5060 2220 5113 υιιοωὶ.
2271 5055 2457 5113 Videri
2509 5067 2685 5127 putest
2737 5055 3022 5109 Jansenius
3065 5056 3326 5111 Concord.

1712 5192 1715 5195 _
1758 5143 1807 5182 c.
1840 5127 1930 5182 48.

1831 5196 1944 5267 {75)
1990 5196 2182 5266 Λογίζ.
2251 5197 2436 5251 Μοιιιί.
2498 5198 2592 5250 καὶ
2654 5198 2713 5249 οὺ
2777 5194 3050 5264 λογίζεται
3107 5211 3135 5247 ο
3196 5199 3330 5257 vso;

1760 5267 2053 5322 ἀπώλειανθ
2093 5268 2186 5319 καὶ
2234 5268 2340 5321 ἵνα.

1830 5336 1938 5407 (74)
1984 5338 2403 5407 ῨἈπεθιλείσθη.
2456 5336 2636 5390 Addit.
2683 5334 2869 5407 Monii.
2906 5335 2973 5407 δι’
3008 5335 3075 5405 ἢν
3144 5333 3319 5407 ςΑδάμ

1761 5402 2140 5476 συνεξεὸλήθη,
2177 5423 2267 5472 per
2305 5402 2469 5476 quam
2499 5407 2665 5459 Adam
2716 5406 2872 5476 sintut
2906 5402 3096 5476 ἠερίης
3132 5402 3325 5476 [ωσι-αι.

1759 5478 1826 5533 Et
1883 5471 2061 5529 statim
2108 5471 2132 5530 ἰ
2180 5471 2323 5529 ἀλλά
2385 5474 2620 5543 ἐλύπησε
2679 5475 2833 5529 τοῦτο
2905 5473 3122 5526 Ἰούδανο
3177 5471 3325 5543 εἰκό-

1762 5563 1888 5610 ειιως⁸
1917 5546 2021 5601 Sed
2064 5547 2194 5599 illud
2236 5547 2393 5600 Juda:
2431 5539 2601 5598 dolori
2640 5546 2738 5613 fuit
2774 5559 2791 5596 :
2816 5544 2938 5612 jure
2965 5543 3192 5610 quidem.
3221 5539 3324 5591 Re-

1765 5620 1922 5679 ctius,
1947 5627 2002 5669 ut
2019 5617 2252 5671 videtur.
2280 5615 2387 5670 Sed
2418 5616 2600 5685 ἐπέχω
2624 5620 2693 5670 ob
2712 5632 2774 5669 ea
2797 5628 2917 5684 qua:
2946 5627 3067 5666 mox
3091 5623 3328 5679 sequun-

1766 5697 1869 5745 tur.
1892 5686 2011 5739 ὅθεν
2030 5687 2122 5740 καὶ
2146 5687 2229 5747 σὲ,
2265 5703 2319 5740 κ.
2341 5702 2393 5739 τ.
2424 5685 2477 5740 λ.

1831 5757 1944 5830 (75)
1966 5756 2351 5827 Αίνιγμάτων.
2386 5757 2543 5812 Deest
2575 5754 2713 5824 apud
2748 5751 2933 5808 Montf.
