3796 6340
376 359 447 415 83
1371 363 1430 419 S.
1472 363 1917 419 AMPIIILOCHII
1957 362 2337 419 lCONIENSIS
2375 362 2680 419 EPISGOPI
3574 354 3680 411 δέ

375 482 446 534 tis
470 478 605 533 male
635 478 823 534 habuit
845 479 1106 536 femineus
1134 498 1296 537 sexus
1326 501 1338 536 :
1370 499 1437 537 ne
1469 484 1592 551 quis
1613 484 1899 553 prohibeat
1926 524 1941 548 ,
1973 536 1975 541 τ

2117 499 2307 551 ιωπον;
2342 480 2639 552 Αύτάρκως
2675 479 2847 549 ἔκαμε
2897 478 2957 531 τὸ
3005 494 3115 531 των
3150 475 3423 545 γυναικῶν
3449 476 3675 544 γένος’

374 588 483 641 quo
524 575 704 627 minus
741 571 903 627 salva:
948 575 1077 627 [iant
1112 594 1124 629 :
1160 591 1226 631 ne
1276 575 1398 644 quis
1449 576 1520 629 illi
1565 574 1821 630 molestus
1859 576 1949 639 sil,

2117 574 2249 645 qoaig
2301 572 2482 627 αὐτῶν
2530 572 2628 643 τὴν
2678 570 2951 643 σωτηρίαν
3002 568 3375 641 ὲμποδιζέτω·
3446 568 3683 639 μηδεὶς

372 678 494 732 qua:
537 662 710 719 fessos
739 674 959 735 propter
993 666 1160 734 ipsam
1202 666 1270 721 ab
1317 665 1514 721 itinere
1553 680 1716 736 super
1753 675 1949 720 terram

2117 664 2309 717 »πούτω
2344 664 2442 734 τὴν
2468 663 2735 716 λούσασαν
2785 662 2941 734 μύρῳ
2981 664 3107 725 τοὺς
3138 660 3303 723 πόδας
3328 662 3455 723 τοὺς
3500 660 3678 730 ὑπὲρ

373 756 535 824 pedes
592 754 740 809 lavit.
801 754 941 809 Nam
989 772 1187 822 semper
1231 772 1479 824 pauperes
1534 756 1732 810 habetis
1779 756 1949 810 vobis-

2117 756 2227 827 ιτῆς
2258 755 2579 825 βαδίσαντας
2625 756 2718 808 ἐπὶ
2747 755 2843 825 τῆς
2868 756 2989 825 γῆς.
3036 754 3176 817 Τοὺς
3217 753 3495 821 πτωχοὺς
3532 752 3680 821 γὰρ

374 862 492 901 cum
522 848 587 902 "’.
618 848 791 903 Etiam
828 866 947 903 cum
989 848 1312 919 pauperibus
1338 864 1423 903 me
1454 850 1701 918 accipite.
1727 849 1951 920 Propter

2117 847 2312 901 irtoz's
2338 848 2507 916 ἔχετε
2530 849 2659 916 μεθ’
2684 846 2930 901 ἑαυτῶν.
2965 847 3172 900 Λάϐετε
3208 846 3350 916 κάμὲ
3378 846 3474 898 καὶ
3504 844 3679 914 μετὰ

376 954 474 995 vos
504 942 667 1002 enim,
712 957 833 996 cum
859 940 1011 996 dives
1040 956 1237 1005 essem,
1276 941 1451 995 factus
1483 957 1600 995 sum
1636 957 1856 1011 pauper,
1895 954 1954 996 ut

2117 938 2310 1009 ῖωχῶν.
2344 938 2420 989 Δι’
2455 938 2598 1007 ὑμᾶς
2630 936 2739 1008 γὰρ
2778 936 3097 1007 ὲπτὼχευσα
3132 935 3384 998 πλούσιος
3416 934 3520 997 ὢν.
3563 934 3679 986 ἵνα

378 1046 474 1087 vos
503 1047 619 1085 mea
654 1041 976 1103 paupertate
1000 1033 1305 1087 ditaremini
1335 1031 1401 1086 ".
1440 1032 1522 1087 Me
1552 1035 1829 1099 occiditis,
1861 1050 1955 1091 ne-

378 1136 486 1190 que
518 1137 717 1177 accuso
756 1140 770 1179 :
814 1137 898 1178 me
933 1122 1018 1175 illa
1052 1121 1340 1191 sepultura:
1379 1122 1574 1188 tradit,
1622 1131 1676 1177 et
1709 1140 1954 1177 murmu-

380 1214 550 1268 ratis?
597 1214 807 1269 Mittens
838 1216 973 1269 enim
1001 1215 1111 1268 hac
1140 1225 1459 1284 unguentum
1482 1215 1535 1267 in
1557 1231 1739 1282 corpus
1763 1232 1952 1280 meum,

378 1308 448 1359 ad
484 1306 834 1375 sepeliendum
869 1322 949 1359 me
984 1305 1107 1374 fecit
1134 1305 1201 1361 "'.
1239 1305 1351 1360 Non
1387 1307 1612 1376 pudore,
1642 1305 1776 1362 Juda
1799 1348 1815 1371 ,
1846 1306 1957 1361 suf-

379 1398 641 1464 funderis,
685 1398 825 1468 quod
881 1399 1027 1462 haec,
1083 1412 1205 1452 cum
1246 1399 1314 1451 sit
1366 1400 1665 1468 peccatrix,
1721 1414 1804 1453 me
1854 1416 1955 1452 un-

379 1493 594 1559 guentis
627 1490 887 1555 honoret;
926 1498 978 1541 tu
1030 1504 1180 1555 vero,
1235 1489 1325 1558 qui
1369 1490 1445 1544 sis
1486 1488 1779 1558 apostolus,
1832 1505 1959 1544 ven-

380 1581 581 1635 ditione
613 1580 840 1649 iniurius
888 1581 987 1635 ﬁs?
1037 1581 1103 1635 Et
1146 1582 1340 1635 mulier
1380 1582 1616 1649 quidem,
1658 1590 1812 1651 parat
1840 1596 1959 1650 quae

380 1679 628 1739 spectant
690 1670 758 1724 ad
812 1670 1181 1738 sepulturam;
1234 1671 1530 1739 discipulus
1575 1679 1755 1725 autem
1800 1671 1957 1725 morti

384 1761 571 1817 tradit.
617 1760 900 1817 Peccatrix
935 1773 1019 1816 est
1042 1764 1268 1829 mulier,
1307 1764 1429 1816 novi
1465 1783 1477 1817 :
1509 1771 1787 1829 cauerunt,
1828 1763 1961 1816 nihil

2061 1030 2217 1099 ὑμεῖς
2250 1032 2313 1101 τῇ
2352 1031 2458 1100 ἐμῇ
2505 1030 2744 1100 πτωχείᾳ
2790 1029 3149 1100 πλουτήσητε.
3193 1028 3498 1098 Ἀναιρεῖτέ
3557 1044 3674 1096 με,

2061 1120 2154 1174 καὶ
2195 1121 2293 1173 οὐκ
2337 1120 2586 1189 ἐγκαλῶ’
2641 1121 2953 1190 ὲνταφιάζει
2990 1138 3057 1190 με
3087 1118 3245 1191 αῦτη,
3295 1120 3389 1172 καί
3435 1118 3677 1187 γογγύ-

2062 1212 2181 1277 ζετε
2208 1233 2222 1280 ;
2253 1214 2541 1267 Βαλοῦσα
2564 1214 2672 1283 γὰρ
2694 1214 2849 1282 αὕτη
2873 1213 2939 1266 τὸ
2962 1215 3156 1282 μύρον
3176 1213 3273 1266 ἐπὶ
3303 1212 3410 1265 τοῦ
3442 1212 3675 1280 σώμα-

2060 1308 2163 1371 τός
2183 1324 2324 1375 μου,
2369 1306 2519 1374 πρὸς
2547 1306 2613 1359 τὸ
2646 1304 3000 1374 ἐνταφιάσαι
3028 1323 3104 1374 με
3140 1305 3495 1371 πεποίηκεν.
3533 1304 3676 1356 Οὐκ

2063 1398 2184 1467 αἰδῇ
2229 1393 2344 1462 οὖν,
2393 1397 2586 1461 Ἰούδα,
2628 1398 2708 1450 ὅτι
2746 1397 2882 1467 αὕτη
2920 1396 3039 1466 μὲν,
3088 1395 3408 1466 ἁμαρτωλὸς
3465 1391 3619 1448 οὖσα
3648 1437 3667 1457 ,

2067 1489 2256 1561 μύροις
2303 1507 2373 1560 με
2414 1492 2549 1561 τιμᾷ
2574 1506 2587 1521 ·
2639 1491 2703 1542 σὺ
2746 1488 2838 1553 δὲ,
2878 1486 3173 1550 ἀπόστολος
3198 1486 3292 1551 ῶν,
3327 1488 3536 1559 πράσει
3586 1504 3671 1558 με

2064 1582 2447 1654 καθυϐρίζεις;
2498 1582 2607 1637 Καὶ
2641 1584 2674 1653 ἡ
2714 1582 2813 1652 μὲν
2857 1581 2992 1653 γυνὴ
3020 1583 3088 1634 τὰ
3120 1582 3257 1652 πρὸς
3298 1582 3469 1650 τάφον
3502 1584 3671 1635 ἑτοι-

2068 1674 2250 1746 μάζει,
2274 1677 2302 1727 ὁ
2323 1675 2377 1728 δὲ
2408 1674 2655 1745 μαθητὴς
2675 1673 2752 1743 τῷ
2777 1673 2991 1743 θανάτῳ
3011 1673 3398 1743 παραδίδωσιν.
3438 1673 3673 1744 Ἀμαρο

2066 1764 2235 1827 τωλός
2266 1765 2414 1816 ἐστιν
2446 1764 2479 1834 ἡ
2510 1763 2667 1833 γυνὴ,
2696 1760 2839 1816 οἶδα·
2898 1762 3013 1815 ἀλλ’
3060 1762 3212 1815 οὐδὲν
3247 1760 3360 1833 εἶχέ
3413 1780 3505 1833 μοι
3545 1780 3669 1833 χα-

384 1852 487 1906 fuit
531 1861 731 1922 praeter
784 1851 1147 1922 lacrymarum
1207 1853 1435 1917 fontem,
1496 1854 1637 1922 quod
1691 1853 1958 1908 donaret:

2124 1856 2339 1919 σασθαι,
2373 1856 2406 1925 ἢ
2434 1855 2613 1926 πηγὴν
2641 1854 2892 1926 δακρύων
2913 1872 2926 1885 ·
2963 1857 3113 1925 πηγῇ
3144 1854 3239 1925 τὴν
3269 1854 3449 1925 πηγὴν
3480 1855 3669 1924 εὐμε-

384 1942 588 1997 t‘ontem
613 1941 762 1999 fonte
791 1944 1113 1999 benevolum
1134 1943 1361 1997 faciens.
1395 1944 1498 1998 Sed
1521 1954 1580 1998 et
1606 1955 1957 2014 unguentum,

384 2036 597 2100 infelix,
654 2036 882 2106 probas;
950 2038 1041 2107 qui
1086 2037 1236 2091 dicas
1291 2045 1655 2091 trecentorum
1712 2037 1962 2093 denario-

385 2143 505 2183 rum
530 2129 614 2184 ”:
652 2132 844 2201 probas
875 2138 1076 2195 autem,
1106 2144 1210 2183 non
1256 2139 1313 2183 ut
1351 2129 1533 2183 laudes
1585 2129 1725 2184 illius
1755 2130 1963 2200 magni-

388 2220 687 2284 licentiam,
742 2237 860 2291 qua:
921 2231 1089 2276 totum
1141 2222 1282 2289 quod
1334 2222 1607 2289 peccando
1654 2222 1964 2276 divitiarum

390 2311 706 2381 collegerat,
728 2312 781 2366 in
814 2314 1071 2383 unguenti
1100 2313 1332 2382 pretium
1359 2312 1710 2380 insumpserit
1736 2329 1750 2365 :
1778 2314 1872 2367 sed
1910 2323 1967 2366 ut

391 2403 783 2457 murmurando
808 2407 1082 2468 ostendas,
1113 2405 1163 2457 in
1198 2420 1356 2472 quam
1392 2404 1569 2459 dirum
1599 2404 1820 2468 malum,
1852 2414 1966 2459 tan-

391 2502 507 2547 tum
540 2494 721 2549 damni
751 2510 967 2564 passus,
1024 2494 1304 2549 incideris.
1356 2495 1556 2550 Verum
1608 2495 1741 2549 nihil
1789 2496 1965 2565 magni

392 2586 577 2653 fuerit,
614 2587 755 2655 quod
802 2587 1025 2642 moleste
1060 2587 1203 2641 feras
1234 2588 1463 2643 amissos
1496 2598 1771 2643 trecentos
1800 2589 1967 2643 dena-

390 2680 520 2743 rios,
554 2696 675 2734 cum
710 2682 945 2750 acceptis
992 2682 1210 2751 triginta
1238 2697 1329 2747 me
1358 2683 1641 2737 Dominum
1676 2694 1824 2738 tuum
1858 2692 1965 2737 tra-

391 2771 613 2828 dideris.
649 2771 789 2837 Quid
821 2772 986 2837 enim,
1018 2773 1212 2840 inquit,
1244 2775 1404 2827 vultis
1440 2775 1566 2826 mihi
1596 2774 1743 2839 dare,
1794 2784 1842 2828 et
1877 2791 1968 2843 ego

392 2879 508 2917 sum
534 2862 675 2916 vobis
704 2863 912 2916 tradam
947 2864 1031 2916 ὀἳ
1059 2862 1254 2917 Miser!
1290 2863 1492 2918 Servus
1520 2865 1805 2918 Dominum
1834 2879 1967 2918 ven—

392 2953 509 3005 dit?
540 2952 789 3007 lnversus
819 2962 902 3007 est
936 2954 1091 3007 ordo.
1148 2952 1217 3007 Et
1249 2954 1465 3021 quidem
1508 2970 1608 3023 ego
1651 2956 1868 3025 proprio
1918 2962 1971 3008 te

394 3042 653 3111 sanguine
680 3058 709 3097 a
735 3054 957 3113 peccato
1000 3046 1207 3099 redimo
1242 3062 1255 3099 :
1297 3054 1350 3098 tu
1382 3054 1560 3100 autem
1600 3048 1665 3099 ad
1704 3048 1816 3100 haec
1842 3062 1969 3100 ven-

393 3136 501 3199 dis,
546 3135 762 3207 triginta
816 3137 1028 3192 obolis?
1087 3137 1353 3193 Prazterea
1402 3153 1549 3203 vero,
1593 3138 1755 3193 homo
1802 3140 1968 3192 Deum

395 3228 618 3283 vendit?
683 3230 876 3285 Demus
930 3244 1059 3285 vero
1114 3231 1255 3299 quod
1286 3231 1528 3285 vendat:
1564 3231 1688 3299 quis
1728 3231 1974 3299 emptor?

393 3319 591 3387 Quanti
628 3336 755 3373 vero
785 3322 906 3390 quis
929 3323 1093 3375 Deum
1126 3322 1350 3376 emerit?
1399 3321 1542 3389 Quid
1586 3334 1767 3376 autem
1809 3321 1973 3375 etiam

397 3427 512 3466 rem
540 3412 672 3467 facis
697 3412 817 3467 vilis
842 3414 1039 3482 pretii?
1069 3415 1159 3467 Sic
1189 3428 1277 3476 ne,
1305 3414 1524 3480 triginta
1552 3415 1677 3482 quis
1705 3413 1976 3480 argenteis

398 3504 565 3557 Deum
599 3505 652 3557 in
685 3504 857 3558 forma
896 3506 1156 3569 humana,
1198 3514 1253 3557 ut
1282 3520 1531 3568 servum,
1568 3514 1624 3556 ut
1666 3504 1971 3567 barbarum,

398 3597 620 3651 vendit?
667 3597 870 3651 Saltem
910 3597 1212 3661 discernas,
1246 3598 1432 3667 quanti
1464 3596 1631 3651 Deum
1664 3596 1974 3649 inhabitan-

399 3699 546 3754 tetn;
577 3690 759 3759 quanti
793 3689 1061 3744 hominem
1102 3690 1191 3758 qui
1225 3698 1401 3757 paret,
1445 3688 1597 3743 facis.
1648 3688 1786 3752 Quid
1825 3687 1974 3750 mihi,

401 3782 598 3851 inquit,
626 3782 780 3835 vultis
815 3783 984 3837 dare?
1047 3782 1116 3834 fu
1151 3782 1277 3849 quid
1305 3784 1385 3835 vis
1416 3779 1700 3850 accipere?
1741 3779 1871 3831 Nam
1903 3777 1975 3831 illi

399 3874 533 3927 nihil
573 3874 772 3927 habent
826 3875 975 3937 dare,
1041 3874 1181 3941 quod
1241 3874 1399 3941 digne
1454 3874 1561 3926 Deo
1618 3870 1974 3938 responderit.

407 3966 470 4019 Et
507 3944 887 4019 constituerunt
941 3966 1041 4030 illi,
1093 3965 1288 4035 inquit,
1326 3966 1543 4033 triginta
1592 3973 1865 4033 argenteos
1908 3962 1972 4014 '°.

400 4061 484 4111 An
514 4060 635 4127 quis
683 4060 949 4112 medicum
999 4059 1168 4125 gratis
1218 4067 1499 4111 curantem
1541 4056 1762 4125 triginta
1803 4056 1976 4109 obolis

402 4149 623 4203 vendit?
669 4149 954 4212 Medicum,
1009 4151 1250 4218 inquam,
1300 4150 1388 4217 qui
1424 4149 1585 4204 caecis
1633 4150 1724 4202 dat
1756 4151 1975 4202 visum:

403 4240 497 4308 qui
547 4239 614 4293 ad
657 4254 875 4294 cursum
913 4238 1137 4293 claudos
1190 4239 1393 4310 erigit?
1450 4238 1572 4292 [hec
1615 4239 1758 4301 dico,
1814 4248 1870 4291 ut
1926 4246 1980 4290 te

403 4330 670 4396 erudiam,
708 4332 795 4399 qui
825 4331 1083 4385 molestus
1137 4346 1197 4386 es
1246 4332 1473 4393 mulieri,
1528 4332 1671 4400 quod
1725 4346 1847 4384 eum
1888 4330 1977 4398 qui

403 4438 489 4480 est
521 4428 661 4479 inter
693 4436 933 4479 mortuos
968 4425 1187 4487 liber”,
1209 4428 1372 4479 etiam
1402 4435 1527 4479 ante
1557 4433 1805 4487 mortem,
1834 4424 1979 4478 velut

2062 1947 2299 2012 νίζουσα.
2362 1948 2519 2001 Ἀλλά
2581 1949 2673 2001 καὶ
2720 1948 3067 2018 δοκιμάζεις,
3120 1947 3390 2010 άθλιε,τὸ
3443 1948 3663 2018 μύρον,

2062 2042 2385 2115 τριακοσίων
2444 2041 2716 2113 δηναρίων
2772 2041 2979 2109 λέγων·
3041 2038 3351 2110 δοκιμάζεις
3407 2041 3486 2107 δὲ,
3555 2041 3669 2112 οὐχ

2064 2137 2152 2190 ἵνα
2195 2134 2368 2203 αὐτῆς
2423 2134 2521 2204 τὴν
2576 2132 2979 2204 μεγαλοψυχίαν
3026 2133 3356 2205 ἐπαινέσῃς·
3391 2133 3474 2185 ὅτι
3527 2133 3667 2185 ὅλον

2064 2229 2155 2281 τὸν
2190 2228 2253 2280 ὲκ
2291 2225 2477 2280 κακῶν
2520 2226 2852 2295 συναχθέντα
2898 2224 3126 2278 πλοῦτον
3160 2225 3238 2288 είς
3270 2225 3436 2295 τιμὴν
3470 2224 3666 2294 μύρου

2066 2318 2468 2373 κατανάλωσεν·
2495 2316 2608 2368 ἀλλ’
2637 2316 2725 2368 ἵνα
2752 2313 3035 2383 γογγύζων
3060 2313 3261 2387 δείξῃς,
3288 2314 3361 2377 ὼς
3386 2314 3667 2385 ἀπεύκτῳ

2068 2410 2400 2479 περιέπεσας
2461 2408 2638 2478 κακῷ,
2695 2407 2948 2460 τοσοῦτον
3008 2406 3326 2477 ζημιωθείς.
3390 2406 3535 2458 Ἀλλ’
3594 2406 3663 2458 οὐ

2072 2502 2213 2573 μέγα
2239 2503 2286 2553 εί
2311 2502 2636 2570 τριακοσίων
2662 2500 2933 2571 δηναρίων
2973 2501 3227 2571 στέρησιν
3252 2501 3663 2569 δυσχεραίνεις,

2068 2596 2203 2647 ὅπου
2250 2610 2312 2662 γε
2359 2592 2652 2665 τριάκοντα
2696 2591 2897 2654 λαϐὼν,
2932 2590 3129 2643 ἀπέδου
3184 2608 3249 2660 με
3280 2590 3368 2643 τὸν
3419 2591 3662 2659 Κύριον.

2074 2688 2136 2739 Τί
2170 2686 2297 2758 γὰρ,
2330 2688 2482 2755 φησὶ,
2525 2684 2725 2739 θέλετέ
2763 2703 2863 2753 μοι
2889 2684 3126 2746 δοῦναι,
3164 2682 3324 2747 κάγὼ
3353 2682 3498 2750 ὑμῖν
3539 2699 3665 2735 πα·-

2066 2775 2321 2842 ραδώσω
2359 2777 2563 2828 αὐτόν.
2621 2774 2835 2827 Ἀθλιεῑ
2888 2772 3082 2835 Δοῦλος
3129 2770 3403 2839 Δεσπότην
3444 2768 3661 2833 πωλεῖς

2087 2867 2479 2937 Ἀντέτραπται
2504 2867 2535 2935 ἡ
2570 2863 2743 2927 τάξις·
2780 2863 2873 2917 καὶ
2900 2864 3009 2931 ἐγὼ
3039 2863 3135 2933 μὲν
3167 2864 3225 2916 σὲ
3250 2863 3348 2932 τῆς
3376 2863 3664 2931 ἁμαρτίας

2073 2956 2149 3026 τῷ
2201 2957 2383 3025 οἰκείῳ
2421 2955 2666 3025 ὠνοῦμαι
2719 2955 2945 3024 αἵματι,
3000 2956 3067 3008 σὺ
3119 2954 3176 3007 δὲ
3240 2954 3306 3024 μὲ
3354 2953 3666 3024 τριάκοντα

2075 3049 2419 3119 ὲπεμπωλεῖς
2472 3048 2712 3113 ὀϐολῶνς
2765 3043 2896 3099 Εἶτα
2940 3046 2996 3099 δὲ
3025 3045 3135 3115 (76)
3182 3045 3467 3115 ἄνθρωπος
3517 3044 3665 3097 Θεὸν

2078 3140 2272 3205 mulsi;
2304 3140 2546 3193 Δεδόσθω
2590 3139 2645 3191 δὲ
2671 3184 2685 3204 ,
2734 3140 2813 3191 ὅτι
2863 3139 3059 3192 πωλεῖ·
3110 3137 3192 3200 τίς
3235 3138 3262 3188 ὁ
3300 3134 3660 3206 ὠνούμενοςς

2078 3234 2242 3286 πόσου
2268 3234 2323 3286 δέ
2350 3250 2432 3295 τις
2462 3232 2721 3304 ἀγοράσει
2749 3232 2881 3285 Θεὸν
2911 3251 2923 3295 ;
2963 3231 3015 3284 τί
3041 3230 3097 3283 δὲ
3128 3231 3221 3282 καὶ
3254 3228 3449 3281 εὔωνον
3477 3232 3665 3291 ποιεῖς

2075 3326 2135 3378 τὸ
2164 3328 2424 3395 πρᾶγμας
2468 3324 2760 3396 τριάκοντά
2800 3341 2884 3386 τις
2926 3322 3203 3392 ἀργυρίων
3240 3321 3372 3373 Θεὸν
3398 3319 3574 3372 πωλεῖ
3605 3322 3665 3372 ὲν

2075 3417 2363 3488 ἀνθρώπου
2412 3420 2614 3487 μορφῇ,
2662 3416 2735 3478 ὡς
2784 3415 3021 3484 οἰκέτην,
3064 3414 3138 3477 ὼς
3182 3413 3485 3484 βάρϐαρον;
3550 3410 3664 3464 κᾶν

2076 3510 2369 3581 διάκρινον,
2401 3510 2566 3561 πόσου
2605 3509 2704 3579 μὲν
2736 3510 2826 3561 τὸν
2855 3506 3164 3560 ἐνοικοῦντα
3189 3506 3341 3570 Θεὸν,
3378 3505 3547 3557 πόσου
3602 3505 3663 3557 δὲ

2077 3604 2168 3655 τὸν
2198 3602 2520 3671 φαινόμενον
2538 3602 2850 3673 ἄνθρωποψ
2883 3600 2943 3652 Τί
2961 3617 3084 3668 μοι,
3113 3599 3266 3669 φησὶ,
3292 3598 3493 3653 θέλετε
3522 3597 3665 3650 δοῦο

2077 3713 2192 3749 ναι.
2226 3696 2297 3748 Σὺ
2335 3695 2385 3745 τί
2419 3694 2593 3756 Θέλεις
2621 3693 2805 3745 λαϐεῖν
2835 3708 2849 3720 ·
2886 3694 3083 3745 ἐκεῖνοι
3128 3692 3235 3762 γὰρ
3282 3691 3429 3742 οὐδὲν
3470 3690 3664 3759 ἔχουσι

2078 3786 2258 3839 δοῦναι
2288 3786 2538 3852 ἀντάξιον
2584 3784 2739 3838 Θεοῦ.
2790 3784 2899 3837 Καὶ
2941 3782 3218 3849 ἔστησαν
3254 3780 3444 3845 αὐτῷ,
3496 3782 3662 3849 φησὶ,

2078 3879 2396 3947 τριάκοντα
2426 3879 2692 3947 ἀργύρια.
2736 3876 3040 3946 Τριάκοντα
3071 3874 3271 3927 ὀϐολῶν
3310 3872 3538 3944 άμισθὸν
3574 3892 3663 3937 τις

2082 3971 2265 4041 ἰατρὸν
2312 3969 2513 4033 πωλεῖ;
2550 3966 2731 4037 ἰατρὸν
2761 3966 2993 4035 τυφλοὺς
3022 3964 3371 4034 ὀμματοῦντα
3392 4007 3405 4029 ,
3444 3962 3665 4032 χωλοὺς

2080 4062 2216 4133 πρὸς
2240 4061 2438 4131 δρόμον
2479 4059 2777 4130 ἐγείροντα.
2811 4053 2995 4109 Ταῦτα
3033 4057 3195 4125 λέγω,
3256 4058 3342 4110 ἵνα
3385 4073 3477 4108 σου
3522 4074 3663 4109 κατ-

2078 4155 2269 4224 ηχήσω
2288 4153 2384 4223 τὴν
2412 4152 2669 4215 διάνοιαν,
2697 4152 2777 4203 ὅτι
2806 4152 3007 4212 κόπους
3038 4149 3293 4221 παρέχεις
3310 4151 3375 4218 τῇ
3406 4149 3659 4216 γυναικί·

2080 4247 2159 4298 ὅτι
2193 4245 2281 4298 τὸν
2328 4247 2384 4298 έν
2432 4248 2644 4315 νεκροῖς
2674 4243 2977 4313 ἐλεύθερον,
3012 4242 3104 4292 καί
3147 4240 3252 4310 πρὸ
3296 4238 3389 4291 τοῦ
3422 4238 3663 4291 θανάτου

2081 4337 2155 4399 ὡς
2186 4337 2376 4406 νεκρὸν
2404 4337 2663 4405 ἐτίμησεν
2688 4350 2699 4362 ·
2734 4336 2817 4387 δτι
2841 4334 2928 4386 διὰ
2960 4332 3053 4385 τοῦ
3101 4332 3295 4403 μύρου,
3328 4332 3425 4401 τῆς
3456 4332 3662 4401 ταφῆς,

2082 4431 2173 4483 καὶ
2203 4430 2301 4499 τῆς
2338 4430 2683 4492 ἀναστάσεως
2725 4428 2821 4498 τὴν
2853 4428 3011 4498 χάριν
3044 4427 3455 4498 προεσήμανεν.
3499 4425 3664 4477 Ἀλλά

406 4528 701 4582 mortuum,
734 4520 935 4572 honore
969 4518 1242 4581 aﬂecerit;
1286 4518 1426 4586 quod
1459 4518 1766 4585 sepulturae,
1804 4532 1975 4570 resur-

2119 4524 2147 4575 ὺ
2197 4523 2293 4591 μὲν
2349 4522 2557 4593 καρπὸν
2604 4521 2702 4589 τῆς
2751 4520 3039 4591 προδοσίας
3084 4518 3176 4570 τὸν
3234 4521 3440 4587 σχοῖνον
3486 4516 3662 4582 ἕξεις·

405 4611 770 4679 rectiouisque
800 4610 1025 4677 gratiam
1057 4620 1325 4678 unguento
1354 4609 1815 4677 praeuuntiaverit.
1864 4607 1977 4660 Cae-

409 4715 610 4765 teruut,
639 4702 730 4756 tibi
762 4702 977 4770 quidem
1033 4701 1356 4769 proditionis
1387 4701 1617 4762 l'rumus,
1650 4700 1811 4753 remis
1832 4714 1979 4751 utan,

410 4794 545 4849 serit
582 4794 625 4825 "
660 4812 673 4847 :
708 4794 861 4847 istius
907 4802 1086 4847 autem
1140 4792 1421 4855 memoria,
1476 4792 1771 4859 ubicunque
1818 4790 1981 4849 fuerit

410 4889 757 4956 prardicatum
794 4885 1137 4954 Evangelium
1174 4884 1241 4947 ³³,
1277 4882 1593 4937 indeliciens
1623 4885 1747 4936 erit.
1788 4880 1931 4935 Dixit
1965 4901 1977 4932 :

412 4991 599 5057 sicque
640 4986 838 5041 factum
879 4985 1059 5039 fuerit.
1092 4982 1226 5035 Nam
1276 4981 1510 5036 cessavit
1540 4979 1717 5032 Aaron
1750 4987 1801 5029 et
1830 4975 1982 5030 Elea—

414 5080 525 5134 zari
572 5088 899 5146 unguentum
928 5117 943 5140 ,
978 5087 1255 5142 cornuque
1285 5073 1445 5127 desiit
1475 5091 1488 5126 :
1522 5082 1575 5124 at
1609 5071 1766 5138 hujus
1807 5069 1987 5120 alaba-

414 5184 607 5234 strum,
649 5171 746 5225 toti
784 5184 898 5222 ιενο
936 5176 1302 5231 coextentum,
1347 5165 1679 5219 inexhausta:
1710 5160 1987 5215 memoria:

417 5263 764 5331 l'ragrantiam
801 5262 981 5315 habet.

493 5354 555 5408 Χ.
608 5354 674 5408 Ει
716 5356 785 5408 ita
816 5354 1032 5422 quidem
1062 5350 1289 5413 Judam;
1335 5353 1757 5403 murmurantem
1806 5350 1983 5394 autem

418 5447 748 5503 Pharisreum
791 5447 891 5499 hoc
923 5453 1081 5515 pacto
1111 5444 1358 5498 Christus
1384 5440 1578 5495 atratus
1622 5446 1703 5493 est
1734 5456 1747 5492 :
1781 5434 1983 5501 Simon,

491 5628 536 5657 "
566 5626 752 5679 Matth.
776 5625 1016 5686 xum“.

421 5694 465 5729 ³⁸
516 5698 656 5751 Psal.
710 5711 942 5761 uxxvtt,
995 5696 1047 5748 6.
1124 5694 1165 5723 ³’
1194 5693 1383 5749 Matth.
1413 5706 1580 5751 xxvn,
1615 5689 1664 5743 5.

494 5816 604 5886 (76)
632 5812 773 5870 Εἶτα
810 5814 894 5867 δέ.
926 5814 1111 5869 Metili.
1147 5814 1191 5864 εἰ
1219 5811 1292 5863 δέ.

2084 4613 2284 4684 ταύτης
2299 4614 2351 4665 δὲ
2372 4616 2403 4683 ἡ
2425 4614 2631 4683 μνήμη,
2647 4614 2795 4665 ὅπου
2815 4612 2891 4664 ἂν
2910 4609 3255 4679 κηρυχθῇτὸ
3270 4608 3663 4678 Εὑαγγέλιον,

2087 4705 2464 4769 ἀνεξάλειπτός
2494 4706 2659 4757 ἐστιν.
2699 4700 2831 4755 Eii-:3
2852 4744 2866 4766 ,
2895 4703 2988 4756 καὶ
3020 4702 3234 4771 ἐγένετο
3275 4702 3433 4772 ἔργον
3468 4700 3663 4763 οὕτως.

2089 4799 2211 4849 Ὅτι
2242 4797 2302 4849 τὸ
2330 4796 2424 4849 τοῦ
2470 4796 2699 4867 Ἀαρὼν,
2732 4797 2793 4848 τὸ
2822 4795 2913 4849 τοῦ
2958 4794 3219 4864 Ἐλεάζαρ
3252 4794 3528 4845 πέπαυται
3564 4793 3667 4863 μύ-

2091 4906 2199 4958 ρον,
2229 4889 2322 4941 καί
2356 4889 2415 4940 τὸ
2453 4889 2616 4958 κέρας
2648 4889 2881 4957 ἤργησε.
2938 4886 3010 4937 Τὸ
3042 4885 3097 4937 δὲ
3145 4884 3485 4954 ἀλάϐαστρον
3529 4883 3664 4936 ταύ-

2086 4999 2187 5053 της
2246 4982 2407 5035 παντὶ
2436 4981 2512 5051 τῷ
2538 4981 2693 5032 αἰῶνι
2718 4980 3210 5043 συνεπεκτείνεται,
3240 4978 3513 5031 ἀκένωτον
3542 4977 3664 5047 ἕχον

2087 5072 2186 5143 τῆς
2218 5074 2435 5143 μνήμης
2462 5071 2560 5141 τὴν
2587 5070 2831 5122 εὐωδίαν.

2166 5334 2219 5388 l'.
2264 5334 2418 5387 ’Λλλά
2458 5336 2589 5405 πρὸς
2635 5336 2730 5405 μὲν
2749 5335 2838 5388 τὸν
2874 5335 3067 5387 Ἰούδαν
3089 5334 3259 5395 οὕτω,
3312 5333 3446 5403 πρὸς
3493 5332 3551 5384 δὲ
3576 5333 3665 5384 τὸν

2095 5429 2384 5499 Φαρισαῖον
2408 5427 2744 5495 γογγύζοντα
2772 5428 3004 5497 Χριστὸς
3037 5426 3206 5489 οὕτως
3236 5424 3409 5492 ἔλεγε.
3447 5424 3664 5492 Σίμων,

1097 5624 1141 5653 ’⁸
1174 5622 1211 5674 ll
1240 5622 1364 5675 Cor.
1398 5636 1516 5681 viti,
1544 5618 1597 5672 9.
1673 5620 1715 5650 ”
1755 5617 1943 5671 Matth.
1982 5632 2131 5673 xxvi,
2169 5609 2254 5663 12.
2332 5610 2375 5643 ’⁸
2400 5610 2557 5665 Marc.
2587 5608 2767 5669 xrv.5.
2844 5610 2887 5641 ²⁰
2914 5605 3101 5661 Matth.
3130 5622 3277 5669 xxvr,
3301 5604 3383 5659 l5.
3461 5601 3508 5636 ³⁸
3539 5602 3665 5657 ibid.

1744 5689 1787 5719 ³³
1820 5687 2004 5742 Matth.
2032 5699 2179 5743 xm,
2206 5682 2290 5737 l5.
