3796 6308
232 303 299 358 85
1222 305 1479 364 ORATIO
1519 309 1588 364 IN
1626 309 1985 366 MULIEREM
2024 311 2504 369 PECCATRICEM
3387 311 3462 372 86

227 415 343 483 ἔχω
370 417 470 469 σοι
491 435 545 471 τι
573 421 780 475 εἰπεῖν.
810 425 874 477 Ὠ
899 425 1120 496 χάριτος
1139 425 1369 493 ἀφάτουί
1408 427 1471 478 Ὢ
1502 428 1791 498 φιλανθρω-

1899 429 2061 481 habeo
2091 430 2182 482 tibi
2211 430 2411 499 aliquid
2457 430 2646 483 dicere.
2685 428 2727 484 ο
2764 427 3084 483 ineffabilem
3117 394 3373 497 gratiam!
3413 429 3459 487 0

229 504 353 566 πίας
397 507 670 576 ἀρῤἠτουί
721 512 855 575 Θεὸς
888 515 983 567 καὶ
1028 514 1308 585 ἄνθρωπος
1347 516 1795 584 κοινολογοῦνται,

228 613 318 647 και
370 599 657 668 προτίθησι
711 604 1044 674 πρόϐλημα,
1091 605 1291 658 κανόνα
1345 605 1795 678 φιλανθρωπίας,

229 688 424 740 ἐκλύων
468 690 637 743 αὐτοῦ
688 694 787 763 τὴν
827 695 1110 766 πονηρίαν.
1151 697 1362 764 Σίμων,
1415 696 1558 766 γὰρ,
1613 698 1796 767 φησὶν,

233 783 343 849 ἔχω
371 785 464 835 σοί
497 802 552 836 τι
584 786 793 839 εἰπεῖν·
828 790 856 841 ὃ
888 789 1079 860 μηδενὶ
1105 790 1212 842 τῶν
1250 790 1493 843 παλαιῶν
1524 785 1700 852 εἷπον,
1737 792 1796 844 οὐ

240 877 560 946 τστριάρχη,
592 879 654 930 οὐ
682 883 956 952 προφήτῃ,
984 883 1044 934 οὐ
1065 881 1346 955 νομοθέτῃ.
1383 883 1515 934 Τότε
1546 884 1644 952 μὲν
1667 883 1794 952 γὰρ,

236 967 680 1035 ἑρθαλμὸνάντί
702 972 1030 1040 ὀφθαλμοῦ,
1045 973 1142 1026 καὶ
1163 973 1380 1027 ὀδόντα
1402 974 1534 1028 ἀντὶ
1556 974 1799 1040 ὀδόντος

235 1060 466 1129 ἐζήτουν,
496 1061 560 1113 τὸ
586 1062 796 1116 δίκαιον
817 1065 1095 1116 ἀπαιτῶν⁹
1127 1065 1241 1117 ἀλλ’
1273 1065 1456 1136 ἐπειδὴ
1481 1066 1539 1117 οὐ
1570 1064 1797 1117 δύνασθε

233 1152 402 1219 φέρειν
448 1154 511 1205 τὸ
559 1153 786 1217 δίκαιον,
831 1155 993 1226 χάριν
1032 1156 1335 1224 ἀντεισὰγω
1382 1155 1459 1226 τῷ
1491 1156 1668 1227 νόμῳ,
1706 1157 1800 1210 κα)⁸

231 1243 486 1312 ἀλαλητόν
533 1261 614 1296 σοι
660 1248 958 1316 μυστήριον
1005 1246 1132 1318 ἐρῶ.
1202 1246 1266 1301 ’0
1304 1246 1370 1300 δέ
1389 1264 1578 1316 φησι·
1629 1247 1797 1300 Διδά-

227 1339 431 1397 σκαλε,
461 1337 616 1391 εἰπέ.
650 1339 764 1390 Δύο
808 1341 1226 1407 χρεωφειλέται
1256 1339 1427 1408 ἦσαν
1470 1339 1560 1392 ἐνί
1603 1339 1795 1406 ἀνδρί.

230 1424 369 1492 ’θρα
399 1426 535 1478 Θεοῦ
582 1427 798 1496 σοφίαν.
847 1430 1160 1501 ’Δποσιωπᾷ
1188 1429 1284 1502 τὴν
1313 1433 1579 1498 γυναῖκα,
1612 1430 1694 1482 ἵνα
1726 1429 1800 1500 μὴ

225 1522 576 1591 κακουργήσῃ
627 1521 756 1589 περὶ
807 1520 906 1589 τὴν
958 1521 1267 1591 ἀπόκρισιν.
1342 1522 1404 1573 '0
1467 1516 1574 1586 εἷς,
1612 1522 1796 1589 φησιν,

226 1609 434 1676 ὤφειλε
459 1609 711 1677 δηνάρια
746 1612 1142 1666 πεντακόσια*
1173 1615 1205 1665 ό
1230 1612 1297 1664 δὲ
1328 1612 1546 1680 ἔτερος,
1587 1611 1801 1677 πεντή-

225 1714 418 1750 κοντα.
450 1699 684 1770 Φοϐερὸτ
725 1699 818 1752 τοῦ
849 1700 1179 1771 διηγήματος
1210 1703 1238 1754 ό
1273 1703 1491 1772 τρόπος.
1532 1703 1568 1752 Γ
1577 1719 1798 1771 ραμμα-

1900 519 2326 588 inexplicabilem
2399 514 2820 574 humanitatem!
2885 517 3231 574 Communem
3315 522 3454 576 Deus

1900 624 2020 663 cum
2073 610 2289 665 homine
2337 625 2640 665 sermonem
2693 609 2884 663 miscet
2921 627 2934 662 :
2971 610 3349 678 problemaque
3404 621 3460 665 et

1910 696 2286 763 quaestionem,
2319 697 2557 765 regulam
2582 697 2930 752 humanitatis
2963 713 3287 766 proponens,
3317 700 3459 754 illius

1900 785 2162 838 malitiam
2197 787 2459 842 dissolvit.
2508 787 2692 843 Simon
2745 788 2906 848 enim,
2935 787 3128 857 inquit,
3162 789 3324 844 habeo
3363 789 3459 843 tibi

1897 877 2098 946 aliquid
2136 879 2339 942 dicere;
2391 880 2530 949 quod
2571 880 2698 934 nulli
2736 890 2976 935 veterum
3022 882 3131 936 dixi
3167 901 3181 938 :
3220 900 3322 937 non
3369 900 3465 953 pa-

1900 965 2195 1030 triarchae,
2249 983 2353 1022 non
2419 969 2726 1037 prophetae,
2793 984 2894 1024 non
2951 970 3262 1041 legislatori.
3313 971 3465 1029 Tunc

1898 1057 2136 1125 quidem,
2174 1060 2474 1127 qmerebam
2523 1060 2726 1113 oculum
2771 1078 2864 1129 pro
2907 1061 3076 1129 oculo,
3113 1065 3312 1118 dentem
3363 1083 3456 1134 pro

1897 1147 2047 1200 dente
2095 1148 2352 1214 ":quod
2403 1149 2606 1212 justum
2655 1162 2772 1215 est,
2831 1153 3071 1221 exigens.
3133 1154 3265 1219 Quia
3319 1171 3449 1209 vero

1897 1251 2002 1290 non
2035 1239 2262 1306 potestis
2292 1240 2432 1294 ferre
2460 1242 2600 1309 quod
2629 1251 2713 1295 est
2742 1241 2981 1307 justum;
3025 1244 3142 1298 loco
3176 1244 3306 1313 legis
3342 1263 3462 1315 gra-

1899 1329 2028 1381 tiam
2085 1330 2314 1394 induco,
2391 1332 2593 1401 tibique
2656 1334 3014 1387 inenarrabile
3067 1347 3459 1390 sacramentum

1898 1419 2037 1476 dico.
2071 1425 2134 1474 At
2168 1420 2254 1474 ille
2287 1423 2360 1474 ait
2387 1438 2406 1476 :
2437 1421 2708 1491 Magister,
2737 1425 2842 1478 dic.
2881 1423 2994 1477 Duo
3033 1435 3183 1478 erant
3211 1425 3462 1480 debitores

1899 1512 2136 1566 obstricti
2171 1514 2262 1566 uni
2284 1515 2410 1568 viro.
2453 1513 2588 1569 Vide
2621 1517 2711 1570 Dei
2738 1516 3082 1584 sapientiam.
3110 1516 3316 1569 Reticet
3348 1532 3463 1570 mu-

1899 1599 2107 1666 lierem,
2147 1610 2206 1656 ut
2237 1619 2302 1657 ne
2351 1605 2418 1657 ad
2454 1606 2858 1672 responsionem
2906 1607 3125 1661 subdole
3157 1605 3456 1660 cavilletnr.

1902 1689 2070 1755 Unus,
2108 1694 2301 1762 inquit,
2328 1695 2538 1748 debebat
2581 1696 2822 1750 denarios
2867 1699 3192 1766 quingentos,
3238 1707 3288 1751 et
3325 1698 3463 1751 alius
3547 1737 3554 1746 .

225 1791 361 1841 τείόν
402 1792 548 1843 ἐστιν
593 1794 620 1844 ό
665 1791 933 1863 ἡμέτερος
975 1792 1109 1862 βίος,
1152 1794 1396 1863 ἀοράτως
1436 1793 1662 1864 γράφων
1707 1794 1791 1846 καὶ

1899 1784 2303 1854 quinquaginta.
2367 1784 2646 1840 Terribilis
2706 1788 3033 1842 narrationis
3082 1789 3308 1856 species.
3371 1787 3464 1844 Eat

223 1879 542 1950 λογισμοὺς,
575 1883 671 1935 καὶ
698 1883 951 1952 πράξεις,
979 1884 1072 1936 καὶ
1095 1882 1390 1952 ὀφθαλμῶν
1419 1883 1794 1953 ρεμϐασμοὺς,

223 1979 315 2029 καὶ
351 1977 526 2047 ψυχῆς
557 1981 863 2049 κινήματα·
901 1978 1035 2032 ἀλλὰ
1072 1979 1185 2032 λύει
1217 1980 1306 2032 τὸν
1343 1978 1506 2046 φόϐον
1537 1980 1564 2030 ό
1613 1977 1799 2046 φιλάν-

223 2067 432 2136 θρωππ
456 2069 759 2142 δανειστὴς,
800 2072 828 2122 ό
856 2071 923 2122 τὰ
951 2071 1287 2141 χειρόγραφα
1320 2071 1665 2140 διαρρήσσων
1698 2069 1798 2138 τῆς

227 2160 489 2229 ἁμαρτίας
507 2178 522 2192 ο
555 2162 648 2214 καὶ
681 2162 741 2213 οὐ
786 2163 946 2233 μόνον
975 2164 1341 2234 διαρρήσσων,
1368 2161 1503 2215 ἀλλὰ
1531 2161 1624 2213 καὶ
1649 2161 1796 2214 λεαί-

223 2271 325 2303 νων
355 2254 461 2319 (77)
510 2256 623 2316 τοῖς
659 2253 815 2306 ὕδασι
858 2254 952 2308 τοῦ
984 2254 1389 2324 βαπτίσματος,
1427 2253 1513 2305 ἵνα
1547 2252 1620 2323 μὴ
1654 2252 1797 2322 ἴχνος

227 2340 482 2407 στοιχείου
525 2341 558 2410 ἧ
590 2341 861 2412 συλλαϐῆς
900 2344 1216 2412 ὑπομεῖναν,
1245 2342 1543 2411 ὑπόμνημα
1572 2340 1797 2410 γένηται

225 2432 332 2482 τῶν
364 2433 771 2503 παρῳχηκότων
800 2434 1005 2487 κακῶν.
1043 2433 1138 2500 Μὴ
1167 2433 1429 2502 ἐχόντων·
1460 2428 1574 2492 οῦν,
1607 2430 1793 2500 φησιν,

223 2520 417 2573 αὐτῶν
467 2522 831 2586 ἀποδοῦναι,
886 2523 1235 2592 ἀμφοτέροις
1260 2523 1596 2592 ἐχαρίσατο.
1645 2518 1796 2585 Εἶδες

224 2612 598 2682 φιλάνθρωπον
637 2613 952 2684 δανειστήν;
983 2615 1106 2677 Πῶς
1132 2612 1362 2676 δανείζει
1393 2614 1510 2682 μὲν,
1539 2614 1638 2665 οὐκ
1663 2614 1797 2664 ἀπο-

222 2700 479 2770 λαμϐάνει
529 2701 624 2766 δέ;
678 2703 804 2765 Πῶς
842 2704 898 2756 δὲ
945 2703 1427 2774 ἀγνωμονούμενος
1469 2704 1531 2755 οὐ
1575 2703 1749 2772 ναρκᾷ
1779 2719 1793 2733 ·

353 2794 604 2862 ἦπλωται
640 2793 804 2846 αὑτοῦ
829 2797 941 2858 τοῖς
974 2795 1213 2848 αἰτοῦσιν
1244 2797 1276 2866 ἡ
1309 2795 1428 2866 χείρ
1456 2811 1469 2858 ;
1500 2793 1593 2861 Μὴ
1623 2795 1795 2862 ἐχόν-

223 2899 365 2942 των,
419 2884 608 2951 φησιν,
664 2883 1027 2946 ἀποδοῦναι,
1075 2885 1426 2953 ἀμφοτέροις
1455 2885 1792 2953 ἐχαρίσατο.

232 2974 430 3042 Ἀ’,ςῆκε
462 2974 536 3044 μὴ
566 2975 799 3044 ἑχόντων
825 2976 935 3046 (78)
959 2992 972 3006 ⁸
997 2977 1118 3047 οὐχ).
1154 2978 1228 3049 μὴ
1261 2979 1541 3032 θελόντων.
1569 2980 1795 3052 Ἕτερον

219 3064 326 3132 γὰρ
365 3064 439 3133 μὴ
489 3063 658 3133 ἔχειν,
690 3066 786 3117 καὶ
820 3066 1006 3136 ἕτερον
1050 3067 1123 3137 μὴ
1157 3067 1349 3121 θέλειν.
1382 3064 1504 3122 Οίόν
1537 3087 1592 3122 τι
1622 3070 1791 3137 λέγωο
1821 3107 1865 3166 C

220 3155 344 3217 θεὸς
392 3155 545 3207 οὐδὲν
594 3159 722 3227 παρ’
771 3157 928 3226 ἡμῶν
978 3159 1149 3228 ζητεῖ,
1195 3159 1228 3229 ἢ
1277 3161 1581 3230 μετάνοιαν.
1631 3161 1792 3214 Ὅθεν

224 3243 462 3311 βούλεται
523 3247 673 3314 ἡμᾶς
742 3247 831 3298 ἀεὶ
879 3248 1111 3317 χαίρειν,
1157 3250 1250 3301 καὶ
1316 3253 1670 3321 προστρέχειν
1721 3255 1788 3324 τῇ

224 3335 498 3405 μετανοίᾳ.
566 3337 692 3388 Ἐὰν
757 3337 856 3407 μὲν
908 3339 1168 3393 θελόντων
1217 3341 1373 3410 ήμῶν
1428 3344 1789 3412 μετανοῆσαι,

220 3426 278 3476 τὸ
329 3424 532 3494 πλῆθος
589 3426 698 3480 τῶν
767 3430 1052 3499 ἁμαρτιῶν
1111 3432 1298 3484 ἄτονον
1350 3433 1446 3503 τὴν
1508 3435 1792 3503 μετάνοιαν

222 3515 373 3583 ἡμῶν
427 3516 614 3588 δείξῃ’
670 3518 732 3570 οὐ
783 3520 934 3590 παρὰ
977 3521 1040 3573 τὸ
1080 3522 1154 3592 μὴ
1193 3523 1387 3587 θέλειν,
1451 3525 1583 3578 ἀλλὰ
1640 3527 1788 3597 παρὰ

218 3606 279 3658 τὸ
310 3608 383 3676 μὴ
422 3607 590 3675 ἔχειν,
625 3609 726 3661 οὐκ
765 3610 1048 3680 ἐκτίνομεν
1080 3613 1140 3666 τὸ
1168 3613 1346 3684 χρέος.
1391 3614 1490 3667 Διὰ
1520 3616 1676 3669 τοῦτο
1701 3613 1792 3671 οὖν

219 3695 494 3763 λέγει,Μὴ
522 3698 791 3764 ἑχόντων
813 3699 1038 3752 αὐτῶνθ
1067 3701 1154 3754 ἵνα
1175 3703 1323 3773 δείξῃ
1342 3703 1421 3755 ὅτι
1453 3702 1572 3756 ἰδὼν
1600 3707 1793 3769 αὐτοὺς

219 3785 576 3856 βουλομένους
613 3790 711 3858 μὲν
739 3789 826 3842 διὰ
863 3791 1148 3858 μετανοίας
1188 3793 1478 3847 ἀποδοῦναι
1515 3795 1573 3846 τὸ
1602 3796 1790 3865 χρέος,

221 3877 291 3946 μὴ
318 3877 655 3946 δυναμένους
693 3879 750 3931 δὲ
777 3879 862 3931 διὰ
900 3880 960 3936 τὸ
1001 3880 1201 3944 πλῆθος
1240 3881 1347 3935 τῶν
1384 3885 1688 3954 ἁμαρτιῶν,
1717 3887 1793 3952 ὡς

217 3969 402 4036 ςιλανθ
413 3987 621 4038 ρωπος,
650 3971 832 4033 αὐτοῖς
861 3971 1225 4041 συνεχώρησε,
1252 3974 1351 4026 οὐκ
1375 3975 1481 4026 ἀπὸ
1510 3976 1784 4046 πράξεως,

217 4061 324 4112 ἀλλ’
352 4061 463 4113 ἀπὸ
507 4062 878 4131 προαιρέσεως
916 4063 1277 4134 ἐλευθερῶσαι
1327 4065 1428 4134 τῆς
1471 4067 1690 4138 όφειλῆς
1731 4070 1790 4122 τὸ

216 4150 500 4221 ὑπόχρεον.
535 4153 593 4203 Μ
602 4151 634 4217 ἡ
662 4152 925 4218 ἐχόντων
962 4147 1053 4204 οὖν
1093 4152 1289 4208 αὐτῶν
1322 4155 1682 4209 ἀποδοῦναι’
1715 4158 1788 4229 μὴ

217 4244 503 4312 μαστίξας,
536 4242 613 4313 μὴ
649 4243 908 4313 ὑϐρίσας,
947 4245 1022 4316 μὴ
1047 4245 1412 4316 στρεϐλώσας,
1435 4247 1788 4318 ἀμφοτέροις

211 4333 536 4401 ἐχαρίσατο

278 4593 383 4645 lA'.
401 4588 819 4658 Τίςοῦναὺτὸν
829 4593 1050 4660 ὀφείλει
1064 4591 1252 4646 πλέον
1262 4592 1565 4661 ἀγαπῆσαι
1587 4595 1673 4654 ;’Λ
1684 4609 1787 4645 πο-

211 4687 432 4751 κμθεὶς
477 4683 546 4735 δὲ
577 4687 611 4736 0'
655 4684 850 4752 Σίμων
881 4679 1079 4736 εἶπεν
1123 4683 1562 4752 Ὑπολαμϐάνω,
1614 4684 1701 4735 ὅτι
1740 4676 1787 4748 ᾧ

215 4776 274 4828 τὸ
307 4775 522 4829 π.ιεῖον
545 4774 892 4842 ἐχαρίσατο.
926 4773 1101 4826 Βλέπε
1127 4772 1221 4826 τοῦ
1260 4775 1552 4844 Φαρισαίου
1595 4776 1653 4827 τὸ
1681 4775 1786 4827 δει-

212 4868 316 4920 νόν.
376 4867 467 4928 Ὠς
510 4861 649 4917 οἶδεν
701 4865 892 4918 ἑαυτὸν
934 4864 1011 4934 τῷ
1053 4864 1196 4934 λόγῳ
1235 4865 1336 4935 ἤδη
1386 4865 1485 4934 τῆς
1531 4865 1785 4934 ἀληθείας

211 4959 652 5029 ἀποκλειόμενον,
679 4955 740 5008 τὸ
763 4956 1430 5025 ’Υπολαμϐάνωτέοεικε,
1454 4956 1619 5024 φοϐοῦ
1628 4973 1784 5025 μενος

276 5111 325 5144 ⁸⁸
351 5109 528 5165 Exod.
559 5126 676 5173 xxi,
705 5110 797 5162 ΞΑ.

1897 1872 2105 1929 libellus
2166 1877 2395 1930 humana
2458 1878 2586 1940 vita,
2619 1877 2986 1946 inaspectabili
3024 1879 3232 1932 ratione
3289 1888 3344 1930 et
3372 1891 3464 1930 co-

1895 1966 2094 2033 gitatus
2152 1978 2207 2023 et
2266 1969 2508 2024 actiones
2543 1979 2598 2024 et
2653 1969 2933 2023 oculorum
2983 1969 3313 2038 vagosietus
3343 1982 3464 2022 mo-

1899 2066 2090 2126 tusque
2109 2060 2269 2113 animi
2300 2060 2662 2128 perscribens.
2690 2060 2858 2114 Solvit
2893 2061 3239 2114 nihilominus
3262 2069 3463 2112 metum

1897 2151 2159 2218 benignus
2183 2151 2443 2216 creditor,
2476 2151 2542 2214 is,
2573 2151 2816 2220 inquam,
2848 2151 2938 2220 qui
2977 2150 3257 2219 disrumpit
3286 2149 3465 2202 chiro-

1897 2242 2102 2310 grapha
2135 2243 2339 2310 peccati
2377 2260 2391 2296 :
2423 2257 2522 2297 nec
2552 2243 2837 2311 disrumpit
2862 2241 3054 2307 solum,
3085 2255 3270 2294 verum
3304 2240 3463 2294 etiam

1895 2331 2037 2387 delet
2079 2335 2234 2402 aquis
2281 2333 2558 2403 baptismi,
2602 2342 2658 2388 ut
2708 2348 2777 2388 ne
2809 2331 3058 2386 elementi
3111 2339 3203 2385 aut
3249 2329 3467 2399 syllaba

1900 2435 2177 2492 superstes
2211 2425 2524 2494 vestigium,
2558 2425 2818 2478 malorum
2853 2423 3248 2492 praeteritorum
3277 2435 3466 2475 monu«

1899 2521 2135 2566 mentum
2184 2513 2292 2567 ﬁat.
2360 2514 2483 2567 Non
2533 2514 2842 2567 habentibus
2903 2527 3052 2580 ergo,
3105 2512 3298 2581 inquit,
3357 2510 3464 2565 illis

1898 2603 2034 2655 unde
2065 2604 2354 2666 redderent,
2402 2603 2612 2656 donavit
2640 2604 2894 2672 utrisque.
2943 2601 3192 2656 Vidistin’
3231 2600 3464 2655 credito-

1897 2707 2010 2745 rem
2050 2693 2382 2746 humanmn?
2409 2692 2477 2746 Ut
2497 2694 2713 2762 qpidem
2742 2693 3031 2755 feneretur,
3061 2691 3155 2746 sed
3185 2704 3292 2745 non
3325 2690 3458 2745 reci-

1899 2783 2054 2854 piat?
2083 2782 2336 2838 Utetiam
2367 2798 2492 2852 erga
2527 2783 2764 2853 ingratos
2802 2796 2904 2835 non
2942 2791 3167 2848 torpeat,
3210 2783 3302 2836 sed
3357 2782 3450 2836 lia-

1897 2875 2024 2929 beat
2055 2873 2372 2944 rogantibus
2403 2881 2644 2942 apertam
2679 2872 2936 2926 manum?
2977 2870 3098 2924 Non
3130 2872 3460 2934 habentibus.

1897 2964 2089 3035 inquit,
2124 2966 2259 3018 unde
2290 2965 2582 3027 redderent,
2611 2965 2847 3032 utrisque
2879 2961 3112 3016 donavit.
3160 2962 3368 3016 Dimisit
3396 2963 3463 3016 iis

1899 3055 1989 3122 qui
2022 3069 2126 3108 non
2166 3054 2468 3108 haberent:
2505 3067 2613 3107 non
2672 3053 2765 3118 ita,
2819 3052 2910 3122 qui
2958 3051 3175 3106 nollent.
3218 3051 3351 3104 Nam
3379 3059 3464 3105 est

1896 3144 2042 3199 aliud
2077 3159 2180 3198 non
2217 3143 2436 3209 habere,
2494 3153 2550 3197 et
2598 3143 2744 3196 aliud
2779 3143 2937 3197 nolle.
2998 3142 3066 3196 Ut
3117 3151 3244 3210 puta
3276 3158 3289 3194 :
3322 3138 3463 3193 Nihil

1897 3235 2037 3287 Deus
2090 3247 2118 3286 a
2168 3232 2345 3296 nobis,
2396 3240 2592 3297 praeter
2643 3231 3009 3299 paenitentiam
3053 3229 3242 3298 exigit.
3284 3228 3463 3294 Quare

1893 3325 2006 3379 vult
2031 3333 2088 3377 ut
2113 3338 2325 3392 semper
2354 3325 2696 3392 gaudeamus,
2743 3332 2797 3376 et
2847 3336 3130 3376 curramus
3178 3322 3244 3373 ad
3293 3319 3462 3388 pinni-

1895 3415 2138 3467 tentiam.
2174 3411 2232 3466 Si
2269 3428 2422 3482 ergo,
2452 3414 2577 3466 dum
2606 3412 2850 3466 volumus
2876 3411 3244 3479 ptenitentiam
3275 3425 3456 3480 agere,

1893 3514 2242 3572 peccatorum
2307 3502 2494 3568 ingens
2549 3515 2806 3556 numerus
2846 3499 3047 3553 viribus
3095 3499 3366 3552 inﬁrmam
3405 3507 3460 3552 et

1892 3593 2220 3648 ineﬂicacem
2286 3593 2658 3662 pteuitentiam
2715 3592 2940 3657 iecerit;
3019 3606 3125 3646 non
3197 3589 3452 3644 solvimus

1893 3684 2153 3747 debitum,
2185 3698 2289 3737 non
2328 3683 2455 3752 quia
2483 3682 2732 3750 nolimus,
2766 3683 2859 3738 sed
2883 3684 3006 3752 quia
3040 3697 3143 3735 non
3171 3682 3448 3734 habemus.

1893 3775 2183 3843 Propterea
2237 3775 2397 3844 igitur
2458 3775 2606 3836 dicit,
2664 3768 2787 3827 Non
2845 3772 3148 3825 habentibus
3209 3769 3453 3823 illis:ut

1893 3866 2165 3928 ostendat,
2194 3866 2336 3933 quod
2373 3866 2578 3927 videns,
2615 3864 2749 3918 velle
2781 3866 3014 3919 debitum
3061 3878 3157 3932 per
3191 3862 3457 3931 paeniten-

1894 3957 2022 4010 tiam
2076 3958 2318 4024 reddere,
2375 3971 2473 4011 nec
2529 3966 2869 4027 peccatorum
2928 3954 3268 4008 multitudine
3309 3955 3456 4009 velut

1893 4049 2135 4114 obrutos,
2165 4064 2356 4119 posse;
2406 4048 2738 4103 concesserit
2787 4048 2900 4118 ipse
2944 4055 2998 4099 ut
3033 4046 3362 4111 misericors,
3399 4056 3459 4100 ut

1893 4139 1960 4193 ab
1991 4141 2148 4211 hujus
2175 4155 2234 4195 se
2257 4141 2421 4196 debiti
2455 4149 2630 4204 reatu,
2660 4153 2764 4193 non
2789 4138 2855 4192 ab
2889 4137 3120 4199 actione,
3155 4139 3248 4191 sed
3273 4151 3303 4190 a
3333 4152 3456 4206 pro-

1892 4231 2066 4298 posito
2101 4231 2268 4284 animi
2304 4232 2622 4286 eximerent.
2676 4229 2799 4281 Non
2835 4229 3138 4282 habentibus
3181 4243 3311 4296 ergo
3349 4228 3455 4281 illis

1891 4322 2028 4374 unde
2066 4322 2335 4376 redderent
2372 4337 2391 4373 .'
2424 4337 2530 4376 non
2563 4320 2793 4389 ﬂagellis
2818 4319 3092 4387 adhibitis,
3133 4335 3238 4373 non
3267 4329 3459 4373 contu-

1820 4442 1865 4496 ι)
1897 4413 2108 4466 meliam
2141 4413 2410 4481 irrogans,
2436 4427 2542 4467 non
2578 4412 2870 4474 subiiciens
2905 4411 3204 4475 tormentis,
3246 4410 3456 4463 donarit

1893 4504 2141 4570 utrisque.

1962 4595 2028 4647 XI
2099 4594 2228 4658 Quis
2274 4613 2392 4663 ergo
2423 4596 2539 4664 plus
2589 4611 2705 4649 eum
2739 4597 2884 4648 debet
2914 4594 3173 4662 adigere?
3224 4591 3453 4659 Respon-

1891 4688 2014 4738 dens
2047 4684 2228 4738 Simon
2251 4688 2383 4738 dixit
2411 4700 2429 4737 :
2461 4684 2692 4739 Estimo
2721 4688 2844 4755 quia
2872 4687 2914 4737 is
2953 4685 3038 4737 cui
3075 4682 3189 4750 plus
3220 4681 3450 4734 donavit.

1891 4775 2025 4829 Vide
2055 4775 2314 4831 Pharisaei
2363 4777 2576 4846 genium
2606 4785 2769 4844 atque
2804 4775 3100 4831 solertiam.
3143 4771 3211 4826 Ut
3253 4774 3362 4840 jam
3395 4787 3452 4824 se

1887 4866 2020 4919 vidit
2068 4881 2317 4920 sermone
2357 4865 2598 4920 veritatis
2664 4863 2961 4927 exclusum,
3017 4863 3143 4915 illud
3194 4859 3446 4921 ZEstimo,

1890 4958 2102 5026 posuit;
2133 4957 2335 5010 veritus
2356 4959 2482 5010 dare
2499 4954 2797 5010 absolutam
2833 4951 3254 5020 responsionem.
3284 4949 3452 5004 Porro

278 5289 390 5357 (77)
437 5289 729 5342 Aealrarr.
788 5287 978 5343 Menti.
1041 5287 1332 5341 λαϐαίνων.
1365 5285 1518 5357 Unde
1565 5286 1775 5357 Boisins

1898 5285 2052 5340 ectio.
2093 5283 2192 5339 Hic
2219 5298 2348 5338 vero
2375 5285 2675 5357 respexisse
2711 5286 2920 5341 videtur
2941 5298 3161 5346 sanctus
3183 5291 3344 5346 Pater
3380 5295 3449 5346 ad

214 5355 430 5412 innatis
483 5359 673 5426 Savilii
725 5357 1002 5426 legendum
1065 5359 1286 5425 putabat
1348 5356 1623 5425 ἀφανίζων
1694 5355 1776 5410 vel

1898 5371 2047 5426 ecum
2068 5357 2272 5426 Coloss.
2313 5355 2492 5426 ".14.

212 5429 549 5495 ἁπαλειφων.
597 5425 716 5494 Ipse
757 5425 932 5480 autem
982 5427 1433 5488 Montlauconius,
1481 5428 1634 5494 quid,
1693 5425 1780 5479 in-

1947 5425 2056 5495 (78)
2099 5423 2309 5492 Ἀρῆκε
2334 5425 2418 5492 μὴ
2452 5426 2542 5496 ἐχ.
2579 5429 2785 5481 Dimisit
2815 5429 2882 5481 iis
2916 5430 3005 5496 qui
3041 5447 3141 5483 non
3165 5430 3444 5492 haberent;

214 5503 344 5565 quit.
368 5500 411 5550 si
444 5500 692 5549 dicamus
733 5497 868 5549 hanc
896 5512 1080 5551 vocem
1129 5499 1288 5550 medii
1331 5497 1427 5550 aevi
1477 5511 1505 5548 a
1535 5495 1778 5549 Grteculo
1878 5512 1979 5549 non
2005 5496 2208 5564 ita,qui
2234 5495 2765 5552 nollent.A’cccdente
2793 5495 2959 5551 libero
2981 5515 3242 5552 consensu
3271 5514 3420 5565 prom

215 5577 546 5634 usurpatam,
605 5582 672 5617 ex
700 5565 890 5618 Latino
922 5569 1086 5619 verbo
1125 5569 1239 5618 lavo
1285 5565 1500 5627 iactam,
1536 5568 1658 5618 inde
1687 5566 1780 5617 λα-

215 5636 431 5696 ϐαίνων,
458 5636 644 5688 iuvans
673 5635 1045 5688 cll'nrmatum?
1074 5636 1176 5688 Sed
1204 5647 1480 5704 utriusque
1514 5637 1609 5688 \‘iri
1639 5637 1778 5688 docti

215 5706 585 5774 conjecturam
638 5706 787 5759 elidit
837 5708 1159 5773 exemplaris
1193 5705 1567 5761 Combetisiani
1613 5706 1781 5775 proba

1879 5576 2078 5634 ptaque
2124 5566 2402 5618 voluntate
2446 5567 2840 5629 satisfaciendi,

1880 5645 1963 5690 est
1993 5637 2285 5688 secundum
2311 5639 2452 5701 quod
2477 5637 2652 5696 habet,
2677 5652 2943 5702 nunquam
2984 5636 3056 5686 illi
3087 5650 3305 5703 pauper,
3330 5652 3445 5690 nio-

2901 5583 3020 5635 quae
3065 5567 3173 5619 Deo
3224 5576 3447 5634 accepta

1890 5706 1956 5760 d0
1988 5719 2043 5759 sc
2081 5705 2301 5760 divitem
2325 5720 2536 5774 semper
2575 5706 2722 5768 velit,
2765 5717 2823 5758 ut
2847 5706 2943 5772 ipsi
2980 5705 3163 5759 donet.
