3744 6370
303 288 371 345 87
1295 286 1355 344 S.
1398 284 1849 343 AMPHILOCHII
1883 286 2273 345 lCONlENSlS
2310 286 2626 347 EPISCOPI
3490 293 3567 352 88

303 406 564 464 Dominus
601 419 705 459 non
758 414 840 461 est
877 414 1151 460 scrutatus
1200 415 1433 461 mentem
1467 423 1481 459 :
1513 407 1607 461 sed
1653 421 1915 498 reSpon-J

2078 407 2191 459 είαν
2227 406 2328 477 τὴν
2365 406 2661 480 ἀπόκρισιν
2696 406 2902 461 δοῦναι.
2941 408 3000 460 '0
3027 408 3082 461 δέ
3115 408 3340 481 Κύριος,
3371 411 3434 465 οὐ
3463 413 3568 484 τὴν

303 520 421 560 sum
450 503 688 573 rapiens,
728 501 806 555 ait
839 500 912 555 illi
947 517 960 553 :
990 499 1153 569 Recte
1182 499 1461 570 judicasli.
1498 499 1563 553 Et
1601 514 1873 553 conversus

2078 502 2205 571 )μην
2229 498 2391 555 αὑτοῦ
2416 499 2696 571 ἐξήτασεν,
2722 501 2856 554 ἀλλᾶ
2868 501 2966 570 τὴν
2978 501 3266 573 ἀπόκρισιν
3285 502 3567 574 ἁρπάσας,

303 597 375 651 ad
405 596 692 659 mulierem,
734 594 866 648 dixit
910 591 1109 648 Simoni
1141 607 1159 644 :
1203 591 1351 647 Vides
1395 592 1531 645 hanc
1568 590 1876 645 mulierem?

304 691 660 763 peccatricem
710 690 888 755 illam,
953 690 1045 745 tibi
1097 690 1311 760 quidem
1371 689 1729 758 desperatam,
1781 686 1875 741 sed

292 782 438 837 mihi
468 781 660 836 factam
691 780 937 835 salvam?
982 779 1185 835 Intraui
1227 781 1281 834 in
1311 780 1522 833 domum
1558 788 1724 832 tuam.
1760 776 1876 832 Tua

306 873 450 927 enim
508 875 697 928 domus
728 881 833 938 est,
864 887 968 927 non
1016 888 1168 936 mea;
1214 887 1335 942 qua:
1366 881 1447 926 est
1486 870 1637 938 plena
1681 877 1878 925 contu-

309 965 488 1021 melia.
531 966 735 1035 Aquam
780 966 993 1035 pedibus
1042 966 1169 1019 meis
1211 982 1316 1019 non
1370 963 1878 1033 dedisti:pedibus,

309 1055 556 1126 inquam,
615 1056 690 1111 tui
739 1071 902 1112 causa
955 1057 1173 1127 pulvere
1242 1056 1581 1125 conspersis;
1655 1054 1880 1123 pedibus

310 1147 495 1202 labore
524 1146 783 1218 fatigatis,
815 1157 871 1203 ut
903 1163 998 1202 eos
1019 1149 1109 1218 qui
1137 1147 1385 1202 laborant
1415 1154 1470 1200 et
1496 1155 1620 1200 sunt
1642 1145 1878 1209 onerati,

312 1238 590 1294 laboribus
645 1250 699 1293 et
757 1239 1003 1294 molestia
1061 1239 1347 1294 liberarem
1405 1238 1473 1292 ⁸⁸.
1528 1234 1878 1291 Dimidiatum

316 1333 579 1387 honorem
617 1330 856 1384 obtulisti
885 1348 899 1383 :
924 1330 1013 1398 qui
1048 1330 1330 1398 superiora
1363 1327 1579 1398 quidem
1602 1327 1678 1382 sis
1712 1327 1882 1383 admi-

317 1433 494 1485 ratus.
524 1423 779 1476 inferiora
814 1432 994 1477 autem
1026 1437 1133 1478 non
1157 1422 1378 1477 foveris.
1434 1423 1501 1475 At
1553 1431 1607 1475 tu
1640 1421 1878 1491 quidem,

315 1529 508 1583 aquam
533 1513 751 1580 pedibus
782 1514 909 1568 meis
940 1529 1044 1565 non
1072 1511 1298 1578 dedisti;
1338 1512 1451 1566 haec
1488 1519 1666 1565 autem
1704 1509 1882 1580 lacry-

312 1618 523 1657 marum
551 1604 726 1656 fontes
753 1601 822 1655 ab
855 1600 1025 1656 oculis
1073 1600 1312 1666 mittens,
1352 1601 1555 1669 peccati
1589 1600 1671 1654 sui
1704 1614 1884 1653 macu-

312 1692 420 1747 lam
461 1692 738 1748 abstersit.
791 1691 921 1745 Mitti
963 1702 1019 1744 tu
1047 1691 1282 1745 osculum
1323 1707 1422 1744 non
1454 1690 1684 1753 dedisti;
1723 1698 1885 1758 atque

1982 595 2127 654 λέγει
2153 593 2323 665 αὐτῷ·
2370 593 2575 662 Ὀρθῶς
2594 594 2936 661 ἀπεκρίθης.
2964 593 3072 647 Καὶ
3108 595 3397 664 στραφεὶς
3415 596 3571 664 πρὸς

1984 685 2099 754 τήν
2160 688 2436 755 γυναῖκα,
2485 685 2564 753 τῷ
2599 686 2818 755 Σίμωνι
2873 686 3019 755 ἔφη·
3053 686 3307 753 Βλέπεις
3338 689 3572 756 ταύτην

1983 780 2099 846 τὴν
2126 778 2380 847 γυναῖκα
2422 778 2521 849 τὴν
2552 777 2907 849 ἁμαωωλὸνς
2958 777 3057 849 τὴν
3097 777 3182 831 σοὶ
3217 779 3315 850 μὲν
3355 779 3572 851 ἀπηγο-

1987 869 2276 939 ρευμένην,
2316 869 2439 940 ἐμοὶ
2484 869 2541 922 δὲ
2586 867 2933 938 σωζομένην;
2973 866 3278 936 Εἰσῆλθον
3324 870 3418 935 εις
3462 870 3574 923 τὸν

1985 958 2154 1016 οἶκόν
2193 977 2334 1015 σου.
2374 962 2474 1025 Σὸς
2503 960 2612 1033 γὰρ
2644 963 2672 1015 ὁ
2711 956 2862 1024 οἶκος
2883 1001 2897 1023 ,
2926 961 3021 1015 κα)⁵
3055 960 3154 1013 οὐκ
3196 961 3329 1031 ἐμός
3349 978 3364 991 ·
3404 962 3435 1014 ὁ
3457 961 3573 1014 λοι-

1985 1054 2169 1126 δορίας
2193 1054 2410 1125 μεστός.
2440 1052 2627 1122 Ὕδωρ
2644 1054 2742 1107 ἐπὶ
2772 1052 2915 1119 τοὺς
2940 1051 3125 1111 πόδας
3141 1069 3262 1122 μου
3293 1054 3409 1107 οὐκ
3436 1052 3575 1107 ἔδω-

1987 1165 2098 1213 κας
2122 1164 2137 1178 ο
2180 1146 2366 1211 πόδας,
2400 1146 2526 1210 τοὺς
2558 1145 2648 1200 διὰ
2691 1146 2750 1199 σὲ
2783 1144 3159 1207 κονισθέντας·
3193 1145 3320 1209 τοὺς
3347 1145 3441 1199 τὸν
3480 1146 3576 1199 κό-

1988 1258 2088 1294 πον
2120 1241 2538 1309 ὑπομείναντας,
2587 1240 2675 1292 ἵνα
2721 1238 2905 1292 κόπων
2952 1240 3078 1302 τοὺς
3120 1238 3433 1304 κοπιῶντας
3478 1240 3577 1293 καὶ

1988 1331 2454 1404 πεφορτισμένους
2477 1327 2844 1401 ἐλευθερώσω.
2883 1328 2974 1393 Ἐξ
2997 1329 3256 1400 ἡμισείας
3280 1330 3381 1400 τὴν
3404 1329 3576 1400 τιμὴν

1989 1427 2390 1498 προσήνεγκας,
2422 1424 2491 1477 τὰ
2531 1424 2630 1494 μέν
2664 1422 2870 1479 ἄνωθεν
2911 1421 3220 1492 θαυμάσας,
3261 1420 3331 1474 τὰ
3371 1420 3431 1474 δέ
3471 1419 3578 1474 κά-

1987 1516 2160 1569 τωθεν
2202 1515 2277 1585 μὴ
2317 1512 2660 1587 θεραπεύσας
2686 1513 2817 1583 (79).
2868 1511 3028 1565 Ἀλλὰ
3056 1515 3119 1565 σὺ
3163 1511 3260 1582 μὲν
3287 1510 3453 1579 ὕδωρ
3482 1511 3578 1576 εις

1988 1608 2130 1673 τοὺς
2174 1605 2365 1672 πόδας
2387 1623 2506 1675 μου
2536 1608 2648 1660 οὐκ
2684 1604 2938 1671 ἔδωκαςο
2988 1602 3128 1674 αὕτη
3164 1603 3222 1656 δὲ
3258 1602 3444 1674 πηγὰς
3475 1603 3576 1656 δα·-

1992 1698 2174 1771 κρύων
2196 1699 2261 1750 ἐκ
2283 1696 2390 1752 τῶν
2414 1696 2697 1768 βλεφάρων
2720 1696 2940 1763 ἀφεῖσα,
2964 1695 3066 1765 τῆς
3093 1694 3371 1766 ἁμαρτίας
3402 1693 3581 1777 αύτῆς

314 1787 523 1840 utinam
553 1801 653 1859 πιλία
686 1784 875 1848 Judas,
898 1785 987 1853 qui
1018 1783 1202 1838 osculo
1227 1783 1584 1854 proditionem
1613 1784 1843 1851 patravit
1869 1801 1881 1833 :

2078 1811 2080 1829 ι
2110 1790 2279 1862 ρύπον
2308 1789 2611 1861 ἀπέσμηξε.
2658 1789 2741 1843 Σύ
2764 1806 2867 1858 μοι
2897 1789 3136 1858 φίλημα
3163 1791 3276 1842 οὐκ
3302 1787 3540 1853 ἔδωκας
3560 1803 3579 1818 ⁶

315 1877 448 1933 Ηανο
478 1889 651 1931 autem
700 1893 765 1931 ea:
809 1892 910 1946 quo
954 1877 1193 1941 intravit,
1246 1892 1349 1928 non
1387 1876 1603 1929 cessavit
1658 1873 1887 1929 osculari

315 1972 468 2041 pedes
492 1968 880 2025 meos.-——0leo
902 1980 1060 2037 caput
1104 1984 1275 2023 meum
1303 1985 1407 2021 non
1436 1969 1670 2029 tinxisti;
1701 1967 1888 2022 Oleum

316 2062 462 2117 enim
487 2062 777 2129 peccatoris
808 2077 911 2115 non
939 2063 1223 2131 impiuquet
1255 2070 1410 2129 caput
1437 2076 1608 2114 meum
1648 2060 1716 2113 ³⁸.
1746 2059 1892 2124 Quo-

318 2153 479 2209 modo
533 2153 678 2206 enim
736 2161 949 2222 pOterat
1011 2151 1173 2220 capiti
1217 2150 1417 2205 habere
1462 2151 1746 2216 honorem,
1798 2151 1887 2220 qui

320 2249 483 2315 pedes
530 2245 876 2313 neglexerat?
922 2242 1052 2298 Haec
1101 2255 1276 2297 autem
1328 2244 1484 2298 etiam
1534 2244 1688 2313 pedes
1741 2246 1890 2299 unxit

320 2334 901 2407 unguento.———0leum
932 2339 1097 2401 enim,
1136 2338 1329 2407 inquit,
1359 2348 1670 2391 euacuatum
1707 2353 1892 2391 nomen

320 2431 418 2485 tibi
470 2432 538 2486 δ’.
595 2431 922 2486 Evacuatum
981 2441 1034 2486 et
1083 2431 1439 2495 exhaustum;
1486 2446 1591 2485 non
1641 2429 1886 2484 effusum.

318 2520 453 2577 Nam
484 2521 605 2591 quia
638 2537 732 2575 vas
760 2521 969 2576 Judaici
995 2521 1162 2576 animi
1205 2531 1460 2590 supputre
1500 2530 1638 2583 erat,
1693 2523 1893 2576 idcirco

317 2628 385 2669 ex
414 2613 724 2670 alabastrite
746 2623 927 2668 vestra
960 2614 1015 2668 in
1049 2614 1214 2682 pedes
1247 2628 1396 2669 meos
1432 2613 1532 2667 fuit
1570 2625 1891 2669 evacuatum

320 2716 675 2773 unguentum,
729 2717 790 2761 ut
832 2722 929 2777 per
976 2722 1063 2762 me
1105 2704 1401 2779 frayautia
1450 2706 1638 2777 gratiae
1675 2707 1892 2761 deriva-

321 2799 543 2853 returin
572 2806 781 2867 gentes.
817 2797 1043 2867 Propter
1071 2799 1210 2867 quod
1240 2798 1358 2851 dico
1382 2798 1474 2850 tibi
1501 2810 1519 2848 :
1544 2796 1897 2853 Remittuntur

319 2891 369 2944 ei
405 2900 617 2955 peccata
669 2889 838 2944 multa
867 2905 886 2944 :
915 2891 1057 2959 quod
1113 2900 1168 2944 tu
1217 2891 1460 2959 quidem.
1508 2892 1699 2944 eodem
1756 2900 1897 2944 tecto

318 2994 654 3051 susceptum,
705 2996 880 3052 neque
921 2981 1107 3036 osculo
1147 2981 1521 3041 bonoraveris.
1571 2996 1746 3050 neque
1796 2998 1896 3037 un-

325 3082 526 3143 guento
553 3073 757 3129 foveris
790 3095 804 3129 :
834 3074 951 3129 haec
978 3082 1183 3141 autem,
1218 3074 1403 3130 multis
1431 3074 1551 3143 ejus
1578 3074 1736 3129 malis
1761 3074 1896 3130 obli-

319 3165 467 3219 vioni
518 3166 763 3230 traditis,
818 3166 1169 3221 honoraverit
1198 3181 1214 3219 :
1246 3166 1393 3220 velut
1442 3166 1643 3236 duplici
1683 3175 1896 3222 cratere
1921 3144 1968 3206 (ἶ

321 3266 642 3326 temperato,
678 3271 746 3313 ex
774 3256 1028 3330 lacrymis
1060 3267 1118 3314 et
1141 3257 1450 3325 unguentis.

391 3545 510 3599 XII.
550 3541 768 3600 Beatam
820 3545 985 3613 igitur
1029 3545 1282 3599 feminam
1339 3547 1723 3615 prardicemus,
1784 3563 1903 3619 qua:

323 3637 465 3693 mala
507 3636 633 3690 Eva;
654 3638 903 3704 obtegit:
941 3639 1295 3705 peccatricem
1333 3638 1505 3705 illam,
1539 3639 1680 3693 illam
1718 3655 1893 3694 mere-

327 3730 536 3793 tricem,
587 3728 734 3783 illam
787 3730 1052 3783 bouorum
1107 3730 1549 3796 conciliatricem,
1608 3733 1695 3785 cui
1732 3731 1895 3800 judex

322 3819 442 3889 ipse
495 3820 790 3875 advocatus
860 3819 1005 3874 fuit:
1039 3834 1160 3890 quae
1214 3819 1468 3893 lacrymis
1523 3821 1651 3876 vicit
1708 3822 1898 3891 iudicii

323 3909 547 3966 luctum.
574 3910 846 3982 Quotquot
867 3912 1093 3976 adestis,
1120 3927 1240 3982 qua:
1276 3915 1504 3968 audistis
1536 3914 1895 3975 aemulaniini;

324 4011 489 4070 atque
552 4003 852 4057 meretricis
892 4019 998 4058 non
1049 4004 1381 4072 voluptatem
1435 4006 1746 4069 imitamini,
1805 4008 1897 4060 sed

321 4093 644 4149 iamentum.
725 4092 989 4163 Voluptas
1052 4096 1267 4165 quidem
1330 4112 1525 4165 parens
1579 4098 1797 4152 lamenti
1847 4109 1902 4153 et

321 4184 503 4240 luctus
541 4184 678 4250 fuit;
710 4185 886 4241 luctus
916 4196 1094 4241 autem
1123 4187 1282 4241 malis
1326 4188 1531 4242 exitum
1570 4190 1899 4247 conciliavit.

325 4277 534 4348 Corpus
563 4278 746 4348 itaque
769 4288 1008 4334 vestrum
1039 4294 1143 4332 non
1171 4295 1311 4348 aqua
1339 4280 1563 4347 abluite,
1598 4281 1691 4335 sed
1723 4281 1903 4354 lacry-

323 4372 463 4429 mi5°
501 4374 741 4429 membra
772 4374 982 4442 ungite,
1016 4389 1120 4428 non
1151 4374 1461 4443 unguentis,
1499 4377 1591 4429 sed
1630 4376 1901 4434 castitate.

396 4579 442 4612 ³⁸
477 4577 666 4632 Matth.
720 4594 797 4644 χι,
835 4578 924 4632 28.
1003 4578 1048 4610 ⁸⁸
1080 4577 1220 4634 Psal.
1257 4593 1358 4632 cu.
1416 4578 1470 4632 5.
1547 4579 1588 4609 ³⁷
1614 4576 1771 4633 Cant.
1807 4590 1841 4641 t,
1881 4579 1936 4634 ‘2.

1990 1886 2066 1949 ὼς
2111 1884 2221 1938 εἴθε
2263 1886 2337 1955 μή
2380 1901 2439 1937 τε
2492 1884 2726 1946 Ἰούδας,
2762 1885 2793 1936 ό
2838 1882 3106 1954 φιλήματι
3145 1882 3245 1953 τὴν
3279 1881 3581 1954 προδοσίαν

1990 1976 2382 2049 ἐργασάμενος.
2420 1974 2586 2041 Αὕτη
2627 1973 2696 2027 δὲ
2729 1974 2828 2044 ἀφ’
2881 1969 2952 2043 ἧς
2992 1971 3284 2040 εἰσῆλθεν
3307 1972 3452 2043 (80),
3505 1974 3583 2027 οὐ

1989 2068 2253 2123 διέλειπε
2298 2065 2712 2136 καταφιλῆσαι
2749 2082 2870 2136 μου
2915 2064 3057 2131 τοὺς
3089 2063 3300 2130 πόδας.
3359 2065 3581 2130 Ἐνιαίῳ

1995 2158 2111 2226 τὴν
2154 2158 2428 2228 κεφαλήν
2484 2174 2603 2226 μου
2655 2158 2768 2210 οὐκ
2817 2154 3113 2224 ἤλειψας·
3168 2155 3418 2209 Ἔλαιον
3464 2152 3585 2225 γὰρ

1991 2252 2341 2322 ἁμαρτωλοῦ
2378 2252 2464 2321 μὴ
2497 2248 2805 2306 xta-tardem
2829 2246 2947 2316 τὴν
2975 2246 3251 2317 κεφαλήν
3272 2265 3413 2316 μου.
3450 2247 3587 2311 Πῶς

1991 2347 2101 2418 γὰρ
2129 2345 2239 2414 (81)
2276 2340 2388 2414 εἶχε
2431 2344 2531 2415 τὴν
2577 2342 2819 2413 κεφαλὴν
2861 2343 3111 2413 τιμῆσαι,
3148 2343 3178 2393 ὁ
3219 2340 3395 2393 ποδῶν
3438 2340 3589 2409 ἀμε-

1993 2439 2192 2508 λήσας;
2234 2438 2395 2503 Αὕτη
2437 2435 2506 2488 δὲ
2557 2434 2658 2488 καὶ
2697 2433 2841 2500 τοὺς
2884 2433 3076 2500 πόδας
3129 2432 3347 2501 ἤλειφε
3381 2432 3584 2500 μύρῳ.

1992 2529 2200 2595 Μύρον
2228 2526 2356 2598 γὰρ,
2393 2526 2578 2597 φησὶν,
2612 2523 2943 2579 ἐκκενωθὲν
2981 2522 3169 2593 ὄνομα
3212 2536 3332 2576 σοι.
3378 2521 3587 2575 Ἐκκε-

1995 2620 2184 2684 νωθέν,
2235 2621 2334 2673 οὐκ
2386 2617 2634 2689 ἐκχυθέν.
2700 2616 2919 2687 Ἐπειδὴ
2969 2614 3080 2687 γὰρ
3132 2613 3195 2667 τὸ
3244 2612 3439 2676 σκεῦος
3476 2612 3589 2683 τῆς

2008 2710 2308 2781 Ἰουδαϊκῆς
2333 2708 2561 2780 γνώμης
2594 2707 2902 2777 ὑπόσαθρον
2934 2702 3024 2777 ἧν,
3051 2704 3141 2758 διὰ
3180 2703 3338 2759 τοῦτο
3380 2706 3449 2757 ἐκ
3476 2703 3589 2773 τῆς

1997 2801 2488 2873 ἀλαϐαστροθήκης
2520 2799 2673 2870 ὑμῶν
2692 2839 2706 2862 ,
2738 2801 2796 2852 ἐν
2829 2802 2942 2862 τοῖς
2972 2796 3097 2850 ποσί
3135 2813 3235 2867 μου
3272 2792 3587 2867 ἐξεκενώθη

1996 2894 2058 2948 τὸ
2086 2892 2255 2964 μύρον
2280 2911 2294 2925 ·
2332 2893 2420 2946 ἵνα
2445 2892 2513 2945 δι’
2543 2890 2676 2962 ἐμοῦ
2713 2893 2792 2954 εἰς
2822 2889 2891 2941 τὰ
2924 2888 3050 2960 ἔθνη
3085 2886 3447 2959 μετοχετεύθη
3474 2886 3590 2954 τῆς

1998 2983 2226 3047 εὐωδίας
2267 2985 2300 3054 η
2334 2986 2512 3055 χάρις.
2551 2978 2634 3038 Οὗ
2673 2981 2849 3052 χάριν
2872 2980 3030 3051 λέγω
3073 2995 3173 3034 σοι
3197 2996 3211 3010 ·
3254 2979 3591 3048 Ἀφέωνται

1999 3075 2192 3144 αὐτῆς
2218 3078 2277 3128 αἱ
2306 3075 2583 3144 ἁμαρτίαι
2616 3077 2675 3128 ai
2713 3073 2938 3127 πολλαί
2955 3086 2972 3102 θ
3003 3073 3086 3125 ὅτι
3117 3072 3182 3125 σὺ
3213 3070 3311 3142 μὲν
3339 3070 3587 3142 όμοῤῥό-

1999 3167 2120 3237 φιόν
2175 3184 2242 3238 με
2274 3165 2566 3238 δεξάμενος
2589 3207 2604 3229 ,
2644 3166 2764 3219 οὐδὲ
2802 3166 3068 3237 φιλήματι
3108 3163 3406 3235 ἐτίμησας,
3454 3161 3593 3217 οὐδὲ

1914 3268 1919 3273 “
1999 3258 2298 3330 ἀλείμματί
2330 3275 2399 3329 με
2444 3258 2852 3329 ἐθεράπευσας,
2884 3256 3028 3326 αὕτη
3058 3255 3114 3309 δέ
3157 3253 3365 3308 πολλῶν
3391 3251 3591 3307 κακῶν

2000 3350 2305 3423 ἀμνηστίαν
2350 3350 2622 3414 λαϐοῦσα,
2670 3348 2898 3420 ἐτίμησέ
2947 3365 3049 3418 με,
3085 3348 3149 3400 ἐκ
3193 3344 3444 3419 δακρύων
3481 3344 3593 3399 καὶ

2003 3443 2211 3515 μύρων,
2251 3443 2415 3496 οἱονεὶ
2455 3442 2631 3513 δυφυῆ
2669 3441 3043 3513 κερασαμὲνη.

2071 3554 2176 3614 ΙΒ’,
2212 3556 2625 3629 Μακαρίσωμεν
2667 3551 2759 3610 οὖν
2780 3557 2880 3627 τὴν
2900 3554 3209 3628 ἄνθρωπον,
3228 3553 3326 3625 τὴν
3340 3552 3408 3606 τὰ
3437 3552 3597 3615 Εὔας

1993 3646 2312 3715 καλύψασαν
2340 3647 2514 3710 κακὰ,
2545 3648 2646 3718 τὴν
2680 3646 3024 3718 ἁμαρτωλὸν,
3068 3645 3168 3714 τὴν
3210 3647 3439 3715 πόρνην,
3480 3642 3595 3713 τὴν

1995 3736 2253 3808 πρόξενον
2290 3735 2398 3790 τῶν
2446 3738 2687 3806 ἀγαθῶν,
2715 3736 2813 3809 τὴν
2854 3738 3016 3791 αὑτὸν
3070 3737 3162 3789 τὸν
3213 3735 3406 3807 κριτὴν
3457 3750 3595 3787 συν-

1996 3831 2194 3902 ήγορον
2257 3831 2577 3899 ἐσχηκυῖαν,
2650 3830 2750 3900 τὴν
2831 3829 3062 3901 δάκρυσι
3134 3829 3436 3899 νικήσασαν
3490 3826 3596 3880 τὸν

1994 3919 2095 3990 τῆς
2149 3920 2385 3991 κρίσεως
2432 3920 2689 3990 ὀδυρμόν.
2770 3921 2898 3973 Οσοι
2965 3919 3227 3991 πάρεστε,
3294 3915 3592 3989 ζηλώσατε

1997 4009 2141 4083 ἅπερ
2194 4011 2467 4080 ἠκούσατε
2492 4030 2506 4044 ’
2553 4013 2648 4066 καὶ
2684 4013 2788 4083 τῆς
2834 4013 3039 4087 πόρνης
3090 4013 3164 4083 μὴ
3216 4011 3315 4083 τὴν
3357 4010 3585 4081 ἡδονὴν,

1997 4103 2135 4157 ἀλλὰ
2189 4104 2282 4157 τὸν
2332 4104 2528 4177 θρῆνον
2583 4105 2913 4177 μιμήσασθε.
2982 4106 3048 4158 Ἡ
3095 4104 3256 4175 ἡδονὴ
3314 4104 3412 4175 μὲν
3466 4103 3591 4176 γὰρ

1998 4196 2090 4249 τὸν
2150 4194 2349 4265 θρῆνον
2395 4194 2718 4266 ἐγέννησεν·
2763 4198 2793 4249 ὁ
2840 4196 3038 4268 θρῆνος
3083 4195 3173 4256 δέ,
3225 4194 3332 4249 τῶν
3384 4194 3591 4249 κακῶν

1999 4285 2098 4356 τὴν
2119 4285 2272 4338 λύσιν
2304 4285 2658 4358 προεξειιησε.
2687 4288 2929 4341 Λούσατε
2958 4283 3051 4341 οὖν
3080 4287 3234 4358 ὑμῶν
3269 4287 3341 4358 μὴ
3370 4286 3594 4352 ὕδασιν,

2003 4377 2136 4431 ἀλλὰ
2166 4378 2394 4451 δάκρυσι
2441 4380 2504 4434 τὸ
2536 4381 2730 4453 σῶμαο
2771 4379 3029 4451 ἀλείψατε
3078 4381 3153 4452 μὴ
3201 4380 3424 4453 μύροις,
3467 4379 3597 4435 ἀλλ’

401 4760 512 4831 (79)
546 4759 622 4814 Τὰ
642 4759 759 4829 μὲν
803 4759 1032 4831 ἀνωθεν
1078 4758 1413 4828 θαυμάσας·
1440 4760 1513 4813 τὰ
1543 4758 1612 4812 δὲ
1639 4758 1906 4812 κάτωθεν

2078 4776 2116 4814 ιε
2144 4758 2287 4831 velut
2313 4757 2601 4829 propheta,
2625 4757 2788 4831 prius
2813 4771 2974 4831 quam
3007 4770 3066 4831 se
3087 4755 3210 4810 cibo
3235 4753 3589 4831 corruptibili

322 4828 419 4903 μὴ
440 4828 836 4899 θεραπεύσας.
857 4828 961 4895 Qui
980 4832 1259 4903 superiora
1272 4832 1479 4903 quidem
1498 4831 1901 4903 sisadmiratus,

326 4899 586 4971 inferiora
612 4909 787 4955 autem
834 4915 935 4952 non
964 4900 1172 4971 foveris.
1209 4899 1311 4965 Qui
1341 4910 1399 4954 ut
1430 4902 1746 4971 prophetam
1778 4901 1901 4969 qui-

328 4970 451 5025 dem
477 4982 530 5024 et
557 4973 855 5040 sapientem
894 4970 1190 5025 honorifice
1214 4971 1494 5039 exceperis
1530 4970 1803 5040 convivio,
1844 4978 1899 5026 et

329 5043 558 5096 honeste
588 5042 875 5095 habueris:
901 5043 1061 5106 pedes
1087 5053 1264 5093 autem
1295 5056 1442 5095 meos
1468 5052 1523 5095 et
1554 5039 1738 5093 inﬁma
1770 5054 1895 5094 cor-

330 5112 496 5175 poris,
543 5127 647 5165 non
709 5109 968 5178 obsequio
997 5109 1227 5175 foveris;
1291 5110 1424 5165 nihil
1470 5110 1613 5164 enim
1648 5110 1793 5165 aliud
1834 5110 1903 5164 τὰ

328 5179 556 5243 ἄνωθεν,
590 5181 684 5233 καὶ
716 5179 960 5233 κάτωθεν
992 5180 1093 5233 hoc
1125 5180 1241 5236 loco
1261 5181 1545 5235 voluerint.

405 5250 515 5315 (80)
581 5249 707 5318 Ἀφ’
761 5245 838 5318 ἧς
891 5248 1199 5316 εἰσ-ἦλθεν.
1239 5250 1450 5304 llahent
1505 5249 1663 5306 modo
1712 5248 1899 5305 Graeca

330 5321 613 5444 eiqllbov'
646 5320 918 5390 quomodo
960 5318 1245 5375 Jansenius
1288 5330 1438 5387 putat
1493 5321 1800 5393 legendum,
1854 5330 1906 5373 et

330 5392 409 5444 ait
478 5392 638 5444 abere
663 5390 860 5444 nmltos
895 5389 1145 5444 antiquos
1167 5393 1401 5444 codices.
1435 5392 1607 5444 prima
1636 5406 1904 5444 persona:

330 5392 409 5444 ait
440 5389 638 5446 habere
663 5390 860 5444 mullos
895 5389 1145 5457 antiquos
1167 5393 1401 5456 codices,
1435 5389 1607 5456 prima
1636 5406 1904 5459 persona:

327 5460 532 5530 Exquo
564 5461 778 5514 intraui.
806 5459 1007 5514 Sensus
1038 5471 1215 5514 tamen
1248 5461 1619 5516 incommodus
1656 5471 1767 5526 est;
1803 5476 1905 5514 non

329 5532 474 5584 enim
505 5540 613 5583 tam
648 5532 840 5584 festiue
866 5532 1078 5584 videtur
1135 5532 1330 5585 mulier
1364 5532 1454 5585 illa
1500 5540 1683 5584 secuta
1724 5530 1901 5585 Domi-

330 5616 483 5662 num,
515 5610 572 5654 ut
606 5602 790 5655 statim
826 5611 989 5668 atque
1036 5604 1311 5670 ingressus
1344 5611 1451 5662 est.
1504 5602 1738 5671 potuerit
1790 5600 1905 5668 ejus

330 5671 497 5797 pedes
526 5670 780 5734 abluere,
826 5672 1061 5726 maxime
1077 5674 1203 5740 quia
1234 5688 1342 5727 non
1367 5671 1535 5725 abluit
1558 5672 1656 5725 nisi
1687 5686 1905 5726 recum-

372 5742 511 5797 entis
538 5751 653 5797 rest
675 5751 855 5797 autem
879 5742 1190 5797 verisimile.
1222 5752 1281 5797 ut
1314 5743 1588 5797 ingressus
1619 5752 1903 5797 exceptus-

372 5742 511 5797 entis
538 5751 653 5797 rest
675 5751 855 5798 autem
879 5742 1190 5808 verisimile,
1222 5752 1281 5797 ut
1314 5743 1588 5810 ingressus
1619 5752 1923 5812 exceptus-'

2009 4825 2337 4900 pascendum
2361 4825 2778 4900 composuisset,
2810 4825 2995 4880 multis
3029 4825 3349 4900 ipseverhis
3370 4894 3383 4900 _
3406 4826 3600 4881 sacris

2005 4894 2326 4967 cmlestiqne
2338 4894 2497 4965 epulo
2513 4898 2778 4967 hospitem
2798 4911 2954 4951 suum
2979 4894 3206 4963 paverit.
3223 4894 3412 4951 Fuerit
3437 4909 3584 4965 ergo

1998 4970 2334 5034 credibilius,
2349 4969 2697 5036 interpretem
2714 4978 2959 5022 nostrum
2973 4967 3354 5021 correctiorem
3368 4975 3599 5022 nactum

1998 5039 2526 5108 codicem,etqnalis
2552 5037 2933 5108 Amphilochio
2963 5036 3087 5099 fuit,
3120 5036 3354 5108 inquem
3376 5036 3439 5089 τὸ
3472 5039 3600 5089 εἰσ·-

1999 5109 2167 5179 ἧλθον
2198 5111 2318 5164 loco
2345 5106 2440 5161 τόὖ
2462 5106 2711 5178 εἰσῆλθεν
2728 5106 2870 5162 facili
2898 5107 3298 5179 permutatione
3331 5121 3397 5161 ac
3446 5108 3599 5179 mala

2003 5175 2238 5235 lectione
2269 5175 2599 5243 irrepserit':
2636 5194 2799 5246 quam
2840 5175 3143 5231 utLatinus
3183 5177 3382 5246 aliquis
3409 5175 3596 5231 olfeu-

2009 5266 2103 5304 sus
2136 5251 2261 5304 dicti
2286 5248 2618 5310 difﬁcultate,
2650 5244 2735 5313 τὸ,
2770 5244 2998 5309 Intraui,
3036 5244 3304 5301 mutatum
3355 5246 3601 5302 voluerit

2011 5322 2066 5375 in
2091 5320 2327 5380 intrarit,
2365 5333 2532 5388 quare
2560 5318 2916 5388 illudmerito
2949 5314 3174 5388 Syxtina
3219 5322 3591 5372 retinuerunt.

2086 5389 2198 5461 (81)
2223 5388 2355 5455 Πῶς
2376 5386 2508 5458 γάρ,
2534 5404 2588 5440 κ.
2624 5404 2677 5444 τ.
2699 5387 2759 5461 λ.)
2782 5386 3054 5452 Quomodo
3081 5396 3281 5461 poterat
3308 5388 3596 5461 capiti/to-

2011 5458 2189 5515 norem
2218 5462 2426 5522 habere,
2464 5460 2576 5527 qui,
2605 5469 2715 5512 etc.
2739 5460 2909 5511 Acnte
2940 5458 3278 5526 perstringit,
3306 5467 3361 5511 et
3385 5458 3597 5512 indicat

2008 5530 2062 5585 in
2095 5531 2319 5599 pedibus
2362 5528 2488 5584 Jesu
2540 5537 2753 5599 spretos
2790 5542 3058 5599 pauperes
3092 5538 3147 5580 et
3173 5529 3401 5599 fratres,
3448 5542 3597 5599 quos

2009 5596 2109 5670 qui
2144 5601 2371 5669 spernit,
2426 5596 2587 5668 capiti
2626 5598 2753 5653 Jesu
2789 5596 3013 5670 ejusque
3034 5598 3336 5670 divinitati,
3368 5598 3471 5670 etsi
3513 5599 3595 5670 ita

2009 5665 2325 5733 arbitretur,
2364 5665 2623 5726 honorem
2649 5684 2756 5724 non
2784 5665 2994 5724 tribuit.
3027 5665 3118 5724 Sic
3139 5665 3377 5723 Joannes
3404 5668 3471 5723 de
3498 5669 3590 5725 di~-

2005 5740 2275 5813 lectioneoa
2286 5741 2444 5811 rguit.
