3796 6308
104 353 164 406 89
1137 349 1402 408 ORATIO
1439 351 1503 407 ΙΝ
1547 353 1710 409 DIEM
1750 355 2041 413 SABBA'I‘I
2085 357 2354 418 SANCTl.
3277 368 3352 428 90

106 461 286 530 ἁγνεία
316 460 394 513 τὰ
423 460 577 531 μέλη.
615 458 939 513 Ἐνδύσασθε
968 459 1029 513 ού
1053 460 1120 514 τά
1148 462 1337 535 Σηρῶν
1368 465 1675 535 ὑφάσματα,

1786 469 2092 532 Induimini,
2141 487 2246 525 non
2309 481 2490 526 vestes
2535 472 2757 540 sericas,
2809 473 2901 528 sed
2948 474 3351 544 incorruptibile

107 553 230 606 me
259 552 322 603 τὸ
347 553 626 622 ἄφθαρτον
659 554 756 623 τῆς
796 555 1152 624 σωφροσύνης
1193 556 1432 625 ἱμάτιον,
1465 557 1551 611 ἵνα
1583 559 1675 629 τῆς

1788 562 2152 627 temperantia:
2187 561 2578 626 indumentum,
2615 575 2672 617 ut
2703 580 2885 633 parem
2915 565 3136 635 gloriam
3163 580 3354 620 conse-

108 645 267 711 αὐτῆς
291 645 501 715 τύχητε
529 645 686 715 δόξης
707 662 720 675 ο
745 645 901 711 δόξαν
942 645 1359 716 ἀναπέμποντες
1385 649 1462 719 τῷ
1504 649 1675 720 Ἀμνῷ

1787 651 2048 717 quamini,
2092 650 2313 720 gloriam
2365 654 2747 709 submittentes
2790 656 2942 725 Agno
2997 656 3072 710 illi
3109 657 3225 723 Dei,
3257 672 3352 726 qut

107 736 188 788 τοῦ
216 735 357 787 Θεοῦ
385 774 401 797 ,
437 736 508 806 τῷ
540 737 747 805 αῖροντι
779 737 877 807 τὴν
922 738 1197 809 ἁμαρτίαν
1233 739 1325 792 τοῦ
1360 740 1563 811 κόσμου
1585 757 1597 770 ·
1636 734 1682 808 ᾧ

108 826 328 894 ἠδόξει,
370 827 467 879 καὶ
514 830 546 898 ἡ
582 828 744 898 τιμὴ,
802 830 898 881 καὶ
938 831 972 898 ἡ
1016 829 1417 901 προσκύνησις,
1472 832 1567 885 σὺν
1603 832 1682 903 τῷ

109 917 272 988 Πατρὶ
307 919 409 970 καί
442 919 515 989 τῷ
547 920 687 988 ἀγίῳ
713 920 1015 992 Πνεύματι,
1050 921 1146 975 νῦν
1193 923 1287 976 καὶ⁵
1315 924 1436 990 ἀεὶ,
1471 925 1565 978 καὶ
1598 927 1679 989 είς

111 1011 224 1071 τοὺς
247 1008 460 1072 αἰῶνας
485 1009 593 1062 τῶν
625 1009 835 1064 αἰώνων
856 1028 869 1041 ·
911 1013 1102 1082 Ἀμήν.

725 1105 946 1158 ΛΟΓΟΣ
995 1105 1068 1157 E'.

204 1199 306 1262 Εἰς
340 1197 463 1265 τὴν
495 1197 728 1266 ἡμέραν
759 1197 866 1251 τοῦ
897 1198 1068 1266 ἁγίου
1098 1196 1403 1252 Σαϐϐάτου
1431 1197 1568 1269 (82).

158 1285 228 1338 ΑΖ
267 1287 596 1356 Ἐπιτάφιον
621 1287 816 1359 ἑορτὴν
848 1286 943 1340 τοῦ
975 1287 1224 1359 Σωτῆρος
1245 1288 1400 1359 ἡμῶν
1423 1289 1680 1361 ἑορτάζο-

114 1397 199 1449 μεν
223 1381 490 1452 σήμερον.
527 1382 686 1442 Καὶ.γὸ
709 1381 833 1451 μὲν,
856 1380 1006 1452 παρά
1037 1384 1144 1444 τοῖς
1176 1384 1388 1451 νεκροῖς
1415 1381 1564 1436 κάτω
1583 1387 1676 1440 τοῦ

112 1471 327 1524 θανάτου
365 1475 434 1526 τά
461 1474 637 1544 δεσμά
663 1473 917 1537 διαλύων,
948 1473 1040 1526 καὶ
1062 1473 1238 1542 φωτὸς
1261 1473 1351 1528 τὸν
1382 1473 1512 1545 ᾇδην
1545 1475 1682 1546 πλη-

110 1562 226 1632 ρῶν,
272 1564 375 1614 καὶ
405 1563 725 1632 ἀφυπνίζων
758 1566 886 1628 τοὺς
926 1564 1358 1635 κεκοιμημένους
1382 1581 1395 1593 '
1428 1569 1590 1636 ἡμεῖς
1622 1567 1680 1619 δὲ

107 1655 399 1725 χορεύομεν
429 1656 573 1727 ὑπὲρ
599 1655 728 1725 γῆν,
768 1655 865 1726 τὴν
908 1656 1202 1709 ἀνάστασιν
1250 1656 1676 1728 φανταζόμενοι,

108 1747 190 1798 καὶ
217 1748 280 1798 οὗ
330 1746 655 1817 δεδοίκαμεν
700 1748 798 1816 τὴν
847 1747 1073 1819 φθορὰν,
1131 1749 1205 1820 μὴ
1247 1749 1550 1820 κατισχύσῃ
1581 1750 1679 1820 τῆς

1789 739 1922 793 tollit
1946 753 2222 810 peccatum
2255 746 2435 798 mundi
2459 745 2504 775 ³⁸
2525 746 2829 813 εβυὶειοτίιι
2845 748 3123 818 honorque
3141 758 3196 802 et
3222 748 3354 803 ado-

1783 829 1950 893 ratio,
1983 844 2103 884 cum
2123 829 2285 886 Patre
2311 843 2366 886 et
2391 833 2596 902 Spiritu
2625 843 2834 902 sancto,
2862 852 3008 892 nunc
3036 846 3092 892 et
3119 853 3350 909 semper,

1785 928 1840 974 et
1874 923 1927 976 in
1957 922 2149 978 saecula
2185 924 2527 984 saculornm.
2554 931 2748 982 Amen.

2387 1102 2641 1161 ORATIO
2687 1104 2753 1162 γ.

2205 1193 2276 1249 1η
2320 1195 2458 1250 diem
2491 1195 2707 1252 Sabbati
2743 1199 2930 1252 sancti.

1855 1285 1900 1340 Ι.
1973 1283 2285 1356 Scpulerale
2339 1288 2534 1344 festum
2591 1289 2898 1346 Servatoris
2959 1291 3127 1346 nostri
3192 1289 3353 1344 hodie

1787 1374 2217 1444 frequentamus.
2254 1377 2322 1432 Et
2348 1379 2461 1448 ipse
2492 1381 2704 1450 quidem
2740 1383 2880 1450 apud
2920 1382 3120 1436 inferos
3161 1383 3350 1437 mortis

1785 1466 1996 1520 vincula
2033 1467 2298 1532 dissolvit,
2327 1469 2444 1524 luce
2478 1487 2571 1524 sua
2600 1472 2868 1527 infernum
2899 1473 3101 1542 implet,
3135 1484 3187 1527 et
3219 1475 3346 1529 dor-

1786 1557 2014 1612 mientes
2053 1573 2084 1612 a
2115 1574 2306 1612 somno
2332 1561 2568 1626 excitat;
2606 1577 2705 1617 nos
2733 1578 2856 1617 vero
2884 1564 2987 1618 laeti
3017 1565 3352 1620 exsultamus

1785 1665 1946 1716 super
1987 1659 2218 1717 terram,
2261 1653 2716 1709 resurrectionem
2754 1655 2923 1723 ipsius
2953 1656 3108 1710 nobis
3141 1656 3350 1724 cogita-

1789 1741 1933 1796 tione
1985 1744 2054 1796 oh
2105 1742 2290 1798 oculos
2343 1753 2662 1814 statuentes,
2723 1761 2900 1816 neque
2953 1748 3350 1816 corruptionem

110 1838 428 1905 ἀφθαρσίας.
471 1841 554 1892 Οὐ
587 1838 804 1905 δώσεις
845 1839 974 1911 γάρ,
1024 1841 1179 1910 φησὶ,
1222 1840 1330 1894 τὸν
1356 1841 1529 1895 ὅσιόν
1559 1855 1675 1895 σου

1784 1831 1881 1899 iam
1919 1834 2240 1898 metuimus;
2279 1850 2347 1889 ne
2375 1852 2462 1900 ea,
2500 1852 2665 1906 quam
2700 1837 3199 1907 iucorruptibilitas.
3232 1839 3351 1907 plus

111 1932 244 1984 ίέεῖν
293 1931 656 2000 διαφθοράν.
710 1933 822 1986 Καὶ
870 1933 998 1995 ίσως
1043 1933 1198 2004 ἡμῶν
1227 1934 1326 2004 τὴν
1358 1934 1676 2002 φιλοσοφίαν

111 2023 324 2088 γελῶσιν
369 2024 619 2078 Ἰουδαῖοι
649 2028 746 2079 καὶ
787 2025 1046 2096 Ἕλληνες
1070 2041 1084 2056 ⁸
1115 2027 1163 2078 oi
1197 2025 1296 2096 μὲν
1324 2025 1512 2098 ἕτερον
1541 2027 1679 2098 Χρι-

112 2115 220 2166 στὸν
262 2117 725 2186 προσδεχόμενοι,
764 2120 814 2171 oi
859 2118 916 2171 δὲ
960 2118 1150 2187 τάφοις
1195 2117 1681 2181 ἐναποκλείσαντες

313 2208 419 2272 τὰς
467 2209 710 2274 ἐλπίδας,
766 2211 894 2281 περὶ
938 2204 1013 2265 ὧν
1054 2210 1276 2272 είκότως
1319 2211 1348 2263 6
1395 2211 1681 2282 προφήτης

109 2298 287 2365 φησίν·
341 2301 410 2352 Οἱ
467 2298 642 2367 τάφοι
687 2298 887 2354 αὐτῶν
948 2299 1126 2354 οἰκίαι
1175 2299 1376 2355 αὐτῶν
1422 2303 1511 2367 είς
1572 2301 1680 2354 τὸν

109 2389 288 2443 αἰῶνα.
329 2391 476 2443 Ἀλλ’
499 2394 549 2444 οἱ
573 2391 672 2461 μὲν
696 2391 965 2460 γελῶντες
988 2393 1301 2460 στενάξουσι
1331 2391 1678 2462 (στενάξουσι

108 2479 208 2547 γὰρ
233 2479 489 2550 ὕστερον,
515 2479 767 2548 ὁρῶντες
802 2483 889 2547 είς
914 2481 985 2534 ὃν
1004 2482 1407 2551 ἐξηκόντισαν
1435 2483 1531 2535 καὶ
1589 2485 1678 2536 ἐν-

113 2570 323 2639 ύϐρισαν
352 2573 373 2641 )
400 2589 416 2602 ·
471 2573 636 2643 ἡμεῖς
693 2572 751 2625 δὲ
803 2572 1162 2646 δακρύοντες,
1210 2574 1368 2646 ἡδονῇ
1394 2575 1455 2628 τὸ
1509 2575 1681 2639 πάθος

111 2663 446 2732 κεράσωμεν.
519 2663 808 2732 ’Ἡρπασεν
877 2666 905 2717 6
962 2664 1189 2728 θάνατος
1251 2665 1344 2718 τὸν
1399 2666 1679 2738 Δεσπότην

112 2753 360 2822 Χριστόνς
411 2753 529 2807 ἀλλ’
570 2756 631 2807 ού
677 2753 897 2819 καθέξει
947 2759 1078 2828 παρ’
1134 2755 1312 2826 ἐαυτῷ
1369 2755 1466 2828 τὴν
1510 2753 1676 2828 ζωήν.

112 2844 376 2909 Κατέπιε;
439 2847 700 2900 κατέπιεν
755 2849 1066 2918 ἀγνοήσας,
1125 2849 1238 2901 ἀλλ’
1291 2849 1518 2920 ἐξέμεσε
1566 2848 1677 2920 (85)

114 2933 321 2998 πολλοὺς
355 2937 458 2988 σὺν
487 2936 654 3008 αὐτῷ.
708 2934 883 2990 Ἐκὼν
913 2938 1202 3008 κατέχεται
1231 2938 1347 3003 νῦν,
1377 2939 1514 3009 μετά
1543 2938 1675 2992 ταύ-

110 3041 198 3095 την
228 3028 324 3097 τὴν
351 3028 572 3098 ἡμέραν
596 3027 901 3091 σκυλεύσας
926 3029 1014 3082 τὸν
1044 3029 1176 3099 ᾅδην
1205 3030 1507 3082 ἀνίσταται.
1538 3027 1679 3091 Χθὲς

112 3111 388 3182 ἐμαύρωσε
420 3114 510 3166 τὸν
537 3114 688 3183 ήλιον
719 3116 1072 3186 σταυρωθεὶς,
1099 3118 1195 3170 καὶ
1224 3117 1497 3188 μεσούσης
1529 3117 1670 3188 ήμέ-

112 3219 202 3273 ρας
227 3204 518 3274 ἐπεισῆλθε
552 3206 685 3272 νύξ·
720 3207 964 3277 σήμερον
995 3210 1022 3262 ὁ
1049 3187 1277 3272 θάνατος
1308 3187 1674 3281 παραλύεται,
1707 3187 1752 3250 c

112 3291 245 3357 ξένον
272 3295 470 3367 νεκρὸν
513 3295 894 3367 είσδεξάμενος
920 3313 932 3326 ·
962 3297 1085 3368 χθὲς
1115 3299 1408 3369 ἐπένθησεν
1440 3300 1472 3368 ἡ
1502 3299 1677 3361 κτίσις

113 3386 199 3452 τὴν
224 3386 326 3438 τῶν
379 3387 653 3441 Ἰουδαίων
696 3388 896 3458 μανίαν
920 3389 1123 3459 ὁρῶσα,
1154 3389 1248 3443 καὶ
1279 3390 1469 3460 στολὴν
1495 3388 1679 3442 πενθι-

113 3473 201 3545 κὴν
228 3478 283 3529 τὺ
323 3477 523 3541 σκότος
549 3479 867 3532 ἐνεδύσατο·
900 3482 1135 3551 σήμερον
1166 3480 1292 3543 λαὸς
1320 3482 1348 3533 6
1372 3481 1678 3552 καθήμενος

113 3564 164 3614 ἐν
213 3567 395 3620 σκότει
457 3567 574 3635 φῶς
617 3563 725 3621 εἶδε
772 3570 932 3638 μέγα.
974 3569 1115 3630 Χθὲς
1143 3569 1364 3639 ἐδονήθη
1396 3573 1426 3640 ἡ
1461 3573 1553 3642 γῆ,
1583 3572 1677 3624 καὶ

114 3659 227 3725 περὶ
262 3658 446 3727 φυγῆς
474 3658 826 3721 ἐϐουλεύετο,
858 3659 952 3711 καὶ
984 3659 1270 3729 ’διαστῆναι
1300 3665 1414 3724 τοῖς
1439 3662 1678 3715 ἐνοικοῦ-

115 3737 188 3800 civ
214 3751 450 3819 ﬁmilst,
484 3751 580 3802 καὶ
609 3750 680 3802 τά
722 3751 820 3819 μὲν
845 3748 944 3820 ὅρη
974 3750 1284 3814 ἐκόπτοντο,
1316 3751 1592 3819 ἐσχίζοντο
1620 3752 1676 3806 δὲ

114 3841 161 3891 αί
186 3842 408 3913 πέτραι,
443 3839 653 3910 γυμνὸς
687 3841 745 3893 δὲ
771 3836 840 3910 ἦν
869 3841 898 3892 6
936 3842 1081 3904 ναὸς,
1125 3841 1372 3913 καθάπερ
1405 3841 1674 3914 ἔμπνους,

113 3930 168 3981 τὸ
195 3931 403 4000 ἱμάτιον
433 3931 757 4002 διαρρήξας.
789 3931 857 3984 δι’
899 3925 973 3985 ὧν
1003 3931 1169 3984 ἔπαθε
1200 3931 1415 3996 δεικνὺς
1452 3933 1527 3995 ὼς
1559 3933 1680 3986 ἐσε-

115 4019 310 4090 ϐηλώθη
336 4023 409 4074 τὰ
436 4022 595 4090 ἆγια.
626 4022 709 4074 Τὰ
744 4021 926 4090 ἀψυχα
963 4021 1056 4074 τοῦ
1086 4021 1430 4092 τολμήματος
1458 4023 1673 4093 ᾔσθετο,

115 4111 157 4162 οἱ
194 4112 244 4164 δὲ
284 4113 463 4166 ταῦτα
523 4113 833 4183 τολμῶντες
883 4113 1240 4183 ἀναισθήτους
1289 4111 1433 4184 εἶχον
1476 4115 1673 4186 ψυχάς.

126 4203 434 4270 Ἠγανάκτει
464 4207 535 4260 τά
564 4207 804 4275 στοιχεῖα
823 4243 840 4266 ,
875 4205 966 4258 καὶ
991 4205 1190 4276 μικροῦ
1223 4207 1324 4277 τὴν
1363 4207 1515 4272 τάξιν
1573 4210 1678 4262 ἀπ·-

118 4292 273 4358 fune,
290 4300 384 4350 καὶ
402 4297 674 4366 σύγχυσιν
700 4297 994 4366 εἰργάσατο
1019 4297 1110 4350 τοῦ
1136 4297 1358 4362 παντὸς,
1392 4301 1441 4351 εί
1475 4299 1549 4369 μὴ
1579 4299 1674 4352 τοῦ

115 4388 437 4459 Δημιουργοῦ
484 4392 584 4458 τῆς
630 4388 937 4460 βουλήσεως
981 4388 1211 4460 ᾔσθετο,
1265 4390 1349 4443 ὅτι
1405 4390 1478 4460 μὴ
1528 4390 1678 4443 ἄκων

117 4478 368 4550 ὑϐρίζετο,

1778 1923 1966 1991 possit.
2013 1923 2136 1977 Non
2169 1926 2319 1978 dabis
2355 1926 2523 1990 enim,
2556 1929 2730 1995 inquit
2768 1926 3070 1997 Scriptura,
3114 1939 3351 1982 sanctum

1779 2023 1925 2066 tuum
1962 2015 2133 2068 videre
2178 2019 2563 2084 corruptionem
2611 2020 2677 2074 3°.
2724 2017 2791 2072 Et
2825 2018 3072 2074 fortassis
3111 2020 3350 2087 philoso-

1780 2105 1959 2172 phiam
1999 2107 2140 2161 hanc
2184 2118 2425 2163 nostram
2467 2109 2634 2166 Judaei
2677 2119 2730 2164 et
2768 2110 2938 2166 (ἔτιεοί
2972 2112 3227 2176 irrident;
3277 2113 3348 2165 illi

1777 2197 1993 2265 quidem
2057 2198 2220 2254 alium
2281 2202 2558 2256 Christum
2619 2212 2994 2271 exspectantes
3044 2220 3059 2258 :
3115 2203 3170 2258 hi
3227 2219 3352 2258 vero

1779 2289 2040 2358 sepulcris
2067 2307 2190 2360 spes
2218 2308 2345 2348 snas
2384 2294 2745 2362 includentes,
2786 2296 2850 2350 de
2879 2295 3078 2365 quibus
3113 2296 3353 2364 apposite

1779 2381 2036 2449 propheta
2085 2382 2160 2434 ait
2207 2399 2221 2436 :
2259 2382 2514 2452 Sepulcra
2551 2401 2751 2451 eorum,
2799 2389 2982 2441 domus
3026 2389 3258 2454 ipsorum
3297 2389 3351 2441 in

1777 2473 2029 2527 sarculum
2075 2473 2144 2530 ⁸⁸.
2185 2473 2452 2530 Caterum
2507 2478 2596 2530 isti
2652 2494 2793 2533 nunc
2845 2481 3199 2544 corridentes,
3254 2496 3349 2550 ge-

1777 2575 1927 2618 ment
1977 2563 2264 2632 aliquando
2303 2565 2589 2636 (gement,
2630 2569 2846 2636 inquam
2871 2610 2886 2632 ,
2943 2571 3262 2640 aspicientes
3296 2572 3348 2624 in

1779 2668 1934 2724 quem
1985 2656 2320 2710 confutet-unt
2375 2657 2440 2724 δι,
2497 2669 2550 2713 et
2603 2659 2810 2728 injuriis
2844 2660 3202 2732 affecerunt);
3255 2677 3352 2716 nos

1779 2759 1909 2799 vero
1935 2746 2320 2817 lacrymantes,
2360 2750 2659 2818 passionem
2699 2752 2840 2805 hanc
2867 2753 3046 2806 lmtitia
3080 2761 3352 2821 tempera-

1779 2836 1980 2894 bimus.
2002 2836 2200 2907 Rapuit
2237 2855 2384 2894 mors
2427 2843 2712 2896 Dominum
2753 2856 2998 2897 nostrum
3037 2843 3350 2907 Christum;

1778 2929 1872 2983 sed
1898 2944 2002 2984 non
2049 2931 2299 2986 retinebit
2341 2935 2483 3002 apud
2514 2949 2573 2988 se
2597 2935 2782 2988 vitam.
2839 2935 3125 2990 Devoravit
3179 2935 3350 3003 ipsum

1780 3020 1974 3084 inscia,
2009 3022 2101 3076 sed
2123 3034 2366 3077 evomuit
2400 3024 2595 3079 multos
2622 3041 2744 3081 cum
2776 3027 2912 3095 ipso.
2970 3027 3168 3081 Volens
3212 3044 3355 3081 nime

1781 3112 2049 3167 detinetur
2078 3130 2091 3167 :
2129 3116 2222 3169 sed
2257 3117 2494 3171 crasﬁno
2515 3118 2622 3183 die,
2659 3117 2886 3187 spoliato
2913 3118 3148 3186 inferno,
3168 3135 3351 3173 resur-

1783 3212 1890 3272 get.
1929 3201 2058 3259 Heri
2083 3209 2380 3262 cruciﬁxus
2406 3207 2573 3263 solem
2605 3210 2936 3275 ohscuravit,
2988 3220 3043 3265 et
3069 3212 3154 3266 die
3178 3213 3354 3266 adhuc

1783 3295 1957 3349 media
1998 3311 2102 3351 nox
2134 3298 2410 3367 incubuit;
2448 3299 2609 3354 hodie
2631 3315 2776 3356 mors
2803 3302 2910 3355 vim
2946 3317 3096 3358 suam
3129 3304 3351 3367 amittit,

1787 3401 1982 3441 novum
2024 3389 2310 3457 quemdam
2355 3403 2626 3446 mortuum
2671 3392 2724 3446 in
2756 3408 2815 3448 se
2866 3395 3187 3465 suscipiens.
3226 3396 3352 3450 Heri

1784 3490 1963 3532 rermn
2006 3476 2208 3533 fabrica
2245 3480 2402 3547 luxit,
2440 3481 2748 3537 Judaeorum
2782 3483 3017 3540 furorem
3052 3485 3260 3552 videns,
3301 3496 3355 3541 et

1785 3569 2058 3625 maestitiae
2094 3573 2478 3627 vestimentum
2507 3575 2610 3630 sibi
2662 3577 2912 3631 tenebras
2944 3577 3116 3632 induit
3146 3595 3162 3633 :
3197 3579 3357 3632 hodie

1783 3662 2010 3730 populus
2038 3663 2092 3716 in
2125 3665 2364 3720 tenebris
2385 3667 2582 3721 sedens
2629 3669 2763 3722 vidit
2798 3669 2972 3723 lucem
3001 3685 3246 3737 magnam
3284 3670 3351 3723 δ’.

1785 3751 1910 3806 Heri
1939 3763 2079 3807 terra
2104 3767 2398 3818 commota,
2431 3757 2578 3811 velut
2610 3759 2676 3813 de
2709 3758 2831 3830 fuga
2877 3761 3157 3814 consilium
3199 3761 3352 3825 iniit;

1785 3844 2068 3900 dehiscere
2103 3847 2534 3904 inhabitantibus
2577 3853 2950 3906 comminata:
3009 3862 3217 3906 montes
3260 3852 3356 3905 ah-

1784 3936 1966 4002 scissi,
2002 3946 2166 4006 petra:
2194 3940 2396 4006 scissae,
2443 3941 2639 3995 nudum
2686 3942 2941 4011 templum
2976 3953 3352 4012 conspectum,

1783 4030 1924 4099 quod
1983 4031 2206 4099 perinde
2250 4047 2312 4086 ac
2347 4033 2390 4088 si
2435 4034 2615 4087 vivum
2657 4043 2823 4099 esset,
2857 4045 3061 4091 vestem
3103 4037 3302 4108 dirupit
3338 4055 3353 4094 :

1783 4135 1880 4190 per
1926 4136 1988 4176 ea
2023 4137 2142 4191 quae
2173 4125 2276 4177 sibi
2314 4126 2670 4191 accidebant,
2723 4141 2878 4181 sacra
2936 4138 3192 4184 temerata
3233 4145 3354 4185 esse

1783 4215 2134 4268 contendens.
2183 4214 2250 4268 Et
2304 4217 2496 4269 animae
2553 4218 2771 4287 quidem
2827 4219 3054 4290 vitaeque
3116 4223 3355 4290 expertia

1785 4311 1989 4356 tantum
2037 4302 2249 4360 facinus
2277 4317 2570 4362 senserunt
2603 4329 2616 4362 :
2653 4318 2710 4362 at
2748 4311 2836 4377 qui
2873 4310 2927 4364 id
2956 4312 3104 4371 ausi.
3148 4313 3357 4366 animas

1782 4393 1926 4445 omni
1956 4407 2118 4447 sensu
2151 4405 2401 4451 carentes
2429 4397 2750 4456 habuerunt.
2777 4399 3036 4455 Dolebaut
3069 4401 3354 4463 elementa,

1783 4493 1838 4536 et
1859 4498 2050 4553 parum
2081 4485 2289 4552 aberat,
2317 4489 2466 4557 quin,
2503 4489 2746 4544 ordinem
2776 4493 3172 4563 stationemque
3205 4495 3358 4547 dese-

118 4575 294 4639 rentia,
327 4574 713 4631 confusionem
740 4573 1057 4629 iudueerent
1081 4571 1342 4636 universi,
1399 4573 1502 4627 nisi
1557 4573 1886 4628 voluntatem
1954 4576 2248 4632 conditoris
2307 4580 2700 4648 percepissent,
2745 4584 2993 4638 videlicet
3043 4584 3216 4652 ipsum
3247 4600 3352 4640 non

118 4659 317 4720 inritum
348 4668 487 4736 pati.

177 4760 310 4815 B’.'0
321 4762 530 4818 καινῶν
557 4764 652 4816 καὶ
662 4761 984 4833 παραδόξων
1009 4760 1352 4832 πραγμάτων
1372 4763 1383 4813 !
1401 4760 1552 4833 Ξύλῳ
1571 4763 1675 4815 τεί-

1859 4759 1924 4813 ﬂ.
1972 4758 2016 4815 Ο
2057 4776 2142 4815 res
2174 4777 2342 4816 novas
2377 4772 2538 4832 atque
2585 4765 2917 4833 inopinatas!
2957 4765 3128 4836 Ligno
3171 4776 3358 4820 exten-

118 4866 244 4904 νεται
278 4857 306 4907 ὁ
344 4854 494 4923 λόγῳ
529 4854 715 4916 τείνας
740 4853 832 4906 τὸν
857 4853 1084 4923 οὐρανόν
1102 4871 1115 4885 ο
1145 4855 1241 4906 καὶ
1263 4852 1482 4922 δεσμοῖς
1516 4871 1676 4924 περι-

120 4943 364 5014 εάλλεται,
391 4951 424 5002 6
453 4948 624 5018 δήσας
652 4947 867 5018 ψάμμῳ
913 4947 1013 5019 τὴν
1043 4947 1318 5001 θάλασσαν
1336 4962 1349 4974 ·
1397 4945 1674 5010 ποτίζεται

119 5039 273 5107 χολὴν,
311 5044 341 5094 6
365 5041 470 5103 τὰς
503 5039 688 5110 πηγὰς
725 5039 940 5110 μέλιτος
985 5039 1390 5112 χαρισάμενος·
1430 5042 1525 5094 καὶ
1552 5056 1676 5094 στε-

123 5130 354 5194 φανοῦται
409 5129 681 5193 ἀκάνθαις
705 5170 721 5196 ,
772 5133 802 5182 6
849 5131 948 5201 τὴν
1004 5134 1109 5202 γῆν
1163 5129 1515 5198 στεφανώσας
1561 5133 1674 5193 τοῖς

121 5220 277 5278 avom
299 5241 314 5255 ’
360 5223 460 5278 καὶ
506 5221 770 5277 τύπτεται
819 5221 920 5293 μὲν
967 5221 1200 5293 καλάμῳ
1244 5221 1344 5294 τὴν
1402 5222 1672 5293 κεφαλὴν,

1783 4853 1949 4918 ditur,
1985 4855 2076 4923 qui
2107 4855 2272 4908 verbo
2292 4856 2487 4909 caelum
2513 4858 2843 4922 tetenderat;
2869 4859 3096 4912 vinculis
3126 4859 3359 4912 circnm-

1781 4945 1964 5007 datur,
2015 4947 2104 5014 qui
2151 4963 2301 5002 mare
2353 4951 2534 5004 arenis
2583 4950 2933 5018 alligaverat;
2967 4950 3088 5004 felle
3121 4958 3355 5019 potatur,

1782 5037 1871 5106 qui
1905 5037 2078 5094 mellis
2109 5037 2290 5098 fontes
2326 5041 2503 5096 fuerat
2541 5042 2792 5112 largitus;
2843 5043 3014 5113 spinis
3044 5055 3352 5108 coronatur,

1780 5134 1872 5204 qui
1928 5143 2128 5188 terram
2192 5136 2416 5190 ﬂoribus
2481 5145 2869 5204 coronaverat;
2926 5137 3134 5193 calamo
3195 5146 3356 5208 caput

1781 5225 2120 5287 verberatur.
2155 5227 2246 5294 qui
2289 5227 2576 5299 Egyptum
2624 5230 2749 5283 olim
2805 5229 2986 5284 decem
3027 5228 3196 5299 plagis
3229 5242 3350 5298 pero

179 5378 386 5439 aloan.
419 5397 464 5438 ι.
492 5381 586 5438 29.
661 5381 708 5415 ⁸⁸
739 5377 884 5434 Psal.
913 5396 983 5434 xv
1033 5380 1125 5435 i0.
1197 5379 1242 5412 ⁸ο
1277 5378 1418 5435 Psal.
1458 5393 1646 5433 xum.

1843 5378 1886 5410 δι
1907 5379 2070 5435 'Sach.
2102 5396 2203 5447 xu,
2237 5381 2324 5438 10.
2402 5383 2447 5416 ⁸³
2471 5384 2665 5448 lsa.ix,
2695 5385 2755 5442 2.

177 5503 269 5577 (83)
295 5507 702 5577 Exscripsimus
728 5503 928 5560 editam
952 5502 1341 5577 aAPantinoe;
1375 5500 1662 5577 bibliothe-

121 5587 172 5624 ca
208 5573 435 5642 Thuana,
485 5573 545 5631 ut
597 5585 686 5630 est
741 5585 854 5630 tota
903 5575 1090 5628 usibus
1141 5573 1369 5641 publicis
1427 5573 1661 5631 devota:

1771 5501 2055 5558 matissimt
2086 5504 2286 5572 Ingenii
2321 5515 2748 5560 monumentum.
2793 5505 3003 5558 Paulini
3041 5503 3349 5558 versionem

1771 5584 1830 5628 ut
1858 5573 1971 5628 suis
1991 5575 2234 5629 numeris
2272 5576 2595 5643 absolutam,
2629 5578 2716 5629 vix
2746 5591 2854 5632 uno
2887 5574 3101 5630 autalio
3122 5573 3349 5640 navulo,

122 5647 339 5716 nactique
359 5646 588 5716 Regium
609 5646 877 5708 codicem,
920 5645 1051 5698 nihil
1083 5658 1233 5716 paene
1261 5645 1532 5716 diversum
1571 5655 1663 5716 aut
1770 5644 2113 5716 retinuimns.

126 5713 375 5783 mutatum,
418 5713 616 5775 e'xacta
671 5715 960 5771 collatione
1023 5715 1281 5768 occurrit.
1349 5714 1440 5767 Est
1490 5713 1661 5766 oratio

124 5796 212 5850 (ἰυο
232 5788 448 5856 brevior,
486 5806 552 5845 eo
582 5785 802 5853 cultior,
823 5801 947 5842 vere
982 5785 1376 5842 nobilissimum
1409 5798 1659 5838 consum-

1842 5714 1951 5784 (85)
1996 5713 2294 5784 Ἐξέμεσε.
2324 5715 2422 5770 Ms.
2447 5715 2714 5787 ἐξεμέσει.
