3796 6304
456 343 517 398 9|

1434 344 1494 401 S.
1528 339 1969 399 AMPHILOCHII
2006 337 2387 395 lCONlENSlS
2426 336 2732 395 EPISCOPI

3642 339 3738 397 92

458 467 743 523 eusserat,
804 468 1072 529 caputque
1117 457 1415 514 Pharaonis
1474 459 1635 513 undis
1697 467 2015 527 Operuerat;

2145 493 2146 496 η
2190 453 2433 518 πατάξας
2471 454 2569 525 τὴν
2608 456 2880 523 Αἴγυπτον
2929 456 3051 518 ταῖς
3094 455 3224 510 δέκα
3268 455 3549 527 πληγαῖς,
3614 463 3733 513 καὶ

456 552 775 621 conspuitur
805 551 920 618 ejus
944 551 1144 618 vultus,
1176 566 1334 621 quem
1362 551 1639 605 cherubim
1672 550 1867 604 intueri
1909 563 2013 602 non

460 644 747 698 sustinent.
799 642 978 712 Atque
1009 644 1123 696 haec
1162 642 1285 695 talia
1329 658 1451 696 cum
1491 649 1785 711 pateretur,
1833 656 1928 709 pro
1962 655 2019 695 se

460 734 905 803 cruciﬁgentibus
978 734 1437 800 comprecabatur,
1524 734 1706 786 dicens
1760 749 1773 784 :
1838 730 2018 797 Pater,

460 828 663 879 dimitte
690 826 833 889 illis;
862 842 963 879 non
990 825 1126 878 enim
1155 826 1323 877 sciunt
1352 824 1478 893 quid
1504 824 1705 889 faciunt
1735 822 1803 877 ⁸³.
1856 821 2020 876 Boni-

461 927 571 971 tate
610 917 866 971 malitiam
895 916 1079 969 vincit.
1119 914 1486 970 Defensionem
1518 914 1750 968 instituit
1777 912 2023 968 Chrisms

461 1022 559 1076 pro
614 1007 816 1061 Christi
868 1007 1193 1071 homicidis,
1245 1006 1471 1059 salutem
1539 1018 1724 1057 eorum
1784 1004 2023 1057 studiose

463 1110 705 1169 captans.
744 1100 901 1153 Diluit
932 1100 1155 1164 crimen,
1186 1098 1540 1167 ignorantiam
1592 1107 1860 1150 causatus.
1908 1095 2021 1149 Non

466 1192 662 1248 acerbe
711 1192 835 1255 fert,
909 1191 1139 1245 vesanize
1199 1191 1432 1258 ipsorunt
1496 1187 1780 1243 ludibrium
1832 1185 2019 1239 factus.

467 1282 683 1337 Tolerat
736 1281 1125 1346 temulentiam,
1180 1294 1385 1348 suaque
1433 1278 1485 1331 in
1539 1292 1705 1346 genus
1733 1276 2021 1329 humanum

462 1371 840 1439 propensione,
866 1370 1082 1424 eosdem
1110 1370 1175 1422 ad
1204 1365 1622 1435 resipisceudum
1672 1372 1844 1416 vocat.
1886 1361 2025 1428 Quid

462 1463 735 1532 pluribus?
754 1462 906 1515 Nullo
927 1478 957 1516 e
985 1461 1223 1516 bonitate
1251 1460 1416 1528 ipsius
1444 1458 1621 1511 fructu
1648 1464 1919 1525 percepto,
1940 1468 2024 1507 se-

464 1556 647 1624 pulcro
665 1554 960 1617 includunt,
980 1567 1137 1621 quem
1156 1550 1299 1604 nulla
1324 1564 1499 1603 rerum
1521 1548 1889 1600 universarum
1909 1558 2027 1613 qua:

462 1648 752 1708 exsistunt,
777 1644 833 1697 in
858 1658 914 1698 se
933 1643 1208 1696 continere
1229 1648 1408 1709 queat.
1427 1638 1706 1707 Siguacula
1729 1643 2023 1705 apponunt,

468 1748 711 1793 nostram
750 1735 1121 1789 liberationem
1160 1732 1625 1786 custodientes:et
1660 1727 2021 1782 resurrectio-

2120 546 2219 617 τὴν
2281 545 2517 615 κεφαλὴν
2575 545 2667 598 τοῦ
2730 543 2926 616 Φαραὼ
2987 545 3231 613 καλύψας
3298 551 3412 611 τοῖς
3480 546 3719 601 ὕδασιν.

2134 639 2462 709 Ἐμπτύεται
2485 638 2544 689 τὸ
2582 637 2869 708 πρόσωπον
2895 637 2923 689 ὃ
2946 628 3080 690 ’ἰδεῖν
3111 638 3171 689 οὑ
3196 637 3349 709 φέρει
3380 637 3451 691 τὰ
3483 639 3723 709 Χερου-

2121 730 2239 800 6ῐμ.
2267 730 2448 782 Ταῦτα
2476 730 2531 782 δὲ
2559 729 2800 798 πάσχων,
2829 729 2963 799 ὑπὲρ
3001 728 3109 781 τῶν
3134 728 3511 798 σταυροῦντων
3529 748 3719 801 προσ-

2120 820 2339 889 ηύχετο,
2387 820 2593 887 λέγων’
2646 819 2865 887 Πάτερ,
2912 817 3059 888 ἄφες
3087 819 3308 884 αὐτοῖς,
3340 821 3410 871 οὐ
3454 819 3574 887 γὰρ
3616 819 3719 872 ol-

2122 909 2262 961 δασι
2316 909 2374 961 τί
2414 906 2716 961 ποιοῦσιν.
2781 908 3097 978 Ἀγαθὸτητι
3140 907 3239 978 τὴν
3285 908 3487 962 κακίαν
3544 911 3709 979 νικᾷ.

2136 1002 2504 1069 Ἀπολογεῖται
2533 1000 2669 1069 ὑπὲρ
2710 998 2816 1051 τῶν
2846 996 3257 1068 χριστοκτόνων,
3293 999 3372 1060 είς
3413 999 3712 1070 σωτηρίαν

2125 1095 2319 1156 αὐτοὺς
2369 1093 2682 1161 σαγινεύων.
2721 1091 2849 1144 Λύει
2895 1093 2954 1144 τὸ
2995 1092 3282 1161 ἔγκλημα,
3327 1091 3425 1163 τὴν
3467 1092 3709 1159 ἄγνοιαν

2125 1183 2463 1252 αἰτιώμενος.
2518 1183 2591 1235 Οὐ
2640 1182 2950 1251 χαλεπαίνει
2992 1183 3089 1252 τῆς
3133 1182 3352 1235 ἐκείνων
3399 1184 3707 1253 παροινίας

2126 1273 2405 1343 γινόμενος
2447 1273 2715 1341 παίγνιον.
2754 1274 2977 1343 Δέχεται
3015 1275 3114 1345 τὴν
3160 1274 3349 1345 μέθην,
3376 1276 3471 1328 καὶ
3497 1276 3707 1344 φιλανθ

2130 1366 2343 1438 θρωπίᾳ.
2406 1367 2557 1419 καλεῖ
2606 1367 2739 1437 πρὸς
2790 1367 3093 1437 μετάνοιαν.
3147 1368 3216 1420 ,Τί
3260 1368 3340 1420 δεῖ
3395 1368 3583 1436 λέγειν
3631 1369 3707 1422 τὰ

2132 1460 2300 1530 πλείῳ
2323 1477 2336 1525 ;
2359 1460 2520 1513 Οὐδὲν
2541 1461 2637 1531 τῆς
2651 1460 2983 1531 ἀγαθότητος
2997 1460 3362 1530 ἀπωνάμενοι,
3384 1460 3640 1529 ὲγκλείου
3650 1478 3703 1512 σι

2125 1551 2282 1621 τάφῳ
2328 1550 2385 1603 ὃν
2432 1552 2583 1603 οὐδὲν
2628 1552 2733 1605 τῶν
2780 1552 2946 1604 ὄντων
2990 1554 3191 1623 χωρεῖ·
3250 1555 3346 1605 καὶ
3399 1553 3701 1626 σήμανθρα

2126 1641 2487 1705 ἐπιτιθέασιν,
2525 1643 2681 1713 ἡμῶν
2727 1644 2823 1714 τὴν
2869 1643 3141 1713 σωτηρίαν
3172 1643 3560 1712 φυλάττοντες·
3601 1646 3703 1699 καὶ

2134 1733 2364 1798 δεδιότες
2409 1735 2506 1805 τὴν
2548 1735 2860 1795 ἀνάστασιν,
2914 1735 3248 1808 στρατιώτας
3299 1736 3545 1805 φύλακας
3602 1739 3703 1805 ἑφ-

467 1845 587 1887 nem
630 1837 924 1885 metuentes
961 1828 1027 1881 ad
1062 1825 1363 1895 sepulcrum
1396 1822 1590 1876 milites
1642 1821 1893 1875 custodes
1916 1826 2027 1872 sta-

2145 1822 2322 1875 ιστῶσι
2358 1823 2434 1893 τῷ
2464 1800 2737 1894 μνήματι.
2792 1824 2886 1887 Τίς
2944 1800 3050 1877 είδε
3100 1800 3321 1895 νεκρὸν-
3358 1800 3699 1896 φυλαττόμεο

469 1930 648 1975 tuunt.
703 1919 836 1986 Quis
887 1932 1121 1986 unquam
1166 1916 1301 1969 vidit
1349 1924 1615 1967 mortuum
1665 1908 2031 1965 custoditum?

469 2016 577 2068 Aut
612 2012 817 2081 potius,
866 2010 986 2079 quis
1030 2009 1161 2062 vidit
1206 2016 1472 2061 mortuum
1522 2004 1658 2057 bello
1698 2000 2031 2071 impetituml

471 2106 593 2173 quis
627 2102 831 2156 audivit
868 2103 994 2154 vitae
1037 2101 1237 2152 exitum
1279 2097 1509 2163 cuipiam
1547 2094 1843 2156 inductum,
1869 2102 1923 2146 et
1962 2090 2030 2144 ti-

471 2212 623 2250 more
674 2204 925 2247 auctores
975 2190 1331 2245 aflicienlem?
1378 2188 1498 2257 quis
1550 2202 1653 2240 non
1704 2186 1769 2238 de
1817 2184 2032 2237 inimico

469 2286 729 2338 sollicitus
762 2298 879 2336 esse
915 2282 1093 2339 desiit.
1121 2290 1399 2347 postquam
1434 2277 1667 2329 animam
1709 2273 1874 2341 ipsius
1901 2274 2028 2327 abs-

474 2378 647 2433 ttmt?
693 2379 813 2446 quis
854 2392 957 2429 non
1027 2375 1360 2428 inimicitiam
1408 2370 1672 2433 dissolvit,
1720 2380 1892 2423 morte
1944 2368 2035 2421 ad-

478 2470 702 2522 versarii
757 2468 1029 2523 satiatus?
1075 2466 1210 2530 Quid
1256 2478 1410 2531 quem
1446 2465 1510 2515 de
1544 2461 1717 2515 medio
1751 2459 2033 2523 sustulisti,

474 2562 648 2614 adlmc
692 2561 899 2617 horres.
933 2556 1151 2610 Judme?
1182 2555 1309 2624 quid
1341 2553 1533 2607 metuis
1564 2568 1721 2620 quem
1754 2549 2037 2605 occidisti?

472 2653 600 2720 quid
654 2650 911 2703 formidas
940 2666 969 2701 e
1000 2649 1130 2701 vivis
1187 2645 1489 2713 egressum?
1536 2644 1662 2713 quid
1708 2646 1861 2697 times
1907 2657 2035 2696 ene-

473 2742 655 2796 ctum?
703 2744 830 2807 quid
864 2751 915 2793 te
952 2740 1245 2791 discruciat
1274 2753 1429 2806 quem
1458 2736 1814 2790 cruciﬁxisli?
1855 2734 2037 2789 Caedes

476 2836 587 2902 ipsa
618 2834 705 2885 tibi
742 2834 1084 2885 securitatem
1116 2830 1399 2894 promittit.
1446 2828 1590 2881 Bono
1620 2828 1798 2881 animo
1817 2836 1953 2879 esto.
1981 2824 2037 2878 Si

479 2927 649 2976 nudus
683 2925 859 2983 Immo,
898 2923 987 2988 qui
1020 2931 1258 2973 mortuus
1286 2930 1388 2981 est,
1429 2934 1530 2972 non
1561 2919 1745 2986 utique
1778 2918 2036 2986 resurgit;

478 3014 520 3066 si
574 3014 745 3063 nudus
794 3022 972 3069 nomo,
1016 3018 1158 3061 recte
1187 3009 1237 3060 iu
1273 3021 1488 3059 crucem
1532 3007 1720 3073 egisti;
1773 3006 1815 3060 si
1865 3005 2038 3058 nudus

480 3103 658 3162 homo,
707 3117 807 3152 non
855 3116 1034 3151 verum
1079 3108 1244 3151 restat
1282 3098 1421 3164 quod
1469 3096 1604 3148 dixit
1634 3118 1645 3150 :
1674 3095 1869 3149 Solvite
1916 3107 2041 3149 tem-

478 3193 619 3260 plum
664 3194 781 3251 hoc,
815 3199 861 3242 et
895 3191 946 3242 in
990 3191 1153 3241 tribus
1199 3189 1379 3241 diebus
1423 3187 1657 3240 excitabo
1703 3187 1835 3240 illud
1863 3185 1929 3242 “.
1982 3185 2039 3239 Si

483 3287 654 3337 nudus
682 3285 858 3347 homo,
893 3292 1064 3334 morte
1086 3280 1396 3344 detinetur;
1424 3280 1467 3332 si
1500 3279 1675 3332 nudus
1706 3277 1887 3341 homo,
1914 3277 2041 3345 quid

482 3376 786 3443 sepulcrum
836 3372 1163 3441 consignas?
1205 3372 1469 3439 Exspecta
1514 3370 1652 3423 diem
1702 3370 1942 3429 tertium,
1991 3376 2045 3421 et

488 3464 694 3518 videbis
732 3464 950 3515 iusauize
981 3472 1081 3513 tua:
1120 3460 1561 3515 confutationem.
1613 3459 1802 3512 Desine
1844 3457 2043 3511 frustra

484 3554 747 3615 laborare,
782 3563 832 3604 et
863 3546 1066 3605 videbis
1098 3566 1273 3603 rerum
1314 3559 1583 3602 eventum.
1625 3548 1818 3601 Desine
1858 3556 2041 3601 contra

486 3647 764 3697 veritatem
805 3643 999 3696 furere.
1042 3642 1233 3694 Desine
1287 3641 1391 3694 Deo
1439 3639 1631 3691 bellum
1666 3637 1878 3700 inferre,
1910 3638 2047 3691 infe-

487 3752 718 3801 rensque
760 3745 810 3787 te
849 3734 1020 3803 ipsum
1060 3732 1366 3786 vulnerare.
1406 3731 1599 3785 Desine
1636 3730 1805 3783 solem
1829 3728 2051 3794 iustitiae

488 3828 700 3895 injuriis
733 3824 968 3889 allicere,
1001 3825 1319 3877 existimans
1365 3832 1415 3875 te
1466 3822 1580 3887 ejus
1627 3820 1801 3873 radios
1847 3822 2051 3873 exstin-

489 3933 672 3986 guere.
707 3917 921 3977 Desine,
953 3917 1205 3982 inquam;
1247 3927 1346 3965 nec
1388 3912 1587 3965 fontem
1617 3911 1740 3963 vitae
1773 3910 2051 3963 obstruere

489 4008 804 4060 contendas.
842 4004 1033 4058 Desine
1061 4003 1341 4072 prmfectos
1373 4003 1618 4071 fatigare.
1658 4001 1851 4055 Desine
1881 4001 1947 4053 de
1966 4016 2053 4053 cu-

489 4100 657 4152 stodia
698 4097 855 4149 verba
901 4095 1095 4148 iaeere.
1152 4095 1342 4147 Desine
1395 4092 1729 4145 mendacium
1784 4092 1878 4145 tibi
1906 4106 2053 4146 com-

490 4189 753 4248 mercari,
795 4196 850 4239 ct
887 4196 1123 4238 armatos
1164 4199 1526 4239 commovere.
1568 4183 1643 4237 Ne
1673 4182 1873 4237 frustra
1915 4184 2054 4236 nita-

492 4282 564 4334 ris
608 4295 671 4332 ne
723 4277 787 4329 ad
834 4277 1162 4345 impietatem
1210 4275 1508 4345 impensam
1560 4274 1745 4339 facias,
1772 4290 1838 4328 ne
1868 4284 2053 4329 contra

494 4374 657 4425 Deum
692 4371 783 4423 tibi
825 4369 1105 4423 victoriam
1166 4368 1355 4437 ﬁngas.
1412 4365 1489 4421 Ne
1544 4367 1827 4432 militibus,
1862 4366 2053 4419 utalia

492 4479 587 4531 pro
630 4460 750 4513 aliis
801 4459 1055 4523 referant,
1103 4459 1405 4512 mercedem
1466 4458 1688 4512 tribuas.
1734 4455 1812 4512 Ne
1844 4458 2053 4511 turbam

492 4560 557 4612 ad
591 4557 892 4625 sepulcrum
929 4555 1195 4608 excubare
1234 4552 1423 4607 facias.
1479 4553 1557 4606 Ne
1588 4555 1640 4608 in
1668 4554 1833 4608 armis
1862 4554 1968 4608 tuis
1988 4554 2055 4608 ﬁ-

493 4649 703 4703 duciam
742 4646 962 4701 habeas.
1007 4646 1187 4700 Armis
1226 4646 1551 4699 resurrectio
1582 4660 1685 4698 non
1718 4646 2054 4713 prohibetur,

494 4758 598 4796 non
649 4739 942 4807 impeditur
987 4736 1299 4807 signaculis,
1332 4752 1435 4790 non
1466 4745 1749 4791 coercetur
1772 4736 2054 4799 militibus,

495 4848 599 4887 non
652 4830 942 4899 surripitur
994 4827 1259 4897 pecuniis,
1310 4828 1404 4881 sed
1461 4828 1563 4881 fide
1608 4828 1904 4881 obtinetur.
1939 4828 2053 4883 Non

496 4923 674 4975 vidisti
728 4921 990 4973 Lazarum
1041 4932 1211 4986 nuper
1259 4928 1484 4971 mortem
1542 4916 1715 4970 instar
1750 4919 1922 4971 somni
1962 4932 2056 4971 ex-

496 5014 831 5069 cutientem?
867 5010 978 5064 Non
1008 5010 1186 5063 vidisti
1223 5008 1491 5076 quomodo
1535 5022 1655 5061 cum
1702 5006 1880 5061 fasciis
1929 5008 2057 5077 ipsis

499 5105 863 5174 gradiebatur,
888 5116 1097 5165 vocem,
1136 5098 1263 5151 Veni
1290 5098 1431 5166 [oras
1461 5097 1529 5163 ⁸⁵,
1554 5097 1709 5150 simul
1738 5097 2058 5151 audivisset?

499 5196 614 5248 Non
647 5194 825 5247 vidisti
860 5192 1129 5259 quomodo
1157 5200 1401 5243 mortuus
1432 5188 1672 5243 vocantis
1701 5188 1911 5256 jussum
1944 5188 2058 5242 fue-

499 5288 823 5348 ritserutus,
863 5284 1195 5337 vinculorum
1230 5297 1364 5335 nexu
1408 5281 1626 5334 minime
1678 5281 1847 5348 ipsum
1903 5282 2053 5333 cohi-

500 5380 702 5434 bente?
754 5378 867 5430 Non
920 5374 1099 5430 vidisti
1144 5375 1413 5443 quomodo
1462 5382 1636 5427 morte
1681 5372 1790 5439 jam
1828 5370 2057 5426 solutum

570 5562 615 5592 ’⁸³
640 5560 765 5614 Luc.
793 5575 946 5623 um,
978 5562 1064 5615 54,
1162 5558 1205 5591 ⁸⁵
1236 5556 1389 5611 Joan.
1423 5573 1480 5621 ιι,
1545 5584 1597 5610 υ.

576 5738 682 5805 (3i)
712 5737 866 5789 l’uric
896 5735 1156 5804 ἀναμφιῧ.

2066 3142 2111 3200 C

2132 1931 2252 1979 νον;
2292 1915 2490 1984 μᾶλλον
2533 1916 2589 1967 δὲ
2632 1916 2713 1979 τίς
2755 1911 2860 1968 εἶδε
2891 1908 3082 1987 νεκρὸν
3130 1916 3566 1987 πολεμούμενονς
3612 1917 3700 1981 τίς

2131 2006 2327 2075 ἤκουσε
2392 2006 2645 2077 τελευτὴν
2708 2007 3187 2078 ἀμφιδαλλομένην
3235 2008 3367 2077 (84),
3414 2000 3518 2062 ’καὶ
3581 2009 3699 2074 δέος

2131 2099 2464 2167 ἐμποιοῦσαν
2508 2102 2619 2161 τοῖς
2664 2100 3092 2170 ὲργασαμένοις;
3140 2101 3222 2162 τίς
3271 2102 3369 2152 οὐκ
3418 2102 3700 2152 ἐπαύσατο

2133 2189 2268 2259 πρὸς
2316 2189 2507 2261 ἐχθρὸν
2557 2191 2655 2261 τὴν
2684 2192 2859 2261 ψυχὴν
2892 2193 3285 2263 ἀφειλάμενοςς
3340 2196 3421 2256 τίς
3475 2196 3535 2246 οὐ
3571 2213 3701 2247 κατ-

2135 2279 2321 2331 έλυσεν
2350 2280 2549 2351 ἔχθραν
2565 2282 2850 2351 ἀρκεσθεὶς
2889 2282 3100 2353 θανάτῳ
3129 2284 3220 2337 τοῦ
3258 2284 3585 2354 δυσμενοῦς;
3631 2287 3700 2339 Τί

2133 2370 2191 2423 ὃν
2217 2371 2492 2442 ἀνήλωσας
2528 2372 2787 2442 δειλειᾷς,
2818 2366 2861 2424 ὦ
2908 2374 3159 2438 Ίουδαῑε;
3201 2375 3252 2426 τί
3285 2377 3421 2445 φοϐῇ
3466 2377 3524 2429 ὃν
3590 2380 3695 2431 ἀπ-

2136 2462 2409 2525 έκτεινας;
2450 2463 2670 2531 τρέμεις
2690 2463 2780 2515 τὸν
2827 2464 3194 2533 μεταστάντα;
3240 2465 3289 2517 τί
3328 2465 3569 2528 δέδοικας
3606 2466 3697 2519 τόν

2135 2556 2514 2625 ἀναιρεθέντα;
2545 2556 2595 2607 τί
2620 2556 2676 2607 ὃν
2704 2556 3051 2625 ὲσταύρωσας
3074 2558 3343 2627 ἀγωνιᾷς;
3379 2559 3563 2627 Ἔχεις
3591 2559 3694 2610 ἀπὸ

2135 2645 2234 2714 τῆς
2264 2646 2475 2714 σφαγῆς
2508 2647 2822 2715 ἀσφάλειαν.
2866 2648 3087 2718 Θάρρει.
3134 2650 3193 2699 Εἰ
3227 2649 3378 2717 ψιλὸς
3415 2649 3695 2719 ἄνθρωπος

2139 2735 2165 2785 ὁ
2214 2735 2499 2804 τεθνηκὸς,
2556 2737 2653 2789 οὐκ
2696 2737 3007 2790 ἀνίσταται·
3069 2740 3116 2790 εί
3171 2738 3323 2806 ψιλὸς
3372 2739 3691 2810 ἄνθρωπος,

2140 2827 2318 2889 καλῶς
2356 2828 2561 2897 ἔπηξας
2588 2828 2677 2879 τὸν
2708 2829 2936 2899 σταυρόν
2958 2846 2972 2859 ⁵
3019 2832 3065 2882 εἰ
3094 2830 3242 2898 ψιλὸς
3268 2830 3571 2901 ἄνθρωπος,
3601 2833 3697 2882 οὐκ

2139 2918 2407 2988 ἀληθεύει,
2439 2920 2673 2972 Λύσατε
2700 2920 2807 2971 τὸν
2837 2920 2987 2972 ναὸν
3017 2923 3249 2985 τοῦτον,
3285 2923 3476 2987 εἰπὼν,
3511 2925 3611 2976 καὶ
3638 2925 3698 2976 ἐν

2140 3010 2294 3076 τρισί
2344 3009 2589 3077 ἡμέραις
2633 3011 2811 3079 ἐγερῶ
2845 3015 3048 3065 αὐτόν.
3087 3015 3147 3066 Εἰ
3190 3015 3343 3082 ψιλὸς
3384 3017 3693 3085 ἄνθρωπος,

2141 3098 2218 3167 τῷ
2260 3097 2471 3167 θανάτῳ
2525 3102 2842 3168 κατέχεται·
2895 3104 2942 3153 εἰ
2973 3102 3124 3169 ψιλὸς
3171 3102 3481 3175 ἄνθρωπος,
3516 3105 3568 3155 τί
3617 3106 3698 3157 τὸν

2140 3190 2308 3258 τάφον
2340 3190 2691 3261 σφραγίζεις,
2744 3194 2970 3263 ἀνόητε;
3014 3195 3331 3266 Περίμεινον
3375 3196 3470 3264 τὴν
3513 3197 3699 3266 τρίτην

2144 3282 2375 3352 ἡμέραν,
2409 3284 2501 3335 καὶ
2531 3284 2647 3352 ὄψει
2697 3284 2794 3352 τῆς
2837 3285 3060 3337 σεαυτοῦ
3105 3287 3301 3355 μανίας
3338 3286 3429 3338 τὸν
3460 3287 3692 3357 ἔλεγχον.

2144 3373 2359 3426 Παῦσαι
2386 3374 2899 3445 περιεργαζόμενος,
2929 3377 3021 3429 καὶ
3046 3376 3213 3448 θεάσῃ
3239 3378 3342 3430 τῶν
3373 3380 3700 3448 πραγμάτων

2144 3464 2240 3534 τὴν
2259 3464 2499 3518 ἑκϐασιν.
2529 3466 2738 3519 Παῦσαι
2758 3466 2961 3519 λύττων
2986 3467 3126 3519 κατὰ
3150 3468 3245 3537 τῆς
3271 3468 3539 3537 ἀληθείας.
3567 3470 3701 3521 Παῦ-

2149 3571 2237 3605 σαι
2269 3554 2385 3625 Θεῷ
2420 3554 2690 3625 πολεμῶν,
2721 3558 2815 3609 καὶ
2858 3557 2934 3626 τῷ
2966 3558 3217 3627 πολεμεῖν
3257 3559 3701 3628 κατατιτρώσκων

2149 3645 2363 3696 σαυτόν.
2403 3645 2612 3697 Παῦσαι
2637 3646 2727 3698 τὸν
2752 3646 2901 3715 ἥλιον
2957 3647 3054 3716 τῆς
3082 3647 3426 3718 δικαιοσύνης
3452 3648 3698 3719 ὑϐρίζων.

2149 3737 2241 3789 καὶ
2269 3737 2502 3806 νομίζων
2534 3736 2631 3799 τὰς
2668 3738 2890 3798 ἀκτῖνας
2924 3738 3129 3789 ἐκείνου
3161 3738 3452 3791 σϐεννύειν.
3498 3740 3699 3792 Παῦσαι

2148 3827 2246 3894 τὴν
2274 3829 2454 3899 πηγὴν
2481 3828 2577 3897 τῆς
2609 3828 2752 3897 ζωῆς
2782 3828 3097 3898 προσχῶσαι
3123 3830 3460 3898 φιλονεικῶν.
3494 3830 3700 3884 Παῦσαι

2150 3919 2403 3989 ἄρχουσιν
2448 3920 2699 3987 ἐνοχλῶν,
2735 3920 2827 3971 καὶ
2877 3920 3003 3991 περὶ
3047 3924 3285 3992 φρουρᾶς
3314 3922 3697 3991 διαλεγόμενος.

2152 4008 2360 4061 Παῦσαι
2390 4009 2451 4059 τὸ
2480 4008 2669 4076 ψεῦδος
2702 4008 3033 4078 ὠνούμενος,
3071 4011 3165 4062 καὶ
3212 4011 3335 4073 τοὺς
3372 4012 3587 4075 ὁπλίτας
3624 4031 3702 4066 κι-

2153 4097 2281 4149 κῶν.
2316 4097 2405 4166 Μὴ
2454 4097 2647 4168 κάμῃς
2684 4097 2915 4165 ἀνόνητα
2939 4114 2951 4125 ·
2992 4097 3064 4167 μὴ
3097 4100 3175 4159 εἰς
3212 4098 3462 4151 ἀσέϐειαν
3506 4100 3703 4153 ἀναλώ-

2154 4205 2253 4261 σης
2281 4190 2349 4241 τὰ
2382 4190 2468 4252 σὰ,
2511 4192 2603 4241 καὶ
2637 4192 2777 4243 κατά
2806 4190 2940 4242 Θεοῦ
2973 4191 3238 4258 φαντάζου
3277 4193 3374 4261 τὴν
3412 4192 3579 4261 νίκην.
3616 4194 3699 4262 Μὴ

2153 4278 2257 4348 δῷς
2301 4279 2489 4349 μισθὸν
2531 4279 2884 4347 στρατιώταις
2928 4282 3088 4351 ἔτερα
3136 4282 3248 4334 ἀνθ’
3295 4284 3490 4352 ἐτέρων
3519 4286 3700 4334 εἰπεῖν.

2156 4372 2245 4442 Μὴ
2274 4371 2677 4444 παρακοιμίσῃς
2711 4372 2800 4424 τὸν
2842 4372 2994 4443 ὄχλον
3039 4374 3116 4443 τῷ
3165 4376 3425 4444 μνήματι.
3461 4376 3545 4444 Μὴ
3576 4375 3702 4445 θαρ-

2086 4484 2128 4537 D
2161 4464 2329 4532 ρήσῃς
2364 4464 2471 4524 τοῖς
2510 4462 2713 4524 ὅπλοις.
2743 4463 2967 4525 Ὂπλοις
2997 4465 3289 4526 ἀνάστασις
3322 4466 3382 4516 οὐ
3417 4465 3701 4516 κωλύεται’

2151 4554 2251 4609 οὑκ
2279 4550 2627 4620 ἐμποδίζεται
2654 4556 2775 4615 ταῖς
2804 4555 3111 4622 σφραγίσιν,
3146 4555 3243 4606 οὐκ
3272 4556 3507 4625 εἴργεται
3548 4572 3702 4625 στρα-

2150 4645 2402 4706 τιώταις,
2448 4645 2505 4695 οὐ
2538 4644 2826 4697 κλέπτεται
2868 4648 3159 4716 χρήμασιν,
3202 4648 3334 4701 ἀλλά
3375 4649 3565 4699 πίστει.
3618 4650 3700 4719 Μὴ

2151 4736 2250 4787 οὐκ
2296 4730 2433 4797 εἶδες
2479 4735 2570 4787 τὸν
2616 4736 2863 4806 Λάζαρον
2914 4737 3074 4789 πάλιν
3124 4739 3374 4808 καθάπερ
3418 4740 3573 4791 ῦπνον
3622 4740 3702 4792 τὸν

2155 4826 2381 4879 θάνατον
2412 4828 2876 4896 ἀποσεισάμενον;
2914 4825 3064 4891 Εἶδες
3105 4829 3220 4891 πῶς
3262 4831 3357 4883 σὺν
3404 4832 3585 4895 αὐταῖς
3617 4851 3696 4902 κηο

2166 4919 2306 4988 ρίαις
2331 4917 2568 4982 ἐϐάδιζε,
2620 4919 2680 4970 τὸ
2712 4920 2891 4985 Δεῦρο
2945 4921 3219 4984 ἀκοῦσας;
3258 4919 3404 4985 Εἶδες
3440 4922 3547 4986 πῶς
3588 4925 3701 4991 ἡκο-

2162 5013 2387 5081 λούθησε
2419 5012 2493 5081 τῷ
2523 5015 2899 5082 προστάγματι
2927 5014 2954 5064 ὁ
2978 5015 3188 5083 νεκρὸς,
3220 5017 3311 5068 καὶ
3337 5020 3365 5068 ὁ
3393 5016 3581 5085 δεσμὸς
3617 5020 3704 5069 οὐκ

2156 5103 2456 5165 ἐκώλυσεν;
2498 5098 2650 5165 Εἶδες
2678 5104 2792 5165 πῶς
2826 5105 3064 5173 ἥρμοσεν
3101 5107 3131 5174 ἡ
3169 5106 3319 5175 φωνὴ
3361 5106 3436 5177 τῷ
3476 5107 3561 5161 τὸν
3602 5108 3699 5160 δια·

2154 5194 2385 5246 λυθέντα
2434 5194 2680 5263 θανάτῳ;
2746 5196 2802 5246 '0
2857 5197 3037 5247 ἐκεῖνα
3083 5196 3365 5265 δυνηθεὶς,
3420 5198 3705 5250 καὶταῦτα

2155 5283 2441 5353 δυνήσεται
2466 5300 2477 5313 '
2534 5287 2561 5335 ὁ
2591 5284 2678 5337 τὸν
2728 5284 2910 5337 δοῦλον
2956 5287 3262 5357 ἀναστήσας
3288 5329 3300 5348 ,
3338 5288 3496 5348 αὐτὸς
3542 5286 3706 5355 πολλῴ

2162 5373 2357 5442 μᾶλλον
2397 5373 2683 5444 ἐγείρεται.
2730 5376 2787 5428 Ὀ
2816 5377 3150 5445 ζωογονήσας
3178 5378 3265 5430 τὸν
3296 5377 3586 5447 σεσηπότα,
3614 5379 3702 5431 οῦκ

1671 5564 1714 5585 ’δ
1776 5569 1902 5617 ean.
1936 5570 2009 5619 χι,
2042 5553 2128 5607 43.
