3796 6304
450 360 526 421 9ο

1416 365 1473 424 s.
1514 366 1960 426 auruuccuu
1998 369 2386 427 lCONlENSlS
2421 368 2733 427 EPISCOPI
2792 340 2803 351 κ

3637 377 3747 437 9G

448 480 591 533 siam
615 479 756 547 passi
783 494 969 537 sumus
994 482 1155 537 etiam
1192 483 1336 539 illius
1368 498 1499 539 voce
1531 501 1753 549 carere;
1798 487 1893 540 sed
1925 488 1990 541 lia

2094 488 2287 559 ripa;
2332 488 2670 560 βραχύτητος
2714 490 2962 561 παριδεῖν
2999 493 3320 566 γράμματα.
3372 496 3449 551 Ού
3485 498 3593 567 μέν
3625 516 3743 554 τοι

453 567 648 623 beutes
694 569 890 623 librum
938 571 1139 639 ipsius,
1190 588 1351 642 quem
1397 575 1465 629 de
1515 576 1615 630 hoc
1671 576 2018 645 peculiariter

455 672 776 729 argumento
810 662 1131 727 elaboravit,
1174 664 1349 734 ipsum
1398 667 1601 736 pariter
1643 667 1923 722 nobiscqu
1968 668 2021 722 in

451 749 657 818 scripto
683 749 989 820 loquentem
1021 754 1351 811 obtinemus.

525 1011 805 1080 Quodnam
847 1015 1008 1085 igitur
1047 1029 1130 1073 est
1162 1021 1228 1074 ad
1256 1019 1735 1089 interrogationem
1786 1037 2012 1092 respon-

448 1103 607 1156 sum?
643 1102 899 1159 Sanctum
945 1108 1230 1162 concilium
1266 1108 1607 1166 Nica’nomm
1644 1112 1887 1180 Patrum,
1923 1129 2019 1184 pro

449 1208 579 1250 vere
624 1195 890 1261 catholico
929 1209 983 1253 et
1030 1201 1325 1271 apostolico
1371 1205 1604 1260 concilio
1654 1207 2016 1275 agnoscimus,

447 1282 719 1354 ﬁdemque
760 1301 899 1350 eam,
956 1303 1077 1357 qua:
1126 1299 1254 1345 tunc
1297 1293 1553 1354 temporis
1586 1295 1835 1362 exposita
1860 1294 2016 1351 fuita

446 1370 699 1429 Patribus
752 1390 1034 1433 servamus
1089 1380 1388 1446 immotam,
1443 1393 1607 1452 atque
1643 1394 1701 1438 ut
1744 1386 1795 1439 in
1827 1401 2018 1456 perpe-

448 1474 594 1520 tuum
657 1478 874 1524 maneat
934 1471 1244 1548 inconvulsa
1297 1484 1634 1543 exoptamus.
1690 1477 1860 1533 Porro
1912 1479 2017 1535 fuit

445 1566 571 1613 tunc
607 1556 858 1616 Palribus
889 1564 1276 1627 necessarium,
1303 1579 1562 1622 enarrare
1590 1568 1760 1625 fusius
1790 1573 1855 1626 de
1888 1571 2017 1628 Uni—

444 1649 609 1717 geuiti
662 1650 943 1721 dogmate;
993 1658 1428 1725 quandoquidem
1488 1659 1602 1716 Arii
1650 1661 1900 1719 haeresim
1952 1680 2014 1721 ea

448 1750 774 1810 tempestate
815 1762 1006 1803 recens
1042 1760 1286 1804 exortam
1321 1753 1642 1809 exscindere
1683 1757 2009 1822 nitebantur,

2122 578 2221 651 τὴν
2261 580 2421 649 ἁγίαν
2459 580 2614 652 ὑμῶν
2664 581 2991 654 Ἐκκλησίαν
3024 586 3250 658 ἄμοιρον
3296 588 3520 658 καὶτῆς
3556 589 3747 643 ὲκεί-

2124 688 2219 724 νου
2278 671 2462 741 φωνῆς
2506 674 2880 745 περιείδομεν·
2926 675 3041 728 ἀλλ’
3086 678 3300 748 ἔχοντες
3354 680 3521 733 αὑτοῦ
3574 681 3743 751 σύγ-

2125 780 2359 835 γραμμα
2409 765 2538 834 περὶ
2567 764 2775 837 ταύτης
2805 765 2916 837 (89)
2972 768 3150 831 ίδικῶς
3195 768 3344 839 αύτῷ
3373 770 3474 840 τῆς
3501 770 3734 824 ὑποθέ-

2125 868 2263 914 σεως
2314 855 2712 925 πεπονημένον,
2767 858 3019 911 κάκεῖνον
3068 858 3159 913 διὰ
3220 859 3315 913 τοῦ
3368 862 3731 932 γράμματος

2121 943 2318 1015 ἔχομεν
2349 947 2480 1016 ἡμῖν
2515 947 3019 1019 συμφθεγγόμενον.

2097 1100 2105 1104 _
2190 1035 2287 1099 Τίς
2313 1032 2463 1109 οὖνὴ
2499 1038 2634 1110 πρὸς
2660 1039 2760 1110 τὴν
2787 1040 2980 1095 πεῦσιν
3019 1042 3342 1114 ἀπόκρισιςς
3387 1042 3499 1115 Τὴν
3534 1046 3725 1115 ἁγίαν

2122 1126 2337 1181 σύνοδον
2368 1128 2478 1181 τῶν
2500 1129 2758 1202 Πατέρων
2789 1131 2898 1186 τῶν
2926 1134 2985 1186 έν
3018 1134 3243 1206 Νικαίᾳ,
3275 1135 3494 1190 σύνοδον
3521 1137 3719 1202 ὅντως

2119 1217 2414 1290 καθολικὴν
2443 1221 2537 1273 καὶ
2572 1221 2935 1293 ἀποστολικὴν
2981 1223 3337 1296 γνωρίζομεν,
3368 1228 3464 1280 καὶ
3507 1228 3715 1282 πίστιν

2116 1308 2214 1380 τὴν
2245 1310 2556 1363 ἐκτεθεῖσαν
2584 1312 2690 1364 ὑπὸ
2712 1313 2822 1367 τῶν
2850 1315 3112 1386 Πατέρων
3139 1317 3458 1387 τηνικαῦτα,
3489 1319 3713 1389 φυλάτ-

2115 1417 2278 1471 τομεν
2307 1402 2560 1474 ἀκίνητον
2583 1404 2728 1474 (90),
2783 1406 2878 1458 καὶ
2926 1406 3062 1479 πρὸς
3094 1408 3156 1461 τὸ
3203 1408 3451 1480 διηνεκὲς
3505 1408 3707 1466 themi-

2118 1507 2315 1560 ρακτον
2344 1492 2521 1562 μένειν
2552 1492 2778 1565 εὔχομαι
2806 1495 2938 1565 (9i).
2973 1497 3166 1566 Γέγονε
3199 1499 3255 1552 δὲ
3281 1501 3402 1554 τότε
3425 1506 3541 1566 τοίς
3582 1505 3709 1556 Πα-

2113 1582 2305 1653 τράσιν
2335 1584 2775 1656 ἀναγκαιότερον,
2800 1586 3132 1660 πλατύτερον
3158 1588 3529 1662 ἐξηγήσασθαι
3563 1596 3706 1665 περὶ

2114 1673 2214 1744 τῆς
2245 1674 2403 1745 δόξης
2427 1679 2520 1730 τοῦ
2552 1679 2888 1747 Μονογενοῦς
2907 1695 2921 1710 ⁶
2958 1682 3147 1753 ἐπειδὴ
3178 1683 3297 1737 τότε
3328 1686 3521 1739 νεωστὶ
3558 1704 3701 1756 φυο-

2118 1766 2288 1837 μένην
2323 1769 2422 1839 τὴν
2453 1771 2665 1841 αἵρεσιν
2698 1771 2792 1824 τοῦ
2851 1773 3060 1845 Ἀρείου
3122 1775 3209 1829 διὰ
3249 1777 3485 1848 σπουδῆς
3531 1780 3700 1850 ἔσχον

441 1829 778 1897 primaillius
812 1836 1017 1891 semina
1060 1839 1242 1892 statim
1290 1841 1571 1909 abolendo,
1619 1856 1916 1917 antequam
1942 1865 1993 1904 at

2118 1829 2462 1928 tumpugna
2489 1829 2681 1932 πρῶτα
2702 1864 2870 1934 αὐτῆς
2895 1829 3348 1939 προαναιροῦντες
3372 1870 3693 1943 σπέρματα,

444 1933 709 1975 summam
743 1927 1090 1993 asperitatem
1120 1932 1430 1997 perveniret
1461 1935 1614 2003 spina
1648 1954 1661 1989 :
1691 1954 1921 2005 cumque
1943 1955 2008 1995 eo

442 2018 684 2078 tempore
717 2014 781 2069 de
807 2018 1104 2085 quaestione
1134 2019 1277 2076 circa
1307 2021 1568 2092 Spiritum
1595 2037 1839 2082 sanctum
1865 2040 2009 2086 tace-

440 2108 619 2163 retur,
679 2102 800 2159 ideo
851 2107 984 2161 nihil
1033 2110 1261 2179 amplius
1309 2114 1653 2172 addiderunt.
1700 2117 1893 2174 Verum
1942 2122 2009 2179 iis

435 2190 529 2257 qui
572 2194 865 2258 prudenter
893 2198 1136 2268 legerint,
1169 2203 1440 2259 sufﬁciens
1470 2208 1738 2264 videbitur
1761 2211 2004 2269 doctrina

436 2279 503 2333 de
526 2279 749 2350 Spiritu,
786 2300 904 2354 quae
926 2304 987 2343 ea
1017 2289 1070 2343 in
1131 2290 1238 2347 lide
1294 2296 1621 2353 continetur.
1687 2300 2004 2360 Docuerunt

434 2373 600 2438 enim,
650 2376 789 2431 sicut
833 2380 979 2434 credi
1031 2383 1189 2439 debet
1242 2386 1295 2441 in
1351 2388 1564 2444 Patrem
1592 2401 1647 2447 et
1673 2394 1889 2461 Filium,
1930 2397 2003 2452 ita

434 2463 598 2518 etiam
653 2469 980 2525 credendum
1038 2488 1159 2529 esse
1220 2476 1271 2530 iu
1332 2476 1590 2548 Spiritum
1638 2497 1653 2536 :
1700 2501 1798 2540 nec
1843 2486 2001 2542 aliam

434 2557 745 2626 quampiam
795 2561 1111 2619 inducentes
1139 2566 1191 2621 in
1223 2568 1403 2625 divina
1442 2573 1708 2644 beataque
1733 2575 2003 2635 Triuitate

434 2656 720 2717 naturam;
758 2667 931 2722 neque
960 2658 1251 2727 quidquam
1280 2662 1347 2716 de
1375 2663 1643 2719 Trinitate
1673 2681 1998 2735 resecantes,

435 2738 490 2792 iu
523 2738 609 2792 illa
660 2741 783 2796 ﬁdei
827 2748 1183 2814 expositione,
1228 2752 1321 2807 sed
1353 2734 1479 2823 quia
1523 2773 1696 2826 nuper
1724 2761 1997 2820 Ecclesias

436 2837 726 2884 concutere
769 2846 1054 2903 aggressus
1109 2836 1357 2905 Satanas,
1414 2843 1634 2899 immisit
1679 2849 1996 2916 quibusdam

436 2918 828 2977 dubitationem
875 2928 940 2980 de
997 2927 1224 2998 Spiritu,
1281 2948 1502 2989 necesse
1556 2947 1637 2993 est
1678 2951 1736 2993 ut
1770 2944 1835 2996 ad
1874 2943 1995 2999 fidei

427 3006 632 3065 fontem
658 3027 1043 3084 recurramus;
1092 3036 1124 3076 ε
1156 3037 1264 3090 quo
1307 3040 1427 3078 cum
1466 3026 1655 3082 Nicaea:
1687 3036 1995 3103 congregati

427 3096 623 3156 Patres
654 3103 814 3157 etiam
846 3107 1177 3175 hausissent,
1215 3113 1339 3170 fidei
1370 3096 1993 3187 expositionum—confe-

427 3203 642 3248 cerunt.
674 3194 931 3261 Quaenam
984 3216 1113 3270 ergo
1159 3215 1245 3259 est
1286 3220 1486 3264 nostrae
1534 3211 1655 3268 fidei
1699 3217 1995 3284 perfectio?

423 3277 642 3337 Domini
702 3288 938 3355 traditio,
984 3307 1170 3361 quam,
1199 3305 1483 3367 postquam
1535 3277 1922 3364 resurrex‘isset
1960 3325 1990 3364 a

425 3380 676 3446 mortuis,
722 3384 997 3440 mandavit
1042 3389 1245 3444 sanctis
1310 3393 1421 3448 suis
1460 3395 1756 3466 discipulis,
1804 3403 1993 3472 praeci-

425 3466 615 3536 piens:
642 3467 867 3537 Euutes,
893 3476 1070 3531 docete
1095 3496 1270 3536 omnes
1309 3496 1507 3552 gentes,
1556 3490 1876 3560 baptizantes
1905 3512 1992 3551 eos

424 3559 480 3613 in
509 3563 716 3617 nomine
741 3561 944 3631 Patris,
979 3578 1029 3622 et
1061 3568 1214 3637 Filii,
1250 3585 1297 3628 et
1323 3574 1552 3646 Spiritus
1578 3559 1746 3637 sancti
1774 3585 1992 3643 “.Con-

426 3657 537 3703 stat
566 3655 843 3722 accepisse
874 3674 971 3712 nos
1001 3664 1335 3732 mandatum,
1370 3684 1476 3724 non
1504 3671 1677 3729 solum
1702 3677 1804 3732 hoc
1831 3680 1989 3734 modo

431 3737 773 3814 baptizandi,
810 3763 998 3803 verum
1030 3753 1190 3808 etiam
1221 3759 1337 3825 pari
1377 3764 1535 3817 modo
1566 3764 1808 3823 docendi.
1844 3770 1991 3826 Adeo

423 3842 484 3886 ut
520 3848 614 3902 per
642 3836 741 3891 hoc
770 3852 1119 3910 praeceptum,
1175 3854 1285 3900 tum
1325 3847 1545 3909 Sabellii
1600 3854 1990 3914 intercludatur

423 3924 665 3989 morbus,
700 3942 797 3995 per
830 3939 938 3986 tres
977 3932 1296 4002 ltypostases
1342 3957 1473 4009 pure
1520 3945 1675 3999 nobis
1722 3949 1983 4018 traditas;

422 4019 536 4063 tum
585 4013 966 4071 Anomteurum
999 4022 1433 4104 Ariauorumque
1470 4042 1527 4085 et
1580 4032 1989 4093 Pueumatoma-

423 4101 645 4156 chorum
672 4106 989 4163 obturentur
1028 4101 1160 4181 ora;
1196 4117 1365 4173 tribus
1391 4120 1604 4189 quidem
1646 4129 1892 4193 personis
1923 4146 1987 4186 ac

421 4191 806 4261 hypostasibus
840 4200 1149 4273 declaratis,
1188 4223 1294 4263 una
1322 4225 1450 4266 vero
1480 4191 1675 4269 natura
1702 4225 1756 4271 et
1783 4218 1984 4274 divini-

422 4293 534 4338 tate
573 4286 838 4345 confessa.
890 4292 1250 4358 Quamobrem
1302 4312 1515 4371 oportet
1558 4321 1625 4362 eo
1678 4325 1775 4365 nos
1828 4315 1984 4369 modo

417 4376 718 4447 baptizare,
753 4395 859 4449 quo
892 4384 1069 4440 edocti
1096 4402 1302 4455 sumus,
1329 4404 1494 4463 atque
1519 4411 1584 4452 eo
1610 4401 1851 4468 credere,
1877 4419 1982 4474 quo

419 4467 618 4523 fuimus
643 4470 928 4540 baptizati,
955 4489 1023 4531 eo
1053 4487 1231 4536 autem
1265 4483 1589 4555 gloriﬁcare,
1621 4505 1726 4560 quo
1750 4467 1871 4549 cred

417 4576 557 4615 mus.
606 4561 785 4617 Multis
818 4566 1083 4635 siquidem
1139 4585 1318 4630 mente
1363 4577 1637 4646 volutatis,
1675 4593 1730 4639 et
1774 4585 1827 4639 in
1865 4601 1981 4641 om-

415 4669 513 4709 nes
549 4668 728 4725 partes
755 4662 1177 4729 cogitationibus
1210 4674 1480 4736 conversi,
1518 4676 1653 4730 nihil
1694 4694 1981 4748 possumus

414 4746 648 4801 medium
698 4750 985 4808 advertere
1045 4755 1363 4814 Creatorem
1400 4761 1540 4818 inter
1570 4776 1625 4821 et
1650 4746 1977 4828 creaturam.

415 4834 677 4902 Quocirca
707 4842 803 4896 sia
830 4844 1114 4901 divinitate
1143 4848 1402 4918 Spiritum
1434 4854 1851 4926 sejunxerimus,
1880 4881 1981 4921 ue-

410 4933 654 4986 cessario
679 4933 830 4990 illum
855 4951 977 4992 cum
1010 4943 1279 4998 creaturis
1314 4944 1573 5003 debemus
1601 4966 1978 5013 annutuerare.

412 5021 564 5088 Quod
602 5025 649 5080 si
689 5027 808 5082 ausi
846 5028 1109 5089 fuerimus
1151 5047 1459 5094 creaturam
1508 5043 1710 5111 dicere,
1742 5048 1832 5117 qui
1870 5049 1984 5106 fieri

501 5180 525 5214 ⁹
548 5182 733 5240 Matth.
761 5203 950 5254 xxvm,
982 5192 1066 5247 19.

628 5341 682 5417 id
708 5355 812 5409 est,
844 5349 906 5398 de
922 5348 1123 5417 Spiritu
1148 5369 1346 5413 uincla.

481 5412 592 5483 (90)
613 5413 695 5468 AI.
736 5418 856 5468 add.
878 5435 936 5470 τε
964 5412 1060 5473 καὶ
1080 5423 1390 5483 ἀσάλευτον.

482 5482 595 5569 S2,!)
618 5484 1097 5569 FPZP#“‘-.F°“e
1121 5482 1412 5569 εὐχόμεθα.

476 5551 590 5630 (ag)
619 5555 702 5630 at.
732 5551 839 5610 ius.
864 5559 994 5630 γάρ.

479 5622 589 5693 (93)
616 5622 1012 5707 [tegeaeae
1034 5637 1468 5707 μαθητεύσατε.
1502 5643 1575 5697 ita
1603 5648 1752 5701 multi
1782 5648 1971 5707 Matth.

408 5698 855 5778 .xsv'ttt,_.t_9._Alii
894 5698 1317 5778 ξιιευέιιιιιίοῦν,
1354 5713 1467 5775 alii,

408 5761 564 5820 initio
619 5766 739 5821 libri
794 5785 832 5824 ll
883 5769 957 5827 De
1007 5761 1698 5844 Trinitate,'etnadpsaf.‘

2110 1951 2241 2019 πρὶν
2286 1952 2483 2016 τελέως
2517 1954 2945 2026 ὲκτραχυνθῆναι
2996 1956 3093 2029 τὴν
3146 1959 3405 2016 ἄκανθαν.
3454 1964 3689 2035 Σεσιγη-

2113 2039 2276 2109 μένου
2296 2041 2353 2094 δὲ
2385 2043 2690 2113 τηνικαῦτα
2715 2045 2808 2098 τού
2838 2047 2981 2100 κατὰ
3007 2049 3068 2101 τὸ
3097 2050 3321 2121 Πνεῦμα
3351 2049 3690 2125 ζητήματος,

2107 2134 2194 2188 διὰ
2242 2135 2397 2189 τοῦτο
2440 2137 2773 2209 πλατύτερον
2819 2140 2915 2211 μὲν
2957 2141 3108 2195 οὐδὲν
3157 2146 3527 2215 προσέθεσαν·
3574 2153 3693 2213 τοῖς

2110 2225 2292 2295 μέντοι
2332 2243 2393 2295 γε
2446 2228 2685 2292 συνετῶς
2731 2229 3213 2299 ἀναγινώσκουσιν,
3259 2235 3541 2307 αὐτάρκης
3592 2240 3691 2292 καὶ

2104 2318 2138 2386 ἡ
2171 2318 2297 2388 περὶ
2329 2317 2423 2371 τοῦ
2466 2319 2783 2391 Πνεύματος
2810 2324 2867 2374 ὲν
2898 2323 3084 2397 ἐκείνῃ
3108 2329 3174 2396 τῇ
3222 2328 3400 2380 πίστει
3428 2328 3689 2383 διδασκα-

2105 2406 2215 2461 λία.
2272 2409 2483 2480 Ὠσπερ
2517 2410 2629 2481 (92)
2685 2413 2765 2475 είς
2813 2413 3030 2485 Πατέρα
3077 2418 3166 2469 καὶ
3209 2417 3336 2471 Υίὸν
3386 2422 3682 2487 πιστεύειν,

2104 2499 2244 2553 οὕτω
2291 2503 2384 2555 καὶ
2433 2503 2512 2567 είς
2554 2504 2616 2556 τὸ
2678 2504 2898 2575 Πνεῦμα
2955 2507 3230 2562 πιστεύειν
3280 2511 3678 2582 ὲδογμάτισαν·

2106 2592 2241 2663 μήτε
2272 2592 2463 2664 ἑτέραν
2510 2594 2633 2649 τινὰ
2671 2595 2832 2664 φύσιν
2879 2598 3264 2667 ἐπεισάγοντες
3305 2604 3371 2672 τῇ
3419 2602 3538 2675 θείᾳ
3587 2605 3682 2658 καὶ

2105 2682 2349 2752 μακαρίᾳ
2380 2684 2569 2754 Τριάδι
2597 2702 2611 2716 ·
2645 2687 2783 2756 μήτε
2811 2703 2862 2739 τι
2892 2688 3001 2740 τῶν
3049 2690 3112 2741 ἐκ
3140 2693 3239 2761 τῆς
3273 2692 3502 2763 Τριὰδος
3540 2696 3679 2749 ἀπο-

2099 2771 2404 2841 τέμνοντες,
2446 2777 2526 2837 εἰς
2572 2776 2672 2847 τὴν
2721 2777 2819 2847 τῆς
2873 2778 3108 2844 πίστεως
3154 2781 3387 2836 ἔκθεσιν.
3440 2786 3593 2839 Ἐπεὶ
3621 2788 3679 2841 δὲ

2101 2863 2411 2933 πρόσφατον
2460 2869 2489 2919 ὀ
2537 2867 2780 2932 Σατανᾶς
2817 2870 3154 2925 διασαλεύειν
3205 2876 3303 2939 τὰς
3349 2877 3675 2949 Ἐκκλησίας

2099 2954 2414 3029 έπιχειρῶν,
2445 2956 2666 3011 ἐνέϐαλέ
2701 2977 2812 3012 τισι
2856 2963 2984 3032 περὶ
3018 2964 3112 3016 τού
3141 2966 3457 3036 Πνεύματος
3489 2970 3675 3024 διστα-

2096 3024 2300 3115 γμὸν(
2327 3049 2623 3116 ἀναγκαῖον
2675 3051 2768 3104 ἐπὶ
2825 3024 2940 3123 τὴν.
2975 3055 3157 3126 πηγὴν
3202 3024 3521 3130 ἀνατρέχειν
3575 3064 3674 3133 τῆς

2099 3135 2356 3201 πίστεως,
2387 3138 2446 3205 ἐξ
2480 3134 2548 3211 ἧς
2587 3142 2682 3194 καὶ
2730 3144 2775 3196 oi
2807 3143 2945 3197 κατὰ
2980 3145 3216 3200 Νίκαιαν
3262 3149 3504 3222 Πατέρες
3541 3154 3673 3207 ἁνα-

2097 3228 2412 3299 ρυσάμενοι,
2447 3233 2547 3304 τὴν
2578 3233 2791 3287 ἔκθεσιν
2832 3236 2929 3306 τῆς
2978 3238 3213 3304 πίστεως
3247 3241 3528 3312 ἐποίησαν.
3578 3243 3672 3309 Τίς

2091 3316 2184 3374 οὖν
2206 3320 2366 3392 ἡμῶν
2397 3325 2430 3394 ἠ
2462 3324 2562 3395 τῆς
2594 3324 2830 3389 πίστεως
2871 3328 3177 3401 τελειότης;
3241 3332 3305 3385 Ἦ
3335 3335 3429 3388 τοῦ
3462 3336 3671 3408 Κυρίου

2097 3411 2419 3483 παράδοσις,
2461 3414 2527 3486 ἥν
2569 3416 2709 3487 μετὰ
2748 3417 2845 3489 τὴν
2889 3421 2952 3473 ἐκ
2995 3422 3203 3494 νεκρῶν
3232 3424 3525 3480 ἀνάστασιν
3560 3432 3673 3493 τοῖς

2095 3500 2272 3569 ἁγίοις
2296 3505 2462 3558 αὐτοῦ
2500 3506 2770 3580 μαθηταῖς
2797 3510 3118 3573 ἐνετείλατο.
3170 3518 3479 3588 προστάξας
3501 3535 3515 3549 ⁸
3550 3522 3666 3575 Πο-

2082 3597 2400 3663 ρευθέντες
2435 3602 2847 3668 μαθητεύσατε
2882 3604 2990 3676 (95)
3023 3606 3218 3662 πάντα
3245 3610 3317 3662 τὰ
3352 3610 3519 3681 ἔθνη.
3556 3614 3669 3677 ,βα-

2089 3687 2393 3756 πτίζοντες
2406 3692 2623 3758 αὐτοὺς
2642 3696 2730 3759 είς
2745 3696 2807 3748 τὸ
2826 3697 3011 3767 ὄνομα
3040 3700 3145 3754 τοῦ
3161 3704 3414 3771 Πατρός,
3444 3714 3542 3759 καί
3563 3706 3669 3761 τοῦ

2098 3781 2255 3845 Υίοῦ,
2283 3785 2381 3837 καὶ
2415 3785 2521 3839 τοῦ
2559 3787 2734 3857 ἁγίου
2757 3792 3101 3859 Πνεύματος
3143 3793 3311 3864 Δῆλον
3343 3797 3425 3848 ὅτι
3453 3797 3548 3868 τὴν
3582 3801 3667 3852 ἑν-

2087 3871 2249 3945 τολὴν
2280 3874 2616 3947 ἐδεξάμεθα,
2662 3881 2723 3933 οὐ
2763 3882 2920 3951 μόνον
2953 3884 3031 3946 είς
3059 3884 3121 3937 τὸ
3151 3885 3432 3955 βαπτίζειν
3458 3888 3662 3961 οὕτως,
3728 3944 3731 3949 ,

2088 3964 2224 4020 ἀλλὰ
2262 3951 2481 4032 καὶέίς
2510 3970 2571 4023 τὸ
2617 3972 2943 4054 μαθητεύειν
2980 3951 3169 4041 οὕτως,
3216 3979 3301 4043 Ὠς
3333 3951 3429 4034 διὰ
3463 3951 3665 4054 ταύτης

2086 4056 2183 4126 τῆς
2232 4058 2482 4131 ἐντολῆς,
2520 4063 2611 4115 καὶ
2654 4062 2752 4135 τὴν
2796 4065 3082 4120 Σαϐελλίου
3122 4069 3273 4122 νόσον
3304 4072 3664 4146 ἀποκλεισθῆ-

2085 4167 2194 4213 ναι,
2226 4150 2335 4204 τῶν
2364 4152 2537 4223 τριῶν
2564 4156 2909 4211 ύποστάσεων
2939 4158 3191 4231 καθαρῶς
3209 4164 3239 4232 ἡ
3250 4166 3338 4234 μίν
3358 4167 3665 4236 παραδοθει-

2086 4241 2195 4296 σῶν
2213 4261 2227 4274 ·
2255 4245 2346 4298 καὶ
2373 4244 2481 4300 τῶν
2520 4247 2810 4319 Ἀνομοίων
2839 4250 2949 4322 (94)
2980 4252 3075 4304 καὶ
3100 4253 3206 4307 τῶν
3245 4256 3538 4325 Ἀρειανῶν
3570 4263 3663 4315 καὶ

2080 4333 2190 4386 τῶν
2206 4335 2686 4409 Πνευματομάχων
2703 4342 3051 4412 ἐμφραγῆναι
3065 4345 3176 4417 (95)
3193 4348 3260 4399 τὰ
3282 4348 3540 4420 στόματα·
3557 4353 3662 4405 τῶν

2083 4424 2388 4496 προσώπων
2427 4430 2522 4481 καὶ
2549 4431 2656 4483 τῶν
2691 4432 3043 4488 ύποστάσεων
3084 4438 3253 4504 τριῶν
3291 4440 3657 4513 δηλουμένων,

1877 4496 1980 4551 idi-
2013 4524 2059 4580 ι)
2085 4516 2183 4586 τῆς
2215 4515 2270 4569 δὲ
2304 4516 2517 4586 φύσεως
2540 4522 2634 4575 καὶ
2656 4523 2753 4593 τῆς
2781 4524 3032 4597 θεότητος
3062 4496 3191 4600 μιᾶς
3212 4496 3658 4608 ὁμολδγηόείὲτξί

2097 4608 2332 4681 Ἀνάγκη
2360 4612 2543 4666 τοίνυν
2567 4612 2741 4679 οὕτως
2772 4617 2917 4688 ἡμᾶς
2942 4619 3244 4689 βαπτίζειν,
3284 4625 3359 4690 ὡς
3386 4628 3661 4704 ἐδιδάχθη-

2085 4716 2205 4770 μεν·
2254 4702 2346 4754 καὶ
2396 4702 2538 4758 οὕτω
2602 4709 2902 4774 πιστεύειν,
2951 4712 3027 4777 ὡς
3076 4716 3515 4791 ἐϐαπτίσθημεν,
3570 4729 3659 4780 καὶ

2083 4789 2227 4845 οὕτω
2248 4792 2511 4860 δοξάζειν,
2543 4797 2618 4859 ὡς
2644 4800 3067 4874 ἐπιστεύσαμεν.
3095 4808 3273 4863 Πολλὰ
3440 4818 3505 4887 τῇ
3533 4817 3649 4871 δια-

2084 4883 2203 4954 νοίᾳ
2235 4888 2695 4956 περισκοποῦντες
2714 4930 2726 4951 ,
2758 4895 2853 4946 καὶ
2880 4897 3156 4967 πανταχοῦ
3194 4905 3524 4972 στραφέντες
3546 4914 3655 4975 τοῖς

2089 4972 2388 5045 λογισμοῖς,
2439 4979 2590 5032 οὐδὲν
2637 4984 2925 5052 ἐπινοῆσαι
2979 4986 3254 5058 δυνάμεθα
3309 4995 3514 5062 μεταξὺ
3560 4999 3653 5052 τοῦ

2088 5068 2321 5122 Κτίστου
2354 5071 2443 5124 καὶ
2476 5072 2573 5141 τῆς
2611 5075 2867 5140 κτίσεως*
2915 5077 3056 5133 ὥστε
3084 5084 3133 5134 εἰ
3178 5084 3274 5154 τῆς
3309 5085 3557 5158 θεότητος
3593 5092 3653 5145 τὸ

2092 5378 2141 5432 Ε
2144 5392 2291 5435 tmte:
2309 5399 2443 5437 nunc
2466 5388 2660 5442 docete.

2151 5451 2266 5532 (94)
2310 5453 2651 5532 Ἀγρμρίων.
2693 5461 3010 5519 Ennomiani
3053 5466 3124 5520 ita
3166 5472 3323 5532 vulgo
3361 5472 3490 5530 dicti
3526 5489 3645 5532 sunt

2080 5531 2297 5613 propter
2314 5523 2388 5606 ab
2407 5523 2680 5613 ἀνόμριον,
2702 5542 2759 5586 et
2790 5523 3314 5613 :Avogotouotacta‘i
3327 5523 3644 5613 Basilio:

2076 5588 2467 5677 ᾀγομοιούσιον,
2482 5588 2581 5677 vel,
2596 5612 2651 5653 ut
2666 5588 2903 5677 loquitur
2916 5588 3177 5673 Severus,
3205 5592 3639 5677 Auomaeomiam.

2078 5658 2130 5713 id
2160 5658 2264 5726 est,
2288 5658 2592 5721 dissiouilem
2615 5658 2986 5729 substantiam.
3018 5716 3019 5719 η

2146 5731 2259 5802 (95)
2299 5734 2721 5807 Ἐμφραγῆναι.
2758 5744 2842 5800 ΔΙ.
2874 5745 3277 5819 ἀποφραγῆναι.
