3796 6304
442 271 508 327 99
1384 263 1441 318 S.
1481 260 1925 317 AMPHILOCHII
1963 256 2343 315 ICONIENSIS
2382 255 2687 313 EPISCOPI
3567 254 3697 311 100

442 395 557 432 eum
594 377 712 445 fecit
755 376 895 430 Deus
920 376 966 408 ⁸³
1002 392 1017 430 :
1058 372 1335 438 subiunxit
1360 412 1375 437 ,
1406 371 1559 425 Hunc
1587 371 1769 426 Iesum
1796 410 1812 436 ,
1845 386 1941 439 que

2197 369 2285 423 τὸν
2316 370 2607 437 ἐποίησεν
2650 371 2684 421 ὁ
2726 366 2904 432 Θεὸς,
2952 367 3233 437 ἐπήγαγε·
3292 366 3515 420 Τοῦτον
3563 368 3696 419 τὸν

442 486 529 523 vos
559 467 913 535 cruciﬁxistis,
950 467 1083 518 hunc
1110 463 1249 517 Deus
1279 463 1549 515 suscitavit
1581 477 1645 515 ea:
1681 463 1901 514 mortuis
1926 460 1941 491 ¹

2197 461 2351 513 σοῦν
2371 499 2385 523 ,
2418 460 2489 513 ὃν
2524 459 2692 528 ὑμεῖς
2716 456 3130 525 ἐσταυρώσατε
3150 498 3164 521 ,
3205 458 3418 512 τοῦτον
3447 463 3481 512 ό
3520 459 3695 523 Θεὸς

445 559 651 612 Mortua
679 566 853 610 autem
894 565 1014 620 est,
1071 571 1173 610 non
1214 553 1504 617 divinitas,
1540 554 1631 607 sed
1668 553 1848 605 homo.
1899 550 1943 615 ρ

2188 567 2337 618 seper
2382 550 2450 603 ἐκ
2478 548 2726 617 νεκρῶν.
2763 548 3077 620 Ἔνεκρώθη
3106 549 3197 612 δὲ,
3237 550 3334 619 οὐχ
3370 552 3401 618 ἡ
3439 549 3687 618 θεότηςι

446 666 576 703 vero
609 650 779 716 ipsum
818 649 1133 711 suscitavit,
1176 644 1409 700 Verbum
1453 655 1566 708 est,
1597 644 1688 697 Dei
1718 644 1922 709 Virtus;

2192 645 2212 694 .'
2249 645 2277 694 6
2304 641 2612 712 ἄνθρωπος.
2654 642 2763 693 Καὶ
2791 642 2818 692 6
2846 642 3067 710 ἐγείρας
3105 641 3263 693 αὐτὸν
3284 682 3298 703 ,
3332 641 3476 693 ἐστὶν
3510 643 3542 693 6
3569 641 3691 691 Λό-

444 743 534 811 qui
565 743 696 795 dixit
727 743 779 796 in
817 741 1141 810 Evangelia:
1192 740 1384 795 Solvite
1422 742 1666 807 templum
1699 741 1795 792 hoc
1817 780 1831 802 ,
1874 748 1921 791 et

2190 751 2226 794 ξ,
2275 734 2308 803 ἡ
2340 733 2569 803 δύναμις
2596 733 2687 785 τοῦ
2732 732 2866 784 Θεοῦ
2890 771 2904 795 ,
2943 735 2971 784 6
3004 731 3170 784 εἰπὼν
3199 735 3255 785 ὲν
3292 732 3366 801 τῷ
3411 733 3689 799 Εὐάγγε-

444 833 611 883 tribus
645 832 825 885 diebus
853 831 1086 885 excitabo
1113 831 1245 884 illud
1274 831 1341 882 ⁸⁸.
1379 830 1559 895 Quare
1598 845 1718 882 CIIII)
1761 829 1943 882 dicitur

2188 844 2228 877 )'
2267 828 2503 880 Λύσατε
2530 825 2637 878 τὸν
2668 826 2818 877 ναὸν
2845 825 3075 889 τοῦτον,
3108 824 3205 877 καὶ
3237 824 3304 876 ἐν
3334 824 3485 891 τρισὶ
3520 824 3687 889 ἡμέ-

444 920 513 973 Et
542 921 822 975 Dominum
847 940 962 975 eum
992 932 1037 974 et
1057 921 1320 974 Christum
1344 922 1467 984 fecit
1497 920 1634 973 Deus
1655 961 1669 984 ,
1705 923 1795 988 qui
1833 936 1943 973 mor

2190 935 2229 981 ης
2254 915 2433 985 ἐγερῶ
2457 918 2661 969 αὐτόν.
2696 918 2857 970 Ὥστε
2888 917 2980 970 ἐὰν
3009 916 3232 985 λέγηται
3251 957 3265 980 ,
3306 916 3413 968 Καὶ
3444 916 3689 981 Κύριον

445 1010 668 1066 allectus
697 1024 799 1075 est,
828 1023 879 1066 et
905 1029 933 1065 a
974 1012 1199 1065 mortuis
1228 1013 1525 1067 resurrexit
1550 1030 1563 1077 ;
1598 1027 1816 1065 carnem
1846 1012 1944 1066 dici

2187 1008 2289 1059 τὸν
2316 1008 2412 1060 καὶ
2457 1008 2714 1074 Χριστὸν
2741 1009 3027 1074 ἐποίησεν
3054 1010 3085 1060 ό
3130 1006 3270 1060 Θεόο
3288 1044 3301 1069 ,
3334 1005 3422 1057 τὸν
3454 1020 3686 1073 νεκρω-

444 1112 498 1157 et
536 1120 638 1159 non
670 1106 1005 1159 divinitatem
1041 1104 1184 1157 Filii.

2183 1114 2286 1161 nat,
2321 1098 2415 1151 καὶ
2444 1100 2508 1151 ἐκ
2539 1098 2749 1167 νεκρῶν
2775 1097 3109 1161 ἀναστάντα,
3146 1096 3242 1166 τὴν
3277 1094 3452 1164 σάρκα
3478 1092 3682 1159 λέγει,

2109 1190 2201 1242 καὶ
2227 1190 2287 1243 οὐ
2316 1190 2414 1262 τὴν
2449 1190 2676 1261 θεότητα
2704 1190 2797 1242 τοῦ
2828 1188 2975 1244 Υἱοῦ.

1563 1403 1713 1469 Apud
1746 1402 1979 1455 eumdem
2015 1403 2404 1469 Theoaoritum,
2440 1406 2569 1458 ibid.

641 1494 891 1564 Ejusdem
922 1511 985 1546 ex
1011 1495 1243 1547 oratione
1270 1497 1529 1548 adversus
1556 1496 1807 1549 Ariuuos.
2034 1507 2077 1561 Β

2051 1507 2077 1560 3
2232 1498 2341 1551 Τοῦ
2380 1499 2584 1561 αὑτοῦ,
2616 1499 2682 1550 ἐκ
2715 1497 2819 1550 τοῦ
2850 1495 2989 1551 κατὰ
3028 1493 3315 1565 Ἀρειανῶν
3340 1494 3550 1563 λόγου.

516 1586 591 1640 Ac
613 1603 678 1640 ne
705 1587 857 1653 longa
887 1596 1007 1638 utar
1037 1587 1282 1639 oratione
1307 1624 1321 1649 ,
1353 1586 1536 1652 paucis
1563 1594 1613 1637 te
1641 1601 1786 1653 rogo,
1820 1586 1996 1639 haere-

2180 1590 2287 1641 Καὶ
2320 1588 2404 1640 ἵνα
2438 1588 2510 1658 μὴ
2542 1588 2749 1658 μακρὸν
2779 1588 2914 1655 (98')
2945 1585 3208 1638 ἁποτείνω
3236 1583 3510 1651 τὸνλόγον,
3543 1601 3679 1636 συν-

448 1678 567 1730 tice.
592 1676 691 1742 Qui
715 1692 779 1729 ex
808 1677 913 1729 Deo
935 1686 1017 1728 est
1044 1687 1168 1729 ante
1197 1675 1387 1728 s:ecu|a
1417 1675 1650 1745 genitus,
1675 1691 1863 1743 passus
1896 1692 1947 1730 es

2180 1697 2286 1749 μως
2316 1680 2504 1751 ἐρωτῶ
2535 1696 2622 1743 σε,
2661 1678 2924 1748 αἱρετικέ.
2969 1678 3025 1728 '0
3052 1679 3115 1728 ὲκ
3141 1674 3234 1727 τοῦ
3265 1673 3397 1726 Θεοῦ
3428 1674 3532 1745 πρὸ
3559 1673 3679 1726 τῶν

447 1785 513 1822 an
547 1770 636 1837 qui
668 1784 732 1822 ex
764 1771 925 1821 David
952 1771 1001 1820 in
1035 1768 1341 1821 novissimis
1372 1769 1700 1837 temporibus
1739 1778 1892 1821 natus
1920 1782 1946 1821 e

2181 1768 2318 1821 bvwv
2356 1770 2638 1838 γεννηθεὶς
2666 1769 2885 1830 ἔπαθεν,
2918 1767 2949 1837 ἢ
2972 1770 2999 1820 6
3028 1769 3091 1818 ἐκ
3115 1765 3208 1818 τοῦ
3235 1765 3396 1818 Δαϐὶδ
3422 1767 3479 1818 ὲν
3510 1764 3680 1816 ὑστέ-

447 1856 639 1911 Jesns?
692 1858 745 1910 Si
804 1872 929 1925 ergo
978 1858 1232 1910 divinitas
1275 1871 1429 1925 passa
1470 1869 1572 1924 est,
1612 1858 1939 1927 blasphemia

2177 1879 2223 1923 ις
2268 1864 2476 1932 καιροῖς
2524 1862 2732 1931 τεχθεὶς
2787 1860 3024 1931 ’1ησοῦς;
3076 1861 3139 1911 Ei
3192 1858 3289 1928 μὲν
3335 1853 3425 1911 οῦν
3473 1857 3676 1925 θεότης

448 1949 627 2001 dixisti
661 1964 676 2001 :
706 1950 784 2002 sin
823 1950 979 2001 homo
1008 1986 1024 2012 ,
1075 1958 1131 2000 ut
1171 1949 1368 2003 veritas
1416 1951 1575 2004 habet
1666 1964 1761 2003 cur
1802 1951 1942 2003 homi

2180 1953 2334 2015 αθεν,
2371 1949 2527 2015 εἶπας
2557 1955 2617 2005 τὸ
2650 1954 2986 2022 βλάσφημον-
3029 1953 3078 2004 εί
3107 1951 3163 2002 δὲ
3191 1951 3219 2002 6
3247 1949 3563 2020 ἄνθρωπος,
3592 1948 3677 2009 ὡς

448 2039 752 2095 nassionem
783 2056 889 2095 non
924 2039 1195 2093 ascrihis?

2179 2058 2219 2092 ει
2252 2043 2284 2111 ἡ
2316 2041 2569 2111 ἀλήθεια,
2610 2041 2755 2103 τίνος
2782 2036 2876 2093 οὖν
2910 2040 3094 2093 ἕνεκεν
3128 2039 3202 2109 μὴ
3232 2038 3566 2109 προσάπτεις
3591 2035 3678 2105 τῷ

2110 2131 2378 2201 ἀνθρώπῳ
2403 2132 2462 2185 τὸ
2491 2131 2660 2195 πάθος
2684 2148 2698 2196 ;

2000 2245 2101 2306 ΙΙΙ.

450 2344 601 2412 Apud
631 2342 888 2414 Cyrillum
926 2344 1071 2399 Alex.
1123 2344 1211 2398 lib.
1249 2310 1331 2398 De
1354 2353 1496 2399 recta
1531 2346 1656 2407 ﬁde.
1692 2345 1823 2412 Opp.
1854 2356 1978 2415 tom.
2007 2345 2066 2404 ν,
2103 2356 2238 2413 part.
2272 2346 2335 2409 Ιι.
2386 2347 2478 2399 sub
2512 2348 2605 2413 ﬁn.
2639 2363 2757 2415 pag.
2792 2344 2859 2400 50
2920 2355 2965 2398 et
3016 2342 3204 2397 concil.
3254 2339 3442 2409 Ephes.
3478 2347 3616 2404 part.
3654 2335 3676 2388 ι

1598 2428 1724 2469 tam.
1768 2416 1854 2477 lll,
1885 2414 2173 2471 Concilior.
2202 2434 2253 2483 p.
2293 2433 2362 2469 m.
2397 2416 2518 2469 685.

450 2504 795 2573 Amphilochii
827 2506 1052 2578 episcopi
1094 2504 1264 2559 leonii
1291 2521 1354 2558 ea:
1386 2505 1518 2558 libro
1550 2507 1622 2560 De
1656 2508 1949 2573 generatio:

2175 2510 2507 2578 ιιιωιλοχίου
2527 2508 2860 2561 ἐπισκόπου
2899 2505 3168 2578 Ἰκονίου,
3197 2503 3263 2556 ἐκ
3289 2501 3394 2555 τοῦ
3420 2501 3554 2569 Περι
3573 2499 3674 2569 τῆς

833 2574 1039 2627 Domini
1072 2578 1365 2629 secundum
1390 2592 1629 2629 carnem.

2377 2574 2407 2578 ”
2544 2578 2683 2630 κατὰ
2718 2578 2892 2648 σάρκα
2926 2577 3249 2645 γεννήσεως.

519 2664 732 2720 Veritas
768 2666 983 2735 cognita
1029 2676 1145 2731 est,
1177 2668 1346 2735 gratia
1378 2667 1542 2729 venit,
1592 2668 1700 2719 vita
1735 2675 2004 2735 apparuit,

2214 2672 2259 2721 Η
2316 2669 2543 2739 ἀλήθεια
2581 2668 2858 2737 ἐγνώσθη,
2890 2669 2921 2737 ἡ
2951 2666 3109 2735 χάρις
3158 2661 3289 2736 ἦλθε
3311 2704 3324 2724 ,
3357 2662 3451 2715 καὶ
3483 2662 3514 2731 ἡ
3558 2659 3672 2729 ζωὴ

450 2758 542 2811 Dei
591 2755 847 2820 Verbum,
910 2756 1108 2824 Deique
1155 2755 1321 2809 Filius
1356 2770 1574 2825 propter
1618 2772 1714 2810 nos
1752 2759 1949 2812 incarn:

2173 2762 2321 2829 δάνη·
2356 2765 2383 2814 6
2410 2760 2503 2813 τοῦ
2541 2760 2676 2812 Θεοῦ
2708 2760 2833 2821 Υἱὸς
2870 2758 2967 2822 ῶν,
2997 2760 3024 2810 6
3054 2759 3117 2809 ὲκ
3151 2756 3282 2809 Θεοῦ
3315 2756 3503 2827 Λόγος,
3537 2754 3672 2823 σὰρξ

454 2857 536 2899 tus
570 2856 688 2911 est,
720 2862 826 2913 quo
866 2846 1116 2897 nimirum
1164 2847 1418 2899 mortales
1451 2849 1516 2899 ad
1553 2849 1716 2899 vitam
1751 2859 1950 2900 aeterna

2177 2854 2334 2904 ’ἐνετο
2361 2853 2426 2903 δι’
2463 2853 2630 2920 ἡμᾶς,
2665 2850 2752 2902 ἴνα
2780 2849 3005 2919 θνητοὺς
3032 2849 3109 2910 εἰς
3136 2847 3276 2917 ζωὴν
3309 2845 3520 2898 αἰώνιον
3546 2846 3676 2897 ἁνα-

453 2943 729 2986 revocaret
749 2940 802 2985 et
835 2948 865 2985 a
897 2934 1124 2986 mortuis
1148 2935 1430 2986 excitaret.
1476 2933 1859 2988 Universorum
1893 2950 1952 3002 op

2174 2946 2310 3013 τήσῃ,
2340 2944 2433 2994 καὶ
2464 2944 2528 2994 ὲκ
2554 2941 2662 2993 τῶν
2693 2940 2900 3007 νεκρῶν
2934 2938 3189 3011 ἁνεγείρῃ
3208 2954 3221 2968 °
3249 2940 3277 2990 6
3309 2938 3536 3005 ποιητὴς
3564 2936 3673 2986 τῶν

453 3022 564 3086 fex,
593 3024 683 3091 qui
710 3032 832 3077 ante
854 3039 1067 3077 Omnem
1092 3034 1398 3078 creaturam
1428 3036 1532 3078 tam
1563 3026 1824 3079 visibilem
1852 3041 1952 3095 qua

2173 3049 2273 3095 ων,
2300 3034 2326 3083 6
2357 3030 2461 3100 πρὸ
2488 3029 2669 3097 πάσης
2702 3027 2928 3089 κτίσεως
2959 3026 3166 3097 ὁρατῶν
3196 3043 3255 3077 τε
3284 3027 3375 3079 καὶ
3405 3024 3672 3094 ἀοράτων,

455 3115 800 3178 invisibilem,
837 3116 936 3169 soli
963 3114 1107 3168 Patri
1140 3125 1195 3168 et
1228 3114 1454 3185 Spiritui
1496 3127 1685 3170 sancto
1715 3118 1954 3170 coexsist

2170 3121 2266 3191 5th
2316 3120 2492 3190 ΙΙατρὶ
2532 3120 2624 3171 καὶ
2658 3117 2933 3187 Πνεύματι
2979 3118 3333 3186 συνυπάρχων
3385 3114 3669 3177 ἀθάνατος,

452 3208 546 3260 hat
600 3206 956 3272 immortalis;
1017 3223 1146 3262 ecce
1196 3208 1242 3263 is
1288 3219 1437 3262 extra
1499 3209 1661 3262 ullum
1708 3221 1950 3277 peccatur

2175 3228 2354 3281 ιμερον
2391 3211 2496 3262 ἰδοὺ
2530 3212 2593 3262 ὲκ
2620 3208 2893 3279 Παρθένου
2925 3206 3277 3276 γεννώμενος,
3309 3206 3475 3277 χωρὶς
3494 3206 3674 3270 πάσης

456 3292 723 3363 ullamque
749 3294 1045 3364 eujnspiam
1070 3297 1300 3351 hominis
1332 3308 1425 3352 aut
1452 3299 1551 3352 viri
1587 3314 1828 3369 operam,
1856 3298 1955 3353 hod

1813 3338 1828 3363 ,
1856 3298 2011 3354 hodie
2116 3300 2409 3371 ἁμαρτίας,
2448 3300 2573 3354 ἄνευ
2611 3298 2919 3368 ἀνθρώπου,
2954 3298 3072 3367 ἤτοι
3101 3296 3310 3366 ἀνδρὸς.

453 3381 610 3437 nobis
638 3396 703 3436 ex
735 3382 955 3454 Virgine
983 3386 1247 3440 nascitur.

1047 3500 1133 3554 Ex
1169 3503 1387 3557 concilio
1424 3503 1683 3573 Ephesino
1708 3516 1850 3574 part.
1883 3506 1950 3569 ll,
1977 3513 2081 3557 act.
2110 3501 2163 3565 1,
2190 3510 2314 3552 tom.
2349 3497 2415 3550 llt
2443 3498 2735 3551 t.oncilior.
2771 3513 2891 3566 pag.
2925 3495 3071 3553 1065.

1032 3613 1162 3667 Item
1187 3631 1250 3668 ex
1298 3618 1521 3671 concilio
1558 3618 1803 3673 Chalced.
1833 3628 1972 3689 part.
2002 3616 2069 3684 ll,
2102 3626 2206 3668 act.
2234 3612 2276 3677 l,
2313 3621 2443 3667 tom.
2472 3610 2539 3664 ιγ
2569 3609 2778 3665 Concil.
2809 3627 2929 3679 pag.
2953 3609 3112 3663 1145.

811 3723 1157 3793 Amphilochii
1195 3728 1419 3797 episcOpi
1457 3728 1646 3785 Iconii.

2374 3724 2753 3795 Ἀμφιλοχίου
2782 3723 3117 3776 ἐπισκόπου
3162 3720 3429 3774 Ἰκονίου.

521 3811 787 3880 Quoniam
814 3815 954 3869 enim
992 3818 1130 3871 idem
1159 3818 1266 3871 Rex
1307 3828 1362 3872 et
1390 3818 1529 3873 Deus
1555 3830 1659 3885 est,
1698 3830 1752 3875 et
1779 3832 2009 3875 mortem

2198 3816 2414 3885 Ἐπειδὴ
2436 3816 2545 3885 γὰρ
2566 3815 2593 3865 6
2614 3815 2773 3876 αὐτὸς
2799 3814 3050 3882 βασιλεὺς
3078 3814 3170 3865 καὶ
3190 3812 3343 3875 Θεὸς,
3365 3812 3458 3863 καὶ
3477 3810 3676 3883 νεκρώ-

452 3906 522 3959 ob
555 3905 819 3973 passionis
853 3906 1305 3974 dispensationem
1347 3910 1605 3979 gustavit,
1640 3927 1861 3965 munera
1899 3928 1949 3966 m

2175 3927 2256 3971 ,ως
2285 3908 2373 3961 διὰ
2402 3909 2500 3977 τὴν
2527 3907 2619 3959 τοῦ
2651 3906 2853 3968 πάθους
2883 3906 3191 3973 οἰκονομίαν
3220 3906 3572 3975 γευσάμενος,
3604 3906 3674 3958 τὰ

454 3996 743 4050 steriorum
796 4006 922 4051 sunt
968 3998 1189 4054 indicia.
1231 4000 1471 4055 Oderunt
1517 4004 1656 4071 magi
1699 4020 1886 4057 aurum
1925 4020 1951 4057 c

2171 4000 2263 4071 δρα
2283 3998 2391 4051 τῶν
2422 3998 2735 4069 μυστηρίων
2756 3998 2901 4049 ἐστὶν
2931 3997 3245 4065 αἰνίγματα.
3270 3996 3670 4066 Προσφέρουσιν

454 4099 775 4158 gnoscentes
822 4088 996 4157 ipsum
1041 4105 1161 4144 esse
1191 4106 1411 4162 regem;
1446 4091 1683 4147 oﬂeront
1726 4094 1881 4157 thus,
1921 4110 1950 4146 n

2217 4091 2380 4160 μάγοι
2407 4089 2649 4159 χρυσίον,
2680 4086 3035 4158 γνωρίζοντες
3064 4087 3223 4140 αὐτὸν
3259 4083 3396 4140 εἶναι
3434 4088 3670 4157 βασιλέα.

455 4179 739 4233 runtenim
764 4194 823 4233 se
847 4179 955 4234 Deo
980 4179 1207 4247 oii‘erre;
1237 4182 1777 4254 oﬂ‘erunttnyrrham,
1801 4194 1952 4253 propt

2175 4182 2499 4251 ροσφέρουσι
2530 4180 2742 4231 λίϐανον
2762 4196 2775 4209 ο
2809 4178 2926 4249 Θεῷ
2952 4179 3059 4249 γὰρ
3089 4179 3235 4231 ἴσασι
3260 4180 3668 4250 προσερέροντες.

454 4279 680 4324 mortem
712 4269 765 4323 in
800 4272 1057 4341 mysterio
1083 4273 1367 4341 passionis.

2175 4273 2495 4344 ροσφέρουσι
2526 4271 2791 4341 σμύρναν,
2825 4271 2912 4323 διὰ
2939 4272 3034 4342 τὴν
3068 4274 3123 4323 ὲν
3154 4270 3231 4341 τῷ
3268 4272 3543 4342 μυστηρίῳ
3580 4272 3669 4325 τοῦ

2119 4364 2324 4427 πάθους
2352 4364 2637 4434 νέκρωσιν.

1284 4465 1365 4520 Ea:
1391 4467 1579 4521 concil.
1617 4468 1862 4523 Chalced.
1889 4484 2026 4539 part.
2061 4469 2125 4534 ll,
2153 4482 2255 4526 act.
2298 4472 2324 4525 1
2373 4482 2495 4525 tom.
2525 4469 2614 4535 1V,
2645 4488 2698 4540 p.
2735 4471 2891 4526 “45.

1010 4556 1037 4609 l
1045 4566 1145 4609 tem
1180 4573 1244 4609 ex
1264 4559 1462 4614 eodem.
2047 4573 2095 4631 υ

2047 4573 2095 4631 D
2607 4562 2846 4631 Ὁμοίως
2873 4562 2978 4616 τοῦ
3002 4561 3207 4617 αὐτοῦ.

522 4645 636 4702 Nisi
678 4646 823 4701 enim
869 4646 959 4701 ille
1006 4656 1166 4701 natus
1217 4646 1405 4702 fuisset
1443 4652 1735 4702 secundum
1782 4665 2021 4716 carnem,

2194 4650 2256 4702 Ei
2288 4651 2361 4721 μὴ
2390 4648 2496 4722 γὰρ
2529 4651 2733 4713 ἐκεῖνος
2759 4650 3019 4721 ἐγεννήθη
3056 4649 3350 4722 σαρκικῶς,
3381 4652 3479 4703 οὐκ
3507 4652 3569 4705 ἂν
3607 4654 3668 4705 σὺ

470 4754 578 4793 non
616 4740 978 4793 renascereris
1010 4749 1063 4792 tu
1096 4739 1465 4808 spiritualiter.
1511 4740 1621 4794 Nisi
1665 4741 1751 4795 ille
1780 4742 1969 4808 dignati

2170 4746 2484 4815 νεγεννήθης
2506 4744 2908 4815 πνευματικῶς.
2936 4746 2997 4797 Εἰ
3020 4746 3074 4797 δὲ
3098 4745 3173 4816 μὴ
3200 4748 3403 4809 ἐκεῖνος
3426 4748 3669 4817 ἠνέσχετο

455 4830 646 4884 fuisset
669 4832 895 4883 formam
929 4831 1072 4884 servi
1102 4831 1418 4899 suscipere,
1456 4844 1791 4899 nequaquam
1827 4843 1880 4885 tu
1908 4834 1954 4903 gl

2170 4838 2220 4905 ᾖς
2256 4836 2349 4889 τοῦ
2381 4836 2564 4889 δούλου
2616 4837 2865 4907 μορφῆς,
2908 4837 3006 4888 οὐκ
3039 4836 3103 4889 ἂν
3138 4838 3201 4888 σὺ
3252 4836 3348 4908 τὴν
3382 4838 3533 4904 δόξαν
3575 4839 3669 4909 τῆς

458 4923 590 4975 rium
612 4923 914 4990 adoptionis
948 4923 1185 4977 lucratus
1213 4936 1380 4976 esses.
1418 4920 1705 4991 Propterea
1735 4924 1877 4977 enim
1908 4939 1957 4979 Ct

2168 4928 2389 4989 ὶοθεσίας
2426 4928 2738 4998 ὲκέρδανας.
2772 4928 2869 4980 Διὰ
2912 4928 3066 4981 τοῦτο
3090 4912 3212 4999 ⁴γὸιρ
3259 4929 3351 4982 ἐπὶ
3390 4930 3489 4999 τῆς
3521 4930 3619 5000 γῆς
3642 4935 3667 4984 6

455 5012 604 5067 lestis
648 5013 702 5066 in
752 5025 947 5068 terram
993 5013 1291 5068 descendit.
1329 5022 1401 5067 Aut
1441 5023 1493 5067 tu
1521 5015 1609 5067 oui
1648 5014 1700 5067 in
1749 5024 1889 5069 terra
1920 5031 1954 5071 e

2164 5019 2471 5091 πουράνιος,
2504 5020 2589 5072 ἵνα
2619 5022 2681 5072 σὺ
2714 5021 2741 5071 6
2773 5018 2865 5071 ἐπὶ
2897 5020 2999 5089 γῆς
3038 5022 3118 5083 εἰς
3156 5020 3378 5091 οὐρανὸν
3418 5022 3663 5092 άναχθῇς.

524 5158 571 5190 ⁵³
599 5158 716 5212 Act.
749 5174 827 5222 ιι,
860 5157 949 5211 26.
1025 5157 1071 5189 ⁵⁸
1112 5156 1237 5210 ibid.
1270 5154 1359 5211 52.
1440 5157 1485 5188 ⁸⁸
1512 5154 1663 5210 Joan.
1695 5172 1730 5210 Il
1804 5156 1891 5211 19.

528 5292 663 5365 (98‘)
690 5290 799 5365 Ῐςαὶ
837 5292 936 5365 ira
969 5290 1053 5359 μὴ
1084 5307 1260 5365 paup.
1306 5289 1511 5365 Recita}
1532 5290 1673 5343 hunc
1716 5290 1886 5365 l_oe_um
1917 5289 2015 5342 Fa-
2114 5306 2268 5365 passa
2293 5290 2596 5365 es_t,_dixisti
2628 5290 2999 5359 blasphemiam
3031 5293 3326 5365 :'siautem
3354 5295 3522 5365 homo,
3541 5298 3665 5349 sicut

456 5359 659 5416 cundus
688 5361 1081 5415 Hertnianensis
1106 5361 1196 5414 lib.
1223 5376 1311 5430 7X],
1334 5375 1447 5426 cap.
1482 5361 1532 5420 3,
1568 5375 1684 5428 pag.
1718 5359 1838 5421 761,
1867 5376 2018 5411 eum-
2115 5360 2305 5430 veritas
2329 5361 2499 5422 habet,
2523 5377 2683 5428 quare
2717 5379 2816 5415 non
2851 5365 3083 5430 applicas
3126 5364 3320 5416 homini
3362 5364 3663 5429 passionem,

457 5448 560 5500 que
590 5434 659 5484 ita
691 5431 947 5484 redditum
978 5431 1178 5484 refert:
1213 5429 1276 5481 Et
1306 5441 1360 5482 ut
1388 5446 1491 5482 non
1512 5432 1717 5495 longum
1740 5432 2017 5500 extendam
2115 5440 2203 5481 aut
2228 5428 2448 5480 humilia
2482 5434 2818 5500 noanonsuis
2852 5428 3046 5487 verba?
3084 5434 3205 5487 Haec
3241 5431 3538 5487 Facundos.
3572 5435 3664 5489 Po-

457 5498 763 5573 sermonem,
796 5502 1007 5552 breviter
1041 5510 1088 5553 te
1120 5500 1478 5573 requiro.pQui
1526 5511 1682 5573 {tatus
1717 5508 1790 5573 est
1824 5514 1887 5573 ea:
1908 5498 2016 5573 _l)e_o
2117 5510 2311 5573 strema
2366 5500 2542 5553 omisit
2579 5499 2952 5559 Tlteodoritus.
3008 5502 3210 5560 Videsis
3264 5516 3383 5573 quin
3432 5501 3561 5558 infra
3604 5512 3661 5564 ad

459 5582 578 5623 ante
608 5572 818 5631 swcula,
852 5586 1032 5636 passus
1066 5585 1160 5633 est,
1186 5567 1258 5622 an
1286 5570 1373 5637 qui
1403 5585 1469 5639 ea;
1517 5567 1682 5639 David
1726 5568 1779 5619 in
1801 5569 2017 5639 ultimis
2118 5567 2328 5639 Fragm.
2359 5587 2410 5625 xi
2445 5575 2785 5632 adnotantur,

460 5642 771 5708 temporibus
798 5650 1070 5709 generatus
1100 5655 1172 5695 est
1213 5636 1406 5694 Jesus?
1434 5636 1490 5692 Si
1532 5638 1738 5691 auidem
1775 5637 2017 5691 divinitas
