3796 6320
450 284 561 347 (ῡὸ

1399 284 1459 341 S.
1498 275 1942 339 AMPHILOCHII
1977 271 2359 333 lCONlENSlS
2393 265 2700 325 EPISCOPI

3601 252 3764 308 10'}

2028 413 2128 474 VI.

1091 546 1178 603 Ea:
1203 547 1505 604 collectione
1531 546 1837 602 Barlahanti
1862 561 1971 615 reg.
2001 543 2122 598 cod.
2156 557 2258 595 ms.
2293 538 2494 594 emend.
2525 552 2591 591 ea:
2613 535 2730 590 cod.
2767 530 3059 589 Sirmondi.

462 664 820 733 Amphilochii
872 666 1095 734 episcopi
1144 666 1345 730 Iconii,
1396 682 1462 721 ea:
1503 681 1736 720 sermone
1764 667 1929 731 primo
1966 664 2021 717 in

2146 642 2876 734 Ἀμφιλοχίουξέσξισκόπρι)
2913 648 3189 734 Ἰκονίῳ,
3206 646 3274 699 ἐκ
3288 642 3400 734 τοῦ
3426 638 3749 734 Papi-:71?

529 737 695 799 illud,
736 739 809 789 De
844 738 929 790 die
970 737 1151 817 illata
1179 736 1310 791 hora
1342 737 1386 769 “
1424 755 1438 792 :
1469 736 1600 790 duos
1634 736 1772 790 enim
1804 736 1862 788 in
1886 734 2020 788 illud

534 817 788 859 tractatus
819 816 1126 874 composuit.

532 893 666 948 Cum
702 904 878 949 autem
926 896 1093 961 dicit,
1124 895 1303 962 Neque
1347 893 1525 949 Filius
1546 936 1563 962 ,
1593 895 1694 948 nisi
1742 893 1902 948 Pater
1932 895 1977 926 "
2007 912 2022 950 :

467 999 571 1039 non
621 983 741 1039 Filii
779 986 1137 1054 ignorantiam
1166 986 1481 1048 ementitur,
1510 986 1605 1040 sed
1648 987 1868 1056 exponit
1901 1001 2028 1040 can-

464 1090 580 1130 sam
626 1075 864 1132 scientiae
898 1095 912 1130 :
962 1075 1103 1131 Nam
1146 1077 1270 1147 quia
1315 1077 1491 1130 omnia
1530 1093 1847 1146 quiscunque
1878 1077 2027 1131 habet

465 1165 648 1231 Pater,
677 1168 852 1237 palam
892 1166 1020 1221 Filii
1050 1177 1167 1222 sunt
1194 1168 1276 1235 “;
1315 1182 1487 1237 neque
1518 1168 1707 1233 Filius,
1738 1170 1840 1223 nisi
1872 1170 2029 1224 Patre

465 1256 730 1324 habente,
761 1273 948 1313 eorum
1001 1259 1242 1312 notitiam
1297 1259 1543 1317 haberet.
1588 1260 1659 1315 At
1702 1260 1826 1329 quia
1869 1258 2030 1315 Pater

468 1350 671 1404 habet:
722 1350 1024 1404 confessum
1055 1365 1185 1420 ergo
1229 1359 1313 1406 est
1361 1351 1566 1407 habere
1598 1352 1765 1407 etiam
1812 1351 2027 1407 Filium.

465 1439 791 1493 Particulam
822 1440 991 1505 enim,
1029 1441 1152 1506 nisi,
1178 1440 1460 1495 consuevit
1490 1440 1772 1510 Scriptura
1806 1457 2028 1511 ponere,

463 1527 785 1598 quandoque
817 1529 1032 1597 quidem
1084 1530 1369 1599 negative;
1415 1530 1716 1598 cuiusmodi
1745 1542 1825 1586 est
1857 1532 2027 1585 illud:

470 1618 641 1673 Nemo
676 1620 772 1673 scit
797 1635 914 1689 qua:
963 1628 1083 1672 sunt
1118 1620 1344 1673 hominis
1368 1659 1384 1684 ,
1412 1621 1518 1674 nisi
1551 1621 1765 1688 spiritus
1807 1621 2031 1676 hominis

464 1710 555 1782 qui
580 1722 654 1766 est
684 1714 737 1765 in
768 1714 878 1780 ipso
908 1726 929 1763 :
954 1712 1033 1766 ita
1069 1722 1117 1765 et
1154 1728 1270 1782 qua:
1300 1711 1395 1766 Dei
1424 1722 1542 1766 sunt
1576 1728 1723 1767 nemo
1759 1713 1991 1782 cognouit
2013 1752 2029 1777 ,

468 1804 567 1857 nisi
604 1800 830 1868 Spiritus
864 1804 954 1873 qui
985 1812 1064 1857 est
1087 1819 1151 1857 ea:
1177 1803 1286 1858 Deo
1315 1802 1395 1871 “;
1428 1805 1753 1875 quandoque
1779 1820 1907 1861 vero
1940 1792 2065 1873 po?

470 1893 570 1956 nit,
610 1893 675 1945 ad
717 1906 901 1946 eorum
929 1907 1046 1960 qua:
1089 1892 1267 1947 futura
1301 1894 1514 1963 quidem
1558 1895 2029 1964 exspectabantur,

2454 728 2548 781 καὶ
2579 727 2748 808 ῷρας,
2782 723 2967 792 λόγου
3097 720 3212 808 Atio
3238 715 3347 787 γὰρ
3376 714 3543 779 αὐτῷ
3570 714 3743 781 περὶ

2197 799 2413 855 τούτου
2439 799 2794 863 πεποίηνται
2821 799 3227 860 συντάγματα.

2198 892 2365 943 Ὅταν
2397 887 2454 941 δὲ
2480 888 2629 958 εἴπῃ,
2659 882 2812 937 Οὐδὲ
2837 884 2870 935 ὁ
2894 879 3045 944 Υἱὸς,
3076 878 3130 930 ει
3158 874 3246 945 μὴ
3275 876 3306 927 ό
3340 870 3574 938 Πατὴρ,
3609 869 3743 923 οὐκ

2129 981 2352 1050 ἄγνοιαν
2376 978 2470 1032 τοῦ
2499 975 2629 1029 Υἱοῦ
2660 971 3051 1043 καταψεύδεται
3070 985 3086 1000 ·
3118 966 3252 1021 ἀλλὰ
3269 965 3367 1036 τὴν
3392 962 3580 1018 αἰτίαν
3607 959 3741 1030 τῆς

2134 1069 2385 1139 γνώσεως
2430 1065 2746 1139 ἑρμηνεύει.
2791 1060 3009 1131 Ἐπειδὴ
3040 1059 3150 1128 γὰρ
3183 1056 3357 1110 πάντα
3386 1055 3486 1106 ὅσα
3517 1053 3652 1139 ἔχει
3694 1053 3738 1103 ὁ

2130 1133 2344 1231 ῘΙατὴρ,
2372 1133 2626 1210 τοῦ-λ’ἱοῦ
2654 1152 2933 1224 προδήλως
2962 1149 3119 1214 εἰσιν,
3139 1145 3245 1199 οὐδ’
3269 1143 3334 1198 ἂν
3363 1143 3391 1195 6
3428 1133 3736 1208 Υἱὸςεῖχε

2128 1252 2230 1322 τὴν
2266 1230 2472 1305 τούτων
2504 1247 2724 1317 γνῶσιν,
2751 1246 2800 1297 ει
2830 1242 2904 1314 μὴ
2931 1244 2959 1295 6
2986 1239 3174 1310 Πατὴρ
3208 1231 3319 1306 εἶχε
3342 1235 3440 1304 τὴν
3468 1230 3729 1301 γνῶσιν.

2142 1341 2302 1395 Ἀλλὰ
2338 1340 2444 1411 μὴν
2477 1341 2505 1392 6
2532 1337 2722 1408 Πατὴρ
2756 1334 2889 1406 ἔχει,
2921 1335 3016 1387 καὶ
3044 1334 3074 1385 6
3124 1331 3249 1392 Υἱὸς
3295 1328 3472 1381 τοίνυν
3508 1323 3737 1394 ὁμολο-

2130 1435 2408 1505 γουμένως
2434 1432 2567 1504 ἔχει.
2601 1431 2674 1484 Τὸ
2694 1430 2804 1500 γὰρ
2827 1429 2881 1482 εὶ
2904 1425 3013 1496 μὴ,
3047 1424 3177 1477 ποτὲ
3210 1424 3309 1493 μὲν
3339 1421 3430 1473 ἐπὶ
3454 1417 3556 1472 τοῦ
3587 1433 3731 1469 στε-

2137 1525 2359 1599 ρητικοῦ
2396 1524 2611 1579 τάττειν
2661 1520 2853 1575 εἴωθεν
2900 1522 2933 1589 ή
2967 1517 3190 1589 Γραφή·
3233 1515 3308 1577 ὡς
3354 1513 3450 1575 τὸ,
3487 1508 3729 1573 Οὐδεὶς

2129 1616 2252 1674 εἶδε
2294 1619 2369 1672 τὰ
2415 1617 2522 1671 τοῦ
2569 1613 2882 1683 ἀνθρώπου
2902 1653 2917 1677 ,
2967 1613 3019 1665 εὶ
3064 1610 3150 1680 μὴ
3202 1607 3271 1661 τὸ
3307 1603 3545 1673 πνεῦμα
3604 1601 3729 1654 τοῦ

2136 1709 2483 1779 ἀνθρώπου,
2512 1707 2578 1761 τὸ
2613 1706 2684 1760 ἐν
2726 1703 2886 1770 αὑτῷ
2910 1720 2922 1734 ⁸
2957 1703 3109 1756 οὕτω
3151 1700 3250 1754 καὶ
3304 1699 3376 1750 τὰ
3410 1695 3518 1749 τοῦ
3559 1692 3726 1746 Θεοῦ

2135 1803 2337 1869 οὐδεὶς
2379 1796 2541 1855 οἶδεν
2560 1839 2575 1863 ,
2603 1801 2656 1852 εὶ
2691 1797 2777 1868 μὴ
2805 1796 2872 1850 τὸ
2905 1794 3148 1863 Πνεῦμα
3180 1792 3244 1845 τὸ
3291 1791 3361 1844 ἐκ
3389 1788 3494 1842 τοῦ
3526 1786 3719 1841 Θεοῦ·

2135 1895 2269 1948 ποτὲ
2313 1894 2370 1947 δὲ
2401 1893 2482 1957 τὸ,
2507 1894 2561 1946 εὶ
2580 1891 2688 1961 μὴ,
2718 1889 2919 1960 τίθησι,
2943 1889 3044 1957 τῆς
3077 1887 3186 1940 τῶν
3223 1881 3724 1955 προσδοκηθέντων

471 1998 810 2053 nequaquam
836 1990 1015 2039 tamen
1049 1996 1366 2050 evenerunt,
1400 1986 1659 2039 rationem
1687 1985 2031 2049 reddendam,

2146 1985 2256 2055 μὲν,
2294 1982 2489 2055 μηκέτι
2525 1982 2582 2036 δὲ
2614 1980 2918 2052 γενομένων
2943 1978 3122 2042 αἰτίας
3147 1977 3245 2047 τὴν
3271 1975 3528 2029 ἀπόδοσιν
3565 1990 3721 2068 παρ-

469 2086 532 2130 ut
554 2091 675 2130 cum
699 2075 773 2129 ait
801 2093 816 2130 :
858 2074 981 2130 Nisi
1019 2075 1268 2130 Dominus
1299 2077 1533 2132 Sabaoth
1568 2077 1856 2147 reliquisset
1890 2079 2034 2133 nobis

2146 2073 2349 2127 ιστῶσα
2371 2090 2384 2103 ·
2425 2067 2571 2138 οἷον,
2604 2073 2731 2126 ὅταν
2783 2071 2950 2144 λέγῃο
2993 2071 3063 2122 Ei
3089 2067 3175 2139 μὴ
3217 2068 3431 2135 Κύριος
3460 2062 3719 2119 Σαϐαὼθ

470 2182 666 2230 semen,
700 2168 835 2222 sicut
875 2165 1107 2222 Sodoma
1133 2166 1261 2235 facti
1294 2184 1540 2234 essemus,
1562 2178 1610 2223 et
1648 2168 1783 2221 sicut
1817 2166 2037 2222 Gomor-

473 2259 570 2310 rha
598 2257 789 2311 similes
837 2257 1114 2326 fuissemus
1147 2257 1213 2309 “.
1245 2256 1380 2324 Quia
1402 2257 1564 2328 igitur
1609 2257 1824 2327 reliquit
1881 2260 2036 2313 nobis

471 2363 689 2412 semen;
739 2347 1150 2416 haudquaquam
1196 2346 1322 2401 facti
1361 2364 1547 2402 sumus
1570 2348 1729 2417 .sicut
1767 2347 2034 2414 Sodoma,

470 2452 575 2513 nec
617 2453 746 2492 vero
786 2437 1099 2492 Gomorrha:
1144 2438 1348 2493 similes
1372 2438 1663 2493 evasimus.
1702 2438 1764 2493 Et
1798 2440 2031 2494 iterum:

477 2527 602 2584 Nisi
628 2528 1033 2599 quiaﬂominus
1078 2527 1285 2597 adjuvit
1325 2544 1444 2593 me;
1486 2532 1641 2597 paulo
1680 2530 1850 2583 minus
1885 2529 2035 2583 habi-

474 2630 632 2676 tasset
663 2621 719 2675 in
742 2620 946 2688 inferno
979 2620 1154 2673 animo
1189 2636 1303 2673 mea
1331 2620 1397 2673 “.
1430 2620 1869 2689 Quandoquidem
1909 2637 2037 2693 ergo

475 2724 563 2761 uie
586 2708 789 2777 adjuvit
805 2707 1085 2770 Dominus,
1111 2722 1448 2778 nequaquam
1469 2711 1730 2765 habitavit
1753 2712 1805 2764 in
1829 2711 2038 2767 inferno

475 2800 656 2854 anima
685 2813 831 2853 mea.
861 2796 970 2852 Nec
994 2799 1127 2853 illud
1152 2799 1305 2868 longe
1332 2800 1519 2854 abest:
1561 2798 1681 2854 Nisi
1707 2802 1831 2870 quia
1859 2802 2040 2856 Domi-

475 2906 575 2946 ttus
599 2897 712 2942 erat
739 2889 796 2942 in
825 2887 972 2941 nobis
995 2925 1011 2951 ,
1045 2905 1163 2942 cum
1198 2902 1526 2959 exsurgerent
1558 2891 1790 2945 homines
1826 2892 1881 2944 in
1911 2909 2034 2958 nos,

476 2981 614 3051 forte
640 2980 777 3032 uiuos
828 2978 1163 3047 deglutissent
1199 2996 1291 3032 nos
1311 2979 1376 3032 π.
1420 2981 1552 3047 Quia
1587 2980 1748 3049 igitur
1785 2981 2039 3038 Dominus

473 3071 527 3126 in
567 3071 721 3125 nobis
744 3083 846 3135 ess,
883 3070 1055 3138 palam
1088 3070 1179 3132 lit,
1220 3071 1360 3141 quod
1402 3087 1506 3126 non
1537 3072 1883 3141 deglulierint
1916 3089 2034 3129 nos.

478 3162 570 3216 Sic
608 3163 789 3229 itaque
822 3163 984 3216 etiam
1018 3162 1118 3216 hoc
1145 3161 1293 3225 loco,
1324 3162 1503 3232 Neque
1538 3162 1713 3218 Filius
1736 3169 1901 3229 novit,
1934 3167 2036 3220 nisi

483 3253 659 3309 Pater.
687 3255 821 3321 Quia
854 3271 984 3326 ergo
1025 3255 1172 3317 novit
1207 3253 1388 3320 Pater,
1422 3254 1724 3309 confessum
1753 3264 1865 3321 est,
1896 3255 2037 3322 quod

2134 2162 2524 2233 ἐγκατέλιπεν
2550 2163 2696 2233 ἡμῖν
2722 2162 2980 2231 σπέρμα,
3015 2162 3095 2227 ὡς
3123 2160 3354 2229 Σόδομα
3379 2158 3457 2211 ἂν
3491 2156 3714 2226 ἐγενή-

2137 2257 2353 2323 θημεν,
2405 2256 2503 2308 καὶ
2536 2255 2615 2320 ὡς
2653 2255 2926 2323 Γόμορῤα
2959 2252 3036 2307 ἂν
3067 2248 3459 2321 ὡμοιώθημεν.
3495 2248 3715 2302 Οὐκοῦν

2139 2348 2434 2420 ἐπειδήπερ
2466 2347 2823 2417 ἐγκατέλιπεν
2870 2349 2999 2417 ἡμῖν
3034 2345 3284 2416 σπέρμα,
3318 2342 3501 2396 οὐκέτι
3544 2341 3713 2409 γετό·-

2139 2456 2308 2509 ναμεν
2334 2438 2409 2502 ὡς
2446 2439 2674 2509 Σόδομα,
2707 2436 2831 2490 οὔτε
2880 2436 2986 2508 μὴν
3015 2436 3091 2500 ὡς
3125 2435 3376 2505 Γόμορρα
3415 2430 3713 2502 ὡμοιώθη-

2144 2546 2262 2600 μεν.
2304 2530 2413 2582 Καὶ
2448 2528 2636 2582 πάλιν
2677 2530 2744 2581 Ei
2770 2526 2855 2598 μὴ
2892 2526 2982 2580 ὅτι
3013 2528 3228 2594 Κύριος
3259 2523 3554 2592 ἐϐοήθησέ
3581 2540 3708 2592 μοι,

2139 2621 2488 2691 παραϐραχὺ
2510 2619 2831 2689 παρῴκησε
2852 2618 2931 2685 τῷ
2951 2618 3064 2688 ᾅδῃ
3090 2621 3128 2687 ἡ
3150 2618 3319 2688 ψυχή
3332 2635 3472 2686 μου.
3494 2616 3709 2670 Οὐκοῦν

2138 2714 2438 2784 ἐπειδήπερ
2464 2713 2730 2784 ἐϐοήθησέ
2759 2727 2848 2782 μοι
2881 2713 2909 2765 6
2940 2710 3165 2781 Κύριος,
3187 2710 3373 2762 οὐκέτι
3403 2707 3707 2780 παρῴκηςε

2137 2802 2216 2873 τῷ
2244 2803 2342 2874 ᾄδῃ
2366 2806 2399 2873 ἡ
2430 2803 2574 2873 ψυχή
2611 2819 2731 2873 μου.
2754 2801 3140 2872 Παραπλησίον
3162 2801 3218 2853 δὲ
3242 2803 3465 2871 κᾴκεῖνο
3489 2818 3502 2831 ·
3530 2802 3597 2854 Ei
3619 2802 3707 2869 μὴ

2139 2894 2226 2948 ὅτι
2272 2896 2487 2962 Κύριος
2526 2894 2596 2947 ἐν
2628 2893 2792 2961 ἡμῖν,
2825 2894 2894 2946 ἐν
2931 2891 3011 2957 τῷ
3040 2892 3451 2961 ἐπαναστῆναι
3481 2892 3707 2958 ἀνθρώ-

2140 3002 2292 3051 πους
2325 2985 2415 3055 ἐφ’
2456 2982 2615 3054 ἡμᾶς
2638 3025 2652 3049 ,
2684 2983 2798 3051 ἄρα
2849 2982 3066 3049 ζῶντας
3103 2983 3181 3038 ἂν
3211 2983 3494 3037 κατέπιον
3524 2983 3707 3052 ἡμᾶς.

2141 3074 2351 3128 Οὐκοῦν
2380 3074 2677 3145 ἐπειδήπερ
2705 3073 2908 3146 Κύριός
2939 3074 3086 3128 ἐστιν
3112 3077 3172 3128 ὲν
3204 3077 3355 3146 ἡμῖν.
3386 3073 3606 3145 εὔδηλον
3633 3076 3707 3139 ὡς

2145 3167 2243 3236 οὐχ
2285 3167 2362 3229 ὡς
2412 3164 2619 3230 ζῶντας
2667 3165 2925 3218 κατέπιον
2968 3166 3135 3237 ἡμᾶς.
3191 3166 3483 3219 Κάνταῦθα
3528 3168 3707 3219 τοίνυν

2141 3256 2331 3320 οὕτως,
2366 3255 2519 3310 Οὐδὲ
2559 3259 2593 3310 ό
2628 3255 2759 3322 Υἱὸς
2785 3253 2967 3321 οἶδεν,
2997 3260 3048 3311 εὶ
3066 3256 3152 3327 μὴ
3186 3261 3218 3311 ό
3246 3258 3469 3325 Πατήρ.
3498 3258 3706 3311 Οὐκοῦν

473 3357 529 3401 et
581 3345 767 3401 Filius.
816 3348 959 3401 Dixit
1002 3361 1130 3418 ergo
1165 3362 1381 3402 causam
1426 3348 1704 3414 scientiae,
1755 3364 1858 3404 non
1902 3349 2034 3405 falso

2146 3349 2327 3419 ἐπειδὴ
2360 3344 2502 3401 οἶδεν
2540 3351 2568 3401 6
2596 3349 2820 3420 Πατὴρ,
2864 3349 3306 3420 ὁμολογουμένως
3352 3351 3449 3403 καὶ
3489 3351 3517 3403 6
3556 3349 3701 3413 Υἱός.

474 3436 679 3493 aﬂlnxit
712 3440 1093 3510 ignorantiam.

2141 3440 2252 3509 Τὴν
2286 3434 2379 3493 οὖν
2422 3441 2602 3495 αἰτίαν
2631 3436 2751 3494 εἷπε
2782 3442 2883 3512 τῆς
2909 3441 3181 3512 γνώσεως,
3209 3444 3328 3514 οὐχὶ
3354 3444 3452 3514 τὴν
3487 3444 3704 3512 ἄγνοιαν

2139 3532 2532 3602 κατεψεύσατο.

2044 3685 2173 3747 VII.

1383 3810 1536 3882 Apud
1569 3810 1936 3866 Theodoritum
1964 3809 2102 3865 Dial.

480 3922 738 3997 Ejusdem
761 3943 824 3981 ea:
854 3927 1090 3981 oratione
1121 3927 1170 3981 in
1192 3925 1361 3981 illud:
1386 3925 1564 3990 Pater,
1588 3927 1631 3981 si
1661 3927 1914 3997 possibile
1940 3935 2044 3991 est,

870 4008 1106 4051 transeat
1129 4018 1158 4050 a
1194 4013 1279 4051 me
1300 3998 1437 4051 calix
1469 3999 1569 4052 iste
1594 3997 1659 4050 ⁸⁸.

552 4085 633 4140 Ne
673 4102 802 4158 ergo
841 4088 1115 4157 passiones
1165 4088 1346 4142 carnis
1389 4089 1440 4141 in
1478 4088 1713 4142 Verbum
1753 4089 2046 4158 impatibile

480 4179 801 4247 conjeceris.
847 4181 988 4234 Deus
1053 4180 1195 4233 enim
1246 4194 1363 4233 sum
1414 4190 1468 4233 et
1512 4179 1673 4234 homo
1700 4217 1716 4244 ,
1760 4176 2079 4235 bmreticez'

474 4271 653 4336 Deus,
694 4283 752 4325 ut
802 4280 1069 4325 testantur
1096 4271 1385 4336 miracula;
1431 4270 1632 4337 homo,
1670 4281 1731 4325 ut
1772 4271 2046 4330 declarant

474 4363 772 4432 passiones.
819 4364 953 4418 Cum
988 4379 1118 4434 ergo
1153 4365 1254 4419 sint
1293 4363 1434 4419 Deus
1469 4373 1523 4419 et
1568 4364 1729 4418 homo
1754 4403 1771 4428 ,
1809 4364 1895 4418 dic
1922 4365 2043 4435 quis

473 4466 663 4523 passus
685 4454 797 4508 est?
830 4453 886 4508 Si
926 4454 1089 4508 Deum
1126 4469 1344 4523 passum
1377 4455 1601 4519 dixeris,
1630 4452 1798 4509 fueris
1835 4453 2044 4510 locutus

474 4544 901 4613 blaSphemiam;
932 4545 1015 4598 sin
1052 4557 1230 4599 autem
1258 4560 1499 4609 carnem,
1533 4560 1629 4599 cur
1652 4546 1702 4599 ei
1733 4545 2039 4613 passionem

475 4650 581 4691 non
609 4636 833 4699 tribuis,
891 4638 976 4690 cui
1037 4646 1233 4690 metum
1289 4637 1555 4691 ascribis?
1591 4638 1711 4691 Alio
1755 4637 1898 4692 enim
1946 4653 2041 4704 pa-

478 4726 661 4790 tiente,
689 4728 824 4783 alius
857 4743 961 4782 non
1008 4728 1366 4797 pertimescit;
1397 4738 1448 4783 et
1485 4729 1610 4783 dum
1640 4729 1799 4784 homo
1830 4730 2042 4783 cruciti-

477 4817 642 4887 gitur,
680 4816 822 4874 Deus
859 4832 964 4872 non
1000 4818 1366 4886 perturbatur.

2134 3826 2193 3867 ιιι
2216 3821 2343 3866 (om.
2375 3809 2462 3878 IV,
2488 3829 2607 3883 pag.
2649 3813 2769 3868 166.

2146 3926 2256 3982 Τοῦ
2284 3928 2529 4000 αὐτοῦ,Δ
2548 3928 2617 4000 ἐκ
2643 3928 2750 3984 τοῦ
2790 3931 2977 4000 λόγου
3007 3930 3113 3986 τοῦ
3151 3935 3238 3999 εἰς
3263 3932 3363 3998 τὸ,
3395 3932 3455 3985 El
3482 3933 3698 3990 δυνατὸν

2330 3997 2651 4071 παρελθέτω
2684 4000 2779 4053 ἀπ’
2813 3997 2947 4071 ἐμοῦ
2977 4002 3036 4054 τὸ
3065 3997 3324 4075 ποτήριον
3353 4003 3526 4059 τοῦτο.

2211 4090 2303 4162 Μὴ
2331 4092 2398 4145 τὰ
2425 4091 2571 4162 πάθη
2594 4088 2686 4145 οὖν
2708 4094 2808 4164 τῆς
2838 4094 3041 4164 σαρκὸς
3066 4093 3142 4165 τῷ
3172 4094 3377 4148 ἀπαθεῖ
3400 4088 3696 4171 προσρίψῃς

2141 4184 2327 4255 Λόγῳ’
2356 4184 2488 4248 Θεὸς
2512 4186 2621 4258 γάρ
2649 4188 2763 4257 εἰμι
2787 4190 2881 4241 καὶ
2910 4188 3212 4260 ἄνθρωπος,
3242 4192 3513 4263 αἱρετικέ·
3547 4193 3693 4257 Θεὸς,

2139 4275 2216 4339 ὡς
2238 4278 2499 4346 ἐγγυᾶται
2538 4279 2606 4332 τὰ
2640 4279 2895 4351 θαύματα
2918 4299 2930 4312 ’
2966 4283 3282 4355 ἄνθρωπος,
3322 4285 3397 4348 ὼς
3439 4290 3697 4358 μαρτυρεί

2140 4368 2210 4421 τὰ
2249 4369 2568 4440 παθήματα.
2620 4372 2771 4425 Ἐπεὶ
2806 4370 2899 4428 οὖν
2935 4374 3065 4438 Θεός
3104 4374 3181 4445 (5)
3223 4378 3339 4446 εἰμι
3378 4380 3469 4431 καὶ
3504 4378 3695 4449 ἅνθρω-

2142 4476 2263 4522 πος,
2292 4461 2435 4526 εἰπὲ,
2466 4462 2548 4527 τίς
2574 4465 2601 4517 6
2632 4463 2819 4518 παθών
2843 4482 2856 4530 ;
2890 4467 2953 4519 Εἰ
2985 4467 3015 4518 6
3043 4467 3175 4531 Θεὸς
3204 4467 3425 4531 ἔπαθεν,
3459 4464 3615 4533 εἶπας
3639 4473 3694 4522 τὸ

2143 4549 2461 4623 βλάσφημον
2482 4571 2496 4584 ·
2525 4558 2574 4608 εἰ
2596 4555 2653 4608 δὲ
2675 4562 2707 4627 ή
2741 4557 2877 4630 σὰρξ
2902 4558 3157 4623 immani
3172 4559 3245 4631 μὴ
3269 4562 3330 4613 τὸ
3352 4561 3518 4617 πάθος
3543 4580 3693 4633 προσ-

2141 4644 2351 4707 άπτεις,
2392 4638 2435 4712 ᾧ
2479 4646 2577 4716 τὴν
2606 4648 2806 4702 δειλίαν
2832 4650 3086 4718 ἐπάγειςς
3112 4651 3306 4705 Ἀλλου
3337 4652 3443 4725 γὰρ
3473 4654 3691 4722 πάσχον-

2140 4749 2265 4798 τος,
2298 4734 2455 4797 ἄλλος
2483 4737 2544 4788 οὐ
2579 4737 2747 4809 δειλιᾷ
2769 4755 2781 4768 ο
2816 4742 2909 4792 καὶ
2942 4740 3230 4811 ἀνθρώπου
3268 4743 3686 4813 σταυρουμὲνου,

2073 4813 2121 4871 1)
2145 4822 2277 4885 Θεὸς
2307 4825 2368 4876 οὑ
2398 4827 2740 4897 ταράττεται.

544 5039 587 5072 ⁸⁸
624 5038 995 5115 .‘_l_at_th._xxw,
1030 5037 1146 5115 56.Δ
1196 5038 1669 5115 ’ίμμρι-ρλιιιῶἳ.
1724 5039 1793 5115 ff
1813 5037 1968 5096 Joan.
1999 5057 2031 5096 ιι

2150 5043 2238 5098 15.
2313 5043 2362 5076 ⁸⁸
2388 5046 2402 5098 Ι
2428 5045 2553 5101 Cor.
2577 5064 2634 5112 ιι,
2664 5049 2748 5102 ai.
2779 5048 2823 5079 ⁸⁸
2852 5047 3008 5103 Rom.
3042 5063 3118 5111 ιι,
3144 5049 3232 5106 29.
3310 5057 3355 5088 ιε
3380 5049 3517 5105 Psal.
3545 5065 3683 5115 ιοιιι,

474 5107 563 5164 l3.
634 5110 679 5141 ⁸⁷
716 5111 855 5165 Psal.
884 5125 1086 5175 cxxtn,
1116 5107 1172 5163 2.
1246 5109 1293 5141 ⁸⁸
1326 5106 1512 5164 Matth.
1544 5124 1700 5174 nm,
1724 5108 1817 5164 36.

544 5261 623 5331 (3)
674 5262 834 5317 Ἐπεὶ
867 5258 998 5324 οὖν,
1032 5280 1085 5321 κ.
1109 5280 1161 5319 τ.
1187 5261 1238 5316 λ.
1280 5261 1405 5316 Haec
1442 5262 1567 5319 item
1596 5264 1786 5318 recitat
1822 5262 2039 5318 Facun-

474 5331 578 5387 dus
613 5332 704 5404 lib.
736 5347 815 5404 ιι,
838 5348 956 5403 cap.
977 5333 1047 5404 κζ’),
1080 5347 1199 5404 pag.
1238 5332 1366 5387 762.
1396 5331 1609 5404 Quibus
1639 5342 1815 5388 tamen
1847 5348 1914 5388 ex
1943 5350 2036 5389 ea-

475 5407 595 5472 dem
648 5402 1011 5471 Amphilochii
1061 5402 1306 5457 oratione
1370 5402 1646 5472 sequentis
1699 5403 2032 5472 praemittit:

477 5486 507 5544 ε
524 5469 729 5527 Rursus
759 5469 1222 5544 (Amphilochius)
1276 5474 1341 5527 de
1393 5469 1460 5527 eo
1492 5472 1643 5544 quod
1675 5469 1875 5544 dictum
1929 5480 2034 5544 est,

476 5539 656 5607 Pater,
685 5544 729 5596 si
756 5539 871 5610 ﬁeri
903 5539 1098 5609 potest,
1155 5539 1383 5596 transeat
1418 5539 1561 5595 cali}:
1602 5542 1716 5607 istc,
1751 5542 1904 5611 Cujus
1935 5542 2037 5611 ἱιιὶτ

476 5611 609 5664 tium
643 5623 748 5678 est,
783 5613 926 5666 Tunc
978 5615 1113 5667 sicut
1169 5615 1314 5665 miles
1342 5612 1620 5682 legitimus,
1658 5613 1730 5664 ita
1767 5610 1898 5682 dicit
1933 5628 1947 5663 :
1977 5610 2039 5682 Si

473 5682 610 5735 enim
643 5695 837 5753 oportet
866 5682 1062 5738 Filium
1094 5684 1316 5738 hominis
1363 5680 1499 5738 tradi
1517 5696 1536 5745 ;
1585 5681 1845 5752 quomodo
1883 5680 2036 5749 dicis,

2147 5283 2166 5317 ι
2194 5263 2253 5320 Si
2281 5266 2397 5334 ﬁeri
2418 5276 2606 5334 potest,
2638 5277 2866 5321 transeat
2898 5270 3040 5324 calix
3060 5270 3193 5327 iste?
3217 5290 3236 5325 ι
3266 5271 3488 5329 Omnino
3524 5285 3681 5329 autem

2132 5338 2188 5408 εἰ.
2217 5338 2327 5406 pati
2357 5338 2586 5398 nolebas,
2616 5339 2743 5408 quid
2766 5338 2991 5404 dicebas,
3031 5360 3050 5394 ι
3079 5339 3328 5399 Transeo!
3353 5345 3492 5398 calix
3515 5346 3637 5399 iste?
3658 5363 3675 5396 ι

2135 5404 2271 5481 Non
2287 5422 2378 5474 ego
2410 5408 2497 5481 qui
2529 5404 2709 5481 cmlum
2737 5408 2975 5481 feci,rqui
3009 5412 3225 5481 fundavi
3252 5424 3466 5479 terram,
3499 5416 3580 5467 sed
3606 5431 3679 5469 se-

2135 5476 2361 5528 cundum
2392 5485 2441 5528 te
2462 5477 2616 5531 homo
2644 5479 2793 5543 dicit,
2842 5476 3109 5535 declinans
3164 5494 3399 5538 mortem.
3451 5476 3567 5538 Haec
3596 5500 3681 5538 au-

2138 5554 2264 5621 tem,
2295 5555 2347 5621 et
2378 5561 2709 5621 quaecunque
2761 5551 2972 5603 demum
3016 5566 3081 5604 ex
3117 5551 3567 5621 Amphilochianis
3601 5569 3680 5609 re-

2135 5616 2268 5669 citat
2301 5614 2583 5674 Facundus
2610 5614 2647 5674 Ι.
2683 5633 2731 5673 c.
2759 5614 3550 5688 praeterieruntCdmbeﬁsium.
