3744 6302
472 315 570 373 l0?
1421 314 1480 370 S.
1516 311 1955 370 AMPlilLOCHll
1992 310 2377 369 ICONIENSIS
2415 314 2723 371 EPISCOPI
3587 320 3680 373 108

472 448 691 503 prorsus
719 432 977 487 alienum.
1013 430 1069 487 Si
1106 431 1248 485 enim
1295 430 1439 484 aliud
1482 431 1772 498 assumpsit
1814 443 1950 499 corpl

2203 447 2260 483 ιν.
2314 431 2377 483 Ei
2420 430 2529 503 γὰρ
2591 431 2776 499 ἕτερον
2820 429 3045 484 ἀνέλαϐε
3108 432 3286 503 σῶμα.
3347 431 3402 485 τί
3448 434 3579 503 πρὸς
3626 437 3681 488 τὸ

470 528 598 598 quid
633 529 733 582 hoc
764 527 830 582 ad
864 540 1038 580 meum
1080 526 1295 591 attinet,
1326 524 1467 593 quod
1506 522 1675 577 salute
1708 520 1942 591 indiget?

2203 519 2263 572 ,ὸν
2310 520 2371 572 τὸ
2415 521 2515 591 τῆς
2567 520 2840 591 σωτηρίας
2896 520 3173 590 δεόμενον;
3228 522 3289 573 Εἰ
3341 520 3401 584 ἐξ
3452 522 3681 592 οὐρανῶν

470 632 688 673 carnem
730 631 761 671 e
807 616 961 671 ccelis
1002 614 1248 677 devexit,
1297 612 1424 682 quid
1470 612 1536 667 ad
1577 625 1753 666 meam
1788 623 1948 665 carne

2204 611 2411 680 rﬁya‘fe
2460 609 2658 681 σάρκα,
2686 609 2738 661 τί
2773 609 2908 680 πρὸς
2952 609 3050 681 τὴν
3090 610 3226 681 ἐμὴν
3272 610 3447 678 σάρκα
3484 609 3579 681 τὴν
3624 612 3682 664 ἐκ

470 724 591 780 quas
619 709 684 763 de
725 718 867 763 terra
897 716 1109 776 sumpta
1139 704 1278 759 fuit?

1274 708 1278 730 ’
2130 702 2227 771 τῆς
2256 700 2359 771 γῆς
2385 700 2752 773 εἰλημμένηνς

1837 792 2004 858 Ibid.,
2031 809 2148 863 pag.
2185 791 2302 845 ποι.

812 886 1063 958 Ejusdem
1084 929 1099 953 ,
1132 902 1197 941 ex
1228 887 1406 941 eadem
1434 885 1687 939 oratione.
2196 952 2197 955 η

2196 952 2197 955 η
2439 885 2545 939 Τοῦ
2562 884 2767 950 αὐτοῦ,
2786 885 2854 938 ἐκ
2875 884 2979 939 τοῦ
2998 884 3183 938 αὐτοῦ
3197 886 3398 953 λόγου.

540 981 829 1049 Propterea
874 982 1036 1050 igitur
1085 995 1189 1032 non
1231 988 1356 1033 aute
1385 979 1727 1048 passionem,
1776 976 1871 1032 sed
1905 986 2018 1047 post

2206 976 2296 1029 Διὰ
2325 976 2497 1030 ταῦτα
2545 976 2640 1047 μὲν
2664 971 2777 1038 οὖν,
2806 975 2868 1029 οὐ
2897 976 3002 1047 πρὸ
3028 974 3119 1028 τοῦ
3152 974 3373 1037 πάθους,
3404 974 3540 1027 ἀλλά
3556 975 3684 1044 μετὶι

470 1077 775 1145 passionem
802 1114 817 1137 ,
856 1073 1035 1141 januis
1078 1073 1276 1128 clausis
1304 1074 1451 1127 stetit
1487 1071 1743 1126 Dominus
1771 1073 1823 1125 in
1854 1088 1948 1126 mei

2213 1068 2401 1130 πάθος,
2434 1066 2544 1119 τῶν
2577 1066 2753 1138 θυρῶν
2778 1065 3176 1136 κεκλεισμένων
3210 1064 3338 1137 ἔστη
3380 1064 3487 1119 τῶν
3519 1066 3685 1135 μαθη-

472 1165 852 1233 discipulorum
876 1202 890 1227 ,
925 1177 1031 1232 quo
1073 1161 1187 1216 fore
1228 1162 1470 1225 noveris,
1506 1169 1565 1215 ut
1594 1159 1756 1216 etiam
1798 1160 1950 1213 anim:

2205 1177 2236 1210 ην
2271 1159 2432 1229 μέσος
2459 1160 2487 1211 6
2523 1158 2745 1228 Κύριος,
2796 1158 2883 1211 ἴνα
2911 1157 3073 1228 γνῷς,
3107 1158 3191 1209 δτι
3236 1158 3329 1210 καὶ
3381 1157 3474 1209 σοῦ
3506 1158 3568 1209 τὸ
3591 1158 3683 1226 ψυ-

470 1271 663 1326 corpus
722 1265 866 1309 tuum
931 1252 1247 1308 seminatum
1330 1261 1575 1322 resurgat
1629 1250 1905 1321 spirituale

2202 1252 2279 1305 (ὸν
2327 1250 2486 1321 σῶμα
2537 1251 2761 1323 σπαρὲν,
2799 1250 3069 1321 ἐγείρεται
3115 1249 3275 1320 σῶμα
3304 1251 3680 1319 πνευματικόν·

472 1347 554 1401 Νε
593 1355 772 1399 autem
809 1359 995 1399 rursus
1025 1343 1167 1397 aliud
1207 1357 1329 1398 esse
1364 1343 1636 1409 putaveris
1673 1343 1815 1412 quod
1846 1358 1950 1397 resr

2205 1359 2217 1393 t
2258 1340 2314 1393 δὲ
2343 1341 2416 1413 μὴ
2457 1342 2620 1395 πάλιν
2648 1341 2774 1396 ἄλλο
2801 1344 3030 1416 νομίσῃς
3055 1336 3279 1395 εἶναιτὸ
3315 1331 3683 1411 ἀνιέτάμενον,

474 1441 590 1510 git,
626 1438 833 1492 'l‘ltoma
880 1437 1329 1491 resurrectionem
1372 1451 1474 1489 non
1520 1435 1811 1499 credente,
1850 1444 1952 1490 ostt

2210 1433 2424 1504 ἱΘωμᾶ
2454 1434 2589 1505 πρὸς
2628 1434 2727 1505 τὴν
2775 1435 3067 1487 ἀνάστασιν
3122 1434 3539 1504 ἀπιστήσαντος,
3587 1434 3688 1487 δεί-

467 1532 545 1584 dit
595 1531 641 1583 ei
676 1529 877 1581 ﬁxuras
908 1527 1204 1590 clavorum,
1248 1523 1482 1579 ostendit
1522 1523 1573 1578 ei
1620 1522 1899 1577 vulnerum
1935 1538 1945 1562 π

2208 1542 2317 1578 υσιν
2368 1526 2513 1596 αὐτῷ
2538 1528 2663 1590 τοὺς
2693 1527 2897 1588 τύπους
2922 1525 3031 1600 τῶν
3060 1524 3226 1595 ἥλων,
3251 1524 3517 1577 δείκνυσιν
3546 1525 3686 1592 αὑτῷ

466 1617 709 1688 stigia".
773 1618 855 1670 An
910 1629 1038 1669 vero
1095 1614 1326 1683 seipsum
1368 1626 1563 1667 sanare
1624 1628 1730 1667 non
1798 1622 1944 1681 poter

2207 1631 2240 1667 ιν
2284 1615 2613 1686 τραυμάτων
2658 1616 2726 1670 τὰ
2773 1618 2915 1688 ἴχνη.
2952 1611 3078 1686 'Ap‘
3137 1616 3236 1668 οὐκ
3282 1618 3464 1685 ἴσχυεν
3502 1616 3685 1668 ἑαυτὸν

468 1711 699 1764 maxime
731 1718 851 1778 post
895 1706 1365 1771 resurrectionem,
1390 1704 1479 1773 qui
1505 1719 1691 1758 omnes
1718 1703 1876 1759 etiam
1909 1718 1946 1756 ai

2209 1709 2406 1773 τασθαι,
2444 1708 2542 1761 καὶ
2580 1708 2753 1764 ταῦτα
2798 1710 2934 1780 μετὰ
2978 1711 3342 1773 ἀνάστασιν,ό
3364 1709 3572 1771 πάντας
3598 1710 3687 1761 καὶ

466 1800 909 1856 resurrectionem
967 1805 1251 1852 sanaverat
1282 1794 1305 1847 ?
1377 1795 1480 1849 Sed
1514 1810 1609 1863 per
1652 1794 1753 1848 hoc
1788 1793 1944 1863 quide

2207 1800 2234 1853 6
2284 1802 2382 1871 τῆς
2409 1802 2756 1865 ἀναστάσεως
2808 1802 3133 1871 ίασάμενος;
3188 1800 3347 1854 Ἀλλά
3394 1801 3459 1854 δι’
3492 1794 3569 1853 ὧν
3596 1804 3685 1870 μὲν

465 1895 604 1965 quod
641 1893 913 1948 clavorum
943 1890 1143 1943 ﬁxuras
1171 1886 1427 1950 ostendit,
1454 1886 1740 1955 ipsummet
1760 1899 1878 1939 esse
1902 1899 1943 1955 p1

2207 1906 2253 1952 ›ς
2297 1890 2502 1955 τύπους
2528 1891 2634 1944 τῶν
2682 1892 2827 1961 ἥλων
2880 1892 3138 1958 δείκνυσι,
3197 1891 3560 1963 παραδίδωσιν
3612 1893 3685 1945 ὅτι

466 1990 591 2042 bat:
620 2002 714 2056 per
738 1985 841 2039 hoc
868 1993 1066 2045 autem,
1093 1980 1234 2049 quod
1274 1978 1457 2047 januis
1481 1976 1679 2030 clausis
1712 1974 1942 2045 ingredit

2205 1981 2301 2034 310‘
2334 1981 2400 2034 δι’
2448 1976 2522 2035 ὧν
2572 1982 2629 2035 δὲ
2661 1981 3057 2052 κεκλεισμένων
3104 1982 3212 2035 τῶν
3254 1982 3431 2053 θυρῶν
3474 1981 3683 2041 εἴσεισι.

464 2078 698 2134 ostendit
729 2091 831 2131 non
864 2087 983 2129 esse
1018 2070 1301 2141 ejusmodi.
1339 2067 1513 2138 Ipsum
1542 2067 1757 2136 quidem
1777 2107 1794 2133 ,
1826 2074 1883 2120 ttt
1920 2066 1942 2120 ti

2209 2089 2394 2125 κνυσιν
2420 2074 2501 2126 ὃτι
2556 2074 2616 2126 οὐ
2679 2074 2905 2127 τοιοῦτοο
2955 2073 3111 2126 τοῦτο
3134 2074 3253 2143 μὲν,
3284 2073 3371 2126 ἵνα
3430 2072 3686 2145 πληρώσῃ

467 2167 797 2239 pensationis
839 2164 1085 2234 impleret
1132 2164 1381 2225 modum,
1413 2173 1608 2228 corpus
1635 2167 1904 2212 mortuum
1940 2173 1945 2211 ι

2206 2182 2215 2214 ι
2246 2166 2445 2237 τρόπον
2469 2168 2568 2236 τῆς
2588 2167 2915 2238 οἰκονομίας,
2948 2167 3167 2239 ἐγείρας
3180 2166 3239 2219 τὸ
3268 2166 3684 2238 νενεκρωμένον-

466 2258 779 2315 suscitaudo
808 2275 820 2310 :
855 2272 958 2310 non
993 2264 1170 2308 autem
1210 2250 1510 2320 ejusmodi,
1538 2258 1597 2303 ut
1622 2262 1690 2302 ne
1725 2263 1944 2303 rursusc

2233 2256 2441 2309 τοιοῦτο
2497 2256 2584 2319 δὲ,
2613 2258 2699 2312 ἵνα
2744 2256 2819 2329 μὴ
2856 2257 3017 2311 πάλιν
3051 2258 3302 2330 ὑποπέσῃ
3333 2258 3530 2328 φθορᾷ,
3560 2257 3686 2327 μηδὲ

465 2352 681 2407 noxium
709 2358 851 2404 esset
889 2344 1254 2415 corruptioni,
1296 2358 1431 2398 neve
1470 2344 1662 2397 iterum
1705 2341 1865 2395 morti
1904 2357 1943 2396 ει

1311 2358 1431 2398 leve
1470 2344 1662 2397 iterum
1705 2341 1865 2395 morti
1904 2356 2027 2396 suc-
2122 2343 2280 2398 πάλιν
2308 2345 2513 2417 omni;
2542 2345 2789 2400 θάνατον.

462 2440 754 2495 cumberet.

1408 2525 1558 2592 Apud
1591 2523 1981 2589 Theodoritum,
2001 2524 2133 2579 Dial.
2159 2541 2239 2589 Ill,
2275 2526 2427 2590 ibid.,
2452 2527 2710 2596 pag.‘166.

460 2624 713 2696 Ejusdem
741 2639 805 2677 ex
830 2622 1066 2696 oratione
1097 2621 1151 2673 in
1183 2619 1349 2696 illud,
1394 2617 1535 2696 Non_
1545 2628 1723 2696 potest
1763 2618 1931 2674 Filius

2207 2620 2237 2675 ῦ
2265 2622 2549 2696 αὐτοῦ
2584 2623 2689 2676 τοῦ
2714 2624 2900 2696 λόγου
2925 2622 3043 2696 ,τοῦ
3070 2625 3157 2696 εἰς
3188 2622 3383 2696 τι),οὑ
3409 2622 3633 2677 δύναται
3660 2625 3685 2677 6

898 2706 955 2745 se
992 2691 1171 2745 facere
1207 2691 1494 2758 quidquam
1516 2690 1583 2742 ".

2464 2691 2591 2756 Υἱὸς
2642 2690 2811 2745 ποιεῖν
2843 2694 2935 2763 ἀφ’
2962 2694 3149 2747 ἑαυτοῦ
3180 2693 3348 2746 οὐδέν.

526 2785 642 2840 Non
678 2785 819 2839 enim
853 2782 967 2837 ﬂeri
995 2790 1203 2851 poterat
1241 2790 1299 2833 ut
1338 2778 1457 2833 Vita
1488 2796 1516 2832 a
1551 2781 1895 2849 corruptione
1929 2781 2004 2835 de

2207 2784 2320 2837 me
2342 2784 2449 2857 γὰρ
2482 2778 2595 2854 εἶχε
2625 2785 2785 2854 φύσιν
2830 2786 2935 2840 ὑπὸ
2978 2786 3183 2859 φθορᾶς
3206 2786 3533 2858 κατέχεσθαι
3594 2787 3685 2857 τὴν

460 2878 737 2931 tineretur.
790 2874 966 2940 Quare
1012 2871 1264 2926 divinitas
1304 2870 1717 2939 haudquaquam
1758 2871 1822 2924 ad
1873 2886 1938 2923 mt

2204 2874 2285 2944 ἦν’
2327 2874 2515 2946 διόπερ
2564 2876 2661 2946 οὐχ
2696 2880 2728 2947 ἡ
2776 2876 2963 2948 θεότης
2990 2880 3068 2943 είς
3100 2879 3268 2942 πάθος
3310 2879 3682 2949 κατεσπάσθη.

457 2980 566 3025 tom
613 2976 884 3037 pertracta
931 2973 1033 3021 est.
1080 2964 1321 3031 Quonam
1367 2962 1509 3018 enim
1564 2964 1614 3017 id
1662 2962 1863 3017 modo?
1910 2962 1935 3018 ε

2209 2983 2244 3028 ις
2291 2966 2437 3037 γάρ;
2494 2968 2688 3040 ’Δλλ’ή
2740 2970 3092 3041 ἀνθρωπότης
3132 2972 3212 3035 είς
3253 2971 3562 3043 ἀφθαρσίαν
3600 2973 3687 3025 ἀνι-

455 3062 765 3118 humanitas
803 3058 869 3114 ad
903 3056 1359 3125 incorruptionem
1394 3064 1646 3109 renovata
1691 3064 1793 3109 est.
1844 3053 1933 3121 Opi

2209 3059 2420 3131 ιινίσθη.
2441 3060 2541 3115 Δεῖ
2559 3062 2691 3131 γὰρ,
2712 3080 2783 3134 φη
2794 3064 2864 3125 si,
2896 3063 2962 3116 τὸ
2992 3064 3215 3131 θνητόν
3242 3065 3414 3119 τοῦτο
3438 3066 3687 3119 ἐνδύσα-

452 3166 524 3211 tet
576 3157 734 3218 enim,
773 3154 979 3221 inquit,
1016 3150 1238 3206 mortale
1262 3150 1359 3202 hoc
1396 3149 1611 3203 induere
1646 3148 1930 3202 immortali

2210 3168 2259 3203 ςιι
2283 3152 2642 3221 ἀφθαρσίαν.
2688 3155 2847 3225 Ὁρᾷς
2883 3156 2982 3221 τὴν
3015 3157 3327 3228 ἀκρίϐειανς
3362 3158 3433 3211 Τὸ
3467 3159 3688 3223 θνητὸν

450 3253 556 3299 tem
590 3259 607 3297 :
641 3253 688 3297 et
728 3241 1064 3305 corruptibile
1092 3242 1187 3291 hoc
1223 3237 1438 3291 induere
1488 3238 1928 3303 incorruptionem

2207 3241 2314 3305 ito,
2345 3242 2506 3309 ἔδειξε
2536 3244 2838 3311 δεικτικῶς,
2868 3247 2954 3299 ἵνα
2973 3247 3046 3318 μὴ
3063 3247 3225 3317 ἄλλης
3238 3248 3462 3321 νομίσῃς
3485 3249 3685 3321 σαρκὸς

456 3334 636 3399 Vides,
668 3351 827 3405 quam
861 3342 1111 3388 accurate
1136 3328 1422 3399 loquatur?
1452 3327 1676 3383 Mortale
1706 3328 1823 3394 hoc,
1862 3329 2018 3398 quasi
2120 3334 2435 3390 ἀνάστασιν,

453 3428 619 3496 digito
649 3425 1001 3491 monstravit,
1037 3435 1093 3477 ut
1126 3434 1192 3476 ne
1228 3431 1444 3491 putares
1488 3419 1625 3475 alius
1665 3420 1846 3476 carnis
1896 3434 2018 3476 esse

452 3520 923 3575 resurrectionem.

1617 3620 1700 3675 Es:
1728 3622 1843 3677 cod.
1880 3637 1977 3675 ms.
2013 3621 2074 3679 Β.
2108 3623 2173 3679 Ρ.
2207 3625 2493 3681 Sirmondi.

446 3721 789 3793 Amphilocltii
805 3761 819 3784 ,
847 3736 910 3775 ea:
931 3727 1163 3800 tractatu
1202 3720 1256 3772 in
1295 3718 1427 3800 illud
1449 3731 1468 3770 .'
1494 3715 1609 3800 Noti
1642 3726 1817 3786 potest
1844 3714 1922 3770 Fil

2206 3723 2530 3791 αφιλοχίου,
2558 3722 2625 3800 ἐκ
2651 3722 2869 3800 τοῦβίς
2892 3722 2978 3800 τὸ,
3010 3724 3334 3800 Δδύναται
3361 3727 3390 3779 ὁ
3423 3726 3553 3791 Υίδς
3594 3730 3684 3799 ἀφ’

863 3806 893 3843 a
931 3805 989 3844 se
1025 3789 1203 3844 lacere
1239 3786 1617 3858 quidquam".
2186 3786 2201 3791 '
2234 3786 2249 3791 '

2186 3786 2201 3791 ⁷
2234 3786 2249 3791 ⁷
2375 3786 2409 3791 ”
2518 3786 2526 3789 ν
2594 3792 2787 3845 ἑαυτοῦ
2828 3786 2999 3847 ποιεῖν
3032 3795 3201 3851 οὐδέν.

510 3882 645 3938 Nam
678 3883 721 3937 si
754 3883 800 3937 is
825 3882 917 3952 qui
950 3880 1114 3935 semel
1159 3888 1254 3934 aut
1285 3880 1477 3934 iterum
1522 3879 1573 3932 in
1619 3877 1869 3948 praesenti
1902 3892 1988 3934 sm-

2205 3882 2245 3934 Ξί
2281 3880 2391 3953 γὰρ
2446 3882 2474 3934 ό
2502 3882 2559 3935 ὲν
2597 3882 2677 3953 τῷ
2727 3883 2885 3937 αίῶνι
2912 3884 3083 3956 τούτῳ
3116 3886 3444 3957 ἁμαρτάνων
3469 3891 3621 3957 ἅπαξ
3651 3891 3683 3961 ἢ

444 3974 565 4029 culo
610 3982 918 4042 peccasset,
972 3975 1039 4025 ad
1082 3985 1251 4025 annos
1295 3971 1512 4041 triginta
1561 3978 1616 4023 et
1654 3982 1778 4023 oeto
1820 3984 1922 4023 mo:

2207 3990 2379 4045 τερον,
2426 3974 2517 4026 ἐπὶ
2553 3974 2697 4028 ὀκτὼ
2730 3976 2827 4029 καὶ
2876 3978 3168 4049 τριάκοντα
3218 3978 3309 4050 ἔτη
3360 3983 3685 4053 παρεδέδοτο

446 4064 676 4120 traditus
713 4073 796 4119 est
816 4064 894 4118 "z
928 4064 1048 4132 quis
1088 4072 1349 4118 aeternum
1392 4062 1689 4132 puniendos
1732 4062 1924 4118 dubita

2205 4065 2365 4137 νόσῳο
2389 4067 2474 4131 τίς
2516 4067 2794 4139 ἀμφιϐάλῃ
2841 4068 2921 4121 ὅτι
2964 4068 3201 4124 ἀθάνατα
3245 4072 3305 4123 οὐ
3340 4072 3682 4137 κολάζονται,

450 4158 665 4221 riteos,
698 4156 786 4226 qui
814 4156 977 4209 vitam
1010 4164 1174 4209 totam
1216 4154 1371 4225 genio
1410 4154 1745 4225 indulgentes
1773 4170 1837 4211 ac
1862 4170 1927 4211 vo

2209 4157 2499 4229 ὁλόκληρον
2541 4159 2718 4213 αὐτῶν
2782 4160 2897 4230 βίον
2943 4162 3001 4216 ὲν
3050 4164 3169 4226 ταῖς
3203 4165 3415 4236 ἡδοναῖς
3468 4166 3685 4220 ἀναλώ-

444 4246 679 4314 ptatibus
701 4243 1073 4313 insumpsere?

860 4257 1032 4313 ipsere
1049 4243 1073 4297 Y
2114 4263 2304 4312 σαντες
2324 4266 2338 4315 ;

2034 4362 2137 4424 ΧΙ.

1386 4458 1532 4528 Apud
1568 4455 1961 4525 Theodoritum,
1991 4459 2125 4518 Dial.
2151 4480 2231 4529 ιιι,
2272 4466 2423 4532 ibid.,
2462 4466 2728 4536 pag.165.

438 4548 639 4630 Saneti-
665 4547 1009 4630 Amphilochii
1053 4550 1277 4630 episcopi
1321 4548 1523 4630 ζοοηίἱ,
1561 4566 1632 4630 ex
1672 4552 1909 4630 oratione

2206 4560 2219 4609 5
2256 4558 2444 4630 ᾲάγίου
2511 4560 2885 4629 Ἆμςοιλοχίου
2938 4560 3272 4617 ἐπισκόπου
3312 4564 3584 4630 Ἰκονίου,
3614 4570 3684 4625 ἐκ

506 4620 639 4672 illud
671 4634 690 4674 :
718 4621 887 4673 Amen
925 4634 1080 4672 amen
1100 4620 1238 4709 Idicu
1264 4621 1575 4703 πνοιῇς..ψή
1621 4620 1770 4709 audit
1797 4636 1984 4709 sermo-

2318 4620 2521 4709 Izqrov
2553 4620 2659 4683 έδῡ
2693 4620 2784 4709 διε
2810 4632 2899 4709 τὸ.
2949 4632 3116 4709 Ἀμὴν
3145 4635 3294 4709 ἀμὴγ
3320 4635 3486 4709 λέγω,
3524 4620 3683 4709 ea;

508 4705 629 4790 pem
664 4704 837 4790 tneum
859 4729 875 4754 ,
906 4699 973 4790 est0
988 4689 1159 4744 credit
1186 4689 1236 4742 ei
1271 4690 1358 4758 qui
1400 4690 1544 4745 tuisit
1578 4705 1694 4755 me,
1724 4691 1884 4745 habet
1917 4692 1986 4745 vi-

2243 4698 2333 4790 τὸν
2388 4689 2543 4790 λόγον
2577 4718 2678 4787 μου
2695 4689 2940 4790 1tb'cotitu'v,
2971 4689 3084 4755 καῖ’
3109 4689 3496 4776 πιστεύων’τῷ

509 4768 617 4811 tam
648 4770 904 4813 aeternam
928 4768 993 4810 δυ.

2171 4768 2332 4837 ψαντί
2365 4787 2453 4840 με,
2477 4768 2587 4839 ἔχει
2615 4770 2757 4840 ζωὴν
2772 4770 3004 4825 αίὼνιον.

509 4850 674 4917 Cuius
708 4866 838 4920 ergo
872 4863 996 4906 sunt
1022 4851 1342 4921 passiones?
1372 4852 1584 4907 Carnis.
1611 4853 1753 4922 Ergo
1787 4854 1832 4907 si
1862 4856 1987 4908 assi‘

2206 4860 2329 4924 τίνος
2388 4857 2480 4915 οὖν
2518 4861 2587 4915 τὰ
2627 4863 2805 4931 πάθης
2838 4863 2949 4933 Τῆς
2990 4865 3212 4936 σαρκός.
3266 4866 3474 4921 Οὐκοῦν
3502 4872 3558 4922 εί
3600 4872 3684 4923 δὶ-

439 4958 572 5012 gnas
610 4944 755 4997 carui
793 4945 1093 5013 passiones,
1124 4944 1337 5014 assigna
1364 4945 1537 4998 eidem
1566 4945 1727 4999 etiam
1766 4946 1910 4999 humi

2252 4952 2327 5021 (5)
2379 4954 2539 5024 σαρκὶ
2572 4954 2639 5007 τὰ
2669 4955 2837 5026 πάθη,
2874 4955 2961 5019 δὸς
3012 4958 3145 5027 αὐτῇ
3187 4958 3284 5011 καὶ
3316 4962 3437 5023 τοὺς
3476 4979 3683 5016 ταπει-

437 5050 745 5091 sermones:
778 5038 864 5089 cui
916 5050 1040 5090 vero
1102 5036 1327 5091 ascribis
1388 5035 1684 5101 miracula,
1740 5037 1915 5091 sublin

2206 5061 2223 5106 ;
2265 5043 2474 5113 λόγους.
2519 5045 2623 5099 Καὶ
2732 5048 2800 5100 τὰ
2854 5047 3104 5117 θαύματα
3146 5052 3488 5122 ἐπιγράψεις,
3549 5058 3684 5119 τοὺς

439 5126 613 5180 tribue
655 5138 952 5179 sermones.
998 5124 1128 5178 Nam
1177 5124 1316 5179 Deus
1358 5123 1615 5177 miracula
1647 5126 1840 5190 edens,
1870 5126 1917 5194 ju

2204 5135 2440 5206 γμένους
2493 5137 2690 5201 ἁνάθες
2740 5138 2951 5207 λόγους·
2999 5144 3028 5194 ό
3070 5141 3177 5211 γὰρ
3234 5143 3682 5217 θαυματουργῶν

436 5218 628 5271 merito
664 5218 908 5271 sublimia
947 5217 1203 5286 loquitur,
1236 5226 1290 5271 et
1312 5218 1565 5285 operibus
1593 5232 1849 5287 congrua.
1887 5218 1914 5284 ς

2199 5245 2226 5290 ς
2282 5229 2505 5292 εἰκότως
2538 5230 2714 5300 ὑψηλὰ
2747 5231 2913 5295 λαλεῖ,
2942 5234 3035 5286 καὶ
3084 5234 3191 5287 τῶν
3242 5235 3415 5305 ἔργων
3446 5240 3677 5305 ἐπάξια·

436 5323 568 5363 vero
589 5310 787 5377 patitur
812 5310 992 5373 homo,
1026 5318 1174 5364 recte
1202 5308 1425 5363 humilia
1449 5318 1627 5376 sonat,
1650 5320 1704 5364 et
1731 5311 1911 5379 passio

2203 5337 2209 5369 :
2240 5319 2465 5389 πάσχων
2486 5322 2768 5393 ἄνθρωπος
2784 5325 2963 5389 καλῶς
2985 5326 3215 5380 ταπεινὰ
3240 5328 3560 5398 φθέγγεται,
3580 5334 3681 5387 καὶ

436 5400 535 5456 bus
562 5402 952 5457 convenientia.

2093 5409 2203 5462 τῶν
2230 5410 2416 5465 παθῶν
2451 5414 2783 5485 κατάλληλα.

502 5589 588 5643 ⁷⁸1
620 5591 741 5645 Cor.
772 5607 860 5657 xv,
888 5590 975 5645 44.
1050 5591 1094 5623 ⁷⁸
1128 5588 1281 5645 Joan.
1314 5608 1382 5645 xx
1403 5631 1417 5655 ,
1448 5591 1539 5645 27.
1620 5593 1667 5625 "°
1696 5591 1852 5650 Joan.
1887 5609 1910 5646 v

432 5660 477 5694 ⁸⁸
516 5661 642 5715 ibid.
698 5660 787 5714 24.

2224 5594 2642 5665 ICor.xv,53.
2735 5599 2780 5629 ⁷⁸
2822 5599 2975 5655 Joan.
3029 5615 3097 5667 v,
3158 5600 3244 5657 l9.
3329 5604 3375 5636 "
3425 5603 3564 5663 ibid.
3620 5607 3690 5665 δὲ

500 5750 579 5822 (5)
617 5754 685 5806 El
709 5751 902 5819 δίδως.
943 5739 1117 5811 Habes
1150 5753 1290 5810 hunc
1316 5752 1488 5809 locum
1523 5756 1659 5824 apud
1679 5755 1994 5813 Facundum
2030 5756 2493 5828 Hertnianeusem,
2519 5762 2612 5817 lib.
2648 5776 2723 5825 xl,
2752 5776 2871 5830 cap.
2906 5761 2958 5827 5,
2987 5775 3107 5832 pag.
3134 5762 3255 5817 761.
