3796 6328
532 427 643 487 ﬁl

1498 424 1555 479 s.
1598 408 2039 480 AMPlliLOCHII
2078 418 2459 479 lCONIENSlS
2496 418 2805 475 EPISCOPI

2108 544 2237 603 XIV
2248 590 2260 601 .

842 714 845 719 η
1262 643 1413 713 Apud
1463 642 1775 697 Facundum
1809 640 2256 707 Hermianensem,
2288 640 2381 696 lib.
2419 655 2495 703 ιι,
2538 656 2653 708 cap.
2680 640 2733 702 5,
2759 653 2880 707 pag.
2907 635 3033 692 76!.

615 740 671 796 In
697 738 927 811 quodam
968 736 1249 801 Sermone,
1285 736 1359 790 ait
1390 734 1697 802 Facundos,
1723 734 1874 803 cujus
1912 734 2111 803 princi-
2143 751 2178 801 Α
2215 731 2351 785 Deus
2380 740 2456 785 est
2488 734 2772 785 secundum
2814 742 3046 784 carnem.
3090 728 3210 799 Ipse
3243 729 3381 783 enim
3422 744 3542 783 eam
3572 730 3773 798 [orm

538 837 685 907 pium
726 840 838 898 est,
877 828 1044 899 Alfer,
1098 828 1252 881 hodie
1300 827 1412 898 (10)
1462 828 1736 881 certativos
1783 827 2101 894 attingamus

538 937 837 987 sermones;
882 920 1104 989 loquens
1128 917 1193 971 de
1215 931 1279 969 eo
1314 916 1456 985 quod
1496 915 1695 970 dictum
1720 924 1802 969 est
1822 955 1838 980 ,
1868 914 2102 967 Ascendo

536 1017 608 1070 ad
663 1012 878 1067 Patrem
932 1027 1101 1065 meum
1157 1018 1206 1063 et
1261 1009 1472 1062 Patrem
1534 1018 1793 1071 vestrum,
1845 1018 1892 1060 et
1936 1005 2104 1059 Deum

537 1122 710 1160 meum
748 1115 793 1159 et
835 1103 1000 1157 Deum
1048 1100 1366 1165 vestrum",
1406 1098 1710 1153 Communis
1756 1107 1861 1163 est,
1909 1098 2099 1168 inquit,

541 1195 731 1259 Pater;
765 1193 928 1247 Pater
952 1193 1116 1260 ipsius
1141 1190 1349 1258 quidem
1382 1196 1595 1257 propter
1625 1194 1871 1238 naturam
1891 1225 1906 1251 ,
1930 1193 2105 1237 noster

535 1301 712 1347 autem
749 1298 959 1359 propter
987 1287 1234 1358 gratiam.
1270 1281 1631 1337 Communiter
1660 1288 1838 1333 autem
1883 1289 1930 1331 et
1959 1278 2099 1331 Deus

537 1384 735 1437 dicitur
768 1380 881 1453 (11)
911 1398 924 1433 :
958 1379 1047 1433 sed
1079 1385 1253 1431 noster
1289 1374 1499 1445 quidem
1539 1371 1680 1426 Deus
1718 1379 1831 1435 est,
1877 1371 2000 1441 quia
2037 1384 2101 1424 ex

537 1490 641 1529 non
678 1472 1007 1530 exstantibus
1058 1485 1151 1523 nos
1207 1476 1263 1521 ut
1312 1480 1539 1520 essemus
1582 1461 1894 1532 {ecit:ejus
1924 1470 2099 1515 autem

2208 823 2277 877 vit
2306 823 2362 875 in
2404 820 2630 892 Virgine,
2663 823 2772 890 ipse
2800 838 2915 876 eam
2948 822 3095 875 unxit
3117 822 3169 875 in
3195 819 3434 875 Iordane
3455 864 3470 886 ,
3512 824 3632 891 ipse
3673 839 3774 877 ea

2209 914 2550 981 prwdicavit,
2599 914 2706 983 ipse
2754 930 2868 967 eam
2922 914 3235 984 gloriﬁcavit
3265 914 3317 968 in
3353 913 3637 979 Passione,
3690 916 3773 982 ip

2208 1022 2321 1059 eam
2374 1006 2643 1059 suscitavit
2696 1023 2729 1059 a
2786 1006 3046 1071 mortuis,
3099 1007 3154 1059 in
3207 1006 3340 1059 nube
3383 1022 3547 1059 vacua
3585 1023 3773 1059 eaex

2208 1098 2422 1150 dextera
2476 1098 2597 1151 sede
2640 1097 2867 1167 dignam
2922 1098 3142 1166 faciens.
3202 1094 3331 1151 Haec
3392 1098 3531 1151 enim
3592 1114 3773 1149 omn

2207 1188 2296 1256 qui
2356 1188 2587 1240 ascendit
2647 1188 2716 1241 ad
2781 1186 2993 1242 Patrem
3044 1202 3250 1241 sumens
3292 1186 3480 1252 habet,
3530 1204 3643 1241 non
3725 1204 3774 1255 τ)

2206 1288 2279 1332 est
2323 1277 2379 1330 in
2422 1278 2604 1330 Patre.
2657 1277 2723 1331 Et
2764 1279 2817 1332 in
2852 1280 2949 1333 hoc
2991 1278 3104 1331 loco
3150 1286 3448 1341 accusetur,
3480 1280 3624 1349 quod
3704 1296 3774 1330 ut

2205 1384 2323 1422 eum
2372 1369 2462 1437 qui
2513 1379 2587 1422 est
2646 1369 2703 1422 in
2758 1367 2965 1436 Patre,
3041 1368 3169 1422 dicit
3228 1384 3339 1423 esse
3398 1369 3487 1438 qui
3538 1385 3773 1423 asccnc

2206 1465 2277 1517 ad
2309 1463 2545 1521 Patrem.

2123 1576 2250 1637 XV.

1547 1673 1633 1728 Ea:
1660 1674 1961 1729 collectione
1997 1672 2308 1730 Barlahami
2356 1694 2468 1748 reg.
2501 1680 2619 1735 cod.
2656 1696 2757 1735 ms.

728 1774 807 1827 Ad
843 1761 1116 1826 Seleucum
1156 1766 1374 1837 Trajaui
1404 1766 1643 1834 prwtotis
1677 1776 1930 1833 nepotem.

606 1931 782 1989 Credo
810 1931 865 1985 in
906 1944 1068 1984 unum
1100 1927 1303 1992 Deum,
1349 1924 1400 1979 in
1431 1924 1601 1977 tribus
1634 1922 1879 1991 personis
1917 1921 2101 1993 cogni-

538 2037 652 2081 tum
692 2043 707 2080 :
747 2024 1122 2077 universorum
1186 2033 1404 2073 causam
1458 2025 1512 2070 et
1553 2016 1796 2084 opiﬁcem
1848 2032 1862 2068 :
1900 2014 2104 2082 ingeni-

539 2126 651 2171 tum
683 2130 698 2168 :
728 2107 1328 2180 incomprehensibilem
1374 2125 1387 2160 :
1424 2104 1745 2161 invisibilem
1788 2121 1803 2159 :
1846 2118 2104 2172 superan-

538 2217 644 2263 tem
667 2204 959 2274 cogitatum
1000 2220 1013 2256 :
1056 2199 1581 2267 incircumscriptum
1619 2215 1632 2251 :
1672 2196 2099 2251 immutabilem:

537 2297 903 2354 invariabilein
930 2315 942 2350 :
968 2292 1347 2356 immortalem,
1374 2289 1611 2361 passioni
1636 2305 1741 2344 non
1771 2290 2061 2344 obnoxium
2084 2306 2097 2341 :

536 2389 854 2459 principium
893 2361 1057 2439 untim
1090 2382 1295 2451 absque
1337 2380 1632 2451 principio;
1675 2395 1739 2434 ac
1763 2394 1862 2434 nec
1903 2378 1955 2432 in
2000 2379 2102 2432 alio

535 2494 805 2549 quoquam
830 2474 1095 2547 passionis
1133 2472 1502 2543 susceptivum
1542 2471 1663 2525 dico
1694 2490 1705 2525 :
1737 2480 1820 2525 est
1840 2470 1981 2525 enim
2010 2486 2104 2524 na-

534 2582 659 2629 tura
690 2572 869 2627 divina
897 2584 1118 2641 prorsus
1148 2584 1178 2622 a
1210 2568 1460 2637 passione
1506 2566 1783 2621 immunis.
1826 2564 1999 2621 Unum
2029 2564 2103 2619 si-

535 2665 750 2736 quidem
784 2661 951 2717 Deum
989 2662 1146 2727 dico,
1187 2660 1277 2729 qui
1313 2668 1393 2714 est
1430 2674 1554 2714 vere
1585 2659 1763 2726 Deus,
1814 2658 2100 2730 gentilismi

535 2760 664 2814 deos
696 2754 891 2811 multos
936 2754 1163 2824 fugiens.
1201 2752 1353 2818 Quod
1403 2768 1527 2807 vero
1574 2767 1711 2807 unus
1750 2760 2104 2821 cognoscatur

536 2852 591 2905 in
621 2850 791 2901 tribus
816 2846 1087 2916 personis,
1116 2843 1379 2898 Judaismi
1413 2855 1495 2898 est
1517 2844 1751 2898 eversio.
1782 2842 1915 2897 Nam
1944 2844 2103 2898 Pater

535 2945 591 2998 in
633 2943 769 2997 Filio
798 2951 913 3007 est;
960 2948 1015 2992 et
1051 2938 1218 2991 Filius
1258 2936 1312 2989 in
1351 2934 1511 2990 Patre
1541 2954 1564 2993 ε,
1587 2932 1847 3003 Spiritum
1889 2936 2016 2989 item
2047 2936 2100 2989 in

536 3037 671 3092 Filio
730 3043 784 3089 et
836 3032 1001 3087 Patre
1056 3029 1337 3085 conﬁteor.
1384 3027 1553 3082 Porro
1603 3025 1787 3081 Jcsum
1830 3027 2100 3082 Christum

2319 1768 2476 1838 Πρὸς
2503 1770 2803 1825 Σέλευκον
2838 1770 2943 1825 τὸν
2965 1770 3221 1839 ἔκγονον
3255 1766 3538 1837 Τραϊανοῦ
3565 1766 3697 1821 τοῦ

2771 1840 3203 1910 στρατηλάτου.

2276 1928 2521 1982 Πιστεύω
2550 1929 2629 1993 είς
2650 1930 2746 1983 ἕνα
2770 1930 2902 1983 Θεὸν
2934 1931 2990 1983 ὲν
3014 1930 3158 2000 τρισὶ
3184 1916 3581 1999 γνωριζόμενον
3610 1944 3773 1999 προς

2204 2015 2402 2081 ώποις·
2436 2019 2606 2071 αἴτιον
2646 2020 2741 2072 καὶ
2771 2019 3096 2091 δημιουργὸν
3134 2019 3241 2071 τῶν
3271 2019 3546 2080 ἁπάντων,
3580 2019 3774 2086 άγένι

2202 2129 2314 2176 τον,
2354 2112 2755 2185 ἀκατάληπτον,
2782 2113 3029 2182 ἀόρατον,
3064 2111 3434 2183 άνεπινόητον,
3468 2110 3774 2180 ἁπερίγρο

2202 2221 2323 2273 (ρον,
2345 2204 2631 2275 ἄτρεπτον,
2659 2203 3031 2268 ἀναλλοίωτον,
3056 2202 3341 2269 ἀθάνατον,
3366 2201 3553 2271 ἀπαθῆ
3584 2217 3600 2230 ⁸
3658 2204 3774 2271 μία

2203 2298 2377 2367 ἀρχὴν
2397 2297 2659 2368 ἄναρχονο
2690 2296 2812 2351 οὐτε
2843 2299 2901 2350 ὲν
2926 2297 3096 2369 ἑτέρῳ
3122 2298 3230 2351 τινὶ
3262 2296 3468 2357 πάθους
3512 2290 3670 2348 εἶναι
3715 2296 3774 2348 δι

2203 2390 2394 2458 κτικὴν
2418 2388 2592 2459 φημί·
2622 2387 2795 2459 πάντη
2828 2388 2935 2459 γὰρ
2954 2388 3167 2457 ἀπαθὴς
3196 2388 3443 2457 τυγχάνει
3469 2388 3501 2457 ή
3526 2386 3656 2441 θεία
3693 2387 3773 2456 (pd

2205 2495 2307 2542 σις.
2339 2480 2602 2552 Ἕνα-γὰρ
2618 2480 2747 2534 Θεὸν
2774 2480 2934 2549 λέγω,
2966 2480 3057 2534 τὸν
3077 2481 3243 2543 ὅντως
3271 2479 3399 2532 ὄντα
3423 2478 3558 2533 Θεὸν
3579 2520 3595 2545 ,
3629 2479 3774 2531 πολι

2206 2572 2354 2626 θεῖαν
2394 2572 2715 2645 ἑλληνισμοῦ
2758 2573 2993 2643 φεύγων.
3036 2574 3123 2627 Ἐν
3161 2573 3306 2644 τρισὶ
3357 2572 3415 2625 δὲ
3462 2570 3773 2643 προσώπω

2202 2664 2564 2737 γνωρίζεσθαι
2604 2667 2692 2720 τὸν
2734 2667 2850 2732 ἕνα,
2896 2664 3227 2736 Ἰουδαῖσμοῦ
3271 2665 3416 2716 ἐστιν
3468 2664 3773 2732 ἀνατροπή

2202 2758 2393 2830 Πατὴρ
2425 2759 2534 2830 γὰρ
2556 2759 2613 2811 ὲν
2643 2757 2775 2829 Υἱῷ,
2816 2757 2911 2811 καὶ
2943 2758 3067 2821 Υίὸς
3100 2759 3156 2810 ὲν
3188 2756 3383 2828 Πατρὶ,
3419 2755 3512 2807 καὶ
3550 2754 3773 2824 Πνεῧμι

2203 2850 2260 2903 ἐν
2317 2849 2431 2921 Υἱῷ
2470 2850 2563 2904 καὶ
2613 2850 2786 2919 Πατρὶ⁵
2830 2848 3095 2920 ὁμολογῶ.
3134 2847 3429 2918 Προσκυνῶ
3469 2847 3529 2901 δὲ
3571 2848 3773 2917 Ἰησοῦε

2202 2942 2454 3013 Χριστὸν,
2494 2941 2756 2995 συναῖδιον
2781 2941 2860 3013 τῷ
2889 2942 3065 3010 Πατρὶ
3097 2940 3241 2994 κατὰ
3262 2939 3358 3011 τὴν
3388 2939 3619 3010 θεότητα
3639 2957 3657 2970 ο
3696 2941 3773 2992 οὑῑ

2201 3034 2409 3097 οὐσίας,
2446 3034 2543 3103 οὐχ
2591 3033 2875 3106 ὑπάρξεως
2914 3033 3133 3105 τρόπον,
3166 3032 3408 3103 νεότερον
3433 3031 3527 3084 τοῦ
3565 3032 3774 3103 Harpe.

536 3130 723 3194 adoro,
748 3124 897 3179 Patri
925 3122 1218 3178 secundum
1252 3118 1583 3175 divinitatem
1609 3128 1971 3185 comternum;
2004 3133 2101 3175 nec

2207 3125 2345 3179 κατὰ
2368 3124 2466 3196 τὴν
2490 3125 2738 3197 θεότητα.
2785 3125 3053 3189 Ὡσαύτως
3104 3126 3160 3179 δὲ
3204 3126 3296 3178 καὶ
3346 3124 3406 3176 τὸ
3454 3123 3693 3194 Πνεῦμα
3736 3124 3774 3174 τέ

535 3219 884 3282 substantiae,
926 3230 1023 3271 nec
1054 3213 1383 3269 exsistentias
1429 3212 1585 3265 modo
1617 3210 1887 3279 juniorem
1922 3213 2105 3276 Patre,

532 3312 678 3384 quod
716 3310 911 3364 attinet
959 3307 1027 3360 ad
1075 3305 1350 3359 deitatem.
1384 3302 1647 3358 Similiter
1686 3317 1813 3357 vero
1848 3310 1904 3356 et.
1936 3302 2108 3372 Spiri-

538 3411 648 3458 tum
684 3412 953 3456 sanctum.
1001 3396 1262 3467 Equidem
1295 3392 1493 3447 Filium
1530 3392 1770 3463 genitum
1823 3393 1943 3447 dico
1990 3394 2107 3447 sine

537 3503 778 3563 tempore
814 3502 868 3546 et
900 3489 1199 3561 principio,
1256 3501 1468 3555 semper
1507 3485 1652 3539 Patri
1688 3500 1790 3555 qua
1834 3486 1973 3540 Deus
2002 3495 2102 3551 est,

533 3585 970 3642 coexsistentent.
1038 3580 1109 3634 At
1132 3579 1394 3648 Spiritum
1428 3589 1672 3632 sanctum
1704 3592 1768 3631 ex
1798 3576 1907 3631 Deo
1934 3588 1989 3631 et
2013 3574 2108 3629 Pa-

536 3688 619 3733 tre
664 3685 923 3732 teternum
952 3674 1327 3743 procedentem
1356 3671 1540 3728 credo.
1593 3670 1702 3725 Nec
1725 3670 1958 3739 Spiritus
1988 3683 2108 3738 pro-

532 3770 858 3831 cessionem,
898 3767 1304 3837 generationem
1336 3765 1456 3820 dico
1484 3783 1497 3820 :
1532 3779 1632 3820 nec
1660 3763 1779 3819 Filii
1810 3762 2108 3833 generatio-

535 3878 657 3917 nem
680 3902 697 3930 ,
728 3860 1127 3930 processionem
1164 3858 1305 3913 dico.
1341 3856 1474 3912 Cum
1514 3870 1674 3926 porro
1700 3856 1868 3911 series
1904 3852 2105 3909 oratio-

537 3953 621 4008 nis
674 3951 1053 4023 postulaverit,
1100 3949 1221 4004 dico
1267 3964 1434 4003 unum
1490 3948 1690 4013 Deum,
1742 3962 1850 4001 non
1904 3960 2104 4016 negans

538 4045 882 4115 bypostases,
931 4042 1025 4097 sed
1070 4041 1161 4096 Dei
1212 4040 1431 4096 nomine
1458 4039 1767 4109 signiﬁcans
1790 4039 2105 4094 substantia:

534 4134 1001 4189 communitatem.
1042 4131 1177 4187 Cum
1229 4142 1409 4187 autem
1461 4132 1581 4186 dico
1624 4130 2103 4193 consubstantiale,

536 4244 641 4281 non
673 4226 830 4281 unius
852 4240 1115 4294 personas,
1157 4226 1250 4280 sed
1284 4224 1446 4277 trium
1480 4224 1604 4278 dico
1629 4223 2071 4279 consubstantiali
2091 4252 2104 4264 -

536 4328 731 4385 tatem;
759 4317 937 4372 Patris
964 4316 1242 4382 nimirum,
1264 4315 1384 4369 Filii
1420 4323 1473 4370 et
1501 4316 1673 4370 sancti
1694 4314 1927 4385 Spiritus
1955 4334 1967 4370 :
2000 4332 2101 4371 una

531 4411 677 4463 enim
706 4424 929 4478 persona
960 4422 1064 4463 non
1104 4407 1299 4462 dicitur
1336 4408 1439 4462 sibi
1467 4406 1972 4471 consubstantialis;
2006 4406 2101 4461 sed

534 4502 716 4566 Pater,
746 4499 915 4556 Filius
945 4509 1002 4554 et
1033 4498 1290 4569 Spiritus.
1319 4500 1585 4554 Caeterum
1615 4498 1891 4554 distinctio
1934 4514 2097 4568 penes

530 4607 792 4663 personas
824 4592 1138 4656 attenditur,
1186 4607 1291 4646 non
1338 4606 1502 4661 penes
1543 4592 1921 4646 subsmntiam.
1974 4590 2096 4646 llaec

528 4686 699 4749 enim,
731 4684 912 4749 Pater,
945 4682 1115 4739 Filius
1137 4693 1192 4738 et
1227 4683 1459 4754 Spiritus
1479 4693 1717 4749 sanctus,
1745 4683 1957 4738 nomina
1976 4692 2101 4738 sunt

494 4775 670 4828 ‘modi
712 4774 1042 4829 exsistentiae
1096 4790 1190 4828 seu
1229 4773 1591 4841 liabitudinis,
1624 4789 1730 4828 non
1783 4774 2100 4831 substantia:

528 4866 795 4921 absolute.
830 4866 982 4933 Quod
1028 4864 1190 4935 igitur
1220 4873 1304 4920 est
1339 4864 1515 4919 Patris
1560 4864 1858 4918 declarabit
1902 4879 2095 4919 nomen

529 4956 703 5023 Deus;
741 4958 882 5025 quod
927 4972 1056 5013 vero
1094 4968 1175 5013 est
1208 4956 1456 5026 alicujus,
1486 4972 1678 5011 nomen
1731 4957 1909 5012 Pater.
1967 4958 2098 5012 Esse

528 5063 691 5114 porro
714 5049 939 5118 alicujus
983 5050 1075 5104 Dei
1101 5089 1115 5109 ,
1147 5048 1287 5104 Deus
1314 5060 1393 5104 est
1426 5066 1438 5101 :
1478 5049 1619 5117 quod
1647 5062 1773 5103 vero
1804 5049 1891 5103 hic
1925 5049 2091 5103 alicu-

524 5140 611 5211 jus
657 5144 757 5209 sit,
799 5142 1013 5199 Filius:
1045 5143 1293 5197 similiter
1341 5142 1507 5197 etiam
1563 5142 1796 5212 Spiritus
1844 5151 2085 5197 sanctus.

2127 4469 2176 4528 D

2206 3217 2378 3287 ἅγιον.
2408 3217 2512 3271 Τὸν
2540 3216 2639 3288 μὲν
2667 3217 2776 3289 γὰρ
2797 3218 2923 3271 Υίὸν
2951 3218 3092 3289 φημὶ
3113 3216 3502 3287 γεγεννημένον
3534 3217 3772 3287 ἀχρόνωέ

2207 3312 2302 3364 καὶ
2323 3309 2602 3381 σάνάρχως,
2641 3311 3051 3383 συνυπάρχοντα
3072 3311 3161 3365 ἀεὶ
3184 3310 3261 3382 τῷ
3297 3311 3468 3382 Harp!
3512 3314 3663 3364 κατὰ
3693 3312 3770 3377 τὴν

2208 3402 2453 3475 Θεότητα.
2487 3403 2559 3456 Τὸ
2605 3403 2662 3456 δὲ
2700 3401 2923 3473 Πνεῦμα
2960 3403 3022 3455 τὸ
3058 3403 3211 3471 ἅγιον
3245 3402 3683 3474 ἐκπορευόμενον
3727 3404 3768 3453 ἐ)

2204 3494 2298 3548 τοῦ
2325 3493 2458 3547 Θεοῦ
2488 3496 2581 3547 xa!
2602 3494 2814 3566 Πατρὸς
2836 3494 3017 3558 ἀϊδίως
3048 3493 3306 3547 πιστεύω.
3336 3494 3446 3546 Καὶ
3484 3494 3587 3561 τὴν
3615 3496 3757 3547 ixi-:6

2210 3604 2391 3657 ρευσιν
2447 3585 2538 3640 τοῦ
2580 3585 2917 3657 Πνεύματος,
2948 3586 3009 3639 οὐ
3055 3586 3197 3657 φημὶ
3227 3585 3499 3655 γέννησιν.
3534 3587 3649 3641 Καὶ
3688 3585 3763 3655 τὴ·

2205 3680 2456 3749 γέννησιν
2483 3677 2576 3731 τοῦ
2608 3677 2755 3741 Υίοῦ,
2779 3677 2838 3731 οὐ
2868 3678 3009 3747 λέγω
3035 3676 3377 3750 ὲκπόρευσιν.
3403 3676 3575 3730 Ὅταν
3598 3675 3658 3729 δὲ
3682 3676 3761 3727 τῶν

2205 3770 2563 3841 λεγομένωνή
2594 3768 2882 3823 ἀκολουθία
2911 3770 3209 3841 ἀπαιτήσῃ,
3238 3768 3334 3821 ἕνα
3363 3768 3493 3820 Θεὸν
3520 3767 3690 3837 λέγω,
3722 3769 3761 3819 οἱ

2204 3861 2302 3925 τὰς
2331 3861 2655 3925 ὑποστάσεις
2679 3859 3038 3932 ἀρνούμενος·
3078 3859 3215 3913 ἀλλὰ
3250 3858 3329 3929 τῷ
3360 3857 3453 3912 τοῦ
3484 3857 3624 3912 Θεοῦ
3666 3859 3757 3911 όνόι

2208 3969 2359 4022 ματι,
2412 3950 2474 4004 τὸ
2519 3950 2695 4005 κοινὸν
2740 3950 2837 4019 τῆς
2869 3949 3056 4013 οὐσίας
3088 3948 3389 4020 σημαίνων.
3426 3949 3595 4002 Ὅταν
3632 3950 3690 4001 δὲ
3723 3945 3758 3999 τὲ

2204 4044 2485 4115 ὁμοούσιον
2532 4044 2695 4114 λέγω,
2724 4045 2822 4113 οὐχ
2860 4042 2978 4106 ἑνὸς
3027 4041 3319 4113 προσώπου
3366 4042 3755 4112 ὁμοουσιότητα.

2205 4136 2341 4189 ἀλλὰ
2371 4134 2559 4206 τριῶν,
2583 4134 2759 4206 φημί·
2791 4133 3023 4205 Πατρὸς,
3056 4132 3185 4186 Υίοῦ
3215 4134 3309 4186 καὶ
3335 4133 3488 4201 ἁγίου
3522 4133 3754 4202 Πνεύιμιιτ.⁴

2204 4246 2312 4292 τος·
2338 4228 2397 4282 ἒν
2428 4229 2534 4299 γὰρ
2560 4228 2847 4299 πρόσωπον
2878 4227 3158 4299 ὁμοούσιον
3201 4227 3379 4298 ἑαυτῷ
3421 4228 3481 4278 οὐ
3529 4226 3751 4294 λέγεται⁴

2204 4316 2341 4370 ἀλλὰ
2402 4316 2608 4388 Πατὴρ,
2648 4317 2773 4380 Υίὸς
2824 4319 2919 4372 καὶ
2960 4317 3203 4387 Πνεῦμα.
3252 4316 3315 4368 Ἦ
3365 4315 3420 4368 δὲ
3458 4314 3692 4387 διαφορὰ
3716 4314 3749 4365 ii

2206 4407 2533 4480 προσώποις,
2572 4410 2671 4463 οὐκ
2729 4410 2787 4463 ὲν
2832 4412 2899 4481 τῇ
2930 4409 3113 4481 οὐσίᾳ·
3148 4409 3209 4461 τὸ
3238 4408 3366 4479 γάρ,
3402 4409 3613 4480 Πατὴρ,
3657 4405 3748 4468 Υἱὸς

2200 4502 2294 4554 καὶ
2338 4501 2560 4572 Πνεῦμα
2598 4498 2659 4555 τὸ
2688 4501 2862 4571 ἅγιον,
2901 4500 3101 4574 τρόπου
3146 4500 3429 4572 ὑπάρξεως
3456 4501 3621 4572 ητουν
3658 4496 3746 4568 61i-

2202 4610 2340 4659 σεως
2376 4594 2633 4666 ὀνόματα,
2658 4593 2770 4648 ἀλλ’
2802 4595 2902 4647 οὐκ
2922 4594 3108 4657 οὐσίας
3136 4592 3346 4656 ἁπλῶς.
3382 4591 3640 4663 Δηλώσει,
3665 4594 3689 4643 ὁ
3708 4587 3745 4641 τί

2195 4682 2288 4739 οὖν
2327 4680 2465 4739 εῖναι
2515 4686 2607 4739 τοῦ
2642 4686 2873 4758 Πατρὸς,
2922 4686 3004 4750 τὸ,
3047 4688 3211 4752 Θεός.
3247 4685 3320 4738 Τὸ
3348 4685 3403 4737 δὲ
3434 4684 3577 4748 τινὸς
3616 4680 3741 4739 εἶναι,

2194 4777 2285 4841 τὸ,
2339 4777 2392 4829 '0
2424 4776 2659 4846 Πατήρο
2694 4780 2787 4831 καὶ
2823 4777 2885 4830 τὸ
2916 4776 2971 4830 δὲ
3010 4777 3161 4842 τινὸς
3200 4774 3337 4831 εἶναι
3369 4776 3461 4830 τοῦ
3505 4775 3658 4841 Θεοῦ,
3684 4771 3740 4833 τὸν

2198 4868 2358 4934 Θεός.
2396 4869 2502 4922 Τοῦ
2532 4870 2587 4922 δὲ
2611 4871 2753 4934 τινὸς
2780 4865 2918 4923 εἶναι
2949 4871 3065 4935 τοῦ,
3104 4872 3254 4937 Υἱός.
3290 4869 3560 4934 Ὡσαύτως
3594 4870 3681 4923 καὶ
3702 4862 3740 4915 τί

2194 4959 2419 5031 Πνεῦμα
2462 4962 2522 5015 τὸ
2554 4963 2725 5030 ἅγιον.
2754 4956 2854 5018 Ὧν
2894 4962 2951 5017 δὲ
2983 4964 3043 5017 τὸ
3071 4959 3206 5017 εἶναι
3243 4963 3459 5029 ταυτὸν,
3492 4962 3683 5015 τούτων
3718 4954 3738 5023 ἡ

2195 5052 2353 5106 οὐσία
2394 5054 2513 5123 μία.
2553 5054 2739 5107 Ταῦτα
2776 5054 2872 5125 μὲν
2910 5055 3038 5127 περὶ
3082 5055 3182 5127 τῆς
3217 5054 3499 5126 ὀμοουσίου
3547 5049 3736 5125 Τριάδος

2194 5144 2336 5197 κατὰ
2360 5146 2458 5215 τὴν
2484 5148 2622 5217 ἐμὴν
2641 5145 2867 5218 δύναμιν
2889 5149 3160 5220 είρείσθω.

528 5237 767 5302 Quorum
790 5249 971 5293 autem
1000 5246 1083 5293 est
1106 5237 1243 5290 idem
1264 5249 1406 5301 esse,
1431 5234 1622 5290 borum
1656 5249 1758 5290 una
1786 5234 2086 5290 substantia
2125 5243 2227 5291 est.
2264 5236 2332 5292 Et
2370 5238 2485 5294 haec
2564 5239 2826 5297 hactenus
2863 5241 2931 5299 de
2974 5241 3421 5299 consubstantiali
3481 5241 3732 5300 Trinitate-

526 5332 669 5401 quod
695 5345 935 5385 tuearqu
973 5341 1057 5384 est
1089 5328 1307 5382 virium.

596 5510 641 5541 ⁸⁷
670 5507 829 5563 Joan.
864 5523 957 5572 xx,
982 5506 1067 5559 l7.

597 5669 711 5738 (10)
748 5669 896 5737 A/j‘er
940 5667 1111 5720 hodie.
1149 5666 1310 5738 φέρε,
1352 5668 1609 5738 σήμερον.
1640 5674 1746 5738 etc.
1777 5664 2104 5738 V_ertcndum

526 5734 723 5801 fuerat,
756 5734 884 5808 Age,
923 5754 1030 5792 non
1066 5734 1244 5808 effer.
1275 5736 1379 5789 Sed
1405 5734 1734 5808 :'cujusmodi
1794 5734 2102 5808 Grazcorum

525 5804 863 5863 versionibns
898 5810 969 5861 uti
999 5804 1170 5861 soleat
1199 5804 1513 5867 Facundos,
1537 5804 1646 5872 jam
1685 5805 1887 5858 monui.
1937 5804 2105 5875 Hujus

526 5896 688 5940 oorro
750 5879 1213 5943 Atnpltilocbiana:
1272 5877 1538 5933 orationis
1583 5877 1909 5932 mentionem
1961 5878 2101 5947 apud

2208 5664 2342 5719 alios
2362 5674 2577 5721 exstare
2611 5679 2717 5719 non
2754 5662 2993 5718 memini.
3034 5662 3297 5718 SIRIOND.

2278 5735 2392 5804 (11)
2433 5734 2573 5788 Deus
2622 5734 2834 5804 dicitur.
2890 5732 3069 5787 Codex
3128 5734 3323 5804 Veron.
3364 5748 3430 5787 ex
3484 5728 3722 5791 coilatioae

2207 5802 2594 5861 Blanchiniaua
2633 5802 2820 5859 Venet.
2858 5804 2988 5859 edit.
3027 5804 3164 5858 Deus
3196 5803 3505 5869 Deus;sed.
