3796 6310
508 224 616 287 ξιιό
1466 227 1522 283 S.
1570 228 2016 285 AMPHILOCHH
2059 229 2444 290 lt‘.()NlENSlS
2482 234 2791 291 EPISCOPI
3701 238 3788 290 Hi

575 343 779 420 gica-ad
809 343 1164 420 Pancharium
1196 344 1796 420 diaconum‘Sidemem.
1833 347 2023 416 Incipit
2049 368 2066 403 :

2243 350 2526 405 διάκονον
2559 344 2741 418 Σίδης
2781 350 3144 420 ὃογματικῆς
3183 350 3525 419 ἐπιστολῆς
3558 370 3574 381 ’
3632 370 3729 419 ης
3770 368 3788 405 1

572 413 803 468 Gavisus
829 429 944 468 sum
972 416 1038 468 de
1080 427 1149 481 te,
1182 415 1263 468 vir
1290 416 1687 484 probatissime.
1952 413 1961 416 ’

2241 421 2415 490 ἀρχή·
2444 422 2654 493 Ἥσθην
2688 413 2780 474 ἐπὶ
2810 413 2914 485 σοι’,
2942 413 3301 491 δοκιμώτατε.

577 503 745 558 Plane
778 505 976 573 impius
1008 516 1091 560 est
1133 517 1187 561 et
1224 507 1431 563 alienus
1461 525 1490 562 a
1526 511 1788 576 veritate,
1840 516 1929 583 qui
1965 532 2066 572 non

2256 511 2483 583 Ἀσεϐὴς
2517 512 2684 576 ὅντως
2720 513 2856 577 ἐστὶ,
2885 513 2980 565 καὶ
3018 514 3117 584 τῆς
3159 513 3413 581 ἀληθείας
3444 514 3783 583 ἀλλότριος

504 595 656 663 dicit,
682 596 956 651 Christum
987 600 1226 669 omnium
1272 598 1604 656 Salvatorem
1636 612 2066 675 creatoremque,

2181 602 2200 653 5
2232 602 2306 672 μὴ
2334 602 2509 670 λέγων
2546 602 2637 656 τὸν
2674 602 2905 674 Χριστὸν
2938 603 3049 673 (20)
3089 603 3183 657 τὸν
3208 605 3432 675 Σωτῆρα
3471 604 3607 657 τῶν
3650 605 3788 657 ὅλωι

503 688 801 741 secundum
834 689 1022 742 ambas
1052 699 1274 743 naturas
1299 690 1494 758 quibus
1514 693 1784 758 consistit,
1816 693 2066 751 facultate

2181 697 2265 748 καὶ
2294 696 2542 767 ποιητὴν,
2573 698 2691 749 κατ’
2720 696 2886 767 ἄμφω
2906 696 3015 750 τῶν
3042 695 3101 761 ἐξ
3131 691 3205 750 ὧν
3236 699 3350 750 ἐστι
3381 697 3532 750 κατὰ
3586 696 3787 765 φύσιν1

504 778 716 833 arbitrii
768 781 1078 849 praditum,
1122 779 1536 851 eﬂicacemque,
1588 795 1752 854 atque
1803 788 1872 841 ab
1923 790 2066 842 omni

2181 788 2537 854 αὐτεξούσιον,
2572 790 2664 843 καὶ
2697 790 2917 861 ὲνεργῆ,
2960 791 3055 843 καὶ
3094 791 3276 862 πάσης
3305 791 3569 861 ἀνάγκης
3630 789 3788 842 ἐλεύ-

506 872 835 926 necessitate
867 871 1090 927 liberum
1100 914 1121 926 ..

2181 880 2349 949 θερον.

2053 995 2258 1061 ,XVII.

1482 1092 1565 1147 Ex
1599 1092 1891 1149 Elementis
1930 1093 2239 1149 Damasceni
2290 1094 2744 1164 Rupefucaldinis.

509 1182 784 1250 Ejusdem,
810 1198 874 1235 ex
899 1182 1530 1276 epistol-qq‘ttamjeripsit
1555 1186 1622 1240 ad
1644 1184 1989 1254 Suadrenm,
2009 1189 2066 1243 de

2184 1189 2530 1276 hirsutae}:
2561 1187 2629 1241 ἐκ
2655 1188 2765 1274 τῇς
2795 1189 3121 1276 γῃαείείᾳῃς
3157 1188 3257 1242 ὑπ’
3295 1189 3485 1276 aptos):
3511 1188 3788 1276 ἐπεστο-

1034 1264 1219 1306 sancta
1256 1251 1538 1309 Trinitate.
1976 1251 1984 1254 ’

2249 1258 2381 1329 λῆςν
2406 1258 2564 1329 ,πρὸς
2606 1251 2753 1325 τούξ
2906 1251 3179 1328 ’Συέδραν
3226 1261 3357 1328 περὶ
3409 1258 3526 1328 τῆς
3589 1259 3787 1329 ἁγίας

584 1406 697 1461 Una
727 1406 1064 1475 potissimum
1095 1409 1146 1462 in
1178 1408 1362 1481 Moyse
1391 1412 1742 1466 annnntiatur
1773 1413 2029 1468 divinitas
2056 1434 2067 1468 :

508 1493 563 1547 in
595 1496 871 1563 prophetis
896 1507 1075 1550 autem
1104 1498 1343 1553 hinarius
1378 1498 1666 1567 plurimum
1708 1502 2065 1570 pra‘dit‘atur;

2248 1328 2594 1489 ἔξόῗτῗὲςμία
2631 1420 2688 1471 ἐν
2732 1418 2956 1472 Μωῦσεῖ
3003 1418 3235 1489 μάλιστα
3279 1419 3785 1488 καταγγέλλεται·

2172 1512 2304 1574 δυὰς
2333 1511 2389 1564 δὲ
2418 1513 2475 1564 ὲν
2508 1511 2813 1581 προφήταις
2844 1511 3044 1581 σφόδρα
3084 1510 3413 1581 κηρύσσεται
3434 1529 3447 1542 ·
3494 1512 3695 1582 Τριὰς
3724 1511 3784 1563 δὲ

508 1588 603 1639 sed
644 1587 695 1640 in
727 1586 1030 1657 Evangeliis
1061 1591 1436 1645 manifestatur
1480 1592 1747 1649 Trinitas:
1783 1598 1950 1664 magis
1980 1613 2066 1649 se-

2181 1606 2231 1657 ὲν
2251 1602 2604 1672 Εὐαγγελίοις
2636 1600 2961 1674 φανεροῦται
2979 1619 2993 1633 ’
3017 1601 3199 1655 πλεῖον
3229 1602 3370 1655 κατὰ
3395 1605 3649 1673 καιροὺς
3682 1604 3781 1656 καὶ

509 1674 745 1727 eundum
783 1683 1079 1745 temporum
1104 1679 1620 1750 generatiouumque
1654 1684 2069 1753 successionem,

503 1763 651 1831 justo
680 1781 982 1836 congruens
1030 1770 1094 1822 ad
1139 1772 1415 1825 scientiam
1447 1783 1501 1827 et
1544 1775 1721 1829 tidem.
1761 1776 1885 1844 Ejus
1910 1793 2071 1847 porro

509 1858 772 1925 scientia,
826 1859 1203 1917 immortalitas
1243 1874 1344 1921 est.
1385 1865 1569 1921 Oritur
1624 1878 1803 1924 autem
1853 1872 2071 1940 adoptio

509 1964 576 2004 ex
613 1951 730 2019 ejus
762 1952 883 2006 fide.
924 1953 1161 2008 Primum
1210 1957 1557 2013 nihilominus
1601 1960 1845 2029 justitias
1893 1967 2071 2017 carnis

509 2039 710 2105 edicit,
741 2041 883 2096 velut
926 2045 1250 2099 exteriorem
1282 2048 1463 2117 templi
1501 2058 1749 2104 ornatum
1790 2051 1843 2104 in
1891 2050 2072 2122 Moyse

509 2133 845 2187 exsuscitet:
870 2146 989 2204 post
1026 2136 1139 2190 haec
1183 2147 1363 2195 autem
1406 2141 1672 2197 secundas
1710 2154 1928 2199 enarrat
1956 2146 2071 2199 ani.

511 2236 613 2274 mae
657 2222 1105 2292 iustiﬁcationes,
1134 2228 1280 2283 velut
1318 2230 1514 2285 Sancta
1574 2246 1800 2289 exornet
1853 2236 1905 2289 in
1951 2237 2071 2292 aliis

512 2312 808 2377 prOphetiis
841 2332 855 2367 :
894 2315 1050 2369 tertio
1107 2316 1338 2387 denique
1379 2320 1599 2389 spiritus
1639 2323 2067 2392 justilicatioues,

510 2402 659 2456 velut
688 2405 1119 2474 propitiatorium
1141 2447 1156 2470 ,
1200 2408 1507 2481 Sanctaque
1537 2425 1845 2469 sanctorum
1864 2457 1879 2483 ,
1905 2419 2073 2471 domi-

508 2495 693 2551 ciliqu
742 2512 938 2562 suum,
999 2500 1050 2552 in
1107 2501 1409 2571 Evangeliis
1439 2506 1539 2560 rite
1563 2518 1870 2576 componat.
1904 2508 2071 2565 Porro

510 2586 670 2640 habet
707 2587 1109 2644 tabernaculum
1166 2604 1449 2660 sanctum,
1505 2597 1759 2664 templum
1804 2609 2067 2665 sanctum,

510 2678 683 2747 legem
725 2680 927 2748 justam
964 2682 1068 2735 illis
1112 2687 1389 2743 comitem.
1431 2685 1644 2743 llahitat
1694 2705 1820 2744 vero
1870 2693 1921 2746 in
1982 2694 2070 2749 illo

509 2766 765 2820 divinitas
801 2784 903 2821 una
944 2770 1205 2826 immensa
1245 2790 1258 2825 :
1292 2789 1393 2826 una
1452 2774 1703 2832 divinitas
1764 2778 2067 2845 ineifabilis,

511 2858 974 2927 inconceptihilis,
1027 2862 1613 2932 incomprehensibilis,
1670 2868 2066 2936 inenarrabilis,

2175 1697 2366 1765 γενεάς
2397 1695 2713 1767 ἁρμόζουσα
2739 1694 2817 1764 τῷ
2840 1693 3033 1764 δικαίῳ
3061 1695 3140 1757 είς
3161 1693 3359 1761 γνῶσιν
3391 1694 3489 1746 καὶ
3528 1694 3736 1746 etiam»
3758 1708 3777 1726 '

2174 1788 2373 1856 γνῶσις
2404 1787 2461 1839 δὲ
2500 1787 2669 1858 αὐτῆς
2708 1786 2995 1839 ἀθανασία.
3041 1786 3135 1838 Ἐκ
3183 1785 3417 1848 πίστεως
3472 1785 3537 1838 δὲ
3587 1785 3775 1853 αὐτῆς

2177 1879 2416 1933 υἱοθεσία
2441 1879 2670 1948 γίνεται.
2717 1878 2874 1933 Ἀλλὰ
2904 1877 3119 1950 πρῶτον
3165 1876 3515 1947 δικαιώματα
3549 1879 3774 1947 σαρκὸς

2175 1970 2457 2039 ἐκφράζει,
2498 1969 2574 2032 ὡς
2607 1970 2948 2041 περιϐόλαιον
2975 1968 3104 2021 ναοῦ
3140 1968 3229 2021 τὸν
3268 1967 3370 2034 ἔξω
3402 1968 3769 2037 διεγείροντα

2176 2065 2233 2116 ὲν
2266 2063 2490 2115 Μωῦσεῖ
2510 2078 2523 2092 ’
2558 2062 2784 2133 δεύτερα
2812 2062 2869 2114 δὲ
2896 2060 3237 2131 δικαιώματα
3264 2061 3439 2130 ψυχῆς
3474 2062 3769 2131 ἐκδιηγεῖ-

2174 2170 2284 2213 ται,
2314 2152 2389 2214 ὼς
2420 2152 2491 2204 τὰ
2517 2151 2681 2219 Ἀγία
2712 2148 3010 2220 κοσμοῦσα,
3040 2152 3097 2203 ὲν
3127 2148 3337 2211 λοιπαῖς
3362 2149 3769 2219 προφητείαις’

2174 2243 2355 2313 τρίτον
2384 2242 2440 2294 δὲ
2477 2242 2819 2312 δικαιώματα
2852 2239 3176 2310 πνεύματος,
3211 2239 3285 2303 ὡς
3322 2239 3379 2293 τὸ
3411 2241 3765 2311 ἱλαστήριον.

2175 2333 2269 2386 καὶ
2300 2332 2368 2386 τὰ
2401 2334 2564 2402 ’Ἅγια
2588 2334 2694 2387 τῶν
2722 2333 2889 2400 ἁγίων
2916 2332 3265 2402 ρυθμίζουσα,
3303 2333 3358 2384 ὲν
3392 2332 3767 2399 Εὑαγγελίοις

2176 2425 2495 2495 κατοίκησιν
2524 2425 2721 2493 ὲαυτῆς
2741 2441 2754 2453 ·
2785 2422 2986 2495 σκηνὴν
3008 2423 3063 2475 δὲ
3087 2423 3267 2491 ἁγίαν,
3291 2423 3416 2476 ναὸν
3442 2423 3639 2491 ἅγιον,
3670 2422 3763 2473 τὸν

2174 2518 2380 2571 δίκαιον
2424 2516 2535 2587 ἔχει
2576 2517 2757 2587 νόμον,
2804 2516 2895 2569 τὸν
2950 2515 3173 2568 συνόντα
3221 2515 3453 2577 τούτοις·
3500 2514 3763 2567 κατοικεῖ

2174 2612 2254 2665 ἐτι
2284 2610 2341 2663 δὲ
2370 2611 2429 2663 ὲν
2451 2608 2598 2679 αὐτῷ
2625 2610 2720 2680 μία
2745 2609 2931 2680 θεότης
2951 2608 3175 2679 ἄπειρος
3195 2625 3209 2638 ·
3236 2607 3331 2678 μία
3362 2607 3562 2676 θεότης
3584 2608 3757 2677 agape.-

2177 2720 2333 2766 στος·
2395 2703 2783 2773 ἀπερινόητος·
2854 2702 3234 2773 ἀκατάληπτος
3258 2718 3281 2773 Ἰ
3326 2701 3758 2771 ἀνεκδιήγητοςο

2175 2794 2402 2865 ἀόρατος
2425 2808 2439 2822 ·
2478 2794 2676 2865 ἑαυτὴν
2708 2792 3048 2862 γινώσκουσα
3092 2792 3224 2863 μόνη
3248 2807 3264 2823 ι
3299 2794 3393 2845 καὶ
3422 2793 3636 2864 ἑαυτὴν
3660 2794 3757 2864 ἑμ-

2176 2885 2473 2955 φανίζουσα
2502 2880 2582 2948 οἷς
2606 2885 2870 2955 βούλεται,
2892 2885 3173 2956 μάρτυρας
3197 2885 3358 2953 ἑαυτῇ
3379 2883 3753 2955 διεγείρουσα,

511 2948 834 3017 invisibilis;
860 2965 979 3020 qua:
1012 2952 1122 3006 sola
1154 2968 1211 3007 se
1238 2954 1349 3024 ipsa
1385 2966 1702 3025 cognoscat;
1743 2973 1913 3028 seque
1954 2964 2066 3030 qui-

2181 2948 2565 3049 προορίξουσα·
2606 2948 3161 3031 ⁷ιῐινωποιοῦσαίιπςίιλιν
3553 2977 3751 3045 ἑαυτῆς

509 3040 613 3095 bus
645 3042 793 3106 velit,
821 3050 982 3098 testes
1012 3045 1111 3099 sibi
1143 3048 1435 3112 suscitans,
1471 3049 1806 3103 manifestam
1847 3055 2069 3122 prodat;

510 3133 897 3199 praedestinans
935 3145 989 3189 et
1029 3135 1369 3204 przeﬁniens:
1411 3139 1474 3192 ad
1522 3156 1672 3192 suam
1718 3158 1928 3197 rursum
1957 3145 2071 3215 glo-

510 3223 649 3278 riam
679 3225 975 3294 ﬁdemque,
1002 3242 1167 3281 unum
1201 3227 1419 3282 faciens.
1465 3231 1603 3286 Sunt
1645 3233 1743 3286 tria
1787 3234 1933 3297 hrnc,
1963 3252 2068 3290 ca:-

510 3313 681 3379 lestia,
716 3320 979 3373 terrestria
1009 3330 1054 3371 et
1088 3320 1292 3387 inferna
1324 3320 1391 3375 ⁸⁸.

2175 3068 2327 3132 δόξαν
2357 3068 2449 3121 καὶ
2491 3068 2690 3122 πίστιν.
2727 3069 2808 3122 Τὰ
2848 3068 2973 3140 τρία
3016 3068 3213 3123 ταῦτα·
3246 3067 3609 3137 ἐπουράνια,
3628 3069 3751 3122 ἐπί-

2176 3177 2322 3228 rem,
2357 3159 2453 3212 καὶ
2482 3160 2862 3228 καταχθόνια.

1815 3440 1897 3494 Ea:
1917 3443 2101 3500 iisdem
2132 3447 2436 3505 Elementis.

1002 3525 1086 3583 Ex
1119 3530 1297 3582 eadem
1329 3530 1569 3598 epistola.

580 3613 678 3683 Qui
722 3630 825 3669 non
858 3618 1144 3673 confitetur
1183 3631 1293 3675 tres
1322 3623 1638 3691 hypostases
1689 3631 1742 3680 et
1786 3640 2093 3694 personas,-

511 3705 565 3760 in
600 3723 701 3760 una
733 3709 1053 3764 substantia.
1104 3710 1303 3776 Porro,
1341 3715 1482 3769 haud
1512 3716 1669 3771 aliam
1709 3717 2065 3774 substantiam

508 3797 632 3851 dico
659 3809 854 3867 praeter
885 3799 1174 3867 deitatem;
1214 3804 1353 3859 haud
1391 3806 1549 3860 aliam
1586 3808 1839 3864 deitatem
1870 3822 2069 3879 praeter

509 3888 901 3944 substantiam:
933 3893 1026 3943 sed
1057 3893 1178 3959 quia
1217 3894 1297 3948 sic
1336 3907 1523 3950 exacte
1558 3912 1665 3951 rem
1708 3900 2063 3969 exquirimus,

508 3979 861 4033 substantiam
886 3996 1175 4049 vocamus;
1207 3995 1265 4038 ut
1296 4003 1363 4041 ne
1394 3989 1533 4042 aliud
1555 4000 1610 4044 et
1630 3991 1771 4046 aliud
1807 3994 2068 4063 ejusmodi

511 4069 658 4124 vafer
689 4071 965 4128 obtendat.

2720 3544 2821 3597 Ἕκ
2854 3543 2962 3612 τῆς
2989 3543 3197 3612 αὐτῆς.
3404 3616 3436 3628 _

2251 3634 2311 3686 '0
2342 3633 2415 3704 μὴ
2451 3634 2727 3704 ὁμολογῶν
2766 3639 2913 3707 τρεῖς
2956 3637 3284 3699 ὑποστάσεις
3327 3638 3383 3689 ὲν
3417 3636 3517 3706 μιᾷ
3548 3635 3742 3709 οὖσίᾳο

2168 3724 2267 3793 οὐχ
2294 3724 2484 3796 ἑτέραν
2528 3726 2586 3779 δὲ
2627 3726 2770 3794 λέγω
2809 3728 2997 3781 οὐσίαν
3038 3726 3189 3797 παρά
3226 3728 3324 3799 τὴν
3347 3726 3617 3797 θεότητα·
3651 3730 3742 3799 οὐχ

2171 3816 2359 3887 ἑτέραν
2401 3817 2457 3869 δὲ
2508 3817 2735 3889 θεότητα
2765 3818 2915 3890 παρά
2959 3820 3058 3890 τὴν
3102 3819 3309 3872 οὐσίαν.
3354 3819 3511 3872 Ἀλλά
3554 3820 3651 3874 διὰ
3687 3822 3741 3872 τὸ

2170 3906 2341 3972 οὕτως
2389 3908 2667 3979 ἀκριϐοῦν,
2701 3909 2884 3962 οὐσίαν
2916 3908 3215 3980 καλοῦμεν·
3251 3909 3335 3963 ἵνα
3373 3908 3446 3980 μὴ
3485 3908 3626 3963 ἄλλο
3654 3910 3741 3963 καὶ

2170 3999 2297 4053 ἄλλο
2325 4001 2353 4052 ὁ
2372 4000 2608 4063 τοιοῦτος
2636 4001 2960 4071 ῥᾳδιουργεῖ.

2045 4201 2255 4262 XVIII.

848 4291 933 4349 Ea:
974 4298 1200 4353 concilio
1227 4298 1441 4355 Nicaeuo
1465 4316 1526 4367 ιι,
1557 4301 1673 4358 Act.
1703 4319 1759 4368 v,
1788 4320 1907 4372 pag.
1934 4304 2094 4368 1014,
2119 4313 2244 4358 tom.
2272 4302 2385 4358 Vlll
2439 4302 2728 4358 Cnncilior.
2763 4305 2888 4358 edit.
2930 4303 3058 4361 Ven.
3110 4303 3273 4359 Labb.

506 4380 687 4438 Sancti
724 4385 1072 4475 Amphilochi}
1103 4392 1327 4475 episcopi
1358 4391 1560 4474 Iconii,
1598 4395 1665 4450 de
1703 4394 1851 4450 falsis
1878 4409 2062 4465 super-

2181 4394 2278 4449 Γοῦ
2314 4394 2497 4475 ἁγίου.
2533 4396 2907 4475 Ἀμφιλοχὶου
2943 4397 3293 4475 ἐπισκόπουΔ
3317 4398 3565 4475 Ἰκονίου
3604 4401 3734 4472 Περὶ

873 4460 1260 4528 scriptionibus
1294 4463 1692 4521 haereticorum.

575 4542 783 4600 .lustum
826 4561 1002 4605 autem
1032 4552 1279 4607 arbitrati
1312 4568 1498 4611 somus
1519 4572 1736 4613 omnem
1760 4574 1948 4616 eorum
1970 4559 2067 4616 de-

508 4638 711 4692 nudare
734 4639 1096 4712 impietatem,
1124 4654 1178 4699 et
1208 4646 1483 4714 publicare
1517 4660 1762 4717 patenter
1792 4667 2063 4719 errorem;

503 4728 759 4795 quoniam
785 4740 836 4784 et
863 4730 1029 4787 libros
1051 4736 1311 4802 quosdam
1329 4748 1635 4804 proponunt
1655 4740 2066 4809 superscriptioo

505 4830 600 4869 nes
646 4818 903 4875 habentes
951 4824 1313 4892 apostolorum
1339 4864 1355 4889 ,
1400 4840 1496 4896 per
1533 4841 1667 4895 quos
1704 4828 2063 4896 simpliciores

503 4921 745 4978 quosque
767 4912 1057 4982 decipiunt.
1081 4913 1171 4986 [Et
1195 4928 1484 4987 postpauca
1518 4919 1631 4990 (l9)
1662 4939 1675 4973 :
1707 4919 2063 4979 Ostendemus

504 4998 646 5052 enim
688 5002 786 5056 hos
817 5003 1015 5073 libros,
1065 5022 1202 5076 quos
1238 5008 1390 5065 nobis
1442 5010 1476 5064 ii
1529 5014 1813 5080 proferunt
1855 5015 1945 5084 qui
1992 5014 2062 5070 ab

507 5088 742 5146 Ecclesia
771 5094 1147 5161 desciverunt,
1200 5115 1305 5153 non
1352 5102 1714 5171 apostolorum
1742 5105 1873 5159 Acta
1916 5120 2059 5173 esse,

505 5181 600 5233 sed
638 5182 939 5239 daemonum
975 5190 1224 5261 scripta.]
1252 5190 1319 5245 Et
1352 5202 1464 5262 post
1498 5194 1607 5249 alia
1640 5209 1659 5248 :
1690 5193 1811 5251 Hac
1846 5197 2060 5266 quidem

574 5295 621 5327 ⁸⁸
645 5292 872 5366 Philipp.
903 5313 961 5365 ιι,
992 5298 1079 5355 10.

578 5410 688 5481 (l9)
732 5410 798 5463 Et
827 5421 941 5479 post
969 5430 1155 5479 pauca.
1190 5416 1388 5473 Desunt
1421 5421 1600 5476 clausa
1637 5423 1688 5476 in
1711 5422 1898 5477 Latina
1930 5425 2059 5478 Cou-

505 5484 748 5536 ciliornm
780 5483 1035 5539 editione.
1066 5484 1348 5543 Consus.

576 5552 685 5619 (20)
732 5550 840 5620 Τρν
870 5554 1144 5620 Χριστόν.
1183 5557 1304 5612 Ηεῐξο
1330 5559 1523 5615 desunt
1570 5561 1624 5615 in
1657 5563 1803 5617 edito
1830 5563 2053 5619 Combe-

507 5618 718 5677 tisiano.
768 5618 840 5676 Ea
878 5618 1003 5679 vero
1041 5626 1370 5685 restituimus
1408 5647 1469 5685 ex
1514 5631 1628 5701 ipso
1668 5631 1975 5702 Sirmoudo,
2023 5653 2053 5691 a

2343 4465 2451 4516 τῶν
2470 4465 2921 4537 ψευδεπιγράφων
2940 4466 3047 4519 τῶν
3067 4469 3216 4538 παρὰ
3241 4469 3555 4539 αίρετικοίς.

2238 4558 2451 4611 Δίκαιον
2472 4558 2530 4611 δὲ
2551 4559 2873 4629 ἡγησάμεθα
2906 4562 3086 4614 πᾶσαν
3114 4560 3290 4615 αὐτῶν
3319 4562 3605 4631 γυμνῶσαι
3644 4565 3731 4635 τὴν

2167 4650 2441 4710 ἀσέϐειαν,
2474 4650 2567 4703 καὶ
2592 4648 2945 4720 δημοσιεῦσαι
2977 4650 3152 4704 αὐτῶν
3180 4651 3276 4723 τὴν
3296 4652 3520 4723 πλάνην.
3555 4654 3731 4708 Ἐπει-

2168 4741 2263 4794 δάν
2295 4743 2387 4795 καὶ
2418 4742 2596 4813 βιϐλία
2637 4741 2759 4796 τινὰ
2789 4743 3175 4814 προϐάλλονται
3208 4745 3515 4815 ἐπιγραφὰς
3543 4746 3730 4816 ἔχοντα

2167 4833 2277 4886 τῶν
2297 4833 2625 4903 ἀποστόλων,
2651 4837 2716 4890 δι’
2739 4830 2813 4890 ὧν
2840 4836 3237 4907 ἁπλουστέρους
3255 4836 3579 4901 ἐξαπατῶσι.
3602 4840 3730 4911 [Καὶ

2162 4928 2289 4994 μετ’
2311 4927 2510 4995 ἀλέγω
2545 4928 2798 4998 Δείξομεν
2831 4928 2939 5000 γάρ
2975 4930 3044 4986 τά
3087 4930 3266 5000 βιϐλία
3308 4930 3499 4996 ταῦτα,
3533 4932 3572 4985 ἃ.
3602 4951 3729 5005 προ-

2166 5015 2387 5085 φέρουσι
2418 5020 2548 5088 ἡμίν
2578 5020 2626 5071 οἱ
2659 5021 2958 5074 ἀποστάται
2988 5023 3086 5093 τῆς
3119 5023 3459 5094 Ἐκκλησίας,
3481 5026 3602 5095 οὐχὶ
3629 5028 3729 5082 τῶν

2166 5108 2475 5163 ἀποστόλων
2504 5111 2757 5182 Πράξεις.
2794 5112 2929 5166 ἀλλά
2982 5115 3247 5186 δαιμόνων
3277 5117 3726 5192 συγγράμματα]

2170 5200 2276 5261 Καὶ
2310 5203 2439 5270 μεθ’
2469 5201 2638 5270 ἕτερα
2661 5219 2675 5233 ο
2717 5202 2900 5257 Ταῦτα
2943 5207 3039 5276 μὲν
3081 5210 3110 5259 ὁ
3150 5207 3444 5271 ἀπόστολος
3480 5210 3725 5283 Ἰωάννης

2163 5440 2268 5492 quo
2298 5425 2597 5498 huiusmodi
2636 5440 2944 5496 excerptum
2976 5430 3182 5498 accepit
3209 5429 3720 5493 ComhefisinsJEt-

2160 5498 2303 5571 enim
2334 5500 2414 5550 vir
2435 5496 2521 5571 ille
2538 5498 2887 5571 doctissimus
2912 5496 3173 5571 integrum
3207 5514 3347 5555 nunc
3380 5499 3574 5571 locutu,
3602 5520 3718 5571 pro.

2162 5580 2220 5619 ut
2251 5566 2396 5620 illum
2426 5568 2708 5631 edidimus,
2735 5570 2925 5624 recitat
2966 5566 3047 5628 ad'
3082 5569 3397 5629 Facundum
3443 5566 3715 5630 Hermian.

2162 5636 2257 5692 lib.
2286 5652 2365 5705 xl,
2389 5654 2507 5708 cap.
2533 5639 2585 5704 5,
2626 5655 2746 5710 pag.
2777 5639 2900 5695 760.
