3796 6310
126 272 165 328 ἷί
173 276 199 328 7
1242 279 1642 335 SENTENTIA}
1681 280 1767 334 ET
1808 279 2186 336 EXCERPTA.

3205 280 3308 336 “8

117 393 197 448 οὐκ
216 386 381 453 εἶπεν,
410 390 441 441 6
470 388 683 459 γράψας
711 390 768 444 ὲν
807 390 887 460 τῷ
922 391 1254 463 Εὑαγγελίῳ,
1290 394 1417 448 ὅτιό
1450 393 1643 465 Κύριος

1764 394 1982 449 Ioannes
2013 392 2285 465 apostolus
2316 405 2651 461 nequaquam
2699 388 2939 455 diceret,
2987 391 3228 447 scribens
3253 395 3306 450 iu

118 484 201 536 ἀπὸ
224 480 311 532 τοῦ
356 480 595 550 σταυροῦ
646 479 811 549 λέγει,
860 482 1010 536 Ἰδοὺ
1041 487 1073 537 ό
1110 488 1240 550 υἱός
1274 500 1423 539 σου·
1460 485 1534 549 ὡς
1561 487 1654 539 καὶ

116 574 199 625 ἀπὸ
220 571 307 641 τῆς
347 570 568 639 ἡμέρας
613 571 823 641 ἐκείνης
859 571 1040 625 λαϐεῖν
1077 574 1167 627 τὸν
1203 573 1357 642 ἅγιον
1398 574 1653 646 Ἰωάννην

117 666 191 733 τὴν
217 662 422 732 Μαρίαν
443 665 528 724 εἰς
556 664 620 715 τὰ
657 662 781 715 ἴδια.
820 664 943 727 Πῶς
971 663 1199 718 ἐνταῦθα
1232 664 1379 733 λέγει
1413 664 1488 736 μὴ
1515 683 1652 736 παρ-

115 757 256 816 that;
290 753 426 805 Ἀλλ’
473 753 628 805 οὐδὲν
673 753 841 818 ξένον.
868 755 1074 827 Ὠσπερ
1102 756 1211 828 γὰρ
1236 758 1263 809 ὁ
1290 756 1491 827 Κύριος
1518 756 1650 827 ἀλή-

116 847 211 898 θειά
254 846 427 909 ἐστιν,
489 844 661 907 οὕτως
714 845 743 897 6
789 845 1029 910 διάϐολος
1076 847 1315 918 ψεύστης
1367 848 1646 918 τυγχάνει.

126 934 346 997 Ἐκεῖνος
391 933 507 1002 γὰρ
562 936 831 1002 ψεύστης
872 936 1024 1001 ἐστὶ,
1076 937 1175 990 καὶ
1204 937 1398 1006 πατὴρ
1421 939 1606 993 αὐτοῦ
1630 954 1645 969 ·

119 1028 194 1078 ml
218 1026 349 1078 ὅταν
376 1024 549 1091 λαλῇ
590 1025 653 1078 τὸ
692 1025 918 1094 ψεῦδος
940 1067 957 1092 ,
998 1028 1067 1081 ἐκ
1106 1028 1224 1081 τῶν
1253 1028 1416 1082 ιδίων
1454 1028 1647 1084 λαλεῖ.

120 1118 202 1169 Καὶ
224 1116 383 1170 ταῦτα
417 1117 520 1187 μὲν
552 1116 789 1188 περὶτοῦ
815 1118 1057 1188 ψεύδους.

1753 484 2060 555 Evangelio,
2088 485 2215 556 quia
2248 483 2504 537 Dominus
2533 482 2584 534 in
2613 496 2774 534 cruce
2796 480 2923 534 dicit
2957 498 2970 534 :
3002 478 3135 534 Ecce
3163 484 3307 550 ﬁlius

1753 589 1871 631 tuus
1902 579 1945 610 ⁸³
1983 596 1997 631 :
2031 578 2101 630 ita
2133 585 2245 630 uta
2271 575 2357 629 die
2389 573 2478 627 illa
2524 574 2792 641 acciperet
2818 570 3054 625 Joannes
3080 571 3304 626 Mariam

1754 673 1807 723 in
1866 685 1983 725 sua.
2040 666 2316 735 Quomodo
2375 679 2503 731 ergo
2547 662 2637 717 hic
2697 663 2827 718 dicit
2879 678 2981 716 non
3039 664 3309 718 adfuisse?

1754 757 1860 813 Sed
1907 758 2036 812 nihil
2069 767 2404 811 extraneum.
2440 753 2592 808 Sicut
2639 754 2781 808 enim
2825 752 3079 808 Dominus
3110 756 3306 810 veritas

1754 861 1871 915 est,
1904 851 1975 904 ita
2006 849 2251 905 diabolus
2277 846 2505 902 mendax
2529 856 2632 903 est.
2663 828 2759 898 Ille
2782 845 2915 898 enim
2958 847 3180 899 mendax
3208 857 3305 911 est,

1753 952 1803 997 et
1844 952 1991 1010 paler
2031 945 2186 1011 ejus:
2215 950 2262 994 et
2295 955 2413 993 cum
2462 937 2691 1007 loquitur
2721 937 3077 1003 mendacium,
3116 953 3181 992 ea:
3212 953 3306 991 suo

1756 1034 1987 1103 loquitur
2015 1032 2081 1085 ὀ.
2117 1031 2221 1087 Sed
2254 1032 2365 1085 haec
2393 1029 2607 1099 quidem
2635 1028 2699 1082 de
2726 1027 3025 1083 mendacio.

1624 1234 1780 1294 XIX.

996 1331 1217 1401 Reliqua
1240 1331 1673 1401 Amphilochiana
1704 1346 1945 1405 excerpta
1976 1351 2090 1405 qua:
2122 1343 2387 1402 superant.

1342 1422 1420 1477 Ex
1441 1434 1629 1479 catena
1658 1425 1712 1479 in
1738 1426 2017 1481 Joannem.

669 1519 1071 1588 Ἀμςοιλοχίου.

175 1610 266 1660 Οὔκ
290 1608 468 1677 ἐπειδὴ
493 1610 525 1662 6
558 1610 687 1673 Υἱὸς
711 1610 804 1663 τοῦ
831 1611 1113 1684 ἀνθρώπου
1154 1612 1419 1684 κατῆλθεν
1443 1616 1506 1667 ὲκ
1530 1616 1637 1669 τῶν

2338 1528 2702 1597 Amphilochii.

1813 1617 1928 1673 Non
1959 1619 2085 1689 quia
2114 1620 2281 1676 Filius
2321 1623 2556 1679 hominis
2600 1625 2875 1679 descendit
2908 1626 2974 1680 de
3004 1625 3177 1691 caelo;
3212 1626 3305 1679 sed

121 1700 336 1767 ώρανῶν,
367 1700 484 1753 ἀλλ’
524 1701 714 1773 ἐπειδὴ
757 1706 785 1755 6
822 1703 1090 1757 κατελθὼν
1129 1704 1255 1768 Υἱὸς
1286 1705 1441 1767 Θεοῦ,
1475 1706 1635 1771 αὐτὸς

1764 1710 1865 1779 |uia
1898 1710 1987 1778 qui
2015 1709 2291 1766 descendit
2331 1712 2424 1767 Dei
2466 1713 2667 1779 Filius,
2702 1714 2746 1768 is
2793 1714 2907 1784 ipse
2935 1714 3178 1771 ascendit
3226 1714 3308 1767 fa-

124 1791 275 1861 ἀνῇλθε
325 1793 620 1876 γενόμενος
668 1795 796 1858 Υἱὸς
847 1795 1130 1866 ἀνθρώπου
1155 1838 1169 1862 ,
1214 1798 1639 1867 ἀσφαλιζόμενος

1764 1811 1863 1856 :tus
1887 1800 2056 1856 Filius
2084 1802 2339 1867 hominis,
2358 1817 2673 1859 asseverans
2703 1804 2841 1859 dixit
2872 1822 2885 1859 :
2922 1803 3092 1860 Nemo
3121 1819 3305 1858 ascen-

122 1883 295 1950 ἔλεγενο
324 1884 535 1951 Οὐδεὶς
580 1885 763 1954 ἀνέϐη
812 1889 900 1952 εἰς
944 1886 1047 1941 τὸν
1089 1890 1365 1956 οὐρανὸν,
1407 1892 1458 1943 ει
1496 1890 1581 1959 μὴ
1607 1894 1640 1943 ὁ

1764 1894 1813 1946 lit
1847 1893 1903 1946 in
1932 1892 2137 1957 calum,
2175 1894 2280 1945 nisi
2306 1894 2395 1963 qui
2418 1895 2686 1947 descendit
2714 1896 2779 1948 de
2807 1896 2933 1949 caelo
2960 1935 2976 1959 ,
3007 1893 3183 1947 Filius
3209 1896 3304 1948 ho-

123 1972 173 2024 ἐκ
199 1971 285 2025 τοῦ
311 1976 569 2041 οὐρανοῦ
612 1976 869 2042 καταϐὰς
912 1981 944 2031 ό
998 1978 1129 2044 Υἱὸς
1157 1978 1262 2032 τοῦ
1307 1978 1640 2047 ἀνθρώπου,

1764 1984 1894 2037 ninis
1930 1983 2019 2053 qui
2047 1994 2120 2036 est
2150 1984 2203 2037 in
2238 1982 2365 2037 caelo
2388 1985 2453 2037 ".
2484 1983 2683 2039 Christi
2719 1985 2860 2037 enim
2892 1998 3019 2038 caro
3051 1990 3171 2051 post
3191 1980 3298 2035 Re-

123 2061 235 2114 ὀῶν
272 2064 336 2115 ἐν
378 2063 458 2129 τῷ
494 2065 753 2134 οὐρανῷ.
802 2068 1040 2140 Ἀπαθὴς
1084 2070 1191 2141 γὰρ
1236 2073 1331 2124 καὶ
1378 2072 1642 2137 ἀθάνατος

1764 2076 2130 2129 sui-rectionem
2159 2116 2174 2141 ,
2210 2075 2461 2129 immunis
2516 2090 2544 2128 a
2604 2075 2852 2144 passione
2882 2084 2938 2129 et
2964 2073 3301 2138 immortalis,

128 2152 231 2221 μετὰ
249 2155 335 2225 τῆς
365 2157 720 2221 ἀναστάσεως
750 2160 1014 2232 γενομένη
1048 2164 1080 2231 ἡ
1108 2162 1244 2235 σὰρξ
1269 2163 1357 2216 διὰ
1384 2165 1482 2234 τὴν
1510 2164 1643 2236 πρὸς

1764 2165 2117 2219 :ommunione
2168 2166 2234 2217 ad
2287 2164 2452 2217 Deum
2497 2164 2689 2217 evasit.
2738 2162 2936 2216 Eadem
2987 2160 3131 2214 enim
3182 2174 3304 2213 cum

124 2242 225 2294 Θεὸν
242 2246 507 2301 κοινωνίαν
530 2262 547 2279 ο
591 2248 912 2320 ἀδιαιρέτως
946 2253 1053 2323 γάρ
1080 2254 1224 2307 ἐστιν
1252 2254 1399 2326 αὑτῷ
1426 2256 1524 2326 τῆς
1547 2256 1643 2309 αὑ-

1766 2268 1863 2324 pso
1889 2293 1904 2318 ,
1939 2253 2166 2308 indivise
2188 2292 2204 2318 ,
2259 2254 2501 2308 sessione
2543 2254 2806 2308 honorata
2837 2261 2940 2307 est.
2973 2252 3308 2321 Quapropter

124 2333 197 2401 τῆς
214 2334 463 2407 ἡξιωμένη
493 2338 803 2410 καθέδρας’
842 2340 921 2394 διὸ
962 2343 1056 2395 καί
1099 2343 1309 2408 Παῦλος
1333 2345 1548 2413 ἔλεγεν·
1586 2347 1642 2398 '0

1764 2345 1905 2399 :tiam
1962 2343 2159 2399 Paulus
2209 2344 2457 2411 δίωραὶ
2496 2346 2784 2411 descendit,
2837 2346 2945 2413 ipse
3001 2354 3076 2397 est
3126 2353 3172 2397 et
3216 2342 3306 2409 qui

127 2427 353 2491 καταὸὰς,
381 2431 567 2495 αὑτός
594 2430 726 2483 ἐστι
770 2432 867 2485 καὶ
906 2435 939 2487 ὁ
967 2434 1191 2501 ἀναϐὰς
1226 2436 1498 2505 ὑπεράνω
1528 2435 1643 2491 τῶν

1764 2437 1979 2491 tscendit
2004 2454 2159 2507 super
2188 2437 2364 2503 ctelos,
2396 2448 2451 2492 ut
2489 2437 2718 2507 impleret
2749 2439 2923 2491 omnia
2957 2439 3025 2491 θ’.

124 2516 361 2584 οὐρανῶν,
393 2520 490 2573 Ira
524 2521 825 2591 πληρώσῃ
854 2524 926 2578 τὰ
954 2524 1169 2580 πάντα.

1121 2640 1271 2708 Apud
1304 2640 1640 2693 Anastasium
1662 2639 1718 2692 in
1756 2636 1995 2706 Hodego,
2022 2653 2139 2705 cap.
2168 2635 2256 2689 10.

666 2728 1069 2798 ἈμφιλοχίΟυ.

2344 2726 2711 2795 Amphilochii.

179 2811 253 2874 Εἰς
276 2813 326 2866 ἒν
361 2817 465 2888 γὰρ
514 2819 832 2889 πρόσωπον,
873 2820 1053 2884 καθὼς
1094 2821 1187 2874 καὶ
1231 2821 1468 2893 ὑμετέρα
1498 2821 1638 2875 διδά-

1816 2820 1874 2875 ln
1902 2835 2063 2874 unam
2092 2819 2235 2873 enim
2264 2833 2572 2889 personam,
2597 2818 2737 2873 sicut
2758 2826 2812 2872 et
2841 2824 3018 2872 vestra
3046 2814 3305 2870 sanctitas

127 2912 219 2949 σιει
238 2902 495 2973 ἀγιοσύνη,
532 2907 871 2978 συνέδραμον
897 2910 953 2961 al
974 2909 1066 2962 δύο
1100 2910 1287 2979 φύσεις
1305 2927 1318 2940 ·
1344 2911 1518 2983 ἇσπερ
1544 2912 1637 2964 καὶ

1764 2910 1918 2976 locet,
1948 2918 2319 2963 convenerunt
2348 2910 2464 2963 dua:
2494 2918 2729 2973 natura;
2771 2923 2905 2977 quas
2929 2915 2983 2961 et
3013 2907 3064 2959 in
3089 2904 3304 2960 Christo

128 2983 250 3054 tim,
273 2996 354 3046 καὶ
373 2995 640 3059 σώζεσθαι
666 2999 949 3070 ἀτρέπτως
978 3001 1071 3054 καὶ
1095 3001 1410 3072 ἀδιαιρέτως
1433 3004 1489 3055 ὲν
1513 3005 1639 3072 Χρι-

1764 3019 1860 3059 :sse
1893 3014 1947 3059 et
1984 3004 2295 3058 conservari
2338 3000 2746 3057 immutabiliter
2792 3010 2848 3056 et
2883 2997 3302 3061 indivisibiliter,

129 3079 213 3150 στῴ
232 3085 597 3159 ὁμολογοῦμεν.

1764 3094 2077 3150 :onlitemur.

1624 3192 1751 3251 XX.

1089 3288 1482 3346 Ex-Elementis
1510 3289 1818 3347 Damasceni
1853 3291 2306 3362 Rupefucaldinis.

662 3376 1067 3473 ’.Σίμςοιλοχίοο
1182 3470 1195 3473 Α
1280 3471 1288 3473 _
1666 3412 1712 3473 Ο
1824 3472 1829 3473 7
2202 3472 2207 3473 ν
2342 3378 2708 3473 Amphilochii.

185 3458 359 3533 Ὥσπερ
392 3465 541 3530 τινας
573 3466 953 3535 παιδαγωγοὺς
994 3469 1027 3540 ἢ
1059 3470 1427 3540 ,παιδονόμους
1455 3474 1634 3524 ἐπιτε-

132 3553 379 3619 ταγμένους
392 3557 497 3619 τοῖς
528 3556 837 3627 ἀνθρώποις
859 3561 984 3623 τοὺς
1006 3561 1266 3631 ἀγγέλους
1294 3562 1413 3616 ἰδὼν
1433 3564 1462 3615 ὁ
1476 3563 1635 3617 ’Λπό-

134 3640 295 3706 στολος,
319 3647 393 3709 είς
427 3649 739 3721 μαρτυρίαν
758 3650 1032 3706 ἐκάλεσεν.

1808 3472 1941 3529 Cum
1994 3472 2280 3542 Apostolus
2318 3470 2536 3539 angelos
2582 3485 2676 3524 ceu
2700 3469 3013 3538 paedagogos
3039 3469 3296 3537 quosdam

1739 3573 1794 3618 et
1828 3562 2168 3617 institutores
2215 3558 2523 3614 hominibus
2578 3556 2857 3627 praefectos
2907 3556 3295 3619 consideraret,

1741 3654 1951 3707 vocavit
1984 3652 2035 3706 in
2067 3660 2229 3706 testes
2256 3648 2323 3703 ”.

1372 3848 1457 3903 Ea:
1487 3850 1672 3905 iisdem
1697 3848 2006 3904 Elemeutis.

201 3926 290 3980 Τοῦ
312 3929 468 3999 ἁγίου
510 3936 898 4006 Ἀμφιλοχίου
928 3938 1259 3994 ἐπισκόπου
1304 3941 1566 3997 Ἰκονίου.

190 4016 296 4080 θεάς
320 4021 518 4089 λέγεται
549 4027 689 4097 (21),
720 4028 808 4081 διὰ
836 4030 899 4083 τὸ
940 4031 1236 4084 τεθεικέναι
1268 4032 1336 4085 τὰ
1374 4033 1548 4088 πάντα
1571 4037 1640 4106 τῇ

1982 3938 2165 3995 Sancti
2202 3935 2547 4006 Amphilochii
2589 3934 2816 4002 episcopi
2856 3932 3048 3987 Iconii.

1812 4033 2014 4088 Dicitur
2056 4032 2222 4096 Θεός,
2270 4031 2372 4084 hoc
2397 4038 2508 4093 est,
2542 4029 2718 4093 Deus;
2770 4026 2911 4095 quod
2952 4023 3129 4078 omnia
3159 4037 3290 4078 con-

141 4104 291 4197 iamﬁ
312 4113 573 4190 ὲξουσίᾳῆ
612 4121 910 4191 ἀσφαλείᾳ·
949 4121 1041 4174 καὶ
1087 4121 1174 4176 διὰ
1211 4124 1271 4176 τὸ
1306 4123 1465 4188 Θέειν,
1504 4104 1641 4197 ὅπερ

1764 4123 1978 4178 .tituerit
2009 4122 2062 4176 in
2094 4137 2188 4176 sua
2217 4128 2513 4189 potestate,
2552 4126 2607 4171 et
2645 4117 2968 4175 constituta.
3002 4114 3292 4183 protectio-

140 4194 230 4286 ἐστὶ
249 4202 430 4273 τρέχειν
456 4210 548 4263 καὶ
576 4213 747 4265 κινεῖν
783 4212 876 4264 καὶ
913 4212 1199 4284 κυὸερνᾷν,
1238 4216 1345 4269 καὶ
1360 4194 1640 4286 ζωογονείν

1764 4230 1808 4270 te
1830 4214 2093 4270 custodiat
2130 4231 2143 4267 :
2175 4212 2258 4266 vel
2282 4211 2432 4275 Θεός,
2463 4209 2550 4263 διὰ
2588 4209 2649 4260 τό
2687 4207 2858 4273 θέειν,
2891 4206 3031 4274 quod
3058 4214 3142 4258 est
3170 4219 3296 4257 cur-

142 4284 384 4349 ti‘mhna,

1741 4321 1899 4372 rere,
1955 4304 2241 4379 omniaque
2281 4316 2526 4371 movere,
2576 4312 2631 4355 et
2661 4302 2961 4371 gubernare
2986 4337 3003 4363 ,
3034 4306 3089 4351 et
3125 4296 3293 4349 vivifi-

1740 4412 1802 4452 ca
1810 4412 1886 4454 re.

652 4595 738 4651 Ex
764 4595 1051 4667 Euphemio
1074 4602 1414 4665 Antiocheno,
1448 4620 1533 4671 ap.
1566 4601 1833 4670 Photium,
1867 4603 2113 4658 Bibliotlt.
2149 4601 2267 4656 cod.
2292 4616 2505 4669 ccxxxx,
2534 4599 2727 4670 p.1790.

196 4681 282 4733 Kal
310 4685 338 4736 ό
367 4684 431 4737 ἐν
455 4688 642 4757 ἁγίοις
674 4687 742 4739 δὲ
776 4689 880 4742 τοῦ
920 4690 1173 4745 Ἰκονίου
1205 4692 1488 4759 πρόεδρος
1522 4694 1643 4762 Ἀμ-

1816 4694 2042 4750 Sanctus
2070 4709 2269 4763 quoque
2292 4692 2686 4761 Amphilochius
2721 4690 2887 4743 Iconii
2927 4688 3194 4756 episcopus
3220 4688 3293 4740 ita

147 4773 364 4840 φαόχιος
380 4778 521 4832 οὕτω
547 4781 743 4848 φησιν
766 4796 780 4809 ·
816 4782 1033 4852 Ὀρᾶται
1064 4783 1347 4853 τοιγαροῦν
1378 4787 1524 4847 ὅπως
1550 4788 1641 4839 καὶ

1764 4786 1812 4838 iit
1845 4802 1861 4840 :
1890 4787 2127 4855 Apparet
2152 4792 2300 4839 certe
2342 4783 2554 4837 divinos
2589 4782 2780 4835 Patres
2819 4791 3033 4834 nostros
3064 4778 3295 4833 consub-

148 4862 187 4908 οἱ
210 4861 438 4921 Bestiam:
458 4872 699 4941 Πατέρες
716 4872 994 4943 ὁμοούσιον
1026 4876 1275 4946 εἰρήκασι
1296 4875 1387 4928 τὸν
1418 4876 1543 4929 Υἰδν
1564 4876 1642 4947 τῷ

1768 4878 2041 4933 tantialem
2069 4889 2315 4932 asserere
2366 4873 2513 4927 Patri
2556 4872 2749 4926 Filium
2788 4872 3080 4926 secundum
3101 4869 3293 4923 divini-

151 4952 282 5023 Πατρὶ
304 4961 426 5014 κατὰ
452 4962 544 5034 τὴν
596 4963 841 5035 θεότητα,
890 4966 981 5017 καὶ
1027 4965 1307 5035 ὁμοούσιον
1349 4969 1415 5038 τῇ
1460 4968 1643 5039 Μητρὶ

1764 4977 1926 5034 atem,
1956 4977 2012 5024 et
2046 4966 2559 5023 consubstantialem
2585 4963 2741 5017 Matri
2771 4962 3064 5017 secundum
3096 4962 3288 5015 huma-

149 5046 256 5097 me
298 5050 380 5121 τὴν
420 5054 837 5126 ἀνθρωπότητα,
892 5055 1110 5109 διπλοῦν
1158 5055 1256 5127 τὴν
1309 5056 1492 5110 οὐσίαν
1527 5059 1643 5128 ἦτοι

1764 5062 1996 5129 ntalem;
2053 5061 2316 5131 duplicem
2350 5058 2525 5128 quoad
2556 5058 2842 5112 essentiam
2872 5057 2986 5110 sive
3022 5064 3292 5120 naturam,

153 5137 259 5189 κατὰ
284 5140 366 5212 τὴν
394 5146 545 5214 φύσιν
560 5166 574 5178 ·
598 5149 660 5201 οὐ
684 5146 902 5201 διπλοῦν
934 5148 989 5202 δὲ
1012 5150 1109 5219 τὴν
1131 5149 1442 5206 ὑπόστασιν.

1743 5167 1847 5206 non
1875 5151 2140 5220 duplicem
2180 5152 2355 5220 quoad
2400 5162 2699 5219 personam.

205 5248 385 5311 "Joan.
413 5276 498 5316 nx
519 5305 533 5328 ,
563 5263 616 5319 6.
707 5263 753 5294 '°
784 5262 935 5320 Joau.
963 5280 1057 5319 vm
1082 5306 1097 5330 ,
1125 5265 1221 5320 44.
1265 5268 1307 5297 ³³
1331 5264 1484 5321 Joan.
1519 5281 1601 5329 ιιι,
1637 5281 1643 5319 1

1806 5266 1852 5298 ”
1882 5265 2082 5336 Ephes.
2116 5280 2188 5330 IV,
2224 5265 2309 5318 10.
2383 5263 2430 5296 ’³
2462 5262 2624 5318 Hebr.
2654 5278 2694 5327 ι,
2726 5262 2814 5316 l-l.

208 5365 296 5450 ξῗί)
324 5375 449 5450 θεὸς
479 5380 729 5449 λέγεται.
771 5380 1079 5447 Huiusmodi
1117 5391 1425 5450 excerplum
1462 5388 1636 5450 exstat
1743 5379 1870 5450 tatis
1902 5379 2039 5450 idem
2073 5377 2309 5450 occurrit
2340 5376 2479 5450 apud
2520 5375 2872 5450 Theophilum
2904 5374 3290 5450 Antiochenam

157 5436 321 5507 φῖάοιιι
348 5444 393 5497 in
423 5436 691 5504 Parallelis
726 5436 1209 5507 Dom-ascenicisiex
1236 5436 1340 5505 m's.
1375 5451 1492 5504 cod.
1526 5448 1633 5502 Ru-

1741 5448 1834 5501 lih.
1866 5465 1880 5501 l
1908 5448 1975 5500 ad
2003 5446 2365 5518 Autolycum,§
2389 5446 2443 5512 4,
2471 5450 2617 5518 unde
2630 5460 2724 5518 sua
2750 5445 2882 5499 forte
2902 5446 3151 5518 hauserit
3172 5444 3296 5518 Aru-

159 5503 431 5591 lffllcjldino
458 5503 697 5591 vulgatis,
725 5503 1244 5591 ionift'lj'ﬁigf'zss,
1274 5503 1359 5574 uhi
1385 5503 1634 5574 tribuitur
1741 5518 2059 5591 philochius.
2103 5503 2279 5591 Atlisis
2320 5503 2529 5574 'iios'tra:
2583 5516 2828 5570 Biblioth.
2890 5512 3005 5568 ΙῬ.
3064 5524 3193 5567 lout.
3227 5513 3293 5573 ll.

159 5571 466 5642 Amphilochio
486 5571 1420 5666 ιαόηίὲιῖιέίὲῇίέὲὸὶιῦζέέὰἷςέυέύιιὲ
1439 5571 1633 5647 milia;
1741 5571 1870 5659 ίιιιε.
1905 5588 1988 5654 79,
2016 5571 2125 5644 not.
2154 5590 2209 5642 6.

1640 5708 1710 5721 ..-
