3796 6302
458 259 561 317 “9

384 432 387 437 ι
461 415 1151 446 m

1405 266 1461 320 S.
1498 264 1934 320 AMPHILOCHII
1971 264 2348 321 ICONIENSIS
2392 264 2722 321 EPISCOPI.

3592 263 3722 316 l2”

2191 426 2525 437 ————

2529 426 2937 434 *σο-η..-

660 422 1589 450 __.__..____=..=______
1604 424 2184 452 ==m
2196 423 3693 453 ________m

1110 628 1821 715 ΑΜΦΙΛΟΧΙΟΥ
1856 627 2518 716 ΕΠΙΣΚΟΠΟΥ
2554 628 3022 714 ΙΚΟΝΙΟΥ

1559 813 1667 865 ΕΙΣ
1698 812 1841 867 ΤΗΝ
1863 813 2568 868 ΜΕΣΟΠΕΝΤΗΚΟΣΤΗΝ

1029 966 1136 1023 Καὶ
1186 970 1271 1033 εἰς
1322 968 1427 1021 τὸν
1470 968 1835 1037 παράλυτον,
1884 967 1984 1021 καὶ
2022 970 2109 1025 sic
2139 969 2226 1034 τὸ,
2261 987 2281 1019 r
2330 968 2426 1036 Μὴ
2472 923 2701 1036 replicate
2739 969 2862 1021 κατ’
2904 968 3065 1037 ὄψιν.
3095 988 3117 1021 s

1125 1279 1938 1373 AMPHILOCHII
1993 1267 2979 1375 EPISCOPI‘ICONII

1597 1473 1665 1531 ΙΝ
1704 1475 2381 1535 MESOPENTECOSTEN
2422 1477 2535 1549 (22)
2552 1516 2570 1543 ,

871 1636 940 1695 In
976 1632 1385 1715 paralyticum
1418 1637 1488 1709 ",
1518 1641 1579 1696 et
1604 1636 1670 1697 in
1705 1636 1859 1700 illud
1889 1656 1901 1699 :
1937 1662 1965 1695 «
1998 1637 2199 1702 Nolite
2216 1636 2497 1717 judicare
2525 1642 2869 1703 secundum
2890 1638 3114 1704 faciem
3134 1645 3201 1702 ".
3232 1666 3260 1699 ››

535 1801 701 1871 (Edit.
735 1799 940 1856 Christ.
976 1798 1123 1853 Frid.
1163 1799 1397 1874 Matthaei
1427 1815 1547 1855 cum
1579 1797 1816 1874 Gregorii
1849 1799 2317 1874 Thessalonicensis
2358 1802 2513 1874 Orat.
2550 1802 2601 1856 X
2618 1844 2632 1867 ,
2662 1803 2921 1867 Mnsquzr,
2944 1805 3099 1874 1776,
3132 1805 3295 1871 in-8°,
3322 1822 3383 1861 ex
3430 1810 3626 1865 codice

1127 1870 1426 1926 membran.
1456 1886 1694 1933 δείλη,
1715 1872 1805 1940 qui
1826 1881 1909 1925 est
1934 1872 2265 1927 bibliotheca:
2293 1873 2568 1939 synodalis
2591 1891 2741 1931 num.
2767 1875 3019 1946 CCXXI.)

535 2190 591 2245 Yn
624 2189 857 2246 Sabbato
895 2191 1028 2246 dixit
1057 2191 1316 2246 Dominus
1343 2192 1409 2246 ad
1454 2191 1805 2262 paralyticum
1838 2211 1851 2245 :
1886 2192 2020 2247 Sur-
2052 2197 2096 2251 Α

468 2299 605 2350 gens.
643 2282 763 2336 tolle
790 2282 1062 2353 grabatum
1090 2292 1256 2347 tuum,
1289 2294 1335 2336 et
1360 2285 1488 2338 vade
1518 2285 1571 2337 in
1599 2284 1809 2337 domum
1841 2292 2023 2346 tuam;

470 2385 527 2430 et
550 2384 834 2445 propterea
870 2375 1086 2431 dicebat
1120 2374 1316 2430 Iudaeis
1346 2394 1360 2429 :
1398 2376 1515 2429 Mea
1545 2375 1785 2428 doctrina
1816 2392 1916 2428 non
1950 2385 2025 2428 est

467 2485 604 2533 mea,
639 2469 728 2521 sed
766 2468 878 2537 ejus
907 2469 995 2537 qui
1026 2469 1162 2521 misit
1189 2485 1289 2532 me,
1339 2467 1521 2524 Patris
1552 2469 1617 2521 ”.
1657 2467 1807 2535 Quod
1846 2475 2025 2522 autem

466 2558 641 2623 Jesus,
672 2570 884 2629 propter
921 2561 1200 2629 paralytici
1232 2561 1563 2615 curationem
1613 2559 1662 2613 vi
1688 2560 2027 2629 omnipoten-

472 2648 539 2702 tis
564 2649 850 2704 voluntatis
871 2664 980 2703 suze
1005 2649 1273 2713 effectam,
1305 2651 1419 2705 lucc
1454 2650 1615 2706 verba
1643 2648 1845 2705 Judmis
1880 2650 2029 2704 dixe-

472 2739 557 2801 rit,
577 2754 642 2792 ex
665 2740 729 2793 iis
756 2754 873 2809 quae
893 2755 1059 2809 nuper
1081 2742 1215 2793 lecta
1235 2749 1380 2806 sunt,
1425 2741 1809 2795 demonstratio
1853 2751 2033 2808 peten-

470 2829 533 2882 da
554 2839 653 2883 est.
682 2830 806 2884 Inde
833 2832 972 2886 enim
998 2832 1245 2900 probavit
1262 2832 1520 2886 Dominus
1546 2847 1696 2885 suam
1727 2846 1847 2885 cum
1870 2831 2031 2886 Patre

472 2922 1103 2977 consubstantialitatem.
1130 2921 1185 2977 Si
1207 2923 1344 2976 enim
1367 2923 1589 2977 dixisset
1608 2922 1862 2977 Dominus
1882 2938 1895 2974 :
1918 2920 2028 2976 Mea

472 3014 711 3067 doctrina
745 3030 849 3069 non
882 3025 963 3069 est
993 3015 1186 3078 Patris,
1219 3015 1310 3070 sed
1335 3030 1449 3068 mea
1476 3023 1579 3079 est,
1604 3029 1662 3068 se
1701 3029 1729 3066 a
1753 3012 1912 3067 Patre
1942 3027 2028 3068 se-

474 3115 737 3173 psrasset,
777 3108 843 3161 ab
874 3106 1037 3173 ipsius
1083 3106 1379 3161 substantia
1412 3122 1470 3159 se
1513 3105 1743 3159 alienum
1792 3106 2031 3171 fecisset,

473 3199 659 3254 salutis
687 3200 934 3253 humanae
963 3198 1246 3268 abiecisset
1281 3200 1658 3255 (economiam.
1688 3200 1820 3255 Cum
1853 3212 2030 3255 autem

475 3293 716 3347 dixerit:
754 3291 871 3345 Alea
910 3293 1150 3345 doctrina
1205 3309 1307 3346 non
1355 3304 1428 3345 est
1476 3309 1612 3359 mea,
1648 3294 1736 3347 sed
1784 3296 1896 3364 ejus
1944 3294 2033 3353 qui

476 3388 615 3440 misit
651 3402 750 3450 me,
780 3382 980 3447 Patris.
1013 3387 1247 3439 ostendit
1271 3400 1328 3439 se
1363 3384 1508 3440 Patri
1539 3400 1659 3442 esse
1681 3388 2034 3442 consubstan-

478 3479 677 3545 tialem,
713 3493 977 3549 unamque
1005 3486 1060 3532 et
1088 3478 1329 3533 eamdem
1362 3492 1483 3533 esse
1513 3479 1808 3534 doctrinam
1835 3478 2031 3546 Patris,

476 3572 594 3627 Filii
624 3582 677 3626 et
702 3571 934 3642 Spiritus
977 3572 1169 3626 sancti.
1232 3571 1517 3627 Enimvero
1559 3588 1695 3627 unus
1741 3582 1824 3627 est
1871 3571 2037 3627 Filius

476 3664 655 3720 Patris
682 3663 951 3727 Verbum;
1006 3674 1061 3717 et
1096 3679 1234 3719 unus
1281 3662 1513 3731 Spiritus
1553 3662 1750 3728 Patris,
1802 3664 2037 3733 Spiritus

485 3765 703 3813 sanctus
729 3756 864 3827 (25).
905 3754 1041 3810 Num
1088 3756 1252 3824 igitur
1306 3756 1422 3810 ﬁeri
1462 3757 1647 3825 possit,
1702 3755 1804 3809 alia
1845 3755 2038 3809 docere

480 3848 735 3909 Verbum,
768 3848 869 3902 alia
905 3847 1167 3916 Spiritum
1196 3848 1477 3902 sanctum?
1517 3846 1753 3913 Minime,
1787 3846 2035 3911 minime;

478 3941 609 3995 dicit
639 3942 781 3995 enim
826 3941 1015 3995 beatus
1044 3939 1327 4009 Apostolus
1360 3957 1375 3993 :
1407 3937 1574 3993 Nemo
1628 3938 1723 3992 scit
1753 3954 1870 4007 qua:
1915 3946 2039 3991 sunt

478 4034 724 4096 hominis,
765 4034 866 4086 nisi
891 4033 1104 4101 spiritus
1134 4032 1354 4085 hominis
1388 4032 1477 4099 qui
1498 4033 1551 4083 in
1582 4032 1693 4097 ipso
1723 4040 1797 4084 est
1827 4046 1845 4084 :
1882 4033 1959 4083 ita
1989 4038 2037 4083 et

479 4143 594 4197 quae
639 4124 733 4179 Dei
770 4136 887 4179 sunt
934 4140 1080 4178 nemo
1138 4124 1389 4194 cognovit,
1432 4124 1531 4176 nisi
1558 4120 1783 4191 Spiritus
1843 4121 1940 4175 Dei
1968 4121 2036 4175 ".

481 4222 687 4275 Rursus
712 4228 891 4273 autem
918 4216 1124 4281 Jesum,
1156 4227 1373 4285 propter
1397 4215 1672 4286 paralytici
1704 4216 2038 4269 curationem

480 4312 533 4365 vi
570 4309 947 4379 omnipotentis
979 4307 1269 4362 voluntatis
1291 4320 1399 4361 sua:
1438 4304 1705 4370 effectam,
1738 4305 1817 4360 sic
1841 4303 2043 4361 Iudaeis

482 4402 648 4457 fuisse
684 4402 936 4465 locutum,
969 4415 1035 4455 ex
1070 4401 1160 4455 illo
1210 4400 1370 4455 etiam
1425 4400 1700 4466 probatur,
1756 4399 1896 4467 quod
1940 4398 2043 4451 Do«

485 4494 687 4548 Ininum
721 4493 879 4547 modo
914 4493 1147 4548 audieris
1198 4491 1461 4545 dicentem
1491 4509 1504 4543 :
1542 4488 1713 4543 Unum
1761 4506 1886 4557 opus
1920 4490 2039 4558 feci,

483 4597 529 4639 et
558 4602 732 4640 omnes
778 4586 1060 4642 miramini.
1120 4584 1398 4653 Propterea
1451 4582 1654 4653 Moyses
1712 4584 1852 4636 dedit
1903 4583 2042 4637 vobis

484 4678 924 4731 circumcisionem
954 4676 1229 4744 (nonquia
1254 4691 1318 4728 ea:
1352 4673 1533 4744 Moyse
1556 4685 1651 4737 est,
1676 4674 1765 4726 sed
1786 4690 1851 4726 ea:
1882 4674 2045 4739 patri-

482 4768 620 4837 bus).
653 4780 697 4821 et
722 4770 779 4822 in
825 4766 1052 4822 Sabbato
1090 4766 1460 4817 circumciditis
1517 4764 1794 4817 hominem.
1828 4762 1889 4818 Si
1936 4764 2040 4815 cir-

2072 3545 2110 3598 Β

2206 2192 2293 2243 Ἐν
2336 2188 2599 2261 Σαϐϐάτῳ
2641 2190 2775 2261 πρὸς
2805 2188 2894 2242 τὸν
2926 2189 3236 2262 παράλυτον
3270 2193 3298 2244 6
3334 2190 3539 2262 Κύριος
3572 2192 3664 2246 ἔλα

2127 2301 2254 2352 γεν’
2309 2283 2600 2352 Ἐγερθεὶς
2666 2276 2814 2350 ἆρον
2861 2283 2967 2335 τὸν
3020 2282 3349 2351 κράϐϐατόν
3401 2300 3539 2348 σου,
3594 2284 3693 2338 και

2127 2379 2317 2448 ὕπαγε
2356 2382 2442 2444 εἰς
2471 2380 2575 2431 τὸν
2612 2372 2779 2430 οἶκόν
2815 2392 2959 2430 aov'
2992 2377 3086 2428 καὶ
3131 2376 3316 2430 τούτου
3350 2376 3511 2447 χάριν
3559 2378 3696 2447 πρὸς

2126 2469 2252 2532 τοὺς
2304 2467 2585 2531 Ἰουδαίους
2624 2467 2826 2534 ἔλεγεν,
2864 2466 2937 2519 Ἦ
2970 2465 3081 2534 ἐμὴ
3131 2465 3343 2535 διδαχὴ
3375 2469 3483 2519 οὐκ
3520 2465 3695 2519 ἐστιν

2128 2561 2261 2628 ἐμὴ,
2296 2559 2453 2613 ἀλλὰ
2496 2559 2601 2612 τοῦ
2639 2557 2985 2626 πέμψαντός
3033 2573 3109 2625 με
3163 2558 3406 2625 Πατρός.
3448 2558 3559 2610 Καὶ
3612 2558 3693 2609 ὅτι

2129 2652 2215 2705 διὰ
2242 2654 2335 2723 τὴν
2365 2651 2499 2722 πρὸς
2525 2650 2613 2704 τὸν
2648 2650 2952 2722 παράλυτον
2979 2647 3318 2712 αὐτεξούσιον
3350 2648 3643 2720 Θεραπεία-δ
3668 2652 3696 2701 ὀ

2130 2742 2330 2814 Κύριος
2347 2743 2480 2812 πρὸς
2494 2743 2616 2806 τοὺς
2632 2741 2915 2803 Ἰουδαίους
2935 2739 3153 2803 τούτους
3169 2736 3317 2792 εἶπεν
3338 2741 3460 2803 τοὺς
3481 2740 3692 2808 λόγους,

2132 2834 2194 2887 ὲκ
2241 2834 2346 2886 τῶν
2391 2834 2592 2905 ἀρτίως
2638 2832 3088 2900 ἀναγνωσθέντων
3135 2832 3375 2903 λάμϐανε
3422 2832 3520 2903 τὴν
3562 2832 3697 2885 ἀπόο

2131 2923 2314 2990 δεῖξιν.
2349 2925 2538 2977 Ἔνθεν
2588 2924 2695 2994 γὰρ
2733 2926 2760 2976 6
2794 2923 2998 2995 Κύριος
3029 2922 3401 2996 φανερώτερον
3430 2925 3699 2994 ἐμήνυσεν

2132 3019 2192 3072 τὸ
2216 3016 2630 3087 ἀπαράλλακτον
2656 3016 2847 3069 ἑαυτοῦ
2879 3016 2971 3069 καὶ
2997 3015 3090 3068 τοῦ
3131 3016 3361 3087 Πατρός.
3393 3016 3455 3068 Εἰ
3493 3011 3561 3086 ἦν
3589 3017 3695 3087 γὰρ

2132 3114 2161 3165 6
2205 3110 2406 3181 Κύριος
2467 3107 2730 3181 εἰρηκὼς,
2768 3109 2830 3161 'H
2882 3108 2988 3180 ἐμὴ
3051 3108 3236 3179 διδαχὴ
3296 3109 3395 3160 οὐκ
3447 3107 3559 3160 ἐστι
3601 3106 3695 3160 τοῦ

2134 3203 2367 3273 Πατρὸς,
2413 3200 2524 3254 ἀλλ’
2568 3201 2674 3272 ἐμή
2715 3202 2890 3253 ἐστιν’
2929 3199 3186 3270 ἐχώριζεν
3228 3199 3417 3252 ἑαυτὸν
3456 3197 3547 3250 τοῦ
3589 3199 3696 3251 Πα-

2133 3295 2279 3366 τρὸς,
2310 3292 2455 3358 ξένον
2494 3293 2665 3346 ἐποίει
2711 3292 2810 3361 τῆς
2850 3292 3056 3354 οὐσίας,
3097 3290 3377 3361 ἡλλοτρίου
3416 3290 3515 3359 τῆς
3551 3290 3693 3341 οἱκο-

2134 3386 2343 3455 νομίας.
2396 3383 2645 3455 Εἱρηκὼς
2693 3384 2783 3449 δὲ,
2822 3385 2884 3438 Ἠ
2926 3383 3037 3453 ἐμὴ
3099 3382 3313 3451 διδαχὴ
3365 3384 3474 3436 οὐκ
3528 3381 3698 3435 ἐστιν

2134 3477 2267 3545 ἐμὴ,
2299 3477 2457 3530 ἀλλὰ
2489 3475 2594 3529 τοῦ
2632 3476 2978 3545 πέμψαντός
3012 3493 3086 3543 με
3134 3474 3393 3542 Πατρός,
3435 3473 3595 3539 ἔδειξε
3640 3473 3697 3526 τὺ

2136 3569 2548 3639 ἀπαράλλακτον
2586 3568 2686 3638 τῆς
2731 3568 2939 3631 οὐσίας,
2976 3568 3069 3620 καὶ
3107 3567 3187 3619 ὅτι
3233 3566 3328 3637 μία
3365 3564 3549 3636 διδαχὴ
3586 3567 3695 3619 Πα-

2136 3658 2261 3729 τρὸς
2288 3658 2379 3710 καὶ
2418 3656 2544 3709 Υἱοῦ
2575 3658 2669 3710 καὶ
2716 3657 2871 3725 ἁγίου
2916 3655 3249 3724 Πνεῦματος.
3294 3649 3387 3719 Εἷς
3411 3654 3518 3726 γὰρ
3545 3656 3572 3707 6
3599 3656 3697 3708 A6-

2137 3766 2230 3818 γος
2258 3748 2385 3812 Υἱὸς
2435 3747 2526 3801 τοῦ
2564 3749 2798 3818 Πατρὸς,
2835 3748 2925 3800 καὶ
2956 3746 3178 3817 Πνεῦμα
3227 3744 3318 3797 τοῦ
3365 3746 3594 3816 Πατρὸς,
3638 3745 3699 3800 τὸ

2139 3844 2292 3911 ἅγιον
2324 3840 2565 3912 Πνεῦμα.
2603 3841 2725 3903 Πῶς
2754 3840 2915 3910 ἕτερα
2946 3838 3140 3903 διδάξει
3165 3842 3193 3892 6
3226 3840 3414 3906 Λόγος,
3460 3840 3551 3891 καὶ
3582 3837 3694 3901 πῶς

2138 3935 2301 4007 ἔτερα
2330 3934 2627 4005 κατηχήσει
2658 3933 2718 3985 τὸ
2756 3932 2907 3999 ἅγιον
2937 3932 3194 4001 Πνεῦμα;
3227 3930 3339 3983 Οὐκ
3369 3930 3482 3984 ἔστι
3519 3929 3690 3995 τοῦτο,

2140 4028 2237 4079 οὐκ
2270 4027 2402 4089 ἔστι,
2443 4025 2582 4078 κατὰ
2612 4024 2704 4078 τὸν
2754 4022 3019 4094 μακάριον
3065 4021 3275 4076 Παῦλον
3304 4022 3394 4074 τὸν
3441 4022 3691 4091 λέγοντα·

2144 4118 2349 4183 Οὐδεὶς
2384 4116 2546 4169 οἶδεν
2577 4114 2649 4169 τὰ
2677 4115 2783 4169 τοῦ
2811 4112 3144 4181 ἀνθρώπου,
3175 4115 3226 4167 ει
3251 4112 3336 4181 μὴ
3367 4113 3432 4167 τὸ
3470 4113 3697 4181 πνεῦμα

2140 4209 2247 4262 τοῦ
2272 4206 2580 4276 ἀνθρώπου
2609 4207 2673 4259 τὸ
2715 4203 3029 4259 κατοικοῦν
3068 4204 3137 4258 ὲν
3165 4203 3355 4269 αὐτῷ·
3392 4205 3542 4257 οὕτω
3600 4205 3693 4257 καὶ

2139 4302 2212 4354 τὰ
2248 4300 2352 4354 τοῦ
2392 4298 2539 4353 Θεοῦ
2568 4296 2763 4363 οὐδεὶς
2790 4294 2969 4360 οἶδεν,
2997 4298 3047 4349 εὶ
3084 4295 3168 4365 μὴ
3218 4296 3281 4349 τὸ
3325 4296 3561 4363 Πνεῦμα
3597 4297 3695 4349 τοῦ

2144 4391 2289 4444 Θεοῦ
2330 4390 2395 4443 τὸ
2422 4390 2490 4442 ἐν
2517 4388 2696 4453 αὐτῷ.
2726 4388 2834 4440 Καὶ
2861 4388 2941 4440 ὅτι
2974 4386 3063 4438 διὰ
3096 4385 3194 4457 τὴν
3232 4386 3368 4457 πρὸς
3408 4384 3497 4439 τὸν
3528 4387 3697 4457 παρά-

2142 4482 2297 4534 λυτον
2350 4478 2692 4543 αὐτεξούσιον
2740 4478 3052 4549 Θεραπείαν,
3106 4476 3285 4540 καθὼς
3340 4479 3612 4548 προεῖπον,
3669 4478 3696 4530 6

2144 4571 2347 4642 Κύριος
2386 4572 2696 4641 προσήκατο
2736 4568 2958 4631 τούτους
2995 4569 3123 4630 τοὺς
3149 4567 3357 4635 λόγους,
3384 4570 3577 4639 ἢκουες
3606 4570 3691 4640 ἀρ-

2142 4664 2271 4726 τίως
2315 4662 2408 4715 τοῦ
2456 4660 2660 4733 Κυρίου
2722 4660 3000 4727 λέγοντος·
3057 4661 3167 4711 Ἔν
3200 4658 3376 4727 ἔργον
3413 4659 3693 4726 ἐποίησα,

2143 4754 2239 4808 καὶ
2274 4752 2494 4816 πάντες
2519 4749 2869 4819 θαυμάζετευ
2912 4748 3009 4801 διὰ
3034 4748 3209 4802 τοῦτο
3254 4750 3515 4817 Μωῦσῆς
3562 4750 3698 4818 ὑμῖν

483 4862 849 4914 cumrisionem
880 4860 1063 4927 accipit
1105 4858 1256 4911 homo
1296 4858 1349 4909 in
1378 4854 1625 4922 Sobbato,
1654 4867 1710 4908 ut
1743 4871 1843 4909 non
1876 4854 2038 4907 solva-

2146 4845 2327 4899 ἔδωκε
2355 4842 2467 4911 τὴν
2502 4842 2823 4911 περιτομὴν
2869 4844 3000 4910 (οὺχ
3040 4842 3128 4895 ὅτι
3168 4842 3237 4894 ἐκ
3282 4841 3386 4895 τοῦ
3415 4842 3695 4909 Μωῦσέως

484 4964 569 5003 tur
595 4954 681 5005 lex
704 4952 893 5021 Moysi,
920 4954 1047 5005 mihi
1063 4949 1428 5019 indignamini,
1452 4950 1574 5017 quia
1597 4958 1758 5001 totum
1786 4947 2038 5000 hominem

2148 4937 2337 4997 ἐστὶν.
2371 4938 2507 4990 ἀλλ’
2547 4938 2614 4988 ἐκ
2656 4934 2773 4988 τῶν
2812 4932 3134 5002 πατέρων),
3171 4932 3268 4986 καὶ
3317 4933 3386 4986 ἐν
3434 4933 3695 4998 Σαϐϐάτῳ

484 5044 684 5097 saluum
716 5045 814 5112 feci
848 5047 902 5097 in
958 5044 1187 5099 Sabbato
1209 5044 1236 5098 .9
1276 5038 1452 5094 Nolite
1483 5041 1729 5109 judicare
1762 5038 2038 5091 secundum

2150 5027 2518 5095 περιτέμνετε
2563 5026 2893 5093 ἄνθρωπον.
2938 5026 3007 5077 El
3051 5024 3374 5093 περιτομὴν
3422 5026 3695 5093 λαμϐάνει

488 5136 697 5202 faciem,
729 5140 817 5190 sed
840 5136 1042 5205 justum
1070 5136 1325 5202 iudicium
1354 5133 1614 5203 judicate.
1643 5128 1904 5197 Quoniam
1947 5141 2043 5181 au-

493 5238 596 5280 tem
615 5228 692 5280 sic
709 5226 913 5281 locutus
928 5238 1007 5281 est
1026 5228 1277 5281 Dominus
1296 5233 1512 5295 propter
1532 5222 1860 5277 curationem
1884 5234 2040 5290 para-

557 5364 604 5399 “
625 5362 781 5419 Joan.
808 5363 1015 5430 vtl,16.
1087 5364 1133 5396 ⁸⁵
1157 5358 1175 5412 Ι
1202 5362 1326 5418 Cor.
1356 5378 1416 5427 tl,
1444 5363 1531 5415 il.
1606 5361 1652 5391 “
1680 5356 1839 5412 Joan.
1880 5372 1976 5419 vn,
2013 5356 2100 5409 l6.

563 5504 677 5572 (εε)
716 5501 1151 5572 Mesopentecoste
1184 5498 1496 5572 solemnitas
1520 5506 1629 5572 est,
1659 5510 1777 5564 qua:
1807 5510 1903 5563 per
1933 5494 2046 5547 dies

2149 5123 2454 5189 ἄνθρωπος
2507 5120 2576 5172 ἐν
2629 5116 2923 5183 Σαϐϐάτῳ,
2963 5118 3062 5170 ἵνα
3113 5118 3197 5187 μὴ
3244 5114 3402 5184 λυθῇ
3447 5119 3479 5170 ὁ
3524 5118 3695 5186 νόμος

2148 5211 2460 5275 Μωῡσέως,
2487 5210 2615 5279 ἐμοὶ
2654 5208 2891 5278 χολᾶτε,
2922 5209 3011 5262 ὅτι
3046 5209 3193 5263 ὅλον
3223 5208 3532 5277 ἄνθρωπον
3568 5206 3695 5277 ὑγιῆ

2198 5354 2241 5385 θ’
2283 5351 2297 5404 I
2334 5349 2460 5403 Cor.
2497 5349 2671 5412 ΙΙ,11.

2226 5492 2338 5561 (23)
2380 5488 2681 5561 Forterhnc
2704 5501 2937 5561 comma,
2965 5488 3102 5561 quod
3136 5484 3495 5561 1(}'i__l"ili_oque
3526 5501 3688 5561 prore:

488 5555 953 5635 ηρὶιῖἕριέιπεηὶπ,
967 5582 1021 5625 et
1045 5569 1313 5637 incipitab
1336 5555 1904 5635 hebdomadze'quartm
1929 5572 2049 5632 post
2154 5555 2423 5637 dit'prima
2458 5559 2591 5637 facie
2619 5558 2895 5637 adversari
2916 5558 3159 5637 videtur,
3183 5557 3373 5637 edituri
3403 5555 3689 5637 hlosquensi

492 5626 699 5698 Pasclia
732 5626 890 5697 terna
931 5626 1221 5707 quarta,'et
1245 5640 1441 5691 desinit
1480 5639 1531 5693 in
1573 5626 1759 5693 feriam
1800 5626 2047 5705 quartam
2155 5626 2423 5707 persuasit
2456 5631 2630 5707 uthoc
2663 5628 3018 5707 fragmentum
3050 5642 3093 5707 ε’
3134 5627 3393 5707 tenebris,
3430 5626 3481 5679 in
3510 5626 3692 5694 quibus

492 5716 694 5788 quinta:
726 5714 1088 5768 hebdomadas.
1139 5710 1420 5764 SUICEHUS.

2156 5696 2260 5759 itou
2295 5702 2559 5757 immerito
2600 5699 2833 5769 iacebat,
2861 5705 3096 5753 erueret.
3133 5696 3311 5767 Enn._
