3744 6298
171 250 248 301 121
1200 240 1453 297 ORATIO
1492 242 1557 296 IN
1596 240 2298 299 MESOPENTECOSTEN.

3241 246 3345 302 1‘29.

165 358 386 421 ἐποίησα
430 353 497 406 ἐν
541 352 855 419 Σαϐϐάτῳ;
905 351 1003 421 Μὴ
1064 354 1294 421 κρίνετε
1350 360 1478 410 κατ’
1518 358 1681 427 ὄψιν,

1842 360 1954 425 tici,
1996 358 2208 413 Judazos
2238 373 2303 413 ex
2345 358 2455 424 ipsa
2487 359 2601 428 lege
2651 360 2783 429 legis
2825 360 3236 427 trangressionis
3260 376 3349 413 ar—

166 450 295 505 aut
314 446 417 512 τὴν
438 443 676 496 δικαίαν
703 445 904 511 κρίσιν
938 443 1193 511 κρίνατε.
1224 446 1344 500 Ὅτι
1375 448 1432 501 δὲ
1466 448 1553 503 διὰ
1582 448 1679 519 τὴν

165 538 241 592 τοῦ
259 533 541 605 παραλύτου
557 532 852 601 θεραπείαν
867 534 895 586 6
911 533 1109 603 Κύριος
1125 536 1247 599 τοὺς
1262 535 1450 604 λόγους
1464 537 1681 602 τούτους

168 630 457 698 προσήκατο,
500 626 564 676 ὲκ
610 622 704 675 τοῦ
752 624 916 694 νόμου
950 625 1163 688 δεικνὺς
1207 628 1403 691 αὑτοὺς
1444 630 1680 700 παρανό-

168 730 293 784 μους,
324 710 458 775 λέγει
511 708 649 779 πρὸς
686 708 901 773 αὑτοὺς,
933 709 1114 774 καθὼς
1157 711 1378 781 ἤκουες·
1418 716 1489 767 El
1525 730 1683 782 περι-

165 803 322 871 τομὴν
352 800 633 869 λαμϐάνει
676 800 980 869 ἄνθρωπος
1023 802 1095 855 ὲν
1140 804 1441 869 Σαϐϐάτῳ,
1486 806 1579 858 καὶ
1626 808 1683 858 ὲν

166 894 389 961 Σαϐϐάτῳ
427 892 813 962 περιτέμνεται
860 891 1085 964 βρέφος,
1122 893 1209 946 ἵνα
1251 894 1324 964 μὴ
1372 894 1685 967 ἀκυρωθῇὸ

165 986 461 1053 ὀκταήμερος
502 984 685 1053 νόμος,
717 983 863 1053 νόμῳ
894 984 1056 1054 νόμον
1096 984 1487 1055 ἀνατρέποντες
1528 987 1684 1056 ὑμεῖς

166 1076 454 1145 ἀνατρέπετε
496 1075 588 1127 τὸν
630 1075 810 1145 νόμον,
852 1076 945 1130 καὶ
985 1070 1113 1145 ἐμόὶ
1143 1074 1378 1145 χολᾶτε,
1420 1076 1509 1131 ὅτι
1540 1078 1687 1132 ὅλον

164 1170 433 1234 ἄνθρωπον
471 1165 610 1234 ὑγιῆ
653 1168 908 1233 ἐποίησα
947 1166 1016 1219 ἐν
1054 1167 1346 1234 Σαϐϐάτῳ,
1382 1169 1478 1238 οὑχ
1529 1168 1685 1241 ἱδρώ-

165 1273 267 1318 σας,
307 1252 435 1307 ἀλλά
495 1254 1020 1325 θαυματουργήσαςῑ
1070 1254 1157 1308 Ἐν
1208 1255 1467 1327 Σαϐϐάτῳ
1499 1258 1559 1311 οὑ
1608 1258 1688 1311 δεῖ

160 1344 481 1415 ἐργάζεσθαι,
550 1345 688 1398 ἀλλὰ
749 1347 955 1409 πάντας
1012 1347 1243 1417 ἀεργοὺς
1308 1345 1467 1403 εἶναι.
1530 1348 1686 1414 Τίνος

159 1438 314 1489 ἕνεκεν
345 1435 472 1505 παρ’
497 1436 648 1505 ὑμῖν,
682 1436 942 1501 Ἰουδαῖοι,
962 1437 1098 1508 γυνὴ
1128 1439 1184 1491 ὲν
1204 1437 1464 1510 Σαϐϐάτῳ
1488 1439 1683 1504 τίκτει,

158 1513 377 1597 sal-pair:
407 1526 737 1597 θορυϐεῖται,
769 1527 864 1579 κα.)⁸
902 1528 1189 1600 σπάργανα
1218 1531 1551 1596 τινάσσεται,
1593 1531 1687 1585 καὶ

158 1619 292 1688 φύσις
321 1617 669 1688 καθαίρεται,
721 1619 813 1670 καὶ
857 1618 990 1691 θήλη
1045 1621 1182 1691 πρὸς
1222 1621 1687 1693 γαλακτοτροφίαν

154 1708 533 1776 εὑτρεπίζεται;
569 1709 710 1779 Γυνὴ
748 1709 950 1773 τίκτει,

154 1800 353 1866 γίνεται,
400 1800 493 1852 καὶ
541 1798 673 1863 Θεὸς
708 1801 768 1853 οὑ
820 1800 1251 1872 θαυματουργεῖς
1287 1801 1424 1856 Εἰπέ
1473 1820 1593 1873 μοι,
1627 1804 1688 1856 ὲν

155 1890 384 1961 ὢϐϐάτῳ
430 1891 817 1962 πριτέμνεται
860 1892 1170 1963 ἄνθρωπος,
1221 1896 1309 1948 ἵνα
1362 1895 1437 1966 μὴ
1490 1895 1621 1967 λυθῇ
1658 1898 1688 1950 6

152 1985 307 2052 νόμος,
332 1982 455 2052 ἐμοὶ
481 1983 673 2053 χολᾶτε
703 1985 784 2038 ὅτι
817 1984 937 2037 ὅλον
976 1984 1257 2056 ἄνθρωπον
1287 1986 1416 2056 ὑγιῆ
1458 1987 1688 2059 ἐποίησα

153 2078 198 2127 ὲν
237 2074 529 2144 Σαϐϐάτῳς
578 2076 675 2143 Μὴ
720 2077 952 2143 κρίνετε
996 2077 1121 2130 κατ’
1163 2077 1325 2147 ὄψιν,
1372 2078 1533 2133 ἀλλὰ
1575 2080 1690 2147 τὴν

151 2166 359 2217 δικαίαν
403 2165 608 2232 κρίσιν
658 2166 919 2233 κρίνατε.
968 2165 1343 2237 Καταδέχομαι
1394 2168 1483 2237 ὑφ’
1534 2169 1688 2240 ὑμῶν

152 2258 239 2309 τῶν
276 2256 483 2327 ἐχθρῶν
532 2256 866 2321 δικάζεσθαι,
909 2258 1082 2324 ὅπως,
1125 2261 1181 2311 ὲν
1208 2253 1253 2327 ᾧ
1294 2260 1521 2331 κρίματι
1564 2261 1686 2332 κρί-

151 2364 268 2409 νεπ,
311 2346 661 2418 κριθήσεσθε.
710 2346 808 2409 Τίς
843 2346 957 2399 λύει
985 2348 1046 2400 τὸ
1093 2340 1401 2403 Σάϐϐατονο
1448 2352 1606 2421 ὑμεῖς
1637 2353 1686 2405 oi

150 2442 197 2491 ὲν
228 2440 295 2510 τῷ
332 2440 597 2508 Σαϐϐάτῳ
636 2439 1067 2511 περιτέμνοντες,
1095 2441 1187 2493 καὶ
1218 2440 1364 2509 ξίφος
1390 2439 1687 2508 ὀξύνοντες,

150 2533 226 2583 καὶ
264 2531 430 2602 τομὴν
475 2531 805 2599 ἐπάγοντες,
850 2533 943 2585 καὶ
991 2532 1146 2602 μέλος
1192 2532 1548 2603 χωρίζοντες,
1597 2535 1690 2588 καὶ

147 2623 222 2674 τὸν
271 2623 428 2675 τόπον
482 2625 767 2693 αἱμάττειν
824 2624 1368 2693 παρασκευάζοντες,
1421 2625 1454 2697 ἢ
1502 2625 1612 2695 ἐγὼ
1660 2629 1690 2679 6

148 2712 353 2781 εἰρηκὼς
376 2714 542 2783 λόγῳ,
577 2715 862 2783 Ἐγερθεὶς
889 2709 1034 2782 ἆρον
1058 2715 1166 2768 τὸν
1194 2713 1523 2782 κράϐϐατόν
1551 2733 1688 2779 σου,

148 2806 225 2858 καὶ
256 2806 439 2875 ὕπαγε
472 2809 563 2871 είς
586 2806 694 2860 τὸν
725 2804 891 2861 οἶκόν
925 2824 1073 2873 σου;
1099 2809 1161 2861 Ei
1205 2808 1280 2880 μὴ
1324 2809 1623 2879 ἐνήργησεν
1661 2811 1690 2863 6

148 2898 294 2964 λόγος,
335 2897 504 2951 ἔλυσα
545 2895 641 2950 οὖν
688 2900 747 2952 τὸ
800 2899 1075 2953 Σάϐϐατον
1132 2900 1603 2971 ματαιολογήσας·
1640 2903 1690 2954 εί

146 2990 191 3042 δὲ
222 2990 527 3060 προέδραμε
568 2990 661 3043 τὸν
704 2992 861 3059 λόγον
906 2993 966 3046 τὸ
1008 2993 1186 3064 ἔργον,
1223 2994 1275 3047 τί
1304 2993 1366 3046 τὸ
1417 2994 1691 3047 Σάϐϐατον

1786 466 1973 520 gneus,
2003 450 2134 504 dicit
2158 448 2281 513 illis,
2312 451 2449 503 sicut
2478 450 2722 505 audivisti
2762 467 2777 507 ;
2814 448 2871 503 Si
2907 450 3350 505 circumcisione":

1787 538 1972 603 accipit
2005 542 2157 593 homo
2194 541 2247 592 in
2293 538 2546 601 Sabbato,
2580 550 2633 593 et
2668 540 2718 593 in
2757 540 2989 594 Sabbato
3019 542 3356 594 circumcidi--

1790 639 1876 682 tur
1933 628 2125 696 infans,
2172 642 2241 683 ne
2301 628 2387 683 lex
2425 630 2596 683 octavi
2628 630 2728 684 dici
2779 631 3107 698 antiquetur,
3142 647 3252 695 vos,
3280 632 3356 684 le-

1789 735 1906 789 gem
1937 734 2094 773 unam
2150 719 2325 773 altera
2379 718 2492 788 lege
2534 718 2927 784 subvertentes,
2967 730 3128 773 totam
3182 720 3351 790 legem

1789 811 2115 877 subvenitis,
2155 820 2208 865 et
2256 813 2383 865 mihi
2420 811 2791 881 indignemini,
2824 811 2951 880 quia
2995 820 3156 864 totum
3182 812 3353 864 homi-

1790 918 1905 955 nem
1945 902 2140 957 salvum
2173 902 2273 971 feci
2301 903 2356 955 in
2387 901 2615 957 Sabbato
2638 940 2653 966 ,
2690 917 2791 956 non
2824 902 3093 963 laborans,
3124 902 3215 955 sed
3246 916 3357 955 om-

1790 996 2136 1065 nipotentiam
2161 997 2444 1052 exercens!
2473 996 2528 1050 In
2556 997 2792 1051 Sabbato
2830 996 3039 1065 quidem
3069 995 3196 1050 nulli
3231 995 3357 1050 licet

1790 1088 2020 1155 Operari,
2053 1088 2145 1142 sed
2191 1102 2380 1143 omnes
2436 1087 2638 1142 otiosos
2673 1101 2794 1141 esse
2849 1087 3161 1140 mandatum
3207 1094 3290 1139 est
3336 1103 3350 1139 :

1790 1193 1960 1247 quare
1992 1178 2174 1248 igitur,
2205 1180 2367 1232 etiam
2430 1179 2571 1233 inter
2616 1192 2732 1242 vos,
2766 1192 2799 1231 ο
2837 1176 3027 1243 Judaei,
3059 1175 3249 1230 mulier
3300 1174 3352 1229 in

1792 1268 2025 1321 Sabbato
2061 1268 2219 1336 parit,
2246 1267 2506 1323 obstetrix
2547 1277 2757 1331 aestuat,
2792 1281 3101 1337 pannosqne
3127 1266 3352 1332 excutit,

1789 1367 2080 1428 purgantur
2139 1358 2366 1421 viscera,
2431 1360 2499 1413 ad
2565 1358 2909 1414 lactationem
2967 1372 3216 1411 mamma:
3258 1372 3355 1425 pa-

1793 1444 2006 1497 rantur!
2046 1443 2189 1498 Parit
2242 1445 2293 1498 in
2322 1444 2555 1499 Sabbato
2603 1447 2815 1511 mulier,
2847 1447 3013 1500 vincit
3049 1456 3237 1499 natura
3289 1445 3357 1499 le-

1798 1549 1941 1604 gem,
1972 1534 2110 1588 Deus
2141 1544 2320 1589 autem
2342 1536 2779 1605 omnipotentiam
2799 1551 2948 1590 suam
2970 1551 3221 1592 exercere
3250 1551 3354 1591 non

1792 1625 1993 1692 potest!
2028 1626 2123 1679 Dic
2156 1626 2324 1690 milii;
2379 1627 2431 1680 in
2473 1627 2709 1681 Sabbato
2732 1628 3134 1682 circumciditur
3174 1627 3355 1696 bomp,

997 1711 1091 1763 καὶ
1128 1710 1289 1780 φύσις
1328 1713 1491 1781 νόμου
1532 1729 1685 1784 περι-

1832 1728 1851 1767 3
1880 1713 2114 1769 solvatur
2148 1714 2256 1779 lex,
2294 1730 2497 1785 vosque
2521 1716 2647 1770 mihi
2692 1716 3060 1784 indignamini,
3102 1717 3228 1785 quia
3278 1726 3357 1770 to-

1787 1812 1898 1858 tum
1929 1805 2200 1859 hominem
2236 1806 2443 1860 salvum
2493 1804 2596 1860 feci
2646 1806 2696 1859 in
2742 1804 3009 1860 Sabbato?
3055 1806 3229 1860 Nolite
3259 1805 3355 1874 ju-

1786 1898 1961 1950 dicare
1999 1897 2279 1949 sccundum
2315 1897 2534 1965 faciem,
2585 1897 2674 1949 sed
2710 1896 2917 1964 justum
2962 1896 3227 1965 judicium
3262 1897 3359 1966 ju-

1786 1986 1975 2040 dicate.
2006 1986 2051 2038 A
2076 1985 2229 2040 vobis
2260 1985 2489 2040 inimicis
2531 1986 2758 2054 judicari
2791 1986 3051 2049 sustineo,
3084 1996 3142 2039 ut
3168 1989 3218 2039 in
3244 2002 3356 2055 quo

1782 2075 1985 2143 judicio
2007 2075 2286 2144 iudicatis,
2313 2078 2409 2146 ipsi
2440 2086 2624 2147 postea
2647 2076 2985 2145 judicemini.
3017 2078 3147 2143 Quis
3188 2078 3359 2132 solvit

1789 2164 2077 2221 Sabbatum
2100 2205 2117 2232 ,
2160 2181 2274 2231 vos,
2334 2167 2420 2235 qui
2455 2169 2504 2221 in
2542 2166 2777 2223 Sabbato
2807 2168 3211 2235 circumciditis,
3240 2169 3356 2239 gla-

1788 2257 1929 2312 dium
1964 2268 2234 2320 acuentes,
2263 2261 2553 2315 sectionem
2600 2260 2885 2324 t‘acientes,
2922 2261 3219 2314 membrum
3251 2262 3344 2314 ab-

1787 2349 2112 2414 scindentes,
2158 2352 2433 2419 sanguinis
2479 2350 2794 2405 ell'usionem
2849 2362 3234 2419 provocantes;
3277 2350 3359 2405 vel

1794 2454 1916 2510 ego,
1950 2441 2039 2509 qui
2066 2456 2196 2495 voce
2229 2450 2432 2494 tantum
2459 2456 2604 2503 usus,
2624 2441 2733 2494 dixi
2767 2457 2782 2494 :
2813 2440 2956 2494 Tolle
2981 2442 3163 2495 lectum
3188 2455 3358 2508 tuum,-

1787 2546 1832 2584 et
1867 2531 1993 2585 uade
2016 2530 2069 2584 in
2097 2532 2307 2584 domum
2354 2531 2541 2583 tuam?
2596 2531 2652 2584 Si
2695 2544 2877 2584 sermo
2919 2529 3110 2584 eﬂ'ectu
3163 2533 3359 2595 caruit,

1789 2623 1920 2677 solvi
1976 2620 2288 2687 Sabbatum,
2348 2623 2761 2691 vaniloquentia:
2819 2636 2999 2676 rens:
3071 2621 3118 2676 si
3179 2634 3360 2677 autem

1789 2716 1952 2769 verbo
2000 2715 2344 2785 praecucurrit
2380 2729 2533 2784 opus,
2580 2725 2638 2770 ut
2668 2715 2796 2785 quid
2849 2716 3143 2769 Sabbatum
3202 2715 3359 2783 quasi

1794 2806 2051 2859 violatum
2078 2806 2418 2874 ulciscimini,
2446 2817 2498 2862 et
2517 2808 2823 2862 Creatorem
2844 2808 3137 2877 spernitis?
3168 2806 3357 2862 Nonne

1789 2895 1918 2949 satis
1945 2895 2094 2948 vobis
2128 2895 2227 2947 fuit
2260 2911 2356 2965 per
2406 2897 2624 2965 triginta
2683 2906 2807 2951 octo
2851 2911 3023 2951 annos
3060 2897 3243 2952 videre
3269 2912 3359 2966 pa-

1795 2985 2080 3055 ralytictun
2113 2986 2249 3040 lecto
2282 2985 2517 3053 aﬂixum,
2555 2987 2835 3058 ipsumque
2886 2989 3082 3042 lectum
3117 2988 3360 3056 pondere

146 3080 404 3144 ἐκδικεῖτε,
440 3081 540 3132 καὶ
566 3081 660 3133 τὸν
704 3061 1052 3153 Δημιουργὸν-
1079 3082 1358 3148 ἀθετεῖτες
1408 3085 1522 3137 Οὑκ
1567 3085 1689 3137 ὲκο-

1832 3078 2160 3144 iborantem,
2219 3078 2344 3133 dum
2387 3079 2663 3148 paralytici
2718 3094 2934 3149 corpus,
2969 3080 3218 3133 diurnum
3268 3094 3361 3133 no-

147 3166 442 3247 Meam
484 3171 755 3226 Ἰουδαίων
789 3175 994 3236 παῖδες,
1017 3173 1109 3226 ἐπὶ
1135 3174 1574 3244 τριακονταοκτὼ
1598 3174 1693 3245 ἔτη

146 3263 349 3333 ἐρῶντες
375 3264 469 3315 τὸν
515 3264 825 3333 παράλυτον
852 3267 919 3335 τῇ
959 3264 1114 3337 κλίνῃ
1140 3265 1577 3336 προσηλωμένον,
1602 3266 1696 3320 καὶ

145 3355 223 3425 τὴν
260 3355 446 3425 κλίνην
502 3356 837 3425 κάμνουσαν,
879 3357 973 3410 καὶ
1014 3356 1105 3409 τὸν
1143 3357 1469 3428 παράλυτον,
1498 3356 1695 3427 νυχθή-

147 3461 285 3514 μερον
303 3446 547 3514 φορτίον,
581 3446 980 3515 βαστάζουσαν;
1012 3447 1124 3500 Οὑκ
1146 3448 1592 3518 ὴγανακτήσατες
1632 3448 1692 3499 οὑ

144 3533 563 3603 συνεπαθήσατῆ
596 3535 692 3587 καὶ
713 3535 798 3587 ἵνα
826 3535 950 3604 μίαν
972 3533 1119 3605 ὥραν
1138 3536 1166 3587 6
1186 3536 1491 3606 παράλυτος
1512 3535 1695 3606 κλίνην

146 3626 384 3699 βιστάσῃ,
402 3628 501 3679 καὶ
526 3627 629 3697 τὴν
644 3627 988 3697 ἀντιμισθίαν
1010 3628 1283 3698 παράσχῃ,
1310 3628 1691 3697 ἀγανακτεῖτε;

145 3721 232 3770 Οὐκ
258 3720 360 3771 ἔδει
391 3719 489 3771 καὶ
527 3718 705 3788 τούτῳ
735 3718 945 3789 βοῆσαι,
977 3720 1311 3787 Ἕστρεψας
1342 3719 1455 3787 τὴν
1479 3721 1695 3787 κλίνην

144 3826 233 3872 μου
254 3811 321 3861 ἐν
344 3808 421 3876 τῇ
452 3810 761 3877 ἁρῤωστίᾳ
785 3825 936 3877 pou;
968 3804 1119 3871 Οἶδα,
1150 3803 1194 3861 ὦ
1218 3810 1520 3881 Φαρισαῖοι,
1550 3808 1693 3874 τίνος

147 3900 272 3968 χάριν
300 3902 702 3967 ἀγανακτεῖτε’
728 3901 824 3970 οὑχ
857 3901 936 3953 ὅτι
969 3900 1308 3972 ἐθεραπεύθη
1329 3902 1357 3953 6
1394 3901 1693 3972 παράλυτος

146 3991 453 4058 διαπρίεσθε,
484 3993 605 4045 ἀλλ’
635 3993 714 4045 ὅτι
739 3994 838 4045 οὑκ
863 3992 1114 4061 ἰσχύσατε
1134 3994 1231 4063 τὴν
1253 3993 1439 4063 κλίνην
1462 3992 1689 4063 κρύψαι·

145 4081 213 4135 διὰ
232 4084 409 4148 τοῦτο,
443 4085 548 4155 τὴν
577 4082 803 4154 γνώμην
838 4082 990 4152 ὑμῶν
1033 4084 1411 4154 ἐπιστάμενος,
1437 4082 1697 4137 ἐκέλευσα

148 4172 407 4241 βαστάζειν
437 4174 612 4228 αὑτὸν
648 4172 745 4244 τὴν
776 4172 984 4245 κλίνην,
1028 4174 1132 4239 ίνα,
1164 4172 1264 4227 κᾶν
1302 4175 1459 4244 ὑμεῖς
1490 4176 1697 4245 σιωπή-

148 4250 351 4337 σητε,ἠ
406 4267 573 4335 κλίνη
622 4266 684 4340 τὸ
715 4266 898 4336 θαῦμα
950 4266 1141 4340 βοήσῃ.
1176 4267 1241 4319 Τί
1297 4266 1608 4333 διστάζετε,
1651 4262 1696 4322 ὦ

145 4358 429 4427 Φαρισαῖοις
490 4358 612 4409 Οὑκ
640 4338 806 4409 ’ἔστιν
848 4357 876 4409 6
941 4338 1245 4427 παράλυτος
1300 4359 1692 4429 παρείσακτος,

145 4451 223 4501 αζικ
256 4450 402 4501 ἔστιν
451 4448 848 4518 ὀλιγοχρόνιος,
892 4449 1184 4518 γνωρίζετε
1223 4447 1383 4501 αὑτὸν
1424 4449 1689 4513 anum;-

145 4540 562 4611 τριακονταοκτὼ
602 4539 697 4610 ἐτη
750 4542 817 4611 τῇ
871 4538 1222 4609 κολυμϐήθρᾳ
1265 4542 1331 4610 τῇ
1391 4542 1522 4611 παρ’
1564 4542 1692 4611 ὑμῖν

147 4636 540 4702 παρεσίτευσεν.
592 4632 707 4685 Οὑκ
755 4631 907 4701 ἔχετε
968 4632 1165 4699 λέγειν,
1204 4631 1279 4695 ὡς
1333 4633 1427 4685 ἐπὶ
1469 4632 1565 4685 τοῦ
1625 4634 1689 4686 ὲκ

145 4725 339 4794 γενετῆς
386 4722 627 4792 τυφλοῦ,
663 4715 829 4785 Οὗτός
863 4723 1027 4784 ἐστιν,
1072 4723 1295 4793 Ὃμοιος
1336 4724 1484 4795 αὑτῷ
1524 4728 1689 4791 ἐστιν,

145 4817 223 4868 οὒκ
264 4817 409 4868 ἔστιν
460 4810 639 4878 οὗτος.
698 4814 760 4865 Ei
806 4813 879 4884 μὴ
924 4813 1155 4883 ἥττησεν
1206 4814 1345 4883 ὑμᾶς
1396 4816 1424 4867 6
1466 4814 1689 4882 τυφλὸς,

147 4908 220 4959 καὶ
256 4908 445 4960 τοῦτον
493 4908 833 4978 κρατήσατε,
872 4906 965 4957 καὶ
1025 4908 1105 4968 είς
1146 4906 1491 4977 δικαστήριον
1536 4907 1691 4959 ἐλκύ-

148 5014 283 5062 sats,
334 4999 489 5061 ὅπως
536 4997 627 5050 δια
680 4996 897 5050 πάντων
941 4996 1203 5067 αἰσχύνης
1250 4996 1692 5068 πληρωθήσεσθε.

145 5090 218 5155 Μὴ
260 5093 497 5158 κρίνετε
529 5089 656 5143 κατ’
690 5088 851 5157 ὄψιν,
879 5088 1037 5143 ἀλλὰ
1082 5087 1197 5157 τὴν
1224 5087 1460 5141 δικαίαν
1496 5089 1696 5157 κρίσιν

146 5198 379 5246 κρίνατε.

200 5381 320 5444 Καὶ,
364 5383 410 5433 εί
444 5382 627 5445 δοκεῖ,
673 5381 763 5434 διὰ
799 5380 1041 5452 βραχέων
1084 5382 1169 5433 ἐπ’
1213 5379 1380 5450 αὑτὴν
1410 5378 1505 5450 τὴν
1540 5395 1694 5450 περι-

147 5474 254 5543 οχὴν
289 5474 386 5526 τοῦ
434 5475 757 5547 παραλύτου
805 5474 1227 5545 ἁναδράμωμεν,
1264 5472 1351 5526 διὰ
1379 5472 1437 5525 τὸ
1476 5472 1567 5525 καὶ
1602 5471 1694 5526 τὸν

203 5671 243 5701 ’³
272 5672 406 5730 Psal.
437 5691 525 5742 η,
558 5676 615 5730 ι.
693 5676 739 5708 ’⁸
769 5674 917 5729 Juan.
957 5692 1028 5739 ix,
1054 5675 1105 5741 8,
1137 5675 1191 5730 9.

1795 3182 2146 3243 cturnumque
2191 3187 2346 3239 onus,
2381 3171 2643 3227 sustinet?
2672 3170 2783 3227 Hoc
2836 3170 3197 3240 spectaculum
3246 3170 3346 3224 nul-

1796 3262 1902 3318 lam
1928 3265 2079 3318 vobis
2104 3264 2539 3333 indignationem,
2563 3262 2763 3316 nullam
2790 3262 3214 3330 compassionem
3246 3274 3361 3313 mo-

1794 3354 1872 3405 vit
1902 3372 1915 3408 :
1950 3368 2092 3408 nunc
2121 3362 2295 3407 autem
2342 3351 2691 3422 paralyticutn
2724 3350 2805 3405 vel
2837 3364 2995 3403 unam
3045 3349 3232 3403 horam
3282 3349 3361 3403 le-

1794 3454 1937 3498 ctum
1965 3458 2120 3499 suum
2179 3443 2529 3513 bajulantem,
2566 3443 2894 3511 dignumque
2933 3442 3194 3495 beneﬁcio
3226 3455 3362 3509 opus

1794 3545 2156 3605 praestantem,
2186 3550 2289 3589 non
2325 3536 2444 3589 sine
2497 3535 2857 3604 indignatione
2889 3534 3071 3587 videre
3128 3534 3360 3587 sustine-

1795 3625 1894 3679 tis?
1926 3624 2110 3679 Nonne
2136 3635 2189 3679 et
2227 3626 2315 3679 ille
2344 3626 2577 3680 clamare
2612 3626 2796 3680 debuit
2824 3643 2837 3678 :
2886 3622 3115 3679 Versasti
3140 3636 3362 3679 stratum

1794 3732 1967 3771 meum
2000 3718 2055 3771 in
2081 3716 2393 3785 inﬁrmitate
2426 3732 2539 3769 mea
2576 3716 2657 3769 "‘2
2695 3715 2953 3785 Equidem
2986 3716 3130 3780 novi,
3158 3730 3190 3769 ο
3220 3715 3361 3769 Plia-

1796 3807 1964 3871 risaei,
2002 3821 2159 3875 quam
2188 3807 2259 3860 ob
2289 3820 2503 3860 causam
2544 3805 2936 3876 indignamiui:
2973 3820 3077 3860 non
3118 3807 3234 3859 ideo
3263 3822 3359 3858 an-

1796 3896 2130 3967 gustiamini,
2166 3897 2308 3964 quod
2341 3908 2561 3951 sanatus
2593 3906 2674 3950 est
2720 3896 3061 3966 paralyticus,
3088 3895 3183 3949 sed
3233 3896 3357 3963 quia

1795 3989 1989 4042 lectum
2041 3988 2157 4058 ejus
2227 3987 2497 4042 occultare
2553 4002 2659 4043 non
2728 3989 2982 4057 possibile
3024 3988 3173 4042 vobis
3228 3986 3359 4051 fuit,

1802 4088 2083 4149 propterea
2125 4093 2245 4149 ego,
2293 4080 2668 4148 cogitationem
2725 4089 2960 4133 vestram
3013 4079 3358 4148 perspiciens.

1806 4174 1883 4227 illi
1916 4172 2114 4226 lectum
2138 4186 2293 4226 suum
2326 4172 2514 4224 tollere
2541 4170 2788 4240 praecepi,
2815 4183 2893 4234 ut,
2923 4173 3083 4223 etiam
3112 4170 3262 4223 vobis
3286 4180 3361 4222 ta-

1798 4264 2063 4330 centibus,
2098 4264 2208 4333 ipse
2237 4262 2408 4319 lectus
2436 4262 2759 4317 miraculum
2785 4261 3160 4331 proclamaret.
3185 4261 3361 4327 Quare

1800 4356 2081 4421 dubitatis,
2120 4370 2152 4410 ο
2184 4354 2480 4409 Pharisaei?
2512 4353 2625 4408 Non
2660 4353 3029 4408 fraudulenter
3066 4355 3168 4408 huc
3194 4354 3361 4407 addu-

1802 4458 1921 4503 ctus
1955 4456 2039 4503 est
2066 4447 2419 4518 paralyticus,
2452 4461 2561 4500 non
2592 4460 2780 4501 recens
2832 4445 3147 4507 inﬁrmitas;
3192 4445 3362 4500 nostis

1795 4553 1916 4594 eum
1963 4552 2170 4605 omnes,
2197 4540 2409 4608 triginta
2436 4548 2561 4592 octo
2582 4537 2779 4591 abbinc
2808 4537 2985 4603 annis,
3014 4551 3177 4606 prope
3196 4535 3359 4605 pisci-

1796 4644 1916 4684 nam
1944 4638 2176 4684 vestram
2204 4644 2269 4682 ex
2292 4638 2506 4699 erogata
2536 4629 2674 4697 stipe
2695 4631 2980 4683 viventem.
3037 4629 3107 4682 De
3132 4629 3229 4681 lioc
3256 4643 3361 4681 non

1798 4722 2035 4790 potestis,
2054 4722 2457 4776 sicutdecaecoa
2484 4720 2775 4785 nativitate,
2804 4720 2856 4773 in
2878 4719 3052 4773 varias
3074 4719 3362 4773 sententias

1796 4815 1962 4879 abire,
1984 4816 2223 4869 dicentes
2246 4831 2261 4868 :
2298 4813 2395 4867 Hic
2413 4821 2512 4876 est,
2538 4812 2632 4866 Est
2659 4812 2849 4881 aliquis
2894 4812 2969 4867 illi
3004 4811 3213 4874 similis,
3240 4809 3359 4866 Non

1797 4918 1880 4960 est
1902 4906 2002 4959 .liic
2040 4907 2106 4958 ”.
2137 4905 2285 4971 Quod
2315 4906 2415 4959 sia
2446 4920 2585 4959 caeco
2616 4905 2703 4959 illo
2734 4920 2837 4958 non
2868 4905 3007 4957 victa
3045 4905 3360 4959 estaudacia

1804 5005 2007 5061 vestra,
2038 5007 2093 5051 et
2123 4998 2263 5051 hunc
2294 4997 2645 5066 paralyticum
2676 5004 2869 5062 tenete,
2899 4996 2968 5049 ad
2996 4996 3226 5050 tribunal
3254 5006 3361 5048 tra-

1802 5086 1934 5152 hite,
1964 5096 2022 5139 ut
2050 5086 2099 5139 in
2136 5086 2382 5141 omnibus
2410 5087 2643 5139 abundet
2682 5085 2968 5155 ignominia
3000 5096 3197 5140 vestra.
3248 5084 3361 5140 Νο-

1797 5177 1887 5230 lite
1909 5178 2148 5245 judicare
2193 5178 2478 5231 secundum
2517 5178 2727 5246 faciem,
2755 5178 2846 5232 sed
2869 5178 3073 5248 justum
3095 5178 3358 5247 judicium

1788 5268 2046 5338 judicate.

1869 5379 1971 5436 Sed
2002 5382 2201 5451 paucis,
2248 5382 2289 5437 si
2320 5382 2511 5452 placet,
2543 5384 2815 5456 paralytici
2865 5386 3145 5441 historiam
3174 5394 3350 5439 retra-

1800 5482 2032 5543 etemus,
2060 5474 2320 5544 siquidem
2360 5476 2473 5547 ipse
2498 5478 2754 5534 Dominus
2778 5477 2920 5533 illam
2954 5478 3222 5534 memoriae
3248 5488 3357 5531 tra-

3136 5904 3388 6073 ’Ν
