3744 6344
356 257 456 312 I2?

1306 255 1362 310 s.
1416 251 1856 309 AMPHILOCHII
1897 246 2277 307 lCONlENSlS
2317 234 2679 305 EPISCOPI."

3476 239 3574 296 ηε

352 376 509 432 didit.
530 375 698 441 Quem
721 377 863 430 enim
889 375 1206 429 memoravit
1226 373 1507 441 Dominus,
1532 372 1798 441 quomodo
1821 383 1914 424 nos

2026 365 2222 436 Κύριον
2269 359 2751 433 ἀπομνημονεῦσαι
2806 354 2899 409 τοῦ
2962 352 3304 426 παραλύτουσ
3358 352 3406 404 εί
3464 352 3573 419 γὰρ

355 465 572 519 silentio
609 467 882 533 praeterire
924 466 1241 536 possumus?
1265 465 1369 517 Aut
1394 463 1517 532 quis
1549 455 1773 517 iniretur
1820 474 1918 514 nos

358 557 621 610 mirabilia
680 555 883 609 Domini
932 554 1221 609 enarrare?
1282 552 1525 606 Praesens
1577 552 1719 605 enim
1761 549 1916 603 festi-

356 648 494 700 vitas
522 646 725 701 Domini
750 658 862 712 est;
898 647 1159 702 mediator
1193 655 1277 699 est
1308 645 1586 708 Dominus,
1622 642 1797 696 media
1832 650 1918 696 est

356 734 620 791 festivitas
649 752 662 787 :
700 752 861 805 porro
883 738 1025 805 quod
1054 746 1136 791 est
1165 737 1421 799 medium,
1456 735 1524 788 ab
1556 734 1915 789 extremitati-

357 829 458 882 bus
491 828 883 882 ﬁrmamentum
923 829 1135 897 accipit,
1177 826 1407 896 ideoque
1434 842 1668 894 praesens
1703 825 1913 879 festivi-

358 928 443 973 tas
486 919 748 988 duplicem
794 918 1223 974 Resurrectionis
1252 922 1475 989 gratiam
1520 920 1727 973 obtinet
1758 934 1771 969 :
1799 933 1911 971 me-

357 1010 504 1061 dium
535 1012 675 1061 enim
712 1009 887 1063 locum
937 1018 1124 1064 tenens
1166 1009 1308 1063 inter
1341 1006 1808 1064 Resurrectionem
1857 1017 1915 1064 et

358 1099 737 1165 Pentecosten,
821 1101 1285 1155 Resurrectionem
1355 1110 1651 1164 memorat,
1722 1100 1911 1154 Pente-

356 1202 538 1245 costen
590 1192 857 1259 iudigitat,
892 1190 1273 1244 Ascensionem
1311 1193 1463 1258 quasi
1516 1190 1638 1245 tuba
1670 1205 1915 1258 praenun-

360 1282 476 1335 tiat.
504 1281 688 1346 Qualia
719 1284 826 1335 sint
853 1280 1014 1350 igitur
1043 1295 1159 1348 quae
1190 1281 1257 1335 de
1305 1281 1594 1351 paralytico
1626 1295 1910 1351 exponun-

362 1381 469 1436 tur,
501 1373 691 1426 discite
718 1387 833 1434 vos,
864 1371 1011 1426 verbi
1047 1373 1211 1425 divini
1244 1373 1623 1441 negotiatores,
1649 1383 1706 1426 ut
1752 1374 1911 1441 spiri-

361 1464 581 1517 tualium
632 1464 893 1517 bonorum
956 1465 1273 1517 thesaurum
1321 1462 1691 1517 lucrifaciatis.
1760 1466 1916 1519 Certe

357 1556 611 1610 memoria
668 1565 814 1608 tenes
878 1555 1036 1609 verba
1091 1554 1428 1623 evangelista!
1468 1553 1737 1608 dicentis:
1786 1553 1913 1607 Post

357 1650 467 1698 luet:
510 1655 617 1698 erat
671 1644 832 1712 festus
872 1645 980 1697 dies
1020 1643 1347 1708 Judaaorum,
1383 1651 1430 1695 et
1483 1644 1713 1694 ascendit
1756 1640 1912 1695 Jesus

2013 458 2042 510 6
2092 457 2292 527 Κύριος
2344 452 2510 508 αὐτοῦ
2572 449 2972 521 ἐμνημόνευσε,
3024 445 3139 508 πῶς
3187 444 3347 515 ἡμεῖς
3409 443 3579 511 λήθην

2014 545 2395 615 ποιησώμεθα;
2430 543 2563 595 Τότε
2607 539 2687 603 τίς
2738 538 3040 608 θαυμάζει,
3075 538 3163 589 ὅτε
3202 536 3269 588 τά
3320 533 3412 587 τοῦ
3465 535 3576 585 Κυ-

2017 637 2131 707 ρίου
2187 636 2439 706 θαύματα
2490 633 2792 702 διηγεῖται;
2846 629 2951 682 Τοῦ
2996 630 3105 699 γὰρ
3152 628 3357 698 Κυρίου
3408 625 3499 677 καὶ
3537 626 3573 691 ἡ

2012 726 2261 800 παροῦσα
2290 728 2449 797 ἑορτὴ
2470 742 2485 756 ·
2519 725 2741 796 μεσίτης
2766 726 2794 775 6
2826 721 3049 790 Κύριος,
3084 720 3223 791 μέση
3272 719 3363 773 καὶ
3390 720 3423 788 ἡ
3461 720 3575 788 ἐορ-

2009 822 2109 890 τή.
2146 821 2233 873 ἀεὶ
2285 819 2340 870 δὲ
2390 817 2451 871 τὸ
2487 817 2651 887 μέσον
2687 819 2799 877 τοῖς
2844 816 3032 884 ἄκροις
3078 812 3441 881 ὴσφάλισταιο
3488 812 3581 867 διά

2012 910 2167 963 τοῦτο
2195 910 2289 963 καὶ
2320 911 2351 979 ἡ
2386 906 2635 978 παροῦσα
2659 906 2820 977 ἑορτὴ
2851 904 3044 975 διπλῆν
3073 905 3173 973 τῆς
3206 904 3579 969 ’Δναστάσεωςη

2011 1005 2110 1074 τὴν
2138 1004 2297 1074 χάριν
2327 1002 2612 1071 κέκτηται.
2648 999 2780 1052 Ὑπὸ
2808 997 2915 1070 γὰρ
2938 998 3037 1068 τῆς
3071 996 3441 1059 Ἀναστάσεως
3480 996 3574 1049 καὶ

2012 1096 2111 1163 τῆς
2160 1094 2534 1165 Πεντηκοστῆς
2592 1090 3067 1163 μεσολαὸουμένη,
3114 1087 3211 1157 τὴν
3254 1088 3581 1141 ’Δνάσταςιν

2014 1187 2286 1252 ὑπέδειξε,
2352 1185 2450 1253 τὴν
2525 1182 2904 1254 Πεντηκοστὴν
2965 1178 3430 1244 δακτυλοδεικτεῐ,
3475 1180 3577 1249 τὴν

2026 1277 2319 1347 ’Δνάληψιν
2352 1274 2619 1339 σαλπίζει.
2649 1274 2743 1337 Τίς
2789 1270 2881 1327 οὖν
2922 1274 2955 1343 ὴ
2985 1272 3237 1343 παροῦσα
3263 1270 3357 1324 τοῦ
3400 1289 3577 1342 παρα-

2012 1370 2169 1423 λύτου
2198 1367 2567 1439 πραγματεία,
2601 1366 2925 1437 γνωρίσατε,
2956 1366 3007 1416 οἱ
3038 1364 3133 1417 τοῦ
3174 1363 3330 1432 λόγου
3374 1364 3576 1434 φιλέμ-

2014 1480 2191 1536 ποροι,
2218 1462 2364 1523 ὅπως
2400 1459 2488 1512 διὰ
2518 1459 2733 1512 πάντων
2762 1458 2861 1528 τῆς
2900 1458 3273 1528 πνευματικῆς
3311 1456 3582 1526 ὠφελείας·

2012 1553 2109 1624 τὴν
2151 1551 2383 1622 ὲνΘήκην
2435 1548 2818 1621 καρπώσησθε,
2871 1548 3059 1619 Φέρεις
3108 1548 3322 1619 μνήμην
3361 1547 3578 1609 πάντως

2014 1641 2106 1694 τοῦ
2155 1641 2543 1708 εὐαγγελιστοῦ
2585 1640 2830 1692 Ἰωάννου
2860 1638 3141 1708 βοῶντος⁸
3185 1639 3345 1691 Μετὰ
3390 1636 3585 1689 ταῦτα

355 1735 759 1804 Jerosolymam.
806 1735 939 1788 Erat
992 1747 1163 1788 autem
1192 1732 1532 1802 Jerosolymis
1573 1733 1774 1801 piscina
1798 1749 1913 1802 qua:

2026 1731 2089 1804 ἦν
2122 1734 2160 1801 ἡ
2195 1733 2367 1800 ἑορτὴ
2408 1732 2524 1785 τῶν
2568 1732 2880 1793 Ἰουδαίων,
2927 1730 3023 1782 καὶ
3066 1729 3245 1797 ἀνέϐη
3280 1732 3312 1782 ὀ
3346 1727 3579 1794 Ἰησοῦς

355 1828 749 1897 cognominatur
781 1825 1035 1880 Hebraice
1064 1824 1377 1888 Bethsaida,
1427 1823 1647 1892 quinque
1682 1825 1911 1890 porticus

356 1920 567 1972 habens.
608 1918 674 1971 In
710 1917 791 1970 his
831 1918 1041 1985 jacebat
1091 1917 1373 1969 multitudo
1427 1931 1615 1981 magna
1662 1914 1913 1982 languen-

356 2010 505 2074 tium,
537 2025 809 2071 ctecorum,
861 2007 1187 2070 claudorum,
1233 2006 1537 2068 aridorum;
1586 2014 1695 2056 erat
1742 2014 1913 2056 autem

354 2102 569 2169 quidam
595 2100 746 2153 homo
794 2099 863 2153 ibi
893 2100 1104 2168 triginta
1129 2110 1174 2150 et
1202 2106 1315 2150 octo
1340 2113 1503 2149 annos
1528 2098 1720 2150 habens
1748 2096 1800 2149 in
1831 2098 1915 2148 in-

355 2192 600 2257 firmitate
631 2208 744 2243 sua.
784 2188 935 2241 Hunc
978 2203 1095 2241 cum
1135 2187 1345 2239 vidisset
1388 2185 1540 2239 Jesus
1573 2185 1687 2255 (qui
1734 2185 1913 2239 omnia

356 2283 503 2336 novit
557 2283 859 2350 priusquam
920 2280 1113 2351 ﬁant),
1170 2288 1220 2333 et
1267 2280 1579 2348 cognovisset
1629 2280 1752 2347 quia
1797 2280 1915 2349 jam

356 2374 575 2426 multum
626 2384 822 2443 tempus
862 2373 1091 2437 haberet,
1131 2371 1257 2424 dicit
1304 2372 1350 2425 ei
1374 2387 1393 2425 :
1432 2370 1523 2425 Vis
1564 2387 1723 2424 sanus
1761 2370 1916 2438 ﬁeri?

357 2464 401 2517 0
426 2462 755 2515 curationem
787 2461 996 2515 Domini
1026 2463 1093 2515 ab
1120 2463 1264 2515 omni
1300 2476 1434 2515 vana
1462 2461 1629 2532 gloria
1652 2460 1910 2515 alienam!

357 2550 472 2603 Non
502 2559 772 2618 exspectat
795 2551 1187 2605 invocationem
1220 2560 1563 2621 aegrotorum,
1599 2552 1691 2606 sed
1711 2561 1914 2606 semet-

357 2643 471 2710 ipse
518 2641 881 2697 laborantibus
945 2642 1161 2696 obvium
1211 2644 1451 2712 praebere
1505 2642 1911 2698 lestinat:cum

353 2733 497 2787 enim
546 2733 627 2787 sol
664 2734 883 2802 iustitia:
925 2734 1016 2797 sit,
1045 2735 1225 2790 radios
1288 2734 1649 2791 beneﬁcentize
1687 2752 1797 2792 suze
1833 2754 1917 2791 su-

354 2837 450 2891 per
484 2839 667 2877 omnes
698 2824 801 2877 late
846 2824 1089 2879 eﬁ'undit.
1130 2826 1284 2890 Erat,
1322 2827 1517 2893 inquit,
1555 2827 1914 2898 Jerosolymis,

355 2917 425 2969 ad
487 2926 688 2984 portam
738 2914 1096 2978 Probaticam,
1130 2917 1329 2984 piscina
1377 2934 1492 2986 qua:
1521 2921 1918 2987 cognominatur

2012 1828 2097 1891 είς
2133 1819 2676 1892 ’1εροσόλυμα.Ἦν
2733 1822 2802 1875 δὲ
2849 1823 2919 1875 ἐν
2972 1821 3096 1886 τοῖς
3145 1821 3584 1889 Ἱεροσολύμοις

2013 1917 2393 1986 κολυμϐήθρα
2437 1918 2477 1984 ἡ
2522 1915 2909 1985 ἐπιλεγομένη
2944 1914 3227 1982 Ἐϐραϊστὶ
3283 1912 3575 1979 Βηθεσδά,

2013 2010 2192 2063 πέντε
2248 2010 2435 2074 στοὰς
2497 2008 2748 2075 ἔχουσα.
2803 2008 2907 2060 Ἐν
2970 2007 3209 2070 ταύταις
3275 2004 3581 2057 κατέκειτο

2013 2100 2242 2166 πλῆθος
2277 2101 2450 2154 πολὺ
2488 2097 2606 2152 τῶν
2657 2098 3096 2159 ἀσθενούντων,
3146 2095 3406 2165 τυφλῶν,
3460 2112 3579 2164 χω-

2012 2193 2159 2255 λῶν,
2212 2191 2431 2259 ξηρῶν.
2474 2187 2593 2245 ⁷Ην
2632 2188 2698 2242 δέ
2747 2207 2835 2255 τις
2886 2188 3191 2256 ἄνθρωπος
3249 2186 3372 2240 ἐκεῖ
3414 2185 3581 2254 τριά-

2015 2301 2197 2337 κοντα
2229 2283 2327 2336 καὶ
2366 2281 2517 2335 ὀκτὼ
2554 2281 2658 2349 ἐτη
2680 2282 2835 2349 ἔχων
2854 2280 2923 2336 ἐν
2945 2278 3020 2347 τῇ
3051 2280 3330 2344 ἀσθενείᾳ
3368 2277 3577 2333 αὐτοῦ.

2020 2375 2237 2429 Τοῦτον
2275 2372 2416 2427 ιδὼν
2455 2376 2489 2427 ό
2524 2371 2783 2439 Ἰησοῦς,
2828 2370 2876 2441 (6
2896 2370 2965 2423 τά
3011 2370 3186 2424 πάντα
3241 2369 3392 2432 εἰδὼς
3448 2370 3583 2440 πρὶν

2015 2445 2275 2535 γενέσεως
2292 2464 2518 2531 αὐτῶν),
2556 2464 2653 2517 καὶ
2686 2462 2889 2532 γνοὺς,
2936 2460 3025 2514 ὅτι
3067 2460 3264 2514 πολὺν
3297 2459 3410 2525 ἤδη
3444 2458 3586 2527 χρό-

2014 2574 2125 2610 νον
2154 2556 2310 2623 ἐχει,
2338 2555 2498 2623 λέγει
2529 2551 2705 2617 αὐτῷ,
2740 2551 2940 2617 Θέλεις
2976 2550 3151 2619 ὑγιὴς
3182 2549 3488 2619 γενέσθαις
3517 2548 3589 2599 Ὢ

2014 2648 2112 2718 τῆς
2151 2646 2243 2701 τοῦ
2289 2646 2494 2717 Κυρίου
2536 2644 2847 2708 άκενοδόξου
2892 2642 3213 2714 θεραπείαςί
3259 2642 3370 2693 Οὐκ
3423 2639 3581 2693 ἐκδέ-

2015 2758 2166 2811 χεται
2234 2737 2649 2809 παρακληθῆναι
2713 2736 2819 2787 ὑπὸ
2877 2734 2985 2786 τῶν
3044 2731 3359 2806 ἀρρώστων,
3415 2732 3591 2792 αὐτὸς

2015 2831 2221 2899 ἐπείγει
2263 2829 2453 2883 ἑαυτὸν
2496 2828 2632 2899 πρὸς
2664 2827 2790 2890 τοὺς
2814 2826 3148 2896 πάσχοντας·
3180 2824 3328 2893 ἥλιος
3354 2822 3462 2893 γὰρ
3506 2823 3593 2875 ὢν

2015 2922 2378 2992 δικαιοσύνης,
2404 2922 2495 2974 ἐπὶ
2522 2920 2729 2982 πάντας
2754 2918 2913 2972 άπλοί
2939 2919 3035 2980 τὰς
3064 2919 3284 2979 ἀκτῖνας
3304 2916 3398 2985 τῆς
3428 2915 3589 2984 εὐερ-

357 3006 613 3060 Hebraice
639 3006 940 3074 Bethsaida,
977 3009 1203 3077 quinque
1226 3010 1457 3076 porticus
1491 3010 1700 3064 habens.
1736 3010 1803 3064 In
1837 3012 1914 3064 his

2026 3015 2221 3084 γεσίας.
2258 3010 2379 3069 Ἦν
2430 3012 2498 3065 δὲ
2554 3013 2623 3065 ἐν
2675 3010 2800 3074 τοῖς
2844 3009 3311 3077 Ἰεροσολύμοις,
3356 3006 3453 3059 ἐπὶ
3509 3005 3592 3073 τῇ

350 3098 556 3167 jacebat
610 3100 888 3151 multitudo
949 3115 1139 3169 magna
1200 3098 1578 3168 languentium,
1637 3116 1911 3167 caecorum,

357 3189 683 3256 claudorum,
712 3191 1002 3247 aridorum.
1035 3189 1302 3243 Alluditur
1344 3190 1411 3244 ad
1446 3191 1777 3260 spiritualem
1819 3192 1915 3246 Ju-

358 3281 592 3334 dmormn
626 3281 1011 3335 infirmitatem.
1050 3281 1296 3349 Quinque
1328 3290 1455 3335 sunt
1494 3296 1715 3336 numero
1751 3283 1917 3351 porti-

359 3386 454 3426 cus
478 3372 814 3427 multitudine
841 3372 1176 3427 inﬁrmorum
1211 3372 1461 3440 repletze;
1493 3374 1730 3443 quinque
1775 3376 1915 3429 enim

360 3463 606 3517 sensibus
661 3462 870 3516 laborat
921 3462 1144 3531 populus
1188 3460 1465 3526 Judaicus,
1498 3462 1650 3529 ,visu,
1695 3462 1916 3525 olfactu,

361 3562 538 3623 gustu,
587 3554 790 3618 auditu,
852 3563 1040 3608 tactu:
1080 3554 1177 3608 bos
1214 3568 1400 3609 omnes
1442 3568 1633 3608 sensus
1677 3554 1919 3609 inﬁrmos

364 3648 630 3702 habebant
658 3647 965 3701 Judaeorum
1002 3645 1119 3699 lilii.
1155 3642 1270 3699 Non
1302 3659 1491 3699 sanum
1526 3645 1794 3699 habebant
1842 3646 1920 3698 vi-

362 3756 503 3808 sum,
541 3739 803 3809 siquidem
832 3739 1089 3793 miracula
1141 3738 1405 3801 videntes,
1442 3737 1576 3792 nihil
1618 3740 1917 3801 curabant;

360 3848 467 3887 non
533 3830 914 3887 beneﬁciorum
981 3844 1271 3885 memorem
1337 3839 1587 3896 gustum,
1653 3831 1917 3901 siquidem

363 3938 557 3977 manna
588 3924 972 3978 manducantes
997 3936 1340 3977 cucumerum
1362 3922 1629 3982 desiderio
1661 3926 1919 3978 teneban-

362 4016 521 4079 tur‘;
550 4030 654 4069 non
705 4016 975 4070 sincerum
1018 4014 1295 4078 olfactum,
1336 4015 1598 4084 siquidem
1649 4026 1920 4085 unguento

362 4106 643 4161 Dominico
657 4104 1234 4161 diabolicuml‘tntorem
1263 4105 1672 4176 praeponebant;
1703 4124 1806 4163 non
1825 4125 1923 4179 pu-

363 4211 484 4251 rum
511 4197 774 4259 auditum,
807 4196 1071 4266 siquidem
1103 4197 1351 4254 draconis
1388 4199 1579 4255 inferni
1615 4199 1785 4255 sibilis
1829 4215 1923 4269 po-

363 4290 467 4343 tius
495 4304 654 4358 quam
689 4288 935 4356 gloriosis
960 4289 1343 4358 prophetarum
1383 4290 1605 4345 vocibus
1636 4306 1694 4346 se
1723 4292 1923 4347 dociles

2020 3106 2370 3175 Προϐατικῇ,
2392 3104 2774 3174 κολυμϐήθρα
2806 3104 2843 3169 ἡ
2879 3100 3266 3171 ἐπιλεγομένη
3295 3099 3588 3167 Ἐϐραϊστί

2013 3199 2308 3266 Βηθεσδὰ,
2349 3198 2527 3251 πέντε
2566 3184 2750 3261 στόὰς
2786 3195 3039 3264 ἐχουσω
3085 3194 3153 3246 ἐν
3184 3194 3423 3258 ταύταις
3446 3208 3589 3245 κατ-

2014 3290 2201 3345 έκειτο
2229 3290 2461 3359 πλῆθος
2501 3288 2658 3342 πολὺ
2693 3286 2812 3341 τῶν
2838 3287 3277 3347 ἀσθενούντων,
3317 3282 3585 3350 τυφλῶν,

2015 3380 2243 3450 χωλῶν,
2287 3378 2505 3447 ξηρῶν.
2539 3378 2608 3431 Σύ
2618 3377 2814 3448 μδολον
2845 3376 3003 3428 τοῦτο
3033 3374 3135 3445 τῆς
3179 3371 3470 3440 Ἰουδαϊκῆς
3494 3372 3591 3423 αό-

2020 3473 2271 3543 ῥωστίας,
2308 3474 2363 3525 αἰ
2392 3472 2550 3525 πέντε
2609 3471 2781 3532 στοαὶ,
2812 3469 3013 3532 αἵτινες
3049 3464 3448 3538 ὲπεπληροῦντο
3491 3466 3594 3534 άῤ-

2019 3562 2258 3633 ρὡτων.
2302 3562 2412 3617 Καὶ
2453 3563 2560 3631 γὰρ
2602 3563 2875 3633 ἀρρωστεῖ
2920 3563 2947 3613 6
2991 3558 3276 3621 Ἰουδαῖκδς
3322 3557 3449 3619 λαὸς
3493 3555 3589 3608 διὰ

2017 3654 2124 3706 τῶν
2169 3654 2332 3706 πέντε
2382 3653 2708 3724 αἰσθήσεων,
2752 3652 3026 3722 ὁράσεως,
3064 3650 3413 3718 ὀσφρήσεως,
3460 3646 3593 3715 γεύο

2021 3761 2177 3810 σεως,
2219 3745 2409 3815 ἀκοῆς,
2444 3744 2607 3813 άφῆς,
2642 3743 2709 3795 δι’
2743 3744 2995 3795 ἁπάντων
3031 3740 3342 3811 ἡρῤώστουν
3370 3738 3419 3792 oi
3459 3739 3595 3791 Ἰαυ-

2018 3835 2181 3890 δαίων
2210 3835 2416 3898 παῖδες.
2446 3835 2560 3887 Οὐκ
2589 3829 2733 3903 εἶχον
2762 3832 2998 3903 καθαρὸν
3026 3830 3318 3901 ὀφθαλμὸν,
3348 3830 3593 3900 ὁρῶντες

2019 3929 2086 3981 τὰ
2125 3928 2377 3998 Θαύματα
2410 3927 2503 3979 καὶ
2540 3926 2922 3997 παρορῶντεςο
2956 3924 3055 3977 ούκ
3097 3918 3240 3993 εἶχον
3269 3921 3454 3990 γεῦσιν
3496 3922 3593 3974 εύ-

2022 4020 2296 4092 χάριστον,
2350 4020 2526 4090 μάννα
2599 4017 2903 4088 τρώγοντες
2960 4016 3056 4069 καὶ
3114 4013 3339 4076 συκεοῦς
3398 4013 3597 4084 ἐπιζη-

2020 4112 2265 4176 τοῦντεςο
2299 4112 2398 4164 οὐκ
2443 4106 2587 4181 εἶχον
2622 4109 2887 4179 ὄσφρησιν
2920 4109 3209 4180 εἰλικρινῆ,
3247 4105 3340 4159 τοῦ
3386 4109 3598 4157 Δεσπο-

2020 4203 2171 4258 τικοῦ
2203 4204 2371 4273 μύρου
2398 4202 2495 4272 τὴν
2525 4200 2833 4271 διαϐολικὴν
2857 4199 3119 4253 δυσωδίαν
3148 4198 3548 4268 προκρίναντες
3573 4213 3591 4227 ο

2022 4296 2121 4349 οὐκ
2165 4290 2309 4363 εἶχον
2355 4292 2523 4362 ἀκοὴν
2583 4289 2849 4360 καθαράν,
2893 4290 3001 4343 τῶν
3000 4289 3441 4381 ⁸δίρακονικτιαίιιιν
3496 4303 3599 4338 συ-

362 4380 736 4446 praebuerunt;
797 4392 899 4431 non
956 4378 1137 4431 utilem
1195 4387 1417 4443 tactum,
1468 4379 1729 4448 siquidem
1782 4382 1914 4436 idola

2028 4385 2324 4465 ρισμάτων,
2363 4381 2458 4434 καὶ
2493 4380 2554 4431 ού
2590 4378 2940 4451 προφητικῶν
2978 4374 3366 4448 κᾶυχημάτων,
3406 4374 3599 4427 πειθό-

361 4468 511 4536 quasi
548 4468 675 4522 deos
716 4467 970 4533 colentes,
1006 4469 1171 4521 Deum
1215 4470 1479 4523 viventem
1521 4479 1915 4538 contempsere.

366 4560 739 4613 Verumtamen
758 4559 1027 4622 Christus,
1056 4573 1309 4615 sensuum
1343 4561 1655 4627 fabricator,
1681 4571 1735 4617 et
1763 4579 1918 4617 crea-

362 4663 600 4705 turarum
632 4651 897 4718 conditor,
921 4666 1301 4720 corporearum
1335 4653 1494 4707 simul
1514 4663 1569 4707 et
1596 4653 1920 4709 voluntaria-

364 4757 481 4795 rum
524 4742 895 4796 inﬁrmitatum
946 4743 1279 4797 sanationem
1327 4744 1594 4810 praestitit.
1646 4744 1739 4799 llle
1775 4747 1915 4799 enim

362 4834 687 4905 paralyticus
728 4834 924 4902 duplici
966 4833 1176 4903 ﬂagello
1228 4834 1531 4903 vapulabat,
1577 4851 1771 4905 corpus
1815 4837 1916 4890 ha-

362 4926 496 4980 bens
530 4926 717 4982 morbo
770 4926 1021 4992 solutum,
1054 4927 1398 4996 animamque
1429 4930 1663 4995 peccatis
1705 4929 1917 4981 mutila-

366 5025 504 5080 tam;
537 5017 1086 5085 ideoqueDominus,
1110 5019 1204 5087 qui
1232 5020 1474 5088 corporis
1506 5029 1560 5074 et
1585 5020 1775 5075 animae
1803 5036 1915 5075 meo
1962 5080 1967 5083 μ

364 5110 516 5161 dicus
542 5110 854 5176 exsistebat,
883 5111 1307 5180 corpus'ﬁrmat,
1341 5113 1590 5180 spiritum
1616 5113 1915 5178 illuminat;

363 5200 574 5268 corpori
610 5200 826 5265 lectum,
867 5204 1058 5257 animae
1087 5208 1271 5275 jugum
1302 5206 1515 5260 virtutis
1559 5206 1747 5261 tollere
1779 5222 1917 5275 prae-

364 5291 511 5359 cipit.
537 5290 671 5357 Quid
710 5295 891 5349 enim?
928 5294 1127 5351 Videns
1173 5297 1426 5352 Dominus
1476 5298 1620 5352 illum
1659 5300 1914 5369 paralyti-

367 5399 510 5449 cum,
537 5386 668 5441 dicit
696 5387 804 5451 illi,_
822 5390 963 5457 quod
993 5391 1141 5445 scitis
1174 5406 1362 5446 omnes
1393 5408 1406 5445 :
1445 5390 1536 5445 Vis
1569 5408 1727 5446 sanus
1765 5392 1923 5460 ﬁeri?

367 5468 467 5525 Hic
506 5484 683 5527 autem
734 5474 1036 5534 Judmorum
1078 5480 1198 5536 'lilii
1260 5482 1482 5537 Domino
1530 5482 1918 5553 obloquuntur,

445 5674 460 5706 ³
490 5670 645 5728 Num.
666 5689 736 5737 XI,

338 5912 596 6085 κ

2024 4492 2200 4547 μενοι⁸
2248 4476 2346 4527 οὐκ
2398 4467 2544 4543 εἶχον
2586 4471 2684 4541 τὴν
2731 4470 2874 4540 ἁφὴν
2934 4470 3348 4540 συνεργητικὴν,
3394 4466 3600 4520 εἴδωλα

2020 4565 2414 4634 θεολογοῦντες.
2450 4564 2545 4616 καὶ
2580 4560 2690 4616 τοῦ.
2709 4561 2909 4627 ζῶντος
2940 4559 3073 4614 Θεοῦ
3105 4558 3595 4631 καταφρονοῦντες.

2033 4658 2173 4711 Ἀλλ’
2205 4659 2353 4729 ὅμως
2380 4655 2727 4726 ἐπιδημήσας
2753 4658 2819 4725 τῇ
2853 4654 3099 4724 ὲνσάρκῳ
3127 4652 3287 4705 αὐτοῦ
3322 4654 3599 4724 παρουσίᾳ

2018 4751 2046 4802 ὁ
2077 4748 2353 4819 Δεσπότης
2387 4746 2639 4817 Χριστὸς,
2678 4749 2706 4799 6
2739 4746 2833 4800 καὶ
2862 4745 2970 4798 τῶν
3008 4744 3312 4815 αἰσθήσεων
3362 4742 3597 4811 ποιητὴς

2022 4841 2115 4894 καὶ
2150 4839 2258 4892 τῶν
2293 4839 2604 4909 κτισμάτων
2641 4837 2999 4908 δημιουργὸς,
3034 4838 3089 4888 ὲν
3125 4834 3307 4903 ταυτῷ
3356 4833 3450 4886 καὶ
3480 4832 3599 4885 τῶν

2025 4930 2349 5001 σωματικῶν
2426 4928 2613 4982 παθῶν
2663 4928 2761 4981 καὶ
2805 4927 2913 4980 τῶν
2967 4922 3362 4997 προαιρετικῶν
3430 4937 3599 4975 πται-

2025 5020 2246 5090 σμάτων
2288 5018 2386 5089 τὴν
2415 5018 2697 5090 διόρθωσιν
2736 5018 3043 5088 ἐποιήσατο.
3074 5010 3239 5078 Οὗτος
3268 5013 3375 5085 γὰρ
3407 5014 3436 5067 6
3464 5030 3599 5084 προ-

2024 5112 2271 5182 κείμενος
2296 5110 2604 5182 παράλυτος
2631 5109 2824 5179 διπλῆν
2863 5108 3158 5178 ἐπεφέρετο
3181 5106 3277 5177 τὴν
3311 5105 3553 5174 μάστιγα
3576 5121 3591 5133 °

2023 5202 2101 5271 τῷ
2137 5203 2233 5272 μὲν
2291 5202 2522 5273 σώματι,
2552 5202 2692 5272 νόσῳ
2725 5200 2978 5264 διελύετο,
3012 5200 3109 5270 τὴν
3155 5199 3211 5251 δὲ
3247 5196 3423 5267 ψυχὴν
3468 5197 3594 5257 ταῖς

2029 5293 2320 5365 ἁμαρτίαις
2368 5294 2693 5365 ὲξήρθρωτο.
2723 5293 2812 5345 Διὸ
2854 5294 2947 5346 καὶ
2996 5295 3024 5346 6
3066 5290 3303 5361 Κύριος,
3346 5288 3421 5351 ὡς
3479 5287 3593 5339 τῶν

2029 5386 2299 5457 ἑκατέρων
2337 5387 2534 5455 ἰατρὸς,
2565 5387 2659 5439 καὶ
2708 5385 2767 5437 τὸ
2816 5384 2976 5455 σῶμα
3029 5382 3339 5451 συσφίγγει,
3374 5380 3469 5432 καὶ
3531 5378 3593 5430 τὸ

2031 5476 2244 5548 πνεῦμα
2291 5474 2540 5545 φωτίζει,
2586 5476 2679 5531 καὶ
2722 5472 2798 5546 τῷ
2835 5475 2931 5545 μὲν
2986 5472 3195 5545 σώματι
3254 5470 3353 5541 τὴν
3396 5466 3598 5540 κλίνην
