3796 6312
239 238 363 295 195

1275 243 1531 300 ORATIO
1569 243 1643 298 ΙΝ·
1673 244 2370 305 MESOPENTECOSTEN.

3350 249 3452 307 126

230 358 431 425 φέρειν
456 354 714 419 ἐκέλευσε,
738 358 807 427 τῇ
842 356 899 410 δὲ
942 357 1087 427 ψυχῇ
1128 359 1227 429 τὴν
1269 362 1467 432 ἀρετὴν
1513 362 1782 431 βαστάζειη

1897 365 2134 421 dicentes
2177 385 2191 421 :
2224 368 2281 421 Si
2334 367 2474 420 Dens
2505 374 2646 421 esset
2677 365 2944 430 Christus,
2986 380 3114 420 num
3153 366 3452 437 interroga-

236 452 516 519 ἑπέτρετπ.
555 448 615 499 Τί
650 449 789 519 γάρ,
827 448 951 500 ἰδὼν
975 452 1003 500 6
1033 450 1232 520 Κύριος
1272 451 1458 504 τοῦτον
1487 453 1577 505 τὸν
1617 453 1790 524 παρά-

234 535 413 601 λυτον,
443 536 537 606 ἔφη
571 537 704 607 πρὸς
743 537 929 599 αὑτὸν,
970 538 1151 602 καθὼς
1197 540 1376 592 οἴδατε
1412 543 1643 606 πάντες,
1685 544 1790 597 Θέ-

235 632 371 693 λεις
410 627 567 696 ὑγιὴς
598 627 911 695 τενέσθαυ
953 629 1085 681 Ἀλλ’
1118 631 1352 684 ἐνταῦθα
1397 633 1788 704 ἐπιλαμϐάνον-

235 736 338 771 ται
380 720 422 770 οί
462 718 718 770 Ἰουδαίων
789 719 979 782 παῖδες
1032 720 1110 790 τῷ
1164 722 1353 791 Κυρίῳ
1411 722 1691 792 λέγοντεςο
1726 726 1788 777 El

237 810 367 872 Θεὸς
401 805 460 879 ἦν
484 810 511 859 6
539 810 806 879 Χριστὸς,
839 810 959 874 πῶς
1009 810 1271 882 ἐπηρώτα
1310 814 1405 865 τὸν
1458 815 1785 886 παράλυτον,

243 901 427 965 Θέλεις
454 899 621 967 ὑγιὴς
662 898 942 967 γενέσθαι
961 916 980 963 ;
1009 902 1086 972 Τῇ
1134 901 1274 974 νόσῳ
1313 904 1605 975 συνείχετο,
1637 908 1790 977 τριά-

238 1008 392 1044 κοντα
426 991 513 1043 καὶ
551 990 698 1043 ὀκτὼ
724 990 819 1063 ἔτη
866 987 1010 1061 εἶχεν
1048 994 1107 1046 ἐν
1149 997 1216 1065 τῇ
1257 995 1560 1067 ἀρρωστίᾳ,
1604 1000 1669 1066 τῇ
1703 1014 1790 1050 κο-

238 1082 503 1153 λυμϐήθρᾳ
554 1083 891 1155 παρέμενεν,
932 1083 1018 1137 ἶνα
1060 1083 1123 1136 τὸ
1171 1084 1343 1148 πάθος
1393 1086 1784 1158 ἀπορρίψηται,

239 1176 329 1226 καὶ
379 1175 623 1244 ἐπερωτᾷ
689 1174 899 1238 τοῦτον,
972 1174 1174 1240 Θέλεις
1234 1175 1412 1245 ὑγιὴς
1479 1176 1786 1246 γενέσθαω

236 1267 380 1327 ﬂcio;
419 1264 545 1327 Θεὸς
572 1267 601 1317 6
638 1266 895 1335 ἐρωτῶν;
950 1266 1212 1318 Ἐνταῦθα
1256 1268 1285 1319 6
1322 1266 1527 1338 Κύριος
1573 1269 1670 1339 οὐχ
1710 1270 1785 1333 ὼς

235 1357 426 1424 ἀγνοῶν
466 1358 737 1428 ἐπερωτᾷ,
773 1357 887 1412 ἀλλ’
912 1358 986 1421 ὡς
1013 1358 1100 1410 διά
1138 1358 1354 1411 πάντων
1380 1360 1477 1429 τὴν
1505 1360 1786 1429 διόρθωσιν

234 1448 536 1516 χαρίσασθαι
595 1448 941 1518 βουλόμενος.
990 1450 1052 1502 Εἰ
1100 1449 1195 1502 τοῦ
1245 1450 1496 1521 σώματος
1544 1454 1705 1523 μόνου
1749 1455 1781 1524 ἡ

230 1540 461 1592 ἀσθένεια
504 1536 595 1610 ἦν,
623 1542 727 1593 οὐκ
758 1539 825 1594 ἂν
856 1541 1039 1609 ἔλεγεν
1075 1544 1103 1594 6
1146 1544 1348 1612 Κύριος
1379 1545 1513 1614 πρὸς
1552 1546 1642 1599 τὸν
1686 1564 1784 1599 πα-

235 1630 459 1699 ράλυτον,
500 1631 710 1698 Θέλεις
742 1630 919 1700 ὑγιὴς
958 1631 1268 1701 τενέσθαι;
1303 1634 1475 1701 εἰδὼς,
1505 1637 1585 1689 ὅτι
1616 1637 1778 1702 θέλει,

1894 465 1973 509 ret
2011 456 2385 525 paralyticum,
2431 454 2525 509 Vis
2559 471 2716 509 sanus
2749 455 2908 522 ﬁeri?
2947 455 3132 509 Morbo
3174 459 3452 509 tenebatur

1888 546 1997 609 ille,
2046 547 2260 615 triginta
2295 555 2349 600 et
2393 556 2515 600 octo
2572 560 2741 599 annos
2781 544 3014 598 habebat
3045 544 3098 597 in
3132 544 3452 599 inﬁrmitate

1888 646 2003 696 sua,
2052 635 2116 686 ad
2146 633 2403 701 piscinam
2434 647 2772 702 permanens,
2798 642 2856 686 ut
2886 634 3216 687 curationem
3244 635 3451 701 accipe-

1887 734 1989 790 ret;
2005 734 2058 777 et
2074 724 2363 795 interrogat
2375 724 2545 792 illum,
2572 723 2660 778 Vis
2675 740 2832 778 sanus
2849 724 2964 791 ﬁeri
2979 724 3003 777 ?
3020 724 3200 790 Qualis
3214 732 3297 778 est
3313 725 3451 778 Deus

1887 814 1985 869 iste
2016 816 2407 886 interrogator?
2442 816 2557 870 Non
2586 815 2741 885 quasi
2773 815 2972 885 aliquid
3011 816 3254 869 nesciens
3296 830 3451 882 para-

1886 907 2102 977 lyticum
2129 909 2426 977 interrogat
2451 907 2709 962 Dominus
2733 924 2748 972 ;
2782 907 2900 961 ideo
2928 916 3106 961 autem
3128 906 3441 974 interrogat,

1886 998 2029 1067 quod
2066 998 2429 1052 omnimodam
2482 998 2556 1052 illi
2609 998 2941 1053 sanationem
2990 998 3170 1066 largiri
3209 996 3437 1050 volebat.

1886 1088 1943 1142 Si
1964 1088 2204 1156 corporis
2236 1097 2440 1143 tantum
2470 1090 2704 1143 curanda
2731 1098 2870 1143 esset
2899 1089 3208 1152 inlirmitas,
3234 1103 3338 1142 non
3363 1091 3446 1141 di-

1886 1188 2032 1234 ceret
2073 1180 2367 1249 paralytico
2428 1179 2733 1235 Dominus:
2783 1178 2872 1233 Vis
2927 1196 3083 1233 sanus
3128 1179 3286 1247 ﬁeri?
3333 1181 3447 1234 Scit

1884 1272 2025 1325 enim
2064 1287 2187 1325 eum
2228 1271 2382 1335 velle,
2418 1273 2561 1340 quod
2593 1273 2768 1341 reipsa
2796 1274 2929 1326 vult.
2951 1273 3053 1326 Sed
3084 1273 3207 1340 quia
3239 1287 3268 1325 a
3296 1272 3442 1340 lapsu

1883 1361 2144 1428 Spirituali
2173 1364 2447 1417 sanandus
2476 1372 2611 1428 erat,
2643 1373 2924 1433 propterea
2950 1364 3077 1417 dicit
3115 1382 3129 1417 :
3175 1362 3263 1417 Vis
3286 1380 3446 1417 sanus

1881 1452 2036 1519 ﬁeri?
2087 1453 2187 1506 hoc
2232 1462 2334 1517 est,
2376 1453 2422 1505 A
2460 1454 2731 1522 peccando
2772 1454 3026 1522 deinceps
3058 1454 3303 1509 cavebis?
3352 1453 3445 1507 Vis

1880 1556 2036 1593 sanus
2070 1540 2185 1607 ﬁeri
2203 1541 2228 1594 .’
2254 1542 2318 1595 da
2355 1556 2656 1607 assensum,
2689 1554 2741 1597 et
2768 1543 3050 1596 sanitatem
3077 1544 3283 1612 recipe:
3312 1545 3444 1599 nihil

1882 1634 2023 1686 enim
2053 1634 2151 1686 nisi
2182 1648 2210 1685 a
2248 1633 2415 1687 libera
2444 1634 2718 1690 voluntate
2757 1636 2990 1703 requiro.
3023 1635 3133 1703 Ego
3158 1636 3300 1689 enim
3326 1652 3443 1690 sum

228 1721 257 1773 ὃ
292 1721 455 1774 θέλει·
497 1722 615 1774 ἀλλ’
658 1722 847 1793 ἐπειδὴ
886 1722 1132 1793 ψυχικῶν
1174 1726 1533 1796 πταισμάτων
1571 1723 1638 1799 ἦν
1676 1728 1782 1780 ὀλί-

1887 1724 1975 1792 qui
2015 1725 2143 1778 olim
2188 1739 2282 1793 per
2312 1726 2626 1795 prophetam
2663 1726 2889 1781 clamavi
2922 1744 2936 1780 :
2978 1724 3037 1780 Si
3076 1726 3359 1792 volueritis,
3395 1737 3445 1781 et

231 1812 417 1881 σθημα,
458 1814 653 1867 τούτου
701 1814 887 1867 ἕνεκεν
947 1816 1201 1885 ἐπερωτᾷ
1231 1816 1322 1869 τὸν
1351 1818 1657 1888 παράλυτον
1702 1819 1787 1872 λέ-

226 1920 352 1971 γων·
386 1902 594 1970 Θέλεις
636 1906 814 1975 ὑγιὴς
855 1906 1166 1974 τενέσθαι;
1207 1907 1482 1974 τουτέστι,
1526 1910 1785 1979 Παραφυ-

224 1994 375 2065 λάττῃ
402 1996 513 2048 ἀπὸ
539 1996 636 2048 τοῦ
667 1996 851 2049 λοιποῦ
888 1996 960 2068 μὴ
983 1998 1345 2069 άμαρτάνειν;
1377 1998 1578 2066 Θέλεις
1612 2000 1786 2069 ὑγιὴς

225 2088 487 2156 γενέσθαι
510 2128 527 2151 ,
578 2088 665 2151 δὸς
720 2089 818 2157 τὴν
878 2088 1295 2155 συγκατάθεσιν,
1349 2090 1443 2143 καὶ
1502 2090 1632 2143 λάϐε
1688 2091 1785 2161 τὴν

225 2184 373 2243 ἴασιν.
406 2183 598 2247 ἐπειδὴ
650 2181 805 2234 οὐδὲν
853 2182 1066 2255 ἀνάγκῃ
1118 2184 1487 2254 μετέρχομαιο
1532 2182 1641 2252 ἐγὼ
1677 2185 1785 2256 γάρ

219 2278 321 2344 εἰμι
362 2279 390 2328 6
426 2275 518 2328 διὰ
554 2274 655 2327 τοῦ
710 2275 987 2345 προφήτου
1045 2275 1249 2344 βοήσας
1298 2275 1363 2327 ἐκ
1418 2274 1625 2327 πολλῶν
1676 2274 1785 2326 τῶν

218 2368 448 2436 χρόνων·
491 2368 631 2419 Ἐὰν
674 2365 884 2432 θέλητε
925 2364 1024 2419 καὶ
1081 2364 1480 2431 είσακούσητέ
1526 2382 1669 2433 μου,
1713 2364 1786 2418 τὰ

214 2457 392 2525 ἀγαθὰ
450 2455 565 2524 τῆς
633 2454 749 2525 γῆς
795 2455 1086 2524 φάτεσθεο
1140 2455 1250 2508 ἐὰν
1293 2454 1361 2507 δὲ
1411 2455 1496 2524 μὴ
1549 2456 1782 2521 θέλητε,

208 2546 353 2615 μηδὲ
400 2545 811 2612 εὶσακούσητέ
843 2562 994 2613 μου,
1032 2544 1295 2614 μάχαιρα
1338 2543 1494 2613 ὑμᾶς
1550 2545 1786 2598 κατέδε-

213 2654 316 2691 ται.
356 2637 511 2690 Ἐπεὶ
550 2632 645 2690 οὖν
700 2636 1044 2701 αὐτεξούσιον
1081 2636 1219 2701 ζῶον
1264 2639 1293 2691 6
1326 2636 1640 2708 ἄνθρωπος,
1693 2637 1785 2689 καὶ

210 2729 448 2799 ψυχικῶς
481 2730 511 2781 6
561 2728 872 2799 παράλυτος
908 2725 976 2799 ἦν
1008 2728 1404 2797 διαλελυμένος,
1454 2728 1641 2781 τούτου
1670 2728 1781 2779 ἐνεο

208 2837 296 2872 κεν
332 2823 361 2872 6
393 2820 624 2891 Κύριος,
658 2819 743 2870 ἵνα
781 2817 854 2889 μὴ
895 2817 1125 2888 ἄμισθον
1164 2818 1311 2889 αὑτῷ
1340 2817 1440 2888 τὴν
1492 2817 1785 2888 Θεραπείαν

209 2914 486 2984 παράσχῃ,
514 2911 776 2981 ἐπηρώτα
817 2910 1006 2963 τοῦτον
1039 2909 1233 2977 λέγων,
1262 2908 1430 2963 αίτῶν
1458 2908 1554 2979 τὴν
1583 2925 1783 2978 συγκα-

206 3004 442 3064 τάθεσιν,
491 3000 698 3064 Θέλεις
730 2998 903 3068 ὑγιὴς
936 2996 1246 3067 γενέσθαυ
1284 2997 1407 3050 Ἐπὶ
1446 2996 1554 3049 τῶν
1600 3014 1784 3066 σωμα-

1884 1815 2156 1868 audieritis
2179 1831 2278 1878 me,
2304 1819 2433 1869 bona
2476 1828 2626 1870 terra:
2653 1818 2949 1870 comedetis.
2971 1817 3119 1881 Quod
3150 1819 3193 1869 si
3219 1817 3448 1870 nolueri-

1886 1909 1952 1959 tis
1986 1915 2032 1959 et
2060 1923 2159 1960 non
2188 1906 2458 1962 audieritis
2489 1924 2586 1974 me,
2604 1908 2812 1976 gladius
2840 1909 3099 1961 devorabit
3128 1926 3214 1962 vos
3230 1910 3269 1963 '.
3302 1910 3447 1973 Quo-

1885 2001 2025 2052 niam
2062 2000 2226 2069 igitur
2265 2002 2461 2053 animal
2516 2001 2739 2056 liberum
2764 2011 2847 2055 est
2879 2003 3063 2066 homo,
3096 2012 3148 2056 et
3192 2003 3446 2072 spiritua-

1883 2087 1987 2141 lem
2039 2089 2328 2160 paralysim
2370 2092 2677 2160 patiebatur
2710 2092 3057 2162 paralyticus,
3092 2094 3294 2149 idcirco
3331 2095 3441 2149 Do-

1884 2179 2079 2245 minus,
2109 2195 2177 2234 ne
2209 2180 2356 2235 illum
2386 2182 2588 2250 absque
2618 2182 2787 2251 ipsius
2812 2184 3004 2237 merito
3034 2194 3268 2248 curaret,
3302 2184 3447 2239 illius

1884 2285 2159 2325 assensum
2200 2272 2291 2327 tali
2332 2273 2754 2343 interrogatione
2797 2275 3129 2343 postulavit:
3167 2274 3257 2330 Vis
3284 2293 3447 2332 sanus

1882 2361 2038 2429 ﬁeri?
2078 2362 2271 2420 Dicens
2299 2374 2478 2418 autem
2521 2365 2796 2429 Dominus,
2839 2363 2925 2419 Vis
2960 2381 3119 2419 sanus
3149 2366 3309 2433 ﬁeri?
3354 2381 3449 2421 ne-

1884 2470 2151 2524 quaquam
2178 2456 2243 2509 de
2269 2458 2515 2525 corporis
2544 2456 2883 2524 passiouibus
2905 2457 3273 2527 interrogabat
3290 2472 3447 2527 para-

1883 2544 2125 2618 lyticum,
2151 2548 2291 2600 sicut
2318 2561 2417 2600 nec
2463 2547 2954 2614 haemorrhoissam,
3002 2563 3101 2601 nec
3152 2547 3442 2616 leprosum,

1885 2649 1984 2689 nec
2007 2635 2140 2690 duos
2181 2650 2351 2690 caecos
2385 2636 2452 2691 de
2493 2636 2697 2689 carnali
2737 2635 3047 2691 inﬁrmitate
3073 2637 3444 2707 interrogavit.

1883 2725 2016 2780 Tum
2035 2726 2176 2780 enim
2205 2727 2517 2796 interrogat,
2545 2742 2665 2780 cum
2688 2727 3019 2794 spiritualem
3043 2743 3161 2782 esse
3192 2730 3438 2783 morbum

1883 2816 2178 2886 cognoscit,
2208 2831 2488 2871 assensum
2520 2817 2766 2871 videlicet
2800 2818 3099 2886 requirens.
3143 2834 3243 2873 nec
3288 2820 3438 2888 prius

1883 2906 2214 2960 sanationem
2248 2905 2559 2974 collaturus,
2587 2922 2748 2976 quam
2767 2921 3020 2962 assensus
3048 2907 3437 2963 confessionem

1883 2994 2170 3063 exceperh.

206 3090 365 3143 τικῶν
412 3086 607 3141 παθῶν
652 3085 760 3139 οὐδ’
801 3085 933 3148 ὅλως
979 3083 1237 3156 ἐπηρώτα
1276 3085 1303 3135 6
1337 3082 1538 3155 Κύριος
1572 3082 1772 3153 λέγων,
1845 3082 2048 3147 Θέλεις
2089 3080 2264 3151 ὑγιὴς
2305 3082 2614 3152 γενέσθαι;
2675 3083 2749 3148 ὡς
2799 3084 2922 3139 οὔτε
2976 3089 3074 3157 τὴν
3126 3086 3449 3159 αἱμορῤοοῦ⁶

208 3203 321 3249 σαν,
351 3183 480 3237 οὔτε
530 3183 624 3235 τὸν
662 3182 882 3251 λεπρὸν,
936 3179 1059 3233 οὔτε
1103 3181 1230 3243 τοὺς
1297 3179 1391 3233 δύο
1434 3178 1668 3249 τυφλοὺς
1740 3176 2115 3249 ἐπηρώτησεν.
2153 3160 2329 3231 Ὅπου
2370 3178 2477 3251 γὰρ
2515 3178 2741 3249 ψυχικὸν
2775 3180 2888 3252 ᾔδει
2944 3181 3134 3247 πάθος,
3168 3183 3439 3254 ἐπερωτᾷ,

209 3274 612 3343 συγκατάθεσιν
658 3272 977 3342 βουλόμενος
1021 3270 1303 3337 δέξασθαι·
1342 3272 1391 3322 εἰ
1443 3270 1517 3341 μὴ
1561 3270 1769 3343 δέξηται
1812 3268 2228 3338 συγκατάθεσιν,
2260 3270 2401 3323 ἴασιν
2434 3269 2496 3321 οὐ
2530 3271 2781 3341 παρέχει.

273 3365 430 3416 Ἐστι
460 3362 520 3414 δὲ
559 3358 777 3417 πάντως
806 3360 977 3410 εἰπεῖν
1021 3374 1141 3410 τινα
1162 3372 1176 3385 ⁶
1210 3357 1275 3409 Τί
1308 3352 1428 3421 οὖν;
1463 3358 1558 3411 καὶ
1603 3358 1652 3409 οἱ
1679 3356 1772 3409 δύο

1942 3357 2055 3411 Erit
2082 3372 2210 3413 sane
2235 3359 2325 3427 qui
2353 3359 2493 3414 dicat
2520 3375 2535 3412 :
2569 3362 2703 3426 Quid
2752 3361 2953 3431 igitur?
2983 3363 3033 3415 in
3067 3363 3198 3431 ipsis
3231 3364 3436 3419 duobus

202 3456 387 3524 τυφλοὶ
426 3450 714 3522 ἁμαρτιῶν
760 3447 953 3518 ἔφερον
998 3446 1320 3518 γνώρισμα,
1370 3447 1450 3498 ὅτι
1496 3446 1776 3509 κάκείνους

203 3545 531 3617 ἐπηρώτησε
561 3541 732 3609 λέγων
763 3541 792 3592 6
822 3538 1046 3609 Κύριος,
1079 3539 1136 3591 Τί
1162 3537 1384 3602 θέλετε,
1421 3538 1519 3591 ἵνα
1548 3537 1777 3606 ποιήσω

203 3637 376 3703 ὑμῖγ;
405 3634 503 3703 Μὴ
533 3633 776 3686 κάκεῖνοι
805 3631 857 3683 oi
890 3628 1370 3701 ἀναγεγραμμένοι
1393 3632 1451 3683 ἐν
1478 3632 1588 3693 τοῖς
1616 3629 1777 3692 θείοις

202 3724 561 3793 Εὑαγγελίοις
602 3719 695 3772 δύο
721 3719 911 3788 τυφλοὶ
942 3719 1363 3787 συνετυφλοῦντο
1388 3721 1501 3781 τοῖς
1542 3734 1779 3788 σωματι-

200 3821 314 3881 κοῖς
352 3814 692 3883 ὀφθαλμοῖς,
741 3811 834 3863 καὶ
868 3811 929 3864 τὸ
960 3810 1188 3881 ψυχικὸν
1239 3810 1457 3881 βλέμμα
1503 3810 1602 3863 οὐκ
1650 3811 1782 3876 ὠξυ-

200 3911 427 3981 δόρκουν
483 3907 616 3975 περὶ
654 3906 747 3957 τὸν
798 3903 1030 3973 Κύριονς
1070 3903 1182 3955 Οὐκ
1228 3897 1371 3972 εἶχον
1427 3901 1636 3954 τελείαν
1681 3902 1777 3973 τὴν

200 4002 426 4068 γνῶσιν,
475 3996 822 4069 ἀμφέϐαλλον
870 3996 997 4065 περί
1044 3994 1143 4064 τὴν
1190 3992 1511 4064 ὁμολογίανο
1549 3994 1629 4047 διὸ
1686 3994 1778 4046 καὶ

208 4097 237 4148 6
270 4094 479 4163 Κύριος
531 4087 880 4159 ὑπερτίθεται
926 4086 1025 4155 τὴν
1072 4086 1236 4148 ἴασιν,
1267 4086 1352 4138 ἵνα
1399 4085 1638 4157 κρατύνῃ
1682 4086 1779 4156 τὴν

204 4186 404 4238 πίστιν.
436 4183 599 4235 Ἐστι
628 4180 685 4232 δὲ
720 4179 935 4241 πάντως
978 4178 1152 4230 εἰπεῖν
1197 4193 1348 4230 τίνα’
1397 4177 1779 4248 Καταψηφίζει

203 4279 308 4332 τῶν
360 4274 605 4343 τυφλῶν,
652 4272 834 4325 πιστοὶ⁹
883 4266 1022 4342 ἦσαν
1066 4272 1114 4323 οἱ
1175 4270 1384 4342 ἄνδρες.
1436 4272 1597 4340 Οὐχὶ,
1647 4270 1781 4325 ἀλλά

207 4371 362 4441 μόνον
419 4369 662 4438 ἥκουσαν
715 4363 843 4435 [ὅτι]
882 4363 939 4417 ὐ
990 4362 1193 4434 Κύριος
1242 4362 1567 4433 παροδεύει,
1620 4361 1778 4434 [καὶ]

204 4460 438 4529 ἐδάησαν
492 4456 780 4522 λέγοντες’
824 4450 1115 4519 Ἐλέησον
1188 4450 1373 4519 ἡμᾶς,
1432 4451 1634 4517 Κύριε,
1691 4447 1782 4501 υῖὲ

204 4549 397 4603 Δαϐίδ.
438 4546 565 4609 Πῶς
603 4544 778 4597 τοίνυν
815 4541 1147 4613 ἁμαρτωλοὶ,
1188 4544 1238 4594 oi
1278 4541 1482 4611 ταύτην
1525 4541 1623 4611 τὴν
1671 4557 1783 4609 φω-

204 4644 295 4713 νὴν
330 4640 654 4709 βοήσαντες,
685 4636 847 4689 ἄκουε
890 4636 918 4685 6
959 4632 1272 4700 ἀντιλέγων.
1308 4631 1407 4684 Διά
1451 4630 1651 4701 ταύτην
1683 4630 1781 4702 τὴν

1877 3450 2031 3504 cacis
2045 3450 2248 3519 peccati
2273 3450 2630 3520 deprehendit
2656 3453 2934 3519 iudicium,
2962 3456 3224 3524 siquidem
3249 3466 3302 3510 et
3324 3457 3442 3511 illos

1875 3540 2229 3609 interrogavit
2250 3541 2531 3608 Dominus,
2556 3543 2741 3598 dicens
2767 3562 2781 3598 :
2815 3544 2953 3610 Quid
2986 3547 3141 3601 vultis
3167 3560 3219 3600 ut
3246 3546 3443 3615 faciam

1876 3633 2015 3686 vobis
2044 3632 2111 3687 ³2
2139 3632 2273 3686 Num
2298 3634 2371 3688 illi
2394 3636 2498 3689 duo
2536 3635 2793 3704 caeci,qui
2826 3637 2875 3689 in
2900 3637 3095 3692 divinis
3147 3638 3447 3707 Evangeliis

1876 3735 2261 3789 memorantur,
2278 3736 2471 3795 praeter
2483 3740 2818 3781 communem
2840 3728 3135 3781 carnalium
3153 3728 3430 3783 oculorum

1877 3816 2193 3880 ca'citatem,
2229 3815 2524 3884 spiritualis
2554 3818 2715 3871 etiam
2755 3817 2905 3871 visus
2944 3818 3307 3872 inﬁrmitatem
3341 3834 3439 3888 pa-

1879 3905 2171 3969 tiebantur,
2202 3919 2307 3957 non
2339 3904 2495 3971 plane
2523 3919 2641 3973 quat
2675 3906 2741 3958 ad
2778 3906 3058 3959 Dominum
3096 3907 3446 3976 pertinebant

1877 3995 2291 4066 perspicientes?
2326 3994 2632 4051 Perfectam
2674 3997 3036 4068 cognitionem
3088 4014 3192 4052 non
3238 3999 3440 4054 habue-

1879 4097 2044 4152 runt,
2083 4088 2498 4158 ambiguamque
2540 4090 2757 4144 edidere
2786 4089 3214 4158 confessionem;
3250 4106 3442 4160 quant-

1876 4180 2059 4235 obrem
2084 4181 2411 4238 curationem
2436 4181 2613 4238 diﬁ‘ert
2643 4183 2922 4247 Dominus,
2950 4191 3005 4238 ut
3043 4185 3253 4239 illorum
3286 4186 3443 4239 ﬁdem

1879 4270 2114 4326 roboret.
2167 4270 2272 4326 Sed
2310 4272 2463 4339 dicet
2512 4272 2706 4341 aliQuis
2753 4293 2765 4327 :
2823 4272 3190 4328 Calumniatur
3228 4288 3441 4339 caecos;

1877 4361 1981 4415 viri
2017 4362 2158 4416 enim
2190 4373 2342 4417 erant
2371 4362 2573 4420 ﬁdeles.
2610 4363 2869 4419 Minime:
2910 4366 3005 4419 sed
3056 4365 3427 4420 tantummodo

1880 4454 2155 4508 audientes
2195 4455 2318 4523 quia
2352 4456 2609 4509 Dominus
2645 4456 2934 4522 transiret,
2966 4455 3335 4510 clamaverunl
3362 4457 3444 4509 di-

1881 4556 2063 4601 centes
2095 4565 2108 4601 :
2134 4546 2585 4611 Misererenostri,
2610 4546 2855 4611 Domine,
2883 4548 2963 4616 ﬁli
3017 4547 3192 4602 David
3218 4548 3260 4601 ‘.
3288 4547 3441 4613 Quis-

1882 4638 2002 4705 quis
2041 4639 2204 4706 igitur
2248 4638 2576 4692 contradicis
2612 4676 2628 4702 .
2661 4639 2785 4692 audi
2838 4639 3106 4706 quomodo
3135 4647 3443 4707 peccatores

206 4734 411 4805 φωνὴν,
446 4730 516 4800 ἦν
552 4726 771 4799 πρώτην
820 4722 1076 4796 ἐρρηξαν,
1115 4725 1208 4776 καὶ
1236 4724 1334 4793 τὴν
1365 4722 1651 4793 ὑπέρθεσιν
1679 4721 1779 4789 τῆς

1882 4731 2010 4793 sint,
2038 4729 2127 4797 qui
2170 4731 2304 4783 hanc
2349 4744 2532 4783 vocem
2565 4730 2815 4784 emisere.
2854 4728 2977 4783 llaec
3017 4729 3128 4797 ipsa
3168 4730 3442 4796 precatio,

211 4828 401 4888 ἰάσεως
448 4824 765 4893 ἐποιήσατο,
820 4819 1006 4889 ἐπειδὴ
1054 4817 1500 4889 παρακαλοῦντες
1564 4817 1773 4885 ἔλεγονο

220 4919 510 4987 Ἐλέησον
551 4912 730 4984 ἡμᾶς,
766 4912 860 4966 υίὲ
898 4910 1093 4965 Δαϐίδ.
1136 4910 1292 4973 Ποίος
1324 4909 1435 4971 υἱὸς
1486 4909 1647 4961 Δαὸὶδ
1692 4925 1780 4960 το-

211 5013 411 5081 σαύτην
445 5008 679 5077 δύναμιν
711 5005 959 5077 παρέχει,
987 5002 1309 5075 ἢτοσαὺτας
1342 4998 1779 5071 θαυματουργίας

208 5100 495 5167 ἐποίησεν;
534 5095 751 5164 Ὠραίος
778 5096 806 5147 6
845 5090 1217 5162 Ἀϐεσσαλὼμ,
1255 5090 1390 5144 ἀλλὰ
1419 5090 1778 5161 πατροκτόνος

210 5190 375 5258 ἐφάνη
396 5205 423 5219 ·ν
451 5186 691 5255 ποθητὸς
734 5187 762 5237 6
810 5183 1039 5254 Ἀμνὼν,
1068 5182 1203 5235 ἀλλά
1243 5182 1341 5253 τὴν
1379 5182 1513 5235 ἰδίαν
1545 5180 1779 5250 ἀδελφὴν

210 5278 476 5349 διέφθειρε
497 5293 513 5306 ·
562 5275 725 5345 σοφὸς
752 5276 781 5327 6
830 5272 1101 5344 Σολομὼν,
1129 5272 1243 5325 ἀλλ’
1273 5274 1352 5335 είς
1383 5272 1443 5325 τὸ
1472 5270 1622 5333 τέλος
1656 5270 1780 5324 ὠλί-

212 5368 419 5439 σθησεν.
459 5368 619 5421 Ἐπεὶ
669 5362 763 5419 οὗν
798 5366 872 5430 ὼς
921 5364 1020 5435 υἱῷ
1086 5363 1248 5416 Δα6¹ιδ
1308 5361 1633 5433 προσῆλθον,
1686 5362 1779 5413 καὶ

212 5461 321 5530 οὐχὶ
344 5460 503 5524 Θεὸν,
538 5458 798 5530 κραταιὸν
822 5456 1101 5520 δοκοῦντες
1124 5455 1284 5508 αὐτὸν
1317 5455 1411 5507 καὶ
1440 5455 1776 5524 ἐπιστήμονα

274 5656 726 5723 διελυμαεο.
806 5654 1018 5710 “Matth
1073 5653 1277 5723 ωδε.
1356 5625 1654 5709 ﬁmum.

1882 4836 2041 4890 quam
2072 4820 2300 4888 primum
2331 4818 2578 4883 edidere,
2610 4835 2771 4873 causa
2804 4818 3113 4873 diﬁ'erendae
3149 4822 3442 4875 curationis

1882 4910 2130 4979 exstitit,
2175 4909 2425 4977 quoniam
2475 4908 2759 4961 Dominum
2801 4910 3114 4962 invocantes
3144 4908 3441 4964 dixerunt:

1883 4998 2127 5053 Miserere
2166 4999 2368 5061 nostri,
2390 4998 2468 5064 ﬁli
2503 4998 2687 5049 David.
2718 4997 2912 5067 Ecquis
2948 4997 3084 5051 [ilius
3109 4996 3274 5051 David
3304 5009 3426 5052 tau-

1885 5101 1992 5145 tam
2024 5090 2227 5143 exserit
2250 5090 2569 5159 potentiam,
2600 5097 2855 5154 tantaque
2890 5090 3049 5144 edere
3082 5090 3437 5158 potuitprodi—

1876 5183 1998 5251 gia‘!
2030 5180 2438 5236 Pulcherrimus
2473 5182 2728 5247 Absalon,
2761 5186 2850 5236 sed
2882 5183 3172 5251 parricida;
3201 5183 3441 5235 amabilis

1874 5276 2105 5338 Amnon,
2137 5277 2230 5327 sed
2259 5274 2491 5343 prOpria:
2517 5275 2722 5330 sororis
2764 5286 3081 5345 corruptor;
3106 5275 3320 5342 sapiens
3345 5273 3439 5327 Sa-

1875 5366 2071 5430 lomon,
2097 5365 2193 5419 sed
2221 5365 2273 5419 in
2310 5366 2414 5419 line
2441 5366 2619 5436 lapsus
2650 5377 2751 5422 est.
2799 5368 3061 5434 Quoniam
3106 5381 3235 5435 ergo
3260 5364 3440 5420 Jesum

1875 5466 2239 5513 convenerunt
2261 5458 2364 5513 duo
2392 5460 2544 5527 caici,
2574 5468 2629 5514 ut
2656 5459 2823 5515 ﬁlium
2854 5460 3040 5527 David,
3067 5458 3288 5513 minime
3310 5470 3442 5513 veno
