3744 6304
317 218 429 287 {27
1270 222 1327 278 S.
1366 223 1807 280 AMPHILOCHII
1846 219 2225 278 ICONIENSIS
2264 224 2572 283 EPISCOPI
3468 224 3580 292 (ΞΒ

319 351 378 393 ιιι
408 341 613 402 Deum,
658 339 808 393 illum
842 338 1050 393 scilicet
1099 355 1195 410 pro
1224 342 1602 409 potentissimo
1629 345 1797 413 periti:

2099 342 2194 406 ὢν,
2232 344 2356 413 οὐχ).
2395 344 2452 397 δὲ
2486 344 2695 410 ἔνδοξον
2729 345 2882 408 Θεὸν,
2917 344 3164 415 βοώντων
3189 347 3297 402 τῶν
3326 349 3577 417 τυφλῶν,

322 446 517 500 moque
546 432 758 484 medico
801 431 1060 485 habentes
1080 470 1095 497 ,
1125 432 1319 485 nedum
1350 448 1448 501 pro
1480 433 1588 488 Deo
1610 434 1800 502 glorios

2103 430 2291 499 ἐησον
2342 432 2535 503 ἡμᾶς,
2586 434 2680 488 υἱὲ
2734 434 2940 501 Δαόὶὸ,
2989 438 3091 490 οὐκ
3141 436 3336 490 ἔδωκεν
3381 440 3581 503 αὐτοῖς

320 523 492 586 simo;
533 522 652 577 ideo
697 523 1052 575 clamantibus
1087 522 1225 588 illis,
1276 522 1524 578 Miserere
1569 525 1756 588 nostri,

2101 537 2300 591 κρισιν,
2337 524 2424 576 ἵνα
2469 523 2567 594 τὴν
2612 524 2795 577 πίστιν
2845 525 3023 578 αὐτῶν
3066 528 3335 598 προκόψαι
3389 546 3579 599 παρα-

321 610 515 676 Dam’d,
558 626 662 665 non
688 611 836 665 dedit
871 626 1186 681 responsum
1215 652 1231 678 ,
1275 623 1332 667 ut
1358 614 1478 668 ildei
1526 613 1735 668 illorum
1762 630 1794 683 p

2096 612 2252 686 υάσῃ.
2298 615 2389 667 Διὸ
2438 615 2536 686 τὴν
2594 617 2885 687 ὑπέρθεσιν
2916 619 2965 671 οἱ
3010 619 3201 689 τυφλοὶ
3256 620 3574 690 δεξάμενοι,

325 702 542 758 ﬁciendi
580 704 753 758 locum
786 705 957 759 daret.
989 704 1279 760 Curatione
1307 707 1469 776 igitur
1506 706 1777 776 paulisper

2099 706 2130 756 ὰ
2159 704 2337 776 ψυχὴν
2364 707 2763 779 ἐφωτίσθησαν.
2799 710 2893 763 καὶ
2940 710 3056 780 μετ’
3083 710 3279 779 ὀλίγον,
3313 711 3390 774 ὡς
3422 708 3577 764 εἶδεν

321 794 454 859 lata,
486 811 751 851 caecorum
783 796 959 850 anima
1006 797 1307 853 illuminata
1339 808 1453 865 est;
1483 810 1538 853 et
1559 800 1721 866 paulo
1743 814 1799 868 po

2100 795 2291 866 ἰύριος,
2335 798 2416 850 ὅτι
2464 798 2607 852 κατὰ
2658 799 2834 870 ψυχὴν
2883 801 3283 872 ἑφωτίσθησαν,
3315 804 3410 857 καὶ
3448 804 3578 857 ἐδέ-

322 885 412 940 ubi
444 886 583 950 illos,
615 888 967 955 spiritualiter
1010 888 1334 945 illuminatos
1374 890 1495 945 ﬁdei
1526 891 1695 945 lucem
1726 906 1800 945 act

2102 903 2149 938 ro
2178 886 2267 940 τὸν
2294 888 2556 959 φωστῆρα
2583 890 2683 960 τῆς
2717 891 2972 956 πίστεως,
3014 893 3272 966 ἐπηρώτα
3298 896 3327 948 6
3359 896 3580 967 Κύριος

324 979 467 1048 pisse
485 978 636 1033 novit
678 981 957 1046 Dominus,
993 982 1457 1051 interrogaviteos
1503 983 1731 1037 dicens:
1758 981 1798 1036 C

2100 993 2162 1030 av
2217 978 2432 1043 αὐτοῖς’
2488 983 2842 1049 Πιστεύετε,
2909 984 2999 1038 ὅτι
3064 984 3320 1056 δύναμαι
3386 988 3578 1043 τοῦτο

321 1072 451 1125 ditis
476 1074 599 1140 quia
630 1074 941 1140 hocpossum
960 1075 1128 1137 facere
1145 1074 1200 1127 '?
1226 1073 1362 1140 Quid
1386 1074 1713 1143 respondent
1731 1089 1799 1129 ca

2096 1070 2240 1139 ἧσαι
2254 1087 2273 1135 ;
2311 1073 2377 1126 Τί
2416 1068 2511 1127 οὖν
2548 1076 2596 1127 oi
2642 1076 2854 1144 τυφλοὶ,
2903 1078 3311 1149 προκόψαντες,
3364 1082 3574 1150 φασίνς

322 1174 548 1230 quorum
571 1165 680 1232 jam
713 1164 843 1220 ﬁdes
860 1165 1195 1234 profecerat?
1222 1166 1421 1228 Etiam,
1451 1167 1668 1222 Domine
1693 1168 1735 1222 ⁸.
1764 1167 1800 1223 J.

2096 1161 2131 1227 ί,
2175 1164 2371 1232 Κύριε.
2406 1164 2602 1218 Οὐκέτι
2636 1162 2809 1232 εἷπον,
2858 1168 3000 1235 Ναὶ,
3036 1172 3119 1225 υἱὲ
3166 1173 3356 1226 Δαϐίδ·
3402 1175 3574 1240 ἀλλὰ,

323 1269 431 1307 non
462 1255 663 1317 dicunt,
696 1254 887 1319 Etiam,
930 1255 1000 1308 lili
1036 1255 1224 1320 David,
1249 1256 1365 1319 sed,
1398 1256 1603 1322 Etiam,
1638 1255 1801 1310 Domi:

2123 1292 2138 1316 ,
2187 1257 2386 1323 Κύριε.
2450 1256 2908 1330 ’Υπεμνήσθησαν
2971 1263 3071 1333 τῆς
3135 1265 3432 1336 ἀναϐολῆς,
3485 1266 3579 1322 διὸ

322 1342 402 1398 Ex
429 1345 722 1399 curationis
751 1346 1007 1400 dilatione
1028 1345 1387 1415 sapientiores
1408 1345 1556 1411 facti,
1589 1344 1800 1413 perfect;

2095 1346 2245 1399 »αυτὰ
2286 1346 2388 1418 τὴν
2438 1351 2728 1420 ὁμολογίαν
2773 1354 3049 1406 ποιοῦνται
3096 1354 3374 1423 λέγοντες·
3416 1358 3573 1425 Ναὶ,

321 1435 711 1491 confessionem
734 1437 891 1491 edere
916 1436 1189 1502 festinant,
1220 1437 1493 1492 dicentes:
1531 1436 1741 1502 Etiam,
1775 1436 1799 1489 ι

2098 1450 2184 1498 ηε,
2210 1435 2559 1507 πιστεύομεν,
2586 1440 2668 1491 ὅτι
2708 1438 2931 1493 δύνασαι
2968 1440 3126 1494 τοῦτο
3158 1443 3396 1513 ποιῆσαι.
3424 1439 3576 1495 Εἶτα

322 1530 499 1590 mine;
530 1528 799 1582 credimus
840 1528 968 1597 quia
1013 1529 1114 1582 hoc
1155 1538 1308 1599 potes
1337 1527 1535 1583 facere.
1579 1527 1730 1583 Tunc
1762 1527 1792 1580 li

2100 1525 2199 1589 ινὺς
2224 1528 2253 1579 6
2287 1526 2510 1599 Κύριος,
2536 1529 2618 1581 ὃτι
2660 1532 2726 1601 τῇ
2767 1530 2948 1584 πίστει
2976 1531 3303 1603 προέκοψαν,
3333 1534 3578 1604 ἀπεκρί-

324 1620 536 1672 illorum
588 1618 887 1688 profectum
942 1619 1186 1675 indicans
1226 1619 1519 1686 Dominus,
1563 1621 1802 1688 respondi

2099 1635 2116 1670 ι
2163 1617 2365 1687 λέγων’
2414 1621 2577 1676 Κατὰ
2625 1621 2741 1690 τὴν
2781 1624 2989 1676 πίστιν
3046 1623 3215 1692 ὑμῶν
3257 1625 3577 1693 γενηθήτω

322 1706 619 1761 Secundum
654 1708 809 1776 ﬁdem
837 1720 1057 1763 vestram
1100 1711 1192 1778 ﬁat
1225 1711 1363 1764 vobis
1393 1712 1447 1764 ":
1481 1711 1712 1765 innuens
1740 1724 1796 1765 sc

2098 1726 2149 1773 ν,
2193 1708 2290 1775 ὡς,
2336 1712 2385 1763 εί
2422 1712 2497 1782 μὴ
2541 1712 2850 1783 προέκοψαν
2897 1717 2963 1785 τῇ
3016 1714 3228 1779 πίστει,
3262 1716 3322 1767 τὸ
3365 1714 3576 1785 βλέπον

322 1811 408 1876 cet
431 1841 446 1862 ,
478 1815 605 1865 eos,
654 1802 753 1854 nisi
800 1801 902 1855 lide
940 1802 1294 1870 profecissent
1319 1840 1335 1865 ,
1383 1816 1487 1855 non
1523 1801 1686 1855 fuisse
1713 1803 1800 1856 visu

2128 1798 2391 1869 ἐδέχοντο.
2442 1800 2541 1854 Διὰ
2590 1801 2749 1855 τοῦτο
2800 1804 2895 1857 καὶ
2967 1804 3201 1857 ἐνταῦθα
3244 1804 3274 1856 6
3319 1805 3572 1876 Κύριος,

323 1874 751 1957 recuperaturos.
807 1892 1095 1961 Propterea
1144 1892 1397 1946 Dominus
1421 1934 1434 1957 ,
1468 1893 1593 1961 quia
1635 1909 1737 1946 non
1766 1903 1801 1946 t:

2098 1889 2173 1961 ιδὴ
2209 1892 2237 1943 6
2270 1891 2582 1961 παράλυτος
2629 1893 2829 1963 μᾶλλον
2876 1893 3123 1964 ψυχικῶς
3164 1892 3232 1966 ἦν
3279 1874 3576 1967 ὲξηρθρω-

322 1996 549 2050 corpore
573 1996 731 2050 quam
757 1982 935 2035 anima
957 1982 1262 2036 debilitatus
1279 1983 1491 2051 jacehat
1523 1983 1875 2051 paralyticos,

322 2085 542 2145 pr0pter
562 2084 903 2143 peccatorum
920 2076 1341 2140 corruptionem,
1373 2075 1726 2144 interrogavit
1752 2090 1878 2129 eum

323 2168 508 2221 dicens
531 2181 547 2220 :
576 2165 664 2220 Vis
685 2183 844 2221 sanus
866 2166 983 2233 ﬁeri
1005 2166 1025 2219 .7
1053 2165 1385 2235 Paralyticus
1407 2175 1607 2231 autem,
1636 2168 1888 2237 ignorans

322 2259 445 2328 quis
478 2275 598 2313 eum
654 2260 1036 2326 alloqueretur,
1085 2259 1359 2327 respondit
1389 2259 1613 2313 Domino
1645 2260 1827 2315 dicens
1866 2278 1882 2315 :

321 2348 460 2406 Volo
522 2365 690 2405 sanus
736 2350 870 2404 lieri.
936 2348 1080 2419 [Sed
1133 2351 1261 2419 quid
1316 2351 1449 2415 diei,
1537 2351 1661 2405 Volo
1696 2351 1751 2421 .9]
1788 2352 1879 2407 Be-

322 2458 391 2499 ne
462 2444 759 2510 interrogas
825 2458 951 2495 num
989 2442 1183 2508 velim;
1222 2440 1330 2510 iam
1410 2444 1553 2497 enim
1615 2444 1751 2498 velle
1791 2446 1887 2498 de-

320 2535 476 2599 Iino,
530 2533 794 2603 siquidem
849 2531 958 2599 jam
1004 2532 1094 2587 diu
1138 2542 1224 2588 est
1259 2533 1404 2601 quod
1460 2533 1610 2597 volo,
1663 2545 1716 2589 et
1755 2535 1887 2601 nihil

322 2640 440 2679 smn
475 2631 828 2688 consecutus;
882 2637 1051 2692 quare
1097 2623 1148 2677 id
1186 2623 1325 2677 velle
1363 2638 1698 2693 perseverem
1745 2624 1887 2693 quod

323 2731 428 2770 non
469 2713 849 2784 apprehendo?
886 2713 1019 2768 Volo
1067 2728 1232 2769 sanus
1280 2716 1431 2779 lieri;
1484 2715 1536 2769 iu
1585 2715 1723 2770 lecto
1754 2732 1888 2770 con-

321 2806 514 2870 senui,
575 2805 823 2875 sepulcro
884 2804 1094 2873 loquaci
1160 2806 1488 2860 assimilatns
1534 2821 1690 2870 sum,
1744 2822 1889 2861 mor-

324 2908 451 2952 tuus
497 2913 614 2953 sum
670 2898 898 2961 vivens,
947 2897 1079 2950 nihil
1117 2897 1246 2950 mihi
1295 2897 1447 2965 pejus
1497 2898 1741 2952 accidere
1793 2913 1890 2966 po-

325 2996 466 3053 test;
499 2989 677 3041 thema
699 2986 987 3055 juramenti
1008 2989 1256 3041 omnibus
1286 2987 1457 3042 factus
1476 3004 1628 3053 sum;
1664 2990 1882 3058 triginta

325 3092 379 3135 et
402 3095 523 3135 octo
548 3079 802 3135 efﬂuxere
821 3081 947 3133 anni
969 3122 985 3147 ,
1010 3095 1073 3134 ex
1106 3096 1213 3150 quo
1240 3080 1363 3133 huic
1398 3081 1618 3146 piscina:
1642 3083 1853 3136 assideo
1870 3123 1886 3148 ,
1914 3061 1955 3118 C

323 3183 381 3227 et
430 3188 586 3226 «nemo
628 3173 969 3239 campatitur.
1015 3172 1278 3226 V'enditur
1306 3172 1503 3225 donum
1552 3173 1682 3239 Dei,
1725 3189 1889 3245 uego-

325 3266 527 3320 tiantur
552 3264 678 3317 illud
696 3263 946 3318 Pharisaei
970 3280 983 3326 ;
1006 3278 1142 3317 unus
1168 3263 1393 3330 singulis
1410 3264 1566 3319 annis
1582 3277 1822 3330 sanatur,
1837 3274 1892 3320 et

325 3373 447 3411 cum
488 3358 692 3425 primus
732 3358 922 3410 ordine
956 3358 1165 3412 caeteris
1194 3356 1434 3425 praeferri
1478 3356 1727 3423 deberet,
1758 3373 1891 3427 prte-

326 3449 497 3503 fertur
525 3448 761 3503 divitior.
794 3450 957 3503 Abest
982 3466 1009 3502 a
1046 3450 1246 3517 piscina
1276 3449 1483 3515 iustitia
1506 3490 1520 3513 ,
1552 3451 1759 3504 obtinet
1789 3450 1891 3504 ini-

326 3542 525 3608 quitas.
560 3540 846 3610 Numjusta
868 3540 1152 3611 aliquando
1179 3541 1527 3609 superveniet
1553 3542 1894 3596 administra-

328 3634 439 3697 tio,
473 3643 532 3686 nt
590 3648 726 3703 aqua
766 3633 974 3687 tandem
1021 3634 1423 3687 mercimonium
1482 3648 1601 3688 esse
1646 3635 1892 3699 desinat,

326 3733 380 3776 et
413 3724 660 3777 omnibus
699 3722 993 3777 liberaliter
1019 3724 1287 3778 donetur?
1318 3723 1575 3778 Dominus
1617 3734 1794 3779 autem
1827 3728 1892 3779 ad

326 3815 678 3884 paralyticum
731 3832 745 3869 :
796 3814 1074 3880 Quomodo
1124 3816 1282 3869 homo
1322 3816 1410 3869 uni
1463 3818 1747 3887 eidemque
1776 3818 1895 3873 loco

327 3905 514 3959 afﬁxus
561 3908 624 3960 de
670 3907 755 3960 his
782 3908 1044 3960 disserere
1069 3906 1282 3960 valeat?
1320 3906 1398 3960 En
1432 3923 1517 3962 me
1548 3918 1606 3960 ut
1640 3910 1894 3978 ignoran-

328 4008 435 4051 tem
470 3996 784 4064 alloquitur!
826 3997 1039 4066 Egone,
1074 3996 1296 4064 piscinze
1348 3998 1607 4053 Dominus
1631 4036 1648 4062 ,
1679 4015 1797 4068 qua:
1827 4000 1894 4053 ad

1989 1982 2169 2051 μένος,
2205 1986 2270 2054 τῇ
2303 1985 2412 2036 τῶν
2458 1986 2872 2057 ἁμαρτημάτων
2912 1988 3262 2060 καταφθορᾷ,
3299 1988 3578 2059 ἐπηρώτα

1984 2075 2171 2128 τοῦτον
2212 2078 2242 2128 6
2271 2076 2472 2148 Κύριος
2505 2076 2682 2147 λέγων
2704 2095 2720 2109 ⁶
2771 2078 2976 2145 Θέλεις
3021 2080 3198 2149 ὑγιὴς
3250 2079 3578 2149 γενέσθαι;

1997 2164 2056 2216 '0
2096 2165 2154 2218 δὲ
2198 2167 2525 2237 παράλυτος,
2557 2168 2631 2239 μὴ
2664 2169 2819 2233 εἰδὼς
2848 2169 2947 2231 ἐτι,
2978 2170 3064 2233 τίς
3116 2172 3261 2223 ἐστιν
3303 2173 3330 2223 ό
3360 2170 3573 2232 λαλῶν,

1987 2254 2321 2326 ἀπεκρίνατο
2373 2258 2509 2328 πρὸς
2555 2257 2647 2312 τὸν
2710 2259 2912 2330 Κύριον
2960 2259 3163 2328 λέγων’
3204 2260 3352 2313 Θέλω
3402 2260 3576 2330 ὑγιὴς

1984 2345 2267 2413 γενέσθαι⁶
2317 2346 2499 2411 καλῶς
2556 2348 2918 2420 ἐπηρώτησας
2989 2349 3104 2421 [εί]
3162 2350 3331 2402 θέλω·
3377 2350 3577 2403 οὐκέτι

1986 2440 2094 2509 γὰρ
2142 2439 2312 2492 θέλωο
2350 2439 2642 2493 πολλοστὸν
2693 2443 2803 2511 γὰρ
2851 2440 3114 2511 θελήσας,
3150 2442 3299 2493 οὐδὲν
3352 2441 3573 2510 ἤνυσα·

1984 2530 2036 2582 τί
2066 2530 2249 2583 λοιπὸν
2283 2530 2441 2597 θέλω,
2474 2532 2503 2584 ὃ
2544 2533 2604 2585 οὐ
2655 2532 2953 2603 λαμϐάνω;
2999 2533 3150 2586 Θέλω
3202 2533 3359 2603 ὑγιὴς
3408 2532 3579 2600 γενὲο

1988 2621 2134 2684 σθαι,
2180 2625 2533 2695 κατεγήρασα
2562 2626 2627 2695 τῇ
2676 2624 2853 2696 κλίνῃ,
2884 2624 3054 2694 τάφος
3086 2625 3204 2696 εἰμὶ
3247 2624 3579 2691 πολύλαλος,

1984 2714 2223 2786 τέθνηκα
2282 2716 2412 2780 ζῶν,
2450 2716 2604 2768 οὐδὲν
2647 2717 2962 2788 καινότερον
3019 2717 3306 2787 ὑπομένειν
3359 2716 3579 2788 μέλλω,

1987 2804 2147 2874 ὅρκον
2185 2805 2251 2875 μὲ
2285 2806 2486 2867 πάντες
2524 2804 2915 2875 λαμϐάνουσιν*
2950 2804 3242 2875 τριάκοντα
3282 2804 3375 2856 καὶ
3420 2800 3579 2854 ὀκτὼ

1989 2896 2081 2966 ἔτη
2138 2896 2246 2967 ἔχω
2296 2897 2629 2967 παραμένων
2682 2899 2749 2967 τῇ
2800 2896 3186 2966 κολυμϐήθρᾳ,
3248 2895 3339 2947 καὶ
3391 2893 3580 2958 οὐδεὶς

1990 2986 2279 3054 συμπαθεῖ.
2354 2986 2733 3055 Πιπράσκεται
2786 2987 2848 3039 τὸ
2911 2985 3106 3057 δῶρον,
3166 2984 3582 3055 καπηλεύουσιν

1990 3076 2139 3144 αὐτῷ
2169 3075 2478 3146 Φαρισαίων
2514 3077 2732 3141 παῖδες’
2775 3072 2855 3140 εἶς
2902 3076 2980 3147 τῷ
3032 3075 3260 3146 ἐνιαυτῷ
3310 3076 3583 3147 καθαίρε-

1989 3185 2100 3228 ται.
2127 3168 2240 3230 καὶ,
2281 3168 2397 3221 δέον
2436 3170 2530 3222 τὸν
2558 3170 2773 3240 πρῶτον
2819 3170 3219 3241 προτιμᾶσθαι,
3262 3172 3291 3222 6
3324 3169 3584 3240 εὐπορώ-

1990 3277 2145 3330 τερος
2180 3260 2358 3314 τοίνυν
2408 3263 2795 3333 προκρίνεται·
2850 3262 3072 3333 ἄκριτος
3118 3264 3151 3332 ἡ
3192 3260 3581 3332 κολυμϐήθρα,

1990 3352 2150 3406 ἄδικα
2177 3353 2247 3405 τὰ
2278 3354 2521 3421 παρόντα
2540 3372 2553 3383 ·
2586 3352 2695 3425 ἆρα
2728 3354 2882 3407 ἔσται
2933 3355 3202 3425 ὲπισκοπή
3250 3371 3331 3416 τις
3360 3352 3581 3420 δικαία,

1994 3446 2079 3498 ἵνα
2110 3447 2185 3517 μὴ
2217 3448 2277 3499 τὸ
2316 3447 2459 3517 ὕδωρ
2502 3448 2901 3518 καπηλεύηται,
2937 3446 3071 3500 ἀλλὰ
3113 3448 3276 3499 πᾶσιν
3322 3445 3586 3512 ἀφθόνως

1991 3538 2236 3603 δίδωται;
2278 3539 2335 3592 '0
2366 3539 2423 3592 δὲ
2460 3538 2664 3608 Κύριος
2708 3540 2846 3610 πρὸς
2889 3539 2980 3591 τὸν
3022 3538 3361 3610 παράλυτον·
3398 3537 3464 3589 Τί
3520 3539 3587 3590 ὲν

1992 3632 2072 3684 ὲνὶ
2123 3633 2273 3702 τόπῳ
2329 3630 2727 3701 κατακείμενος
2770 3629 2993 3694 πελάζει
3034 3629 3113 3700 τῷ
3163 3628 3443 3699 λογισμῷ;
3486 3628 3588 3692 Ὠς

1992 3724 2270 3792 ἀγνοοῦντί
2303 3740 2392 3794 μοι
2433 3723 2697 3791 διαλέγει.
2732 3722 2846 3792 Τῆς
2888 3722 3270 3793 κολυμϐήθρας
3302 3721 3586 3794 δεσπόζω,

1994 3790 2089 3870 καὶ
2138 3817 2237 3870 οὐκ
2286 3790 2404 3869 οἶδα
2437 3816 2507 3869 τὰ
2557 3790 2857 3886 γινόμενα;
2909 3790 3128 3884 ’Ἐγνων⁷
3166 3790 3267 3885 τὴν
3303 3790 3591 3867 ’ίουδαὶων

2002 3911 2415 3981 πραγματείαν;
2458 3908 2559 3961 Διὰ
2600 3907 2759 3961 τοῦτο
2813 3908 3194 3979 παρεγενόμην
3248 3903 3591 3970 ἀνταλλάξαι

1992 4004 2092 4074 τὴν
2133 4002 2539 4074 κολυμϐήθραν,
2568 4002 2665 4055 καὶ
2712 4000 2806 4055 νῦν
2856 4001 3059 4071 ταύτην
3107 3998 3286 4063 παύω,
3340 3999 3437 4051 καὶ
3475 4000 3592 4070 τὴν

326 4088 471 4141 illam
500 4096 743 4156 spectant
766 4088 1123 4142 nesciverim?
1148 4089 1290 4142 Bene
1318 4090 1441 4142 novi
1469 4088 1771 4144 Judzeorum
1798 4111 1804 4144 ι

2138 4090 2505 4163 βαπτίσματος
2550 4093 2770 4160 ἁνοίγω.
2812 4093 2903 4145 Ἐν
2950 4091 3125 4164 ταύτῃ
3174 4085 3254 4154 εἷς
3298 4092 3417 4143 κατ’
3457 4089 3592 4154 ἔτος

327 4180 705 4253 gotiatiouem;
742 4185 1089 4249 quamobrem
1126 4183 1245 4236 veni
1277 4183 1541 4251 piscinam
1592 4199 1803 4238 commu

2116 4187 2335 4257 ιίρεται,
2373 4187 2491 4239 ἐκεῖ
2527 4185 2888 4256 ἀναρίθμητοι
2920 4184 3043 4238 καθ’
3080 4185 3314 4253 ἑκάστην
3346 4183 3594 4251 ἀναγεν-

330 4283 504 4328 turus.
533 4272 671 4327 Ecce
701 4288 799 4341 ego
844 4272 988 4327 illam
1037 4274 1261 4336 aboleo.
1300 4276 1509 4344 ipsique
1560 4276 1808 4346 baptism:

2116 4278 2316 4348 ᾓσονται
2337 4292 2351 4308 ο
2390 4278 2448 4329 ἐν
2482 4275 2655 4349 ταύτῃ
2691 4276 2919 4344 ἄγγελον
2949 4274 3265 4334 ἀπέστειλα,
3294 4275 3353 4326 ὲν
3392 4273 3594 4345 ἐκείνῃ

331 4366 600 4418 lavacrum
651 4365 937 4417 substituo.
989 4365 1045 4419 la
1087 4366 1176 4419 illa
1226 4381 1368 4421 unus
1406 4369 1692 4436 quotannis
1737 4384 1809 4424 sat

2138 4371 2166 4423 6
2194 4370 2302 4423 τῶν
2335 4369 2583 4438 ἀγγέλων
2615 4369 2843 4438 ποιητὴς
2877 4366 3161 4437 κατῆλθον.
3188 4365 3280 4419 Διὸ
3311 4365 3450 4436 πρὸς
3481 4364 3594 4436 τὴν

332 4467 451 4521 tur;
484 4457 535 4507 in
581 4460 680 4508 hoc
711 4455 976 4509 innumeri
1028 4457 1268 4523 quotidie
1296 4460 1787 4525 regenerabuntur;

2116 4477 2259 4531 τησιν
2312 4460 2679 4531 ἁποκρίθητι·
2741 4458 2944 4524 Θέλεις
3012 4457 3191 4528 ὑγιὴς
3260 4456 3594 4526 γενέσθαι;

331 4545 475 4599 illam
507 4544 752 4614 angelum
797 4547 1120 4600 descendere
1152 4546 1321 4615 iussi,
1352 4548 1410 4601 in
1463 4551 1564 4603 hoc
1602 4564 1702 4620 ego
1735 4550 1809 4620 ips

2120 4548 2267 4614 ἐστι,
2316 4548 2620 4613 Πιστεύεις,
2650 4549 2735 4601 ὅτι
2764 4550 2820 4600 ἐν
2871 4547 3081 4610 τούτοις
3129 4545 3355 4609 δυνατός
3396 4546 3521 4615 είμι
3563 4546 3597 4598 6

330 4637 641 4705 angelorum
670 4648 905 4700 creator,
931 4639 1203 4694 descendi.
1230 4638 1517 4709 Responde
1540 4639 1703 4711 igitur
1735 4643 1808 4697 int

2119 4640 2174 4695 ὗν
2211 4659 2322 4709 σοι;
2365 4641 2423 4693 '0
2448 4640 2506 4696 δὲ
2545 4640 2876 4711 παράλυτος,
2910 4639 3105 4710 μικρὸν
3134 4637 3456 4699 ἀνανεύσας,
3490 4640 3597 4691 καὶ

328 4729 534 4798 roganti
570 4746 584 4784 :
629 4728 719 4783 Vis
746 4748 906 4784 sanus
933 4733 1051 4801 ﬁeri
1068 4735 1091 4788 ?
1116 4732 1168 4787 id
1198 4742 1280 4786 est
1306 4772 1321 4798 ,
1356 4733 1615 4789 Credisne
1645 4738 1785 4806 quod

2144 4734 2457 4787 δεσποτείαν
2487 4734 2583 4787 τοῦ
2623 4734 2829 4804 Κυρίου
2873 4732 3166 4802 γνωρίσας,
3199 4733 3265 4802 τῇ
3314 4728 3590 4800 συνηθείᾳ

331 4820 403 4873 lia
434 4820 612 4877 facere
640 4812 844 4892 po'ssim
877 4839 974 4894 ego
998 4826 1085 4894 qui
1111 4825 1301 4895 loquor
1329 4826 1544 4882 tecum?
1564 4826 1809 4899 Paralytit

2125 4826 2498 4897 συνεχόμενος,
2543 4825 2876 4896 ἀπεκρίνατο
2913 4823 3105 4891 λέγων,
3141 4822 3286 4893 ἅπερ
3327 4822 3441 4874 ῐστε
3491 4838 3598 4875 σα-

330 4924 508 4966 autem
533 4953 549 4978 ,
579 4924 738 4984 caput
784 4916 1173 4986 aliquantulum
1225 4920 1509 4975 sublevans
1536 4963 1550 4987 ,
1594 4935 1807 4989 suprem

2121 4938 2124 4976 τ
2186 4918 2578 4987 γινώσκοντες·
2629 4917 2774 4977 Ναὶ.
2834 4915 3041 4986 Κύριε,
3094 4915 3409 4983 ἄνθρωπον
3470 4915 3599 4967 οὐκ

328 5006 543 5074 quidem
603 5008 808 5063 Domini
854 5020 1174 5079 potestatem
1203 5014 1483 5067 confessus
1516 5022 1636 5077 est;
1670 5013 1764 5068 sed
1804 5029 1896 5067 ve-

332 5109 499 5152 torem
546 5103 984 5158 consuetudinem
1026 5114 1277 5169 secutus,
1315 5105 1588 5175 respondit
1628 5106 1903 5172 :éEtiam,

331 5189 585 5256 Domine;
624 5190 900 5245 Hominem
931 5210 1031 5246 non
1060 5196 1246 5260 habeo,
1274 5208 1327 5249 ut
1356 5213 1474 5250 cum
1501 5196 1713 5250 turbata
1746 5197 1906 5266 fuerit

328 5300 484 5352 aqua,
513 5286 683 5338 mittat
717 5302 797 5339 me
837 5287 892 5339 in
929 5287 1217 5355 piscinam;
1248 5294 1371 5341 dum
1418 5291 1563 5343 venio
1606 5291 1743 5343 enim
1779 5306 1903 5359 ego,

399 5441 422 5471 ⁸
462 5439 651 5496 Matth.
686 5456 762 5508 ιχ,
799 5439 888 5493 28.
964 5442 985 5473 ⁶
1011 5438 1143 5498 ενι.
1245 5443 1265 5473 ⁷
1291 5444 1419 5500 ibid.
1443 5444 1533 5499 ‘29.

412 5598 523 5673 (24)
557 5601 922 5669 Βαμϐαίνεις.
948 5601 1191 5658 Lexicon.
1222 5603 1793 5673 ῑηει1ἰ1.;Βαμϐαίνει’
1832 5602 1908 5655 δι-

334 5669 559 5738 στάζει,
599 5674 787 5744 τρέμει
821 5677 933 5737 τοῖς
980 5674 1133 5737 ποσὶ,
1194 5676 1287 5728 καὶ
1328 5677 1392 5745 τῇ
1426 5669 1642 5745 γλώσσῃ
1677 5676 1906 5745 ἀσήμως

2010 5012 2147 5079 ἔχω,
2175 5012 2294 5073 ἵνα,
2324 5010 2468 5063 ὅταν
2489 5008 2753 5077 ταραχθῇ
2776 5008 2841 5061 τὸ
2865 5008 3041 5075 ὕδωρ,
3072 5006 3237 5073 ,ϐάλῃ
3256 5005 3334 5074 μὲ
3356 5007 3445 5070 εἰς
3472 5004 3599 5072 τὴν

2015 5103 2464 5172 κολυμϐήθραν-ο
2498 5103 2569 5156 ἐν
2601 5095 2648 5167 ᾦ
2671 5101 2738 5153 δὲ
2774 5102 3020 5169 ἔρχομαι
3059 5099 3192 5168 ἐγὼ,
3238 5098 3429 5162 ἄλλος
3469 5097 3600 5164 πρὸ

2012 5197 2155 5268 ἐμοῦ
2190 5198 2545 5251 καταϐαίνει.
2582 5196 2639 5248 '0
2671 5194 2727 5247 δὲ
2774 5192 2975 5263 Κύριος
3008 5192 3145 5262 πρὸς
3192 5190 3283 5242 τὸν
3337 5188 3599 5260 παράλυ-

2015 5307 2132 5343 τον·
2177 5291 2245 5343 Τί
2275 5288 2593 5360 βαμϐαίνεις
2623 5286 2765 5357 (24),
2812 5284 3123 5357 παράλυτε;
3178 5283 3362 5351 Ἀρκεί
3412 5297 3494 5333 σοι
3528 5280 3599 5333 τδ

2016 5600 2325 5671 φθέγγεται.
2354 5600 2457 5663 ὑπὸ
2481 5599 2685 5671 τρόμου
2714 5596 2838 5671 ἠχεῖ
2868 5593 3009 5671 τοὺς,
3028 5592 3264 5671 ὀδόντας.
3322 5587 3455 5671 ’ᾼπέξ
3496 5602 3606 5671 μετ

2014 5655 2254 5744 ταφόρᾶς
2282 5655 2387 5724 τῶν
2405 5655 2596 5725 ποδῶν
2612 5667 2720 5721 τῶν
2740 5655 2831 5736 ’μὴ
2864 5662 3078 5735 ἑδραίαν
3116 5662 3213 5733 τὴν
3240 5658 3411 5730 φυγὴν
3440 5655 3601 5725 ἐχόν·
