3744 6306
127 357 216 412 155

1061 348 1364 405 DIDYMUS
1401 345 2349 404 ALEXANDRINUS.-—NOTITIA.

3205 345 3316 407 154

127 466 383 530 intercidit,
415 466 507 520 sed
534 466 604 520 ab
636 465 965 535 Hieronymo
1002 465 1147 520 circa
1180 481 1231 521 ιι.
1263 466 1369 520 586
1396 465 1581 519 Latine
1613 479 1643 519 e
1672 470 1717 524 Α
1749 464 1913 527 uisse,
1966 465 2217 533 quoniam
2265 466 2317 519 in
2368 478 2436 520 eo
2476 478 2583 519 non
2616 463 2957 534 reperiuntur
2984 466 3099 521 haec
3124 468 3311 537 Verba,

127 562 290 616 Cnseo
316 570 494 611 versus
520 566 702 610 exstat
729 571 792 610 ex
828 556 971 609 illius
1009 556 1257 610 versione
1289 556 1430 610 inter
1460 554 1648 609 Hiero-

128 652 254 723 nymi
283 648 466 718 Opera,
499 648 553 702 in
584 646 742 704 Joan.
772 646 1062 701 Martianzei
1101 646 1358 709 editione,
1395 656 1524 700 tom.
1558 644 1645 708 IV,

126 750 294 810 prater
319 736 551 792 auctoris
571 746 627 791 et
649 736 955 804 interpretis
986 734 1062 804 (a)
1092 746 1324 790 mentem
1352 735 1647 804 discerptus

125 834 170 884 in
201 830 348 882 libros
376 836 504 881 tres.
540 827 783 881 Meminit
825 826 1181 896 Augustinus,
1230 826 1322 881 lib.
1362 840 1401 880 ιι
1446 824 1645 890 Quaest.

124 926 169 975 in
194 922 363 985 Esad.,
391 935 512 988 cap.
543 919 654 985 25;
688 920 911 989 Nicepli.
953 936 1028 980 ix,
1068 919 1155 973 17.
1189 918 1393 973 Prodiit
1426 933 1645 988 separa-

125 1014 205 1064 tim
244 1010 457 1077 primum
488 1009 721 1063 Colonia:
748 1023 884 1062 ann.
918 1007 1075 1071 1551,
1122 1008 1176 1074 8,
1202 1008 1391 1062 deinde
1415 1006 1534 1062 libri
1585 1022 1645 1061 ιιι

126 1109 317 1167 quatuor
353 1098 741 1166 exemplarium
791 1097 1076 1152 collatione
1122 1114 1151 1151 a
1201 1096 1381 1152 multis
1440 1098 1645 1152 mendis

127 1190 347 1259 epurgati,
416 1188 629 1243 Joanne
688 1204 717 1243 a
783 1189 988 1244 Fuchte
1035 1200 1277 1254 curante,
1334 1189 1642 1244 Helmstadii

127 1280 256 1340 1611,
284 1278 336 1332 8.
364 1277 614 1333 Occurrit
638 1287 692 1334 et
733 1279 785 1332 in
818 1279 1134 1347 quibusdam
1168 1280 1498 1334 Bibliotheca!
1535 1278 1643 1332 Pa-

129 1384 239 1424 trsnt
280 1370 620 1437 editionibus,
672 1370 847 1424 Paris.
875 1370 1030 1433 1589,
1074 1370 1229 1425 1654.
1284 1370 1440 1424 Plura
1487 1371 1641 1439 hujus

125 1460 276 1529 scripti
302 1459 411 1512 loca
437 1459 674 1513 illustrat
700 1459 904 1528 Caspar
934 1458 1187 1514 Barthius
1217 1461 1268 1514 in
1295 1461 1635 1515 Adoersariis.

123 1552 342 1619 Analysin
372 1552 490 1619 ejus
511 1566 826 1620 summaque
849 1552 1025 1621 capita
1052 1553 1193 1615 vide,
1231 1554 1275 1606 si
1306 1553 1470 1618 lubet,
1504 1552 1641 1620 apud

124 1644 445 1697 Abrabatnutn
479 1642 801 1706 Scultetum,
854 1656 984 1697 toni.
1022 1642 1089 1697 IV
1123 1643 1369 1698 Medullia
1400 1643 1639 1711 Patrum,

121 1750 219 1801 pag.
265 1733 385 1787 128.
434 1733 885 1789 ΡΑιιιι.-1.εἰὰω
942 1734 1083 1789 inter
1145 1736 1300 1791 codd.
1379 1734 1639 1805 Scaliger.

1749 569 1866 623 quae
1892 570 1956 609 ex
1986 556 2206 627 Didymo
2250 558 2501 610 adversus
2535 556 2853 609 Manicliaros
2893 557 3074 611 laudat
3119 559 3314 613 Dama.

1748 662 1943 703 scenus
1969 648 2021 701 in
2070 646 2373 711 Parallelis,
2414 663 2534 715 pag.
2577 648 2677 700 507
2717 665 2729 701 :
2762 646 2979 702 Φιλοῦσι
3025 648 3093 701 τὰ
3134 650 3313 721 ἁμαρ-

1745 739 1962 809 τήματα
1995 738 2059 791 ὲκ
2096 737 2331 809 πλήθους
2356 738 2529 809 δχλων
2562 738 2657 792 καὶ
2692 738 2943 809 εὐθηνίας
2991 742 3098 794 τῶν
3141 743 3313 812 ἀναγ-

1746 829 1917 882 καίων
1943 830 2245 885 τίκτεσθαι.
2273 831 2541 896 Quantum
2563 844 2691 883 vero
2718 830 2857 885 illius
2882 831 3001 885 libri
3030 831 3312 894 habemus.

1746 935 1777 973 e
1806 920 1990 977 Graeco
2022 922 2186 976 vertit
2215 922 2539 976 Franciscus
2571 920 2899 985 Turrianns,
2938 937 2969 976 e
3008 923 3160 991 cujus
3187 939 3313 978 ver-

1747 1013 1895 1067 sione
1928 1015 2072 1069 dedit
2102 1014 2290 1069 Latine
2336 1016 2540 1083 primus
2592 1014 2858 1069 Antonius
2899 1014 3221 1070 Possevinns
3258 1019 3312 1071 in

1744 1102 2013 1171 Apparatu
2062 1102 2143 1165 S.,
2200 1104 2265 1157 ad
2308 1104 2508 1158 calcem
2560 1101 2753 1156 littera:
2802 1105 2863 1167 D,
2903 1100 3093 1157 Venet.
3147 1104 3310 1168 1605,

1744 1193 1931 1249 Colon.
1974 1193 2132 1257 1608,
2176 1193 2303 1258 fol.;
2352 1194 2542 1247 deinde
2581 1193 2746 1248 Henr.
2793 1193 3039 1248 Canisius
3081 1204 3222 1247 tomo
3268 1193 3314 1245 V

1743 1283 2043 1338 Lectionum
2068 1286 2422 1349 antiquarum,
2462 1283 2753 1354 Ingolstad.
2789 1286 2946 1348 1601,
2982 1286 3034 1347 li,
3074 1300 3194 1353 pag.
3224 1284 3311 1339 17.

1742 1376 1878 1431 Hine
1910 1377 1960 1430 in
1993 1376 2324 1430 Bibliothecis
2378 1375 2599 1429 Patrum
2630 1377 2815 1431 Colon.
2852 1386 2903 1432 et
2930 1376 3124 1443 Lugd.,
3171 1386 3315 1429 torno

1741 1465 1833 1520 IV.
1864 1466 2049 1521 Graece
2069 1481 2228 1536 porro
2255 1466 2459 1534 primus
2483 1467 2723 1521 exhibuit
2750 1482 2869 1521 cum
2897 1482 3028 1519 nova
3050 1470 3300 1521 versione

1740 1557 2056 1612 Franciscus
2104 1557 2388 1612 Combelis.
2456 1557 2519 1617 in,
2566 1568 2719 1626 parte
2782 1559 3011 1611 secunda
3073 1557 3315 1610 Auctarii

1741 1651 2033 1717 novissimi,
2080 1666 2199 1721 pag.
2237 1650 2428 1714 21-32,
2464 1650 2659 1716 Paris.,
2692 1650 2850 1716 1672,
2887 1649 2979 1703 fol.
3005 1650 3104 1720 (ά).
3138 1650 3314 1703 Dona—

1742 1751 1890 1797 verat
1951 1742 2050 1810 ipsi
2096 1740 2338 1795 Graecum
2394 1742 2759 1811 apographum
2818 1757 2972 1795 suum
3037 1756 3101 1793 ex
3159 1740 3309 1794 Italia

122 1824 207 1877 rid.
235 1824 345 1877 Cat.
412 1824 540 1881 bibl.
575 1825 751 1888 Leid.,
785 1838 837 1893 p.
870 1825 994 1891 559,
1018 1826 1075 1882 2.
1118 1825 1646 1896 HanL.—Excerpta

1813 1833 1915 1887 dux
1950 1832 2225 1886 Emericus
2263 1831 2522 1899 Bigotius.
2562 1836 2861 1900 Antequam
2910 1830 3094 1886 Graece
3142 1833 3305 1899 prod-

119 1930 169 1967 e:
196 1916 285 1967 hoc
305 1915 442 1967 libro
460 1915 753 1969 vernaculo
778 1930 1026 1970 sermone
1046 1916 1296 1986 leguntur
1323 1917 1375 1970 in
1399 1915 1641 1971 Roesler.

123 2005 230 2058 Bibl.
258 2006 349 2058 der
373 2003 683 2069 Kirchenv.,
713 2004 804 2071 Vl,
829 2021 883 2073 p.
913 2007 1017 2060 584
1044 2022 1160 2077 seq.

173 2095 217 2148 2.
251 2098 379 2151 Cum
424 2097 617 2151 eodem
656 2098 793 2153 libro
824 2098 899 2151 De
932 2098 1135 2165 Spiritu
1189 2098 1247 2155 S.
1289 2100 1460 2155 lucem
1499 2099 1647 2154 vide-
1728 2113 1735 2122 ·

125 2198 217 2241 runt
256 2190 513 2257 primum,
567 2191 661 2244 sed
697 2191 876 2244 itidem
913 2190 1102 2246 Latine
1138 2203 1379 2252 tantum,
1435 2190 1645 2261 Didymi

123 2279 268 2333 Breres
289 2282 717 2334 enarrationesin
745 2280 1009 2345 Epistolas
1040 2284 1342 2349 canonicos,
1380 2282 1636 2346 Coloniae,

123 2374 245 2441 1551,
273 2372 338 2437 8;
400 2373 609 2427 fallitur
644 2373 789 2427 enim
818 2373 1049 2438 Caveus,
1086 2375 1175 2443 qui
1227 2389 1255 2427 a
1283 2374 1502 2430 Canisio
1536 2373 1647 2442 pri-

121 2482 233 2519 nium
267 2466 439 2519 editas
491 2465 699 2519 scribit.
731 2465 957 2520 Exstant
990 2476 1044 2520 et
1086 2466 1138 2520 in
1187 2466 1509 2520 editionibus
1539 2466 1644 2519 Pa-

122 2557 505 2617 trumomnibus.
531 2557 844 2611 Paris.ann.
871 2557 1028 2621 1575,
1058 2567 1187 2613 ιοιιι.
1216 2556 1305 2622 Vl,
1324 2573 1453 2613 ann.
1487 2558 1644 2624 1589,

120 2651 245 2712 1614,
271 2650 432 2714 1654,
463 2660 598 2705 tom.
626 2650 731 2716 IX;
773 2652 959 2706 Colon.
996 2653 1153 2717 1618,
1185 2662 1240 2707 et
1276 2652 1447 2721 Lugd.
1486 2653 1643 2719 1677,

122 2750 222 2793 toni.
262 2739 346 2793 IV.
384 2740 508 2794 Illas
546 2740 923 2795 Enarrationes
973 2757 1037 2797 ex
1069 2742 1257 2799 Graeco
1305 2743 1492 2800 Latine
1528 2760 1647 2799 ver-

120 2833 269 2885 tendae
292 2832 504 2885 curavit
537 2832 893 2888 Cassiodorus
933 2835 999 2887 ali
1026 2835 1325 2903 Epiphanio
1364 2836 1650 2891 scholasti-

118 2937 182 2983 (τι,
227 2934 280 2975 iit
312 2924 427 2991 ipse
488 2934 675 2979 narrat
726 2941 845 2992 cap.
891 2926 923 2980 8
954 2924 1029 2979 De
1078 2926 1304 2982 institut.
1352 2928 1645 2981 divinarum

115 3013 371 3065 litterarum
396 3032 414 3067 :
439 3012 546 3069 Sed
578 3031 695 3068 cum
732 3018 793 3068 de
830 3016 1037 3085 reliquis
1084 3017 1346 3070 canonicis
1398 3016 1646 3086 Epistolis

116 3121 272 3171 magna
322 3121 418 3157 nos
457 3107 707 3174 cogitatio
747 3107 1028 3177 fatigaret,
1081 3107 1249 3161 subito
1290 3108 1436 3162 nobis
1483 3110 1646 3162 codex

117 3191 315 3261 Didymi,
360 3191 551 3246 erco
592 3195 729 3264 siglo
778 3196 1133 3259 conscriptus,
1176 3196 1231 3249 in
1273 3197 1645 3263 expositionem

112 3296 273 3351 septeni
301 3286 682 3337 canonicarum
712 3285 1089 3352 Epistolarum,
1126 3286 1348 3339 Domino
1373 3286 1643 3355 largiente,

111 3389 354 3427 caucasus
394 3384 493 3438 est,
534 3378 624 3441 qui
679 3378 744 3428 ab
777 3374 1088 3445 Epiphanio,
1129 3378 1241 3430 viro
1282 3378 1641 3440 disertissimo,

112 3462 364 3517 Dirisitate
384 3465 631 3534 jurante,
660 3468 944 3522 translatus
967 3478 1061 3521 est.
1107 3466 1349 3522 Labbens
1377 3469 1450 3538 (b)
1485 3479 1649 3523 testa-

112 3564 201 3617 tur,
229 3570 285 3609 se
312 3555 481 3609 hasce
511 3554 723 3626 Didymi
769 3556 1143 3610 Enarrationes
1183 3555 1254 3625 (c)
1289 3556 1484 3610 vidisse
1518 3571 1645 3609 mss.

110 3645 153 3697 iii
180 3648 399 3715 quodam
425 3647 614 3701 codice
645 3650 867 3715 antiquo
890 3648 1120 3701 ctenobii
1151 3646 1210 3701 S.
1249 3646 1428 3701 Maria:
1455 3646 1648 3700 Montis

109 3735 204 3799 Dei,
242 3753 340 3789 una
374 3752 500 3791 cum
541 3735 841 3791 Clementis
888 3736 1237 3790 Alexandrini
1277 3735 1651 3787 Adumbratio-

109 3830 239 3882 εἰριιὲ
263 3830 314 3882 in
344 3829 569 3884 easdem
611 3828 905 3899 Epistolas,
946 3843 1171 3898 quarum
1200 3836 1254 3881 et
1289 3826 1486 3882 ibidem
1520 3826 1651 3881 Cas-

109 3923 326 3976 siodorus
354 3922 691 3977 mentionem
732 3921 879 3977 facit.

162 4012 209 4064 5.
258 4011 416 4065 Liber
458 4012 709 4065 adversus
760 4011 1105 4075 Maniclueos,
1150 4011 1265 4065 sive
1304 4010 1479 4080 major
1506 4022 1651 4065 certe

110 4100 206 4156 libri
234 4117 379 4172 pars.
412 4117 539 4157 nam
581 4104 786 4172 integer
816 4119 923 4157 non
951 4103 1159 4157 videtur
1197 4102 1264 4156 ad
1315 4118 1413 4157 nos
1462 4118 1651 4171 perve-

109 4279 783 4348 qucdam.—Vindobonae
853 4280 905 4333 in
959 4278 1115 4335 codd.
1178 4278 1380 4348 Caesar.
1442 4277 1650 4348 Didymi

108 4352 175 4402 lib.
208 4350 289 4403 vel
313 4350 891 4420 potiusjragmentum
928 4350 1047 4405 libri
1083 4348 1281 4404 Contra
1328 4347 1651 4420 Manichacus

108 4422 144 4472 in
173 4417 449 4474 eod.’CV.
508 4417 825 4487 Fragmenta
864 4422 1106 4489 quaedam
1163 4417 1384 4473 miscell.
1426 4417 1477 4469 in
1528 4418 1649 4471 cod.

103 4489 301 4542 CLXIV.
369 4506 425 4542 ιι.
482 4488 549 4542 6:
602 4491 703 4542 alia
753 4489 1045 4542 fragmenta
1082 4490 1136 4542 in
1181 4489 1300 4542 cod.
1343 4485 1567 4541 CLXVII
1600 4496 1649 4540 et

284 4506 549 4553 ,n.o;

103 4558 347 4612 CLXVlll.
378 4559 445 4611 γ.
480 4557 733 4613 Lainbec.
772 4555 1058 4613 Comment.
1106 4557 1212 4611 vol.
1262 4556 1352 4619 IV,
1403 4572 1524 4626 pag.
1560 4555 1647 4619 50,

106 4630 252 4697 ibique
282 4628 539 4697 Kollaru
567 4628 697 4682 ibid.
725 4644 845 4697 pag.
874 4628 977 4682 564
1021 4643 1166 4696 sqq.,
1203 4642 1324 4697 pag.
1362 4626 1466 4680 592
1497 4642 1649 4693 seqq.

106 4708 142 4749 et
165 4696 281 4754 395.
306 4728 381 4738 —
408 4696 678 4751 Monachii
710 4700 761 4751 in
790 4696 908 4750 cod.
943 4696 1316 4762 CCXXXVIII,
1352 4696 1476 4748 Did.
1516 4696 1652 4765 Περὶ

105 4768 180 4819 τῶν
219 4768 546 4840 μαρμάρω)
582 4769 675 4819 καὶ
720 4768 1181 4840 παντοίων-ξύλων
1220 4767 1551 4840 μετρήσεως,
1587 4782 1651 4840 ex

108 4836 366 4901 Anatalio,
406 4836 456 4891 ν.
487 4836 609 4893 Cat.
648 4840 799 4890 codd.
844 4854 922 4905 gr.
962 4837 1187 4898 Bauar.,
1238 4856 1289 4904 p.
1328 4836 1430 4898 82,
1491 4846 1545 4888 et
1602 4838 1652 4887 in

107 4911 189 4961 cod.
223 4908 474 4963 Parisin.
524 4906 925 4970 HMCDLXXV,
976 4924 1029 4960 ιι.
1071 4907 1126 4970 2,
1160 4916 1213 4959 et
1254 4908 1305 4958 in
1334 4905 1451 4959 Cat.
1496 4907 1650 4956 codd.

106 4978 193 5031 tibi.
219 4976 419 5029 Paris.
448 4976 618 5042 publ.,
644 4975 705 5039 11,
732 4994 783 5044 p.
816 4977 940 5036 508.
966 4979 1162 5030 dicitur
1193 4992 1327 5044 opus
1353 4974 1606 5028 iiiedituin
1634 4993 1648 5029 :

105 5050 168 5098 sed
190 5048 337 5101 alius
374 5045 639 5117 Didymus
684 5047 976 5101 Alexaiidr.
1012 5048 1223 5117 videtur
1252 5046 1415 5098 fuisse
1440 5048 1650 5117 auctor.

106 5118 417 5171 —Venetiis
477 5113 533 5169 in
571 5114 815 5169 Naniauo
865 5118 985 5170 cod.
1046 5113 1230 5182 XXIII,
1285 5131 1331 5169 s.
1380 5124 1569 5167 catena
1602 5115 1650 5166 in

106 5182 311 5255 Psalmois
370 5187 561 5240 insunt
608 5186 759 5255 plura
819 5184 1028 5255 Didymi
1078 5186 1238 5247 loca,
1299 5200 1419 5254 qua:
1471 5184 1651 5255 omnia

107 5252 447 5326 liagarellius
470 5252 758 5326 exscripsit
798 5258 851 5308 in
886 5252 1054 5309 Codd.
1095 5271 1176 5323 gr.
1208 5252 1333 5308 mss.
1371 5256 1507 5319 apud
1538 5252 1656 5306 Na-

108 5324 199 5390 m,
233 5343 377 5396 pag.
430 5324 497 5379 19
541 5324 686 5395 sqq.,
733 5335 787 5378 et
822 5326 873 5378 in
904 5328 1171 5378 animadv.
1202 5326 1382 5396 quinta
1415 5330 1651 5376 veterum

107 5393 346 5450 latitabit:
391 5396 457 5449 de
487 5393 711 5466 Ditlyino
741 5410 903 5466 supra
921 5396 1296 5466 laudatorum.
1330 5393 1509 5466 IIARL.

112 5532 118 5539 ἱ
154 5468 209 5534 (ι)
252 5470 418 5539 Cave
448 5462 641 5539 credits
671 5462 893 5519 Elite’du
918 5464 1038 5539 Pin,
1090 5465 1178 5532 qui
1218 5463 1288 5518 ab
1328 5462 1653 5539 Hieronymo

112 5532 144 5581 in
169 5532 263 5591 tres
304 5537 489 5591 libros
526 5537 843 5591 distinctum
867 5536 1075 5599 scribit;
1111 5549 1232 5587 nam
1266 5549 1425 5585 utiutii
1458 5532 1651 5586 libruin

110 5609 309 5675 §gnoscit
340 5605 713 5687 Hieronymus
754 5605 806 5656 in
850 5602 1140 5684 Catalogo,_
1167 5620 1214 5658 c.
1258 5603 1383 5665 109,
1408 5611 1461 5683 et
1489 5604 1581 5655 lib.
1613 5616 1651 5654 ιι

108 5672 357 5745 ιεΒιρηη
392 5688 465 5741 et,
503 5692 593 5745 qui
644 5676 960 5745 Hieronymi
1006 5687 1306 5745 versionem
1347 5672 1494 5743 legit,
1542 5670 1652 5726 Ra-

110 5688 357 5745 mnium,
392 5688 465 5741 et,
503 5692 593 5746 qm
644 5688 960 5743 Hieronymi
1006 5688 1306 5727 versionem
1347 5688 1494 5743 tegit,

110 5748 308 5803 "anuus
348 5748 443 5802 lib.
469 5763 511 5801 ιι
560 5758 752 5801 contra
777 5742 986 5799 ercos
1008 5785 1022 5811 ,
1058 5757 1177 5812 cap.
1212 5743 1265 5797 5.

602 4485 703 4542 alia
753 4485 1045 4559 fragmenta
1082 4490 1136 4543 in
1180 4485 1653 4559 cod.__CLXVII_7et
1683 4494 1728 4552 ι)

1717 1926 1870 2006 .iret,
1904 1924 2112 1979 initium
2164 1938 2229 1978 ex
2260 1924 2364 1989 ,illo
2406 1923 2657 1992 produxit
2706 1923 2896 1977 Petrus
2942 1921 3201 1975 Pessinus
3244 1920 3315 1972 ad

1745 2017 1808 2073 S.
1846 2014 1959 2070 Nili
1989 2016 2256 2084 epistolas,
2296 2030 2417 2085 pag.
2447 2015 2571 2068 542.

1813 2111 1869 2165 4.
1934 2110 2010 2164 De
2042 2108 2295 2163 Trinitate
2324 2109 2449 2161 libri
2476 2118 2597 2162 tres.
2629 2105 2912 2161 Fabricius
2952 2106 3090 2159 inter
3116 2112 3312 2173 scripta

1745 2201 2016 2270 deperdita
2072 2200 2329 2254 retulerat
2379 2198 2513 2269 Περὶ
2542 2197 2789 2268 Τριάδος,
2832 2198 2903 2249 De
2944 2195 3001 2249 S.
3057 2194 3317 2249 Trinitate

1744 2289 1903 2343 libros
1935 2304 2016 2353 iit,
2062 2298 2117 2343 et
2163 2289 2228 2343 de
2276 2289 2342 2342 iis
2377 2302 2438 2342 ea
2483 2302 2601 2356 qua:
2631 2296 2930 2355 sequuntur
2963 2286 3253 2353 scripserat
3294 2301 3311 2341 :

1750 2401 1769 2434 ι
1806 2381 2070 2435 Incertum
2090 2394 2156 2433 an
2193 2379 2351 2433 iidem
2376 2394 2494 2433 cum
2519 2378 2668 2431 libris
2698 2377 2904 2431 duobus
2930 2375 3125 2429 Contra
3161 2375 3318 2427 Aria-

1746 2487 1860 2533 nos,
1911 2480 2072 2539 atque
2102 2467 2260 2522 simul
2293 2484 2413 2522 cum
2448 2466 2552 2521 illis
2582 2474 2887 2534 computata
2915 2464 3050 2517 libro
3088 2463 3163 2516 De
3192 2461 3319 2531 Spi-

1746 2563 1851 2615 ritu
1888 2560 1945 2614 S.
1987 2560 2067 2614 vel
2116 2558 2387 2613 Sectarum
2449 2557 2722 2611 volumine
2767 2556 2861 2625 (ε).
2911 2554 3147 2607 Meminit
3211 2553 3315 2607 So-

1746 2662 1922 2708 crates
1953 2667 2026 2717 tv,
2060 2650 2152 2713 25,
2190 2650 2279 2718 qui
2324 2648 2580 2719 μέγιστον
2620 2647 2918 2716 συνήγορον
2972 2644 3071 2715 τῆς
3112 2643 3315 2706 οἰκείας

1748 2744 1985 2807 πίστεως
2015 2743 2251 2796 liabitum
2281 2742 2349 2795 ab
2392 2739 2630 2794 Ecclesia
2659 2754 2769 2792 suae
2796 2740 2969 2791 aetatis
3008 2736 3314 2806 Didymuni,

1746 2838 1933 2890 eodem
1967 2834 2083 2888 loco
2120 2842 2366 2888 testatur.
2397 2850 2416 2882 ι
2465 2830 2569 2885 Sed
2592 2831 2796 2885 detexit
2827 2844 2918 2884 eos
2951 2825 3106 2882 Joan.
3154 2826 3317 2895 Διογ-

1748 2927 1858 2981 sius
1886 2923 2178 2994 Mingarelli
2213 2924 2265 2976 in
2296 2921 2417 2981 cod.
2448 2921 2679 2989 quodam
2711 2919 2899 2974 Graeco
2933 2917 3110 2971 Patris
3142 2916 3317 2984 cujus-

1748 3018 1867 3069 dam
1893 3015 2103 3079 incerti,
2126 3022 2282 3081 atque
2295 3012 2362 3067 de
2374 3026 2558 3065 eorum
2584 3012 2841 3064 librorum
2869 3008 3076 3077 origine
3097 3022 3313 3075 Opuse.,

1748 3119 1993 3159 sermone
2026 3103 2230 3165 Italico,
2255 3110 2309 3156 et
2342 3103 2629 3171 separatim
2652 3111 2706 3155 et
2743 3110 2873 3155 tom.
2907 3099 2975 3153 XI
3010 3098 3308 3168 Calogerte,

1752 3196 1937 3250 Nuoua
1960 3195 2154 3249 racolta
2177 3193 2463 3263 d’opuscoli
2484 3193 2691 3257 scient.,
2711 3200 2841 3255 etc.,
2864 3192 3064 3244 editum
3091 3204 3314 3258 compo-

1748 3291 1874 3343 suit.
1904 3288 2045 3341 Illius
2078 3286 2302 3354 vestigia
2339 3294 2554 3338 secutus
2594 3293 2677 3337 est
2710 3281 2879 3335 frater
2938 3281 3315 3335 Ferdinandus

1749 3379 2094 3449 Mingarellus
2157 3378 2211 3431 in
2243 3391 2403 3444 opere
2466 3391 2629 3444 supra
2664 3375 2775 3444 jam
2819 3374 3003 3437 citato,
3070 3370 3315 3425 Veterum

1751 3470 2050 3524 testimonia
2090 3469 2152 3521 de
2194 3466 2420 3537 Didymo
2454 3465 2832 3529 Alexandrino,
2878 3475 2981 3517 etc.
3032 3461 3092 3516 In
3142 3463 3314 3532 prima

1750 3560 2020 3612 animadv.
2054 3557 2231 3620 docet,
2263 3557 2407 3610 hunc
2440 3552 2723 3624 Didynium
2748 3553 2955 3607 Caecum
2981 3552 3316 3606 Alexandriae

1750 3654 2067 3705 monachum
2120 3650 2317 3711 fuisse;
2369 3646 2423 3700 in
2500 3646 2770 3699 animadv.
2836 3660 2887 3697 tv
2958 3659 3171 3712 Operam
3224 3645 3317 3696 dat

1751 3747 2115 3797 demonstrare
2169 3740 2378 3811 Didymi
2439 3738 2604 3793 libros
2647 3753 2709 3791 ιιι
2775 3736 2852 3790 De
2917 3735 3194 3800 Trinitate,
3243 3749 3312 3787 ex

1751 3834 1975 3887 aliorum
2028 3832 2281 3902 opinione
2328 3831 2672 3898 deperditos,
2744 3828 2960 3882 eosdem
3014 3839 3133 3880 esse
3178 3839 3314 3894 quos

1752 3923 1919 3977 frater
1957 3923 2124 3992 ipsius
2169 3922 2236 3976 ab
2275 3920 2479 3975 umbris
2511 3927 2834 3983 revocasset,
2884 3927 2939 3971 et
2981 3915 3313 3971 verisimilli-

1751 4030 1895 4070 mum
1930 4029 2046 4068 esse
2075 4015 2386 4075 existimat,
2425 4010 2704 4079 Didymtitn
2750 4010 2914 4062 libros
2958 4008 3091 4061 duos
3130 4017 3313 4060 contra

1752 4110 1980 4164 Arianae
2016 4105 2300 4170 Eunotnio,
2328 4112 2381 4158 et
2413 4114 2525 4158 tres
2556 4102 2633 4155 De
2672 4100 2928 4154 Trinitate
2957 4096 3122 4154 Lucio
3147 4113 3315 4169 Oppo-

1825 4285 1899 4356 (ιι)
1943 4284 2097 4361 Τοιη·
2155 4284 2191 4361 ι.
2227 4283 2302 4361 03
2328 4282 3136 4361 .εςτίρξρῖὲἔνεε..εεείρειιηιιθβο
3154 4349 3164 4359 .
3184 4276 3311 4361 εδο-

1753 4348 2072 4410 Faiiii.—-ln
2097 4355 2215 4408 cod.
2247 4348 2469 4409 Coisliii.
2491 4350 2767 4414 CCXXIV,
2797 4350 2889 4404 fol.
2914 4348 3035 4411 112,
3066 4348 3316 4415 Epistotc

1755 4425 2044 4486 catholicae,
2100 4440 2220 4478 cuni
2280 4424 2680 4477 commentariis
2732 4418 3135 4489 Chrysostoiiii,
3174 4418 3313 4489 Dri-

1788 4498 1925 4557 enis,
1968 4484 2187 4563 Didymi
2214 4503 2268 4545 et
2294 4493 2539 4547 aliorum.
2572 4489 2637 4544 V.
2667 4484 2957 4545 Montlauc.
2978 4484 3118 4541 Bibl.
3161 4486 3314 4541 Cois-

1788 4512 1925 4557 ents,
1968 4512 2172 4563 umynii
2214 4512 2268 4545 ei
2294 4512 2318 4544 ιι

1752 4512 1873 4629 lim,
1914 4579 1966 4632 p.
1997 4563 2118 4617 275.
2152 4562 2318 4617 ΙΙΑιιι..

1824 4624 1930 4703 (cf
1958 4632 2284 4701 Opust-tilum
2340 4631 2505 4684 hocce
2539 4644 2692 4703 cum
2735 4627 3051 4703 fragmentis
3110 4624 3314 4703 Graecis

1752 4696 2361 4765 exliibetit'uuwstiones
2396 4718 2457 4751 ac
2502 4698 2742 4752 vindicia:
2792 4698 3121 4765 Didymiame
3154 4733 3169 4757 ,
3207 4696 3315 4765 sive

1753 4763 2135 4842 DidymiﬂAlex.
2176 4770 2524 4842 enarratio‘in
2566 4767 2830 4833 Epistolas
2879 4763 3161 4842 catholicas
3205 4763 3313 4842 La-

1753 4833 1883 4904 tina',
1946 4840 2126 4894 erco
2182 4839 2465 4905 exemplari
2516 4852 2755 4905 magnam
2804 4833 3314 4905 partemie‘qrwcis

1752 4902 1959 4965 scholiis
1999 4912 2261 4974 restituta,
2286 4902 2370 4962 ed.
2408 4902 2617 4961 Liickei
2643 4906 2930 4973 Gottingae,
2964 4902 3222 4967 1829-52,
3256 4904 3312 4957 in

1751 4984 1827 5035 4ο.
1864 4984 2020 5035 Eutr.

1824 5052 1900 5120 (ά)
1925 5049 2107 5120 graece
2139 5064 2205 5102 ex
2228 5046 2529 5120 Combelisii
2563 5043 2834 5120 Auctario,
2876 5052 2929 5095 et
2971 5040 3091 5120 Lat.
3148 5043 3316 5120 inter-

1789 5110 1902 5174 rete
1927 5117 2210 5180 Turriano,
2260 5120 2311 5171 in
2354 5116 2414 5169 l1.
2467 5116 2666 5169 Canisii
2700 5112 2863 5165 Lectt.
2902 5112 3094 5180 antiq.,
3126 5114 3212 5165 ed.
3262 5110 3314 5167 J.

1789 5138 1902 5174 ιέω
1937 5138 2210 5180 turrtano,
2260 5138 2311 5171 Ill
2354 5138 2414 5169 Π.
2467 5138 2666 5169 υἱιιιιδιι
2700 5138 2863 5165 nec”.
2902 5138 3094 5180 urtuq.,
3126 5138 3212 5165 cu.
3262 5138 3311 5167 δ.

1753 5138 2026 5257 fiasnagii,
2055 5201 2181 5243 tom.
2224 5188 2264 5251 I,
2312 5202 2379 5257 ρ.
2410 5186 2502 5240 I97
2537 5199 2702 5257 sqq.;
2742 5182 3051 5257 Callanditts
3087 5182 3151 5257 ill
3172 5181 3311 5235 Bibl.

1754 5260 1895 5320 PP.,
1932 5250 2063 5311 ἴοιιι.
2102 5258 2188 5323 VI,
2312 5250 2426 5310 ’509
2460 5250 2597 5326 sqq;
2623 5253 2774 5326 Conf.
2809 5251 3076 5326 Laitibeo_._
3112 5250 3313 5326 Comm.

1752 5332 1816 5381 de
1860 5330 1981 5380 bibl.
2024 5320 2340 5391 (lauat-IV,
2382 5342 2432 5394 p.
2469 5320 2683 5395 50'sqq.
2725 5324 2791 5378 de
2834 5324 2952 5376 cod.
2991 5320 3101 5387 CV,
3136 5324 3317 5388 ibique

1753 5411 1907 5452 notas
1952 5399 2189 5452 Knllarii.
2231 5396 2398 5449 HARL.

1830 5470 1901 5537 (c)
1948 5469 2057 5522 Hoc
2106 5468 2349 5520 ultiniuiii
2392 5464 2667 5537 contendit
2717 5462 3014 5537 Mingarell.
3062 5460 3113 5513 in
3164 5458 3316 5513 Vete-

1754 5533 1867 5590 rum
1886 5533 2197 5592 testimoniis
2219 5539 2398 5590 citatis
2421 5577 2435 5601 ,
2457 5536 2727 5589 animadv.
2755 5551 2826 5597 iv,
2848 5533 3099 5601 quoniam
3124 5542 3312 5601 omnes

1756 5609 1807 5661 in
1836 5608 1928 5661 illo
1958 5610 2092 5661 libro
2122 5607 2196 5659 De
2229 5606 2483 5661 Trinitate
2504 5615 2631 5662 ante
2674 5600 3112 5659 Macedbniatiam
3146 5600 3318 5654 Incre-

1753 5693 1839 5734 SCS
1864 5688 1994 5734 01⁸ιὲιὲ
2021 5686 2401 5732 ιιιειιιοιθιιιυι.
