3744 6298
414 319 518 374 155
1580 308 1882 365 DIDYMUS
1918 306 2473 363 ALEXANDRINUS.
3533 307 3638 365 150

411 438 607 493 suisse.
632 436 690 490 In
724 433 995 490 anitnadv.
1024 449 1055 487 v
1085 431 1290 502 reliqua
1326 430 1534 502 Didymi
1562 430 1719 485 Alex.
1748 430 1970 498 scripta,
2001 438 2044 490 Α
2070 432 2278 498 dymns,
2309 428 2459 497 cujus
2489 427 2738 482 amicitiis
2767 443 2931 493 nuper
2959 428 3042 481 usi
3067 442 3271 493 sumus,
3314 426 3379 479 ab
3414 442 3475 481 eo
3522 426 3640 480 loco

412 529 610 601 partim
651 528 815 590 edita,
847 526 1039 592 partim
1092 524 1289 578 inedita
1333 522 1509 579 adhuc
1546 520 1853 591 perlustrat.
1917 520 1972 573 In
2074 521 2160 573 ubi
2188 521 2442 587 scriptum
2482 530 2557 573 est
2591 520 2805 585 (suis,
2848 518 2936 587 15)
2969 536 2982 571 :
3018 516 3405 579 Consolamini,
3441 531 3640 571 conso-

418 620 784 675 addltamento
833 616 1117 685 respondet
1182 629 1447 683 anonymo
1504 612 1714 667 cuidam
1774 610 1972 664 Roma-
2077 610 2265 663 lamini
2295 609 2547 680 populum
2573 624 2771 674 meum,
2794 608 3127 673 sacerdotes,
3149 608 3425 677 loquimini
3458 610 3522 662 ad
3547 623 3644 661 cor

412 712 588 775 nensi,
620 710 709 778 qui
742 710 791 761 in
826 727 839 761 :
867 706 1083 761 Gazette
1124 705 1380 759 littérairc
1423 704 1486 757 de
1520 702 1788 767 l’Europe,
1845 715 1973 754 ann.
2073 699 2389 767 Jerusalem,
2427 716 2586 771 usque
2612 700 2679 753 ad
2716 699 2871 768 finem
2910 700 3211 764 voluminis,
3245 700 3417 753 decem
3445 708 3494 754 et
3524 708 3643 751 octo

413 801 572 864 1761,
603 800 852 854 evincere
900 797 1122 862 studuit,
1175 796 1370 850 librum
1411 794 1569 848 istum
1612 792 1752 847 haud
1793 789 1974 860 profe-
2074 793 2237 845 edidit
2271 802 2457 847 tomos.
2488 790 2729 845 Meminit
2753 800 2807 845 et
2851 791 3026 860 capite
3056 790 3159 845 109
3191 788 3429 859 Catalogi
3462 799 3516 843 et
3546 787 3641 840 Ni-

413 902 557 947 ctnm
585 905 703 943 esse
728 906 757 941 a
784 888 1005 958 Didymo
1041 888 1216 942 Caeco.
1241 886 1397 939 Conf.
1431 884 1614 952 longas
1635 896 1891 937 censuras
1923 881 1974 934 in
2078 883 2340 952 cepliorus
2380 900 2457 947 ιι,
2502 883 2589 935 17.
2637 881 2780 936 Citat
2812 881 3177 936 Damascenus
3221 882 3462 950 pluribus
3508 882 3643 936 locis

414 977 576 1033 Novis
601 987 703 1030 act.
735 977 1006 1040 cruditor.,
1043 974 1190 1044 Lips.
1226 989 1370 1028 men.
1398 972 1520 1027 Jun.
1553 971 1846 1041 1768,pag.
1872 970 1975 1024 218
2078 971 2232 1029 Sacr.
2265 972 2511 1041 parallel.
2541 969 2660 1043 pag.
2693 973 2818 1036 307,
2849 972 2975 1037 511,
3003 972 3126 1037 677,
3160 972 3282 1038 721,
3319 972 3442 1029 781.

416 1086 561 1139 sqq.;
587 1079 639 1122 et
671 1066 1049 1136 tSchroecklr)
1086 1068 1135 1120 in
1164 1065 1315 1119 Nova
1348 1063 1469 1116 bibl.
1500 1063 1679 1129 t.‘teol.,
1711 1072 1838 1118 tom.
1867 1062 1974 1125 VII,
2149 1064 2213 1117 In
2264 1062 2548 1117 Jeremiam
2600 1063 2735 1117 citat
2790 1074 2978 1117 catena
3017 1061 3355 1117 Ghisleriana
3414 1072 3543 1118 tom.
3602 1062 3640 1126 Ι,

414 1158 731 1230 Lips.1766,
759 1161 813 1224 8,
839 1168 975 1227 part.
1002 1172 1075 1223 tv,
1098 1173 1147 1226 p.
1176 1155 1442 1220 505-312;
1472 1164 1631 1223 atque
1655 1153 1975 1210 Schroeckli.
2079 1168 2200 1223 pag.
2231 1152 2333 1218 ‘59;
2379 1163 2506 1207 tom.
2541 1152 2604 1216 ll,
2635 1168 2757 1222 pag.
2785 1152 2909 1216 704,
2949 1152 3074 1207 755.

417 1255 468 1305 in
509 1251 650 1304 Hist.
679 1252 806 1303 ercl.
836 1248 1056 1312 Christ.,
1095 1247 1200 1313 Vll,
1227 1263 1279 1316 p.
1311 1247 1402 1302 85.
1424 1245 1703 1299 ——Lucem
1732 1245 1979 1299 viderunt
2149 1242 2215 1296 In
2244 1241 2431 1297 Oscam
2461 1244 2582 1296 libri
2613 1241 2734 1311 III,
2765 1244 2832 1296 ad
2862 1242 3241 1314 Hieronymum
3267 1245 3471 1313 scripti.
3502 1255 3638 1300 te5te

419 1340 626 1409 Didymi
676 1340 797 1391 libri
849 1350 951 1392 tres
999 1338 1062 1392 de
1122 1336 1397 1400 Trinitatc,
1461 1352 1490 1388 a
1546 1335 1703 1393 Joan.
1763 1334 1981 1405 Aloysio
2080 1333 2195 1401 ipso
2234 1333 2556 1403 llieronymo
2593 1348 2709 1401 cap.
2740 1332 2843 1387 109
2876 1332 2949 1386 De
2979 1330 3037 1387 S.
3069 1332 3135 1386 E.
3175 1343 3228 1389 et
3259 1335 3510 1403 Apologia
3554 1336 3639 1387 ut-

415 1430 747 1500 Mingarello,
778 1428 871 1483 Gr.
898 1437 950 1482 et
983 1427 1101 1481 Lat.
1133 1428 1363 1489 Bonon.,
1397 1426 1560 1489 1769,
1584 1424 1675 1479 [οι.
1719 1425 1785 1479 ν.
1808 1425 1978 1479 Mauri
2079 1427 2205 1477 tima
2230 1425 2282 1477 in
2302 1423 2480 1491 Ruﬁn.
2534 1438 2589 1492 p.
2622 1423 2743 1488 164,
2784 1432 2841 1477 et
2881 1421 3114 1478 Promm.
3151 1425 3206 1477 in
3244 1425 3429 1478 Oscam
3460 1436 3508 1477 et
3534 1423 3642 1477 Za-

416 1519 545 1572 Boni
583 1517 730 1587 chli
782 1519 956 1570 autori
988 1517 1219 1580 classici,
1259 1514 1473 1569 Bibliot.
1527 1515 1789 1583 portatile,
1849 1524 1979 1583 etc.,
2080 1515 2335 1569 chartam.
2380 1515 2523 1571 Citat
2552 1513 2913 1569 Damascenus
2948 1514 3000 1567 in
3035 1512 3334 1579 Parallelis,
3370 1531 3491 1584 pag.
3518 1514 3642 1571 778.

414 1619 554 1677 part.
591 1624 629 1669 ι,
661 1608 845 1662 Venet.
878 1607 1034 1672 1793,
1065 1622 1183 1677 pag.
1212 1606 1337 1661 987.
1364 1606 1531 1661 "ARL.
2080 1603 2392 1674 Hieronymi
2433 1605 2597 1657 verba
2630 1617 2697 1657 ex
2736 1603 3007 1657 Prooemio
3042 1604 3095 1657 in
3144 1604 3332 1659 Oscam
3373 1607 3646 1661 ascribere

626 1698 929 1754 SCRIPTA
1002 1696 1273 1752 DIDYMI
1327 1697 1771 1752 DEPERDITA.
2081 1695 2290 1765 placet:
2319 1694 2457 1762 Ante
2480 1710 2645 1747 annos
2676 1694 2883 1747 circiter
2912 1695 3091 1763 viginti
3120 1696 3251 1750 duos
3272 1737 3286 1761 ,
3332 1713 3450 1750 cum
3481 1714 3645 1751 essent

488 1790 818 1861 Συγγραφέα
844 1799 897 1843 et
932 1805 1209 1845 sacrorum
1233 1792 1594 1860 expositorem
1627 1791 1977 1859 scriptorum,
2004 1772 2054 1833 B
2081 1785 2433 1848 Alexandria,
2465 1785 2569 1839 vidi
2596 1784 2881 1854 Didymum
2903 1795 2949 1838 et
2973 1800 3089 1838 eum
3116 1786 3410 1855 frequenter
3436 1789 3645 1851 audivi,

420 1883 509 1948 qui
547 1883 739 1936 multos
777 1882 836 1936 S.
869 1880 1156 1951 Scriptura:
1188 1881 1353 1937 libros
1392 1882 1757 1949 explicaverit,
1804 1881 1983 1935 laudat
2078 1878 2246 1931 virum
2276 1877 2357 1929 sui
2381 1876 2623 1945 temporis
2645 1876 3076 1940 eruditissimum,
3095 1879 3369 1946 rogavique
3394 1894 3534 1942 eum.
3563 1889 3644 1942 uio

421 1972 686 2026 Palladius
714 1975 763 2026 in
792 1973 1051 2027 Lausiaca
1080 1974 1097 2041 (
1126 1988 1249 2044 pag.
1285 1974 1352 2029 15
1374 1974 1505 2029 edit.
1539 1975 1756 2029 Meursii
1777 1973 1819 2045 ),
1845 1985 1899 2028 et
1928 1973 1980 2028 in
2078 1968 2214 2037 quod
2249 1965 2498 2036 Origenes
2537 1984 2637 2020 non
2667 1968 2881 2041 fecerat,
2914 1969 3021 2037 ipse
3045 1969 3343 2035 compleret,
3376 1978 3422 2023 et
3448 1970 3648 2023 scribe-

429 2061 564 2115 Vitis
596 2060 814 2115 Patrum
846 2063 1135 2129 llosweidi,
1178 2078 1298 2133 pag.
1329 2064 1453 2119 751.
1486 2063 1624 2131 Quin
1655 2065 1705 2117 in
1740 2064 1982 2118 lleracli-
2081 2068 2158 2111 ret
2210 2059 2264 2110 in
2314 2055 2446 2112 0m
2485 2059 2881 2113 commentarios
2916 2076 2934 2112 :
2966 2060 3054 2128 qui
3107 2071 3209 2112 tres
3247 2059 3405 2113 libros
3444 2076 3527 2114 me
3558 2078 3651 2129 pe-

421 2155 505 2209 dis
537 2150 793 2206 Paradiso
830 2152 923 2217 (in
960 2153 1147 2208 iisdem
1184 2152 1338 2217 Vitis,
1369 2169 1489 2224 pag.
1537 2153 1675 2215 710)
1717 2154 1858 2224 legas
1883 2153 1984 2209 Te—
2081 2156 2218 2201 lente
2244 2146 2486 2213 dictavit.
2512 2148 2738 2217 quinque
2764 2148 2899 2201 alios
2932 2148 2986 2200 in
3010 2145 3347 2201 Zachariam.

422 2254 745 2299 stamenlutn
780 2242 945 2298 Vetus
984 2259 1048 2299 ac
1081 2245 1283 2298 Novum
1313 2246 1379 2299 ad
1404 2246 1626 2300 verbum
1662 2245 1983 2314 interpreta-
2153 2236 2220 2291 ln
2250 2235 2562 2291 Zachariam
2586 2237 2708 2290 libri
2747 2237 2807 2301 V,
2834 2237 3159 2307 Hieronymo
3187 2248 3407 2307 rogante
3434 2240 3645 2309 scripti.

424 2347 535 2390 tum
565 2350 705 2396 esse.
741 2344 916 2389 sectas
947 2344 1124 2389 autem
1160 2350 1347 2389 omnes
1378 2347 1483 2388 tam
1512 2334 1780 2390 subtiliter
1807 2335 1975 2389 ﬁrmi-
2080 2329 2155 2385 ld.
2180 2329 2449 2384 Prommio
2475 2331 2528 2383 in
2556 2329 2873 2383 Zachariam
2898 2346 2916 2385 :
2947 2329 3199 2399 Didymus
3225 2333 3449 2399 quinque
3469 2334 3652 2396 expla-

427 2435 633 2495 terque,
675 2425 914 2495 exposita
948 2438 1107 2492 super
1141 2424 1282 2492 ipsas
1309 2424 1519 2479 ratione
1552 2424 1897 2487 disseruisse,
1928 2434 1984 2478 ut
2082 2423 2351 2475 nationum
2380 2421 2540 2475 libros
2570 2438 2650 2474 me
2677 2431 2887 2489 rogante
2925 2421 3170 2483 dictavit,
3198 2438 3322 2490 quos
3364 2437 3481 2474 cum
3524 2422 3649 2475 aliis

423 2517 665 2571 omnium
711 2517 993 2570 scientiam
1030 2525 1273 2569 veterum
1309 2515 1665 2585 peritiamque
1704 2517 1979 2571 transiret.
2084 2515 2246 2567 tribus
2277 2514 2330 2567 in
2360 2512 2489 2567 Osce
2514 2522 2563 2566 et
2594 2512 2718 2566 mihi
2743 2510 3183 2583 προσεφώνησεν.
3209 2512 3311 2566 Sed
3334 2525 3440 2566 tota
3466 2530 3652 2567 eorum

422 2607 597 2676 Hujus
629 2607 881 2677 aliquanti
928 2606 1099 2672 dicta,
1152 2607 1324 2676 inquit
1352 2606 1579 2661 Ruﬁnus
1609 2607 1703 2660 lib.
1748 2624 1802 2661 χι
1838 2607 1981 2664 Ilist.
2083 2604 2341 2676 ἐξήγησις
2376 2604 2657 2674 allegorica
2690 2604 2815 2675 fuit,
2844 2614 2890 2658 et
2928 2605 3160 2658 historia:
3188 2606 3274 2658 via:
3317 2620 3484 2672 pauca
3533 2606 3656 2658 teti-

422 2700 627 2759 ecc!es.,
660 2711 778 2764 cap.
815 2696 871 2757 7,
908 2698 988 2748 vel
1020 2696 1359 2748 communiter
1390 2696 1658 2764 disputata
1689 2696 1765 2749 vel
1796 2713 1984 2765 propo-
2083 2708 2287 2766 gerunt.

426 2786 661 2839 nentibus
717 2799 962 2852 responsa
983 2823 999 2847 ,
1055 2786 1302 2837 adhibitis
1351 2786 1576 2839 notariis
1628 2788 1942 2855 descripsere
1969 2826 1984 2850 ,
2154 2788 2331 2842 Etiam
2354 2789 2406 2842 in
2429 2787 2701 2842 Michwam
2722 2788 2999 2858 scripsisse
3022 2786 3304 2859 Didymum
3323 2797 3430 2843 tres
3459 2788 3656 2852 libros.

423 2894 542 2946 qutc
585 2878 740 2929 etiam
777 2892 911 2928 nunc
956 2876 1014 2928 in
1068 2892 1259 2945 magna
1311 2876 1662 2930 admiratione
1712 2878 1985 2933 habentur.
2087 2890 2235 2934 notat
2272 2880 2645 2934 Tillentontius
2678 2887 2810 2933 tom.
2844 2879 2892 2933 X
2924 2878 3168 2943 Memor.,
3225 2896 3345 2950 pag.
3377 2878 3519 2946 593;
3558 2880 3658 2932 sed

429 2968 541 3022 Nos
579 2980 769 3030 tamen,
807 2968 894 3036 qui
923 2980 969 3020 et
1006 2970 1129 3021 viva:
1171 2968 1309 3021 uocis
1355 2968 1467 3036 ejus
1509 2984 1575 3022 ea:
1621 2981 1766 3036 parte
1815 2971 1988 3039 aliqua
2089 2972 2297 3041 decepit
2345 2987 2467 3026 eum
2508 2982 2793 3040 corruptus
2843 2972 3090 3025 Proceruii
3150 2970 3553 3040 llieronymiani
3599 2972 3660 3023 in

428 3060 621 3129 fuimus
652 3057 950 3116 auditores.
976 3066 1024 3109 et
1063 3073 1145 3120 ea,
1178 3072 1293 3124 quae
1324 3074 1354 3109 a
1399 3058 1662 3111 nonnullis
1704 3059 1902 3112 dicente
1928 3076 1987 3113 eo
2016 3113 2055 3134 η
2089 3064 2398 3119 Zachariam
2446 3064 2592 3120 locus
2629 3082 2644 3120 :
2686 3081 2815 3134 quos
2849 3081 2965 3118 cum
3001 3066 3165 3118 tribus
3197 3064 3315 3117 aliis
3352 3066 3405 3117 in
3442 3063 3575 3119 Osee
3604 3074 3657 3118 et

427 3113 684 3218 descripta
704 3187 719 3211 ,
764 3113 1018 3217 legimus;
1048 3113 1200 3215 longe
1226 3146 1478 3215 majorem
1510 3149 1733 3217 gratiam
1774 3160 1822 3202 et
1854 3151 1905 3202 di

2182 3113 2397 3119 "ww---
2446 3113 2591 3120 ---η
2629 3113 2644 3120 -
2689 3113 2812 3134 τῇ--
3002 3113 3162 3118 -.πη
3450 3113 3568 3119 --η
3607 3113 3652 3118 __

2182 3157 2316 3210 chwa
2346 3157 2786 3227 προσεφώνησεν,
2822 3170 2938 3224 pro,
2970 3165 3019 3209 et
3054 3156 3177 3209 mihi
3208 3155 3660 3227 προσεφώνησεν,

429 3258 555 3295 num
603 3241 771 3294 nescio
801 3239 957 3310 quid,
990 3255 1050 3292 ac
1079 3255 1237 3307 supra
1264 3237 1545 3292 humanam
1571 3255 1744 3292 uocem
1771 3255 1987 3305 sonans,
2091 3252 2149 3298 ut
2175 3258 2205 3298 e
2250 3258 2379 3298 mss.
2408 3246 2527 3299 cod.
2568 3254 2713 3297 recte
2751 3243 3090 3299 Martianteus
3120 3244 3373 3299 restituit.

429 3332 483 3385 in
514 3330 618 3385 illis
649 3332 813 3401 magis
843 3331 1185 3395 sermonibus,
1218 3330 1305 3400 qui
1346 3332 1409 3384 de
1438 3346 1526 3384 ore
1558 3330 1717 3401 ipsius
1757 3332 1991 3401 proferc-
2152 3337 2215 3389 In
2243 3334 2582 3403 Evangelium
2612 3334 2868 3389 Matthtei.
2894 3334 3131 3390 Meminit
3161 3335 3381 3391 Ilieron.
3405 3352 3527 3407 cap.
3553 3338 3665 3393 109

431 3421 642 3487 bantur,
673 3422 1026 3491 cognouimus.
2092 3423 2328 3492 Catalogi
2350 3434 2404 3477 et
2429 3424 2736 3478 Protemdn
2762 3423 3067 3479 Matthtcum
3089 3425 3444 3494 ;Niccpltorus
3462 3444 3540 3491 Ix,
3566 3427 3663 3483 17.

500 3513 601 3578 Εἰς
627 3512 733 3565 τὸν
756 3512 885 3566 Λὼτ
912 3513 1008 3565 καὶ
1040 3512 1146 3565 τὸν
1166 3512 1361 3567 Δαϐίδ.
1401 3513 1542 3568 Citat
1590 3512 1744 3569 Joan.
1796 3513 1978 3570 Dama-

2188 3526 2234 3568 at
2284 3514 2642 3570 Damascenus
2699 3530 2819 3584 pag.
2883 3515 2985 3570 676
3041 3515 3297 3572 Parallel.
3358 3518 3414 3574 In
3464 3531 3666 3573 catena

433 3608 691 3662 scenusin
722 3605 901 3662 Sacris
932 3605 1225 3674 Parallclis,
1254 3622 1370 3677 pag.
1395 3607 1660 3671 789,tom.
1690 3606 1731 3662 ll
1755 3606 1889 3677 Opp.
2092 3606 2235 3658 edita
2261 3606 2325 3659 ad
2356 3604 2686 3671 Mattbzeum,
2722 3621 3011 3676 nusquam,
3056 3608 3200 3677 quod
3238 3609 3460 3663 miratus
3510 3626 3667 3673 sum.

505 3697 569 3752 In
597 3697 790 3752 Jobunt
836 3700 1217 3755 commentarii.
1267 3697 1485 3754 Hieron.
1530 3715 1648 3766 cap.
1692 3699 1793 3754 109
1832 3699 1995 3754 Cata-
2097 3696 2305 3766 Didymi
2337 3712 2528 3751 nomen
2560 3697 2817 3751 occurrit.

434 3789 558 3859 logi.
586 3787 904 3858 Fragmenta
940 3788 1163 3857 plurima
1201 3788 1254 3841 in
1302 3796 1487 3841 catena
1516 3787 1734 3841 Patrum
1780 3787 1997 3843 Graeco-
2165 3785 2231 3840 In
2262 3784 2599 3856 Evangelium
2636 3786 2883 3842 Joannis.
2914 3786 3137 3842 Hieron.
3171 3803 3221 3845 c.
3251 3788 3352 3844 109
3378 3789 3631 3860 Catalogi
3646 3808 3669 3853 ,-

436 3896 555 3933 rum
596 3880 661 3933 ad
690 3877 807 3932 Jobi
841 3878 1055 3932 librum.
2097 3877 2429 3948 Nicephorus
2463 3894 2541 3943 ix,
2574 3878 2657 3931 17.
2711 3877 2854 3933 Citat
2886 3880 3245 3935 Damascenus
3280 3895 3398 3950 pag.
3435 3882 3563 3947 754,
3609 3894 3673 3935 et

506 3970 695 4037 Λόγος
722 3970 810 4032 εἰς
854 3966 962 4021 τὸν
1020 3967 1166 4023 Ἰὼϐ.
1219 3968 1575 4025 Damascenus
1614 3970 1667 4025 in
1722 3967 1996 4038 Parallel.,
2099 3970 2292 4039 saepius
2326 3976 2509 4024 auctor
2548 3978 2751 4025 catena:
2786 3969 2999 4024 Patrum
3044 3970 3349 4025 Graecorum
3396 3973 3556 4027 editae
3609 3974 3669 4027 in

436 4076 557 4130 pag.
596 4060 719 4115 789.
1960 4110 1968 4120 ,
2097 4060 2375 4114 Joannem.

513 4149 885 4205 Commentarii
916 4150 969 4202 in
1003 4148 1243 4204 Psalmos
1271 4166 1466 4206 omnes.
1495 4150 1715 4207 llieron.
1749 4167 1867 4221 cap.
1902 4151 2002 4208 109
2171 4149 2283 4222 [In
2332 4150 2463 4203 Acta
2508 4149 2877 4219 apostolorum.
2934 4148 3001 4204 ν.
3045 4148 3095 4204 J.
3129 4150 3436 4218 ChristOplt.
3476 4152 3677 4208 Wollii

439 4238 945 4308 Catalogi,{etepist.
966 4237 1034 4294 89
1052 4240 1439 4311 adAugustin.;
1476 4241 2000 4309 Nicepliorustx,17.
2101 4243 2362 4297 Anecdota
2389 4240 2507 4309 Cn,
2546 4253 2676 4298 tom.
2712 4240 2800 4309 IV,
2834 4257 2955 4312 pag.
3000 4243 3027 4298 1
3069 4258 3212 4313 sqq.,
3258 4245 3347 4299 ubi
3384 4246 3528 4299 inter
3570 4262 3681 4301 ex-

439 4327 759 4397 Fragmcnta
804 4329 940 4383 bene
988 4328 1156 4383 multa
1190 4330 1243 4383 in
1276 4340 1463 4385 catena
1502 4331 1568 4385 ad
1596 4330 1834 4387 Psalmos
1870 4332 2004 4388 Cor-
2103 4344 2283 4402 cerpta
2310 4350 2373 4388 ex
2409 4342 2595 4389 catena
2624 4348 2724 4387 ms.
2767 4334 2823 4386 in
2867 4334 2999 4387 Acta
3030 4345 3198 4403 apost.
3228 4346 3275 4389 et
3300 4334 3431 4406 Epp.
3455 4339 3677 4391 cathol.

440 4420 691 4483 deriana;
719 4427 771 4474 et
804 4421 855 4474 in
881 4421 1037 4475 codd.
1065 4430 1303 4479 catenar.
1330 4423 1381 4477 in
1423 4424 1681 4479 Psalmos.
2033 4443 2077 4498 ι)
2108 4426 2302 4480 multas
2340 4425 2551 4495 Didymi
2596 4424 3085 4495 interpretationes,
3116 4440 3183 4481 ex
3225 4426 3341 4496 ejus
3366 4441 3682 4486 comment.

513 4508 579 4562 In
611 4509 914 4565 Proverbia.
946 4510 1298 4567 Cassiodoms
1323 4527 1444 4582 cap.
1475 4513 1507 4567 5
1546 4513 1787 4568 Institut.
1837 4515 1996 4568 divin.
2103 4514 2158 4569 in
2198 4516 2328 4568 Acta
2355 4524 2520 4583 apost.
2556 4522 2833 4583 sumptas,
2865 4513 2959 4568 Gr.
3000 4514 3199 4579 attulit,
3240 4514 3433 4570 Latine
3478 4520 3688 4582 vertit,

444 4599 549 4664 lit.,
583 4600 638 4653 in
689 4617 788 4670 quo
824 4601 959 4655 libro
1008 4601 1287 4671 Didymum
1328 4604 1667 4671 expositorem
1716 4606 1772 4658 in
1816 4603 2001 4658 Grtcca
2099 4617 2155 4660 et
2196 4607 2322 4660 hinc
2356 4606 2481 4659 inde
2518 4606 2796 4675 explicuit.
2833 4635 2897 4645 —
2951 4606 3008 4660 In
3060 4608 3180 4661 cod.
3222 4606 3441 4663 Coislin.
3491 4608 3685 4675 XXV,

442 4692 621 4761 lingua
654 4694 933 4761 reperimus
956 4733 971 4758 ,
1020 4695 1106 4761 qui
1134 4696 1198 4745 ab
1225 4694 1395 4748 amico
1430 4706 1605 4749 nostro
1635 4696 1743 4749 viro
1768 4698 2003 4751 discrtis-
2100 4697 2189 4767 qui
2212 4697 2584 4766 complectitur
2605 4697 2735 4750 Acta
2759 4698 3117 4765 apostolorum
3143 4705 3197 4753 et
3220 4698 3350 4767 Epp.
3372 4700 3692 4756 catholicas

442 4784 576 4838 simo
607 4784 901 4854 Epiphanio
929 4786 983 4838 in
1008 4784 1252 4839 Latinum
1274 4803 1559 4841 sermonem
1591 4788 1999 4859 diligentissime,
2102 4802 2220 4841 cum
2255 4788 2654 4841 commentariis
2687 4802 2751 4842 ex
2786 4788 3198 4858 Chrysostomo,
3231 4788 3516 4844 Ammonio
3545 4807 3696 4860 pre-

447 4875 671 4930 Domino
693 4876 931 4944 juvante.
956 4878 1244 4932 translatus
1264 4888 1356 4933 est.
1381 4878 1459 4933 Ex
1491 4880 1590 4934 lioc
1619 4883 2002 4937 commentario
2102 4878 2342 4948 sbytem.
2361 4878 2607 4947 Didyme.
2629 4879 2855 4947 aliisque
2877 4878 3125 4935 Patribus
3149 4888 3203 4935 ei
3230 4881 3539 4935 auctoribus
3557 4884 3700 4935 col-

448 4966 745 5033 fragmenta
798 4970 850 5021 in
881 4980 1070 5022 catena
1116 4969 1334 5023 Patrum
1374 4970 1441 5023 ad
1479 4968 1795 5037 Proverbia,
1842 4988 1999 5041 quam
2104 4968 2257 5022 lectis
2288 4979 2342 5021 et
2368 4969 2419 5022 in
2446 4972 2689 5023 ordinem
2722 4970 2943 5040 digestis
2971 4972 3039 5026 ab
3078 4973 3292 5027 Andrea
3322 4972 3691 5043 presbytero.

447 5055 636 5110 Latine
658 5057 972 5114 Theodorus
1007 5059 1257 5115 Peltat:us
1285 5061 1475 5129 edidit,
1502 5071 1558 5115 et
1584 5061 1636 5116 in
1664 5073 1851 5118 catena
1875 5065 2003 5118 Cor—
2105 5059 2223 5114 Vid.
2246 5059 2533 5116 Montl‘auc.
2558 5060 2697 5115 Bibl.
2732 5060 2972 5128 Coislin.,
2992 5078 3044 5133 p.
3077 5063 3145 5117 75
3161 5078 3248 5134 sq.
3274 5074 3328 5118 ct
3355 5078 3407 5132 p.
3447 5063 3575 5127 263,
3612 5066 3705 5119 de

446 5148 662 5202 deriana
697 5151 758 5202 ad
785 5148 941 5206 Lucas
967 5168 1093 5217 vm,
1131 5152 1185 5209 5,
2105 5154 2224 5206 cod.
2268 5152 2418 5218 CCII,
2445 5153 2536 5222 qui
2570 5153 2811 5208 continet
2842 5152 2975 5209 Acta
3010 5156 3298 5224 apostolor.
3343 5170 3464 5209 cum
3491 5155 3701 5225 Chry-

521 5235 588 5289 1η
622 5236 1009 5295 Ecclesiastem.
1035 5240 1191 5297 Joan.
1237 5242 1600 5300 Damascenus
1624 5244 1675 5298 in
1706 5242 1881 5299 Sacris
1912 5261 2006 5311 pa-
2106 5244 2349 5309 sostomi,
2380 5244 2590 5315 Didymi
2619 5244 2954 5313 aliorumque
2979 5247 3379 5302 commentariis
3400 5288 3415 5311 ,
3450 5258 3507 5301 et
3544 5263 3702 5318 pag,

445 5326 665 5391 rallelis,
695 5344 812 5399 pag.
844 5328 969 5384 685.
2104 5330 2233 5393 964,
2268 5331 2321 5386 in
2361 5332 2477 5385 cod.
2512 5331 2688 5397 CCIV,
2722 5350 2770 5388 s.
2798 5343 2985 5389 catena
3018 5338 3070 5390 in
3105 5336 3367 5407 Epistolas
3398 5337 3570 5393 Pauli.
3610 5369 3713 5379 —

518 5418 585 5473 In
641 5419 920 5475 Canticum
969 5424 1220 5480 canticor.
1269 5426 1468 5482 Catena
1514 5442 1543 5480 a
1595 5426 1825 5482 Meursio
1863 5428 2006 5483 edita
2107 5421 2285 5476 Leidae
2335 5422 2476 5477 inter
2519 5423 2676 5479 codd.
2743 5423 2987 5480 Vossian.
3035 5428 3289 5497 Didymus
3328 5430 3394 5482 ad
3441 5444 3560 5498 cap.
3624 5446 3709 5484 ιιι

450 5525 572 5582 pag.
604 5511 686 5565 19.
2107 5514 2363 5568 Actorum
2416 5516 2681 5585 apostol.,
2728 5531 2869 5573 vers.
2912 5520 2978 5574 19
3016 5530 3070 5576 et
3129 5520 3232 5587 2|,
3283 5519 3376 5575 Gr.
3428 5520 3493 5575 ν.
3551 5518 3712 5575 Cat.

521 5600 587 5655 In
621 5601 781 5656 Isaia:
820 5616 1074 5670 postrema
1108 5622 1139 5658 a
1167 5606 1563 5676 quadragesimo
1597 5623 1756 5677 usque
1790 5607 1965 5675 capita
1989 5642 2006 5667 .
2110 5608 2229 5659 bibl.
2282 5606 2451 5674 Leid.,
2499 5624 2621 5681 pag.
2652 5612 2774 5680 401,
2825 5628 2879 5669 n.
2913 5612 2967 5667 4.
2989 5611 3399 5669 —Vindobon.'e
3452 5614 3503 5666 in
3554 5617 3716 5670 cod.

449 5692 574 5746 ιονιξ
615 5690 838 5747 XVIII.
894 5693 1247 5753 llieronwnus
1291 5694 1515 5766 Prologo
1549 5698 1599 5749 in
1639 5695 1857 5750 Isaiam.
1906 5693 2005 5750 Di-
2109 5697 2246 5754 Caes.
2286 5698 2474 5766 CCLI,
2502 5702 2593 5771 qui
2627 5704 2862 5760 continet
2891 5703 3145 5773 anonymi
3174 5703 3320 5760 locos
3362 5718 3729 5764 communes
