3796 6338
174 304 262 361 ΙῖῚ
1594 289 1897 345 ΝΟΤΙΤΙΑ.

3246 286 3347 345 158
3387 340 3401 353 ,

165 417 391 474 aseeticos
410 415 468 469 de
494 411 1023 482 interpretationibus
1059 410 1360 463 divinorum
1388 418 1684 477 przecepto-
1716 416 1760 469 Α
1790 409 1926 478 logia
1971 408 2155 461 ultima
2184 406 2249 459 ad
2307 406 2511 471 Ruﬁn.,
2548 421 2666 476 pag.
2706 404 2807 459 161
2833 422 2845 458 :
2873 403 3055 459 Exstat
3100 404 3228 457 liber
3259 404 3359 457 Di-

164 525 268 563 rum
299 505 483 561 Domini
512 520 574 557 ex
609 503 809 556 varior.
850 500 1069 553 Patrum
1094 514 1218 569 opp.
1262 498 1516 553 collectos
1535 536 1552 562 ,
1583 497 1676 554 fol.

166 600 250 653 187
272 606 426 652 exstat
452 594 651 663 Didymi
680 592 1045 660 fragmentum
1073 588 1428 659 expositionis
1456 589 1515 643 in
1554 590 1688 643 Acta

165 680 1696 759 apostolorum.V.Lambec.Comment.V,p.521sqq.ilant..]

222 780 279 832 lit
298 777 567 846 Epistulam
597 777 666 827 ad
694 772 915 827 Galatas
939 774 1043 843 (vel
1069 783 1218 827 certe
1254 773 1306 826 in
1340 772 1485 826 illum
1514 774 1689 827 locum

163 872 235 924 ubi
279 869 405 921 Petri
445 883 471 918 a
504 866 673 920 Paulo
724 866 1039 934 reprehensi
1073 863 1134 917 ﬁt
1162 862 1408 932 mentio).
1451 862 1671 918 Hieron.

162 967 288 1032 epist.
312 964 395 1025 89,
417 962 481 1015 ad
516 962 812 1030 Augustin.

221 1056 272 1105 In
304 1050 588 1121 Epistulam
623 1051 693 1103 ad
732 1049 988 1118 Ephesios
1010 1048 1443 1103 commentarioli.
1474 1048 1691 1103 Hieron.

165 1145 192 1201 1
212 1148 253 1198 is
272 1145 438 1213 Ruﬁn.
466 1154 520 1196 et
550 1142 786 1198 Promm.
822 1142 881 1194 in
907 1140 1073 1207 Epist.
1110 1142 1179 1193 ad
1215 1139 1408 1208 Ephes.

219 1236 269 1290 lu
300 1235 581 1303 Epistulam
610 1234 677 1286 ad
709 1232 1031 1287 Corinthios.
1069 1231 1293 1287 Hieron.
1324 1232 1481 1302 epist.
1506 1232 1596 1294 51,
1625 1232 1694 1286 ad

163 1328 520 1384 Pammachium
554 1341 569 1376 :
605 1325 879 1393 Origenes,
913 1324 1218 1394 Dionysius,
1256 1321 1491 1387 Pierius,
1524 1323 1694 1377 Euse-

161 1422 250 1473 bius
277 1418 626 1481 Casariensis,
685 1417 972 1485 Didymus,
1043 1417 1385 1483 Apollinaris,
1445 1417 1696 1471 latissime

158 1516 265 1563 hanc
295 1509 576 1577 Epistolam
602 1508 931 1574 interpretati
978 1523 1117 1562 sunt.
1146 1508 1288 1563 Citat
1327 1509 1695 1564 Damascenus

157 1605 203 1657 in
226 1601 506 1663 Parallelis,
543 1615 669 1671 pag.
713 1600 837 1653 721.

213 1693 463 1746 Sectarum
490 1691 729 1745 volumen
748 1690 848 1760 (a).
878 1689 1129 1761 Didymus
1156 1690 1268 1757 ipse
1304 1687 1443 1741 libro
1474 1685 1552 1740 De
1573 1685 1693 1753 Spi-

1802 499 1943 569 dymi
1989 498 2058 552 ad
2113 510 2183 561 te,
2211 514 2310 566 quo
2339 498 2626 550 sciscitanti
2664 497 2756 550 tibi
2796 498 3078 565 respondit,
3121 513 3222 550 non
3274 511 3360 549 eos

1800 588 1967 642 multa
1993 606 2249 657 peccasse.
2279 601 2325 643 et
2353 590 2467 643 ideo
2487 604 2759 656 corporum
2793 602 3024 640 carceres
3052 596 3251 638 tantum
3286 588 3361 639 cis

1800 680 2023 748 tetigisse
2065 682 2315 748 suﬂicere.
2348 680 2602 749 Magister
2634 696 2775 736 meus
2803 688 2852 731 et
2900 687 3021 731 tuus
3051 693 3109 729 eo
3137 688 3361 744 tempore

1798 785 1899 838 quo
1927 781 1982 822 tu
2011 771 2076 823 ab
2109 786 2167 823 eo
2196 772 2294 823 ista
2328 770 2614 839 quaerebas.

1870 859 1947 913 De
1972 860 2162 926 impari
2192 877 2428 924 numero,
2456 861 2571 916 sive
2624 858 2947 929 septenario.
2974 857 3193 914 Hieron.
3220 859 3360 928 Apo-

1798 951 1937 1019 logia
1966 968 2058 1016 pro
2086 951 2230 1004 libris
2256 952 2502 1005 adversus
2518 952 2881 1005 ‘Jouinianum.

1870 1043 2007 1114 Περὶ
2035 1043 2347 1114 ἀσωμάτου.
2396 1046 2735 1109 Damascen.,
2762 1061 2885 1115 pag.
2917 1047 3019 1101 780
3053 1044 3305 1101 Parallel.

1879 1135 2273 1206 Ὑπομνήματα
2318 1137 2398 1199 εἰς
2429 1137 2497 1188 τὰ
2518 1137 2653 1205 Περὶ
2678 1137 2882 1206 ἀρχῶν
2926 1138 3257 1210 Ὠριγένους,
3296 1137 3363 1193 In

1797 1229 1955 1281 libros
1982 1226 2220 1299 Origenis
2271 1229 2342 1283 De
2386 1230 2663 1300 principiis
2694 1235 3064 1287 commentaria
3110 1236 3359 1304 apologe-

1800 1320 1929 1378 tica,
1973 1318 2233 1374 adversus
2273 1319 2389 1389 ejus
2432 1320 2790 1387 adversarios,
2848 1338 2982 1391 quos
3018 1325 3359 1387 calumniari,

1799 1426 1918 1477 quise
1947 1425 2050 1464 non
2094 1411 2473 1480 intelligerent,
2514 1415 2708 1483 arguit,
2742 1422 2875 1469 teste
2899 1414 3140 1479 Socrate,
3178 1432 3248 1480 ιν,
3267 1417 3357 1471 25.

1797 1498 1893 1555 His
1939 1500 2204 1568 praecipue
2239 1501 2290 1553 in
2326 1516 2385 1554 se
2421 1501 2599 1555 odium
2648 1502 2936 1557 multorum
2982 1514 3035 1559 et
3074 1506 3363 1561 inrectivas

1800 1593 2066 1647 contraxit
2105 1593 2278 1646 bonus
2309 1591 2562 1659 Didymus
2594 1611 2606 1646 :
2644 1603 2804 1662 atque
2837 1602 3054 1663 pr0pter
3088 1596 3183 1648 hos
3213 1611 3361 1651 com-

1797 1684 2091 1738 mentarios
2125 1683 2331 1737 factum
2377 1691 2480 1749 est,
2517 1693 2574 1736 ut
2604 1684 2766 1738 etiam
2816 1697 2933 1754 post
2984 1684 3101 1740 fata
3136 1688 3207 1741 sit
3240 1702 3360 1741 cum

156 1781 337 1845 ritsS.,
360 1792 486 1835 tom.
510 1778 583 1833 IX
603 1754 992 1849 0pp.llieron.,
1025 1794 1147 1846 pag.
1172 1754 1276 1832 325
1302 1794 1313 1829 :
1342 1776 1493 1842 Quod
1522 1786 1695 1829 autem
1725 1754 1766 1809 Β
1788 1774 2029 1847 Origene
2058 1782 2115 1829 et
2142 1773 2375 1842 Evagrio
2395 1774 2734 1843 proscriptus
2764 1792 2866 1830 non
2893 1793 2997 1831 uno
3024 1777 3074 1830 in
3108 1777 3359 1832 concilio.

160 1875 216 1926 ab
238 1874 346 1927 aliis
392 1873 637 1935 capiatur
686 1868 917 1938 Spiritus
953 1870 1015 1925 S.
1045 1880 1091 1923 et
1133 1885 1233 1923 non
1275 1870 1382 1922 alia
1416 1869 1615 1937 capiat,
1647 1878 1696 1923 et

152 1982 267 2019 nunc
293 1977 336 2018 et
364 1967 415 2017 in
455 1962 741 2018 Sectarqu
788 1962 1067 2027 volumine,
1100 1973 1252 2030 prout
1279 1961 1567 2028 potuimus,
1601 1976 1696 2015 ea:-

149 2058 422 2124 pressintns.
457 2055 525 2108 Et
552 2068 679 2123 pag.
704 2052 810 2107 528
836 2071 847 2105 ;
876 2052 988 2106 Hoc
1030 2054 1223 2121 ipsum,
1276 2053 1414 2123 quod
1459 2053 1697 2106 subsistit

151 2147 373 2213 Spiritus,
407 2148 688 2214 sapientia:
714 2156 812 2209 est,
841 2157 887 2197 et
917 2154 1107 2196 natura
1133 2145 1246 2213 ejus
1271 2143 1401 2196 nihil
1422 2154 1494 2197 est
1528 2144 1695 2208 aliud,

148 2242 238 2293 nisi
263 2238 484 2307 Spiritus
518 2239 757 2292 ueritatis
787 2248 834 2290 et
886 2234 1117 2303 Spiritus
1147 2236 1263 2301 Dei,
1300 2237 1363 2289 de
1385 2237 1568 2305 quibus
1580 2236 1698 2304 jam

147 2334 447 2385 abundanter
490 2316 556 2384 in
609 2329 891 2384 Sectarqu
982 2329 1242 2383 volumine
1299 2331 1694 2397 disputavimus.

148 2424 383 2479 lemorat
416 2434 471 2478 et
504 2423 718 2494 Didymi
751 2424 1000 2475 adversus
1030 2434 1198 2475 sectas
1216 2436 1353 2490 opus
1384 2421 1697 2476 Heraclides

146 2518 195 2568 in
235 2516 504 2581 Paradiso,
539 2535 591 2570 c.
624 2517 673 2579 1,
709 2532 765 2584 p.
797 2515 919 2569 ⁸710.
954 2516 1032 2566 Ab
1057 2514 1158 2567 hoc
1212 2530 1316 2567 non
1364 2514 1696 2583 distinguen-

143 2606 255 2658 dum
281 2608 581 2675 dogmatum
612 2605 872 2667 volumen,
897 2604 1050 2673 cujus
1085 2603 1352 2667 meminit,
1378 2616 1430 2670 p.
1461 2602 1586 2656 332.
1616 2600 1700 2655 Ex

143 2700 311 2765 quibus
330 2697 643 2763 ostenditur,
674 2712 785 2749 esse
811 2694 1063 2763 Spiritum
1089 2693 1146 2749 S.
1179 2704 1484 2760 creatorem,
1510 2706 1563 2746 ut
1580 2694 1699 2763 jam

139 2790 193 2840 in
228 2786 538 2858 Dogmatum
571 2787 843 2841 volumine
870 2788 1092 2839 btet-iter
1119 2786 1459 2840 ostendimus.
1485 2784 1583 2840 Hic
1617 2794 1702 2839 est

140 2877 283 2931 Liber
297 2880 359 2933 de
376 2879 730 2948 dogmatibus,
758 2879 911 2947 cujus
935 2888 988 2932 et
1020 2877 1403 2949 Hieronymus,
1438 2891 1558 2945 cap.
1595 2875 1697 2932 109

139 2970 361 3041 Catalogi
403 2972 736 3025 mentionem
784 2971 930 3024 facit.
960 2970 1025 3024 Et
1068 2970 1428 3025 Tlteodoritus
1487 2984 1561 3035 tv,
1606 2967 1696 3034 29,

1797 1868 1934 1922 Vide
1977 1866 2266 1923 cardinalis
2302 1868 2372 1921 Η.
2422 1866 2617 1922 Norisii
2648 1867 2788 1922 Diss.
2841 1872 2902 1922 de
2927 1870 3124 1938 synodo
3155 1872 3358 1941 quinta,

1797 1958 1975 2028 capite
2005 1958 2060 2021 7,
2089 1956 2178 2010 ubi
2209 1967 2396 2011 contra
2426 1956 2735 2011 Halloisium
2779 1960 2954 2025 docet,
2987 1975 3017 2013 a
3055 1960 3240 2028 quinta
3270 1975 3361 2032 sy-

1799 2049 1941 2103 nodo
1993 2050 2232 2119 generali
2293 2049 2476 2117 ulique
2534 2047 2699 2103 fuisse
2754 2050 3036 2105 damnatos
3079 2051 3361 2120 Evagrium

1800 2143 2189 2214 Didymumqne
2223 2158 2274 2195 a.
2316 2141 2443 2207 555,
2488 2155 2659 2211 neque
2703 2141 2753 2195 in
2792 2141 2890 2195 hoc
2934 2158 3148 2198 errasse
3181 2144 3363 2198 conci-

1801 2235 1925 2287 lium
1954 2241 2316 2289 Lateranense
2348 2234 2448 2287 sub
2475 2232 2706 2288 Martiuo
2760 2248 2920 2303 papa,
2954 2252 3007 2288 a.
3042 2234 3167 2299 619,
3205 2251 3365 2306 syno-

1800 2327 2032 2397 dumque
2059 2337 2263 2382 sextam
2299 2329 2353 2380 in
2383 2325 2563 2379 Trulla
2606 2343 2655 2379 a.
2693 2325 2815 2389 680,
2856 2337 2911 2379 et
2952 2329 3233 2396 septimam
3259 2327 3359 2383 787

1799 2418 2092 2482 Nicaznam,
2133 2436 2254 2488 qua:
2291 2418 2595 2486 exemplum
2631 2418 2759 2471 illud
2789 2419 2999 2472 concilii
3037 2420 3209 2487 quinti
3241 2428 3365 2473 sunt

1800 2520 2015 2565 secutae.
2044 2511 2372 2579 Argumenta
2403 2507 2596 2561 Nurisii
2652 2506 2977 2561 labefactare
3040 2524 3142 2561 non
3193 2510 3366 2577 potuit

1799 2596 1950 2652 Joan.
1982 2598 2277 2652 Garnerius
2320 2599 2372 2650 in
2413 2596 2553 2651 Diss.
2592 2596 2658 2651 de
2701 2597 2886 2651 eadem
2921 2598 3106 2667 quinta
3157 2600 3363 2668 synodo

1799 2704 1960 2759 quam
2000 2688 2233 2743 Liberali
2260 2687 2529 2743 Breviario
2559 2689 2849 2758 subjunxit.
2885 2689 3243 2761 Hieronymus
3268 2692 3360 2750 lib.

1800 2797 1836 2835 ll
1866 2784 1918 2834 in
1944 2779 2149 2848 Ruﬁn.,
2188 2795 2307 2851 pag.
2347 2781 2486 2836 148:
2521 2780 2661 2846 Quid
2696 2783 3023 2848 respondebis
3050 2799 3144 2851 pro
3202 2784 3366 2854 Didy-

1800 2890 1905 2938 mo,
1930 2874 2017 2942 qui
2048 2884 2185 2927 certe
2221 2874 2274 2926 in
2319 2872 2575 2927 Trinitate
2612 2875 2900 2928 catholicus
2924 2886 3019 2941 est,
3040 2877 3188 2946 cujus
3207 2880 3365 2931 etiam

1801 2984 1894 3022 nos
1923 2968 1997 3022 De
2019 2967 2218 3035 Spiritu
2259 2965 2317 3021 S.
2361 2966 2554 3020 librum
2582 2967 2634 3020 in
2673 2967 2914 3022 Latinam
2940 2970 3174 3040 linguam
3209 2973 3366 3025 uerti-

140 3064 275 3117 Bist.
305 3073 551 3128 testatur,
587 3064 779 3117 eodem
810 3072 1053 3132 tempore
1079 3062 1429 3131 Ephrainium
1463 3062 1695 3123 Edessaa,
1724 3096 1769 3154 ο
1801 3060 1962 3114 mus?
2000 3059 2149 3113 Certe
2165 3060 2247 3113 hic
2284 3062 2339 3113 in
2372 3060 2452 3113 his
2487 3077 2603 3129 quae
2627 3062 2689 3114 ab
2727 3062 2983 3117 haereticis
3022 3064 3077 3117 in
3124 3062 3365 3133 Origenis

137 3167 188 3209 et
228 3156 558 3209 Alexandriae
598 3154 882 3226 Didymqu
923 3154 1063 3206 κατὰ
1104 3152 1212 3204 τῶν
1263 3151 1569 3205 ἀντιπάλων
1601 3150 1699 3221 τῆς

136 3246 379 3317 ἀληθείας
411 3246 703 3317 δογμάτων
753 3245 952 3314 scripta
1008 3246 1391 3313 composuisse.
1438 3244 1541 3297 Sed
1582 3256 1701 3310 qua:

136 3338 371 3393 Stobaus
414 3339 608 3409 Eclog.
656 3318 840 3402 ethic.,
888 3353 1009 3406 pag.
1053 3336 1141 3400 15,
1176 3351 1242 3390 ex
1279 3337 1502 3407 Didyino
1558 3334 1699 3403 Περὶ

133 3434 404 3502 αἱρέσεως
430 3432 615 3495 affert.
640 3433 806 3502 petita
850 3440 976 3485 sunt
1014 3445 1078 3483 ex
1107 3431 1315 3499 Didymi
1355 3429 1574 3483 alterius
1602 3428 1697 3497 (b),

132 3528 321 3581 ethnici
371 3526 683 3595 scriptoris,
723 3524 863 3577 libro
904 3522 1043 3589 Περὶ
1103 3521 1470 3590 φιλοσοφίας
1508 3523 1702 3573 Πυθα-

131 3616 384 3686 γορικῆς,
417 3632 582 3687 quem
616 3615 1064 3669 IaudatClemeus
1092 3617 1243 3668 Alex.
1288 3614 1549 3678 tStrom.,
1573 3627 1697 3682 pag.

132 3709 249 3774 Μ,
278 3721 333 3763 et
360 3707 516 3775 Cujus
555 3706 698 3774 Περὶ
724 3706 843 3758 τῶν
868 3702 1137 3757 Πλάτωνι
1158 3703 1560 3771 ἀρεσκόντων,
1589 3702 1702 3753 lau-

132 3801 215 3855 dat
247 3802 513 3856 Eusebius
540 3816 618 3865 xi,
653 3798 746 3862 25,
770 3796 1095 3865 Prwparat.,
1130 3796 1424 3863 Epitomen,
1456 3794 1701 3848 Stobaeus

133 3891 398 3963 Florileg.,
442 3907 610 3947 serui.
638 3892 760 3954 101,
794 3905 917 3959 pag.
952 3888 1071 3942 557.
1113 3888 1247 3942 Vide
1268 3887 1424 3941 Joan.
1452 3886 1699 3940 Christo-

133 3987 276 4056 phori
308 3985 494 4040 Wollii
543 3984 1005 4046 dissertationem,
1048 3996 1153 4049 qua
1203 3979 1699 4045 l‘hilosophumena,

132 4093 243 4147 qua:
275 4080 375 4132 sub
399 4076 655 4144 Origenis
689 4074 938 4128 feruntur
977 4072 1213 4133 nomine,
1243 4087 1339 4141 pro
1369 4071 1459 4124 illo
1490 4071 1700 4141 Didymi

132 4165 398 4221 Sectantur
436 4166 711 4221 volumine
741 4164 924 4218 haberi
956 4180 1061 4218 nou
1117 4177 1294 4232 posse,
1326 4166 1500 4231 ncqtte
1548 4162 1699 4216 volu-

132 4274 244 4314 men
270 4260 594 4330 Dogmatnm
626 4256 833 4325 Didymi
881 4255 1038 4308 Alex.
1071 4269 1100 4308 a
1132 4252 1402 4308 Sectarum
1431 4255 1702 4309 volumine

131 4352 389 4405 diversum
460 4364 582 4402 esse
642 4348 881 4416 disputat
934 4348 1195 4400 adversus
1257 4345 1699 4415 Cbristopltorum

1801 3154 2041 3219 operibus
2078 3152 2166 3222 (ex
2212 3151 2386 3205 Ruﬁni
2430 3152 2635 3206 scilicet
2684 3154 2955 3224 opinione)
3002 3155 3181 3208 addita
3218 3165 3361 3220 sunt,

1798 3258 1845 3300 et
1876 3246 1929 3298 in
1958 3247 2096 3312 ipsos
2132 3244 2268 3316 Περὶ
2318 3243 2521 3317 ἀρχῶν,
2547 3262 2677 3314 quos
2719 3258 2778 3299 tu
2818 3247 3181 3315 interpretatus
3203 3265 3277 3315 es,
3301 3249 3366 3303 li-

1802 3340 1919 3392 bros
1948 3340 2119 3392 breves
2154 3339 2364 3392 dictauit
2394 3340 2870 3402 commentariolos,
2906 3341 3088 3410 quibus
3142 3359 3242 3396 non
3277 3360 3365 3396 ne-

1800 3442 1964 3503 garet,
1995 3434 2058 3485 ab
2084 3431 2305 3501 Origene
2343 3434 2555 3499 scripta,
2581 3450 2698 3503 qua:
2743 3436 2940 3501 scripta
2976 3446 3115 3501 sunt,
3153 3438 3241 3489 sed
3271 3453 3364 3491 nos

1801 3528 2060 3592 simplices
2090 3526 2324 3581 homines
2374 3543 2477 3579 non
2513 3542 2661 3595 posse
2700 3527 3011 3597 intelligere,
3036 3544 3153 3597 qua:
3183 3530 3365 3582 dicun-

1803 3631 1908 3685 tur,
1936 3632 1983 3673 et
2016 3637 2114 3691 quo
2145 3638 2299 3675 sensu
2341 3621 2397 3673 in
2436 3623 2620 3673 bonam
2657 3631 2856 3688 partem
2902 3623 3067 3688 accipi
3125 3623 3360 3689 debeant,

1800 3715 2112 3781 persuadere
2168 3724 2407 3776 conatur,
2440 3714 2533 3766 hoc
2577 3714 2833 3766 duntaxat
2880 3716 2942 3766 de
2983 3712 3120 3766 Filio
3159 3723 3205 3766 et
3244 3712 3367 3782 Spi-

1804 3807 1906 3857 ritu
1935 3804 1996 3859 S.
2043 3804 2300 3857 Caeterum
2341 3806 2393 3857 in
2424 3807 2547 3859 aliis
2585 3805 2914 3873 dogmatibus
2950 3814 2998 3857 et
3035 3804 3289 3858 Eusebius
3318 3816 3367 3858 et

1804 3896 2058 3965 Didymus
2107 3897 2428 3963 apertissime
2468 3899 2520 3949 in
2586 3896 2823 3967 Origenis
2875 3897 3006 3950 scita
3055 3904 3365 3962 concedunt,

1802 3988 2011 4056 etquod
2052 4004 2225 4041 omnes
2262 3988 2505 4042 Ecclesia?
2551 3988 2844 4057 reprobant,
2895 3989 3145 4043 catholice
3200 4001 3246 4043 et
3283 3991 3367 4056 pie

1804 4080 1998 4130 dictum
2051 4094 2161 4131 esse
2216 4079 2514 4147 defendunt.
2576 4079 2718 4133 Idem
2776 4078 3028 4149 Apologia
3080 4090 3363 4148 postrema,

1803 4184 1924 4239 pag.
1956 4170 2056 4223 165
2082 4186 2094 4221 :
2116 4168 2183 4222 In
2218 4169 2446 4239 Didyme
2478 4172 2779 4225 memoriam
2810 4173 3180 4239 prtedicamus,
3204 4184 3251 4225 et
3272 4190 3365 4225 su-

1803 4279 1895 4330 per
1935 4261 2209 4326 Trinitate,
2251 4264 2375 4331 fidei
2420 4265 2723 4329 puritatem.
2786 4265 2891 4321 Sed
2924 4268 2977 4318 in
3008 4267 3226 4327 cretei-is,
3250 4282 3367 4333 qum

1808 4350 2022 4420 Origeni
2054 4353 2188 4406 male
2234 4354 2480 4419 credidit,
2518 4372 2611 4408 nos
2651 4354 2714 4408 ab
2742 4371 2800 4407 eo
2834 4354 3171 4407 retro/timus.
3200 4354 3369 4422 Magi-

130 4447 420 4513 Augustum
458 4441 859 4495 Henmannum.
893 4438 1097 4493 Prodiit
1138 4436 1225 4492 illa
1252 4439 1560 4493 dissertatio
1593 4455 1699 4495 una
1726 4448 1778 4507 ι)
1804 4460 2034 4497 atrorum
2076 4446 2213 4497 enim
2249 4463 2351 4499 non
2385 4448 2509 4500 uitia
2545 4448 2800 4501 imitanda
2829 4457 2972 4514 sunt,
3006 4448 3096 4502 sed
3128 4449 3364 4503 virtutes.

130 4552 241 4591 cum
300 4537 565 4591 secundis
600 4533 797 4586 laudati
829 4530 1005 4585 Wollii
1049 4532 1114 4585 ad
1154 4531 1695 4601 Φιλοσοφουμένων

132 4633 447 4699 scriptorem
482 4626 631 4680 euris
665 4625 955 4693 Hatuburgi
989 4624 1147 4690 1714,
1169 4624 1220 4677 8.
1247 4623 1410 4678 Faun.

192 4720 386 4773 Contra
440 4719 672 4780 Arianos
722 4715 846 4768 libri
886 4715 966 4768 Il.
997 4714 1241 4779 Hicron.,
1269 4732 1391 4786 cap.
1450 4715 1573 4781 109,
1624 4716 1701 4771 De

132 4810 185 4867 S.
222 4812 324 4877 ε.;
358 4810 705 4879 Νἰςθριιοῐυε
753 4824 828 4873 ix,
864 4807 948 4871 17,
979 4806 1122 4860 Hist.
1165 4805 1388 4862 Videtur
1431 4811 1699 4879 respicere

132 4904 377 4975 Didymus
407 4904 525 4971 ipse
564 4900 664 4955 sub
683 4910 984 4953 extremum
1012 4900 1279 4967 explanat.
1320 4901 1372 4953 in
1399 4899 1427 4953 I
1450 4899 1694 4969 Joannis,

131 4998 349 5049 Arianos
384 4995 778 5064 perstringens,
814 4990 1047 5055 Horum,
1075 4992 1269 5061 inquit,
1310 4994 1519 5062 singula
1568 5011 1686 5048 exa-

130 5084 480 5149 nimationem,
518 5098 572 5137 ut
598 5087 695 5153 fuit
720 5084 982 5154 possibile,
1009 5087 1061 5139 in
1088 5086 1209 5138 aliis
1242 5086 1551 5141 habuerunt.

189 5180 329 5251 Πρὸς
353 5179 674 5248 φιλόσοφον.
709 5176 1097 5242 Damascenus,
1128 5194 1249 5248 pag.
1288 5178 1391 5232 645
1435 5178 1691 5238 Parallel.

194 5272 340 5326 Liber
369 5276 441 5324 ad
464 5272 739 5340 Ruﬁnum,
772 5286 933 5339 quare
965 5271 1259 5323 moriantur
1287 5269 1539 5338 infantes,
1568 5289 1687 5327 cum

128 5377 321 5434 propter
341 5378 563 5436 peccata
586 5378 810 5432 corpora
838 5362 1149 5431 acceperint.
1172 5361 1529 5435 Hieronymus
1552 5366 1691 5435 Apo-

190 5546 263 5615 (a)
285 5544 352 5599 ν.
402 5560 567 5615 supra
606 5544 672 5599 ad
698 5563 755 5601 n.
779 5549 837 5603 4.
868 5548 1039 5604 Ηλιιι..

191 5617 259 5685 (b)
300 5618 600 5692 Incertum,
626 5616 768 5692 sitne
793 5621 883 5673 hic
916 5622 1174 5692 Didymus
1200 5620 1497 5677 Heraclida:
1524 5621 1686 5691 ﬁlius,

127 5689 505 5760 grammaticus
545 5699 600 5740 et
637 5690 893 5760 musicus,
923 5689 1135 5745 Nerone
1164 5692 1339 5747 clarus
1366 5689 1687 5760 imperante,

126 5753 294 5813 Stridu-
323 5768 690 5821 memoratus,
724 5753 887 5827 cujus
915 5761 1052 5815 libro
1083 5762 1224 5829 Περὶ
1264 5762 1375 5832 τῆς
1402 5753 1696 5834 δὶαερορᾶιξ

435 5852 713 5914 ΡΑι-ιιοι..
762 5852 880 5915 Gn.
926 5854 1234 5921 XXXIX.

1800 4535 1948 4589 Adde
1975 4549 2092 4605 pag.
2113 4534 2233 4591 159.

1874 4626 1949 4681 De
1974 4628 2305 4696 providentia
2348 4637 2404 4684 et
2428 4626 2631 4697 judicio
2660 4628 2749 4682 Dei
2793 4630 2843 4683 in
2888 4632 2992 4685 hac
3024 4631 3154 4696 vita,
3183 4644 3252 4685 ne
3291 4646 3371 4685 er-

1806 4733 2005 4784 remus,
2034 4719 2196 4788 jussit
2248 4720 2506 4793 Didymus
2529 4722 2600 4793 (c)
2631 4723 2921 4777 observare
2965 4722 3245 4792 diligenter
3277 4738 3371 4776 va-

1807 4811 2054 4866 rietatem
2087 4827 2372 4882 corporum
2408 4830 2716 4884 rerumque,
2742 4813 2939 4883 quibus
2973 4813 3156 4867 iuuudi
3206 4814 3371 4869 decus

1804 4913 2038 4969 constat,
2055 4916 2107 4958 et
2129 4906 2382 4968 rationes,
2397 4906 2590 4975 quibus
2611 4906 2749 4959 Deus
2763 4920 2858 4974 per
2870 4918 3058 4973 aspera
3078 4919 3174 4959 nos
3189 4905 3252 4958 ad
3273 4906 3373 4959 vir-

1804 5006 1969 5049 tutem
1993 4996 2141 5050 ducit
2164 5011 2226 5050 ac
2242 4997 2577 5066 sapientiam.
2601 4997 2740 5058 Τοὺς
2763 4995 2904 5063 Περὶ
2945 4996 3229 5064 προνοίας
3268 4998 3369 5050 καὶ

1803 5089 2054 5156 κρίσεως
2096 5087 2239 5142 κατὰ
2270 5089 2465 5143 σαυτὸν
2509 5090 2596 5140 ἀεὶ
2630 5087 2875 5158 γύμναζε
2907 5087 3119 5157 λόγους,
3151 5089 3315 5160 φησὶν
3343 5093 3371 5143 ὁ

1807 5184 1976 5253 μέγας
2003 5182 2095 5234 καὶ
2139 5183 2441 5250 γνωστικὸς
2480 5180 2792 5244 διδάσκαλος
2831 5181 3079 5253 Δίδυμος,
3122 5184 3216 5237 καὶ
3244 5182 3368 5236 τού-

1802 5292 1907 5328 των
1926 5274 2022 5337 τὰς
2045 5273 2176 5338 ὔλας
2200 5275 2287 5327 διὰ
2315 5275 2533 5344 μνήμης
2564 5274 2751 5347 φέρειν
2778 5274 3088 5348 πειράθητι.
3110 5277 3220 5330 Καὶ
3245 5278 3369 5338 τοὺς

1806 5370 1905 5442 μὲν
1933 5369 2072 5438 Περὶ
2100 5370 2350 5440 κρίσεως
2374 5368 2563 5439 λόγους
2590 5373 2647 5424 ἐν
2673 5372 2740 5442 τῇ
2782 5371 3018 5446 διαφορᾷ
3049 5371 3156 5425 τῶν
3187 5370 3370 5440 σωμά-

1806 5549 1922 5627 τῶν
1963 5553 2434 5627 Ἀριστοξενείων
2455 5573 2519 5610 τε
2557 5558 2654 5612 καὶ
2678 5559 3103 5627 Πυθαγορείων.
3137 5556 3216 5609 usi
3244 5552 3367 5606 Pto-

1794 5621 2013 5746 liegnmns
2063 5636 2117 5677 et
2160 5623 2506 5696 Porphyrius,
2534 5638 2590 5681 ut
2650 5629 2759 5688 dixi
2795 5621 2978 5698 supra,
3022 5630 3113 5682 li‘b.
3148 5642 3206 5688 tt,
3240 5638 3357 5693 cap.

1866 5762 1935 5832 (c)
1968 5761 2121 5834 Apud
2146 5762 2424 5822 Socratem
2482 5785 2536 5823 tv
2572 5767 2739 5839 llist.,
2766 5784 2814 5823 c.
2843 5769 2933 5835 25,
2970 5783 3090 5838 pag.
3126 5767 3255 5821 257.

3056 5860 3093 5919 5
