3796 6346
479 303 583 362 159
1904 291 1978 345 ΒΕ

2212 288 2285 343 rIO
3588 282 3711 337 MO

480 438 583 476 των
632 420 723 475 καὶ
774 420 915 473 κατὰ
952 419 1041 473 τὸν
1091 420 1289 489 κόσμον
1322 419 1591 489 εὑρήσεις.
1633 418 1769 477 Τοὺς
1797 414 1853 467 δὲ
1894 417 1979 480 Πελ

2219 425 2314 460 'nm
2332 416 2377 459 et
2408 409 2460 458 in
2489 404 2722 474 partibus
2749 405 2927 456 mundi
2946 403 3183 469 reperies.
3221 400 3495 454 Sermones
3514 413 3718 453 autem

480 513 782 580 προνοίας,
815 514 872 563 ὲν
892 513 1002 574 τοῖς
1023 512 1241 581 τρόποις
1261 514 1371 573 τοῖς
1398 511 1501 562 ἀπὸ
1524 508 1720 569 κακίας
1746 506 1836 558 καὶ
1857 506 1979 571 ἀγνι

2230 498 2583 567 providentia,
2606 498 2659 549 in
2674 496 2838 548 modis
2854 495 2977 554 illis,
2994 494 3176 561 quibus
3194 510 3224 545 a
3248 494 3369 545 vitio
3387 500 3433 545 et
3446 492 3719 559 ignorare-

482 602 601 663 σίας
640 601 730 652 ἐπὶ
756 600 853 670 τὴν
885 599 1083 670 ἀρετὴν
1112 600 1143 669 ἢ
1170 601 1261 651 ἐπὶ
1286 600 1382 669 τὴν
1425 598 1622 666 γνῶσιν
1656 598 1802 665 ἡμᾶς
1863 596 1981 646 ὲπαη

2208 590 2294 641 :ad
2330 590 2571 643 virtutem
2590 597 2636 640 et
2664 587 3003 653 cognitionem
3023 585 3284 649 ducimur,
3316 582 3707 645 deprehendes.

479 690 688 759 άγουσι.
722 690 995 744 Sermones
1035 691 1107 743 De
1136 690 1461 759 providentia
1502 699 1555 741 et
1595 688 1659 739 de
1689 686 1887 754 judicio
1914 684 2027 745 Dei,
2206 680 2339 749 Slyli
2373 679 2761 747 simplicitatem
2792 677 3115 747 signiﬁcare,
3140 689 3244 729 non
3282 676 3470 728 vitium
3501 687 3711 740 repre—

478 783 693 836 assidua
728 783 1058 835 meditatione
1101 794 1264 834 tecum
1318 782 1424 847 ipse
1477 779 1659 839 recole,
1691 780 1764 829 ait
1812 792 2025 844 magnus
2138 771 2368 825 hendere
2416 771 2583 823 voluit
2628 768 3000 837 Hieronymus,
3034 767 3247 836 quando
3297 764 3453 818 Prmf.
3514 765 3581 817 ad
3642 764 3686 816 Ii

478 877 659 928 doctor
697 885 742 928 et
774 875 999 941 spiritali
1044 875 1259 927 scientia
1295 874 1599 933 instructus,
1636 868 1907 938 Didymus,
1940 884 2028 919 eo-
2136 860 2288 913 brum
2330 860 2533 929 Didymi
2562 860 2637 914 De
2667 859 2870 928 Spiritu
2905 858 2963 912 S.
2995 859 3205 928 scripsit
3238 876 3250 910 :
3279 857 3556 923 Imperitns
3580 872 3710 909 ser-

479 980 691 1034 rumque
716 980 1011 1017 sermonum
1054 965 1297 1016 materias
1327 964 1411 1028 {ac
1450 963 1504 1013 in
1532 963 1778 1012 memoria
1805 959 2028 1011 circum-
2134 969 2282 1005 mone
2317 962 2411 1015 est,
2445 954 2533 1005 sed
2568 970 2669 1005 non
2718 953 2955 1014 scientia,
3006 951 3347 1019 apostolicum
3403 952 3572 1004 virum
3629 966 3712 1003 ea:

480 1053 636 1119 feras.
667 1052 855 1107 Omnes
886 1052 1019 1106 enim
1055 1052 1162 1119 fere
1188 1051 1239 1102 in
1295 1050 1373 1102 liis
1416 1047 1683 1100 labuntur.
1718 1044 1784 1098 Et
1833 1060 2025 1097 sermo-
2140 1046 2250 1113 ipso
2282 1046 2417 1115 ston
2447 1046 2759 1111 exprimens,
2790 1054 2895 1097 tam
2924 1060 3104 1096 sensus
3144 1044 3336 1095 lumine
3373 1059 3529 1111 quam
3559 1043 3706 1093 sim-

478 1161 565 1197 nes
591 1145 795 1214 quidem
824 1160 887 1197 ac
931 1144 1153 1195 rationes
1185 1142 1246 1194 de
1273 1138 1495 1209 judicio,
1514 1137 1878 1206 indi/Ieremia
1907 1150 2020 1188 cor—
2136 1136 2363 1203 plicitate
2398 1136 2682 1189 verborum.

877 1494 1674 1667 DI’DYMI
1799 1484 2677 1662 ALEXAN
2685 1488 3194 1661 DBIN
3201 1491 3275 1660 Ι

1380 1815 1602 1938 DE
1704 1793 2791 1940 ΤΒΪΝΙΤΑΤΕ

1687 2073 2058 2184 LIBRI
2141 2074 2494 2186 TRES

1167 2292 1467 2353 PRIMUM
1499 2292 1607 2352 EX
1637 2292 2166 2353 PASSIONEIANO
2193 2292 2449 2353 CODICE
2475 2293 2737 2354 GRECE
2767 2246 3007 2367 EDITI;

1454 2454 1675 2498 LATINE
1706 2453 2030 2512 CONVERSI,
2060 2456 2137 2499 AC
2166 2454 2347 2498 NOTIS
2374 2454 2731 2498 ILLUSTRATI

946 2603 1013 2690 A
1091 2604 1201 2691 D.
1272 2600 1735 2695 JOANNE
1807 2599 2321 2693 ALOYSIO
2397 2602 3225 2693 MINGARELLIO

478 2794 722 2837 ωοκιεο
750 2793 1002 2835 κεϐυιοωιι
1031 2794 1233 2835 ORDINIS
1259 2796 1303 2834 S.
1329 2795 1593 2835 AUGUSTINI
1614 2791 1925 2833 CONGREGAT.
1958 2793 1977 2829 P

2190 2792 2201 2829 ἰ
2228 2792 2274 2830 S.
2298 2792 2627 2840 SALVATORIS,
2657 2793 2825 2832 SACIUE
2854 2793 3037 2833 τιιεοι..
3066 2793 3211 2832 ιιεετ.
3242 2793 3490 2842 EMERITO,
3514 2793 3689 2835 sam

644 2865 823 2906 CONGR.
848 2865 1033 2906 INDICIS
1058 2865 1401 2917 CONSULTORE,
1438 2867 1501 2904 ET
1528 2866 1575 2903 IN
1611 2862 1906 2903 BONONIENSI
1941 2860 2143 2899 ARCHIGI

2019 2860 2339 2901 IIIIGYMNASIO
2368 2862 2648 2901 GRECARUM
2676 2864 2998 2903 ιιττειωιωι
3030 2863 3259 2903 ιεετοιιε
3285 2863 3518 2902 Ρυιςιιεο.

480 1276 3699 1320 W

1404 2980 1700 3050 (Bononiae,
1732 2979 1871 3051 typis
1906 2976 2046 3032 Lrelii
2069 2994 2097 3032 a
2126 2977 2313 3049 Vulpe.
2342 2980 2497 3044 I769,
2525 2981 2681 3036 in-I'ol
2708 2981 2726 3053 )

1089 3305 1266 3416 DE
1329 3306 1886 3421 DIDYMO
1944 3304 3058 3421 COMMENTARIUS

483 3520 576 3584 Ad
599 3521 1045 3603 nobilissimum
1073 3524 1389 3603 prwsulem
1413 3527 1487 3585 D.
1522 3527 1917 3587 Franciscnm
1956 3526 2249 3602 Cara/am
2291 3525 2814 3585 Minturnensium
2843 3524 3013 3585 ducis
3038 3524 3253 3602 ﬁlium,
3290 3524 3682 3583 Patrensmm

556 3602 1100 3682 archiepiscopum,
1127 3602 1467 3681 apostolica
1494 3603 1795 3682 legatione
1848 3604 2115 3665 Venetiis
2155 3605 2434 3681 functum
2455 3652 2469 3678 ,
2503 3615 2559 3664 et
2586 3622 2775 3663 saera:
2803 3603 3297 3681 congregationis
3329 3603 3678 3681 Episcopo-

550 3697 690 3741 rum
708 3700 778 3742 ac
808 3680 1206 3760 Reg’ularium
1230 3684 1493 3761 negotiis
1520 3680 1865 3761 praeposita:
1893 3702 1931 3740 a
1966 3680 2233 3742 secretis.

1624 3991 1978 4077 LIBER
2050 3991 2533 4079 PRIMUS.

1123 4196 1203 4239 DE
1230 4196 1510 4241 AUCTORE
1528 4197 1743 4254 TRIUM,
1767 4197 1927 4251 QUOS
1946 4198 2112 4243 NUNC
2145 4198 2391 4255 EDIMUS,
2429 4199 2745 4245 LIBRORUM
2772 4201 3031 4247 DIDYMO.

542 4504 856 4581 [I-X']Cum
880 4511 1278 4559 veteresomnes
1291 4504 1679 4561 Passioneiante
1692 4504 2027 4561 bibliothecze
2058 4513 2101 4571 Β
2130 4523 2250 4562 men
2302 4509 2461 4562 hosce
2514 4507 2697 4571 libros,
2730 4508 2831 4563 etsi
2871 4508 3021 4563 initio
3055 4512 3291 4578 mutilos,
3321 4513 3453 4568 mihi
3510 4524 3668 4584 pots-

471 4594 1563 4666 rhémbranas,librosvecalamoexaratos
1587 4595 1908 4651 seuGraacos
1935 4613 2027 4650 seu
2127 4599 2320 4652 simum
2378 4598 2695 4652 excolendos
2752 4613 2873 4653 esse
2927 4600 3051 4654 duxi
3103 4619 3115 4654 :
3162 4602 3354 4670 cupido
3410 4604 3559 4657 enim
3596 4620 3667 4659 me

473 4692 696 4746 Latinos
725 4688 1029 4742 humaniter
1079 4688 1207 4741 mihi
1258 4704 1285 4741 a
1327 4689 1736 4757 praeclarissimo
1769 4689 2024 4742 cardinali
2126 4688 2303 4741 statim
2341 4688 2561 4741 incessit
2595 4688 2733 4752 illos,
2778 4688 2883 4744 Deo
2910 4689 3034 4758 Opt.
3066 4690 3207 4748 Max.
3232 4707 3386 4759 opem
3446 4694 3663 4758 ferente,

470 4780 745 4837 Dominico
786 4778 1095 4833 Passioneio
1145 4780 1369 4833 traditos
1392 4818 1408 4843 ,
1450 4780 1556 4833 imo
1588 4781 1800 4833 domum
1840 4780 1905 4833 ad
1938 4794 2021 4833 me
2126 4778 2412 4846 aliquando
2433 4778 2737 4847 evulgandi.
2769 4778 2870 4833 Sed
2904 4782 3087 4848 quanti
3118 4782 3169 4835 id
3206 4782 3408 4836 laboris
3434 4782 3663 4839 futurum

469 4873 725 4945 paulatim
778 4872 999 4935 missos,
1046 4885 1188 4926 anno
1243 4871 1399 4937 i768,
1430 4882 1679 4926 accurate
1726 4872 2023 4926 recensuis-
2125 4879 2288 4932 esset,
2315 4868 2425 4937 jam
2458 4879 2567 4922 tum
2601 4872 2778 4922 animo
2804 4871 3214 4939 prospiciebam.
3259 4872 3393 4926 Nam
3426 4874 3661 4928 Graecum

468 4979 603 5028 sem,
631 4978 694 5016 ac
721 4963 1086 5016 recensionem
1115 4960 1281 5029 ipsam
1312 5000 1328 5026 ,
1377 4963 1712 5030 iudicemque
1740 4977 1769 5014 a
1805 4975 1888 5014 me
1913 4961 2021 5013 ela-
2126 4962 2269 5015 aliud
2303 4977 2437 5031 opus
2470 4972 2749 5032 postquam
2785 4963 3210 5031 descripsissem,
3259 4966 3399 5034 quod
3434 4968 3662 5020 mutilum

468 5058 714 5109 boratum
747 5054 1069 5118 evolverem,
1107 5054 1256 5123 plura
1306 5054 1517 5121 quidem
1566 5054 1617 5106 in
1683 5054 1748 5107 iis
1799 5052 2018 5119 reperiri
2129 5061 2183 5105 et
2218 5053 2387 5121 ipsum
2417 5054 2565 5106 initio
2608 5062 2712 5118 est,
2763 5053 3063 5123 evulgatum
3096 5064 3281 5123 postea
3320 5054 3488 5110 fuisse
3533 5072 3662 5109 com-

468 5144 587 5199 Iuce
620 5145 776 5213 digna
804 5145 1055 5212 opuscula
1080 5144 1430 5213 deprehendi,
1460 5143 1665 5196 nullum
1704 5152 1879 5195 tamen
1919 5142 2019 5193 tri-
2126 5142 2262 5209 peri.
2322 5140 2748 5210 Investigandum
2810 5145 2971 5215 igitur
3018 5154 3134 5197 erat
3199 5146 3455 5213 primum.
3506 5163 3574 5201 an
3623 5147 3659 5197 hi

469 5236 569 5290 bus
609 5235 683 5288 De
712 5234 967 5289 Trinitate
990 5236 1160 5299 libris,
1193 5248 1327 5304 quos
1356 5251 1495 5288 nunc
1522 5236 1640 5298 edo,
1690 5244 2018 5299 anteponen-
2127 5232 2256 5286 editi
2289 5249 2516 5302 unquam
2552 5234 2759 5299 forent,
2822 5251 2888 5290 ne
2937 5236 3013 5289 bis
3047 5240 3113 5289 ad
3148 5239 3381 5291 eumdem
3414 5240 3660 5308 lapidem,

469 5328 593 5382 dum
630 5326 953 5381 existimavi.
991 5327 1171 5396 Itaque
1202 5340 1321 5380 cum
1354 5325 1565 5379 illorum
1608 5322 1886 5385 nonnulla,
1922 5324 2019 5375 do-
2127 5326 2266 5393 quod
2292 5326 2454 5379 veteri
2490 5327 2773 5394 proverbio
2801 5328 3163 5397 prohibemur,
3194 5329 3540 5384 oﬂ‘euderem.
3574 5332 3661 5384 Ελο

470 5418 595 5474 mini
647 5432 753 5473 non
802 5417 1063 5487 permissu
1118 5417 1296 5480 modo,
1353 5415 1447 5470 sed
1490 5429 1624 5481 pene
1671 5414 1830 5467 etiam
1865 5412 2017 5479 jussu
2125 5413 2286 5466 scribi
2320 5414 2508 5468 deinde
2540 5414 2655 5469 illos
2682 5431 2709 5468 ει
2744 5432 2828 5469 me
2855 5417 2967 5486 ipso
2999 5419 3300 5486 oportebat,
3335 5421 3476 5487 quod
3503 5422 3659 5473 nullus

469 5519 561 5564 aut
608 5522 769 5563 manu
826 5523 940 5563 mea
1004 5506 1402 5577 exscripserim,
1457 5520 1576 5573 quae
1614 5502 1799 5557 Graeca
1841 5511 2015 5567 erant,
2126 5503 2258 5556 mihi
2296 5503 2515 5559 idoneus
2552 5515 2743 5573 praesto
2788 5520 2930 5563 esset
2964 5510 3334 5575 amanuensis;
3376 5509 3564 5566 Latine
3599 5513 3657 5563 in-

467 5608 561 5655 aut
589 5598 933 5655 exscribenda
969 5598 1292 5661 curaverim,
1347 5610 1465 5665 quae
1493 5593 1728 5649 Latina:
1776 5605 1882 5650 tres
1939 5602 2018 5648 ta-
2124 5606 2284 5661 super
2316 5596 2575 5665 vertendi,
2631 5613 2694 5654 ac
2752 5610 3005 5667 praetcrea
3061 5602 3497 5657 adnotationibus
3556 5602 3653 5657 illu-

538 5709 556 5727 ‘
578 5708 677 5766 His
704 5709 944 5766 numeris
974 5713 1427 5779 repraesentantur
1456 5706 1665 5774 paginae
1702 5706 1953 5763 editionis
1985 5702 2302 5773 Mingarelli.
