3796 6338
195 289 270 344 ιιι
1301 283 1714 341 (ΖΟΧΙΜΕΝΤᾹΕ

1823 285 1872 342 3.
1912 318 1979 329 --
2016 286 2146 343 LIB.
2189 286 2227 340 Ι.

3290 285 3392 340 142

188 407 362 463 strandi
387 414 549 457 erant.
581 403 780 458 Verum
809 403 936 456 illud
973 418 1081 473 prin
1116 404 1371 460 omnibus
1419 405 1712 460 sollicitum
1744 414 1789 467 Α
1819 416 1873 461 et
1901 406 1954 461 in
1984 406 2166 461 multis
2192 415 2461 460 sectator:
2495 414 2721 476 uterque
2767 414 2913 461 certa
2945 405 3236 473 Scriptnrae
3275 406 3390 459 loca

190 514 261 553 me
286 497 499 560 tenebat,
531 498 671 563 quod
695 496 981 563 cujusuam
1053 496 1289 549 auctoris
1320 506 1501 550 essent
1521 536 1537 559 ,
1568 498 1718 568 igno-

193 592 369 641 ubam.
420 587 635 653 Pigebat
685 590 829 640 enim
888 589 1003 641 sine
1041 587 1281 641 auctoris
1326 587 1544 643 nomine
1571 587 1719 643 evul-

188 694 327 748 gare,
372 680 457 731 sed
505 678 716 745 pigebat
765 678 935 733 multo
983 680 1155 748 magis
1210 678 1330 748 ejus
1360 680 1595 733 auctoris
1624 695 1719 735 uo-

186 786 286 824 men
344 771 655 836 inscribere,
710 785 739 823 a
778 786 884 840 quo
909 771 1141 840 scriptos
1172 786 1292 825 esse
1345 780 1550 825 certum
1589 772 1719 826 mihi

185 858 713 923 ηεωυιηνίόετειιιτς
760 862 862 914 etsi
916 862 1057 914 enim
1113 860 1293 914 multis
1341 861 1564 913 durerer
1592 876 1720 913 con-

179 953 388 1022 iecturis,
422 961 478 1005 ut
507 952 626 1006 illos
656 952 785 1007 huic
811 952 1010 1022 potius,
1042 966 1201 1021 quam
1232 951 1386 1004 alteri
1426 951 1716 1004 tribuerem

182 1054 355 1099 auctori
385 1082 400 1107 ,
456 1044 606 1098 hisce
655 1055 836 1097 tamen
892 1043 1221 1112 conjecturis
1253 1042 1413 1096 nimis
1452 1042 1718 1096 lidendum

182 1153 263 1189 non
311 1135 624 1199 arbitrabar,
661 1136 804 1204 quod
855 1145 909 1190 et
969 1135 1225 1190 nonnulla
1287 1135 1529 1204 opinioni
1588 1150 1720 1190 mete

180 1227 528 1296 aliquantulum
586 1227 805 1281 ollicere
867 1237 991 1283 tunc
1054 1227 1385 1292 viderentur,
1419 1237 1471 1281 et
1512 1227 1717 1281 nullum

177 1332 267 1375 toto
288 1323 333 1375 in
357 1338 515 1389 opere
549 1322 724 1375 locum
752 1323 995 1377 invenire
1021 1338 1230 1392 possem
1260 1365 1275 1390 ,
1333 1322 1424 1392 qui
1454 1322 1715 1376 invictum

176 1416 282 1468 mihi
336 1414 480 1467 solus
514 1425 894 1480 argumentum
943 1415 1008 1469 ad
1038 1416 1394 1485 detegendum
1443 1414 1720 1482 scriptoris

174 1523 336 1560 nomen
390 1507 761 1576 suppeditaret
814 1526 826 1561 :
885 1507 927 1560 si
978 1508 1107 1577 quid
1160 1510 1303 1561 enim
1362 1508 1721 1570 occurrebat,

173 1599 290 1666 quod
333 1598 634 1667 hujusmodi
673 1599 965 1664 videretur,
1004 1599 1054 1651 id
1101 1614 1158 1652 re
1208 1597 1474 1651 maturius
1513 1598 1722 1651 examio

174 1699 278 1742 nata
314 1689 704 1756 probabilitatis
738 1691 872 1744 lines
915 1705 1016 1743 non
1058 1688 1318 1743 excedere
1354 1689 1713 1756 deprehende-

1820 498 2007 553 eodem
2036 498 2192 554 modo
2230 496 2397 567 legit;
2462 506 2691 566 uterque
2750 497 2964 552 eosdem
2997 496 3289 565 Scriptura:
3319 496 3389 549 li—

1819 589 1969 655 hros,
2016 588 2083 643 de
2121 604 2347 658 quorum
2382 586 2507 641 olim
2547 590 2871 643 auctoritate
2898 604 2926 641 a
2959 588 3140 643 multis
3174 588 3390 643 dubita—

1820 680 2010 746 batur,
2043 687 2098 732 ut
2120 680 2409 735 canonicos
2431 679 2655 746 habuit;
2686 682 2883 734 eaedem
2912 680 3194 749 utriusque
3223 679 3391 733 omis-

1822 771 2023 832 siones,
2057 771 2259 824 e:edem
2297 770 2696 841 Scripturarum
2735 773 3226 842 interpretationes,
3288 785 3394 825 eae-

1822 862 1943 915 dem
1978 861 2337 931 frigiditates‘,
2368 863 2506 917 idem
2535 863 2727 936 stylus,
2761 864 2947 919 eadem
2976 862 3390 934 argumentandi

1823 954 2130 1019 methodus,
2185 954 2367 1006 eadem
2397 954 2704 1008 dubitanter
2728 954 2977 1024 loquendi
3010 954 3169 1020 ratio,
3203 956 3389 1007 eadem

1824 1044 1891 1097 ab
1921 1034 2147 1114 utroque
2170 1046 2415 1116 dogmata
2446 1047 2729 1107 inculcata,
2758 1049 2958 1101 eaedem
2992 1046 3272 1116 utriusque
3290 1061 3394 1099 sa:-

1824 1134 1941 1202 pius
1974 1133 2237 1202 formulae,
2271 1135 2471 1190 eaedem
2506 1138 2903 1208 Scripturarum
2943 1145 3183 1208 textuum
3219 1147 3392 1191 muta-

1825 1227 2019 1289 tiones,
2045 1226 2232 1281 eadem
2269 1226 2581 1295 Scripturas
2619 1228 2816 1281 citandi
2860 1227 3020 1294 ratio,
3060 1207 3219 1281 iidem
3273 1242 3392 1280 mo-

1823 1335 1951 1383 res,
1994 1321 2192 1375 eaedem
2247 1320 2571 1390 opiniones,
2623 1322 2821 1374 eaedem
2879 1334 3065 1389 parum
3126 1330 3395 1375 accuratae

1824 1415 2157 1471 locutiones:
2213 1414 2623 1469 innumerabilia
2680 1416 2893 1469 demum
2964 1415 3016 1468 in
3070 1416 3171 1469 hoc
3229 1431 3395 1486 opere

1824 1515 1968 1568 sunt,
2004 1518 2122 1573 qua:
2152 1505 2252 1558 etsi
2293 1504 2412 1559 aliis
2439 1507 2726 1579 convenire
2761 1515 2999 1576 queant,
3054 1506 3279 1579 Didyme
3311 1518 3394 1562 ta-

1825 1604 1943 1642 men
1977 1591 2313 1658 potissimum
2336 1606 2696 1649 consentanea
2730 1602 2891 1659 sunt;
2950 1596 3083 1649 nihil
3120 1608 3304 1652 contra
3338 1600 3390 1653 in

1827 1690 1939 1734 telo
1970 1695 2130 1749 opere
2162 1682 2378 1751 legitur,
2402 1686 2545 1751 quod
2583 1686 2649 1740 ab
2677 1702 2742 1741 eo
2797 1687 3073 1740 diasOuum
3107 1688 3197 1742 sit.
3250 1689 3391 1757 Quid

170 1780 289 1834 bam.
337 1780 529 1834 Fateor
562 1782 742 1849 itaque
792 1781 973 1834 tandiu
1025 1796 1109 1835 me
1153 1783 1219 1835 de
1268 1781 1448 1849 operis
1493 1791 1713 1835 auctore
1750 1774 1792 1827 B
1821 1786 1950 1842 ergo
1993 1782 2276 1840 superest.
2329 1774 2430 1828 ηίδί
2460 1786 2515 1828 Ill
2549 1774 2830 1845 Didymum
2868 1776 3027 1841 huius
3074 1779 3254 1847 operis
3292 1795 3391 1833 au-

172 1868 436 1934 dubitasse,
486 1869 724 1937 quandiu
789 1870 1018 1931 scholia,
1073 1869 1185 1922 sive
1235 1870 1610 1923 aduotationes
1658 1870 1709 1923 in

168 1970 310 2014 totum
342 1977 474 2030 opus
522 1977 631 2015 non
663 1961 888 2015 absolvi.
943 1960 1037 2014 llis
1067 1974 1195 2013 vero
1250 1960 1313 2013 ad
1349 1960 1553 2013 exitum
1592 1974 1713 2029 per-

170 2052 337 2115 duetis,
392 2068 455 2106 ac
502 2052 729 2123 singulis
760 2052 997 2105 auctoris
1031 2050 1208 2104 verbis
1266 2051 1550 2119 diligenter
1584 2067 1710 2119 per-

162 2145 338 2211 pensis,
386 2145 436 2198 in
467 2160 530 2198 ea
558 2146 773 2199 tandem
797 2143 1062 2198 sententia
1089 2142 1533 2211 acquiesccndum
1564 2143 1710 2208 duxi,

166 2248 214 2289 ut
236 2240 495 2307 genuinus
527 2238 710 2307 operis
753 2246 947 2290 auctor
985 2236 1053 2289 sit
1084 2234 1340 2303 Didymus
1387 2234 1709 2289 Alexandri-

170 2343 274 2381 nus.
300 2329 733 2398 Argumentum,
771 2340 877 2394 quo
909 2325 1144 2389 iuuitor,
1186 2321 1457 2390 multiplex
1495 2321 1708 2390 quidem

160 2420 364 2482 vitetur,
412 2418 505 2471 sed
550 2418 728 2488 reipsa
780 2418 994 2471 unicum
1048 2426 1131 2469 est
1165 2432 1177 2468 :
1211 2423 1525 2481 tantamque
1570 2412 1697 2465 mihi

158 2512 251 2563 vim
281 2510 471 2563 habere
506 2509 680 2562 visum
723 2506 868 2570 fuit,
901 2516 959 2559 ut
988 2514 1100 2558 tuto
1124 2503 1233 2571 jam
1264 2501 1474 2572 Didymi
1515 2514 1708 2554 nomen

157 2603 206 2657 in
246 2604 412 2672 operis
456 2600 635 2655 fronte
688 2598 990 2651 inscribere
1042 2610 1125 2649 me
1174 2609 1330 2662 posse
1382 2594 1706 2646 Statuerim:

156 2670 471 2746 illndﬁtamen
502 2690 796 2759 proﬁteor,
827 2670 963 2750 huic
984 2702 1067 2739 me
1100 2686 1380 2739 sententias
1410 2693 1536 2739 tunc
1563 2684 1704 2738 dun-

156 2793 289 2837 taxat
336 2783 567 2836 ﬁrmiter
618 2782 982 2842 adhaasurum,
1034 2792 1152 2831 cum
1188 2790 1248 2829 ea
1291 2776 1463 2829 doctis
1494 2775 1710 2843 sapieno

156 2876 386 2945 tibusque
420 2876 593 2941 viris,
635 2874 831 2944 quibus
861 2870 1049 2937 Italia,
1094 2880 1147 2924 et
1196 2868 1399 2938 reliqua
1445 2870 1711 2924 redundat

154 2964 372 3037 Europa,
420 2968 761 3038 probabitur,
795 2979 1023 3034 quorum
1060 2971 1114 3017 et
1165 2962 1489 3026 doctrinam,
1517 2970 1571 3015 et
1625 2961 1709 3013 in-

153 3064 347 3130 genium
401 3072 748 3127 summopere
796 3057 983 3120 miror,
1031 3069 1275 3123 quosque
1328 3064 1385 3106 ut
1423 3052 1709 3121 magistros

150 3156 388 3225 suspicio.
422 3156 814 3225 Argumentum
852 3148 1190 3221 porro,quod
1212 3147 1319 3199 dixi
1343 3187 1357 3211 ,
1385 3145 1556 3199 fusius
1588 3160 1707 3197 mox

150 3247 197 3301 in
226 3248 319 3303 hoc
355 3248 491 3301 libro
547 3260 875 3315 persequar;
927 3240 1176 3311 quamvis
1222 3239 1365 3292 enim
1406 3252 1568 3290 unum
1605 3237 1708 3304 sit,

147 3349 247 3394 tam
279 3340 439 3395 multa
493 3348 617 3392 sunt
656 3347 858 3400 tamen,
907 3351 970 3389 ex
1005 3334 1198 3403 quibus
1220 3330 1384 3385 veluti
1419 3320 1706 3393 coalescit,

146 3445 201 3490 ut
258 3435 548 3504 longiorem
599 3430 868 3486 desideret
922 3427 1244 3483 orationem.
1284 3423 1551 3479 Cmterum
1600 3423 1706 3475 huc

150 3538 307 3582 totum
343 3526 620 3595 redigitur,
675 3531 733 3575 ut
766 3520 881 3575 lieri
911 3518 1132 3574 omnino
1159 3532 1260 3569 non
1295 3515 1496 3581 possit,
1534 3522 1592 3566 ut
1625 3512 1712 3565 Di-

146 3624 328 3690 dymus
359 3619 445 3673 ille
472 3634 577 3671 non
609 3616 703 3680 sit,
753 3615 834 3668 cui
888 3611 1070 3666 omnia
1114 3624 1234 3663 cum
1282 3607 1509 3677 Didyme
1559 3605 1708 3674 paria

145 3716 261 3767 sint.
330 3710 551 3765 Librum
603 3707 678 3760 De
726 3704 928 3773 Spiritu
980 3709 1163 3755 sancto
1208 3700 1376 3754 edidit
1424 3696 1709 3768 Didymus,

145 3807 301 3860 edidit
327 3815 377 3859 et
418 3804 521 3857 iste
568 3808 801 3854 auctor:
842 3799 948 3849 imo
1006 3793 1200 3863 saapius
1232 3792 1282 3845 in
1314 3791 1398 3844 his
1438 3788 1589 3841 libris
1640 3787 1711 3840 ita

146 3900 394 3968 loquitur,
439 3905 499 3948 ut
531 3909 595 3947 ea
642 3889 889 3961 supplere
930 3887 1195 3949 videatur,
1242 3898 1360 3952 quae
1410 3881 1481 3935 ibi
1537 3881 1712 3933 minus

146 3989 251 4045 fuse
277 3995 595 4059 persecutus
628 3992 731 4037 est.
769 3978 978 4034 δεηουιο
1011 3986 1204 4045 quarto
1244 3984 1470 4042 uterque
1496 3971 1709 4033 ﬂoruit;

146 4094 363 4151 uterque
435 4076 840 4131 Alexandrinus
897 4072 1036 4136 fuit;
1098 4080 1324 4137 uterque
1375 4064 1711 4129 catechista;

147 4186 360 4243 uterque
393 4172 532 4225 filios
557 4168 774 4239 genuit;
807 4174 1033 4231 uterque
1080 4170 1186 4213 tres
1231 4158 1302 4211 De
1353 4157 1607 4210 Trinitate
1645 4152 1710 4206 li-

145 4267 259 4320 bros
290 4262 542 4332 scripsit;
578 4269 802 4325 uterque
831 4256 881 4307 in
919 4250 1184 4305 Trinitate
1229 4247 1530 4302 catholicus
1572 4244 1710 4310 fuit;

146 4370 360 4427 uterque
430 4364 653 4408 strenue
722 4357 909 4402 contra
962 4344 1193 4397 Arianos
1247 4355 1309 4393 ac
1372 4336 1712 4393 Macedonia-

147 4467 233 4505 nos
281 4462 498 4516 semper
550 4439 845 4498 decertavit
875 4455 889 4490 :
922 4446 1146 4504 uterque
1218 4432 1430 4501 λόγους,
1496 4444 1588 4484 seu
1646 4427 1714 4482 li—
1750 4460 1793 4515 υ

146 4544 261 4598 bros
317 4549 507 4593 contra
564 4535 791 4587 Arianos
833 4528 1034 4593 edidit;
1069 4534 1258 4580 neuter
1298 4524 1430 4578 satis
1461 4530 1616 4575 caute
1652 4520 1717 4573 de

149 4636 304 4701 gratia
365 4629 634 4698 loquitur;
688 4634 915 4688 uterque
966 4620 1019 4672 in
1051 4617 1224 4685 poetis
1251 4624 1531 4678 versatus;
1565 4622 1714 4665 uter-

149 4741 241 4793 que
301 4725 468 4778 Deum
540 4726 697 4771 vocat
741 4710 1023 4782 ἀμεγέθη,
1057 4707 1108 4760 id
1162 4716 1241 4761 est
1304 4702 1722 4771 magnitudinis,

152 4830 326 4885 nempe
411 4808 532 4883 [Kl]
599 4807 917 4876 quantitatis
986 4807 1262 4869 expertem
1326 4806 1610 4861 :uterque
1660 4793 1727 4845 de

152 4907 326 4975 impari
382 4913 613 4956 numero
667 4894 886 4963 scripsit
938 4909 952 4944 :
1009 4901 1302 4956 utrumque
1358 4886 1551 4938 imitati
1602 4891 1726 4938 sunt

149 4998 456 5051 Ambrosius
485 5008 549 5045 ac
574 4988 964 5056 Hieronymus;
994 4994 1220 5048 uterque
1250 4982 1313 5032 de
1347 4976 1723 5031 haereticorum

150 5093 295 5144 sectis
349 5085 642 5155 Scripsisse
697 5080 943 5142 videtur;
1004 5083 1229 5141 uterque
1273 5069 1339 5123 de
1386 5084 1444 5122 se
1492 5068 1724 5120 demisse

150 5184 334 5247 sentit;
366 5191 600 5246 uterque
653 5173 913 5227 memoria
952 5165 1208 5236 singulari
1258 5163 1517 5233 praeditus
1578 5159 1720 5224 fuit;

152 5278 321 5327 eadem
351 5283 535 5325 tamen
570 5266 852 5332 utriusque
897 5258 1186 5328 σφάλματα
1224 5251 1533 5325 μνημονικά
1555 5291 1569 5316 ,
1606 5250 1725 5304 sive

162 5368 305 5420 iidem
368 5366 558 5434 lapsus
610 5358 889 5413 memoria:
935 5355 1064 5406 vitio
1114 5368 1127 5404 :
1186 5360 1412 5417 uterque
1470 5342 1725 5399 nonnulla

153 5461 268 5511 citat
324 5454 640 5526 apocrypha
668 5468 683 5517 ;
710 5449 926 5503 eosdem
978 5454 1207 5512 uterque
1234 5439 1517 5494 litereticos
1550 5437 1725 5490 obiter

153 5550 417 5612 euulutat;
452 5545 707 5614 Or-igenis
751 5551 978 5609 uterque
1028 5536 1323 5596 studiosus,
1378 5542 1431 5585 et
1484 5530 1725 5583 imitator

219 5669 235 5697 ⁸
275 5666 460 5719 ιτιω.
492 5680 547 5730 v,
570 5661 627 5717 6.

1816 1873 2020 1917 ctorem
2057 1879 2176 1918 esse
2214 1880 2310 1934 pro
2340 1875 2491 1920 certo
2529 1867 2847 1921 habeamus?
2872 1868 3089 1923 Possem
3120 1870 3207 1925 hic
3231 1873 3389 1941 equi-

1816 1955 1935 2010 dem
1967 1954 2129 2010 linem
2170 1954 2421 2024 loquendi
2470 1957 2686 2023 facere;
2728 1957 2918 2013 horum
2955 1960 3096 2012 enim
3133 1961 3391 2031 pleraque

1816 2044 1869 2100 in
1904 2046 2342 2102 adnotationibus
2376 2048 2583 2102 ostendi
2617 2066 2631 2102 :
2665 2042 2849 2103 verum
2888 2064 3008 2103 cum
3046 2050 3227 2120 plures
3259 2054 3388 2118 sint,

1816 2136 1908 2207 qui
1962 2137 2334 2193 adnotatioues
2386 2137 2567 2206 legere
2609 2139 2912 2209 negligunt,
2958 2157 3190 2213 cumque
3238 2143 3393 2198 labor

1815 2235 2000 2291 lectori
2061 2235 2382 2289 minuendus
2436 2236 2524 2300 sit,
2557 2235 2669 2289 hmc
2700 2237 2811 2304 ipsa
2854 2237 3018 2291 veluti
3053 2240 3276 2295 totidem
3327 2241 3392 2294 li-

1816 2336 2099 2381 neamenta
2145 2342 2210 2381 ac
2265 2336 2420 2380 notas
2457 2326 2617 2380 simul
2677 2326 2968 2396 colligens,
3015 2330 3095 2383 sic
3144 2346 3205 2384 ea
3266 2346 3390 2399 per-

1812 2434 2032 2488 sequar,
2066 2432 2134 2472 ne
2162 2418 2319 2473 nimis
2351 2419 2539 2487 longus
2580 2417 2703 2483 sim,
2740 2427 2798 2470 ut
2837 2433 2936 2472 nec
2974 2420 3153 2473 omnia
3198 2436 3389 2475 recen-

1814 2523 1984 2575 seam,
2024 2517 2078 2562 et
2105 2508 2358 2562 lectorem
2395 2507 2683 2561 identidem
2715 2508 2780 2560 ad
2814 2520 2968 2563 notas
3017 2511 3163 2580 ipsas
3200 2526 3389 2564 aman-

1816 2600 1955 2655 dem.
1994 2599 2195 2667 lucipio
2226 2608 2405 2653 autem
2438 2601 2505 2652 ab
2531 2614 2596 2659 eo
2635 2599 2774 2665 loco,
2802 2615 2908 2669 quo
2936 2602 3169 2671 primum
3201 2612 3379 2657 motus

1815 2708 1958 2760 sum,
2000 2700 2060 2746 ut
2096 2691 2325 2761 Didymo
2370 2707 2505 2761 opus
2558 2694 2659 2748 hoc
2714 2694 3025 2759 tribuerem,
3066 2695 3165 2749 etsi
3206 2706 3387 2764 postea

1813 2782 2168 2850 compereriin
2234 2782 2493 2837 rationem
2554 2782 2678 2837 inde
2716 2783 2928 2839 ductam
2974 2800 3080 2840 non
3132 2799 3255 2842 esse
3307 2786 3392 2842 in-

1813 2874 2033 2927 victam.

1813 2967 1940 3022 CAP.
1971 2967 2011 3022 Ι.
2058 2965 2344 3036 Theologus
2381 2976 2565 3036 noster
2610 2968 2683 3020 bis
2722 2970 2846 3021 citat
2885 2969 3076 3023 librant
3108 2989 3262 3027 suum
3315 2972 3392 3029 De

2372 3035 2574 3103 Spiritu
2609 3048 2817 3092 sancto.

1743 3116 1789 3178 C
1893 3129 2061 3183 Suum
2099 3143 2227 3198 ergo
2260 3127 2453 3181 librum
2490 3129 2562 3182 De
2598 3127 2797 3198 Spiritu
2819 3142 2998 3184 sancto
3030 3132 3110 3186 bis
3132 3133 3263 3188 citat
3292 3150 3390 3188 au-

1816 3232 1934 3280 ctor
1962 3228 2145 3276 noster
2172 3220 2430 3289 :primum
2454 3220 2662 3275 scilicet
2681 3222 2875 3293 pagina
2903 3223 3056 3291 574',
3093 3226 3179 3280 ubi
3211 3229 3289 3280 sic
3319 3228 3394 3283 lo-

1816 3317 2037 3388 quitur:
2074 3334 2091 3366 σ
2129 3314 2337 3369 Anima:
2374 3324 2427 3369 et
2457 3317 2630 3387 angeli
2666 3330 2857 3376 sunt...
2895 3321 3174 3388 mortales,
3202 3331 3391 3393 quate-

1816 3423 1920 3463 nus
1956 3417 2131 3461 mente
2170 3405 2460 3475 aliquando
2494 3422 2912 3481 corrumpuntur
2964 3431 2977 3467 :
3016 3428 3139 3469 nam
3174 3430 3239 3469 ex
3275 3430 3393 3469 mu-

1818 3504 2023 3558 talione
2058 3510 2141 3554 est
2183 3501 2398 3569 quando
2440 3500 2697 3556 labuntur
2740 3505 2791 3557 in
2842 3516 3142 3574 peccatum,
3191 3521 3257 3560 ex
3283 3521 3391 3575 quo

1818 3593 2126 3663 supervenit
2170 3605 2336 3644 mors.
2376 3589 2537 3645 Juxta
2570 3607 2725 3660 quem
2765 3596 2980 3648 modum
3012 3595 3209 3649 Paulus
3251 3597 3391 3651 scri-

1817 3686 1896 3740 bit
1943 3702 1957 3737 :
2002 3684 2065 3736 Et
2110 3684 2163 3737 in
2213 3682 2414 3735 deliciis
2446 3684 2617 3737 vivens
2648 3685 2823 3749 vidua,
2851 3696 3060 3740 mortua
3092 3687 3202 3740 est‘
3242 3703 3257 3742 :
3291 3687 3390 3741 etsi

1818 3793 1881 3831 ea
1910 3779 2143 3831 nondum
2180 3792 2245 3830 ex
2283 3776 2385 3829 hac
2420 3777 2529 3830 vita
2552 3778 2883 3847 migraverit,
2910 3779 3051 3832 sicut
3088 3778 3198 3844 jam
3226 3780 3394 3847 expli-

1818 3883 1995 3926 catum
2054 3882 2137 3927 est
2183 3874 2235 3926 in
2268 3872 2410 3942 λόγῳ
2450 3871 2525 3940 (id
2557 3880 2660 3937 est,
2695 3871 2850 3934 lihro,
2887 3878 2978 3923 aut
3013 3870 3285 3940 sermone)
3319 3869 3394 3923 De

1819 3962 2023 4033 Spiritu
2051 3972 2300 4019 sancto...
2328 3984 2348 4016 ι
2390 3961 2591 4019 Deinde
2622 3963 2813 4032 pagina
2852 3961 2974 4028 425,
3006 3963 3092 4017 tibi
3122 3962 3233 4017 haec
3257 3961 3389 4032 legi-

1819 4073 1940 4111 mus
1973 4076 1986 4111 :
2019 4074 2080 4110 ac
2108 4058 2319 4123 insuper
2345 4057 2462 4111 aliis
2495 4057 2653 4110 etiam
2695 4054 2922 4108 oraculis
2954 4070 3068 4125 quae
3098 4054 3397 4123 a/Ieruntur

1817 4148 1870 4201 in
1906 4147 2047 4217 λόγῳ
2091 4148 2165 4201 De
2206 4146 2411 4216 Spiritu
2457 4156 2661 4210 sancto,
2696 4154 2805 4201 etc.
2839 4146 2968 4212 Qua:
3022 4155 3200 4200 autem
3240 4147 3393 4207 citat,

1819 4249 2032 4293 exstant
2072 4242 2122 4292 in
2171 4239 2379 4310 Didymi
2436 4239 2574 4292 libro
2614 4237 2692 4291 De
2744 4236 2947 4306 Spiritu
2989 4245 3192 4302 sancto,
3234 4250 3395 4304 quem

1819 4331 2180 4402 Hieronymus
2217 4331 2408 4385 Latine
2446 4332 2630 4396 vertit,
2666 4338 2725 4384 ut
2765 4329 2945 4383 monui
2980 4328 3033 4383 in
3064 4328 3206 4382 notis
3242 4330 3308 4380 ad
3333 4344 3395 4380 ea

1825 4425 1959 4478 loca.

1898 4516 2155 4573 Confecta
2194 4532 2322 4585 ergo
2364 4531 2450 4570 res
2475 4525 2577 4580 est,
2611 4513 2821 4580 inquies
2866 4529 2879 4563 :
2911 4527 3009 4566 nec
3046 4511 3400 4567 dubitandum

1819 4609 1955 4679 jam,
1994 4610 2121 4680 quin
2161 4619 2269 4663 tres
2298 4608 2351 4662 hi
2378 4607 2496 4661 libri
2525 4624 2555 4660 a
2596 4606 2820 4676 Didyme
2850 4604 3031 4657 dictati
3070 4606 3196 4658 sint.
3241 4601 3315 4657 Ita
3347 4614 3403 4656 et

1826 4716 1924 4770 ego
1951 4701 2101 4765 oliui,
2133 4700 2324 4763 fateor,
2351 4697 2752 4761 ratiocinabar;
2781 4697 2873 4749 sed
2909 4704 3191 4764 postquam
3215 4694 3399 4748 omnia

1828 4794 2092 4848 maturius
2120 4792 2371 4861 expendi,
2405 4798 2779 4860 argumentum
2819 4789 2920 4841 hoc
2959 4802 3063 4840 non
3114 4785 3403 4840 mediocri-

1826 4888 1929 4940 bus
1957 4885 2356 4940 dilIicultatibus
2377 4882 2665 4937 obnoxium
2696 4894 2818 4934 esse
2853 4878 3201 4947 deprehendi.
3232 4876 3404 4931 Nimi—

1827 4994 1945 5031 rum
1976 4980 2241 5031 secuudus
2278 4976 2414 5029 liber
2438 4974 2640 5043 operis,
2675 4971 2815 5040 quod
2840 4984 2980 5024 nunc
3013 4971 3135 5031 edo,
3172 4968 3249 5023 De
3277 4968 3403 5039 Spi-

1828 5068 1934 5119 ritu
1979 5077 2157 5117 sancio
2209 5073 2265 5118 et
2318 5067 2434 5132 ipse
2480 5061 2823 5117 inscribitur.
2860 5059 3042 5129 Itaque
3089 5060 3418 5135 existimare.

1826 5158 1947 5224 quis
1980 5163 2173 5224 potest,
2206 5154 2379 5225 primo
2427 5153 2644 5223 quidem
2693 5153 2745 5205 in
2803 5151 2919 5206 loco
2942 5192 2957 5219 ,
2991 5165 3186 5221 nempe
3212 5150 3406 5221 pagina

1826 5247 1950 5312 574,
1995 5245 2185 5312 respici
2231 5259 2402 5313 segm.
2427 5244 2492 5297 67
2531 5262 2544 5298 :
2581 5243 2634 5297 in
2671 5243 2842 5297 altero
2879 5254 3056 5296 autem
3090 5243 3284 5311 respici
3312 5257 3407 5296 ca-

1800 5336 1920 5411 'put
1946 5342 2011 5395 15
2036 5340 2258 5395 secundi
2295 5340 2438 5405 libri,
2476 5350 2568 5394 aut
2597 5340 2763 5407 aliud,
2791 5342 2837 5393 si
2859 5340 3000 5409 quod
3029 5350 3133 5405 est,
3165 5347 3327 5408 caput
3352 5337 3404 5390 iu

1825 5448 1933 5503 quo
1963 5442 2140 5487 textus
2171 5432 2361 5488 Biblici
2394 5448 2424 5486 a
2465 5432 2863 5488 Macedonianis
2901 5431 3406 5498 catholicaeEccle—

1826 5527 1919 5581 site
1950 5525 2143 5595 objecti
2176 5524 2489 5581 aderautur.
2544 5524 2657 5581 Huc
2701 5526 2910 5582 accedit
2952 5527 3093 5596 quod
3132 5523 3403 5581 secundus
3488 5546 3491 5549 δ

228 5761 497 5833 'Paginas
531 5728 777 5830 intellige
813 5753 1071 5813 editionis
1103 5746 1399 5820 Mingarelli
1428 5759 1569 5817 quas
1592 5743 1735 5814 typis
1767 5737 2153 5815 grandioribus
2179 5736 2236 5791 in
2266 5741 2413 5791 textu
2452 5728 2845 5802 expressimus.
