3744 6360
399 322 503 379 H3

399 443 539 498 liber
570 444 743 499 tribus
775 444 828 500 iu
862 445 1003 501 locis
1030 446 1252 501 mutilus
1283 454 1388 513 est,
1414 445 1665 499 nimirum
1695 458 1817 514 pag.
1844 442 1969 509 2:25,
2003 445 2048 500 Α

398 535 505 590 285
531 546 584 590 et
604 535 730 592 292.
760 536 957 605 Quidni
999 553 1128 609 ergo
1152 539 1271 608 quis
1298 546 1465 608 putet,
1498 552 1560 589 ea
1590 543 1864 590 auctorem
1896 534 1973 590 Io-

400 639 461 680 ca
519 628 787 697 respicere
834 627 1059 683 secundi
1118 628 1259 691 libri,
1305 642 1423 696 qua:
1470 627 1628 680 modo
1663 626 1975 680 desideran-

402 717 524 771 tur?

470 808 571 862 Diu
602 809 736 875 haec,
769 818 828 863 ut
874 825 1060 865 verum
1093 809 1285 873 fatear,
1314 810 1597 864 sollicitum
1646 822 1732 863 me
1768 809 1970 864 habue-

400 915 480 955 re.
512 899 710 955 Verum
750 900 803 953 in
849 915 966 955 eam
1000 903 1213 955 tandem
1252 900 1500 955 descendi
1538 899 1881 963 sententiam,
1916 908 1975 953 ut

398 1003 642 1061 putarem
672 992 827 1045 citari
859 992 1144 1062 utrobique
1178 1008 1281 1045 non
1310 990 1601 1044 secundum
1636 990 1792 1058 hujus
1840 1004 1971 1058 ope-

397 1086 476 1140 ris
507 1084 737 1146 librum;
776 1083 869 1139 sed
907 1083 1101 1138 librum
1133 1084 1205 1137 De
1236 1083 1437 1152 Spiritu
1468 1091 1648 1137 sancto
1674 1082 1745 1136 ab
1782 1082 1974 1136 llieroo

400 1191 563 1247 nymo
613 1174 804 1230 Latine
856 1190 1095 1230 versum.
1141 1173 1339 1230 Tribus
1374 1183 1551 1229 autem
1584 1174 1883 1230 rationibus
1918 1174 1972 1229 id

400 1266 681 1320 conﬁrmo.

468 1355 602 1410 Nam
627 1357 800 1425 primo
833 1356 1050 1410 dubiam
1078 1356 1231 1410 valde
1265 1366 1368 1420 est,
1402 1369 1468 1409 an
1500 1355 1722 1410 secundi
1752 1355 1873 1411 libri
1908 1357 1974 1410 ti-

398 1443 543 1498 tulus
572 1444 638 1496 ab
669 1452 888 1499 auctore
920 1445 1035 1514 ipso
1064 1445 1134 1500 sit
1160 1445 1469 1514 inscriptus,
1506 1459 1571 1499 an
1599 1460 1725 1501 vero
1753 1462 1782 1500 a
1807 1446 1971 1501 libra-

398 1535 514 1589 riis.
557 1534 817 1605 Equidem
857 1550 967 1589 non
1004 1550 1126 1589 eum
1157 1536 1316 1591 modo
1354 1535 1585 1600 titulum,
1628 1535 1719 1590 sed
1750 1548 1804 1590 et
1835 1537 1975 1592 indi-

397 1642 514 1683 cem
548 1628 803 1697 capitum,
846 1630 934 1697 qui
964 1630 1206 1697 proxime
1235 1637 1354 1697 post
1381 1628 1594 1683 titulum
1621 1630 1885 1699 sequitur,
1920 1641 1976 1686 et

396 1715 731 1785 singulorum
783 1718 1013 1785 capitum
1058 1726 1371 1788 argumenta
1415 1720 1482 1773 ab
1513 1719 1617 1782 his,
1648 1736 1752 1773 non
1778 1724 1847 1776 ab
1884 1723 1974 1778 illo

397 1793 578 1861 addita
616 1822 737 1863 esse
790 1809 1075 1873 existimo;
1115 1809 1348 1864 auctoris
1381 1824 1509 1864 vero
1559 1822 1792 1866 mentem
1834 1813 1973 1869 hanc
2004 1796 2048 1852 Β

397 1895 587 1959 fuisse.
629 1906 685 1950 ut
730 1907 840 1951 tres
885 1897 937 1951 hi
971 1899 1090 1953 libri
1125 1900 1226 1953 hoc
1255 1902 1339 1954 vel
1373 1901 1478 1955 alio
1506 1900 1648 1955 alliui
1696 1902 1855 1957 modo
1888 1902 1973 1956 in-

397 1989 767 2045 scriberentur
798 2007 811 2042 :
845 1992 983 2061 Περὶ
1014 1995 1322 2063 θεολογίας
1350 1993 1455 2063 (vel
1490 1996 1629 2062 Περὶ
1666 1994 1779 2063 τῆς
1813 1996 1973 2065 Τριά-

393 2088 522 2159 δος)
551 2086 750 2157 βιϐλίον
778 2087 846 2143 α’.
882 2089 1020 2157 Περὶ
1068 2088 1179 2157 τῆς
1217 2089 1455 2158 Τριάδος
1488 2090 1687 2161 βιϐλίον
1732 2091 1796 2161 β’.
1831 2092 1969 2160 Περὶ

396 2179 509 2248 τῆς
544 2180 783 2250 Τριάδος
811 2181 1010 2252 βιϐλίον
1038 2170 1112 2250 'y',
1141 2184 1191 2236 id
1223 2194 1326 2247 est,
1366 2181 1443 2235 De
1474 2181 1731 2236 Trinitate
1753 2183 1887 2237 liber
1915 2199 1930 2237 ι
1955 2200 1969 2250 ;

398 2271 539 2345 [XII]
571 2277 648 2326 De
677 2272 932 2327 Triuitate
985 2274 1120 2328 liber
1148 2291 1183 2327 ιι
1213 2291 1226 2339 ;
1269 2274 1347 2327 De
1377 2273 1632 2326 Trinitate
1666 2272 1801 2328 liber
1835 2290 1913 2329 ιιι.

471 2361 625 2430 Quod
658 2364 801 2417 enim
837 2373 1047 2433 spectat
1090 2365 1153 2418 ad
1191 2373 1502 2434 argumenta
1558 2365 1711 2419 initio
1736 2366 1969 2434 capitum

395 2455 676 2525 inscripta,
733 2470 795 2508 ea
846 2457 1082 2510 auctoris
1122 2471 1226 2510 non
1268 2471 1408 2521 esse,
1440 2458 1532 2512 sed
1569 2456 1792 2511 studiosi
1819 2472 1969 2509 ama-

394 2548 635 2615 nuensis,
664 2548 839 2617 colligi
880 2548 1091 2603 videtur
1113 2562 1234 2603 cum
1262 2562 1327 2602 ex
1363 2548 1449 2610 iis,
1482 2562 1600 2617 quae
1626 2548 1734 2603 dixi
1768 2563 1885 2619 pag.
1916 2548 1970 2611 1,

394 2647 510 2695 not.
541 2641 609 2706 3;
642 2648 753 2694 tum
801 2654 866 2696 ex
906 2654 971 2695 eo
1013 2640 1153 2710 quod
1196 2641 1239 2694 is
1268 2641 1357 2711 qui
1388 2641 1475 2695 illa
1523 2642 1769 2712 apposuit
1818 2644 1971 2699 initio

395 2731 596 2802 operis,
647 2733 786 2787 idem
837 2732 989 2802 quasi
1033 2731 1356 2802 defatigatus
1403 2748 1463 2788 ea
1501 2733 1686 2788 omisit
1737 2748 1767 2788 a
1816 2733 1967 2804 capi-

395 2834 450 2880 te
484 2825 552 2880 15
586 2841 753 2894 usque
784 2826 850 2878 ad
881 2834 1206 2893 postremum
1238 2826 1357 2880 libri
1388 2826 1571 2894 primi,
1603 2842 1665 2882 ac
1701 2835 1811 2881 toto
1834 2826 1971 2881 libro

399 2919 558 2972 tertio
602 2904 767 2970 :‘t'um
799 2917 1011 2970 domum
1042 2930 1106 2970 ex
1149 2930 1468 2984 argumento
1501 2917 1691 2983 capitis
1732 2917 1798 2971 l8
1850 2917 1969 2972 libri

398 3010 557 3079 primi
593 3025 605 3060 :
647 3007 715 3062 ibi
760 3009 902 3071 enim
945 3008 1157 3077 legitur,
1185 3008 1422 3079 ὀνόματα
1454 3007 1720 3076 λέγονται.
1768 3016 1971 3063 ’θυρίον

396 3118 527 3158 vero
554 3118 657 3158 non
692 3101 939 3171 λέγονται
972 3102 1250 3167 dictasset,
1281 3102 1373 3155 sed
1400 3100 1641 3171 λέγεται.
1708 3103 1784 3157 sic
1824 3102 1967 3157 enim

396 3209 610 3264 semper
634 3195 775 3263 loqui
808 3195 1104 3247 consuevit.
1144 3193 1296 3260 Quod
1332 3209 1458 3246 vero
1496 3196 1687 3248 attinet
1713 3195 1777 3248 ad
1808 3210 1969 3265 argu-

398 3297 703 3343 mentorum
736 3288 927 3352 series,
952 3287 1064 3340 sive
1096 3287 1309 3341 indices
1328 3286 1584 3354 capitum,
1620 3287 1708 3353 qui
1762 3302 1969 3355 priapo-

394 3390 600 3435 ‘nuntur
630 3380 767 3434 libro
800 3379 1055 3444 secundo,
1084 3394 1145 3433 ac
1175 3378 1354 3442 tertio,
1402 3378 1437 3431 ii
1487 3380 1621 3433 adeo
1653 3380 1965 3443 oscitanter,

395 3487 463 3529 ac
485 3471 625 3528 male
657 3470 961 3525 concinnati
990 3479 1135 3535 sunt,
1170 3480 1227 3523 ut
1252 3471 1454 3523 auctori
1505 3470 1663 3523 tribui
1696 3485 1802 3525 nou
1832 3486 1971 3541 pos-

396 3564 527 3629 sint,
556 3564 686 3631 quin
736 3558 929 3630 injuria
973 3560 1071 3627 ipsi
1102 3560 1387 3615 inferatur.
1418 3560 1547 3627 Quae
1587 3576 1706 3615 cum
1734 3561 1807 3615 ita
1836 3563 1966 3626 sint,

397 3670 467 3710 ne
491 3653 702 3708 titulunt
730 3654 967 3722 quidem,
992 3655 1079 3723 qui
1113 3662 1288 3707 exstat
1318 3667 1439 3721 pag.
1478 3652 1602 3715 107,
1640 3653 1845 3708 auctori
1872 3654 1969 3708 tri-

397 3745 631 3810 buerim,
667 3748 758 3799 sed
795 3745 1036 3808 librario,
1066 3760 1187 3799 cum
1230 3744 1528 3813 praisertim
1567 3758 1671 3799 non
1707 3744 1845 3800 libro
1878 3760 1967 3799 se-

398 3838 598 3903 cundo,
623 3839 715 3892 sed
742 3837 906 3891 indici
933 3838 1166 3906 capitum
1196 3835 1417 3891 secundi
1444 3835 1584 3902 libri,
1619 3838 1863 3907 proxime
1893 3838 1969 3892 in-

398 3928 685 3985 scribatur.
718 3928 983 3982 Caeterum
1028 3928 1142 3982 sive
1183 3928 1271 3981 hic
1304 3927 1492 3983 titulus
1525 3929 1593 3982 ab
1618 3938 1838 3983 auctore
1885 3930 1970 3983 di-

399 4029 576 4077 ctatus
615 4021 793 4081 fuerit,
822 4020 935 4072 sive
968 4033 996 4070 a
1026 4018 1244 4072 librario
1274 4018 1533 4086 adjectus,
1575 4036 1679 4075 nou
1719 4022 1787 4073 ita
1825 4022 1972 4075 acci-

398 4110 628 4181 piendas
666 4116 767 4171 est,
822 4117 881 4161 ut
923 4108 992 4163 sit
1035 4108 1300 4176 genuinus
1342 4109 1561 4162 secundi
1607 4109 1725 4163 libri
1763 4110 1969 4173 titulus,

401 4201 496 4258 sed
532 4202 602 4255 ita
642 4211 699 4255 ut
733 4202 801 4255 sit
829 4201 942 4268 ejus
979 4200 1140 4253 veluti
1184 4210 1557 4269 argumentum
1606 4219 1620 4254 :
1659 4217 1850 4272 nempe
1877 4218 1969 4257 ve-

403 4307 514 4356 rus,
542 4302 599 4345 ut
627 4291 757 4354 dixi,
792 4289 978 4343 titulus
1004 4296 1085 4341 cst
1112 4304 1125 4339 :
1157 4288 1229 4341 De
1259 4288 1513 4344 Triuitale
1535 4290 1663 4343 liber
1690 4297 1966 4345 secundus.

400 4384 586 4452 Itaque
618 4383 777 4436 verba
814 4380 926 4444 illa,
960 4379 1110 4432 Liber
1129 4380 1408 4443 secundus,
1439 4386 1502 4434 de
1533 4379 1732 4449 Spiritu
1764 4394 1966 4449 sancto,

400 4476 506 4531 hoc
536 4484 741 4529 tantum
771 4473 1031 4536 indicant,
1060 4474 1111 4526 in
1143 4474 1379 4527 secundo
1402 4474 1538 4528 libro
1562 4489 1865 4529 sermonem
1894 4492 1972 4530 es-
2002 4490 2045 4546 ι)

400 4583 461 4625 se
513 4569 578 4623 de
612 4566 814 4637 Spiritu
871 4576 1077 4629 sancto,
1136 4567 1275 4618 sicut
1323 4565 1374 4618 in
1417 4566 1589 4635 primo
1637 4580 1815 4621 seruzo
1871 4566 1972 4622 fuit

399 4661 466 4716 de
500 4659 655 4714 Filio.
686 4656 938 4723 Alioquin
988 4658 1329 4712 scribendum
1382 4655 1569 4710 fuisset
1626 4673 1639 4709 :
1692 4642 1831 4724 Πέρὶ
1865 4658 1970 4712 τοῦ

397 4750 571 4819 ἁγίου
600 4748 944 4816 Πνεύματος
970 4764 982 4776 ·
1004 4745 1247 4809 βιϐλίον
1278 4745 1342 4815 β’,
1371 4760 1474 4799 non
1523 4762 1649 4801 vero
1685 4766 1697 4799 :
1731 4749 1972 4811 ,βιϐλίον

400 4840 447 4910 β’
466 4858 478 4871 ο
506 4839 644 4907 Περὶ
672 4837 778 4891 τοῦ
810 4837 982 4907 ἁγίου
1004 4837 1369 4905 Πνεύματος.

472 4932 725 4987 Secundo
752 4931 1135 4997 concedamus,
1160 4946 1222 4985 ea
1258 4946 1376 5000 qua:
1398 4946 1523 5001 pag.
1556 4932 1660 4987 574
1695 4932 1854 4988 habet
1878 4950 1972 4988 au-

398 5032 537 5087 ctor,
564 5021 754 5077 referri
787 5021 1013 5077 forsitan
1051 5037 1209 5092 posse
1234 5038 1355 5078 cum
1396 5025 1462 5076 ad
1489 5025 1782 5079 secundum
1812 5026 1972 5097 hujus

401 5111 584 5178 operis
608 5110 828 5179 librum,
858 5121 970 5166 tum
998 5114 1067 5167 ad
1105 5112 1302 5167 librum
1338 5113 1411 5166 De
1438 5112 1639 5183 Spiritu
1669 5126 1869 5170 sancto.
1904 5118 1973 5171 At

399 5200 534 5254 illud
562 5209 730 5262 certe,
762 5202 904 5269 quod
949 5202 1022 5255 ait
1070 5219 1191 5272 pag.
1228 5201 1355 5267 £25,
1394 5204 1481 5257 vix
1516 5218 1581 5257 ac
1619 5220 1685 5257 ne
1728 5206 1815 5259 vix
1848 5206 1972 5275 qui-

402 5292 523 5347 dem
558 5290 624 5343 ad
651 5292 948 5345 secundum
982 5290 1139 5358 hujus
1166 5296 1347 5361 operis
1369 5292 1564 5353 librum
1594 5294 1795 5350 referre
1823 5295 1969 5352 licet.

401 5381 537 5438 Nam
570 5392 853 5454 pcatquam
885 5385 987 5437 tria
1017 5384 1088 5438 ibi
1120 5385 1297 5438 attulit
1330 5384 1625 5455 Scripturae
1670 5386 1805 5452 loca,
1855 5387 1974 5456 qui-

402 5474 506 5532 bus
530 5474 773 5531 bmretici
812 5474 881 5529 ad
911 5474 1316 5544 deprimendam
1348 5476 1582 5546 Spiritus
1611 5477 1782 5531 sancti
1816 5486 1973 5531 natu-

401 5581 520 5621 ram
557 5566 938 5632 abutebantur,
972 5565 1175 5633 subdit,
1203 5581 1297 5622 eos
1326 5567 1449 5622 aliis
1475 5568 1636 5623 etiam
1667 5569 1972 5637 huiusmodi

401 5655 727 5712 testimoniis
785 5658 981 5713 abusos
1027 5671 1168 5725 esse,
1215 5656 1332 5713 llth
1364 5672 1493 5713 vero
1538 5672 1597 5713 se
1632 5659 1685 5713 in
1730 5659 1868 5715 libro
1895 5660 1973 5716 De

403 5747 607 5818 Spiritu
660 5758 841 5805 sancto
877 5749 1144 5807 attulisse.
1178 5750 1249 5807 At
1276 5763 1544 5821 quaenam,
1588 5762 1803 5819 quaeso,
1844 5759 1972 5807 sunt

1836 321 1926 375 DE
1969 320 2228 377 DIDYMO

3514 328 3599 383 ιιι

2074 443 2189 498 haec
2224 443 2329 496 alia
2370 442 2671 497 testimonia
2720 442 2771 496 in
2812 444 3048 498 secundo
3084 442 3243 513 lmjus
3294 446 3452 515 operis
3482 445 3600 503 libro

2075 534 2278 590 allata?
2315 535 2371 591 Si
2399 522 2637 604 excipias
2670 535 2799 589 illud
2827 551 2841 588 :
2876 534 2999 591 Nisi
3020 538 3156 605 quis,
3186 548 3317 603 etc.,
3348 540 3472 606 quod
3501 555 3601 607 cap.

2075 625 2144 679 I5
2170 625 2414 691 affertur,
2458 627 2544 680 vix
2586 626 2750 680 ullum
2789 627 2932 681 aliud
2971 628 3026 682 in
3072 630 3308 684 secundo
3334 630 3453 684 libro
3478 631 3605 686 inve-

2073 718 2190 772 nies
2242 734 2256 770 :
2305 718 2355 771 id
2383 719 2526 772 enim
2562 718 2900 787 potissimum
2936 719 2990 773 in
3022 721 3258 776 secundo
3296 736 3465 775 auctor
3504 737 3606 789 spe-

2074 820 2206 875 ctat,
2258 820 2312 864 ut
2363 822 2677 877 argumenta
2732 827 2797 866 ac
2849 812 3157 866 testimonia
3214 812 3410 879 aﬂ'erat,
3438 816 3606 884 quibus

2075 901 2307 970 Spiritus
2344 903 2513 957 sancti
2563 904 2817 957 divinitas
2843 903 3165 969 ostenditur,
3193 898 3607 975 quemadmodum

2075 992 2128 1045 in
2163 993 2326 1047 tertio
2358 994 2409 1048 id
2450 995 2791 1063 potissimum
2817 1004 3044 1061 spectat,
3071 1008 3129 1049 ut
3154 1010 3216 1049 ea
3243 995 3513 1066 Scriptura
3541 998 3607 1050 Io-

2074 1096 2136 1137 ca
2183 1081 2391 1149 afferat,
2453 1086 2648 1154 quibus
2702 1098 2981 1153 perperam
3034 1086 3315 1155 explicatis
3366 1089 3612 1144 catholica

2073 1171 2330 1231 Ecclesia:
2377 1175 2569 1246 dogma
2619 1176 2857 1234 haeretici
2900 1180 3307 1247 impugnabant.
3354 1180 3416 1233 At
3444 1190 3610 1234 contra

2075 1266 2127 1320 in
2165 1265 2303 1321 libro
2335 1266 2409 1321 De
2446 1265 2650 1333 Spiritu
2690 1279 2874 1324 sancto
2921 1269 3085 1323 multa
3114 1270 3317 1338 profert
3345 1271 3612 1341 Scriptura:

2082 1357 2198 1413 loca
2241 1360 2309 1415 iis
2337 1359 2554 1424 similia,
2588 1375 2707 1428 qua:
2733 1376 2857 1432 pag.
2889 1361 2994 1417 425
3025 1361 3207 1416 attulit
3234 1362 3285 1415 in
3322 1362 3415 1417 hoc
3440 1377 3605 1433 opere,

2072 1461 2132 1506 ut
2163 1452 2375 1507 ostendi
2411 1451 2465 1506 in
2496 1452 2663 1507 notis.

2144 1542 2330 1596 Tertio
2361 1542 2558 1596 librum
2605 1557 2760 1597 suum
2792 1542 2866 1596 De
2904 1543 3102 1609 Spiritu
3152 1553 3330 1597 sancto
3359 1545 3470 1596 dum
3502 1544 3619 1598 citat

2082 1634 2293 1688 duobus
2329 1632 2382 1687 in
2414 1632 2547 1688 locis
2577 1642 2768 1688 auctor
2800 1644 3005 1699 noster,
3038 1633 3320 1704 utrobique
3346 1633 3490 1702 λόγον
3510 1651 3619 1687 eum

2073 1734 2252 1791 vocat,
2280 1738 2383 1778 non
2415 1722 2635 1792 βιϐλίον.
2658 1722 2786 1778 lude
2813 1734 2990 1778 autem
3025 1724 3214 1797 colligo
3236 1726 3450 1795 spectari
3482 1726 3542 1780 ab
3564 1742 3622 1779 eo

2076 1830 2179 1869 non
2211 1813 2513 1870 secundum
2545 1814 2704 1883 hujus
2739 1814 2921 1883 operis
2951 1815 3167 1880 librum,
3198 1817 3291 1870 sed
3330 1816 3513 1870 librum
3554 1816 3623 1869 De

2074 1907 2285 1975 Spiritu
2336 1915 2519 1961 sancto
2570 1907 2637 1961 ab
2682 1907 3009 1979 Hieronymo
3052 1906 3243 1963 Latine
3291 1924 3622 1971 conversum;

2075 2015 2174 2056 nec
2217 1999 2360 2055 enim
2397 2000 2469 2053 ita
2512 1998 2821 2070 promiscue
2868 2002 2972 2054 duo
3010 2015 3073 2054 ea
3120 2001 3337 2056 nomina
3372 2003 3627 2071 accipiun-

2075 2100 2184 2155 tur,
2220 2102 2278 2145 ut
2308 2090 2513 2144 nullum
2552 2091 2693 2145 inter
2721 2091 2831 2159 ipsa
2859 2090 3152 2146 discrimen
3181 2092 3273 2146 sit.
3303 2092 3492 2147 Nomen
3520 2095 3629 2163 qui-

2073 2182 2195 2238 dem
2244 2182 2402 2251 λόγος
2442 2182 2647 2252 optime
2672 2183 2808 2236 lihro
2845 2181 2919 2235 De
2952 2180 3158 2251 Spiritu
3185 2196 3359 2237 sancto
3388 2186 3629 2238 conveni-

2074 2291 2155 2340 re,
2177 2276 2288 2346 jam
2317 2276 2525 2330 ostendi
2564 2289 2685 2343 pag.
2716 2274 2839 2327 574.
2870 2274 2941 2329 At
2980 2276 3246 2330 secundus
3289 2275 3360 2329 De
3388 2274 3632 2330 Trinitate

2074 2367 2208 2422 liber
2247 2352 2417 2437 magis
2457 2367 2672 2436 proprie
2719 2365 2944 2436 βιϐλίον,
2977 2380 3139 2435 quam
3185 2364 3339 2435 λόγος
3367 2383 3630 2435 nuncupa-

2075 2469 2180 2513 tur.
2232 2457 2366 2512 Nam
2412 2467 2521 2511 tres
2567 2457 2617 2509 hi
2660 2457 2778 2511 Iihri
2822 2456 3023 2527 βιϐλία,
3057 2473 3160 2512 non
3202 2457 3345 2527 λόγοι
3385 2470 3636 2512 vocantur

2074 2548 2126 2602 in
2150 2549 2337 2603 codice
2362 2547 2739 2602 Passioneiano
2760 2563 2783 2621 7:
2820 2563 2924 2616 qua
2955 2548 3020 2602 de
3051 2562 3212 2602 causa
3250 2548 3433 2603 merito
3465 2564 3494 2603 a
3532 2548 3631 2604 So-

2074 2648 2226 2694 crate
2256 2653 2473 2708 quoque
2498 2636 2737 2701 eosdem,
2774 2648 2831 2690 ut
2862 2640 3108 2708 equidem
3137 2640 3345 2709 opinor,
3371 2641 3635 2697 iudicante

2074 2729 2256 2802 βιϐλία
2284 2730 2724 2785 deuominautur.
2765 2728 2903 2796 Quin
2963 2730 3069 2786 imo
3123 2744 3311 2787 auctor
3353 2734 3457 2802 ipse
3503 2734 3641 2790 libro

2076 2838 2154 2887 ut,
2192 2839 2315 2892 pag.
2355 2822 2481 2885 ⁸545,
2523 2820 2679 2889 λόγον
2710 2822 2942 2876 secernit
2974 2837 3003 2874 a
3049 2822 3258 2894 βιϐλίῳ,
3297 2841 3411 2879 cum
3446 2827 3525 2881 sic
3554 2828 3638 2881 lo-

2072 2915 2256 2984 quitur
2282 2932 2295 2967 :
2319 2913 2371 2967 in
2395 2916 2561 2983 primo
2592 2912 2734 2983 λόγῳ
2762 2931 2878 2982 cap.
2909 2912 2997 2978 I0,
3027 2927 3073 2970 et
3100 2918 3155 2970 in
3194 2919 3289 2971 hoc
3312 2916 3493 2989 βιϐλίῳ
3522 2935 3641 2974 cap.

2078 3006 2161 3061 H.
2187 3004 2413 3060 Videtur
2437 3021 2565 3075 ergo
2596 3004 2856 3059 vocabulo
2879 3005 3036 3075 λόγος
3059 3010 3369 3077 opusculum
3399 3014 3643 3081 designa-

2075 3121 2133 3160 re
2162 3106 2302 3161 aliud
2335 3122 2364 3159 a
2396 3108 2571 3177 primo
2595 3106 2753 3174 hujus
2780 3108 2960 3176 operis
2986 3105 3142 3159 libro.
3179 3102 3329 3169 Quod
3364 3104 3645 3157 utclarius

2073 3197 2247 3252 adhuc
2275 3206 2551 3268 appareat,
2581 3196 3119 3251 animadvertendum
3149 3204 3252 3257 est,
3285 3192 3541 3247 terdecies
3584 3194 3647 3247 in

2071 3287 2157 3344 his
2193 3287 2343 3341 libris
2376 3303 2405 3341 a
2440 3287 2690 3355 theologo
2732 3298 2917 3341 nostro
2962 3286 3120 3339 citari
3176 3285 3401 3354 primum
3463 3283 3650 3352 λόγον,

2070 3380 2244 3433 octies
2278 3390 2458 3433 autem
2505 3378 2757 3448 primum,
2784 3387 2877 3431 aut
2902 3377 3193 3432 secundum
3240 3374 3458 3445 βιϐλίον.
3489 3377 3656 3440 Qua:-

2071 3484 2281 3540 cunque
2310 3485 2436 3525 vero
2470 3470 2602 3524 citat
2625 3484 2690 3524 ex
2722 3470 2918 3540 primo,
2947 3477 3040 3521 aut
3071 3470 3306 3521 secundo
3337 3466 3541 3538 βιϐλίῳ,
3586 3483 3658 3519 ea

2071 3560 2272 3618 omnia.
2310 3567 2401 3612 aut
2433 3556 2546 3611 fere
2587 3556 2767 3611 omnia
2800 3557 2851 3609 in
2885 3556 3081 3625 primo,
3109 3554 3193 3607 vel
3224 3554 3393 3607 altero
3434 3568 3503 3606 ex
3545 3555 3653 3603 tri-

2072 3651 2174 3706 bus
2219 3650 2367 3704 hisce
2397 3648 2549 3702 libris
2578 3648 2831 3713 inveniri,
2875 3647 2919 3701 si
2953 3660 3123 3716 pauca
3150 3645 3409 3711 excipias,
3436 3658 3561 3711 qua:
3598 3644 3665 3696 in

2072 3741 2340 3810 capitibus
2384 3739 2678 3810 deperditis
2712 3740 3019 3794 exstabant.
3051 3739 3121 3791 At
3158 3747 3343 3792 contra
3387 3736 3667 3790 tredecim

2072 3846 2135 3885 ea
2168 3831 2305 3895 loca,
2346 3846 2466 3899 qua:
2509 3829 2641 3882 citat
2687 3844 2752 3882 ex
2783 3829 2956 3897 primo
2982 3827 3145 3898 λόγῳ,
3187 3827 3240 3881 in
3271 3826 3445 3895 primo
3491 3825 3674 3893 hujus

2071 3921 2250 3989 operis
2284 3922 2417 3974 libro
2446 3935 2549 3975 non
2582 3920 2829 3989 reperiri,
2879 3919 2979 3973 nisi
3023 3918 3164 3973 forte
3187 3933 3376 3980 unum,
3400 3928 3495 3970 aut
3522 3920 3675 3982 duo,

2072 4012 2139 4067 de
2159 4013 2353 4081 quibus
2381 4012 2628 4066 dubitare
2659 4012 2806 4073 licet,
2837 4020 3015 4064 utrum
3051 4010 3103 4063 in
3132 4010 3306 4078 primo
3333 4009 3474 4063 libro
3508 4009 3682 4063 inve-

2073 4104 2311 4160 niantur.
2342 4104 2472 4171 Quis
2505 4115 2681 4158 autem
2711 4104 2917 4165 credat,
2971 4102 3227 4157 tredecim
3284 4118 3347 4156 ea
3383 4101 3505 4155 loca
3536 4117 3684 4155 om-

2073 4200 2182 4264 nia,
2214 4208 2305 4253 aut
2330 4196 2442 4252 fere
2485 4198 2666 4251 omnia
2711 4197 2764 4250 in
2809 4197 2997 4266 paucis
3038 4195 3146 4249 illis
3198 4194 3353 4264 primi
3402 4194 3527 4247 libri
3568 4209 3691 4249 ca-

2071 4292 2271 4363 pitibus
2326 4290 2595 4345 exstitisse
2644 4304 2765 4359 quae
2822 4287 3184 4343 interierunt?
3222 4289 3463 4356 Apparet
3522 4301 3693 4357 ergo

2072 4398 2177 4436 non
2210 4391 2411 4435 temere
2451 4382 2708 4451 distingui
2746 4398 2776 4435 a
2821 4379 3071 4449 theologo
3104 4390 3286 4433 nostro
3310 4377 3473 4446 λόγον
3513 4393 3543 4430 a
3587 4379 3700 4449 βι-

2075 4470 2230 4542 ϐλίῳ,
2254 4480 2313 4525 ut
2343 4471 2568 4540 proinde
2605 4488 2727 4525 cum
2771 4471 2900 4525 citat
2933 4473 3161 4540 primum
3190 4469 3368 4537 λόγον,
3401 4478 3501 4522 aut
3534 4485 3699 4526 cum

2071 4566 2203 4619 citat
2226 4562 2381 4633 λόγον
2412 4563 2484 4617 De
2504 4562 2706 4629 Spiritu
2736 4574 2936 4629 sancto,
2961 4579 3065 4617 non
3092 4563 3343 4632 primum,
3372 4559 3552 4632 [XIII]
3578 4572 3700 4617 aut

2071 4653 2363 4710 secundum
2395 4652 2553 4722 hujus
2578 4654 2758 4721 Operis
2783 4652 2974 4706 librum
2998 4651 3229 4719 allegare
3254 4653 3541 4721 putandus
3574 4652 3700 4716 sit,

2072 4749 2167 4802 sed
2194 4745 2295 4799 alia
2320 4746 2599 4816 opuscula.

2071 4862 2202 4916 CAP.
2238 4859 2303 4915 II.
2332 4857 2470 4914 Citat
2502 4870 2685 4913 auctor
2732 4868 2906 4913 noster
2956 4858 3210 4926 λόγους,
3261 4870 3394 4923 quos
3442 4855 3700 4922 scripsit

2626 4941 2804 4982 contra
2834 4929 3083 4981 Arianos.

2142 5021 2285 5077 Duos
2317 5020 2597 5092 Didymum
2632 5021 2845 5088 λόγους,
2872 5019 2925 5073 id
2973 5028 3075 5082 est,
3139 5030 3432 5072 sermones
3462 5026 3700 5071 contra

2074 5116 2306 5170 Arianos
2334 5114 2568 5169 edidisse
2598 5122 2869 5169 testantur
2900 5109 3099 5166 vetusti
3136 5109 3469 5178 scriptores,
3533 5122 3700 5178 quo

2073 5223 2192 5262 rum
2226 5206 2531 5262 testimonia
2560 5205 2718 5261 simul
2752 5213 3003 5273 congesta
3032 5204 3083 5258 in
3118 5202 3440 5272 Appendice
3474 5201 3700 5259 lecto:

2072 5298 2311 5355 exhibui.
2346 5294 2405 5352 Id
2448 5306 2625 5350 autem
2677 5295 2729 5349 in
2757 5295 3060 5364 theologum
3099 5304 3345 5347 nostrum
3384 5290 3632 5360 quadra
3648 5308 3699 5345 r:

2074 5387 2243 5459 liquet
2272 5403 2394 5443 cum
2418 5403 2483 5443 ex
2532 5388 2618 5453 iis,
2653 5403 2772 5457 qua:
2827 5387 2936 5442 dixi
2962 5401 3083 5456 pag.
3132 5384 3256 5451 455,
3286 5393 3477 5455 atque
3515 5382 3700 5440 alibi

2075 5491 2186 5535 tum
2215 5482 2376 5537 etiam
2408 5496 2471 5537 ex
2498 5481 2581 5536 his
2609 5496 2727 5551 qua:
2758 5495 2881 5535 mox
2913 5479 3108 5534 dicam.

2071 5593 2199 5649 CAP.
2241 5592 2328 5650 lll.
2368 5593 2434 5649 Se
2463 5604 2643 5648 contra
2676 5596 2898 5647 Arianos
2921 5608 3119 5661 semper
3140 5608 3415 5663 pugnasse
3435 5588 3700 5660 afﬁrm:

2610 5666 2871 5733 theologus
2903 5676 3094 5717 noster.

2144 5754 2413 5810 Praeterea
2465 5762 2654 5810 auctor
2708 5765 2893 5808 n0ster
2921 5769 3042 5818 pay.
3078 5752 3205 5814 202,
3251 5768 3307 5809 se
3332 5751 3619 5807 Ariauis
3658 5768 3700 5806 ξι
