3796 6332
199 337 289 393 με»

1326 330 1890 387 COMMENTARIUS.
1931 361 1999 371 ——
2039 330 2165 384 LIB.
2210 329 2251 385 Ι.

3292 322 3400 383 146

195 449 552 509 Maccdonianis
571 465 663 518 pro
698 448 840 502 virili
861 460 1007 516 parte
1023 467 1223 517 semper
1251 452 1515 505 obstitisse
1542 450 1640 515 ait,
1662 467 1725 506 ac
1753 458 1800 512 Α
1830 450 2052 520 pendice
2081 448 2275 501 allatis.
2302 444 2615 515 Huiusmodi
2653 456 2800 500 vero
2823 458 2958 515 opus
3016 442 3283 512 respicere
3312 442 3396 499 vi-

198 560 281 613 pro
304 541 544 596 catholica
580 543 645 593 de
684 537 957 592 Trinitate
989 541 1235 595 doctrina
1260 541 1314 593 in
1339 541 1569 593 medium
1592 555 1728 593 sem-

192 651 271 706 per
294 633 530 700 prodiisse
564 631 633 684 ad
686 631 830 683 litem
866 643 959 683 aut
1013 633 1393 695 intentandam,
1433 640 1523 683 aut
1573 630 1729 684 susti-

195 726 406 778 nendum.
431 722 496 775 At
531 722 780 791 quisnam
804 732 887 776 est
904 732 1024 790 post
1043 723 1322 777 Athanasii
1349 732 1561 777 aetatem
1575 722 1725 779 Grae-

192 830 274 868 cus
300 814 466 869 saeculi
513 812 688 881 quarti
744 813 1020 882 scriptor,
1073 814 1140 866 ad
1199 828 1358 880 quem
1406 813 1584 880 aptius
1620 813 1730 866 hinc

192 907 366 960 referre
415 904 716 974 possimus,
769 918 930 973 quam
987 904 1247 975 Didymus
1294 904 1729 958 Alexandrinus?

191 1011 326 1065 quem
359 995 597 1059 Ruﬁnus,
643 994 921 1059 Socrates,
952 994 1311 1059 Sozomenus,
1342 994 1726 1065 Hieronymus,

193 1088 522 1143 Theodoretus
576 1098 636 1142 ut
692 1088 971 1143 catholicae
1022 1089 1090 1143 de
1134 1088 1395 1143 Triuitate
1468 1088 1727 1142 doctrinas

194 1190 438 1233 strenuum
468 1188 919 1249 propugnatorem
967 1178 1295 1247 praedicant;
1348 1176 1549 1246 quique
1586 1186 1641 1231 et
1672 1176 1727 1230 in

190 1272 302 1325 libro
345 1272 416 1325 De
467 1270 668 1336 Spiritu
704 1281 907 1334 sancto,
955 1280 1010 1324 et
1063 1270 1114 1323 in
1159 1270 1498 1324 sermonibus
1541 1278 1727 1322 contra

195 1363 409 1423 Arianos.
443 1372 493 1417 et
522 1363 577 1415 in
612 1362 774 1428 libro,
805 1377 900 1416 seu
934 1362 1083 1417 libris
1114 1361 1190 1415 De
1237 1363 1411 1426 sectis,
1457 1370 1510 1415 et
1540 1361 1611 1413 De
1633 1363 1729 1414 do-

187 1457 412 1524 gntatilttts
444 1466 629 1509 contra
661 1469 757 1509 eos
791 1454 1072 1508 haereticos
1095 1470 1159 1507 ex
1181 1452 1430 1522 professo
1461 1453 1720 1521 scripsit:

190 1547 263 1612 qui
289 1546 505 1616 denique
557 1547 610 1600 in
661 1544 1097 1600 enarrationibus
1126 1546 1178 1598 in
1207 1543 1476 1612 Epistolas
1501 1542 1721 1598 catholi-

187 1653 281 1702 cas,
302 1648 453 1705 atque
489 1638 541 1690 in
582 1635 987 1690 commentariis
1021 1650 1193 1689 sacra:
1251 1635 1568 1703 Scriptum,
1590 1648 1726 1703 quo-

188 1743 285 1781 rum
321 1728 613 1798 fragmenta
634 1729 688 1781 in
713 1729 920 1783 catenis
941 1736 1176 1793 exstant,
1201 1726 1401 1779 nullam
1434 1726 1569 1780 elabi
1595 1727 1726 1780 sinit

189 1817 516 1884 occasionem,
577 1819 709 1888 quin
772 1817 1035 1873 catholica
1073 1820 1139 1872 de
1169 1817 1437 1872 Trinitate
1472 1817 1722 1885 dogmata
1755 1814 1798 1869 Β

190 1911 408 1974 inculcet,
430 1920 524 1964 aut
551 1912 810 1974 Ariauos,
866 1910 1300 1974 Macedonianos,
1345 1910 1585 1979 aliosque
1616 1910 1727 1965 lue-

189 2001 354 2056 reticos
380 2017 660 2071 perperam
691 2002 759 2056 de
782 2003 867 2054 illa
896 2002 1194 2057 sentientes
1224 2002 1466 2057 refellat?
1496 2002 1628 2056 Hem
1656 2004 1729 2056 ita

188 2092 456 2155 sehabere,
502 2092 818 2147 observabit
865 2092 1090 2162 diligens
1143 2093 1313 2147 lector
1369 2094 1420 2148 in
1451 2104 1640 2148 catena
1674 2094 1731 2146 in

186 2180 394 2236 Pulmos
425 2186 491 2237 ad
534 2184 802 2253 psalmum
832 2200 928 2250 cn,
966 2200 1109 2240 vers.
1160 2186 1252 2247 20,
1281 2195 1335 2240 et
1377 2185 1525 2247 alibi,
1557 2187 1609 2239 iu
1636 2200 1729 2238 ca-

183 2284 281 2327 tena
307 2278 355 2328 in
386 2276 519 2328 Acta
560 2286 693 2331 tom.
726 2274 791 2330 IV
820 2276 1071 2330 Attecdot.
1092 2276 1297 2345 Wolﬁi,
1332 2294 1452 2350 pag.
1485 2277 1537 2341 6,
1566 2278 1619 2341 9,
1642 2277 1726 2343 Η,

184 2362 255 2426 t9,
277 2372 426 2433 atque
454 2366 506 2419 in
554 2365 677 2427 aliis
712 2368 918 2427 catenis
953 2382 1072 2442 quia
1118 2368 1228 2443 jam
1283 2368 1557 2443 inmissae
1584 2382 1726 2427 sunt.

184 2450 275 2529 Ego
297 2464 429 2516 enim
465 2478 534 2517 ne
589 2463 793 2517 nullum
850 2479 915 2519 ex
950 2465 1436 2521 innumerabilibus
1470 2465 1730 2533 exemplis

181 2566 280 2621 qua
305 2552 473 2607 aﬂerri
533 2566 767 2623 queunt,
828 2556 1115 2625 protulisse
1169 2558 1386 2619 videar,
1420 2556 1635 2610 oorissis
1664 2555 1730 2609 iis

179 2661 275 2714 qua
296 2648 427 2700 edita
452 2647 575 2716 jam
617 2656 765 2711 sunt,
803 2664 966 2703 unum
1023 2651 1289 2704 duntaxat
1361 2647 1609 2702 exscribo
1663 2663 1728 2701 ex

179 2748 337 2792 catena
368 2756 466 2794 ms.
528 2743 585 2793 in
634 2741 791 2794 libros
837 2740 1051 2809 Regum,
1095 2757 1214 2811 qua:
1269 2742 1517 2795 exstatin
1549 2740 1733 2795 codice

178 2830 338 2885 Graeco
389 2850 479 2886 xvi
512 2833 860 2887 bibliOtht83
886 2833 1100 2888 Veneta:
1140 2836 1198 2887 S.
1250 2833 1437 2887 Marci.
1482 2834 1559 2887 thi
1586 2834 1730 2887 enim

177 2924 231 2974 ad
257 2924 570 2977 versiculum
600 2924 671 2977 22
706 2925 901 2993 capitis
952 2940 1064 2979 χιιι
1124 2924 1251 2977 libri
1294 2923 1333 2977 ll
1385 2925 1607 2992 Regum,
1640 2925 1731 2994 qui

178 3013 355 3079 incipit,
383 3017 507 3069 Ὀτι
537 3015 780 3084 ἐφύλαξα
808 3015 909 3079 τὰς
939 3016 1090 3080 ὁδοὺς
1126 3017 1358 3088 Κυρίου,
1398 3018 1511 3071 haec
1548 3017 1735 3087 leguno

178 3116 248 3157 tur
279 3124 391 3178 pag.
436 3111 540 3165 1'29
578 3128 591 3163 :
635 3110 889 3180 Διδύμου.
928 3111 1055 3162 Ὅτι
1088 3110 1382 3178 ἐφύλαξα,
1430 3111 1583 3181 φησὶ,
1615 3110 1722 3175 τὰς

176 3198 327 3266 ὀδοὺς
375 3204 624 3269 Κυρίου.
675 3202 862 3256 Ταῦτα
909 3204 1009 3257 οὐκ
1054 3202 1388 3266 ἀλαζονικῶς
1445 3218 1633 3273 φησιν,
1655 3200 1731 3264 ὣς

174 3307 296 3355 τινες
324 3296 515 3348 οἴονται
540 3313 552 3325 ·
586 3294 705 3348 ἀλλ’
734 3294 1007 3357 ἀνατιθεὶς
1037 3294 1117 3364 τῷ
1142 3295 1262 3363 Θεῳ
1285 3296 1385 3365 τὴν
1416 3294 1598 3348 αἰτίαν
1626 3293 1735 3347 τῶν

176 3386 608 3457 κατορθωμάτων.
652 3387 918 3441 Φυλάσσει
954 3388 1010 3441 δὲ
1054 3388 1155 3448 τὰς
1196 3390 1348 3450 ὀόους
1376 3387 1584 3456 Κυρίου
1613 3388 1735 3450 ταῖς

176 3476 384 3540 ἐντολαῖς
435 3480 605 3532 αὑτοῦ
648 3480 1050 3551 πορευόμενος·
1104 3480 1198 3533 καὶ
1244 3481 1345 3533 οὐκ
1389 3477 1578 3533 ἀσεϐεῖ
1628 3478 1736 3531 ἀπὸ

173 3566 252 3619 τοῦ
280 3569 405 3623 Θεοῦ
458 3570 653 3635 αὐτοῦ,
689 3573 718 3624 ὁ
752 3571 928 3641 ὀρθῶς
990 3572 1120 3643 περὶ
1166 3570 1275 3623 τῶν
1325 3571 1423 3640 τῆς
1474 3570 1733 3642 ἀληθείας

174 3659 423 3729 δογμάτων
480 3662 805 3733 διειληφώς·
844 3663 1147 3733 ἀμέμπτως
1192 3665 1320 3735 περὶ
1368 3664 1501 3717 Θεοῦ
1540 3663 1735 3717 ἐννοῶν

176 3750 255 3799 καὶ
284 3752 442 3819 ario);
482 3754 617 3823 περὶ
646 3753 885 3822 Χριστοῦ
921 3752 1303 3823 διαλαμϐάνων
1324 3769 1336 3780 ·
1367 3756 1460 3807 καὶ
1492 3753 1733 3817 εὐσεϐῶς

176 3841 284 3909 περὶ
314 3842 402 3894 τοῦ
449 3843 614 3911 ἁγίου
662 3841 976 3912 Πνεύματος
1002 3842 1422 3914 ἐνθυμούμενος
1458 3844 1554 3897 καὶ
1593 3846 1723 3914 περὶ

175 3930 266 3981 τῶν
294 3932 457 3985 ἄλλων
504 3933 800 4003 δογμάτων
842 3933 901 3985 ὃν
941 3933 1022 3986 δεῖ
1062 3934 1264 4004 τρόπον
1304 3933 1562 3999 δοξάζων.
1607 3936 1735 4001 Qun:

181 4028 248 4078 sic
278 4037 445 4081 verto:
472 4048 490 4079 ι
526 4027 761 4096 Didymi.
798 4025 937 4091 Quia
965 4027 1244 4091 custodiri,
1272 4026 1464 4096 inquit,
1491 4029 1598 4080 vias
1623 4027 1733 4081 Do-

179 4117 289 4171 mini
316 4122 355 4175 ⁸.
395 4118 522 4174 Haec
564 4134 675 4173 non
707 4129 1023 4190 arroganter
1076 4120 1229 4185 dicit,
1278 4129 1336 4173 ut
1386 4121 1607 4188 quidam
1638 4135 1736 4190 pu-

179 4219 306 4277 tant;
339 4214 426 4266 sed
452 4215 630 4267 Deum
658 4226 958 4281 agnoscens
1000 4221 1059 4264 ttt
1090 4226 1310 4266 causam
1347 4226 1535 4266 eorum
1565 4228 1685 4280 qua:
1704 4229 1734 4266 a

182 4313 233 4353 se
256 4316 393 4370 gesta
425 4313 577 4369 sunt,
617 4317 770 4356 acea
818 4302 897 4356 illi
942 4303 1206 4358 tribuens.
1251 4303 1501 4358 Custodit
1554 4314 1733 4359 autem

182 4393 278 4445 vias
303 4396 505 4449 Domini
563 4398 614 4450 is
661 4395 754 4463 qui
791 4396 843 4448 in
904 4396 1174 4451 mandatis
1205 4397 1323 4466 ejus
1370 4397 1643 4451 ambulat:
1679 4407 1735 4452 et

183 4482 323 4551 impie
352 4502 453 4539 non
483 4489 601 4558 agit
635 4502 665 4540 a
702 4486 814 4541 Deo
843 4501 942 4541 suo
962 4487 983 4518 ⁸
1022 4488 1067 4541 is
1096 4489 1184 4556 qui
1220 4500 1364 4543 recte
1404 4492 1469 4543 de
1493 4488 1735 4544 veritatis
1764 4504 1810 4561 ι)

179 4576 491 4644 dogmatibus
522 4578 772 4640 disserit,
826 4578 1201 4647 irreprehense
1232 4579 1299 4634 de
1341 4578 1449 4632 Deo
1466 4580 1729 4644 sentiens.

180 4676 224 4717 et
246 4681 416 4723 sancte
442 4670 511 4724 de
565 4670 786 4723 Christo
823 4670 1121 4733 disserens,
1181 4682 1234 4726 et
1294 4672 1379 4739 pie
1423 4671 1490 4726 de
1528 4669 1731 4740 Spiritu

179 4770 346 4813 sancto
370 4763 641 4829 cogitans,
666 4771 721 4815 et
753 4762 819 4815 de
838 4761 960 4815 aliis
983 4762 1325 4832 dogmatibus
1367 4762 1438 4815 ita
1482 4770 1540 4814 ut
1571 4777 1732 4832 opor-

186 4862 249 4901 tet
272 4854 522 4908 sentiens.
558 4874 577 4905 ι
621 4854 752 4919 Quis
803 4854 1076 4907 hominem
1132 4853 1213 4905 vel
1271 4855 1456 4920 paucis
1492 4854 1638 4909 hisce
1680 4855 1730 4908 in

181 4945 335 4996 verbis
365 4961 467 4998 non
532 4946 779 5015 agnoscit
814 4945 1135 4999 catholicam
1192 4944 1260 4998 de
1319 4945 1585 4999 'l‘rinitate
1619 4947 1712 4999 do-

188 5036 362 5089 trinam
394 5038 705 5091 inculcandi
732 5036 1211 5106 percupidutn?At
1244 5048 1446 5106 quanto
1478 5037 1647 5107 magis
1679 5038 1731 5091 in

181 5128 365 5181 ceteris
396 5143 516 5197 qua:
552 5138 771 5183 exstant
802 5127 1039 5195 ejusdeltt
1095 5127 1348 5197 operibus
1393 5138 1553 5195 atque
1599 5129 1736 5198 frag-

182 5220 353 5275 mentis
369 5221 392 5272 ?

183 5330 290 5385 Car.
310 5331 394 5387 lV.
422 5333 550 5387 Tres
574 5333 638 5387 de
661 5331 1087 5386 Trinitatelibros
1107 5331 1322 5384 dictavit
1342 5340 1525 5385 auctor
1543 5340 1735 5396 noster,

761 5415 815 5454 ut
844 5402 1117 5471 Didymus.

251 5490 378 5558 Quin
406 5508 518 5550 tres
541 5511 572 5548 a
610 5494 836 5564 Didymo
878 5495 1042 5549 libros
1097 5494 1174 5548 De
1213 5492 1470 5547 Trinitate
1502 5491 1735 5546 dictatus

189 5596 294 5638 esse
330 5597 597 5641 testantur
625 5597 809 5657 aperte
839 5588 1111 5655 Socrates,
1133 5586 1515 5652 Cassiodorus,
1543 5595 1596 5640 et
1618 5585 1731 5639 An-

187 5676 366 5734 selmus
395 5680 847 5749 Havclbcrgensis
880 5680 932 5732 in
960 5680 1276 5736 testimoniis
1304 5697 1332 5733 a
1391 5693 1476 5732 me
1515 5678 1566 5731 in
1620 5679 1731 5746 Ap-

250 5790 271 5821 ‘
300 5793 430 5847 l’sal.
464 5810 596 5859 xm,
619 5796 709 5849 2‘2.
788 5797 805 5827 ³
848 5798 975 5851 ibid.

1830 544 1987 597 detur
2008 552 2061 597 et
2089 540 2443 611 Hieronymus
2469 539 2522 592 in
2571 536 2706 593 libro
2732 537 2804 591 De
2842 537 3025 604 script.
3062 537 3243 590 cretes.
3273 550 3393 603 cap.

1832 632 1954 697 120,
1983 648 2105 689 cum
2156 628 2688 698 ait:Responderunt
2738 631 2787 683 ei
2850 628 3065 698 (nempe
3115 624 3397 695 Eunomia)

1828 724 2204 793 Apollinarius,
2235 722 2511 791 Didymus,
2574 730 2681 776 etc.
2736 719 2789 773 ltl
2825 731 3003 773 autem
3055 730 3214 786 quam
3262 716 3401 771 belle

1832 819 2040 873 auctori
2076 826 2259 872 nostro
2284 815 2588 880 conveniat,
2615 830 2700 869 me
2722 814 2806 868 vel
2856 821 3067 868 tacente
3106 826 3293 866 omnes
3316 808 3400 864 vi-

1829 910 1975 964 dent.
2011 909 2196 979 Itaque
2228 908 2295 963 ad
2330 907 2431 961 alia
2457 907 2642 962 statim
2674 906 3009 977 progredior.

1831 1042 2000 1115 [XIV]
2040 1041 2347 1099 οων.οε
2376 1042 2563 1109 impari
2609 1056 2819 1094 numero
2874 1041 3082 1109 scripsit
3123 1046 3179 1091 ut
3226 1037 3398 1108 Didy-

2540 1127 2675 1164 mus.

1900 1227 2162 1283 Undecim
2195 1225 2399 1283 scilicet
2457 1223 2783 1294 scriptores,
2832 1222 2921 1293 qui
2974 1223 3039 1277 de
3072 1222 3263 1292 impari
3299 1236 3401 1276 nu-

1829 1333 1980 1372 mero
2009 1317 2363 1387 scripserant,
2392 1323 2640 1369 numerat
2673 1312 3031 1384 Hieronymus
3060 1314 3112 1366 in
3165 1313 3395 1383 epistola

1828 1408 1893 1463 ad
1920 1408 2343 1469 Pammachium,
2375 1416 2431 1460 ttt
2465 1405 2571 1459 dixi
2603 1419 2724 1474 pag.
2756 1405 2882 1467 Q68,
2922 1414 3031 1458 not.
3064 1405 3118 1466 5,
3166 1420 3398 1472 quorum

1826 1510 2011 1554 sextus
2049 1507 2130 1552 est
2165 1497 2439 1569 Didymus.
2481 1496 2592 1565 Ego
2643 1511 2771 1550 vero
2818 1497 3076 1549 rationem
3113 1496 3234 1549 hinc
3264 1496 3400 1548 duco

1829 1606 1931 1643 non
1968 1590 2435 1653 contemnendam,
2492 1603 2594 1656 qua
2641 1588 2953 1642 conllrmetn
2991 1596 3099 1641 tres
3147 1586 3309 1639 hosce
3344 1586 3403 1639 li-

1826 1683 1953 1737 bros
1980 1696 2100 1735 esse
2138 1682 2363 1752 Didymi.
2394 1681 2539 1736 Fuse
2577 1682 2717 1737 enim
2743 1682 2808 1735 de
2838 1681 3026 1749 impari
3064 1696 3308 1745 numero,
3340 1681 3389 1732 id

1825 1785 1904 1830 est
1929 1779 1994 1829 de
2036 1774 2361 1843 septenario,
2391 1775 2499 1842 agit
2526 1772 2802 1841 theologus
2832 1783 3013 1827 noster
3050 1773 3140 1826 lib.
3176 1788 3238 1833 tt,
3276 1786 3395 1836 cap.

1831 1865 1918 1918 M.
1956 1864 2141 1934 Itaque
2175 1878 2296 1919 cum
2324 1861 2411 1917 illa
2438 1862 2743 1933 llierouymi
2794 1864 3017 1933 cpistola
3071 1873 3190 1931 post
3223 1863 3397 1918 editos

1832 1959 1995 2012 hosce
2018 1957 2185 2011 libros
2213 1956 2412 2024 scripta
2445 1954 2631 2020 fuerit,
2660 1956 2811 2011 valde
2843 1956 3115 2025 probabile
3143 1965 3247 2019 est,
3276 1972 3401 2011 eos-

1832 2046 1951 2098 dem
1990 2045 2056 2100 ab
2088 2045 2207 2115 ipso
2239 2046 2470 2115 respici;
2497 2046 2665 2098 multo
2692 2047 2834 2100 enim
2895 2046 3063 2101 fusius
3092 2047 3158 2101 de
3210 2047 3400 2118 impari

1833 2152 2056 2190 numero
2091 2138 2175 2192 hic
2206 2137 2313 2206 agit
2336 2148 2551 2219 .alICIOI‘
2603 2148 2819 2201 noster,
2863 2154 3023 2207 quam
3068 2138 3308 2207 plerique
3336 2154 3403 2193 ex

1833 2230 1952 2283 aliis
1980 2230 2250 2293 Patribus,
2281 2244 2418 2300 quos
2442 2227 2798 2303 Hieronymus
2828 2233 3067 2286 nominat
3093 2249 3105 2283 :
3146 2234 3402 2291 nimirutn

1834 2325 2079 2384 undecim
2116 2324 2188 2383 illi
2242 2336 2367 2382 sunt
2397 2326 2671 2395 Clemens,
2734 2324 3072 2399 Hippolytus,
3121 2325 3402 2401 Origenes,

1836 2421 2451 2493 l)ionysius.Eusebius,
2513 2421 2806 2492 Didymus,
2862 2418 3247 2484 Tertullianus,
3301 2422 3408 2491 Cy-

1834 2511 2075 2579 prianus,
2110 2511 2439 2575 Victorinus,
2474 2509 2813 2573 Lactantius,
2864 2508 3130 2563 llilarius:
3173 2525 3405 2579 quorum

1836 2603 2011 2656 nullos
2068 2617 2183 2655 mea
2220 2598 2434 2671 quidem
2500 2601 2771 2656 sententia
2819 2616 2953 2671 Opus
3023 2601 3211 2663 edidit,
3262 2602 3406 2672 quod

1833 2694 1896 2747 de
1917 2695 2103 2762 impari
2139 2710 2350 2747 numero
2376 2693 2727 2759 lnscripswit,
2778 2693 2868 2747 sed
2916 2692 3094 2747 obiter
3122 2707 3310 2747 omnes
3342 2694 3409 2747 de

1833 2771 2108 2840 eodem'iu
2136 2785 2247 2839 suis
2299 2784 2552 2853 operibus
2605 2785 2769 2838 locuti
2821 2794 2968 2839 sunt.
3019 2784 3227 2838 Nullius
3280 2798 3409 2839 vero

1833 2894 1968 2947 opus
2015 2878 2145 2931 citat
2209 2876 2570 2949 Hieronymus
2615 2878 2716 2933 nisi
2763 2876 3063 2948 Cypriani;
3111 2878 3183 2931 ait
3216 2877 3399 2932 enim:

1836 2969 2069 3033 Quorum
2114 2968 2411 3039 Cyprianus
2445 2972 2509 3022 de
2556 2971 2870 3037 septenario,
2922 2971 2977 3023 id
3025 2971 3192 3023 estde
3220 2969 3409 3039 impari

1836 3078 2047 3114 numero
2076 3060 2333 3113 disserens
2360 3077 2476 3123 qua:
2498 3068 2546 3113 et
2569 3073 2764 3126 quanta
2791 3060 3001 3120 dixerit,
3032 3061 3098 3112 ad
3135 3057 3406 3113 Fortuna-

1761 3168 1802 3226 ε
1835 3165 1942 3206 tum
1967 3152 2097 3206 liber
2150 3152 2294 3205 illius
2344 3153 2638 3206 testimonio
2670 3161 2765 3206 est.
2818 3151 2934 3207 Jam
2983 3166 3111 3205 vero
3142 3166 3263 3220 qua:
3302 3150 3411 3222 Cy-

1838 3244 2063 3313 prianus
2103 3244 2152 3297 in
2188 3243 2347 3309 libro,
2398 3244 2511 3298 sive
2556 3243 2786 3314 epistola
2838 3246 2903 3296 ad
2960 3243 3313 3297 Fortunatutn
3345 3246 3412 3299 de

1836 3336 2139 3405 septenario
2161 3336 2376 3406 scripsit
2428 3350 2550 3404 pag.
2597 3334 2704 3389 522
2761 3336 3010 3390 editionis
3043 3334 3258 3390 Veneta:
3282 3338 3409 3391 anni

1838 3429 1997 3496 1728,
2025 3429 2195 3483 multo
2220 3432 2395 3484 minus
2419 3430 2633 3499 copiosa
2667 3440 2814 3493 sunt,
2844 3444 3004 3499 quam
3052 3444 3173 3498 qua:
3207 3430 3271 3484 de
3313 3444 3409 3482 eo-

1837 3524 1955 3575 dem
1979 3536 2203 3576 uumero
2230 3522 2467 3591 disputat
2506 3532 2697 3577 auctor
2734 3530 2939 3575 noster.
2998 3522 3149 3588 Quod
3188 3522 3231 3575 si
3288 3521 3411 3575 reli-

1837 3630 2064 3684 quorum
2099 3629 2262 3682 opera
2299 3628 2418 3683 quae
2440 3625 2652 3667 exstant
2682 3614 2966 3677 evolveris,
3003 3614 3244 3667 invenies
3273 3612 3406 3666 Ter.

1846 3705 2131 3759 tullianum
2160 3720 2395 3774 quoque,
2420 3705 2752 3761 Clementem
2780 3703 3222 3767 Alexandrinum,
3250 3714 3412 3771 atque

1838 3796 2125 3866 Origenem
2154 3796 2319 3849 variis
2355 3798 2406 3849 iu
2438 3798 2589 3861 locis,
2629 3796 2888 3849 llilarium
2930 3805 3156 3849 tractatu
3186 3796 3241 3847 in
3274 3796 3410 3864 psal-

1838 3906 1978 3941 mum
2005 3904 2192 3954 cxvttt,
2234 3898 2364 3942 tom.
2398 3888 2439 3954 I,
2462 3904 2582 3959 pag.
2607 3888 2806 3954 .i09,et
2836 3889 3176 3942 Lactantiom
3212 3886 3302 3939 lib.
3334 3901 3407 3942 vtt

1837 3978 2020 4034 Iastit.
2047 3995 2166 4050 cap.
2208 3980 2295 4044 li,
2321 3982 2496 4034 minus
2532 3983 2646 4035 fuse
2683 3980 2748 4035 de
2790 3978 2890 4034 hac
2938 3995 2995 4033 re
3040 3981 3242 4031 locutos
3268 3993 3408 4043 esse,

1837 4087 2000 4141 quam
2053 4072 2359 4143 theologum
2420 4082 2687 4127 nostrum.
2758 4072 2833 4127 De
2894 4069 3181 4143 Hippolyto
3205 4080 3408 4133 autem,

1838 4165 2113 4237 Dionysio,
2143 4164 2399 4231 Eusebio,
2428 4164 2708 4221 Victorino
2731 4165 2864 4220 nihil
2898 4165 3018 4220 dico
3041 4205 3056 4229 ,
3088 4163 3230 4236 quod
3262 4166 3412 4230 duo-

1837 4273 1956 4312 rum
1982 4258 2195 4327 quidem
2225 4273 2386 4328 opera
2416 4258 2740 4323 interici-tut,
2773 4258 2861 4312 alii
2914 4273 3041 4313 vero
3092 4259 3143 4310 in
3182 4257 3266 4311 his
3290 4271 3410 4326 qua:

1836 4358 2125 4416 supersunt
2155 4350 2411 4418 operibus
2434 4360 2525 4402 aut
2557 4365 2770 4418 parum,
2800 4358 2892 4403 aut
2923 4350 3055 4402 nihil
3111 4353 3176 4402 de
3219 4348 3410 4417 impari

1840 4456 2063 4495 numero
2096 4441 2385 4507 disserant,
2421 4442 2463 4494 si
2503 4441 2795 4496 Eusebium
2846 4441 3239 4497 Caesariensem
3264 4442 3410 4493 exci-

1838 4534 1977 4601 pias,
2004 4532 2096 4601 qui
2133 4534 2349 4587 ubinam
2392 4536 2457 4589 de
2499 4534 2590 4588 illo
2615 4550 2920 4594 sermonem
2951 4534 3168 4595 habeat,
3200 4534 3406 4602 ignoro,

1834 4624 1928 4679 sed
1962 4624 2136 4679 locum
2165 4624 2209 4676 is
2243 4624 2418 4689 facile,
2456 4626 2667 4694 opinor,
2703 4624 2939 4678 inveniet
2994 4624 3083 4691 qui
3132 4622 3249 4691 cjtts
3271 4636 3411 4673 cout-

1835 4715 2127 4768 mentarios
2158 4714 2211 4765 in
2237 4712 2501 4779 Psalmos,
2555 4725 2716 4783 atque
2767 4716 2823 4769 in
2856 4714 3053 4767 Isaiam
3084 4730 3111 4766 a
3144 4711 3411 4765 Moutl'au-

1837 4807 1995 4858 conio
2019 4805 2216 4867 editos,
2252 4813 2345 4858 aut
2394 4804 2499 4859 alia
2551 4806 2791 4876 ejusdem
2829 4805 2970 4858 modi
3000 4819 3160 4872 opera
3194 4801 3406 4856 Eusebii

1840 4897 2187 4965 percurrerit.
2222 4896 2349 4951 Mihi
2384 4898 2523 4952 enim
2576 4897 2704 4951 illud
2752 4898 2802 4951 in
2829 4910 3066 4966 praesens
3092 4893 3308 4958 sullicit,
3351 4906 3410 4949 ut

1836 4988 1992 5042 valde
2020 4987 2308 5043 verisimile
2332 4988 2404 5043 sit
2436 4991 2597 5043 hosce
2648 4989 2884 5043 auctoris
2917 4987 3085 5041 nostri
3140 4986 3307 5041 libros
3338 4986 3408 5042 ab

1839 5077 2165 5148 Hieronymo
2194 5080 2441 5133 iudicari.

1835 5214 1964 5268 CAP.
2003 5213 2088 5270 VI.
2137 5213 2367 5266 Perbelle
2418 5211 2622 5265 auctori
2665 5220 2838 5263 nostro
2866 5222 3154 5278 congruunt
3192 5227 3311 5280 qua:
3339 5211 3405 5266 de

1914 5285 2138 5353 Didymo
2169 5292 2429 5336 testantur
2452 5294 2663 5344 veteres,
2693 5297 2811 5353 eum
2843 5297 3021 5350 nempe
3039 5296 3087 5334 et
3126 5283 3193 5336 de
3224 5283 3403 5353 sectis,

1915 5364 1963 5406 et
1993 5350 2173 5407 contra
2220 5352 2532 5406 Manicltwos
2559 5351 2847 5414 scripsisse,
2875 5362 2922 5404 et
2961 5352 3184 5419 primum
3223 5352 3293 5405 ad
3315 5350 3408 5404 Co-

1916 5423 2135 5477 rinthios
2182 5420 2342 5476 Pauli
2392 5424 2683 5491 Epistolam
2724 5421 2973 5474 latissime
3011 5423 3407 5488 interpretatum

1914 5511 2042 5559 esse,
2076 5506 2125 5547 et
2154 5496 2323 5561 plures
2367 5496 2499 5546 alios
2555 5510 2582 5545 e
2624 5493 2785 5545 sacris
2823 5492 2970 5546 libris
2992 5492 3403 5558 commentariis,

1914 5576 2003 5617 aut
2030 5564 2464 5618 commentariolis
2492 5564 2801 5616 illustrasse.

1912 5672 2180 5730 llactcnus
2212 5673 2446 5729 rationes
2496 5674 2625 5729 satis
2650 5671 2895 5730 cllicaces
2948 5672 3246 5742 attulimus,
3282 5685 3404 5728 mox
