  <div class='ocr_page' id='page_1' title='image "/cluster/home/n/w/nwhite01/storage/ocr_20150623/39/hvd.32044019207778/081.png"; bbox 0 0 3796 6306; ppageno 0'>
   <div class='ocr_carea' id='block_1_1' title="bbox 446 317 555 380">
    <p class='ocr_par' dir='ltr' id='par_1_1' title="bbox 446 317 555 380">
     <span class='ocr_line' id='line_1_1' title="bbox 446 317 555 380; baseline -0.055 1"><span class='ocrx_word' id='word_1_1' title='bbox 446 317 555 380; x_wconf 65' lang='grc'><strong>147</strong></span> 
     </span>
    </p>
   </div>
   <div class='ocr_carea' id='block_1_2' title="bbox 1877 328 2255 385">
    <p class='ocr_par' dir='ltr' id='par_1_2' title="bbox 1877 328 2255 385">
     <span class='ocr_line' id='line_1_2' title="bbox 1877 328 2255 385; baseline 0.008 -3"><span class='ocrx_word' id='word_1_2' title='bbox 1877 329 1963 383; x_wconf 85' lang='lat' dir='ltr'><strong>DE</strong></span> <span class='ocrx_word' id='word_1_3' title='bbox 2002 328 2255 385; x_wconf 71' lang='lat' dir='ltr'><strong>DIDYIIIO</strong></span> 
     </span>
    </p>
   </div>
   <div class='ocr_carea' id='block_1_3' title="bbox 3560 334 3671 388">
    <p class='ocr_par' dir='ltr' id='par_1_3' title="bbox 3560 334 3671 388">
     <span class='ocr_line' id='line_1_3' title="bbox 3560 334 3671 388; baseline 0 -1"><span class='ocrx_word' id='word_1_4' title='bbox 3560 334 3671 388; x_wconf 74' lang='lat' dir='ltr'><strong>HS</strong></span> 
     </span>
    </p>
   </div>
   <div class='ocr_carea' id='block_1_4' title="bbox 455 438 3671 516">
    <p class='ocr_par' dir='ltr' id='par_1_4' title="bbox 455 438 3671 516">
     <span class='ocr_line' id='line_1_4' title="bbox 455 438 3671 516; baseline 0.002 -23"><span class='ocrx_word' id='word_1_5' title='bbox 455 438 588 493; x_wconf 88' lang='lat' dir='ltr'><strong>alias</strong></span> <span class='ocrx_word' id='word_1_6' title='bbox 618 439 791 492; x_wconf 90' lang='lat' dir='ltr'><strong>adhuc</strong></span> <span class='ocrx_word' id='word_1_7' title='bbox 818 439 1102 494; x_wconf 79' lang='lat' dir='ltr'><strong>validiores</strong></span> <span class='ocrx_word' id='word_1_8' title='bbox 1142 440 1420 510; x_wconf 89' lang='lat' dir='ltr'><strong>prolaturi.</strong></span> <span class='ocrx_word' id='word_1_9' title='bbox 1478 442 1581 497; x_wconf 90' lang='lat' dir='ltr'><strong>Sed</strong></span> <span class='ocrx_word' id='word_1_10' title='bbox 1614 456 1898 514; x_wconf 90' lang='lat' dir='ltr'><strong>antequam</strong></span> <span class='ocrx_word' id='word_1_11' title='bbox 1928 447 1993 501; x_wconf 91' lang='lat' dir='ltr'><strong>ad</strong></span> <span class='ocrx_word' id='word_1_12' title='bbox 2025 455 2067 508; x_wconf 79' lang='grc' dir='ltr'>Α</span> <span class='ocrx_word' id='word_1_13' title='bbox 2098 450 2262 501; x_wconf 87' lang='lat' dir='ltr'><strong>rimus</strong></span> <span class='ocrx_word' id='word_1_14' title='bbox 2295 448 2587 516; x_wconf 65' lang='lat' dir='ltr'><strong>Scriptura:</strong></span> <span class='ocrx_word' id='word_1_15' title='bbox 2624 448 2790 501; x_wconf 87' lang='lat' dir='ltr'><strong>libros</strong></span> <span class='ocrx_word' id='word_1_16' title='bbox 2818 449 3242 511; x_wconf 87' lang='lat' dir='ltr'><strong>commentariis,</strong></span> <span class='ocrx_word' id='word_1_17' title='bbox 3269 458 3357 503; x_wconf 80' lang='lat' dir='ltr'><strong>aut</strong></span> <span class='ocrx_word' id='word_1_18' title='bbox 3387 465 3671 502; x_wconf 63' lang='lat' dir='ltr'><strong>commcnc</strong></span> 
     </span>
    </p>
   </div>
   <div class='ocr_carea' id='block_1_5' title="bbox 448 532 2000 602">
    <p class='ocr_par' dir='ltr' id='par_1_5' title="bbox 448 532 2000 602">
     <span class='ocr_line' id='line_1_5' title="bbox 448 532 2000 602; baseline 0.004 -15"><span class='ocrx_word' id='word_1_19' title='bbox 448 532 546 588; x_wconf 88' lang='lat' dir='ltr'><strong>has</strong></span> <span class='ocrx_word' id='word_1_20' title='bbox 586 533 882 593; x_wconf 84' lang='lat' dir='ltr'><strong>veniamus,</strong></span> <span class='ocrx_word' id='word_1_21' title='bbox 947 533 1229 587; x_wconf 81' lang='lat' dir='ltr'><strong>nonnullas</strong></span> <span class='ocrx_word' id='word_1_22' title='bbox 1285 534 1373 587; x_wconf 91' lang='lat' dir='ltr'><strong>hic</strong></span> <span class='ocrx_word' id='word_1_23' title='bbox 1421 536 1618 589; x_wconf 78' lang='lat' dir='ltr'><strong>addere</strong></span> <span class='ocrx_word' id='word_1_24' title='bbox 1666 538 2000 602; x_wconf 77' lang='lat' dir='ltr'><strong>conjecturas</strong></span> 
     </span>
    </p>
   </div>
   <div class='ocr_carea' id='block_1_6' title="bbox 418 621 2003 697">
    <p class='ocr_par' dir='ltr' id='par_1_6' title="bbox 418 621 2003 697">
     <span class='ocr_line' id='line_1_6' title="bbox 418 621 2003 697; baseline 0.004 -23"><span class='ocrx_word' id='word_1_25' title='bbox 418 625 642 697; x_wconf 74' lang='lat' dir='ltr'><strong>_p|acet.</strong></span> <span class='ocrx_word' id='word_1_26' title='bbox 676 622 840 676; x_wconf 88' lang='lat' dir='ltr'><strong>Suum</strong></span> <span class='ocrx_word' id='word_1_27' title='bbox 876 621 1146 677; x_wconf 83' lang='lat' dir='ltr'><strong>Sectarum</strong></span> <span class='ocrx_word' id='word_1_28' title='bbox 1182 623 1431 677; x_wconf 80' lang='lat' dir='ltr'><strong>volumen</strong></span> <span class='ocrx_word' id='word_1_29' title='bbox 1466 625 1547 678; x_wconf 87' lang='lat' dir='ltr'><strong>bis</strong></span> <span class='ocrx_word' id='word_1_30' title='bbox 1601 640 1864 680; x_wconf 89' lang='lat' dir='ltr'><strong>memorat</strong></span> <span class='ocrx_word' id='word_1_31' title='bbox 1912 626 2003 679; x_wconf 87' lang='lat' dir='ltr'><strong>Di-</strong></span> 
     </span>
    </p>
   </div>
   <div class='ocr_carea' id='block_1_7' title="bbox 448 709 1995 784">
    <p class='ocr_par' dir='ltr' id='par_1_7' title="bbox 448 709 1995 784">
     <span class='ocr_line' id='line_1_7' title="bbox 448 709 1995 784; baseline 0.001 -17"><span class='ocrx_word' id='word_1_32' title='bbox 448 716 635 784; x_wconf 86' lang='lat' dir='ltr'><strong>dymus</strong></span> <span class='ocrx_word' id='word_1_33' title='bbox 664 713 719 765; x_wconf 92' lang='lat' dir='ltr'><strong>in</strong></span> <span class='ocrx_word' id='word_1_34' title='bbox 773 712 905 766; x_wconf 92' lang='lat' dir='ltr'><strong>libro</strong></span> <span class='ocrx_word' id='word_1_35' title='bbox 960 712 1033 763; x_wconf 84' lang='lat' dir='ltr'><strong>De</strong></span> <span class='ocrx_word' id='word_1_36' title='bbox 1096 711 1186 779; x_wconf 93' lang='lat' dir='ltr'><strong>Sp.</strong></span> <span class='ocrx_word' id='word_1_37' title='bbox 1224 709 1309 776; x_wconf 91' lang='lat' dir='ltr'><strong>S.,</strong></span> <span class='ocrx_word' id='word_1_38' title='bbox 1343 729 1488 765; x_wconf 80' lang='lat' dir='ltr'><strong>num.</strong></span> <span class='ocrx_word' id='word_1_39' title='bbox 1533 714 1565 766; x_wconf 87' lang='grc'><strong>5</strong></span> <span class='ocrx_word' id='word_1_40' title='bbox 1591 724 1643 766; x_wconf 89' lang='lat' dir='ltr'><strong>et</strong></span> <span class='ocrx_word' id='word_1_41' title='bbox 1670 714 1756 766; x_wconf 76' lang='lat' dir='ltr'><strong>2i.</strong></span> <span class='ocrx_word' id='word_1_42' title='bbox 1783 714 1995 783; x_wconf 87' lang='lat' dir='ltr'><strong>Opinati</strong></span> 
     </span>
    </p>
   </div>
   <div class='ocr_carea' id='block_1_8' title="bbox 448 807 2005 876">
    <p class='ocr_par' dir='ltr' id='par_1_8' title="bbox 448 807 2005 876">
     <span class='ocr_line' id='line_1_8' title="bbox 448 807 2005 876; baseline 0.002 -17"><span class='ocrx_word' id='word_1_43' title='bbox 448 818 623 861; x_wconf 91' lang='lat' dir='ltr'><strong>autem</strong></span> <span class='ocrx_word' id='word_1_44' title='bbox 657 817 782 862; x_wconf 88' lang='lat' dir='ltr'><strong>sunt</strong></span> <span class='ocrx_word' id='word_1_45' title='bbox 810 807 991 875; x_wconf 85' lang='lat' dir='ltr'><strong>aliqui,</strong></span> <span class='ocrx_word' id='word_1_46' title='bbox 1023 807 1071 859; x_wconf 88' lang='lat' dir='ltr'><strong>id</strong></span> <span class='ocrx_word' id='word_1_47' title='bbox 1101 822 1289 873; x_wconf 88' lang='lat' dir='ltr'><strong>magna</strong></span> <span class='ocrx_word' id='word_1_48' title='bbox 1321 807 1506 859; x_wconf 87' lang='lat' dir='ltr'><strong>saltem</strong></span> <span class='ocrx_word' id='word_1_49' title='bbox 1540 824 1601 860; x_wconf 73' lang='lat' dir='ltr'><strong>ex</strong></span> <span class='ocrx_word' id='word_1_50' title='bbox 1651 819 1801 876; x_wconf 87' lang='lat' dir='ltr'><strong>parte</strong></span> <span class='ocrx_word' id='word_1_51' title='bbox 1832 809 2005 863; x_wconf 91' lang='lat' dir='ltr'><strong>adhuc</strong></span> 
     </span>
    </p>
   </div>
   <div class='ocr_carea' id='block_1_9' title="bbox 447 897 2003 966">
    <p class='ocr_par' dir='ltr' id='par_1_9' title="bbox 447 897 2003 966">
     <span class='ocr_line' id='line_1_9' title="bbox 447 897 2003 966; baseline -0.002 -13"><span class='ocrx_word' id='word_1_52' title='bbox 447 910 685 961; x_wconf 75' lang='lat' dir='ltr'><strong>exstare,</strong></span> <span class='ocrx_word' id='word_1_53' title='bbox 746 899 883 952; x_wconf 93' lang='lat' dir='ltr'><strong>idem</strong></span> <span class='ocrx_word' id='word_1_54' title='bbox 931 912 1117 965; x_wconf 88' lang='lat' dir='ltr'><strong>nempe</strong></span> <span class='ocrx_word' id='word_1_55' title='bbox 1167 912 1287 950; x_wconf 80' lang='lat' dir='ltr'><strong>esse</strong></span> <span class='ocrx_word' id='word_1_56' title='bbox 1329 912 1447 949; x_wconf 90' lang='lat' dir='ltr'><strong>cum</strong></span> <span class='ocrx_word' id='word_1_57' title='bbox 1482 912 1547 951; x_wconf 91' lang='lat' dir='ltr'><strong>eo</strong></span> <span class='ocrx_word' id='word_1_58' title='bbox 1585 898 1723 966; x_wconf 86' lang='lat' dir='ltr'><strong>quod</strong></span> <span class='ocrx_word' id='word_1_59' title='bbox 1762 897 2003 951; x_wconf 79' lang='lat' dir='ltr'><strong>Philoso-</strong></span> 
     </span>
    </p>
   </div>
   <div class='ocr_carea' id='block_1_10' title="bbox 449 986 2004 1057">
    <p class='ocr_par' dir='ltr' id='par_1_10' title="bbox 449 986 2004 1057">
     <span class='ocr_line' id='line_1_10' title="bbox 449 986 2004 1057; baseline 0 -16"><span class='ocrx_word' id='word_1_60' title='bbox 449 990 708 1057; x_wconf 83' lang='lat' dir='ltr'><strong>plmmena</strong></span> <span class='ocrx_word' id='word_1_61' title='bbox 766 988 1100 1041; x_wconf 81' lang='lat' dir='ltr'><strong>inscribitur.</strong></span> <span class='ocrx_word' id='word_1_62' title='bbox 1156 986 1404 1040; x_wconf 86' lang='lat' dir='ltr'><strong>Nonnulli</strong></span> <span class='ocrx_word' id='word_1_63' title='bbox 1445 987 1605 1041; x_wconf 86' lang='lat' dir='ltr'><strong>etiam</strong></span> <span class='ocrx_word' id='word_1_64' title='bbox 1635 988 1902 1041; x_wconf 89' lang='lat' dir='ltr'><strong>diversum</strong></span> <span class='ocrx_word' id='word_1_65' title='bbox 1936 987 2004 1042; x_wconf 91' lang='lat' dir='ltr'><strong>ab</strong></span> 
     </span>
    </p>
   </div>
   <div class='ocr_carea' id='block_1_11' title="bbox 449 1078 2003 1147">
    <p class='ocr_par' dir='ltr' id='par_1_11' title="bbox 449 1078 2003 1147">
     <span class='ocr_line' id='line_1_11' title="bbox 449 1078 2003 1147; baseline -0.002 -13"><span class='ocrx_word' id='word_1_66' title='bbox 449 1082 539 1134; x_wconf 88' lang='lat' dir='ltr'><strong>illo</strong></span> <span class='ocrx_word' id='word_1_67' title='bbox 575 1095 677 1133; x_wconf 89' lang='lat' dir='ltr'><strong>non</strong></span> <span class='ocrx_word' id='word_1_68' title='bbox 704 1094 820 1133; x_wconf 90' lang='lat' dir='ltr'><strong>esse</strong></span> <span class='ocrx_word' id='word_1_69' title='bbox 846 1086 1192 1140; x_wconf 78' lang='lat' dir='ltr'><strong>censuerunt,</strong></span> <span class='ocrx_word' id='word_1_70' title='bbox 1228 1079 1367 1147; x_wconf 90' lang='lat' dir='ltr'><strong>quod</strong></span> <span class='ocrx_word' id='word_1_71' title='bbox 1406 1078 1713 1144; x_wconf 83' lang='lat' dir='ltr'><strong>Dogmatnm</strong></span> <span class='ocrx_word' id='word_1_72' title='bbox 1756 1079 2003 1131; x_wconf 85' lang='lat' dir='ltr'><strong>volumen</strong></span> 
     </span>
    </p>
   </div>
   <div class='ocr_carea' id='block_1_12' title="bbox 448 1167 2002 1240">
    <p class='ocr_par' dir='ltr' id='par_1_12' title="bbox 448 1167 2002 1240">
     <span class='ocr_line' id='line_1_12' title="bbox 448 1167 2002 1240; baseline -0.001 -17"><span class='ocrx_word' id='word_1_73' title='bbox 448 1171 705 1240; x_wconf 87' lang='lat' dir='ltr'><strong>Didymus</strong></span> <span class='ocrx_word' id='word_1_74' title='bbox 732 1170 845 1239; x_wconf 82' lang='lat' dir='ltr'><strong>ipse</strong></span> <span class='ocrx_word' id='word_1_75' title='bbox 879 1179 1033 1223; x_wconf 90' lang='lat' dir='ltr'><strong>vocat</strong></span> <span class='ocrx_word' id='word_1_76' title='bbox 1088 1168 1140 1221; x_wconf 91' lang='lat' dir='ltr'><strong>in</strong></span> <span class='ocrx_word' id='word_1_77' title='bbox 1194 1168 1328 1222; x_wconf 90' lang='lat' dir='ltr'><strong>libro</strong></span> <span class='ocrx_word' id='word_1_78' title='bbox 1362 1167 1433 1222; x_wconf 89' lang='lat' dir='ltr'><strong>De</strong></span> <span class='ocrx_word' id='word_1_79' title='bbox 1482 1168 1571 1235; x_wconf 83' lang='lat' dir='ltr'><strong>Sp.</strong></span> <span class='ocrx_word' id='word_1_80' title='bbox 1610 1167 1693 1233; x_wconf 90' lang='lat' dir='ltr'><strong>S.,</strong></span> <span class='ocrx_word' id='word_1_81' title='bbox 1735 1184 1877 1222; x_wconf 91' lang='lat' dir='ltr'><strong>nmn.</strong></span> <span class='ocrx_word' id='word_1_82' title='bbox 1913 1169 2002 1221; x_wconf 74' lang='grc'><strong>52.</strong></span> 
     </span>
    </p>
   </div>
   <div class='ocr_carea' id='block_1_13' title="bbox 447 1260 2006 1330">
    <p class='ocr_par' dir='ltr' id='par_1_13' title="bbox 447 1260 2006 1330">
     <span class='ocr_line' id='line_1_13' title="bbox 447 1260 2006 1330; baseline 0 -15"><span class='ocrx_word' id='word_1_83' title='bbox 447 1264 686 1329; x_wconf 88' lang='lat' dir='ltr'><strong>Quarum</strong></span> <span class='ocrx_word' id='word_1_84' title='bbox 727 1260 1035 1329; x_wconf 90' lang='lat' dir='ltr'><strong>opiniomnn</strong></span> <span class='ocrx_word' id='word_1_85' title='bbox 1060 1262 1285 1330; x_wconf 82' lang='lat' dir='ltr'><strong>primam</strong></span> <span class='ocrx_word' id='word_1_86' title='bbox 1315 1261 1564 1329; x_wconf 89' lang='lat' dir='ltr'><strong>gravibus</strong></span> <span class='ocrx_word' id='word_1_87' title='bbox 1587 1260 1873 1314; x_wconf 77' lang='lat' dir='ltr'><strong>obnoxiam</strong></span> <span class='ocrx_word' id='word_1_88' title='bbox 1888 1276 2006 1315; x_wconf 90' lang='lat' dir='ltr'><strong>csse</strong></span> 
     </span>
    </p>
   </div>
   <div class='ocr_carea' id='block_1_14' title="bbox 448 1351 2005 1415">
    <p class='ocr_par' dir='ltr' id='par_1_14' title="bbox 448 1351 2005 1415">
     <span class='ocr_line' id='line_1_14' title="bbox 448 1351 2005 1415; baseline -0.002 -10"><span class='ocrx_word' id='word_1_89' title='bbox 448 1352 842 1407; x_wconf 77' lang='lat' dir='ltr'><strong>difﬁcultatibus</strong></span> <span class='ocrx_word' id='word_1_90' title='bbox 872 1352 1017 1405; x_wconf 89' lang='lat' dir='ltr'><strong>multi</strong></span> <span class='ocrx_word' id='word_1_91' title='bbox 1051 1353 1419 1415; x_wconf 89' lang='lat' dir='ltr'><strong>ostenderunt,</strong></span> <span class='ocrx_word' id='word_1_92' title='bbox 1449 1351 1615 1405; x_wconf 89' lang='lat' dir='ltr'><strong>altera</strong></span> <span class='ocrx_word' id='word_1_93' title='bbox 1649 1351 1850 1405; x_wconf 84' lang='lat' dir='ltr'><strong>levibus</strong></span> <span class='ocrx_word' id='word_1_94' title='bbox 1876 1367 2005 1406; x_wconf 85' lang='lat' dir='ltr'><strong>con-</strong></span> 
     </span>
    </p>
   </div>
   <div class='ocr_carea' id='block_1_15' title="bbox 446 1441 2007 1513">
    <p class='ocr_par' dir='ltr' id='par_1_15' title="bbox 446 1441 2007 1513">
     <span class='ocr_line' id='line_1_15' title="bbox 446 1441 2007 1513; baseline -0.004 -14"><span class='ocrx_word' id='word_1_95' title='bbox 446 1444 667 1513; x_wconf 90' lang='lat' dir='ltr'><strong>iecturis</strong></span> <span class='ocrx_word' id='word_1_96' title='bbox 695 1443 956 1498; x_wconf 81' lang='lat' dir='ltr'><strong>duntaxat</strong></span> <span class='ocrx_word' id='word_1_97' title='bbox 1001 1442 1269 1499; x_wconf 89' lang='lat' dir='ltr'><strong>innititur.</strong></span> <span class='ocrx_word' id='word_1_98' title='bbox 1303 1441 1454 1507; x_wconf 83' lang='lat' dir='ltr'><strong>Quod</strong></span> <span class='ocrx_word' id='word_1_99' title='bbox 1476 1442 1518 1494; x_wconf 87' lang='lat' dir='ltr'><strong>si</strong></span> <span class='ocrx_word' id='word_1_100' title='bbox 1562 1442 1758 1495; x_wconf 87' lang='lat' dir='ltr'><strong>talibus</strong></span> <span class='ocrx_word' id='word_1_101' title='bbox 1794 1456 1892 1511; x_wconf 82' lang='lat' dir='ltr'><strong>ego</strong></span> <span class='ocrx_word' id='word_1_102' title='bbox 1922 1458 2007 1494; x_wconf 78' lang='lat' dir='ltr'><strong>ra-</strong></span> 
     </span>
    </p>
   </div>
   <div class='ocr_carea' id='block_1_16' title="bbox 447 1531 2008 1602">
    <p class='ocr_par' dir='ltr' id='par_1_16' title="bbox 447 1531 2008 1602">
     <span class='ocr_line' id='line_1_16' title="bbox 447 1531 2008 1602; baseline -0.003 -12"><span class='ocrx_word' id='word_1_103' title='bbox 447 1534 684 1590; x_wconf 76' lang='lat' dir='ltr'><strong>tionibus</strong></span> <span class='ocrx_word' id='word_1_104' title='bbox 714 1535 1126 1602; x_wconf 89' lang='lat' dir='ltr'><strong>acquiescerem.</strong></span> <span class='ocrx_word' id='word_1_105' title='bbox 1174 1534 1497 1586; x_wconf 76' lang='lat' dir='ltr'><strong>contendere</strong></span> <span class='ocrx_word' id='word_1_106' title='bbox 1532 1531 1750 1587; x_wconf 78' lang='lat' dir='ltr'><strong>forsitan</strong></span> <span class='ocrx_word' id='word_1_107' title='bbox 1804 1543 1858 1587; x_wconf 91' lang='lat' dir='ltr'><strong>et</strong></span> <span class='ocrx_word' id='word_1_108' title='bbox 1899 1534 2008 1601; x_wconf 90' lang='lat' dir='ltr'><strong>ipse</strong></span> 
     </span>
    </p>
   </div>
   <div class='ocr_carea' id='block_1_17' title="bbox 452 1622 2007 1695">
    <p class='ocr_par' dir='ltr' id='par_1_17' title="bbox 452 1622 2007 1695">
     <span class='ocr_line' id='line_1_17' title="bbox 452 1622 2007 1695; baseline -0.003 -14"><span class='ocrx_word' id='word_1_109' title='bbox 452 1640 686 1695; x_wconf 86' lang='lat' dir='ltr'><strong>possem,</strong></span> <span class='ocrx_word' id='word_1_110' title='bbox 706 1626 801 1679; x_wconf 89' lang='lat' dir='ltr'><strong>bos</strong></span> <span class='ocrx_word' id='word_1_111' title='bbox 826 1624 900 1678; x_wconf 76' lang='lat' dir='ltr'><strong>De</strong></span> <span class='ocrx_word' id='word_1_112' title='bbox 921 1622 1349 1677; x_wconf 85' lang='lat' dir='ltr'><strong>Trinitatelibros</strong></span> <span class='ocrx_word' id='word_1_113' title='bbox 1377 1623 1660 1677; x_wconf 88' lang='lat' dir='ltr'><strong>nibilaliud</strong></span> <span class='ocrx_word' id='word_1_114' title='bbox 1691 1639 1828 1685; x_wconf 84' lang='lat' dir='ltr'><strong>esse,</strong></span> <span class='ocrx_word' id='word_1_115' title='bbox 1847 1639 2007 1691; x_wconf 87' lang='lat' dir='ltr'><strong>quam</strong></span> 
     </span>
    </p>
   </div>
   <div class='ocr_carea' id='block_1_18' title="bbox 451 1714 2007 1782">
    <p class='ocr_par' dir='ltr' id='par_1_18' title="bbox 451 1714 2007 1782">
     <span class='ocr_line' id='line_1_18' title="bbox 451 1714 2007 1782; baseline -0.003 -11"><span class='ocrx_word' id='word_1_116' title='bbox 451 1714 725 1771; x_wconf 84' lang='lat' dir='ltr'><strong>Sectaram</strong></span> <span class='ocrx_word' id='word_1_117' title='bbox 768 1716 1057 1769; x_wconf 86' lang='lat' dir='ltr'><strong>volumen:</strong></span> <span class='ocrx_word' id='word_1_118' title='bbox 1114 1715 1413 1780; x_wconf 87' lang='lat' dir='ltr'><strong>hnjusmudi</strong></span> <span class='ocrx_word' id='word_1_119' title='bbox 1468 1716 1610 1767; x_wconf 90' lang='lat' dir='ltr'><strong>enim</strong></span> <span class='ocrx_word' id='word_1_120' title='bbox 1664 1715 1898 1782; x_wconf 82' lang='lat' dir='ltr'><strong>suspicio</strong></span> <span class='ocrx_word' id='word_1_121' title='bbox 1941 1728 2007 1766; x_wconf 77' lang='lat' dir='ltr'><strong>ex</strong></span> 
     </span>
    </p>
   </div>
   <div class='ocr_carea' id='block_1_19' title="bbox 452 1784 2081 1876">
    <p class='ocr_par' dir='ltr' id='par_1_19' title="bbox 452 1784 2081 1876">
     <span class='ocr_line' id='line_1_19' title="bbox 452 1784 2081 1876; baseline -0.001 -15"><span class='ocrx_word' id='word_1_122' title='bbox 452 1806 657 1861; x_wconf 88' lang='lat' dir='ltr'><strong>duobus</strong></span> <span class='ocrx_word' id='word_1_123' title='bbox 685 1806 966 1876; x_wconf 84' lang='lat' dir='ltr'><strong>postremis</strong></span> <span class='ocrx_word' id='word_1_124' title='bbox 990 1807 1131 1860; x_wconf 89' lang='lat' dir='ltr'><strong>tertii</strong></span> <span class='ocrx_word' id='word_1_125' title='bbox 1180 1806 1297 1860; x_wconf 88' lang='lat' dir='ltr'><strong>libri</strong></span> <span class='ocrx_word' id='word_1_126' title='bbox 1337 1805 1604 1875; x_wconf 78' lang='lat' dir='ltr'><strong>capitibus</strong></span> <span class='ocrx_word' id='word_1_127' title='bbox 1644 1806 1772 1860; x_wconf 90' lang='lat' dir='ltr'><strong>uriri</strong></span> <span class='ocrx_word' id='word_1_128' title='bbox 1805 1814 2004 1876; x_wconf 85' lang='lat' dir='ltr'><strong>posset.</strong></span> <span class='ocrx_word' id='word_1_129' title='bbox 2040 1784 2081 1837; x_wconf 72' lang='grc' dir='ltr'><strong>Β</strong></span> 
     </span>
    </p>
   </div>
   <div class='ocr_carea' id='block_1_20' title="bbox 449 1896 2007 1968">
    <p class='ocr_par' dir='ltr' id='par_1_20' title="bbox 449 1896 2007 1968">
     <span class='ocr_line' id='line_1_20' title="bbox 449 1896 2007 1968; baseline -0.001 -16"><span class='ocrx_word' id='word_1_130' title='bbox 449 1898 584 1953; x_wconf 82' lang='lat' dir='ltr'><strong>Nam</strong></span> <span class='ocrx_word' id='word_1_131' title='bbox 634 1898 810 1968; x_wconf 86' lang='lat' dir='ltr'><strong>capite</strong></span> <span class='ocrx_word' id='word_1_132' title='bbox 853 1899 1066 1967; x_wconf 89' lang='lat' dir='ltr'><strong>quidem</strong></span> <span class='ocrx_word' id='word_1_133' title='bbox 1094 1896 1157 1951; x_wconf 77' lang='grc'><strong>41</strong></span> <span class='ocrx_word' id='word_1_134' title='bbox 1214 1908 1431 1967; x_wconf 88' lang='lat' dir='ltr'><strong>repente</strong></span> <span class='ocrx_word' id='word_1_135' title='bbox 1500 1909 1687 1953; x_wconf 90' lang='lat' dir='ltr'><strong>auctor</strong></span> <span class='ocrx_word' id='word_1_136' title='bbox 1737 1908 1917 1952; x_wconf 82' lang='lat' dir='ltr'><strong>noster</strong></span> <span class='ocrx_word' id='word_1_137' title='bbox 1940 1898 2007 1952; x_wconf 90' lang='lat' dir='ltr'><strong>ad</strong></span> 
     </span>
    </p>
   </div>
   <div class='ocr_carea' id='block_1_21' title="bbox 449 1988 2006 2053">
    <p class='ocr_par' dir='ltr' id='par_1_21' title="bbox 449 1988 2006 2053">
     <span class='ocr_line' id='line_1_21' title="bbox 449 1988 2006 2053; baseline 0.001 -11"><span class='ocrx_word' id='word_1_138' title='bbox 449 1988 892 2043; x_wconf 82' lang='lat' dir='ltr'><strong>Montanistarum</strong></span> <span class='ocrx_word' id='word_1_139' title='bbox 924 1988 1167 2042; x_wconf 60' lang='lat' dir='ltr'><strong>haresim</strong></span> <span class='ocrx_word' id='word_1_140' title='bbox 1193 1989 1487 2044; x_wconf 88' lang='lat' dir='ltr'><strong>orationem</strong></span> <span class='ocrx_word' id='word_1_141' title='bbox 1508 1990 1792 2053; x_wconf 83' lang='lat' dir='ltr'><strong>convertit,</strong></span> <span class='ocrx_word' id='word_1_142' title='bbox 1817 2003 1878 2042; x_wconf 86' lang='lat' dir='ltr'><strong>ac</strong></span> <span class='ocrx_word' id='word_1_143' title='bbox 1902 2005 2006 2043; x_wconf 86' lang='lat' dir='ltr'><strong>non</strong></span> 
     </span>
    </p>
   </div>
   <div class='ocr_carea' id='block_1_22' title="bbox 452 2077 2003 2145">
    <p class='ocr_par' dir='ltr' id='par_1_22' title="bbox 452 2077 2003 2145">
     <span class='ocr_line' id='line_1_22' title="bbox 452 2077 2003 2145; baseline 0.001 -14"><span class='ocrx_word' id='word_1_144' title='bbox 452 2079 610 2132; x_wconf 88' lang='lat' dir='ltr'><strong>modo</strong></span> <span class='ocrx_word' id='word_1_145' title='bbox 643 2093 705 2131; x_wconf 91' lang='lat' dir='ltr'><strong>ea</strong></span> <span class='ocrx_word' id='word_1_146' title='bbox 738 2077 953 2141; x_wconf 83' lang='lat' dir='ltr'><strong>refellit,</strong></span> <span class='ocrx_word' id='word_1_147' title='bbox 995 2092 1112 2145; x_wconf 62' lang='lat' dir='ltr'><strong>quae</strong></span> <span class='ocrx_word' id='word_1_148' title='bbox 1147 2089 1338 2132; x_wconf 87' lang='lat' dir='ltr'><strong>contra</strong></span> <span class='ocrx_word' id='word_1_149' title='bbox 1366 2078 1684 2132; x_wconf 88' lang='lat' dir='ltr'><strong>catholicam</strong></span> <span class='ocrx_word' id='word_1_150' title='bbox 1730 2081 1794 2132; x_wconf 88' lang='lat' dir='ltr'><strong>de</strong></span> <span class='ocrx_word' id='word_1_151' title='bbox 1829 2078 2003 2132; x_wconf 81' lang='lat' dir='ltr'><strong>Trini-</strong></span> 
     </span>
    </p>
   </div>
   <div class='ocr_carea' id='block_1_23' title="bbox 453 2169 2009 2234">
    <p class='ocr_par' dir='ltr' id='par_1_23' title="bbox 453 2169 2009 2234">
     <span class='ocr_line' id='line_1_23' title="bbox 453 2169 2009 2234; baseline 0 -11"><span class='ocrx_word' id='word_1_152' title='bbox 453 2178 561 2224; x_wconf 87' lang='lat' dir='ltr'><strong>tate</strong></span> <span class='ocrx_word' id='word_1_153' title='bbox 590 2170 885 2224; x_wconf 87' lang='lat' dir='ltr'><strong>doctrinam</strong></span> <span class='ocrx_word' id='word_1_154' title='bbox 920 2169 1208 2234; x_wconf 86' lang='lat' dir='ltr'><strong>docebant,</strong></span> <span class='ocrx_word' id='word_1_155' title='bbox 1244 2175 1337 2224; x_wconf 87' lang='lat' dir='ltr'><strong>sed</strong></span> <span class='ocrx_word' id='word_1_156' title='bbox 1369 2169 1555 2224; x_wconf 72' lang='lat' dir='ltr'><strong>et&#39;alia</strong></span> <span class='ocrx_word' id='word_1_157' title='bbox 1598 2184 1782 2223; x_wconf 86' lang='lat' dir='ltr'><strong>eorum</strong></span> <span class='ocrx_word' id='word_1_158' title='bbox 1817 2172 2009 2225; x_wconf 87' lang='lat' dir='ltr'><strong>delira-</strong></span> 
     </span>
    </p>
   </div>
   <div class='ocr_carea' id='block_1_24' title="bbox 450 2260 2010 2316">
    <p class='ocr_par' dir='ltr' id='par_1_24' title="bbox 450 2260 2010 2316">
     <span class='ocr_line' id='line_1_24' title="bbox 450 2260 2010 2316; baseline -0.001 -2"><span class='ocrx_word' id='word_1_159' title='bbox 450 2270 630 2316; x_wconf 90' lang='lat' dir='ltr'><strong>menta</strong></span> <span class='ocrx_word' id='word_1_160' title='bbox 657 2280 669 2314; x_wconf 89' lang='lat'><strong>:</strong></span> <span class='ocrx_word' id='word_1_161' title='bbox 703 2272 810 2315; x_wconf 90' lang='lat' dir='ltr'><strong>tum</strong></span> <span class='ocrx_word' id='word_1_162' title='bbox 834 2262 1012 2315; x_wconf 89' lang='lat' dir='ltr'><strong>subdit</strong></span> <span class='ocrx_word' id='word_1_163' title='bbox 1038 2277 1050 2311; x_wconf 93' lang='lat'>:</span> <span class='ocrx_word' id='word_1_164' title='bbox 1079 2260 1166 2313; x_wconf 85' lang='lat' dir='ltr'><strong>Ita</strong></span> <span class='ocrx_word' id='word_1_165' title='bbox 1188 2264 1435 2314; x_wconf 80' lang='lat' dir='ltr'><strong>adversus</strong></span> <span class='ocrx_word' id='word_1_166' title='bbox 1483 2260 1616 2314; x_wconf 87' lang='lat' dir='ltr'><strong>alias</strong></span> <span class='ocrx_word' id='word_1_167' title='bbox 1652 2263 1869 2315; x_wconf 74' lang='lat' dir='ltr'><strong>Iiwreses</strong></span> <span class='ocrx_word' id='word_1_168' title='bbox 1902 2278 2010 2313; x_wconf 88' lang='lat' dir='ltr'><strong>mo-</strong></span> 
     </span>
    </p>
   </div>
   <div class='ocr_carea' id='block_1_25' title="bbox 450 2353 2011 2423">
    <p class='ocr_par' dir='ltr' id='par_1_25' title="bbox 450 2353 2011 2423">
     <span class='ocr_line' id='line_1_25' title="bbox 450 2353 2011 2423; baseline 0 -18"><span class='ocrx_word' id='word_1_169' title='bbox 450 2353 592 2407; x_wconf 84' lang='lat' dir='ltr'><strong>deste</strong></span> <span class='ocrx_word' id='word_1_170' title='bbox 618 2370 679 2406; x_wconf 91' lang='lat' dir='ltr'><strong>ac</strong></span> <span class='ocrx_word' id='word_1_171' title='bbox 701 2355 977 2423; x_wconf 75' lang='lat' dir='ltr'><strong>sapienter,</strong></span> <span class='ocrx_word' id='word_1_172' title='bbox 1004 2362 1057 2405; x_wconf 86' lang='lat' dir='ltr'><strong>ut</strong></span> <span class='ocrx_word' id='word_1_173' title='bbox 1094 2369 1388 2422; x_wconf 83' lang='lat' dir='ltr'><strong>possumus.</strong></span> <span class='ocrx_word' id='word_1_174' title='bbox 1439 2369 1746 2422; x_wconf 85' lang='lat' dir='ltr'><strong>pugnamus.</strong></span> <span class='ocrx_word' id='word_1_175' title='bbox 1788 2353 1864 2407; x_wconf 83' lang='lat' dir='ltr'><strong>Ac</strong></span> <span class='ocrx_word' id='word_1_176' title='bbox 1901 2364 2011 2407; x_wconf 82' lang='lat' dir='ltr'><strong>sta-</strong></span> 
     </span>
    </p>
   </div>
   <div class='ocr_carea' id='block_1_26' title="bbox 453 2442 2007 2514">
    <p class='ocr_par' dir='ltr' id='par_1_26' title="bbox 453 2442 2007 2514">
     <span class='ocr_line' id='line_1_26' title="bbox 453 2442 2007 2514; baseline 0.001 -19"><span class='ocrx_word' id='word_1_177' title='bbox 453 2444 546 2495; x_wconf 92' lang='lat' dir='ltr'><strong>tim</strong></span> <span class='ocrx_word' id='word_1_178' title='bbox 568 2453 749 2511; x_wconf 90' lang='lat' dir='ltr'><strong>postea</strong></span> <span class='ocrx_word' id='word_1_179' title='bbox 786 2442 1109 2499; x_wconf 61' lang='lat' dir='ltr'><strong>Manichacus</strong></span> <span class='ocrx_word' id='word_1_180' title='bbox 1141 2443 1419 2498; x_wconf 88' lang='lat' dir='ltr'><strong>confutare</strong></span> <span class='ocrx_word' id='word_1_181' title='bbox 1456 2447 1760 2514; x_wconf 86' lang='lat' dir='ltr'><strong>aggreditur</strong></span> <span class='ocrx_word' id='word_1_182' title='bbox 1787 2460 1902 2514; x_wconf 88' lang='lat' dir='ltr'><strong>cap.</strong></span> <span class='ocrx_word' id='word_1_183' title='bbox 1918 2444 2007 2507; x_wconf 67' lang='lat'><strong>42,</strong></span> 
     </span>
    </p>
   </div>
   <div class='ocr_carea' id='block_1_27' title="bbox 449 2534 2007 2605">
    <p class='ocr_par' dir='ltr' id='par_1_27' title="bbox 449 2534 2007 2605">
     <span class='ocr_line' id='line_1_27' title="bbox 449 2534 2007 2605; baseline -0.001 -15"><span class='ocrx_word' id='word_1_184' title='bbox 449 2534 601 2602; x_wconf 89' lang='lat' dir='ltr'><strong>cujus</strong></span> <span class='ocrx_word' id='word_1_185' title='bbox 631 2537 832 2589; x_wconf 90' lang='lat' dir='ltr'><strong>utinam</strong></span> <span class='ocrx_word' id='word_1_186' title='bbox 863 2544 1184 2605; x_wconf 86' lang='lat' dir='ltr'><strong>postremam</strong></span> <span class='ocrx_word' id='word_1_187' title='bbox 1211 2546 1413 2604; x_wconf 88' lang='lat' dir='ltr'><strong>partem</strong></span> <span class='ocrx_word' id='word_1_188' title='bbox 1437 2537 1591 2590; x_wconf 88' lang='lat' dir='ltr'><strong>nobis</strong></span> <span class='ocrx_word' id='word_1_189' title='bbox 1622 2546 1752 2590; x_wconf 69' lang='lat' dir='ltr'><strong>tetas</strong></span> <span class='ocrx_word' id='word_1_190' title='bbox 1780 2552 1881 2590; x_wconf 91' lang='lat' dir='ltr'><strong>non</strong></span> <span class='ocrx_word' id='word_1_191' title='bbox 1924 2536 2007 2589; x_wconf 77' lang='lat' dir='ltr'><strong>ia-</strong></span> 
     </span>
    </p>
   </div>
   <div class='ocr_carea' id='block_1_28' title="bbox 450 2624 2011 2696">
    <p class='ocr_par' dir='ltr' id='par_1_28' title="bbox 450 2624 2011 2696">
     <span class='ocr_line' id='line_1_28' title="bbox 450 2624 2011 2696; baseline 0.001 -17"><span class='ocrx_word' id='word_1_192' title='bbox 450 2624 691 2680; x_wconf 83' lang='lat' dir='ltr'><strong>vidisset.</strong></span> <span class='ocrx_word' id='word_1_193' title='bbox 731 2624 1047 2696; x_wconf 86' lang='lat' dir='ltr'><strong>Hujusmodi</strong></span> <span class='ocrx_word' id='word_1_194' title='bbox 1083 2634 1260 2679; x_wconf 84' lang='lat' dir='ltr'><strong>tamen</strong></span> <span class='ocrx_word' id='word_1_195' title='bbox 1288 2641 1386 2695; x_wconf 85' lang='lat' dir='ltr'><strong>ego</strong></span> <span class='ocrx_word' id='word_1_196' title='bbox 1416 2626 1722 2695; x_wconf 85' lang='lat' dir='ltr'><strong>suspicione</strong></span> <span class='ocrx_word' id='word_1_197' title='bbox 1767 2641 1869 2680; x_wconf 92' lang='lat' dir='ltr'><strong>non</strong></span> <span class='ocrx_word' id='word_1_198' title='bbox 1899 2643 2011 2681; x_wconf 87' lang='lat' dir='ltr'><strong>mo-</strong></span> 
     </span>
    </p>
   </div>
   <div class='ocr_carea' id='block_1_29' title="bbox 451 2716 2010 2780">
    <p class='ocr_par' dir='ltr' id='par_1_29' title="bbox 451 2716 2010 2780">
     <span class='ocr_line' id='line_1_29' title="bbox 451 2716 2010 2780; baseline 0.001 -13"><span class='ocrx_word' id='word_1_199' title='bbox 451 2730 598 2780; x_wconf 87' lang='lat' dir='ltr'><strong>veor,</strong></span> <span class='ocrx_word' id='word_1_200' title='bbox 627 2718 719 2771; x_wconf 89' lang='lat' dir='ltr'><strong>sed</strong></span> <span class='ocrx_word' id='word_1_201' title='bbox 759 2727 865 2770; x_wconf 90' lang='lat' dir='ltr'><strong>tres</strong></span> <span class='ocrx_word' id='word_1_202' title='bbox 898 2718 1058 2771; x_wconf 91' lang='lat' dir='ltr'><strong>hosce</strong></span> <span class='ocrx_word' id='word_1_203' title='bbox 1087 2716 1163 2770; x_wconf 88' lang='lat' dir='ltr'><strong>De</strong></span> <span class='ocrx_word' id='word_1_204' title='bbox 1190 2718 1441 2771; x_wconf 84' lang='lat' dir='ltr'><strong>Trinitate</strong></span> <span class='ocrx_word' id='word_1_205' title='bbox 1474 2718 1636 2771; x_wconf 87' lang='lat' dir='ltr'><strong>libros</strong></span> <span class='ocrx_word' id='word_1_206' title='bbox 1681 2733 1711 2771; x_wconf 90' lang='lat' dir='ltr'><strong>a</strong></span> <span class='ocrx_word' id='word_1_207' title='bbox 1739 2716 2010 2771; x_wconf 83' lang='lat' dir='ltr'><strong>Sectarum</strong></span> 
     </span>
    </p>
   </div>
   <div class='ocr_carea' id='block_1_30' title="bbox 450 2807 2011 2877">
    <p class='ocr_par' dir='ltr' id='par_1_30' title="bbox 450 2807 2011 2877">
     <span class='ocr_line' id='line_1_30' title="bbox 450 2807 2011 2877; baseline 0.003 -20"><span class='ocrx_word' id='word_1_208' title='bbox 450 2808 720 2861; x_wconf 86' lang='lat' dir='ltr'><strong>volumine</strong></span> <span class='ocrx_word' id='word_1_209' title='bbox 749 2808 967 2861; x_wconf 90' lang='lat' dir='ltr'><strong>omnino</strong></span> <span class='ocrx_word' id='word_1_210' title='bbox 991 2807 1122 2860; x_wconf 91' lang='lat' dir='ltr'><strong>alios</strong></span> <span class='ocrx_word' id='word_1_211' title='bbox 1145 2822 1265 2859; x_wconf 89' lang='lat' dir='ltr'><strong>esse</strong></span> <span class='ocrx_word' id='word_1_212' title='bbox 1296 2809 1582 2862; x_wconf 80' lang='lat' dir='ltr'><strong>existimo:</strong></span> <span class='ocrx_word' id='word_1_213' title='bbox 1616 2818 1725 2862; x_wconf 90' lang='lat' dir='ltr'><strong>tum</strong></span> <span class='ocrx_word' id='word_1_214' title='bbox 1748 2811 1868 2876; x_wconf 89' lang='lat' dir='ltr'><strong>quia</strong></span> <span class='ocrx_word' id='word_1_215' title='bbox 1894 2823 2011 2877; x_wconf 65' lang='lat' dir='ltr'><strong>quae</strong></span> 
     </span>
    </p>
   </div>
   <div class='ocr_carea' id='block_1_31' title="bbox 452 2898 2012 2970">
    <p class='ocr_par' dir='ltr' id='par_1_31' title="bbox 452 2898 2012 2970">
     <span class='ocr_line' id='line_1_31' title="bbox 452 2898 2012 2970; baseline 0.002 -18"><span class='ocrx_word' id='word_1_216' title='bbox 452 2900 518 2954; x_wconf 88' lang='lat' dir='ltr'><strong>de</strong></span> <span class='ocrx_word' id='word_1_217' title='bbox 548 2899 1013 2962; x_wconf 81' lang='lat' dir='ltr'><strong>MontaniSIarnm,</strong></span> <span class='ocrx_word' id='word_1_218' title='bbox 1056 2898 1465 2953; x_wconf 66' lang='lat' dir='ltr'><strong>Manichaeorum</strong></span> <span class='ocrx_word' id='word_1_219' title='bbox 1494 2942 1509 2966; x_wconf 92' lang='lat'><strong>,</strong></span> <span class='ocrx_word' id='word_1_220' title='bbox 1548 2900 1880 2970; x_wconf 86' lang='lat' dir='ltr'><strong>aliorumque</strong></span> <span class='ocrx_word' id='word_1_221' title='bbox 1912 2904 2012 2956; x_wconf 75' lang='lat' dir='ltr'><strong>ba:-</strong></span> 
     </span>
    </p>
   </div>
   <div class='ocr_carea' id='block_1_32' title="bbox 452 2991 2011 3055">
    <p class='ocr_par' dir='ltr' id='par_1_32' title="bbox 452 2991 2011 3055">
     <span class='ocr_line' id='line_1_32' title="bbox 452 2991 2011 3055; baseline 0.003 -13"><span class='ocrx_word' id='word_1_222' title='bbox 452 2992 746 3045; x_wconf 86' lang='lat' dir='ltr'><strong>reticorum</strong></span> <span class='ocrx_word' id='word_1_223' title='bbox 804 2992 963 3045; x_wconf 87' lang='lat' dir='ltr'><strong>sectis</strong></span> <span class='ocrx_word' id='word_1_224' title='bbox 1009 2991 1138 3044; x_wconf 88' lang='lat' dir='ltr'><strong>dicit</strong></span> <span class='ocrx_word' id='word_1_225' title='bbox 1193 3000 1396 3055; x_wconf 88' lang='lat' dir='ltr'><strong>auctor,</strong></span> <span class='ocrx_word' id='word_1_226' title='bbox 1445 2992 1621 3046; x_wconf 91' lang='lat' dir='ltr'><strong>obiter</strong></span> <span class='ocrx_word' id='word_1_227' title='bbox 1648 2993 2011 3055; x_wconf 74' lang='lat' dir='ltr'><strong>duntaxat,ac</strong></span> 
     </span>
    </p>
   </div>
   <div class='ocr_carea' id='block_1_33' title="bbox 453 3079 1786 3155">
    <p class='ocr_par' dir='ltr' id='par_1_33' title="bbox 453 3079 1786 3155">
     <span class='ocr_line' id='line_1_33' title="bbox 453 3079 1786 3155; baseline 0.002 -20"><span class='ocrx_word' id='word_1_228' title='bbox 453 3079 593 3155; x_wconf 77' lang='lat' dir='ltr'><strong>[XV]</strong></span> <span class='ocrx_word' id='word_1_229' title='bbox 646 3081 808 3137; x_wconf 86' lang='lat' dir='ltr'><strong>veluti</strong></span> <span class='ocrx_word' id='word_1_230' title='bbox 860 3082 1167 3151; x_wconf 89' lang='lat' dir='ltr'><strong>appendicis</strong></span> <span class='ocrx_word' id='word_1_231' title='bbox 1205 3082 1320 3138; x_wconf 85' lang='lat' dir='ltr'><strong>loco</strong></span> <span class='ocrx_word' id='word_1_232' title='bbox 1372 3082 1474 3137; x_wconf 84' lang='lat' dir='ltr'><strong>dici</strong></span> <span class='ocrx_word' id='word_1_233' title='bbox 1540 3084 1786 3137; x_wconf 86' lang='lat' dir='ltr'><strong>videntur</strong></span> 
     </span>
    </p>
   </div>
   <div class='ocr_carea' id='block_1_34' title="bbox 450 3172 2009 3243">
    <p class='ocr_par' dir='ltr' id='par_1_34' title="bbox 450 3172 2009 3243">
     <span class='ocr_line' id='line_1_34' title="bbox 450 3172 2009 3243; baseline 0.003 -17"><span class='ocrx_word' id='word_1_234' title='bbox 450 3175 610 3227; x_wconf 90' lang='lat' dir='ltr'><strong>etiam</strong></span> <span class='ocrx_word' id='word_1_235' title='bbox 639 3174 760 3243; x_wconf 90' lang='lat' dir='ltr'><strong>quia</strong></span> <span class='ocrx_word' id='word_1_236' title='bbox 798 3172 1067 3241; x_wconf 76' lang='lat' dir='ltr'><strong>Sectarum</strong></span> <span class='ocrx_word' id='word_1_237' title='bbox 1088 3173 1330 3228; x_wconf 88' lang='lat' dir='ltr'><strong>volumen</strong></span> <span class='ocrx_word' id='word_1_238' title='bbox 1361 3174 1691 3230; x_wconf 89' lang='lat' dir='ltr'><strong>antelibrum</strong></span> <span class='ocrx_word' id='word_1_239' title='bbox 1721 3174 1795 3228; x_wconf 89' lang='lat' dir='ltr'><strong>De</strong></span> <span class='ocrx_word' id='word_1_240' title='bbox 1812 3174 2009 3243; x_wconf 80' lang='lat' dir='ltr'><strong>Spiritu</strong></span> 
     </span>
    </p>
   </div>
   <div class='ocr_carea' id='block_1_35' title="bbox 452 3263 2008 3334">
    <p class='ocr_par' dir='ltr' id='par_1_35' title="bbox 452 3263 2008 3334">
     <span class='ocr_line' id='line_1_35' title="bbox 452 3263 2008 3334; baseline 0.003 -18"><span class='ocrx_word' id='word_1_241' title='bbox 452 3276 648 3326; x_wconf 84' lang='lat' dir='ltr'><strong>sancto,</strong></span> <span class='ocrx_word' id='word_1_242' title='bbox 684 3275 791 3317; x_wconf 88' lang='lat' dir='ltr'><strong>tres</strong></span> <span class='ocrx_word' id='word_1_243' title='bbox 828 3279 953 3317; x_wconf 90' lang='lat' dir='ltr'><strong>vero</strong></span> <span class='ocrx_word' id='word_1_244' title='bbox 978 3263 1027 3317; x_wconf 88' lang='grc' dir='ltr'><strong>Ιιί</strong></span> <span class='ocrx_word' id='word_1_245' title='bbox 1060 3263 1178 3316; x_wconf 90' lang='lat' dir='ltr'><strong>libri</strong></span> <span class='ocrx_word' id='word_1_246' title='bbox 1218 3274 1336 3331; x_wconf 92' lang='lat' dir='ltr'><strong>post</strong></span> <span class='ocrx_word' id='word_1_247' title='bbox 1379 3266 1623 3319; x_wconf 87' lang='lat' dir='ltr'><strong>eumdem</strong></span> <span class='ocrx_word' id='word_1_248' title='bbox 1655 3280 1772 3319; x_wconf 91' lang='lat' dir='ltr'><strong>meo</strong></span> <span class='ocrx_word' id='word_1_249' title='bbox 1796 3267 2008 3334; x_wconf 84' lang='lat' dir='ltr'><strong>quidem</strong></span> 
     </span>
    </p>
   </div>
   <div class='ocr_carea' id='block_1_36' title="bbox 450 3354 2009 3426">
    <p class='ocr_par' dir='ltr' id='par_1_36' title="bbox 450 3354 2009 3426">
     <span class='ocr_line' id='line_1_36' title="bbox 450 3354 2009 3426; baseline 0.004 -21"><span class='ocrx_word' id='word_1_250' title='bbox 450 3354 652 3423; x_wconf 88' lang='lat' dir='ltr'><strong>judicio</strong></span> <span class='ocrx_word' id='word_1_251' title='bbox 675 3356 854 3409; x_wconf 90' lang='lat' dir='ltr'><strong>dictati</strong></span> <span class='ocrx_word' id='word_1_252' title='bbox 885 3365 1027 3409; x_wconf 87' lang='lat' dir='ltr'><strong>sunt.</strong></span> <span class='ocrx_word' id='word_1_253' title='bbox 1057 3354 1184 3407; x_wconf 92' lang='lat' dir='ltr'><strong>Illud</strong></span> <span class='ocrx_word' id='word_1_254' title='bbox 1231 3355 1412 3424; x_wconf 84' lang='lat' dir='ltr'><strong>itaque</strong></span> <span class='ocrx_word' id='word_1_255' title='bbox 1462 3364 1663 3410; x_wconf 84' lang='lat' dir='ltr'><strong>tantum</strong></span> <span class='ocrx_word' id='word_1_256' title='bbox 1698 3358 1802 3421; x_wconf 90' lang='lat' dir='ltr'><strong>aio,</strong></span> <span class='ocrx_word' id='word_1_257' title='bbox 1844 3359 1890 3410; x_wconf 88' lang='lat' dir='ltr'><strong>ei</strong></span> <span class='ocrx_word' id='word_1_258' title='bbox 1919 3359 2009 3426; x_wconf 89' lang='lat' dir='ltr'><strong>qui</strong></span> 
     </span>
    </p>
   </div>
   <div class='ocr_carea' id='block_1_37' title="bbox 454 3445 2008 3518">
    <p class='ocr_par' dir='ltr' id='par_1_37' title="bbox 454 3445 2008 3518">
     <span class='ocr_line' id='line_1_37' title="bbox 454 3445 2008 3518; baseline 0.002 -19"><span class='ocrx_word' id='word_1_259' title='bbox 454 3445 529 3500; x_wconf 85' lang='lat' dir='ltr'><strong>De</strong></span> <span class='ocrx_word' id='word_1_260' title='bbox 554 3447 831 3499; x_wconf 72' lang='lat' dir='ltr'><strong>Iurresibns</strong></span> <span class='ocrx_word' id='word_1_261' title='bbox 856 3447 935 3499; x_wconf 88' lang='lat' dir='ltr'><strong>vel</strong></span> <span class='ocrx_word' id='word_1_262' title='bbox 970 3449 1453 3516; x_wconf 85' lang='lat' dir='ltr'><strong>sectis,scripserit,</strong></span> <span class='ocrx_word' id='word_1_263' title='bbox 1489 3448 1684 3518; x_wconf 84' lang='lat' dir='ltr'><strong>optime</strong></span> <span class='ocrx_word' id='word_1_264' title='bbox 1704 3452 2008 3513; x_wconf 86' lang='lat' dir='ltr'><strong>convenire,</strong></span> 
     </span>
    </p>
   </div>
   <div class='ocr_carea' id='block_1_38' title="bbox 400 3536 2009 3611">
    <p class='ocr_par' dir='ltr' id='par_1_38' title="bbox 400 3536 2009 3611">
     <span class='ocr_line' id='line_1_38' title="bbox 400 3536 2009 3611; baseline 0.002 -21"><span class='ocrx_word' id='word_1_265' title='bbox 400 3536 407 3543; x_wconf 58' lang='grc'><strong>“</strong></span> <span class='ocrx_word' id='word_1_266' title='bbox 457 3550 514 3592; x_wconf 82' lang='grc' dir='ltr'><strong>ιιι</strong></span> <span class='ocrx_word' id='word_1_267' title='bbox 545 3550 810 3608; x_wconf 89' lang='lat' dir='ltr'><strong>postrema</strong></span> <span class='ocrx_word' id='word_1_268' title='bbox 845 3541 931 3593; x_wconf 90' lang='lat' dir='ltr'><strong>illa</strong></span> <span class='ocrx_word' id='word_1_269' title='bbox 966 3542 1069 3594; x_wconf 88' lang='lat' dir='ltr'><strong>duo</strong></span> <span class='ocrx_word' id='word_1_270' title='bbox 1100 3541 1272 3611; x_wconf 86' lang='lat' dir='ltr'><strong>capita</strong></span> <span class='ocrx_word' id='word_1_271' title='bbox 1307 3542 1609 3595; x_wconf 78' lang='lat' dir='ltr'><strong>dictaverit.</strong></span> <span class='ocrx_word' id='word_1_272' title='bbox 1646 3542 1698 3594; x_wconf 92' lang='lat' dir='ltr'><strong>Id</strong></span> <span class='ocrx_word' id='word_1_273' title='bbox 1746 3541 1886 3593; x_wconf 91' lang='lat' dir='ltr'><strong>enim</strong></span> <span class='ocrx_word' id='word_1_274' title='bbox 1919 3542 2009 3594; x_wconf 91' lang='lat' dir='ltr'><strong>Di-</strong></span> 
     </span>
    </p>
   </div>
   <div class='ocr_carea' id='block_1_39' title="bbox 454 3632 2009 3701">
    <p class='ocr_par' dir='ltr' id='par_1_39' title="bbox 454 3632 2009 3701">
     <span class='ocr_line' id='line_1_39' title="bbox 454 3632 2009 3701; baseline -0.001 -17"><span class='ocrx_word' id='word_1_275' title='bbox 454 3632 615 3700; x_wconf 87' lang='lat' dir='ltr'><strong>dymo</strong></span> <span class='ocrx_word' id='word_1_276' title='bbox 641 3632 690 3683; x_wconf 88' lang='lat' dir='ltr'><strong>itt</strong></span> <span class='ocrx_word' id='word_1_277' title='bbox 726 3646 873 3683; x_wconf 85' lang='lat' dir='ltr'><strong>more</strong></span> <span class='ocrx_word' id='word_1_278' title='bbox 905 3632 1131 3701; x_wconf 88' lang='lat' dir='ltr'><strong>positum</strong></span> <span class='ocrx_word' id='word_1_279' title='bbox 1172 3647 1289 3685; x_wconf 88' lang='lat' dir='ltr'><strong>esse</strong></span> <span class='ocrx_word' id='word_1_280' title='bbox 1324 3632 1695 3698; x_wconf 87' lang='lat' dir='ltr'><strong>animadverti,</strong></span> <span class='ocrx_word' id='word_1_281' title='bbox 1726 3642 1781 3685; x_wconf 92' lang='lat' dir='ltr'><strong>ut</strong></span> <span class='ocrx_word' id='word_1_282' title='bbox 1819 3633 1883 3685; x_wconf 88' lang='lat' dir='ltr'><strong>ad</strong></span> <span class='ocrx_word' id='word_1_283' title='bbox 1915 3648 2009 3686; x_wconf 88' lang='lat' dir='ltr'><strong>ea-</strong></span> 
     </span>
    </p>
   </div>
   <div class='ocr_carea' id='block_1_40' title="bbox 457 3721 2009 3792">
    <p class='ocr_par' dir='ltr' id='par_1_40' title="bbox 457 3721 2009 3792">
     <span class='ocr_line' id='line_1_40' title="bbox 457 3721 2009 3792; baseline 0.002 -20"><span class='ocrx_word' id='word_1_284' title='bbox 457 3721 575 3774; x_wconf 89' lang='lat' dir='ltr'><strong>dem</strong></span> <span class='ocrx_word' id='word_1_285' title='bbox 610 3722 802 3789; x_wconf 79' lang='lat' dir='ltr'><strong>sa-pins</strong></span> <span class='ocrx_word' id='word_1_286' title='bbox 826 3722 958 3774; x_wconf 82' lang='lat' dir='ltr'><strong>SII&#39;UI</strong></span> <span class='ocrx_word' id='word_1_287' title='bbox 998 3723 1047 3775; x_wconf 93' lang='lat' dir='ltr'><strong>in</strong></span> <span class='ocrx_word' id='word_1_288' title='bbox 1071 3739 1179 3777; x_wconf 88' lang='lat' dir='ltr'><strong>uno</strong></span> <span class='ocrx_word' id='word_1_289' title='bbox 1206 3724 1499 3792; x_wconf 88' lang='lat' dir='ltr'><strong>eodemque</strong></span> <span class='ocrx_word' id='word_1_290' title='bbox 1531 3737 1713 3792; x_wconf 89' lang='lat' dir='ltr'><strong>opere,</strong></span> <span class='ocrx_word' id='word_1_291' title='bbox 1752 3724 1820 3777; x_wconf 89' lang='lat' dir='ltr'><strong>ita</strong></span> <span class='ocrx_word' id='word_1_292' title='bbox 1847 3724 2009 3776; x_wconf 86' lang='lat' dir='ltr'><strong>etiam</strong></span> 
     </span>
    </p>
   </div>
   <div class='ocr_carea' id='block_1_41' title="bbox 458 3811 2008 3881">
    <p class='ocr_par' dir='ltr' id='par_1_41' title="bbox 458 3811 2008 3881">
     <span class='ocr_line' id='line_1_41' title="bbox 458 3811 2008 3881; baseline 0.002 -18"><span class='ocrx_word' id='word_1_293' title='bbox 458 3811 508 3864; x_wconf 93' lang='lat' dir='ltr'><strong>in</strong></span> <span class='ocrx_word' id='word_1_294' title='bbox 541 3812 765 3867; x_wconf 85' lang='lat' dir='ltr'><strong>diversis</strong></span> <span class='ocrx_word' id='word_1_295' title='bbox 794 3815 994 3867; x_wconf 89' lang='lat' dir='ltr'><strong>redeat.</strong></span> <span class='ocrx_word' id='word_1_296' title='bbox 1029 3814 1180 3881; x_wconf 86' lang='lat' dir='ltr'><strong>Quod</strong></span> <span class='ocrx_word' id='word_1_297' title='bbox 1209 3830 1332 3868; x_wconf 82' lang='lat' dir='ltr'><strong>vere</strong></span> <span class='ocrx_word' id='word_1_298' title='bbox 1354 3829 1382 3867; x_wconf 89' lang='lat' dir='ltr'><strong>a</strong></span> <span class='ocrx_word' id='word_1_299' title='bbox 1416 3830 1501 3868; x_wconf 89' lang='lat' dir='ltr'><strong>me</strong></span> <span class='ocrx_word' id='word_1_300' title='bbox 1525 3815 1627 3868; x_wconf 89' lang='lat' dir='ltr'><strong>dici</strong></span> <span class='ocrx_word' id='word_1_301' title='bbox 1658 3815 1700 3869; x_wconf 94' lang='lat' dir='ltr'><strong>is</strong></span> <span class='ocrx_word' id='word_1_302' title='bbox 1733 3815 2008 3879; x_wconf 90' lang='lat' dir='ltr'><strong>fatebitur,</strong></span> 
     </span>
    </p>
   </div>
   <div class='ocr_carea' id='block_1_42' title="bbox 455 3905 2013 3975">
    <p class='ocr_par' dir='ltr' id='par_1_42' title="bbox 455 3905 2013 3975">
     <span class='ocr_line' id='line_1_42' title="bbox 455 3905 2013 3975; baseline 0.003 -20"><span class='ocrx_word' id='word_1_303' title='bbox 455 3905 545 3972; x_wconf 86' lang='lat' dir='ltr'><strong>qui</strong></span> <span class='ocrx_word' id='word_1_304' title='bbox 571 3914 771 3958; x_wconf 87' lang='lat' dir='ltr'><strong>attente</strong></span> <span class='ocrx_word' id='word_1_305' title='bbox 808 3906 1015 3973; x_wconf 78' lang='lat' dir='ltr'><strong>singula</strong></span> <span class='ocrx_word' id='word_1_306' title='bbox 1075 3922 1193 3975; x_wconf 65' lang='lat' dir='ltr'><strong>qua:</strong></span> <span class='ocrx_word' id='word_1_307' title='bbox 1242 3914 1454 3959; x_wconf 86' lang='lat' dir='ltr'><strong>exstant</strong></span> <span class='ocrx_word' id='word_1_308' title='bbox 1509 3905 1648 3961; x_wconf 90' lang='lat' dir='ltr'><strong>illius</strong></span> <span class='ocrx_word' id='word_1_309' title='bbox 1710 3920 1869 3975; x_wconf 80' lang='lat' dir='ltr'><strong>Opera</strong></span> <span class='ocrx_word' id='word_1_310' title='bbox 1922 3913 2013 3960; x_wconf 85' lang='lat' dir='ltr'><strong>aut</strong></span> 
     </span>
    </p>
   </div>
   <div class='ocr_carea' id='block_1_43' title="bbox 456 3996 1906 4067">
    <p class='ocr_par' dir='ltr' id='par_1_43' title="bbox 456 3996 1906 4067">
     <span class='ocr_line' id='line_1_43' title="bbox 456 3996 1906 4067; baseline 0.001 -19"><span class='ocrx_word' id='word_1_311' title='bbox 456 3996 755 4064; x_wconf 84' lang='lat' dir='ltr'><strong>fragmenta</strong></span> <span class='ocrx_word' id='word_1_312' title='bbox 783 3998 1122 4065; x_wconf 77' lang='lat' dir='ltr'><strong>expenderit,</strong></span> <span class='ocrx_word' id='word_1_313' title='bbox 1154 4008 1315 4067; x_wconf 87' lang='lat' dir='ltr'><strong>atque</strong></span> <span class='ocrx_word' id='word_1_314' title='bbox 1346 3999 1485 4051; x_wconf 89' lang='lat' dir='ltr'><strong>inter</strong></span> <span class='ocrx_word' id='word_1_315' title='bbox 1511 4013 1569 4052; x_wconf 88' lang='lat' dir='ltr'><strong>se</strong></span> <span class='ocrx_word' id='word_1_316' title='bbox 1602 3998 1906 4052; x_wconf 89' lang='lat' dir='ltr'><strong>contulerit.</strong></span> 
     </span>
    </p>
   </div>
   <div class='ocr_carea' id='block_1_44' title="bbox 528 4085 2005 4156">
    <p class='ocr_par' dir='ltr' id='par_1_44' title="bbox 528 4085 2005 4156">
     <span class='ocr_line' id='line_1_44' title="bbox 528 4085 2005 4156; baseline 0.004 -20"><span class='ocrx_word' id='word_1_317' title='bbox 528 4086 797 4137; x_wconf 85' lang='lat' dir='ltr'><strong>Adversus</strong></span> <span class='ocrx_word' id='word_1_318' title='bbox 855 4085 1175 4140; x_wconf 68' lang='lat' dir='ltr'><strong>hlanit-htcos</strong></span> <span class='ocrx_word' id='word_1_319' title='bbox 1236 4100 1365 4140; x_wconf 82' lang='lat' dir='ltr'><strong>sane</strong></span> <span class='ocrx_word' id='word_1_320' title='bbox 1398 4086 1665 4153; x_wconf 88' lang='lat' dir='ltr'><strong>peculiare</strong></span> <span class='ocrx_word' id='word_1_321' title='bbox 1710 4102 1842 4156; x_wconf 92' lang='lat' dir='ltr'><strong>opus</strong></span> <span class='ocrx_word' id='word_1_322' title='bbox 1892 4089 2005 4155; x_wconf 89' lang='lat' dir='ltr'><strong>ipse</strong></span> 
     </span>
    </p>
   </div>
   <div class='ocr_carea' id='block_1_45' title="bbox 456 4175 2013 4247">
    <p class='ocr_par' dir='ltr' id='par_1_45' title="bbox 456 4175 2013 4247">
     <span class='ocr_line' id='line_1_45' title="bbox 456 4175 2013 4247; baseline 0.001 -16"><span class='ocrx_word' id='word_1_323' title='bbox 456 4175 643 4238; x_wconf 83' lang='lat' dir='ltr'><strong>edidit,</strong></span> <span class='ocrx_word' id='word_1_324' title='bbox 684 4175 822 4243; x_wconf 88' lang='lat' dir='ltr'><strong>quod</strong></span> <span class='ocrx_word' id='word_1_325' title='bbox 851 4186 941 4227; x_wconf 89' lang='lat' dir='ltr'><strong>aut</strong></span> <span class='ocrx_word' id='word_1_326' title='bbox 974 4184 1162 4239; x_wconf 88' lang='lat' dir='ltr'><strong>totum,</strong></span> <span class='ocrx_word' id='word_1_327' title='bbox 1210 4186 1301 4229; x_wconf 89' lang='lat' dir='ltr'><strong>aut</strong></span> <span class='ocrx_word' id='word_1_328' title='bbox 1345 4177 1482 4230; x_wconf 89' lang='lat' dir='ltr'><strong>bona</strong></span> <span class='ocrx_word' id='word_1_329' title='bbox 1533 4177 1725 4231; x_wconf 90' lang='lat' dir='ltr'><strong>saltem</strong></span> <span class='ocrx_word' id='word_1_330' title='bbox 1761 4194 1825 4231; x_wconf 76' lang='lat' dir='ltr'><strong>ex</strong></span> <span class='ocrx_word' id='word_1_331' title='bbox 1862 4188 2013 4247; x_wconf 86' lang='lat' dir='ltr'><strong>parte</strong></span> 
     </span>
    </p>
   </div>
   <div class='ocr_carea' id='block_1_46' title="bbox 459 4266 2013 4338">
    <p class='ocr_par' dir='ltr' id='par_1_46' title="bbox 459 4266 2013 4338">
     <span class='ocr_line' id='line_1_46' title="bbox 459 4266 2013 4338; baseline 0.002 -17"><span class='ocrx_word' id='word_1_332' title='bbox 459 4268 749 4321; x_wconf 89' lang='lat' dir='ltr'><strong>etiamnum</strong></span> <span class='ocrx_word' id='word_1_333' title='bbox 785 4278 980 4320; x_wconf 72' lang='lat' dir='ltr'><strong>exstat.</strong></span> <span class='ocrx_word' id='word_1_334' title='bbox 1008 4266 1109 4321; x_wconf 89' lang='lat' dir='ltr'><strong>Sed</strong></span> <span class='ocrx_word' id='word_1_335' title='bbox 1152 4270 1410 4323; x_wconf 90' lang='lat' dir='ltr'><strong>adversus</strong></span> <span class='ocrx_word' id='word_1_336' title='bbox 1438 4272 1653 4322; x_wconf 89' lang='lat' dir='ltr'><strong>eosdem</strong></span> <span class='ocrx_word' id='word_1_337' title='bbox 1685 4271 1880 4338; x_wconf 88' lang='lat' dir='ltr'><strong>passim</strong></span> <span class='ocrx_word' id='word_1_338' title='bbox 1908 4271 2013 4324; x_wconf 91' lang='lat' dir='ltr'><strong>dis-</strong></span> 
     </span>
    </p>
   </div>
   <div class='ocr_carea' id='block_1_47' title="bbox 458 4357 2015 4429">
    <p class='ocr_par' dir='ltr' id='par_1_47' title="bbox 458 4357 2015 4429">
     <span class='ocr_line' id='line_1_47' title="bbox 458 4357 2015 4429; baseline 0.003 -19"><span class='ocrx_word' id='word_1_339' title='bbox 458 4369 606 4428; x_wconf 88' lang='lat' dir='ltr'><strong>putat</strong></span> <span class='ocrx_word' id='word_1_340' title='bbox 637 4360 795 4411; x_wconf 88' lang='lat' dir='ltr'><strong>etiam</strong></span> <span class='ocrx_word' id='word_1_341' title='bbox 838 4360 888 4410; x_wconf 94' lang='lat' dir='ltr'><strong>in</strong></span> <span class='ocrx_word' id='word_1_342' title='bbox 934 4357 1367 4414; x_wconf 81' lang='lat' dir='ltr'><strong>Enarrationibus</strong></span> <span class='ocrx_word' id='word_1_343' title='bbox 1413 4361 1465 4414; x_wconf 85' lang='lat' dir='ltr'><strong>in</strong></span> <span class='ocrx_word' id='word_1_344' title='bbox 1506 4360 1767 4429; x_wconf 79' lang='lat' dir='ltr'><strong>Epistolas</strong></span> <span class='ocrx_word' id='word_1_345' title='bbox 1804 4363 2015 4415; x_wconf 81' lang='lat' dir='ltr'><strong>cat/toli-</strong></span> 
     </span>
    </p>
   </div>
   <div class='ocr_carea' id='block_1_48' title="bbox 1838 3095 2078 3175">
    <p class='ocr_par' dir='ltr' id='par_1_48' title="bbox 1838 3095 2078 3175">
     <span class='ocr_line' id='line_1_48' title="bbox 1838 3095 2078 3175; baseline 0.004 -38"><span class='ocrx_word' id='word_1_346' title='bbox 1838 3102 1851 3137; x_wconf 91' lang='lat'><strong>:</strong></span> <span class='ocrx_word' id='word_1_347' title='bbox 1896 3095 2005 3139; x_wconf 92' lang='lat' dir='ltr'><strong>tum</strong></span> <span class='ocrx_word' id='word_1_348' title='bbox 2036 3117 2078 3175; x_wconf 65' lang='grc' dir='ltr'>α</span> 
     </span>
    </p>
   </div>
   <div class='ocr_carea' id='block_1_49' title="bbox 2105 538 3667 608">
    <p class='ocr_par' dir='ltr' id='par_1_49' title="bbox 2105 538 3667 608">
     <span class='ocr_line' id='line_1_49' title="bbox 2105 538 3667 608; baseline 0.003 -18"><span class='ocrx_word' id='word_1_349' title='bbox 2105 539 2309 591; x_wconf 89' lang='lat' dir='ltr'><strong>tariolis</strong></span> <span class='ocrx_word' id='word_1_350' title='bbox 2345 538 2598 608; x_wconf 85' lang='lat' dir='ltr'><strong>Didymus</strong></span> <span class='ocrx_word' id='word_1_351' title='bbox 2641 538 3029 607; x_wconf 77' lang='lat' dir='ltr'><strong>explanaverit,</strong></span> <span class='ocrx_word' id='word_1_352' title='bbox 3076 551 3134 591; x_wconf 82' lang='grc' dir='ltr'><strong>ιιι</strong></span> <span class='ocrx_word' id='word_1_353' title='bbox 3169 549 3375 592; x_wconf 88' lang='lat' dir='ltr'><strong>constat</strong></span> <span class='ocrx_word' id='word_1_354' title='bbox 3421 553 3545 591; x_wconf 90' lang='lat' dir='ltr'><strong>cum</strong></span> <span class='ocrx_word' id='word_1_355' title='bbox 3594 554 3667 595; x_wconf 74' lang='lat' dir='ltr'><strong>ex</strong></span> 
     </span>
    </p>
   </div>
   <div class='ocr_carea' id='block_1_50' title="bbox 2100 629 3663 700">
    <p class='ocr_par' dir='ltr' id='par_1_50' title="bbox 2100 629 3663 700">
     <span class='ocr_line' id='line_1_50' title="bbox 2100 629 3663 700; baseline 0 -17"><span class='ocrx_word' id='word_1_356' title='bbox 2100 629 2445 700; x_wconf 79' lang='lat' dir='ltr'><strong>Hieronymo,</strong></span> <span class='ocrx_word' id='word_1_357' title='bbox 2479 642 2587 683; x_wconf 90' lang='lat' dir='ltr'><strong>tum</strong></span> <span class='ocrx_word' id='word_1_358' title='bbox 2628 646 2691 683; x_wconf 77' lang='lat' dir='ltr'><strong>ex</strong></span> <span class='ocrx_word' id='word_1_359' title='bbox 2723 630 2926 683; x_wconf 88' lang='lat' dir='ltr'><strong>catenis</strong></span> <span class='ocrx_word' id='word_1_360' title='bbox 2964 641 3053 682; x_wconf 80' lang='lat' dir='ltr'><strong>aut</strong></span> <span class='ocrx_word' id='word_1_361' title='bbox 3105 631 3397 697; x_wconf 84' lang='lat' dir='ltr'><strong>impressis,</strong></span> <span class='ocrx_word' id='word_1_362' title='bbox 3443 640 3535 682; x_wconf 90' lang='lat' dir='ltr'><strong>aut</strong></span> <span class='ocrx_word' id='word_1_363' title='bbox 3568 644 3663 683; x_wconf 86' lang='lat' dir='ltr'><strong>ca-</strong></span> 
     </span>
    </p>
   </div>
   <div class='ocr_carea' id='block_1_51' title="bbox 2103 721 3651 788">
    <p class='ocr_par' dir='ltr' id='par_1_51' title="bbox 2103 721 3651 788">
     <span class='ocr_line' id='line_1_51' title="bbox 2103 721 3651 788; baseline -0.001 -15"><span class='ocrx_word' id='word_1_364' title='bbox 2103 722 2242 774; x_wconf 90' lang='lat' dir='ltr'><strong>lamo</strong></span> <span class='ocrx_word' id='word_1_365' title='bbox 2269 722 2540 775; x_wconf 87' lang='lat' dir='ltr'><strong>exaratis:</strong></span> <span class='ocrx_word' id='word_1_366' title='bbox 2572 722 2613 775; x_wconf 87' lang='lat' dir='ltr'><strong>si</strong></span> <span class='ocrx_word' id='word_1_367' title='bbox 2645 722 2874 773; x_wconf 82' lang='lat' dir='ltr'><strong>Iudicem</strong></span> <span class='ocrx_word' id='word_1_368' title='bbox 2903 721 3133 773; x_wconf 87' lang='lat' dir='ltr'><strong>locorum</strong></span> <span class='ocrx_word' id='word_1_369' title='bbox 3166 737 3329 773; x_wconf 74' lang='lat' dir='ltr'><strong>sacra:</strong></span> <span class='ocrx_word' id='word_1_370' title='bbox 3360 722 3651 788; x_wconf 74' lang='lat' dir='ltr'><strong>Scriptura:</strong></span> 
     </span>
    </p>
   </div>
   <div class='ocr_carea' id='block_1_52' title="bbox 2104 809 3656 878">
    <p class='ocr_par' dir='ltr' id='par_1_52' title="bbox 2104 809 3656 878">
     <span class='ocr_line' id='line_1_52' title="bbox 2104 809 3656 878; baseline -0.003 -12"><span class='ocrx_word' id='word_1_371' title='bbox 2104 813 2273 867; x_wconf 88' lang='lat' dir='ltr'><strong>tribus</strong></span> <span class='ocrx_word' id='word_1_372' title='bbox 2308 813 2454 866; x_wconf 89' lang='lat' dir='ltr'><strong>hisce</strong></span> <span class='ocrx_word' id='word_1_373' title='bbox 2486 812 2535 865; x_wconf 91' lang='lat' dir='ltr'><strong>in</strong></span> <span class='ocrx_word' id='word_1_374' title='bbox 2580 812 2730 864; x_wconf 88' lang='lat' dir='ltr'><strong>libris</strong></span> <span class='ocrx_word' id='word_1_375' title='bbox 2761 811 3105 878; x_wconf 87' lang='lat' dir='ltr'><strong>allegatornm</strong></span> <span class='ocrx_word' id='word_1_376' title='bbox 3159 810 3502 877; x_wconf 81' lang='lat' dir='ltr'><strong>expenderis,</strong></span> <span class='ocrx_word' id='word_1_377' title='bbox 3561 809 3656 861; x_wconf 84' lang='lat' dir='ltr'><strong>tria</strong></span> 
     </span>
    </p>
   </div>
   <div class='ocr_carea' id='block_1_53' title="bbox 2103 898 3654 967">
    <p class='ocr_par' dir='ltr' id='par_1_53' title="bbox 2103 898 3654 967">
     <span class='ocr_line' id='line_1_53' title="bbox 2103 898 3654 967; baseline -0.003 -12"><span class='ocrx_word' id='word_1_378' title='bbox 2103 902 2216 956; x_wconf 74' lang='lat' dir='ltr'><strong>hazc</strong></span> <span class='ocrx_word' id='word_1_379' title='bbox 2247 917 2370 955; x_wconf 88' lang='lat' dir='ltr'><strong>vera</strong></span> <span class='ocrx_word' id='word_1_380' title='bbox 2394 916 2510 956; x_wconf 91' lang='lat' dir='ltr'><strong>esse</strong></span> <span class='ocrx_word' id='word_1_381' title='bbox 2532 900 2827 967; x_wconf 87' lang='lat' dir='ltr'><strong>comperies</strong></span> <span class='ocrx_word' id='word_1_382' title='bbox 2859 915 2873 952; x_wconf 89' lang='lat'><strong>:</strong></span> <span class='ocrx_word' id='word_1_383' title='bbox 2906 900 3099 967; x_wconf 86' lang='lat' dir='ltr'><strong>primo,</strong></span> <span class='ocrx_word' id='word_1_384' title='bbox 3129 914 3195 951; x_wconf 75' lang='lat' dir='ltr'><strong>ex</strong></span> <span class='ocrx_word' id='word_1_385' title='bbox 3229 900 3292 951; x_wconf 89' lang='lat' dir='ltr'><strong>iis</strong></span> <span class='ocrx_word' id='word_1_386' title='bbox 3317 898 3489 961; x_wconf 86' lang='lat' dir='ltr'><strong>libris,</strong></span> <span class='ocrx_word' id='word_1_387' title='bbox 3522 913 3654 964; x_wconf 86' lang='lat' dir='ltr'><strong>quos</strong></span> 
     </span>
    </p>
   </div>
   <div class='ocr_carea' id='block_1_54' title="bbox 2105 986 3662 1060">
    <p class='ocr_par' dir='ltr' id='par_1_54' title="bbox 2105 986 3662 1060">
     <span class='ocr_line' id='line_1_54' title="bbox 2105 986 3662 1060; baseline -0.004 -13"><span class='ocrx_word' id='word_1_388' title='bbox 2105 993 2508 1047; x_wconf 89' lang='lat' dir='ltr'><strong>commentariis</strong></span> <span class='ocrx_word' id='word_1_389' title='bbox 2563 991 2817 1060; x_wconf 86' lang='lat' dir='ltr'><strong>Didymus</strong></span> <span class='ocrx_word' id='word_1_390' title='bbox 2883 989 3259 1057; x_wconf 84' lang='lat' dir='ltr'><strong>interpretatus</strong></span> <span class='ocrx_word' id='word_1_391' title='bbox 3313 999 3429 1049; x_wconf 90' lang='lat' dir='ltr'><strong>est,</strong></span> <span class='ocrx_word' id='word_1_392' title='bbox 3489 986 3662 1053; x_wconf 80' lang='lat' dir='ltr'><strong>cujus-</strong></span> 
     </span>
    </p>
   </div>
   <div class='ocr_carea' id='block_1_55' title="bbox 2106 1076 3659 1147">
    <p class='ocr_par' dir='ltr' id='par_1_55' title="bbox 2106 1076 3659 1147">
     <span class='ocr_line' id='line_1_55' title="bbox 2106 1076 3659 1147; baseline -0.003 -14"><span class='ocrx_word' id='word_1_393' title='bbox 2106 1080 2245 1133; x_wconf 92' lang='lat' dir='ltr'><strong>modi</strong></span> <span class='ocrx_word' id='word_1_394' title='bbox 2297 1090 2422 1133; x_wconf 90' lang='lat' dir='ltr'><strong>sunt</strong></span> <span class='ocrx_word' id='word_1_395' title='bbox 2471 1079 2705 1147; x_wconf 84' lang='lat' dir='ltr'><strong>Epistula</strong></span> <span class='ocrx_word' id='word_1_396' title='bbox 2759 1078 2925 1146; x_wconf 87' lang='lat' dir='ltr'><strong>prima</strong></span> <span class='ocrx_word' id='word_1_397' title='bbox 2975 1078 3040 1130; x_wconf 91' lang='lat' dir='ltr'><strong>ad</strong></span> <span class='ocrx_word' id='word_1_398' title='bbox 3089 1078 3414 1139; x_wconf 83' lang='lat' dir='ltr'><strong>Corinthios,</strong></span> <span class='ocrx_word' id='word_1_399' title='bbox 3472 1076 3659 1135; x_wconf 86' lang='lat' dir='ltr'><strong>Isaias,</strong></span> 
     </span>
    </p>
   </div>
   <div class='ocr_carea' id='block_1_56' title="bbox 2105 1168 3662 1240">
    <p class='ocr_par' dir='ltr' id='par_1_56' title="bbox 2105 1168 3662 1240">
     <span class='ocr_line' id='line_1_56' title="bbox 2105 1168 3662 1240; baseline -0.003 -17"><span class='ocrx_word' id='word_1_400' title='bbox 2105 1169 2299 1225; x_wconf 85' lang='lat' dir='ltr'><strong>Psalmi</strong></span> <span class='ocrx_word' id='word_1_401' title='bbox 2328 1212 2343 1236; x_wconf 95' lang='lat'><strong>,</strong></span> <span class='ocrx_word' id='word_1_402' title='bbox 2367 1182 2496 1232; x_wconf 75' lang='lat' dir='ltr'><strong>etc...</strong></span> <span class='ocrx_word' id='word_1_403' title='bbox 2530 1173 2786 1240; x_wconf 88' lang='lat' dir='ltr'><strong>plurimos</strong></span> <span class='ocrx_word' id='word_1_404' title='bbox 2817 1174 2883 1225; x_wconf 91' lang='lat' dir='ltr'><strong>ab</strong></span> <span class='ocrx_word' id='word_1_405' title='bbox 2913 1182 3131 1224; x_wconf 88' lang='lat' dir='ltr'><strong>auctore</strong></span> <span class='ocrx_word' id='word_1_406' title='bbox 3156 1180 3337 1222; x_wconf 87' lang='lat' dir='ltr'><strong>nostro</strong></span> <span class='ocrx_word' id='word_1_407' title='bbox 3374 1177 3557 1221; x_wconf 79' lang='lat' dir='ltr'><strong>textus</strong></span> <span class='ocrx_word' id='word_1_408' title='bbox 3587 1168 3662 1220; x_wconf 85' lang='lat' dir='ltr'><strong>af-</strong></span> 
     </span>
    </p>
   </div>
   <div class='ocr_carea' id='block_1_57' title="bbox 2106 1260 3663 1329">
    <p class='ocr_par' dir='ltr' id='par_1_57' title="bbox 2106 1260 3663 1329">
     <span class='ocr_line' id='line_1_57' title="bbox 2106 1260 3663 1329; baseline -0.003 -15"><span class='ocrx_word' id='word_1_409' title='bbox 2106 1263 2230 1317; x_wconf 85' lang='lat' dir='ltr'><strong>ferri</strong></span> <span class='ocrx_word' id='word_1_410' title='bbox 2258 1280 2271 1329; x_wconf 88' lang='lat'><strong>;</strong></span> <span class='ocrx_word' id='word_1_411' title='bbox 2300 1263 2554 1325; x_wconf 89' lang='lat' dir='ltr'><strong>secundo,</strong></span> <span class='ocrx_word' id='word_1_412' title='bbox 2582 1277 2648 1315; x_wconf 83' lang='lat' dir='ltr'><strong>ex</strong></span> <span class='ocrx_word' id='word_1_413' title='bbox 2678 1263 2740 1315; x_wconf 89' lang='lat' dir='ltr'><strong>iis</strong></span> <span class='ocrx_word' id='word_1_414' title='bbox 2769 1263 2936 1325; x_wconf 85' lang='lat' dir='ltr'><strong>libris,</strong></span> <span class='ocrx_word' id='word_1_415' title='bbox 2967 1276 3099 1328; x_wconf 85' lang='lat' dir='ltr'><strong>quos</strong></span> <span class='ocrx_word' id='word_1_416' title='bbox 3126 1260 3373 1312; x_wconf 90' lang='lat' dir='ltr'><strong>brevibus</strong></span> <span class='ocrx_word' id='word_1_417' title='bbox 3389 1274 3663 1312; x_wconf 88' lang='lat' dir='ltr'><strong>commen-</strong></span> 
     </span>
    </p>
   </div>
   <div class='ocr_carea' id='block_1_58' title="bbox 2108 1350 3661 1420">
    <p class='ocr_par' dir='ltr' id='par_1_58' title="bbox 2108 1350 3661 1420">
     <span class='ocr_line' id='line_1_58' title="bbox 2108 1350 3661 1420; baseline -0.004 -13"><span class='ocrx_word' id='word_1_418' title='bbox 2108 1354 2311 1408; x_wconf 87' lang='lat' dir='ltr'><strong>tariolis</strong></span> <span class='ocrx_word' id='word_1_419' title='bbox 2336 1354 2639 1415; x_wconf 83' lang='lat' dir='ltr'><strong>illustravit,</strong></span> <span class='ocrx_word' id='word_1_420' title='bbox 2685 1355 3002 1420; x_wconf 82' lang='lat' dir='ltr'><strong>pauciores:</strong></span> <span class='ocrx_word' id='word_1_421' title='bbox 3060 1366 3122 1403; x_wconf 81' lang='lat' dir='ltr'><strong>ex</strong></span> <span class='ocrx_word' id='word_1_422' title='bbox 3170 1351 3231 1403; x_wconf 92' lang='lat' dir='ltr'><strong>iis</strong></span> <span class='ocrx_word' id='word_1_423' title='bbox 3263 1350 3477 1403; x_wconf 88' lang='lat' dir='ltr'><strong>demum</strong></span> <span class='ocrx_word' id='word_1_424' title='bbox 3531 1364 3661 1418; x_wconf 82' lang='lat' dir='ltr'><strong>quos</strong></span> 
     </span>
    </p>
   </div>
   <div class='ocr_carea' id='block_1_59' title="bbox 2106 1442 3665 1512">
    <p class='ocr_par' dir='ltr' id='par_1_59' title="bbox 2106 1442 3665 1512">
     <span class='ocr_line' id='line_1_59' title="bbox 2106 1442 3665 1512; baseline -0.004 -11"><span class='ocrx_word' id='word_1_425' title='bbox 2106 1447 2248 1501; x_wconf 91' lang='lat' dir='ltr'><strong>nullo</strong></span> <span class='ocrx_word' id='word_1_426' title='bbox 2276 1447 2431 1499; x_wconf 91' lang='lat' dir='ltr'><strong>modo</strong></span> <span class='ocrx_word' id='word_1_427' title='bbox 2458 1447 2837 1512; x_wconf 73' lang='lat' dir='ltr'><strong>interpretatus</strong></span> <span class='ocrx_word' id='word_1_428' title='bbox 2864 1456 2965 1505; x_wconf 87' lang='lat' dir='ltr'><strong>est,</strong></span> <span class='ocrx_word' id='word_1_429' title='bbox 3005 1454 3097 1496; x_wconf 88' lang='lat' dir='ltr'><strong>aut</strong></span> <span class='ocrx_word' id='word_1_430' title='bbox 3120 1442 3318 1495; x_wconf 88' lang='lat' dir='ltr'><strong>nullum</strong></span> <span class='ocrx_word' id='word_1_431' title='bbox 3345 1450 3548 1495; x_wconf 80' lang='lat' dir='ltr'><strong>textum</strong></span> <span class='ocrx_word' id='word_1_432' title='bbox 3579 1450 3665 1495; x_wconf 82' lang='lat' dir='ltr'><strong>aut</strong></span> 
     </span>
    </p>
   </div>
   <div class='ocr_carea' id='block_1_60' title="bbox 2109 1532 3665 1606">
    <p class='ocr_par' dir='ltr' id='par_1_60' title="bbox 2109 1532 3665 1606">
     <span class='ocr_line' id='line_1_60' title="bbox 2109 1532 3665 1606; baseline -0.003 -19"><span class='ocrx_word' id='word_1_433' title='bbox 2109 1537 2455 1606; x_wconf 67' lang='lat' dir='ltr'><strong>ptiUt&#39;lSSIIIIOS</strong></span> <span class='ocrx_word' id='word_1_434' title='bbox 2479 1535 2713 1603; x_wconf 76' lang='lat' dir='ltr'><strong>allegari.</strong></span> <span class='ocrx_word' id='word_1_435' title='bbox 2744 1534 2857 1598; x_wconf 88' lang='lat' dir='ltr'><strong>Qua</strong></span> <span class='ocrx_word' id='word_1_436' title='bbox 2892 1534 2956 1587; x_wconf 91' lang='lat' dir='ltr'><strong>de</strong></span> <span class='ocrx_word' id='word_1_437' title='bbox 2988 1548 3147 1586; x_wconf 88' lang='lat' dir='ltr'><strong>causa</strong></span> <span class='ocrx_word' id='word_1_438' title='bbox 3183 1532 3379 1584; x_wconf 89' lang='lat' dir='ltr'><strong>nullttm</strong></span> <span class='ocrx_word' id='word_1_439' title='bbox 3414 1532 3466 1584; x_wconf 90' lang='lat' dir='ltr'><strong>in</strong></span> <span class='ocrx_word' id='word_1_440' title='bbox 3502 1546 3567 1584; x_wconf 89' lang='lat' dir='ltr'><strong>eo</strong></span> <span class='ocrx_word' id='word_1_441' title='bbox 3587 1532 3665 1583; x_wconf 87' lang='lat' dir='ltr'><strong>itt-</strong></span> 
     </span>
    </p>
   </div>
   <div class='ocr_carea' id='block_1_61' title="bbox 2109 1622 3664 1693">
    <p class='ocr_par' dir='ltr' id='par_1_61' title="bbox 2109 1622 3664 1693">
     <span class='ocr_line' id='line_1_61' title="bbox 2109 1622 3664 1693; baseline -0.003 -14"><span class='ocrx_word' id='word_1_442' title='bbox 2109 1630 2227 1681; x_wconf 90' lang='lat' dir='ltr'><strong>dice</strong></span> <span class='ocrx_word' id='word_1_443' title='bbox 2251 1626 2421 1679; x_wconf 88' lang='lat' dir='ltr'><strong>lucttm</strong></span> <span class='ocrx_word' id='word_1_444' title='bbox 2452 1627 2686 1693; x_wconf 85' lang='lat' dir='ltr'><strong>reperies</strong></span> <span class='ocrx_word' id='word_1_445' title='bbox 2730 1639 2794 1678; x_wconf 75' lang='lat' dir='ltr'><strong>ex</strong></span> <span class='ocrx_word' id='word_1_446' title='bbox 2824 1624 3250 1677; x_wconf 74' lang='lat' dir='ltr'><strong>Macbabteorum</strong></span> <span class='ocrx_word' id='word_1_447' title='bbox 3281 1622 3431 1675; x_wconf 89' lang='lat' dir='ltr'><strong>libris</strong></span> <span class='ocrx_word' id='word_1_448' title='bbox 3452 1622 3664 1683; x_wconf 87' lang='lat' dir='ltr'><strong>desum-</strong></span> 
     </span>
    </p>
   </div>
   <div class='ocr_carea' id='block_1_62' title="bbox 2110 1713 3661 1787">
    <p class='ocr_par' dir='ltr' id='par_1_62' title="bbox 2110 1713 3661 1787">
     <span class='ocr_line' id='line_1_62' title="bbox 2110 1713 3661 1787; baseline -0.004 -17"><span class='ocrx_word' id='word_1_449' title='bbox 2110 1727 2277 1787; x_wconf 90' lang='lat' dir='ltr'><strong>ptum,</strong></span> <span class='ocrx_word' id='word_1_450' title='bbox 2310 1716 2506 1769; x_wconf 89' lang='lat' dir='ltr'><strong>nullum</strong></span> <span class='ocrx_word' id='word_1_451' title='bbox 2531 1732 2593 1767; x_wconf 79' lang='lat' dir='ltr'><strong>ex</strong></span> <span class='ocrx_word' id='word_1_452' title='bbox 2618 1716 2750 1767; x_wconf 90' lang='lat' dir='ltr'><strong>libro</strong></span> <span class='ocrx_word' id='word_1_453' title='bbox 2777 1714 2981 1779; x_wconf 80' lang='lat' dir='ltr'><strong>Jnditlt,</strong></span> <span class='ocrx_word' id='word_1_454' title='bbox 3003 1714 3199 1767; x_wconf 89' lang='lat' dir='ltr'><strong>nullum</strong></span> <span class='ocrx_word' id='word_1_455' title='bbox 3218 1728 3281 1766; x_wconf 77' lang='lat' dir='ltr'><strong>ex</strong></span> <span class='ocrx_word' id='word_1_456' title='bbox 3302 1714 3434 1766; x_wconf 90' lang='lat' dir='ltr'><strong>libro</strong></span> <span class='ocrx_word' id='word_1_457' title='bbox 3451 1713 3661 1773; x_wconf 86' lang='lat' dir='ltr'><strong>Esther,</strong></span> 
     </span>
    </p>
   </div>
   <div class='ocr_carea' id='block_1_63' title="bbox 2108 1805 3665 1873">
    <p class='ocr_par' dir='ltr' id='par_1_63' title="bbox 2108 1805 3665 1873">
     <span class='ocr_line' id='line_1_63' title="bbox 2108 1805 3665 1873; baseline -0.003 -12"><span class='ocrx_word' id='word_1_458' title='bbox 2108 1808 2309 1863; x_wconf 87' lang='lat' dir='ltr'><strong>nullum</strong></span> <span class='ocrx_word' id='word_1_459' title='bbox 2357 1823 2423 1861; x_wconf 78' lang='lat' dir='ltr'><strong>ex</strong></span> <span class='ocrx_word' id='word_1_460' title='bbox 2465 1808 2599 1861; x_wconf 86' lang='lat' dir='ltr'><strong>libro</strong></span> <span class='ocrx_word' id='word_1_461' title='bbox 2646 1806 2784 1860; x_wconf 74' lang='lat' dir='ltr'><strong>Iiutb</strong></span> <span class='ocrx_word' id='word_1_462' title='bbox 2812 1824 2825 1873; x_wconf 88' lang='lat'><strong>;</strong></span> <span class='ocrx_word' id='word_1_463' title='bbox 2858 1807 2942 1859; x_wconf 79' lang='lat' dir='ltr'><strong>vix</strong></span> <span class='ocrx_word' id='word_1_464' title='bbox 2980 1822 3139 1859; x_wconf 89' lang='lat' dir='ltr'><strong>ttmtm</strong></span> <span class='ocrx_word' id='word_1_465' title='bbox 3171 1813 3259 1858; x_wconf 88' lang='lat' dir='ltr'><strong>aut</strong></span> <span class='ocrx_word' id='word_1_466' title='bbox 3294 1805 3545 1871; x_wconf 89' lang='lat' dir='ltr'><strong>alterum,</strong></span> <span class='ocrx_word' id='word_1_467' title='bbox 3579 1813 3665 1857; x_wconf 87' lang='lat' dir='ltr'><strong>aut</strong></span> 
     </span>
    </p>
   </div>
   <div class='ocr_carea' id='block_1_64' title="bbox 2109 1896 3665 1970">
    <p class='ocr_par' dir='ltr' id='par_1_64' title="bbox 2109 1896 3665 1970">
     <span class='ocr_line' id='line_1_64' title="bbox 2109 1896 3665 1970; baseline -0.004 -15"><span class='ocrx_word' id='word_1_468' title='bbox 2109 1900 2296 1955; x_wconf 85' lang='lat' dir='ltr'><strong>saltem</strong></span> <span class='ocrx_word' id='word_1_469' title='bbox 2345 1915 2606 1970; x_wconf 85' lang='lat' dir='ltr'><strong>perpauca</strong></span> <span class='ocrx_word' id='word_1_470' title='bbox 2658 1914 2722 1954; x_wconf 82' lang='lat' dir='ltr'><strong>ex</strong></span> <span class='ocrx_word' id='word_1_471' title='bbox 2771 1899 2919 1952; x_wconf 89' lang='lat' dir='ltr'><strong>libris</strong></span> <span class='ocrx_word' id='word_1_472' title='bbox 2949 1898 3132 1963; x_wconf 87' lang='lat' dir='ltr'><strong>Josue,</strong></span> <span class='ocrx_word' id='word_1_473' title='bbox 3160 1896 3427 1960; x_wconf 69' lang='lat' dir='ltr'><strong>Indicum,</strong></span> <span class='ocrx_word' id='word_1_474' title='bbox 3462 1896 3665 1950; x_wconf 82' lang='lat' dir='ltr'><strong>Parali-</strong></span> 
     </span>
    </p>
   </div>
   <div class='ocr_carea' id='block_1_65' title="bbox 2108 1988 3665 2061">
    <p class='ocr_par' dir='ltr' id='par_1_65' title="bbox 2108 1988 3665 2061">
     <span class='ocr_line' id='line_1_65' title="bbox 2108 1988 3665 2061; baseline -0.004 -15"><span class='ocrx_word' id='word_1_475' title='bbox 2108 2007 2397 2061; x_wconf 90' lang='lat' dir='ltr'><strong>pomenon,</strong></span> <span class='ocrx_word' id='word_1_476' title='bbox 2440 1993 2638 2054; x_wconf 68' lang='lat' dir='ltr'><strong>Esdrze,</strong></span> <span class='ocrx_word' id='word_1_477' title='bbox 2670 2006 2750 2055; x_wconf 91' lang='lat' dir='ltr'><strong>ac,</strong></span> <span class='ocrx_word' id='word_1_478' title='bbox 2786 2002 2843 2043; x_wconf 88' lang='lat' dir='ltr'><strong>ut</strong></span> <span class='ocrx_word' id='word_1_479' title='bbox 2869 1991 2934 2044; x_wconf 93' lang='lat' dir='ltr'><strong>de</strong></span> <span class='ocrx_word' id='word_1_480' title='bbox 2966 1990 3086 2044; x_wconf 88' lang='lat' dir='ltr'><strong>aliis</strong></span> <span class='ocrx_word' id='word_1_481' title='bbox 3124 2000 3347 2054; x_wconf 88' lang='lat' dir='ltr'><strong>taceam,</strong></span> <span class='ocrx_word' id='word_1_482' title='bbox 3372 1988 3665 2058; x_wconf 78' lang='lat' dir='ltr'><strong>plerarum-</strong></span> 
     </span>
    </p>
   </div>
   <div class='ocr_carea' id='block_1_66' title="bbox 2110 2082 3290 2154">
    <p class='ocr_par' dir='ltr' id='par_1_66' title="bbox 2110 2082 3290 2154">
     <span class='ocr_line' id='line_1_66' title="bbox 2110 2082 3290 2154; baseline -0.003 -16"><span class='ocrx_word' id='word_1_483' title='bbox 2110 2100 2215 2154; x_wconf 90' lang='lat' dir='ltr'><strong>que</strong></span> <span class='ocrx_word' id='word_1_484' title='bbox 2239 2100 2305 2138; x_wconf 82' lang='lat' dir='ltr'><strong>ex</strong></span> <span class='ocrx_word' id='word_1_485' title='bbox 2336 2084 2630 2153; x_wconf 76' lang='lat' dir='ltr'><strong>prophetis,</strong></span> <span class='ocrx_word' id='word_1_486' title='bbox 2656 2095 2791 2151; x_wconf 90' lang='lat' dir='ltr'><strong>quos</strong></span> <span class='ocrx_word' id='word_1_487' title='bbox 2820 2082 3054 2135; x_wconf 89' lang='lat' dir='ltr'><strong>minores</strong></span> <span class='ocrx_word' id='word_1_488' title='bbox 3079 2090 3290 2135; x_wconf 86' lang='lat' dir='ltr'><strong>vocant.</strong></span> 
     </span>
    </p>
   </div>
   <div class='ocr_carea' id='block_1_67' title="bbox 2183 2170 3665 2241">
    <p class='ocr_par' dir='ltr' id='par_1_67' title="bbox 2183 2170 3665 2241">
     <span class='ocr_line' id='line_1_67' title="bbox 2183 2170 3665 2241; baseline -0.003 -12"><span class='ocrx_word' id='word_1_489' title='bbox 2183 2176 2424 2235; x_wconf 88' lang='lat' dir='ltr'><strong>Demum,</strong></span> <span class='ocrx_word' id='word_1_490' title='bbox 2464 2189 2530 2228; x_wconf 92' lang='lat' dir='ltr'><strong>ne</strong></span> <span class='ocrx_word' id='word_1_491' title='bbox 2580 2174 2630 2226; x_wconf 93' lang='lat' dir='ltr'><strong>in</strong></span> <span class='ocrx_word' id='word_1_492' title='bbox 2679 2171 2901 2241; x_wconf 84' lang='lat' dir='ltr'><strong>singulis</strong></span> <span class='ocrx_word' id='word_1_493' title='bbox 2950 2172 3221 2235; x_wconf 90' lang='lat' dir='ltr'><strong>immorer,</strong></span> <span class='ocrx_word' id='word_1_494' title='bbox 3281 2170 3406 2225; x_wconf 91' lang='lat' dir='ltr'><strong>illud</strong></span> <span class='ocrx_word' id='word_1_495' title='bbox 3456 2185 3665 2240; x_wconf 79' lang='lat' dir='ltr'><strong>quoque</strong></span> 
     </span>
    </p>
   </div>
   <div class='ocr_carea' id='block_1_68' title="bbox 2112 2261 3665 2331">
    <p class='ocr_par' dir='ltr' id='par_1_68' title="bbox 2112 2261 3665 2331">
     <span class='ocr_line' id='line_1_68' title="bbox 2112 2261 3665 2331; baseline -0.005 -9"><span class='ocrx_word' id='word_1_496' title='bbox 2112 2267 2508 2322; x_wconf 86' lang='lat' dir='ltr'><strong>animadvertas</strong></span> <span class='ocrx_word' id='word_1_497' title='bbox 2544 2265 2729 2327; x_wconf 90' lang='lat' dir='ltr'><strong>velim,</strong></span> <span class='ocrx_word' id='word_1_498' title='bbox 2774 2264 2945 2317; x_wconf 89' lang='lat' dir='ltr'><strong>tribus</strong></span> <span class='ocrx_word' id='word_1_499' title='bbox 2991 2263 3139 2317; x_wconf 89' lang='lat' dir='ltr'><strong>hisce</strong></span> <span class='ocrx_word' id='word_1_500' title='bbox 3173 2261 3320 2316; x_wconf 90' lang='lat' dir='ltr'><strong>libris</strong></span> <span class='ocrx_word' id='word_1_501' title='bbox 3365 2262 3665 2331; x_wconf 85' lang='lat' dir='ltr'><strong>Scriptura-</strong></span> 
     </span>
    </p>
   </div>
   <div class='ocr_carea' id='block_1_69' title="bbox 2112 2354 3665 2426">
    <p class='ocr_par' dir='ltr' id='par_1_69' title="bbox 2112 2354 3665 2426">
     <span class='ocr_line' id='line_1_69' title="bbox 2112 2354 3665 2426; baseline -0.005 -12"><span class='ocrx_word' id='word_1_502' title='bbox 2112 2376 2227 2414; x_wconf 90' lang='lat' dir='ltr'><strong>rum</strong></span> <span class='ocrx_word' id='word_1_503' title='bbox 2260 2359 2373 2411; x_wconf 86' lang='lat' dir='ltr'><strong>loca</strong></span> <span class='ocrx_word' id='word_1_504' title='bbox 2429 2372 2547 2426; x_wconf 65' lang='lat' dir='ltr'><strong>quae</strong></span> <span class='ocrx_word' id='word_1_505' title='bbox 2576 2355 2887 2421; x_wconf 89' lang='lat' dir='ltr'><strong>afferuntur,</strong></span> <span class='ocrx_word' id='word_1_506' title='bbox 2942 2355 3015 2407; x_wconf 90' lang='lat' dir='ltr'><strong>ita</strong></span> <span class='ocrx_word' id='word_1_507' title='bbox 3060 2355 3253 2423; x_wconf 88' lang='lat' dir='ltr'><strong>passim</strong></span> <span class='ocrx_word' id='word_1_508' title='bbox 3289 2354 3571 2423; x_wconf 83' lang='lat' dir='ltr'><strong>explicari,</strong></span> <span class='ocrx_word' id='word_1_509' title='bbox 3614 2364 3665 2407; x_wconf 89' lang='lat' dir='ltr'><strong>ut</strong></span> 
     </span>
    </p>
   </div>
   <div class='ocr_carea' id='block_1_70' title="bbox 2114 2445 3665 2513">
    <p class='ocr_par' dir='ltr' id='par_1_70' title="bbox 2114 2445 3665 2513">
     <span class='ocr_line' id='line_1_70' title="bbox 2114 2445 3665 2513; baseline -0.006 -11"><span class='ocrx_word' id='word_1_510' title='bbox 2114 2448 2268 2503; x_wconf 81' lang='lat' dir='ltr'><strong>facile</strong></span> <span class='ocrx_word' id='word_1_511' title='bbox 2318 2458 2593 2501; x_wconf 87' lang='lat' dir='ltr'><strong>auctorem</strong></span> <span class='ocrx_word' id='word_1_512' title='bbox 2628 2459 2889 2513; x_wconf 85' lang='lat' dir='ltr'><strong>agnoscas</strong></span> <span class='ocrx_word' id='word_1_513' title='bbox 2943 2445 2993 2497; x_wconf 92' lang='lat' dir='ltr'><strong>in</strong></span> <span class='ocrx_word' id='word_1_514' title='bbox 3033 2445 3429 2513; x_wconf 88' lang='lat' dir='ltr'><strong>Scripturarum</strong></span> <span class='ocrx_word' id='word_1_515' title='bbox 3481 2460 3665 2512; x_wconf 87' lang='lat' dir='ltr'><strong>campo</strong></span> 
     </span>
    </p>
   </div>
   <div class='ocr_carea' id='block_1_71' title="bbox 2112 2534 3662 2610">
    <p class='ocr_par' dir='ltr' id='par_1_71' title="bbox 2112 2534 3662 2610">
     <span class='ocr_line' id='line_1_71' title="bbox 2112 2534 3662 2610; baseline -0.006 -15"><span class='ocrx_word' id='word_1_516' title='bbox 2112 2555 2453 2610; x_wconf 88' lang='lat' dir='ltr'><strong>summopere</strong></span> <span class='ocrx_word' id='word_1_517' title='bbox 2500 2540 2889 2593; x_wconf 83' lang='lat' dir='ltr'><strong>exercitatum:</strong></span> <span class='ocrx_word' id='word_1_518' title='bbox 2937 2534 3236 2603; x_wconf 73' lang='lat' dir='ltr'><strong>cuiusmodi</strong></span> <span class='ocrx_word' id='word_1_519' title='bbox 3283 2534 3523 2603; x_wconf 90' lang='lat' dir='ltr'><strong>profecto</strong></span> <span class='ocrx_word' id='word_1_520' title='bbox 3569 2534 3662 2588; x_wconf 87' lang='lat' dir='ltr'><strong>fuit</strong></span> 
     </span>
    </p>
   </div>
   <div class='ocr_carea' id='block_1_72' title="bbox 2113 2629 3664 2703">
    <p class='ocr_par' dir='ltr' id='par_1_72' title="bbox 2113 2629 3664 2703">
     <span class='ocr_line' id='line_1_72' title="bbox 2113 2629 3664 2703; baseline -0.005 -15"><span class='ocrx_word' id='word_1_521' title='bbox 2113 2634 2400 2703; x_wconf 88' lang='lat' dir='ltr'><strong>Didymus;</strong></span> <span class='ocrx_word' id='word_1_522' title='bbox 2437 2632 2593 2685; x_wconf 89' lang='lat' dir='ltr'><strong>talem</strong></span> <span class='ocrx_word' id='word_1_523' title='bbox 2628 2632 2769 2685; x_wconf 91' lang='lat' dir='ltr'><strong>enim</strong></span> <span class='ocrx_word' id='word_1_524' title='bbox 2816 2645 2873 2685; x_wconf 90' lang='lat' dir='ltr'><strong>se</strong></span> <span class='ocrx_word' id='word_1_525' title='bbox 2907 2631 3081 2699; x_wconf 89' lang='lat' dir='ltr'><strong>prodit</strong></span> <span class='ocrx_word' id='word_1_526' title='bbox 3108 2645 3208 2681; x_wconf 91' lang='lat' dir='ltr'><strong>non</strong></span> <span class='ocrx_word' id='word_1_527' title='bbox 3242 2630 3397 2682; x_wconf 88' lang='lat' dir='ltr'><strong>modo</strong></span> <span class='ocrx_word' id='word_1_528' title='bbox 3436 2629 3488 2681; x_wconf 94' lang='lat' dir='ltr'><strong>in</strong></span> <span class='ocrx_word' id='word_1_529' title='bbox 3525 2644 3664 2682; x_wconf 89' lang='lat' dir='ltr'><strong>com-</strong></span> 
     </span>
    </p>
   </div>
   <div class='ocr_carea' id='block_1_73' title="bbox 2114 2720 3666 2792">
    <p class='ocr_par' dir='ltr' id='par_1_73' title="bbox 2114 2720 3666 2792">
     <span class='ocr_line' id='line_1_73' title="bbox 2114 2720 3666 2792; baseline -0.004 -12"><span class='ocrx_word' id='word_1_530' title='bbox 2114 2724 2389 2780; x_wconf 89' lang='lat' dir='ltr'><strong>mentariis</strong></span> <span class='ocrx_word' id='word_1_531' title='bbox 2419 2724 2469 2776; x_wconf 91' lang='lat' dir='ltr'><strong>in</strong></span> <span class='ocrx_word' id='word_1_532' title='bbox 2503 2723 2855 2792; x_wconf 89' lang='lat' dir='ltr'><strong>Scripturam,</strong></span> <span class='ocrx_word' id='word_1_533' title='bbox 2900 2722 2993 2777; x_wconf 89' lang='lat' dir='ltr'><strong>sed</strong></span> <span class='ocrx_word' id='word_1_534' title='bbox 3027 2722 3108 2776; x_wconf 91' lang='lat' dir='ltr'><strong>vel</strong></span> <span class='ocrx_word' id='word_1_535' title='bbox 3155 2722 3207 2775; x_wconf 90' lang='lat' dir='ltr'><strong>in</strong></span> <span class='ocrx_word' id='word_1_536' title='bbox 3254 2721 3367 2789; x_wconf 84' lang='lat' dir='ltr'><strong>ipso</strong></span> <span class='ocrx_word' id='word_1_537' title='bbox 3424 2720 3562 2776; x_wconf 87' lang='lat' dir='ltr'><strong>libro</strong></span> <span class='ocrx_word' id='word_1_538' title='bbox 3596 2720 3666 2775; x_wconf 80' lang='lat' dir='ltr'><strong>Dc</strong></span> 
     </span>
    </p>
   </div>
   <div class='ocr_carea' id='block_1_74' title="bbox 2115 2818 2561 2887">
    <p class='ocr_par' dir='ltr' id='par_1_74' title="bbox 2115 2818 2561 2887">
     <span class='ocr_line' id='line_1_74' title="bbox 2115 2818 2561 2887; baseline -0.016 -13"><span class='ocrx_word' id='word_1_539' title='bbox 2115 2818 2318 2887; x_wconf 79' lang='lat' dir='ltr'><strong>Spiritu</strong></span> <span class='ocrx_word' id='word_1_540' title='bbox 2359 2828 2561 2868; x_wconf 88' lang='lat' dir='ltr'><strong>sancto.</strong></span> 
     </span>
    </p>
   </div>
   <div class='ocr_carea' id='block_1_75' title="bbox 2115 2908 3665 2993">
    <p class='ocr_par' dir='ltr' id='par_1_75' title="bbox 2115 2908 3665 2993">
     <span class='ocr_line' id='line_1_75' title="bbox 2115 2908 3665 2993; baseline -0.008 -6"><span class='ocrx_word' id='word_1_541' title='bbox 2115 2931 2242 2987; x_wconf 79' lang='lat' dir='ltr'><strong>CAP.</strong></span> <span class='ocrx_word' id='word_1_542' title='bbox 2306 2927 2415 2981; x_wconf 77' lang='lat' dir='ltr'><strong>VII.</strong></span> <span class='ocrx_word' id='word_1_543' title='bbox 2478 2908 2755 2983; x_wconf 74' lang='lat' dir='ltr'><strong>Auctorem</strong></span> <span class='ocrx_word' id='word_1_544' title='bbox 2826 2936 3053 2981; x_wconf 78' lang='lat' dir='ltr'><strong>nostrum</strong></span> <span class='ocrx_word' id='word_1_545' title='bbox 3108 2927 3227 2979; x_wconf 80' lang='lat' dir='ltr'><strong>item</strong></span> <span class='ocrx_word' id='word_1_546' title='bbox 3275 2935 3328 2978; x_wconf 85' lang='lat' dir='ltr'><strong>ut</strong></span> <span class='ocrx_word' id='word_1_547' title='bbox 3391 2924 3665 2993; x_wconf 79' lang='lat' dir='ltr'><strong>Didymum</strong></span> 
     </span>
    </p>
   </div>
   <div class='ocr_carea' id='block_1_76' title="bbox 2187 2995 3668 3066">
    <p class='ocr_par' dir='ltr' id='par_1_76' title="bbox 2187 2995 3668 3066">
     <span class='ocr_line' id='line_1_76' title="bbox 2187 2995 3668 3066; baseline -0.003 -14"><span class='ocrx_word' id='word_1_548' title='bbox 2187 3000 2382 3052; x_wconf 83' lang='lat' dir='ltr'><strong>imitati</strong></span> <span class='ocrx_word' id='word_1_549' title='bbox 2446 3010 2563 3050; x_wconf 85' lang='lat' dir='ltr'><strong>sunt</strong></span> <span class='ocrx_word' id='word_1_550' title='bbox 2630 2999 2967 3065; x_wconf 83' lang='lat' dir='ltr'><strong>Ambrosius,</strong></span> <span class='ocrx_word' id='word_1_551' title='bbox 3002 3032 3005 3035; x_wconf 67' lang='grc'><strong>›</strong></span> <span class='ocrx_word' id='word_1_552' title='bbox 3044 2995 3421 3066; x_wconf 77' lang='lat' dir='ltr'><strong>Hieronymus,</strong></span> <span class='ocrx_word' id='word_1_553' title='bbox 3482 2996 3668 3061; x_wconf 77' lang='lat' dir='ltr'><strong>alitque</strong></span> 
     </span>
    </p>
   </div>
   <div class='ocr_carea' id='block_1_77' title="bbox 2189 3070 2704 3138">
    <p class='ocr_par' dir='ltr' id='par_1_77' title="bbox 2189 3070 2704 3138">
     <span class='ocr_line' id='line_1_77' title="bbox 2189 3070 2704 3138; baseline -0.002 -15"><span class='ocrx_word' id='word_1_554' title='bbox 2189 3070 2407 3138; x_wconf 79' lang='lat' dir='ltr'><strong>fortasse</strong></span> <span class='ocrx_word' id='word_1_555' title='bbox 2446 3070 2704 3122; x_wconf 85' lang='lat' dir='ltr'><strong>nonnulli.</strong></span> 
     </span>
    </p>
   </div>
   <div class='ocr_carea' id='block_1_78' title="bbox 2183 3178 3667 3255">
    <p class='ocr_par' dir='ltr' id='par_1_78' title="bbox 2183 3178 3667 3255">
     <span class='ocr_line' id='line_1_78' title="bbox 2183 3178 3667 3255; baseline -0.007 -15"><span class='ocrx_word' id='word_1_556' title='bbox 2183 3185 2286 3241; x_wconf 89' lang='lat' dir='ltr'><strong>Sed</strong></span> <span class='ocrx_word' id='word_1_557' title='bbox 2321 3187 2432 3255; x_wconf 86' lang='lat' dir='ltr'><strong>jam</strong></span> <span class='ocrx_word' id='word_1_558' title='bbox 2482 3185 2547 3238; x_wconf 89' lang='lat' dir='ltr'><strong>ad</strong></span> <span class='ocrx_word' id='word_1_559' title='bbox 2589 3184 2824 3253; x_wconf 86' lang='lat' dir='ltr'><strong>potiores</strong></span> <span class='ocrx_word' id='word_1_560' title='bbox 2877 3179 3083 3252; x_wconf 83' lang='lat' dir='ltr'><strong>Didymi</strong></span> <span class='ocrx_word' id='word_1_561' title='bbox 3128 3178 3476 3234; x_wconf 80' lang='lat' dir='ltr'><strong>Alexandrini</strong></span> <span class='ocrx_word' id='word_1_562' title='bbox 3522 3186 3667 3231; x_wconf 84' lang='lat' dir='ltr'><strong>notas</strong></span> 
     </span>
    </p>
   </div>
   <div class='ocr_carea' id='block_1_79' title="bbox 2112 3275 3665 3346">
    <p class='ocr_par' dir='ltr' id='par_1_79' title="bbox 2112 3275 3665 3346">
     <span class='ocr_line' id='line_1_79' title="bbox 2112 3275 3665 3346; baseline -0.01 -9"><span class='ocrx_word' id='word_1_563' title='bbox 2112 3291 2469 3337; x_wconf 83' lang='lat' dir='ltr'><strong>transeamus.</strong></span> <span class='ocrx_word' id='word_1_564' title='bbox 2500 3279 2699 3333; x_wconf 77' lang='lat' dir='ltr'><strong>[larum</strong></span> <span class='ocrx_word' id='word_1_565' title='bbox 2729 3285 2996 3346; x_wconf 88' lang='lat' dir='ltr'><strong>postrema</strong></span> <span class='ocrx_word' id='word_1_566' title='bbox 3033 3275 3272 3345; x_wconf 90' lang='lat' dir='ltr'><strong>profecto</strong></span> <span class='ocrx_word' id='word_1_567' title='bbox 3311 3289 3372 3328; x_wconf 91' lang='lat' dir='ltr'><strong>ea</strong></span> <span class='ocrx_word' id='word_1_568' title='bbox 3421 3288 3525 3326; x_wconf 90' lang='lat' dir='ltr'><strong>non</strong></span> <span class='ocrx_word' id='word_1_569' title='bbox 3569 3283 3665 3335; x_wconf 75' lang='grc' dir='ltr'>εει,</span> 
     </span>
    </p>
   </div>
   <div class='ocr_carea' id='block_1_80' title="bbox 2113 3363 3665 3441">
    <p class='ocr_par' dir='ltr' id='par_1_80' title="bbox 2113 3363 3665 3441">
     <span class='ocr_line' id='line_1_80' title="bbox 2113 3363 3665 3441; baseline -0.005 -18"><span class='ocrx_word' id='word_1_570' title='bbox 2113 3372 2251 3441; x_wconf 89' lang='lat' dir='ltr'><strong>quod</strong></span> <span class='ocrx_word' id='word_1_571' title='bbox 2283 3371 2453 3426; x_wconf 87' lang='lat' dir='ltr'><strong>sancti</strong></span> <span class='ocrx_word' id='word_1_572' title='bbox 2483 3368 2734 3423; x_wconf 72' lang='lat' dir='ltr'><strong>Ecclesia:</strong></span> <span class='ocrx_word' id='word_1_573' title='bbox 2764 3368 2950 3421; x_wconf 86' lang='lat' dir='ltr'><strong>Patres</strong></span> <span class='ocrx_word' id='word_1_574' title='bbox 2991 3366 3307 3420; x_wconf 88' lang='lat' dir='ltr'><strong>Ambrosius</strong></span> <span class='ocrx_word' id='word_1_575' title='bbox 3369 3379 3431 3418; x_wconf 90' lang='lat' dir='ltr'><strong>ac</strong></span> <span class='ocrx_word' id='word_1_576' title='bbox 3480 3363 3665 3418; x_wconf 79' lang='lat' dir='ltr'><strong>Hiero-</strong></span> 
     </span>
    </p>
   </div>
   <div class='ocr_carea' id='block_1_81' title="bbox 2113 3454 3669 3532">
    <p class='ocr_par' dir='ltr' id='par_1_81' title="bbox 2113 3454 3669 3532">
     <span class='ocr_line' id='line_1_81' title="bbox 2113 3454 3669 3532; baseline -0.008 -16"><span class='ocrx_word' id='word_1_577' title='bbox 2113 3477 2304 3532; x_wconf 87' lang='lat' dir='ltr'><strong>nymus</strong></span> <span class='ocrx_word' id='word_1_578' title='bbox 2338 3460 2481 3515; x_wconf 89' lang='lat' dir='ltr'><strong>haud</strong></span> <span class='ocrx_word' id='word_1_579' title='bbox 2511 3474 2674 3530; x_wconf 90' lang='lat' dir='ltr'><strong>pauca</strong></span> <span class='ocrx_word' id='word_1_580' title='bbox 2716 3473 2781 3513; x_wconf 81' lang='lat' dir='ltr'><strong>ex</strong></span> <span class='ocrx_word' id='word_1_581' title='bbox 2829 3460 2945 3525; x_wconf 79' lang='lat' dir='ltr'><strong>ejus</strong></span> <span class='ocrx_word' id='word_1_582' title='bbox 2974 3457 3127 3511; x_wconf 92' lang='lat' dir='ltr'><strong>libris</strong></span> <span class='ocrx_word' id='word_1_583' title='bbox 3154 3454 3379 3509; x_wconf 84' lang='lat' dir='ltr'><strong>mutuati</strong></span> <span class='ocrx_word' id='word_1_584' title='bbox 3420 3454 3551 3512; x_wconf 88' lang='lat' dir='ltr'><strong>sint.</strong></span> <span class='ocrx_word' id='word_1_585' title='bbox 3584 3460 3669 3505; x_wconf 88' lang='lat' dir='ltr'><strong>aut</strong></span> 
     </span>
    </p>
   </div>
   <div class='ocr_carea' id='block_1_82' title="bbox 2114 3542 3664 3617">
    <p class='ocr_par' dir='ltr' id='par_1_82' title="bbox 2114 3542 3664 3617">
     <span class='ocr_line' id='line_1_82' title="bbox 2114 3542 3664 3617; baseline -0.009 -13"><span class='ocrx_word' id='word_1_586' title='bbox 2114 3551 2324 3605; x_wconf 88' lang='lat' dir='ltr'><strong>imitati.</strong></span> <span class='ocrx_word' id='word_1_587' title='bbox 2361 3547 2492 3602; x_wconf 85' lang='lat' dir='ltr'><strong>Nam</strong></span> <span class='ocrx_word' id='word_1_588' title='bbox 2526 3549 2667 3617; x_wconf 90' lang='lat' dir='ltr'><strong>quod</strong></span> <span class='ocrx_word' id='word_1_589' title='bbox 2703 3546 2895 3601; x_wconf 89' lang='lat' dir='ltr'><strong>attinet</strong></span> <span class='ocrx_word' id='word_1_590' title='bbox 2931 3546 3144 3613; x_wconf 87' lang='lat' dir='ltr'><strong>quidem</strong></span> <span class='ocrx_word' id='word_1_591' title='bbox 3196 3543 3261 3596; x_wconf 88' lang='lat' dir='ltr'><strong>ad</strong></span> <span class='ocrx_word' id='word_1_592' title='bbox 3308 3542 3664 3605; x_wconf 86' lang='lat' dir='ltr'><strong>Ambrosium,</strong></span> 
     </span>
    </p>
   </div>
   <div class='ocr_carea' id='block_1_83' title="bbox 2113 3630 3665 3704">
    <p class='ocr_par' dir='ltr' id='par_1_83' title="bbox 2113 3630 3665 3704">
     <span class='ocr_line' id='line_1_83' title="bbox 2113 3630 3665 3704; baseline -0.007 -13"><span class='ocrx_word' id='word_1_593' title='bbox 2113 3638 2165 3691; x_wconf 92' lang='lat' dir='ltr'><strong>id</strong></span> <span class='ocrx_word' id='word_1_594' title='bbox 2193 3646 2377 3704; x_wconf 88' lang='lat' dir='ltr'><strong>aperte</strong></span> <span class='ocrx_word' id='word_1_595' title='bbox 2422 3635 2621 3689; x_wconf 90' lang='lat' dir='ltr'><strong>fatetur</strong></span> <span class='ocrx_word' id='word_1_596' title='bbox 2655 3633 2880 3688; x_wconf 80' lang='lat' dir='ltr'><strong>Butlnus</strong></span> <span class='ocrx_word' id='word_1_597' title='bbox 2917 3633 3300 3703; x_wconf 84' lang='lat' dir='ltr'><strong>Aquileiensis,</strong></span> <span class='ocrx_word' id='word_1_598' title='bbox 3333 3630 3485 3700; x_wconf 84' lang='lat' dir='ltr'><strong>cujus</strong></span> <span class='ocrx_word' id='word_1_599' title='bbox 3513 3631 3665 3684; x_wconf 75' lang='lat' dir='ltr'><strong>verba</strong></span> 
     </span>
    </p>
   </div>
   <div class='ocr_carea' id='block_1_84' title="bbox 2111 3722 3668 3796">
    <p class='ocr_par' dir='ltr' id='par_1_84' title="bbox 2111 3722 3668 3796">
     <span class='ocr_line' id='line_1_84' title="bbox 2111 3722 3668 3796; baseline -0.006 -15"><span class='ocrx_word' id='word_1_600' title='bbox 2111 3728 2305 3796; x_wconf 90' lang='lat' dir='ltr'><strong>protuli</strong></span> <span class='ocrx_word' id='word_1_601' title='bbox 2340 3742 2459 3794; x_wconf 88' lang='lat' dir='ltr'><strong>pag.</strong></span> <span class='ocrx_word' id='word_1_602' title='bbox 2492 3727 2579 3789; x_wconf 82' lang='lat' dir='ltr'><strong>5f,</strong></span> <span class='ocrx_word' id='word_1_603' title='bbox 2610 3734 2721 3780; x_wconf 91' lang='lat' dir='ltr'><strong>not.</strong></span> <span class='ocrx_word' id='word_1_604' title='bbox 2753 3725 2807 3779; x_wconf 82' lang='lat'><strong>5.</strong></span> <span class='ocrx_word' id='word_1_605' title='bbox 2840 3724 2895 3778; x_wconf 88' lang='lat' dir='ltr'><strong>Id</strong></span> <span class='ocrx_word' id='word_1_606' title='bbox 2932 3726 3104 3793; x_wconf 90' lang='lat' dir='ltr'><strong>ipsum</strong></span> <span class='ocrx_word' id='word_1_607' title='bbox 3152 3738 3277 3775; x_wconf 90' lang='lat' dir='ltr'><strong>vero</strong></span> <span class='ocrx_word' id='word_1_608' title='bbox 3308 3722 3533 3791; x_wconf 86' lang='lat' dir='ltr'><strong>probant</strong></span> <span class='ocrx_word' id='word_1_609' title='bbox 3562 3739 3668 3773; x_wconf 77' lang='lat' dir='ltr'><strong>tnu-</strong></span> 
     </span>
    </p>
   </div>
   <div class='ocr_carea' id='block_1_85' title="bbox 2113 3811 3668 3881">
    <p class='ocr_par' dir='ltr' id='par_1_85' title="bbox 2113 3811 3668 3881">
     <span class='ocr_line' id='line_1_85' title="bbox 2113 3811 3668 3881; baseline -0.006 -10"><span class='ocrx_word' id='word_1_610' title='bbox 2113 3818 2269 3872; x_wconf 86' lang='lat' dir='ltr'><strong>naclti</strong></span> <span class='ocrx_word' id='word_1_611' title='bbox 2307 3816 2365 3871; x_wconf 92' lang='lat' dir='ltr'><strong>S.</strong></span> <span class='ocrx_word' id='word_1_612' title='bbox 2410 3816 2577 3869; x_wconf 83' lang='lat' dir='ltr'><strong>Mauri</strong></span> <span class='ocrx_word' id='word_1_613' title='bbox 2616 3824 2743 3869; x_wconf 90' lang='lat' dir='ltr'><strong>tom.</strong></span> <span class='ocrx_word' id='word_1_614' title='bbox 2776 3814 2819 3868; x_wconf 95' lang='lat' dir='ltr'><strong>ll</strong></span> <span class='ocrx_word' id='word_1_615' title='bbox 2856 3830 3076 3881; x_wconf 88' lang='lat' dir='ltr'><strong>operum</strong></span> <span class='ocrx_word' id='word_1_616' title='bbox 3109 3812 3371 3866; x_wconf 83' lang='lat' dir='ltr'><strong>Ambrosii</strong></span> <span class='ocrx_word' id='word_1_617' title='bbox 3414 3827 3533 3880; x_wconf 85' lang='lat' dir='ltr'><strong>pag.</strong></span> <span class='ocrx_word' id='word_1_618' title='bbox 3572 3811 3668 3865; x_wconf 83' lang='lat'><strong>597</strong></span> 
     </span>
    </p>
   </div>
   <div class='ocr_carea' id='block_1_86' title="bbox 2114 3901 3670 3975">
    <p class='ocr_par' dir='ltr' id='par_1_86' title="bbox 2114 3901 3670 3975">
     <span class='ocr_line' id='line_1_86' title="bbox 2114 3901 3670 3975; baseline -0.003 -16"><span class='ocrx_word' id='word_1_619' title='bbox 2114 3907 2167 3961; x_wconf 90' lang='lat' dir='ltr'><strong>in</strong></span> <span class='ocrx_word' id='word_1_620' title='bbox 2221 3907 2600 3962; x_wconf 87' lang='lat' dir='ltr'><strong>Admonitione</strong></span> <span class='ocrx_word' id='word_1_621' title='bbox 2654 3908 2705 3959; x_wconf 92' lang='lat' dir='ltr'><strong>in</strong></span> <span class='ocrx_word' id='word_1_622' title='bbox 2768 3906 3003 3975; x_wconf 83' lang='lat' dir='ltr'><strong>ejusdem</strong></span> <span class='ocrx_word' id='word_1_623' title='bbox 3055 3905 3321 3959; x_wconf 84' lang='lat' dir='ltr'><strong>Ambrosii</strong></span> <span class='ocrx_word' id='word_1_624' title='bbox 3377 3905 3541 3957; x_wconf 90' lang='lat' dir='ltr'><strong>libros</strong></span> <span class='ocrx_word' id='word_1_625' title='bbox 3602 3901 3670 3954; x_wconf 85' lang='lat' dir='ltr'><strong>De</strong></span> 
     </span>
    </p>
   </div>
   <div class='ocr_carea' id='block_1_87' title="bbox 2114 3994 3668 4065">
    <p class='ocr_par' dir='ltr' id='par_1_87' title="bbox 2114 3994 3668 4065">
     <span class='ocr_line' id='line_1_87' title="bbox 2114 3994 3668 4065; baseline -0.005 -13"><span class='ocrx_word' id='word_1_626' title='bbox 2114 3997 2317 4065; x_wconf 82' lang='lat' dir='ltr'><strong>Spiritu</strong></span> <span class='ocrx_word' id='word_1_627' title='bbox 2348 4009 2527 4052; x_wconf 83' lang='lat' dir='ltr'><strong>sancto</strong></span> <span class='ocrx_word' id='word_1_628' title='bbox 2561 3998 2870 4065; x_wconf 87' lang='lat' dir='ltr'><strong>inscriptos.</strong></span> <span class='ocrx_word' id='word_1_629' title='bbox 2919 3996 2993 4049; x_wconf 89' lang='lat' dir='ltr'><strong>lbi</strong></span> <span class='ocrx_word' id='word_1_630' title='bbox 3029 3996 3171 4050; x_wconf 88' lang='lat' dir='ltr'><strong>enim</strong></span> <span class='ocrx_word' id='word_1_631' title='bbox 3226 3996 3338 4049; x_wconf 77' lang='lat' dir='ltr'><strong>loca</strong></span> <span class='ocrx_word' id='word_1_632' title='bbox 3393 3996 3505 4063; x_wconf 88' lang='lat' dir='ltr'><strong>ipsa</strong></span> <span class='ocrx_word' id='word_1_633' title='bbox 3540 3994 3668 4047; x_wconf 75' lang='lat' dir='ltr'><strong>indi~</strong></span> 
     </span>
    </p>
   </div>
   <div class='ocr_carea' id='block_1_88' title="bbox 2112 4081 3667 4155">
    <p class='ocr_par' dir='ltr' id='par_1_88' title="bbox 2112 4081 3667 4155">
     <span class='ocr_line' id='line_1_88' title="bbox 2112 4081 3667 4155; baseline -0.005 -14"><span class='ocrx_word' id='word_1_634' title='bbox 2112 4096 2237 4141; x_wconf 88' lang='lat' dir='ltr'><strong>cant</strong></span> <span class='ocrx_word' id='word_1_635' title='bbox 2278 4101 2396 4155; x_wconf 73' lang='lat' dir='ltr'><strong>qua:</strong></span> <span class='ocrx_word' id='word_1_636' title='bbox 2451 4085 2765 4139; x_wconf 88' lang='lat' dir='ltr'><strong>Ambrosius</strong></span> <span class='ocrx_word' id='word_1_637' title='bbox 2808 4100 2875 4138; x_wconf 80' lang='lat' dir='ltr'><strong>ex</strong></span> <span class='ocrx_word' id='word_1_638' title='bbox 2928 4084 3137 4155; x_wconf 88' lang='lat' dir='ltr'><strong>Didymi</strong></span> <span class='ocrx_word' id='word_1_639' title='bbox 3184 4084 3322 4137; x_wconf 91' lang='lat' dir='ltr'><strong>libro</strong></span> <span class='ocrx_word' id='word_1_640' title='bbox 3370 4083 3445 4137; x_wconf 85' lang='lat' dir='ltr'><strong>De</strong></span> <span class='ocrx_word' id='word_1_641' title='bbox 3477 4081 3667 4146; x_wconf 76' lang='lat' dir='ltr'><strong>Spiritu</strong></span> 
     </span>
    </p>
   </div>
   <div class='ocr_carea' id='block_1_89' title="bbox 2113 4172 3667 4244">
    <p class='ocr_par' dir='ltr' id='par_1_89' title="bbox 2113 4172 3667 4244">
     <span class='ocr_line' id='line_1_89' title="bbox 2113 4172 3667 4244; baseline -0.005 -14"><span class='ocrx_word' id='word_1_642' title='bbox 2113 4186 2291 4231; x_wconf 86' lang='lat' dir='ltr'><strong>sancto</strong></span> <span class='ocrx_word' id='word_1_643' title='bbox 2320 4184 2590 4229; x_wconf 89' lang='lat' dir='ltr'><strong>mutuatus</strong></span> <span class='ocrx_word' id='word_1_644' title='bbox 2617 4174 2733 4228; x_wconf 90' lang='lat' dir='ltr'><strong>fuit.</strong></span> <span class='ocrx_word' id='word_1_645' title='bbox 2764 4174 2913 4240; x_wconf 90' lang='lat' dir='ltr'><strong>Quod</strong></span> <span class='ocrx_word' id='word_1_646' title='bbox 2942 4189 3065 4229; x_wconf 90' lang='lat' dir='ltr'><strong>vero</strong></span> <span class='ocrx_word' id='word_1_647' title='bbox 3106 4174 3335 4244; x_wconf 90' lang='lat' dir='ltr'><strong>pertinet</strong></span> <span class='ocrx_word' id='word_1_648' title='bbox 3380 4174 3446 4228; x_wconf 89' lang='lat' dir='ltr'><strong>ad</strong></span> <span class='ocrx_word' id='word_1_649' title='bbox 3490 4172 3667 4226; x_wconf 85' lang='lat' dir='ltr'><strong>Hiero-</strong></span> 
     </span>
    </p>
   </div>
   <div class='ocr_carea' id='block_1_90' title="bbox 2115 4262 3668 4337">
    <p class='ocr_par' dir='ltr' id='par_1_90' title="bbox 2115 4262 3668 4337">
     <span class='ocr_line' id='line_1_90' title="bbox 2115 4262 3668 4337; baseline -0.004 -16"><span class='ocrx_word' id='word_1_650' title='bbox 2115 4281 2359 4337; x_wconf 85' lang='lat' dir='ltr'><strong>nymum,</strong></span> <span class='ocrx_word' id='word_1_651' title='bbox 2389 4266 2581 4318; x_wconf 87' lang='lat' dir='ltr'><strong>fatetur</strong></span> <span class='ocrx_word' id='word_1_652' title='bbox 2615 4266 2838 4332; x_wconf 90' lang='lat' dir='ltr'><strong>ipsemet</strong></span> <span class='ocrx_word' id='word_1_653' title='bbox 2862 4266 3074 4333; x_wconf 58' lang='lat' dir='ltr'><strong>sapius,</strong></span> <span class='ocrx_word' id='word_1_654' title='bbox 3110 4264 3289 4317; x_wconf 85' lang='lat' dir='ltr'><strong>multa</strong></span> <span class='ocrx_word' id='word_1_655' title='bbox 3315 4278 3373 4317; x_wconf 91' lang='lat' dir='ltr'><strong>se</strong></span> <span class='ocrx_word' id='word_1_656' title='bbox 3419 4278 3485 4316; x_wconf 82' lang='lat' dir='ltr'><strong>ex</strong></span> <span class='ocrx_word' id='word_1_657' title='bbox 3516 4262 3668 4332; x_wconf 82' lang='lat' dir='ltr'><strong>Didy-</strong></span> 
     </span>
    </p>
   </div>
   <div class='ocr_carea' id='block_1_91' title="bbox 2119 4354 3666 4426">
    <p class='ocr_par' dir='ltr' id='par_1_91' title="bbox 2119 4354 3666 4426">
     <span class='ocr_line' id='line_1_91' title="bbox 2119 4354 3666 4426; baseline -0.004 -15"><span class='ocrx_word' id='word_1_658' title='bbox 2119 4373 2226 4424; x_wconf 92' lang='lat' dir='ltr'><strong>mo,</strong></span> <span class='ocrx_word' id='word_1_659' title='bbox 2264 4373 2421 4426; x_wconf 90' lang='lat' dir='ltr'><strong>quem</strong></span> <span class='ocrx_word' id='word_1_660' title='bbox 2465 4370 2619 4409; x_wconf 92' lang='lat' dir='ltr'><strong>suum</strong></span> <span class='ocrx_word' id='word_1_661' title='bbox 2659 4356 2973 4424; x_wconf 82' lang='lat' dir='ltr'><strong>magistrum</strong></span> <span class='ocrx_word' id='word_1_662' title='bbox 3001 4365 3173 4418; x_wconf 90' lang='lat' dir='ltr'><strong>vocat,</strong></span> <span class='ocrx_word' id='word_1_663' title='bbox 3204 4356 3585 4423; x_wconf 82' lang='lat' dir='ltr'><strong>desntnpsisse.</strong></span> <span class='ocrx_word' id='word_1_664' title='bbox 3620 4354 3666 4405; x_wconf 97' lang='lat' dir='ltr'><strong>ll</strong></span> 
     </span>
    </p>
   </div>
   <div class='ocr_carea' id='block_1_92' title="bbox 456 4445 3667 4521">
    <p class='ocr_par' dir='ltr' id='par_1_92' title="bbox 456 4445 3667 4521">
     <span class='ocr_line' id='line_1_92' title="bbox 456 4445 3667 4521; baseline -0.003 -16"><span class='ocrx_word' id='word_1_665' title='bbox 456 4467 565 4505; x_wconf 86' lang='lat' dir='ltr'><strong>cas.</strong></span> <span class='ocrx_word' id='word_1_666' title='bbox 599 4448 933 4518; x_wconf 79' lang='lat' dir='ltr'><strong>Eusdemque</strong></span> <span class='ocrx_word' id='word_1_667' title='bbox 968 4456 1023 4501; x_wconf 87' lang='lat' dir='ltr'><strong>ut</strong></span> <span class='ocrx_word' id='word_1_668' title='bbox 1065 4449 1292 4513; x_wconf 89' lang='lat' dir='ltr'><strong>refellat,</strong></span> <span class='ocrx_word' id='word_1_669' title='bbox 1334 4466 1360 4502; x_wconf 90' lang='lat' dir='ltr'><strong>a</strong></span> <span class='ocrx_word' id='word_1_670' title='bbox 1416 4452 1688 4520; x_wconf 89' lang='lat' dir='ltr'><strong>proposito</strong></span> <span class='ocrx_word' id='word_1_671' title='bbox 1731 4467 2015 4521; x_wconf 89' lang='lat' dir='ltr'><strong>parumper</strong></span> <span class='ocrx_word' id='word_1_672' title='bbox 2046 4454 2090 4509; x_wconf 90' lang='lat' dir='ltr'><strong>D</strong></span> <span class='ocrx_word' id='word_1_673' title='bbox 2122 4450 2194 4502; x_wconf 89' lang='lat' dir='ltr'><strong>ita</strong></span> <span class='ocrx_word' id='word_1_674' title='bbox 2242 4462 2360 4501; x_wconf 88' lang='lat' dir='ltr'><strong>esse</strong></span> <span class='ocrx_word' id='word_1_675' title='bbox 2414 4447 2703 4515; x_wconf 89' lang='lat' dir='ltr'><strong>comperiet</strong></span> <span class='ocrx_word' id='word_1_676' title='bbox 2758 4446 2944 4509; x_wconf 90' lang='lat' dir='ltr'><strong>lector,</strong></span> <span class='ocrx_word' id='word_1_677' title='bbox 3009 4446 3051 4500; x_wconf 91' lang='lat' dir='ltr'><strong>si</strong></span> <span class='ocrx_word' id='word_1_678' title='bbox 3110 4446 3413 4515; x_wconf 76' lang='lat' dir='ltr'><strong>Hieronymi</strong></span> <span class='ocrx_word' id='word_1_679' title='bbox 3454 4445 3567 4499; x_wconf 88' lang='lat' dir='ltr'><strong>loca</strong></span> <span class='ocrx_word' id='word_1_680' title='bbox 3622 4446 3667 4497; x_wconf 87' lang='lat' dir='ltr'><strong>in</strong></span> 
     </span>
    </p>
   </div>
   <div class='ocr_carea' id='block_1_93' title="bbox 458 4539 2015 4606">
    <p class='ocr_par' dir='ltr' id='par_1_93' title="bbox 458 4539 2015 4606">
     <span class='ocr_line' id='line_1_93' title="bbox 458 4539 2015 4606; baseline 0.001 -12"><span class='ocrx_word' id='word_1_681' title='bbox 458 4541 667 4594; x_wconf 88' lang='lat' dir='ltr'><strong>aberrat</strong></span> <span class='ocrx_word' id='word_1_682' title='bbox 706 4540 755 4592; x_wconf 92' lang='lat' dir='ltr'><strong>in</strong></span> <span class='ocrx_word' id='word_1_683' title='bbox 791 4540 926 4592; x_wconf 88' lang='lat' dir='ltr'><strong>libro</strong></span> <span class='ocrx_word' id='word_1_684' title='bbox 958 4539 1029 4592; x_wconf 85' lang='lat' dir='ltr'><strong>De</strong></span> <span class='ocrx_word' id='word_1_685' title='bbox 1064 4539 1262 4606; x_wconf 83' lang='lat' dir='ltr'><strong>Spiritu</strong></span> <span class='ocrx_word' id='word_1_686' title='bbox 1291 4552 1489 4605; x_wconf 83' lang='lat' dir='ltr'><strong>sancto,</strong></span> <span class='ocrx_word' id='word_1_687' title='bbox 1538 4558 1683 4595; x_wconf 86' lang='lat' dir='ltr'><strong>nunt.</strong></span> <span class='ocrx_word' id='word_1_688' title='bbox 1736 4542 1823 4604; x_wconf 70' lang='grc'><strong>45,</strong></span> <span class='ocrx_word' id='word_1_689' title='bbox 1857 4558 2015 4597; x_wconf 83' lang='lat' dir='ltr'><strong>occa-</strong></span> 
     </span>
    </p>
   </div>
   <div class='ocr_carea' id='block_1_94' title="bbox 456 4628 2017 4699">
    <p class='ocr_par' dir='ltr' id='par_1_94' title="bbox 456 4628 2017 4699">
     <span class='ocr_line' id='line_1_94' title="bbox 456 4628 2017 4699; baseline 0 -14"><span class='ocrx_word' id='word_1_690' title='bbox 456 4632 609 4685; x_wconf 84' lang='lat' dir='ltr'><strong>sione</strong></span> <span class='ocrx_word' id='word_1_691' title='bbox 641 4641 856 4699; x_wconf 88' lang='lat' dir='ltr'><strong>arrepta</strong></span> <span class='ocrx_word' id='word_1_692' title='bbox 901 4645 963 4683; x_wconf 80' lang='lat' dir='ltr'><strong>ex</strong></span> <span class='ocrx_word' id='word_1_693' title='bbox 1008 4629 1109 4682; x_wconf 89' lang='lat' dir='ltr'><strong>illis</strong></span> <span class='ocrx_word' id='word_1_694' title='bbox 1142 4628 1287 4682; x_wconf 63' lang='lat' dir='ltr'><strong>Isaia:</strong></span> <span class='ocrx_word' id='word_1_695' title='bbox 1331 4630 1544 4685; x_wconf 89' lang='lat' dir='ltr'><strong>verbis:</strong></span> <span class='ocrx_word' id='word_1_696' title='bbox 1602 4630 1841 4699; x_wconf 78' lang='lat' dir='ltr'><strong>Inferens</strong></span> <span class='ocrx_word' id='word_1_697' title='bbox 1871 4634 2017 4685; x_wconf 81' lang='lat' dir='ltr'><strong>nobis</strong></span> 
     </span>
    </p>
   </div>
   <div class='ocr_carea' id='block_1_95' title="bbox 458 4720 2015 4793">
    <p class='ocr_par' dir='ltr' id='par_1_95' title="bbox 458 4720 2015 4793">
     <span class='ocr_line' id='line_1_95' title="bbox 458 4720 2015 4793; baseline 0.002 -19"><span class='ocrx_word' id='word_1_698' title='bbox 458 4723 608 4781; x_wconf 75' lang='lat' dir='ltr'><strong>iuxta</strong></span> <span class='ocrx_word' id='word_1_699' title='bbox 666 4720 1076 4773; x_wconf 83' lang='lat' dir='ltr'><strong>misericordiam</strong></span> <span class='ocrx_word' id='word_1_700' title='bbox 1131 4721 1334 4773; x_wconf 64' lang='lat' dir='ltr'><strong>suam‘.</strong></span> <span class='ocrx_word' id='word_1_701' title='bbox 1369 4720 1589 4775; x_wconf 89' lang='lat' dir='ltr'><strong>Cuinam</strong></span> <span class='ocrx_word' id='word_1_702' title='bbox 1639 4736 1768 4792; x_wconf 85' lang='lat' dir='ltr'><strong>ergo</strong></span> <span class='ocrx_word' id='word_1_703' title='bbox 1826 4724 2015 4793; x_wconf 77' lang='lat' dir='ltr'><strong>magis,</strong></span> 
     </span>
    </p>
   </div>
   <div class='ocr_carea' id='block_1_96' title="bbox 446 4811 2016 4883">
    <p class='ocr_par' dir='ltr' id='par_1_96' title="bbox 446 4811 2016 4883">
     <span class='ocr_line' id='line_1_96' title="bbox 446 4811 2016 4883; baseline 0.003 -20"><span class='ocrx_word' id='word_1_704' title='bbox 446 4827 618 4881; x_wconf 81' lang='lat' dir='ltr'><strong>quam</strong></span> <span class='ocrx_word' id='word_1_705' title='bbox 684 4811 909 4881; x_wconf 85' lang='lat' dir='ltr'><strong>Didymo</strong></span> <span class='ocrx_word' id='word_1_706' title='bbox 961 4812 1248 4865; x_wconf 88' lang='lat' dir='ltr'><strong>convenire</strong></span> <span class='ocrx_word' id='word_1_707' title='bbox 1317 4812 1697 4866; x_wconf 88' lang='lat' dir='ltr'><strong>arbitrabimur</strong></span> <span class='ocrx_word' id='word_1_708' title='bbox 1762 4815 1902 4883; x_wconf 90' lang='lat' dir='ltr'><strong>quod</strong></span> <span class='ocrx_word' id='word_1_709' title='bbox 1964 4815 2016 4868; x_wconf 91' lang='lat' dir='ltr'><strong>in</strong></span> 
     </span>
    </p>
   </div>
   <div class='ocr_carea' id='block_1_97' title="bbox 461 4903 2015 4969">
    <p class='ocr_par' dir='ltr' id='par_1_97' title="bbox 461 4903 2015 4969">
     <span class='ocr_line' id='line_1_97' title="bbox 461 4903 2015 4969; baseline 0.001 -13"><span class='ocrx_word' id='word_1_710' title='bbox 461 4905 619 4956; x_wconf 88' lang='lat' dir='ltr'><strong>trium</strong></span> <span class='ocrx_word' id='word_1_711' title='bbox 650 4903 839 4957; x_wconf 86' lang='lat' dir='ltr'><strong>Itornm</strong></span> <span class='ocrx_word' id='word_1_712' title='bbox 874 4903 1129 4956; x_wconf 90' lang='lat' dir='ltr'><strong>librorum</strong></span> <span class='ocrx_word' id='word_1_713' title='bbox 1173 4912 1393 4957; x_wconf 89' lang='lat' dir='ltr'><strong>auctore</strong></span> <span class='ocrx_word' id='word_1_714' title='bbox 1422 4903 1788 4969; x_wconf 89' lang='lat' dir='ltr'><strong>observamus,</strong></span> <span class='ocrx_word' id='word_1_715' title='bbox 1814 4914 1873 4957; x_wconf 88' lang='lat' dir='ltr'><strong>ut</strong></span> <span class='ocrx_word' id='word_1_716' title='bbox 1905 4904 2015 4958; x_wconf 86' lang='lat' dir='ltr'><strong>Ma-</strong></span> 
     </span>
    </p>
   </div>
   <div class='ocr_carea' id='block_1_98' title="bbox 460 4994 2016 5063">
    <p class='ocr_par' dir='ltr' id='par_1_98' title="bbox 460 4994 2016 5063">
     <span class='ocr_line' id='line_1_98' title="bbox 460 4994 2016 5063; baseline 0.003 -17"><span class='ocrx_word' id='word_1_717' title='bbox 460 4994 697 5047; x_wconf 67' lang='lat' dir='ltr'><strong>nicbazos</strong></span> <span class='ocrx_word' id='word_1_718' title='bbox 725 5008 829 5046; x_wconf 90' lang='lat' dir='ltr'><strong>non</strong></span> <span class='ocrx_word' id='word_1_719' title='bbox 865 4996 1023 5046; x_wconf 90' lang='lat' dir='ltr'><strong>modo</strong></span> <span class='ocrx_word' id='word_1_720' title='bbox 1049 4994 1245 5057; x_wconf 86' lang='lat' dir='ltr'><strong>oblter,</strong></span> <span class='ocrx_word' id='word_1_721' title='bbox 1271 4994 1560 5063; x_wconf 88' lang='lat' dir='ltr'><strong>paucisque</strong></span> <span class='ocrx_word' id='word_1_722' title='bbox 1594 4996 1771 5049; x_wconf 88' lang='lat' dir='ltr'><strong>verbis</strong></span> <span class='ocrx_word' id='word_1_723' title='bbox 1808 4996 2016 5050; x_wconf 88' lang='lat' dir='ltr'><strong>refellat</strong></span> 
     </span>
    </p>
   </div>
   <div class='ocr_carea' id='block_1_99' title="bbox 461 5080 2016 5150">
    <p class='ocr_par' dir='ltr' id='par_1_99' title="bbox 461 5080 2016 5150">
     <span class='ocr_line' id='line_1_99' title="bbox 461 5080 2016 5150; baseline 0.005 -20"><span class='ocrx_word' id='word_1_724' title='bbox 461 5080 667 5146; x_wconf 83' lang='lat' dir='ltr'><strong>paginis</strong></span> <span class='ocrx_word' id='word_1_725' title='bbox 700 5080 825 5144; x_wconf 77' lang='grc'><strong>585,</strong></span> <span class='ocrx_word' id='word_1_726' title='bbox 859 5080 981 5144; x_wconf 73' lang='lat'><strong>388,</strong></span> <span class='ocrx_word' id='word_1_727' title='bbox 1015 5091 1069 5133; x_wconf 90' lang='lat' dir='ltr'><strong>et</strong></span> <span class='ocrx_word' id='word_1_728' title='bbox 1100 5081 1238 5147; x_wconf 82' lang='lat'><strong>596;</strong></span> <span class='ocrx_word' id='word_1_729' title='bbox 1292 5096 1473 5135; x_wconf 90' lang='lat' dir='ltr'><strong>verum</strong></span> <span class='ocrx_word' id='word_1_730' title='bbox 1516 5083 1677 5136; x_wconf 84' lang='lat' dir='ltr'><strong>etiam</strong></span> <span class='ocrx_word' id='word_1_731' title='bbox 1722 5083 1898 5150; x_wconf 88' lang='lat' dir='ltr'><strong>capite</strong></span> <span class='ocrx_word' id='word_1_732' title='bbox 1946 5084 2016 5137; x_wconf 65' lang='lat'><strong>42</strong></span> 
     </span>
    </p>
   </div>
   <div class='ocr_carea' id='block_1_100' title="bbox 462 5168 2018 5236">
    <p class='ocr_par' dir='ltr' id='par_1_100' title="bbox 462 5168 2018 5236">
     <span class='ocr_line' id='line_1_100' title="bbox 462 5168 2018 5236; baseline 0.003 -14"><span class='ocrx_word' id='word_1_733' title='bbox 462 5169 603 5222; x_wconf 89' lang='lat' dir='ltr'><strong>tertii</strong></span> <span class='ocrx_word' id='word_1_734' title='bbox 660 5168 777 5222; x_wconf 91' lang='lat' dir='ltr'><strong>libri</strong></span> <span class='ocrx_word' id='word_1_735' title='bbox 808 5170 994 5233; x_wconf 89' lang='lat' dir='ltr'><strong>fusius,</strong></span> <span class='ocrx_word' id='word_1_736' title='bbox 1030 5182 1087 5224; x_wconf 87' lang='lat' dir='ltr'><strong>ut</strong></span> <span class='ocrx_word' id='word_1_737' title='bbox 1112 5174 1267 5226; x_wconf 91' lang='lat' dir='ltr'><strong>modo</strong></span> <span class='ocrx_word' id='word_1_738' title='bbox 1295 5171 1636 5236; x_wconf 89' lang='lat' dir='ltr'><strong>dicebamus,</strong></span> <span class='ocrx_word' id='word_1_739' title='bbox 1686 5182 1871 5225; x_wconf 91' lang='lat' dir='ltr'><strong>contra</strong></span> <span class='ocrx_word' id='word_1_740' title='bbox 1924 5187 2018 5228; x_wconf 89' lang='lat' dir='ltr'><strong>eos</strong></span> 
     </span>
    </p>
   </div>
   <div class='ocr_carea' id='block_1_101' title="bbox 463 5260 2017 5333">
    <p class='ocr_par' dir='ltr' id='par_1_101' title="bbox 463 5260 2017 5333">
     <span class='ocr_line' id='line_1_101' title="bbox 463 5260 2017 5333; baseline 0.003 -21"><span class='ocrx_word' id='word_1_741' title='bbox 463 5260 681 5315; x_wconf 82' lang='lat' dir='ltr'><strong>scribat.</strong></span> <span class='ocrx_word' id='word_1_742' title='bbox 714 5268 875 5327; x_wconf 87' lang='lat' dir='ltr'><strong>atque</strong></span> <span class='ocrx_word' id='word_1_743' title='bbox 906 5276 933 5311; x_wconf 92' lang='lat' dir='ltr'><strong>a</strong></span> <span class='ocrx_word' id='word_1_744' title='bbox 975 5264 1245 5330; x_wconf 83' lang='lat' dir='ltr'><strong>proposito</strong></span> <span class='ocrx_word' id='word_1_745' title='bbox 1278 5273 1594 5333; x_wconf 87' lang='lat' dir='ltr'><strong>argumento</strong></span> <span class='ocrx_word' id='word_1_746' title='bbox 1633 5263 1698 5316; x_wconf 87' lang='lat' dir='ltr'><strong>ad</strong></span> <span class='ocrx_word' id='word_1_747' title='bbox 1735 5264 1852 5318; x_wconf 88' lang='lat' dir='ltr'><strong>illos</strong></span> <span class='ocrx_word' id='word_1_748' title='bbox 1885 5279 2017 5317; x_wconf 89' lang='lat' dir='ltr'><strong>cutt-</strong></span> 
     </span>
    </p>
   </div>
   <div class='ocr_carea' id='block_1_102' title="bbox 462 5350 1091 5416">
    <p class='ocr_par' dir='ltr' id='par_1_102' title="bbox 462 5350 1091 5416">
     <span class='ocr_line' id='line_1_102' title="bbox 462 5350 1091 5416; baseline 0 -11"><span class='ocrx_word' id='word_1_749' title='bbox 462 5350 707 5405; x_wconf 85' lang='lat' dir='ltr'><strong>futandos</strong></span> <span class='ocrx_word' id='word_1_750' title='bbox 735 5351 1091 5416; x_wconf 81' lang='lat' dir='ltr'><strong>digredtatur?</strong></span> 
     </span>
    </p>
   </div>
   <div class='ocr_carea' id='block_1_103' title="bbox 533 5442 2013 5515">
    <p class='ocr_par' dir='ltr' id='par_1_103' title="bbox 533 5442 2013 5515">
     <span class='ocr_line' id='line_1_103' title="bbox 533 5442 2013 5515; baseline 0.003 -20"><span class='ocrx_word' id='word_1_751' title='bbox 533 5442 795 5508; x_wconf 87' lang='lat' dir='ltr'><strong>Quoniam</strong></span> <span class='ocrx_word' id='word_1_752' title='bbox 822 5458 946 5495; x_wconf 84' lang='lat' dir='ltr'><strong>vero</strong></span> <span class='ocrx_word' id='word_1_753' title='bbox 972 5444 1293 5511; x_wconf 79' lang='lat' dir='ltr'><strong>coniecturis</strong></span> <span class='ocrx_word' id='word_1_754' title='bbox 1328 5462 1464 5500; x_wconf 92' lang='lat' dir='ltr'><strong>nunc</strong></span> <span class='ocrx_word' id='word_1_755' title='bbox 1494 5446 1850 5515; x_wconf 81' lang='lat' dir='ltr'><strong>indulgemus,</strong></span> <span class='ocrx_word' id='word_1_756' title='bbox 1889 5446 2013 5500; x_wconf 90' lang='lat' dir='ltr'><strong>illud</strong></span> 
     </span>
    </p>
   </div>
   <div class='ocr_carea' id='block_1_104' title="bbox 464 5532 2011 5606">
    <p class='ocr_par' dir='ltr' id='par_1_104' title="bbox 464 5532 2011 5606">
     <span class='ocr_line' id='line_1_104' title="bbox 464 5532 2011 5606; baseline 0.001 -17"><span class='ocrx_word' id='word_1_757' title='bbox 464 5532 623 5589; x_wconf 69' lang='lat' dir='ltr'><strong>etiam</strong></span> <span class='ocrx_word' id='word_1_758' title='bbox 655 5533 1117 5589; x_wconf 84' lang='lat' dir='ltr'><strong>animadversione</strong></span> <span class='ocrx_word' id='word_1_759' title='bbox 1144 5538 1361 5603; x_wconf 70' lang='lat' dir='ltr'><strong>dignum</strong></span> <span class='ocrx_word' id='word_1_760' title='bbox 1393 5552 1532 5601; x_wconf 91' lang='lat' dir='ltr'><strong>reor,</strong></span> <span class='ocrx_word' id='word_1_761' title='bbox 1565 5538 1705 5605; x_wconf 88' lang='lat' dir='ltr'><strong>quod</strong></span> <span class='ocrx_word' id='word_1_762' title='bbox 1736 5553 1855 5590; x_wconf 91' lang='lat' dir='ltr'><strong>cum</strong></span> <span class='ocrx_word' id='word_1_763' title='bbox 1891 5538 2011 5606; x_wconf 90' lang='lat' dir='ltr'><strong>plu-</strong></span> 
     </span>
    </p>
   </div>
   <div class='ocr_carea' id='block_1_105' title="bbox 530 5709 976 5778">
    <p class='ocr_par' dir='ltr' id='par_1_105' title="bbox 530 5709 976 5778">
     <span class='ocr_line' id='line_1_105' title="bbox 530 5709 976 5778; baseline 0.004 -14"><span class='ocrx_word' id='word_1_764' title='bbox 530 5711 555 5743; x_wconf 75' lang='grc'><strong>⁸</strong></span> <span class='ocrx_word' id='word_1_765' title='bbox 587 5709 691 5766; x_wconf 88' lang='lat' dir='ltr'><strong>lsa.</strong></span> <span class='ocrx_word' id='word_1_766' title='bbox 728 5729 859 5766; x_wconf 74' lang='lat' dir='ltr'><strong>ant</strong></span> <span class='ocrx_word' id='word_1_767' title='bbox 883 5755 895 5778; x_wconf 92' lang='lat'><strong>,</strong></span> <span class='ocrx_word' id='word_1_768' title='bbox 928 5714 976 5767; x_wconf 89' lang='lat'><strong>7.</strong></span> 
     </span>
    </p>
   </div>
   <div class='ocr_carea' id='block_1_106' title="bbox 2127 4535 3669 4604">
    <p class='ocr_par' dir='ltr' id='par_1_106' title="bbox 2127 4535 3669 4604">
     <span class='ocr_line' id='line_1_106' title="bbox 2127 4535 3669 4604; baseline -0.003 -14"><span class='ocrx_word' id='word_1_769' title='bbox 2127 4536 2366 4592; x_wconf 83' lang='lat' dir='ltr'><strong>Veterum</strong></span> <span class='ocrx_word' id='word_1_770' title='bbox 2412 4537 2740 4590; x_wconf 79' lang='lat' dir='ltr'><strong>Testimoniis</strong></span> <span class='ocrx_word' id='word_1_771' title='bbox 2777 4554 2805 4589; x_wconf 92' lang='lat' dir='ltr'><strong>a</strong></span> <span class='ocrx_word' id='word_1_772' title='bbox 2842 4552 2926 4590; x_wconf 93' lang='lat' dir='ltr'><strong>me</strong></span> <span class='ocrx_word' id='word_1_773' title='bbox 2956 4536 3112 4590; x_wconf 88' lang='lat' dir='ltr'><strong>allata</strong></span> <span class='ocrx_word' id='word_1_774' title='bbox 3149 4546 3442 4604; x_wconf 89' lang='lat' dir='ltr'><strong>percurrat.</strong></span> <span class='ocrx_word' id='word_1_775' title='bbox 3479 4535 3533 4588; x_wconf 90' lang='lat' dir='ltr'><strong>ld</strong></span> <span class='ocrx_word' id='word_1_776' title='bbox 3573 4537 3669 4589; x_wconf 84' lang='lat' dir='ltr'><strong>sci-</strong></span> 
     </span>
    </p>
   </div>
   <div class='ocr_carea' id='block_1_107' title="bbox 2118 4628 3668 4698">
    <p class='ocr_par' dir='ltr' id='par_1_107' title="bbox 2118 4628 3668 4698">
     <span class='ocr_line' id='line_1_107' title="bbox 2118 4628 3668 4698; baseline -0.003 -15"><span class='ocrx_word' id='word_1_777' title='bbox 2118 4632 2244 4683; x_wconf 84' lang='lat' dir='ltr'><strong>licet</strong></span> <span class='ocrx_word' id='word_1_778' title='bbox 2279 4629 2527 4698; x_wconf 66' lang='lat' dir='ltr'><strong>pra&#39;stitit</strong></span> <span class='ocrx_word' id='word_1_779' title='bbox 2563 4629 2914 4697; x_wconf 82' lang='lat' dir='ltr'><strong>Hieronymus</strong></span> <span class='ocrx_word' id='word_1_780' title='bbox 2942 4630 2993 4681; x_wconf 90' lang='lat' dir='ltr'><strong>in</strong></span> <span class='ocrx_word' id='word_1_781' title='bbox 3023 4629 3421 4683; x_wconf 88' lang='lat' dir='ltr'><strong>commentariis</strong></span> <span class='ocrx_word' id='word_1_782' title='bbox 3463 4628 3668 4696; x_wconf 82' lang='lat' dir='ltr'><strong>potissi—</strong></span> 
     </span>
    </p>
   </div>
   <div class='ocr_carea' id='block_1_108' title="bbox 2119 4718 3669 4784">
    <p class='ocr_par' dir='ltr' id='par_1_108' title="bbox 2119 4718 3669 4784">
     <span class='ocr_line' id='line_1_108' title="bbox 2119 4718 3669 4784; baseline -0.003 -11"><span class='ocrx_word' id='word_1_783' title='bbox 2119 4736 2264 4774; x_wconf 88' lang='lat' dir='ltr'><strong>mum</strong></span> <span class='ocrx_word' id='word_1_784' title='bbox 2294 4721 2347 4772; x_wconf 83' lang='lat' dir='ltr'><strong>in</strong></span> <span class='ocrx_word' id='word_1_785' title='bbox 2396 4720 2683 4784; x_wconf 81' lang='lat' dir='ltr'><strong>Epistulam</strong></span> <span class='ocrx_word' id='word_1_786' title='bbox 2742 4723 2809 4771; x_wconf 83' lang='lat' dir='ltr'><strong>ad</strong></span> <span class='ocrx_word' id='word_1_787' title='bbox 2857 4718 3096 4781; x_wconf 80' lang='lat' dir='ltr'><strong>Galatas,</strong></span> <span class='ocrx_word' id='word_1_788' title='bbox 3142 4720 3194 4771; x_wconf 81' lang='lat' dir='ltr'><strong>in</strong></span> <span class='ocrx_word' id='word_1_789' title='bbox 3252 4718 3538 4784; x_wconf 79' lang='lat' dir='ltr'><strong>Epistulam</strong></span> <span class='ocrx_word' id='word_1_790' title='bbox 3605 4720 3669 4770; x_wconf 86' lang='lat' dir='ltr'><strong>ad</strong></span> 
     </span>
    </p>
   </div>
   <div class='ocr_carea' id='block_1_109' title="bbox 2120 4810 3667 4881">
    <p class='ocr_par' dir='ltr' id='par_1_109' title="bbox 2120 4810 3667 4881">
     <span class='ocr_line' id='line_1_109' title="bbox 2120 4810 3667 4881; baseline -0.001 -17"><span class='ocrx_word' id='word_1_791' title='bbox 2120 4811 2393 4881; x_wconf 83' lang='lat' dir='ltr'><strong>Ephesios,</strong></span> <span class='ocrx_word' id='word_1_792' title='bbox 2438 4813 2491 4863; x_wconf 87' lang='lat' dir='ltr'><strong>in</strong></span> <span class='ocrx_word' id='word_1_793' title='bbox 2539 4811 2866 4876; x_wconf 70' lang='lat' dir='ltr'><strong>Matt/uvam,</strong></span> <span class='ocrx_word' id='word_1_794' title='bbox 2920 4814 2973 4864; x_wconf 85' lang='lat' dir='ltr'><strong>in</strong></span> <span class='ocrx_word' id='word_1_795' title='bbox 3020 4810 3172 4879; x_wconf 74' lang='lat' dir='ltr'><strong>Osee,</strong></span> <span class='ocrx_word' id='word_1_796' title='bbox 3221 4815 3273 4865; x_wconf 89' lang='lat' dir='ltr'><strong>in</strong></span> <span class='ocrx_word' id='word_1_797' title='bbox 3319 4810 3667 4874; x_wconf 61' lang='lat' dir='ltr'><strong>Zachariam,</strong></span> 
     </span>
    </p>
   </div>
   <div class='ocr_carea' id='block_1_110' title="bbox 2118 4903 2559 4965">
    <p class='ocr_par' dir='ltr' id='par_1_110' title="bbox 2118 4903 2559 4965">
     <span class='ocr_line' id='line_1_110' title="bbox 2118 4903 2559 4965; baseline -0.007 -8"><span class='ocrx_word' id='word_1_798' title='bbox 2118 4905 2172 4957; x_wconf 87' lang='lat' dir='ltr'><strong>in</strong></span> <span class='ocrx_word' id='word_1_799' title='bbox 2197 4903 2415 4965; x_wconf 83' lang='lat' dir='ltr'><strong>Isaiam,</strong></span> <span class='ocrx_word' id='word_1_800' title='bbox 2454 4914 2559 4956; x_wconf 89' lang='lat' dir='ltr'><strong>etc.</strong></span> 
     </span>
    </p>
   </div>
   <div class='ocr_carea' id='block_1_111' title="bbox 2189 4993 3669 5063">
    <p class='ocr_par' dir='ltr' id='par_1_111' title="bbox 2189 4993 3669 5063">
     <span class='ocr_line' id='line_1_111' title="bbox 2189 4993 3669 5063; baseline -0.002 -16"><span class='ocrx_word' id='word_1_801' title='bbox 2189 4994 2371 5063; x_wconf 87' lang='lat' dir='ltr'><strong>Itaque</strong></span> <span class='ocrx_word' id='word_1_802' title='bbox 2395 4994 2438 5048; x_wconf 91' lang='lat' dir='ltr'><strong>si</strong></span> <span class='ocrx_word' id='word_1_803' title='bbox 2471 5009 2536 5046; x_wconf 80' lang='lat' dir='ltr'><strong>ex</strong></span> <span class='ocrx_word' id='word_1_804' title='bbox 2562 5000 2781 5048; x_wconf 84' lang='lat' dir='ltr'><strong>auctore</strong></span> <span class='ocrx_word' id='word_1_805' title='bbox 2818 4993 2979 5047; x_wconf 88' lang='lat' dir='ltr'><strong>etiam</strong></span> <span class='ocrx_word' id='word_1_806' title='bbox 3015 5005 3198 5049; x_wconf 89' lang='lat' dir='ltr'><strong>nostro</strong></span> <span class='ocrx_word' id='word_1_807' title='bbox 3225 4994 3371 5063; x_wconf 89' lang='lat' dir='ltr'><strong>plura</strong></span> <span class='ocrx_word' id='word_1_808' title='bbox 3407 5002 3669 5047; x_wconf 76' lang='lat' dir='ltr'><strong>mutuatos</strong></span> 
     </span>
    </p>
   </div>
   <div class='ocr_carea' id='block_1_112' title="bbox 2118 5081 3670 5153">
    <p class='ocr_par' dir='ltr' id='par_1_112' title="bbox 2118 5081 3670 5153">
     <span class='ocr_line' id='line_1_112' title="bbox 2118 5081 3670 5153; baseline -0.004 -14"><span class='ocrx_word' id='word_1_809' title='bbox 2118 5098 2237 5139; x_wconf 90' lang='lat' dir='ltr'><strong>esse</strong></span> <span class='ocrx_word' id='word_1_810' title='bbox 2281 5083 2644 5147; x_wconf 80' lang='lat' dir='ltr'><strong>Ambrosium,</strong></span> <span class='ocrx_word' id='word_1_811' title='bbox 2698 5096 2760 5136; x_wconf 86' lang='lat' dir='ltr'><strong>ac</strong></span> <span class='ocrx_word' id='word_1_812' title='bbox 2806 5081 3189 5153; x_wconf 85' lang='lat' dir='ltr'><strong>Hieronymum</strong></span> <span class='ocrx_word' id='word_1_813' title='bbox 3230 5093 3457 5145; x_wconf 89' lang='lat' dir='ltr'><strong>constet,</strong></span> <span class='ocrx_word' id='word_1_814' title='bbox 3504 5097 3670 5135; x_wconf 83' lang='lat' dir='ltr'><strong>nonne</strong></span> 
     </span>
    </p>
   </div>
   <div class='ocr_carea' id='block_1_113' title="bbox 2121 5172 3669 5243">
    <p class='ocr_par' dir='ltr' id='par_1_113' title="bbox 2121 5172 3669 5243">
     <span class='ocr_line' id='line_1_113' title="bbox 2121 5172 3669 5243; baseline -0.005 -14"><span class='ocrx_word' id='word_1_815' title='bbox 2121 5175 2173 5229; x_wconf 89' lang='lat' dir='ltr'><strong>id</strong></span> <span class='ocrx_word' id='word_1_816' title='bbox 2206 5187 2417 5240; x_wconf 88' lang='lat' dir='ltr'><strong>quoque</strong></span> <span class='ocrx_word' id='word_1_817' title='bbox 2452 5172 2647 5224; x_wconf 85' lang='lat' dir='ltr'><strong>indicio</strong></span> <span class='ocrx_word' id='word_1_818' title='bbox 2676 5173 2797 5233; x_wconf 87' lang='lat' dir='ltr'><strong>erit,</strong></span> <span class='ocrx_word' id='word_1_819' title='bbox 2835 5181 2943 5227; x_wconf 90' lang='lat' dir='ltr'><strong>tres</strong></span> <span class='ocrx_word' id='word_1_820' title='bbox 2970 5175 3128 5228; x_wconf 88' lang='lat' dir='ltr'><strong>hosce</strong></span> <span class='ocrx_word' id='word_1_821' title='bbox 3174 5174 3337 5227; x_wconf 89' lang='lat' dir='ltr'><strong>libros</strong></span> <span class='ocrx_word' id='word_1_822' title='bbox 3371 5190 3399 5227; x_wconf 91' lang='lat' dir='ltr'><strong>a</strong></span> <span class='ocrx_word' id='word_1_823' title='bbox 3450 5174 3669 5243; x_wconf 87' lang='lat' dir='ltr'><strong>Didymo</strong></span> 
     </span>
    </p>
   </div>
   <div class='ocr_carea' id='block_1_114' title="bbox 2119 5261 3667 5330">
    <p class='ocr_par' dir='ltr' id='par_1_114' title="bbox 2119 5261 3667 5330">
     <span class='ocr_line' id='line_1_114' title="bbox 2119 5261 3667 5330; baseline -0.002 -14"><span class='ocrx_word' id='word_1_824' title='bbox 2119 5264 2346 5317; x_wconf 89' lang='lat' dir='ltr'><strong>dictatos</strong></span> <span class='ocrx_word' id='word_1_825' title='bbox 2367 5261 2526 5314; x_wconf 86' lang='lat' dir='ltr'><strong>esse?</strong></span> <span class='ocrx_word' id='word_1_826' title='bbox 2559 5262 2718 5330; x_wconf 83' lang='lat' dir='ltr'><strong>Atqui</strong></span> <span class='ocrx_word' id='word_1_827' title='bbox 2746 5262 2894 5330; x_wconf 92' lang='lat' dir='ltr'><strong>plura</strong></span> <span class='ocrx_word' id='word_1_828' title='bbox 2927 5262 3050 5317; x_wconf 90' lang='lat' dir='ltr'><strong>hinc</strong></span> <span class='ocrx_word' id='word_1_829' title='bbox 3085 5273 3401 5325; x_wconf 87' lang='lat' dir='ltr'><strong>nmtuatum,</strong></span> <span class='ocrx_word' id='word_1_830' title='bbox 3435 5272 3526 5315; x_wconf 91' lang='lat' dir='ltr'><strong>aut</strong></span> <span class='ocrx_word' id='word_1_831' title='bbox 3554 5263 3667 5315; x_wconf 85' lang='lat' dir='ltr'><strong>itai-</strong></span> 
     </span>
    </p>
   </div>
   <div class='ocr_carea' id='block_1_115' title="bbox 2119 5352 3664 5421">
    <p class='ocr_par' dir='ltr' id='par_1_115' title="bbox 2119 5352 3664 5421">
     <span class='ocr_line' id='line_1_115' title="bbox 2119 5352 3664 5421; baseline -0.001 -15"><span class='ocrx_word' id='word_1_832' title='bbox 2119 5363 2286 5406; x_wconf 89' lang='lat' dir='ltr'><strong>tatum</strong></span> <span class='ocrx_word' id='word_1_833' title='bbox 2317 5367 2435 5405; x_wconf 87' lang='lat' dir='ltr'><strong>esse</strong></span> <span class='ocrx_word' id='word_1_834' title='bbox 2458 5352 2800 5406; x_wconf 83' lang='lat' dir='ltr'><strong>Ambrosium</strong></span> <span class='ocrx_word' id='word_1_835' title='bbox 2830 5354 3037 5407; x_wconf 88' lang='lat' dir='ltr'><strong>ostendi</strong></span> <span class='ocrx_word' id='word_1_836' title='bbox 3066 5354 3175 5421; x_wconf 90' lang='lat' dir='ltr'><strong>jam</strong></span> <span class='ocrx_word' id='word_1_837' title='bbox 3223 5355 3273 5407; x_wconf 92' lang='lat' dir='ltr'><strong>in</strong></span> <span class='ocrx_word' id='word_1_838' title='bbox 3309 5355 3471 5407; x_wconf 90' lang='lat' dir='ltr'><strong>notis.</strong></span> <span class='ocrx_word' id='word_1_839' title='bbox 3512 5352 3664 5421; x_wconf 77' lang='lat' dir='ltr'><strong>Lege,</strong></span> 
     </span>
    </p>
   </div>
   <div class='ocr_carea' id='block_1_116' title="bbox 2119 5444 3664 5513">
    <p class='ocr_par' dir='ltr' id='par_1_116' title="bbox 2119 5444 3664 5513">
     <span class='ocr_line' id='line_1_116' title="bbox 2119 5444 3664 5513; baseline 0.001 -20"><span class='ocrx_word' id='word_1_840' title='bbox 2119 5458 2318 5513; x_wconf 67' lang='lat' dir='ltr'><strong>qnmso,</strong></span> <span class='ocrx_word' id='word_1_841' title='bbox 2368 5457 2484 5510; x_wconf 63' lang='lat' dir='ltr'><strong>quae</strong></span> <span class='ocrx_word' id='word_1_842' title='bbox 2534 5444 2641 5495; x_wconf 75' lang='lat' dir='ltr'><strong>dixi</strong></span> <span class='ocrx_word' id='word_1_843' title='bbox 2680 5459 2800 5513; x_wconf 85' lang='lat' dir='ltr'><strong>pag.</strong></span> <span class='ocrx_word' id='word_1_844' title='bbox 2834 5444 2958 5507; x_wconf 70' lang='grc'><strong>275,</strong></span> <span class='ocrx_word' id='word_1_845' title='bbox 3004 5456 3115 5498; x_wconf 91' lang='lat' dir='ltr'><strong>not.</strong></span> <span class='ocrx_word' id='word_1_846' title='bbox 3150 5446 3229 5501; x_wconf 86' lang='lat'><strong>9:</strong></span> <span class='ocrx_word' id='word_1_847' title='bbox 3277 5446 3480 5499; x_wconf 90' lang='lat' dir='ltr'><strong>videbis</strong></span> <span class='ocrx_word' id='word_1_848' title='bbox 3531 5446 3664 5497; x_wconf 86' lang='lat' dir='ltr'><strong>enim</strong></span> 
     </span>
    </p>
   </div>
   <div class='ocr_carea' id='block_1_117' title="bbox 2119 5534 3667 5607">
    <p class='ocr_par' dir='ltr' id='par_1_117' title="bbox 2119 5534 3667 5607">
     <span class='ocr_line' id='line_1_117' title="bbox 2119 5534 3667 5607; baseline 0 -17"><span class='ocrx_word' id='word_1_849' title='bbox 2119 5544 2285 5590; x_wconf 90' lang='lat' dir='ltr'><strong>totum</strong></span> <span class='ocrx_word' id='word_1_850' title='bbox 2334 5534 2447 5589; x_wconf 89' lang='lat' dir='ltr'><strong>fere</strong></span> <span class='ocrx_word' id='word_1_851' title='bbox 2502 5536 2765 5591; x_wconf 82' lang='lat' dir='ltr'><strong>Ambrosii</strong></span> <span class='ocrx_word' id='word_1_852' title='bbox 2819 5536 3008 5591; x_wconf 86' lang='lat' dir='ltr'><strong>librum</strong></span> <span class='ocrx_word' id='word_1_853' title='bbox 3076 5538 3152 5593; x_wconf 85' lang='lat' dir='ltr'><strong>De</strong></span> <span class='ocrx_word' id='word_1_854' title='bbox 3186 5539 3469 5607; x_wconf 78' lang='lat' dir='ltr'><strong>mysteriis,</strong></span> <span class='ocrx_word' id='word_1_855' title='bbox 3536 5550 3667 5590; x_wconf 81' lang='lat' dir='ltr'><strong>anno</strong></span> 
     </span>
    </p>
   </div>
  </div>
