3796 6368
177 362 261 419 119
1284 351 1849 411 COMMENTARIUS.
1890 384 1958 394 —
1998 352 2120 408 LIB.
2164 354 2201 407 l.

3251 353 3351 407 150

175 478 314 557 [XVI]
356 477 541 532 Christi
598 477 703 531 587
748 479 1028 547 scriptum,
1083 491 1114 532 θ
1144 478 1321 548 capite
1352 479 1419 531 14
1471 476 1691 532 secundi
1723 482 1768 536 Α
1798 475 2068 539 adhibitis,
2102 483 2156 528 et
2194 471 2553 526 Alexandrino
2591 471 2835 541 scriptori
2880 484 3201 543 magnOpere
3228 488 3354 529 con-

173 590 226 627 ει
262 573 334 625 his
366 571 503 623 libris
547 584 863 638 expressum
898 586 1033 624 esse.
1070 568 1209 638 Lege
1243 570 1426 633 etiam,
1461 570 1503 622 si
1543 569 1693 632 libet,

174 679 271 733 qua:
301 661 428 714 dicta
462 674 487 712 a
511 674 592 712 me
620 670 743 713 sunt
776 675 898 728 pag.
933 661 1018 723 51,
1050 671 1160 713 nat.
1188 660 1242 725 5,
1275 676 1394 729 pag.
1430 659 1555 725 253,
1582 669 1693 714 not.

175 755 217 814 1,
248 766 352 819 pag.
384 748 502 812 9.46,
540 759 649 801 not.
678 747 732 809 4,
760 760 812 802 et
840 765 962 817 pag.
993 749 1115 814 557,
1148 759 1257 802 not.
1292 750 1345 803 5.

232 842 361 907 Quod
393 841 435 893 si
476 855 604 909 quas
637 851 903 909 praeterea
941 841 1175 895 locorum
1211 840 1505 910 Scriptura:
1536 842 1697 894 inter-

178 931 465 999 pretationes
492 932 539 983 in
569 940 791 984 auctore
819 940 1007 986 nostro
1051 934 1385 987 inveniamus
1415 932 1480 986 iis
1523 931 1695 1001 persi-

178 1022 318 1086 miles,
350 1036 481 1090 quas
507 1021 556 1075 in
598 1024 911 1077 memoratis
943 1025 1252 1096 IIieronymi
1296 1025 1696 1079 commentariis

181 1112 383 1179 legimus,
420 1126 592 1167 nonne
627 1114 677 1166 id
723 1128 939 1182 quoque
968 1124 1281 1185 argumento
1330 1117 1452 1181 erit,
1488 1131 1553 1168 ex
1594 1116 1695 1171 illis

179 1216 249 1254 eas
278 1217 408 1266 esse,
448 1221 577 1273 quas
610 1210 771 1262 tacito
804 1209 1038 1261 auctoris
1082 1210 1317 1273 nomine,
1356 1218 1413 1262 ut
1469 1208 1692 1272 solebat,

180 1306 227 1345 ex
256 1293 459 1364 Didyme
504 1298 698 1367 saepius
750 1300 1080 1368 deprompsit
1135 1300 1248 1368 ipse
1299 1300 1699 1369 Hieronymus?

182 1402 263 1437 non
284 1389 411 1455 quod
448 1404 513 1442 ex
547 1389 647 1442 hoc
685 1405 850 1457 opere
878 1404 969 1443 eas
1027 1391 1286 1453 hauserit,
1320 1401 1375 1443 ut
1418 1402 1562 1457 puto,
1607 1392 1699 1444 sed

177 1478 290 1543 quod
341 1478 483 1531 valde
520 1479 776 1532 credibile
828 1485 916 1539 sit,
957 1495 1119 1532 unum
1171 1484 1522 1550 eumdemqne
1556 1480 1701 1533 Scri-

176 1578 313 1633 ptura:
335 1568 501 1622 locum
532 1577 721 1624 eodetn
755 1571 866 1626 fere
894 1575 1049 1627 modo
1077 1572 1389 1642 plerumque
1412 1588 1441 1625 a
1478 1571 1701 1640 Didytno

176 1657 453 1723 explicatum
499 1674 618 1712 esse
648 1661 698 1714 in
734 1664 835 1717 hoc
872 1677 1053 1732 opere,
1089 1671 1251 1731 atque
1278 1661 1329 1714 in
1370 1672 1702 1715 commenta-

178 1747 252 1799 riis
290 1748 337 1800 in
372 1747 726 1819 Scriptttram.
766 1752 831 1807 Ut
856 1767 981 1806 vero
1030 1752 1340 1822 perspicias,
1378 1765 1537 1820 quam
1578 1765 1701 1804 vere

1797 566 2137 638 gruentibus;
2177 564 2307 620 nihil
2349 564 2416 619 de
2456 564 2653 627 studio,
2705 563 2847 632 quod
2896 562 2948 616 in
3004 573 3190 632 poetas
3228 578 3354 619 eum

1799 659 2118 726 impendisse
2155 665 2421 726 apparet:
2478 656 2609 709 nihil
2669 655 2882 709 demum
2941 654 3006 709 de
3058 655 3355 710 dialecticis

1798 750 2112 818 quibusdam
2145 752 2260 815 ejus
2289 747 2695 811 subtilitatibus,
2725 763 2858 816 quas
2896 747 3232 801 Alexandria:
3261 762 3355 816 po-

1803 841 2062 893 tissimum
2127 841 2356 909 viguisse
2410 839 2617 909 Didymi
2658 848 2833 900 mtate,
2891 852 3048 893 nemo
3097 840 3306 907 ignorat
3334 840 3353 892 ’ξ

1800 930 1913 983 haec
1940 930 2080 982 enim
2111 931 2286 982 omnia
2340 941 2589 998 quantam
2638 929 2744 982 vim
2781 930 3029 992 habeant,
3079 928 3232 983 facile
3264 944 3357 997 per

1800 1036 1858 1075 se
1884 1022 2140 1089 intelliget
2190 1022 2358 1076 lector
2407 1024 2669 1077 eruditus.
2725 1023 2794 1075 At
2842 1023 3094 1075 vocabula
3146 1035 3355 1089 quoque

1800 1112 1933 1180 ipsa,
1966 1115 2159 1181 quibus
2192 1116 2465 1183 theologus
2496 1124 2677 1168 noster
2722 1116 2909 1177 utitus,
2938 1114 3355 1166 Alexandrinum
3391 1098 3395 1101 ’

1800 1204 2116 1272 scriptorem
2171 1204 2507 1258 subindicant
2557 1219 2947 1272 saepenumero.
2997 1203 3358 1257 Alexandrina

1803 1296 2010 1349 videtur
2039 1309 2137 1348 vox
2165 1295 2426 1365 περιοδία,
2459 1294 2525 1348 ab
2554 1295 2847 1348 Athanasio
2870 1310 3083 1364 quoque
3116 1293 3354 1346 adhibita

1802 1386 1866 1438 ad
1902 1388 2225 1439 curationem
2271 1387 2650 1450 dettotandam,
2694 1394 2751 1440 ut
2786 1388 2892 1440 dixi
2926 1402 3043 1454 pag.
3075 1385 3200 1449 268,
3246 1396 3355 1438 tzot.

1799 1478 1835 1530 2
1866 1495 1879 1530 ε
1917 1494 2033 1532 eam
2069 1490 2212 1533 certe
2254 1480 2389 1548 apud
2444 1480 2642 1533 nullum
2672 1480 2830 1532 alium
2868 1481 3182 1546 scriptorem
3232 1478 3360 1533 hac-

1805 1576 1957 1622 tenus
2002 1583 2098 1636 ego
2123 1568 2297 1621 iuveni
2325 1608 2340 1632 ,
2381 1569 2471 1637 qui
2502 1568 2900 1622 Alexandrinus
2937 1585 3039 1622 non
3079 1569 3231 1622 foret.
3260 1568 3359 1621 Ita-

1802 1675 1908 1728 que
1948 1661 2126 1713 tandiu
2173 1660 2586 1713 Alexandrinam
2636 1676 2753 1715 esse
2800 1662 3079 1730 opinabor,
3123 1662 3358 1730 quandin

1804 1766 1867 1805 ea
1893 1752 1944 1803 in
1976 1751 2094 1804 aliis
2124 1752 2495 1821 scriptoribus,
2541 1752 2712 1820 iisque
2744 1766 2840 1806 nec
2870 1751 3157 1820 .‘Egyptiis,
3192 1766 3364 1818 neque

177 1836 387 1905 dixerim,
423 1855 525 1894 non
568 1856 791 1909 parvam
818 1841 871 1896 in
907 1841 1255 1912 Hieronymo,
1281 1852 1335 1896 et
1363 1850 1585 1895 auctore
1609 1857 1698 1893 nu-
1737 1820 1774 1871 Β
1806 1843 2185 1897 Alexandrina:
2234 1842 2431 1896 scholae
2487 1842 2717 1896 alumnis
2744 1885 2758 1905 ,
2814 1858 2983 1912 neque
3027 1843 3364 1897 Alexandrite

176 1940 265 1982 suo
293 1930 783 1999 interpretationum
814 1934 1221 1987 similitudinem
1259 1933 1556 1997 observari,
1586 1934 1702 2002 lege

176 2032 270 2086 qnte
290 2020 520 2073 adnotavi
563 2037 686 2091 pag.
727 2024 851 2087 255,
901 2034 1014 2077 ιιοι.
1058 2025 1112 2085 5,
1164 2040 1283 2095 pag.
1328 2025 1449 2089 177,
1500 2035 1610 2078 not.
1646 2026 1700 2089 4,

178 2128 272 2180 pag.
298 2113 376 2175 98,
416 2124 526 2168 not.
560 2118 616 2180 9,
654 2132 776 2186 pag.
806 2115 930 2181 270,
959 2129 1069 2170 n0t.
1105 2116 1160 2181 5,
1197 2133 1317 2188 pag.
1352 2118 1478 2185 271,
1506 2128 1619 2174 not.
1646 2117 1699 2185 5,

178 2214 220 2257 et
237 2205 362 2259 alibi.

234 2326 321 2380 Sed
344 2332 528 2395 praeter
551 2323 898 2379 Ambrosium
927 2338 989 2375 ac
1018 2320 1403 2391 llieronymum
1426 2321 1517 2375 alii
1540 2322 1701 2376 etiam

177 2415 367 2471 fortasse
392 2427 670 2471 auctorem
705 2426 945 2468 nostrum
980 2414 1170 2467 imitati
1204 2423 1330 2468 sunt
1359 2428 1373 2466 :
1404 2422 1701 2481 ego-tamen

178 2522 307 2558 unum
338 2509 594 2561 duntaxat
624 2506 713 2559 hic
741 2504 1050 2570 nominabo,
1087 2505 1241 2572 cujus
1270 2520 1460 2557 nomen
1495 2506 1702 2572 pondus

178 2598 352 2666 aliquod
382 2598 525 2651 addit
566 2597 851 2652 sententiae
883 2612 1037 2659 mete,
1065 2597 1206 2664 quod
1232 2604 1285 2650 et
1307 2594 1703 2649 Alexandrinus

179 2686 325 2752 luerit,
361 2698 416 2742 ut
450 2688 737 2757 Didymus,
766 2698 821 2741 et
852 2687 988 2741 haud
1023 2688 1205 2741 nmltis
1245 2696 1358 2755 post
1391 2686 1549 2755 hujus
1589 2687 1704 2740 obi-

180 2788 265 2831 tum
287 2782 425 2835 annis
472 2781 822 2835 Alexandria:
871 2781 1174 2849 scripserit,
1212 2779 1467 2849 Cyrillum
1515 2793 1703 2847 nempe

178 2873 503 2927 Alexandrinae
534 2872 795 2927 Ecclesia:
831 2872 1208 2941 patriarcham.
1262 2870 1447 2925 Utrum
1479 2870 1521 2923 is
1545 2885 1704 2939 porro

178 2975 406 3019 auctorem
450 2977 697 3019 nostrum
746 2978 933 3017 revera
977 2963 1215 3017 imitatus
1259 2965 1347 3029 sit,
1387 2963 1587 3031 judicet
1627 2964 1705 3019 le—

179 3067 288 3120 ctor,
316 3068 583 3128 postquam
621 3071 687 3110 ea
713 3056 907 3126 legerit
940 3072 1057 3123 quae
1088 3057 1196 3110 dixi
1229 3073 1348 3125 pag.
1379 3056 1466 3122 59,
1501 3066 1608 3110 not.
1649 3058 1700 3124 2,

1800 1935 2060 2005 proximis
2091 1936 2431 2004 reperiatur:
2470 1935 2610 2004 quod
2657 1934 2771 1990 ﬁeri
2820 1944 2995 1988 tamen
3050 1949 3205 2002 posse
3258 1950 3361 1988 non

1802 2027 2034 2081 inﬁcior.
2065 2026 2427 2080 Alexandrina
2455 2027 2614 2079 simili
2661 2026 2821 2081 modo
2852 2034 2954 2090 est,
2991 2040 3048 2079 ut
3079 2036 3227 2094 puto,
3263 2041 3362 2078 vox

1802 2119 2121 2190 ἀμεγέθης·
2159 2118 2463 2188 huiusmodi
2521 2119 2666 2173 enim
2715 2120 3009 2189 epitltetttm
3060 2119 3199 2173 haud
3252 2120 3365 2174 Scio

1803 2226 1870 2263 an
1917 2211 2023 2263 Deo
2077 2210 2214 2264 ullus
2249 2210 2387 2263 alius
2439 2210 2711 2275 tribuerit,
2750 2225 2912 2279 quam
2969 2210 3245 2281 Didymus,
3301 2219 3366 2264 ac

1801 2312 1923 2370 post
1958 2304 2127 2371 ipsum
2159 2302 2394 2372 Cyrillus
2426 2303 2843 2365 Alexandrinus,
2881 2316 2937 2357 ttt
2970 2304 3079 2356 dixi
3118 2317 3239 2372 pag.
3272 2302 3363 2365 59,

1805 2402 1917 2446 not.
1970 2393 2023 2446 2.
2057 2394 2420 2447 Alexandrina
2456 2393 2687 2448 fortasse
2740 2405 2823 2449 est
2874 2409 2973 2447 vox
3024 2382 3362 2465 ἁνεθελησία,

1801 2485 1868 2537 ab
1901 2494 2119 2538 auctore
2153 2496 2337 2539 nostro
2381 2496 2653 2552 usurpata,
2696 2495 2854 2553 atque
2904 2488 2968 2539 ab
3019 2485 3204 2539 eodem
3258 2485 3366 2554 Cy-

1808 2577 1925 2630 rillo
1957 2577 2007 2630 in
2032 2576 2163 2631 locis
2192 2592 2221 2630 a
2258 2577 2481 2630 Suicero
2508 2577 2768 2641 allegatis.
2798 2578 3217 2631 Alexandrinam
3244 2592 3371 2632 esse

1804 2668 2094 2721 verisimile
2134 2677 2218 2721 est
2263 2682 2445 2721 vocem
2496 2669 2713 2739 οὐρανοί
2747 2684 2811 2721 eo
2860 2684 3020 2724 sensu
3069 2678 3365 2739 acceptam,

1808 2774 1916 2828 quo
1938 2761 2173 2813 occurrit
2209 2774 2329 2828 pag.
2375 2758 2501 2823 201,
2550 2771 2605 2813 ιιι
2660 2760 2853 2813 ibidem
2891 2761 3140 2814 iudicavi.
3178 2759 3364 2832 [XVII]

1806 2847 2219 2901 Alexandrinam
2270 2850 2452 2903 itidem
2501 2864 2622 2903 esse
2673 2851 2901 2919 conjicio
2951 2866 3136 2906 vocem
3186 2851 3362 2912 ἀθεῖα,

1807 2951 1925 3005 quae
1963 2938 2155 3007 legitur
2184 2953 2303 3007 pag.
2363 2934 2450 3007 52,
2505 2954 2772 3009 quamque
2826 2942 2892 2995 ab
2956 2942 3249 2997 Athanasio
3315 2945 3365 2995 in

1806 3029 2118 3099 fragmentis
2151 3034 2656 3085 commentariorum
2689 3032 2742 3085 in
2767 3030 3073 3086 Matthwum
3105 3049 3224 3103 pag.
3262 3034 3370 3087 510

179 3147 230 3200 de
255 3120 367 3203 voce
396 3120 696 3219 ἀμεγέθης,
720 3120 925 3217 et-pag.
953 3120 1079 3211 501,
1112 3120 1392 3209 ηοιξὸξθε
1427 3120 1545 3219 pag.
1576 3120 1699 3214 505,

1819 3132 1947 3175 tom.
1984 3120 2026 3173 ll
2053 3122 2383 3177 Collectionis
2413 3122 3047 3178 novamttfauconianae
3078 3125 3367 3178 adhibitam

180 3238 221 3289 in
245 3238 453 3305 pluribus
481 3241 651 3294 notis.
685 3236 776 3291 IIIa
819 3249 1099 3307 praeterea,
1152 3254 1270 3308 qua:
1305 3240 1580 3308 theologus
1611 3256 1704 3294 no-

178 3336 267 3379 ster
291 3328 430 3382 habet
479 3346 603 3400 pag.
662 3328 716 3395 8,
768 3329 863 3383 lin.
899 3330 950 3393 l,
996 3340 1048 3383 et
1081 3331 1449 3399 sequentibus,
1484 3347 1601 3384 cum
1641 3333 1707 3387 iis

180 3420 521 3489 conleratquae
571 3420 812 3490 Cyrillus
861 3421 1074 3487 scripsit
1145 3422 1234 3475 lib.
1274 3438 1289 3476 ι
1338 3423 1393 3474 in
1432 3422 1706 3476 Julianum

180 3522 279 3575 pag.
310 3510 363 3563 51
397 3514 520 3563 edit.
578 3510 883 3577 Lipsiensis
921 3512 1045 3564 anni
1096 3510 1250 3573 1696,
1289 3527 1513 3582 quaeque
1544 3515 1610 3566 ita
1650 3530 1708 3568 se

181 3597 374 3651 habent:
417 3599 620 3669 Ὀρθῶς
649 3599 713 3669 δὴ
752 3600 895 3669 μάλα
919 3616 932 3627 ·
959 3600 1086 3665 δόξα
1105 3600 1213 3671 γὰρ
1246 3601 1446 3671 Κυρίου
1479 3602 1707 3672 κρύπτει

179 3690 321 3755 λόγον,
355 3693 484 3744 κατὰ
530 3693 592 3745 τὸ
638 3694 1041 3762 γεγραμμένον,
1095 3694 1187 3745 καὶ
1226 3695 1331 3755 πᾶς
1374 3695 1498 3764 περὶ
1541 3695 1705 3747 αὑτοῦ

180 3780 304 3849 λόγος
328 3785 559 3837 dolisve?
598 3786 697 3837 καὶ
730 3785 828 3853 τῆς
858 3786 1012 3851 ἀξίας
1051 3786 1276 3837 κατόπιν
1314 3784 1559 3855 ἔρχεται·
1592 3786 1704 3838 ἔστι

179 3878 263 3946 γὰρ
293 3881 487 3949 ἁπάσης
513 3881 726 3941 ἐννοίας
756 3880 1038 3931 ἐπέκεινα·
1092 3878 1357 3947 βλέπσμεν
1396 3878 1450 3930 δὲ
1496 3878 1562 3931 δι’
1617 3881 1706 3930 ὲσ-

182 3968 459 4040 ὁπτρου,καὶ
479 3976 534 4025 ὲν
566 3972 870 4040 αἰνίγματι,
896 3969 965 4023 τὰ
1003 3971 1128 4040 περὶ
1161 3970 1346 4036 αὐτοῦ,
1379 3970 1520 4023 καθά
1544 3988 1704 4039 φησιν

179 4060 203 4108 ὁ
226 4061 462 4129 πὰνςοφος
490 4062 725 4123 Παῦλος.
757 4061 869 4115 Non
922 4075 1140 4129 parvam
1169 4061 1311 4114 enim
1348 4060 1487 4113 inter
1518 4060 1703 4127 hujus-

183 4152 296 4204 modi
326 4153 428 4207 loca
450 4153 863 4223 similitudinem
884 4190 901 4218 ,
933 4152 1024 4221 qui
1068 4165 1131 4205 ea
1166 4152 1472 4215 contulerit,
1510 4151 1703 4220 depre-

183 4241 359 4298 bendet.

182 4332 283 4387 (Ζλιι.
322 4335 441 4392 VIII.
475 4339 679 4390 Auctor
718 4346 892 4459 nostin
940 4336 1039 4403 fuit
1073 4334 1459 4389 Alexandrinus
1500 4346 1555 4389 ut
1604 4336 1702 4391 Di-

858 4423 1023 4459 rimus.

855 4423 1023 4476 gntus.

239 4495 502 4553 Videndum
544 4515 708 4562 nunc,
745 4499 894 4567 cujas
938 4498 1099 4552 fuerit
1151 4497 1422 4568 theologus
1470 4508 1651 4553 noster
1685 4517 1698 4552 :
1735 4514 1778 4569 ι)
1809 4505 1893 4560 die
1944 4502 2355 4555 Alexandrinam
2392 4503 2659 4569 regionem
2708 4501 2856 4555 alluit

185 4589 219 4638 si
255 4591 379 4643 enim
427 4595 596 4661 ipsum
656 4591 1085 4645 Alexandrinum
1145 4590 1309 4643 fuisse
1367 4600 1700 4658 compertum

185 4674 331 4739 fuerit,
364 4681 520 4733 multo
556 4696 680 4734 eum
721 4680 971 4732 ﬁdentius
989 4679 1286 4746 poterimus
1312 4680 1411 4731 hac
1443 4680 1508 4731 de
1540 4692 1704 4733 causa

188 4766 423 4837 Didymutn
456 4773 752 4842 appellare.
788 4772 855 4823 At
891 4771 1049 4824 talem
1095 4771 1271 4837 reipsa
1305 4769 1474 4822 fuisse
1516 4780 1703 4823 aucto—

186 4870 275 4909 rem
304 4873 549 4927 nostrutn,
585 4864 724 4917 satis
751 4863 882 4916 mihi
925 4862 1152 4915 indicari
1183 4861 1392 4914 videtur
1430 4862 1705 4929 conjectu-

190 4944 266 5007 ris,
302 4964 421 5016 quas
461 4952 690 5018 subjicio
720 4966 735 5013 ;
769 4952 855 5002 vix
891 4949 1034 5002 enim
1064 4948 1176 5001 ﬁeri
1215 4956 1410 5015 potest,
1459 4956 1515 4999 ut
1548 4947 1706 4999 simul

188 5050 339 5091 omnes
359 5041 501 5095 alteri
524 5050 841 5110 congruant,
860 5055 1022 5109 quam
1046 5038 1296 5107 scriptori
1320 5037 1704 5090 Alexandrino.

241 5130 307 5185 Ac
328 5138 542 5199 primum
581 5133 800 5203 quidem
833 5132 1071 5185 auctoris
1114 5130 1323 5199 loquela
1363 5129 1705 5182 manifestum

189 5236 286 5273 eum
321 5226 436 5280 facit
460 5230 501 5281 ⁸.
531 5227 678 5283 Nihil
704 5242 846 5282 nunc
874 5227 1061 5294 loquar
1091 5226 1157 5279 de
1203 5222 1319 5291 ejus
1349 5223 1507 5291 stylo,
1552 5238 1708 5291 quem

190 5314 491 5375 Alexandrini
522 5322 757 5375 hominis
789 5334 908 5375 esse
958 5333 1151 5373 censeo
1183 5335 1196 5371 :
1234 5316 1365 5369 nihil
1406 5316 1473 5368 de
1512 5314 1711 5383 allego-

193 5406 311 5471 ricis,
342 5427 464 5479 quas
502 5414 795 5467 identidem
839 5411 1017 5476 alI'ert,
1057 5409 1349 5476 Scriptura:
1388 5407 1701 5475 interpreta-

193 5500 410 5567 tionibus,
436 5506 630 5574 quibus
662 5503 1021 5558 Alexandrina
1073 5501 1309 5554 maxime
1339 5498 1522 5554 schola
1557 5496 1708 5551 oble-

192 5591 433 5658 nubatur;
482 5596 613 5648 nihil
654 5595 717 5650 de
762 5591 1105 5664 Origenianis
1148 5588 1507 5646 Iocutionibus
1534 5588 1603 5643 ab
1643 5602 1710 5643 eo

294 5788 461 5846 lattb.
503 5809 621 5848 xxvt
644 5835 656 5858 ,
690 5794 774 5848 75.

1817 3215 2048 3270 invenio.
2085 3215 2344 3283 Denique,
2377 3230 2441 3269 ne
2465 3216 2669 3284 singula
2711 3231 3020 3286 persequar,
3055 3218 3373 3272 Alexandri-

1815 3322 1935 3360 nam
1968 3308 2384 3377 quodammodo,
2421 3323 2607 3376 parum
2654 3309 2861 3363 scilicet
2893 3310 3212 3379 elegantem,
3262 3311 3374 3366 dia-

1813 3400 2008 3453 lectum
2048 3399 2289 3454 redolent
2320 3400 2467 3468 plura
2504 3414 2566 3454 ex
2600 3401 2889 3466 vocabulis,
2920 3417 3039 3471 qua:
3069 3403 3120 3455 in
3157 3398 3369 3457 erca-

1816 3508 1928 3544 rum
1957 3509 2138 3545 coeunt
2171 3490 2351 3546 Indice
2397 3510 2425 3545 a
2459 3509 2539 3546 me
2570 3494 2818 3546 adnotata
2864 3503 3008 3555 sunt,
3048 3510 3109 3549 ea
3153 3497 3368 3563 potissi-

1815 3600 1958 3638 mum
2008 3584 2278 3649 videlicet,
2330 3600 2449 3654 quae
2496 3584 2789 3639 fastidiosae
2840 3600 3018 3649 aures,
3067 3586 3368 3641 Atticorum

1813 3676 2301 3745 elegantiorumque
2336 3676 2563 3731 aliorum
2600 3676 2921 3745 scriptorum
2971 3678 3108 3749 ston
3143 3691 3370 3735 assueta:

1815 3766 1953 3821 ferre
1978 3768 2065 3820 vix
2095 3777 2333 3836 possunt.

1883 3857 2247 3912 Alexandrino
2317 3867 2572 3926 praeterea
2644 3861 2890 3928 scriptori
2955 3861 3184 3914 maxime
3243 3877 3371 3916 con-

1812 3960 2009 4019 gruunt
2044 3965 2162 4019 qua:
2214 3949 2438 4019 legimus
2479 3966 2600 4019 pag.
2638 3950 2736 4003 201
2776 3970 2788 4003 :
2823 3950 2934 4005 Nec
2985 3968 3070 4006 eos
3095 3953 3253 4022 piget,
3290 3955 3371 4007 in-

1813 4043 1949 4111 qnit,
2083 4041 2293 4109 pelagus
2343 4042 2619 4112 (πέλαγος)
2672 4042 2933 4112 trajicere,
2983 4061 3043 4098 ac
3090 4045 3369 4099 multorum

1812 4135 2049 4200 deinceps
2076 4135 2277 4186 dierum
2332 4134 2432 4186 iter
2582 4135 2843 4201 perﬁcere.
2876 4133 2946 4189 Ut
2970 4137 3108 4190 enim
3146 4145 3373 4191 testatur

1813 4225 2028 4288 Strabo,
2057 4224 2151 4281 Iib.
2182 4240 2313 4288 xvn,
2345 4241 2398 4293 p.
2435 4225 2560 4289 545,
2614 4226 2868 4294 πέλαγος,
2909 4242 3002 4281 seu
3036 4228 3247 4298 pelagus
3275 4247 3370 4285 vo-

1811 4320 2034 4372 cabatur
2071 4332 2190 4371 cntn
2225 4316 2592 4387 Egyptiacutn
2636 4334 2802 4384 mare,
2840 4328 2949 4371 tuttt
2986 4323 3134 4389 palus
3163 4322 3368 4377 Mareo-

1812 4413 1903 4474 tis,
1959 4426 2183 4480 qnortttn
2245 4410 2372 4463 illud
2420 4427 2450 4463 a
2518 4411 2912 4478 Septentrione,
2967 4415 3078 4467 haec
3124 4430 3150 4467 a
3197 4417 3370 4470 meri—

2908 4519 2923 4556 :
2975 4518 3075 4570 qua
3106 4504 3170 4556 de
3209 4520 3367 4560 causa

1809 4596 2047 4650 eamdem
2112 4593 2377 4660 regionem
2427 4592 2620 4645 ibidem
2683 4593 2814 4645 dicit
2855 4594 3221 4663 ἀμφίκλυστον
3252 4596 3371 4648 δυσὶ

1810 4686 2103 4753 πελάγεσι,
2165 4684 2214 4737 id
2262 4692 2373 4747 est,
2431 4700 2546 4751 qua:
2590 4683 2789 4735 duobus
2851 4683 3046 4752 pelagis
3099 4686 3370 4737 alluitur:

1812 4777 2182 4832 Alexandrinae
2213 4788 2338 4826 vero
2381 4774 2527 4826 urbis
2554 4772 2615 4824 τὸ
2668 4773 2926 4843 παράλιον
2962 4774 3146 4846 μέρος,
3209 4775 3257 4827 id
3289 4782 3370 4828 est

1812 4880 2010 4935 partem
2044 4862 2095 4915 in
2125 4879 2215 4915 ora
2250 4863 2516 4915 maritima
2566 4862 2741 4924 sitam,
2778 4863 2873 4917 lib.
2925 4878 2960 4914 ll
3000 4875 3179 4915 contra
3207 4864 3369 4930 Apin»

1811 4973 1944 5023 nem,
1971 4972 2136 5023 segni.
2162 4954 2211 5018 4,
2246 4953 2506 5022 Iosephus
2529 4961 2805 5006 memorat.
2828 4952 2962 5020 Quin
2991 4955 3150 5008 etiam
3174 4957 3372 5021 optime

1812 5048 1863 5100 itt
1900 5046 2317 5098 Alexandrinum
2346 5046 2649 5113 theologum
2689 5048 2953 5114 quadrant
2984 5062 3101 5100 cum
3134 5062 3217 5111 ea,
3252 5060 3371 5117 quia

1813 5152 1929 5206 pag.
1959 5136 2061 5189 598
2088 5137 2242 5189 docet
2266 5147 2464 5189 auctor
2492 5146 2677 5190 noster
2699 5138 2764 5190 de
2789 5138 3095 5205 quotidiana
3133 5140 3371 5205 corporis

1816 5240 1868 5281 et
1895 5227 2170 5295 sanguinis
2201 5227 2407 5281 Domini
2454 5228 2848 5292 communione,
2880 5238 2937 5282 ut
2991 5230 3061 5284 ibi
3089 5232 3369 5296 adnotavi,

1819 5329 1930 5373 tuttt
1963 5319 2072 5384 illa,
2112 5334 2241 5387 qua:
2281 5319 2349 5372 de
2375 5319 2681 5386 quotidiana
2733 5321 2981 5391 baptismi
3031 5324 3368 5379 administra-

1820 5409 1961 5462 tione
1987 5409 2194 5473 scribit,
2231 5407 2485 5461 utvidere
2519 5408 2662 5474 licet,
2705 5425 2825 5479 pag.
2852 5409 2977 5474 275,
3005 5422 3116 5465 ηοι.
3151 5411 3216 5477 1;
3260 5421 3370 5465 tum

1816 5501 1977 5553 etiam
2003 5514 2121 5568 quae
2150 5500 2215 5554 de
2259 5499 2665 5553 ambitiosorum
2718 5502 2952 5555 dissidiis
2984 5503 3216 5570 attingit,
3248 5516 3367 5570 pag.

1815 5590 1940 5657 508,
1976 5605 2201 5662 quaeque
2225 5590 2290 5647 de
2316 5591 2560 5647 oratione
2596 5592 2855 5650 Manassis
2888 5596 3076 5659 sensit,
3116 5607 3275 5663 quam
3316 5602 3373 5645 ut
