3744 6320
420 280 519 343 151

1856 288 1946 344 DE
1983 288 2241 351 DIDYMO

3563 283 3687 341 152

419 417 589 461 sacrae
621 400 913 475 Scriptum
970 415 1175 475 partem
1228 408 1362 461 citat
1430 422 1551 477 pag.
1585 406 1721 474 599;
1757 414 1867 461 tum
1899 409 1990 461 de-
2019 417 2065 470 Α
2094 409 2240 463 vium
2306 418 2362 463 et
2394 407 2785 474 Alexandrum,
2841 406 3088 476 sequitur
3135 403 3418 458 lectionem
3461 403 3688 454 codicis

424 511 594 559 mum,
620 499 761 565 quod
798 513 919 566 pag.
956 496 1062 552 184
1086 500 1516 568 cosmographum
1550 508 1703 552 vocet
1728 498 1986 567 Moysem.

420 587 616 643 librum
648 588 856 644 scilicet
908 588 1201 656 Geneseos,
1238 601 1296 645 ut
1350 601 1497 660 puto,
1548 590 1859 660 respiciens.
1899 591 1989 658 qui

419 675 476 730 in
534 676 719 730 codice
763 677 1151 743 Alexandrino,
1203 689 1258 734 et
1296 696 1323 733 a
1355 679 1598 741 Philone,
1655 691 1818 748 atque
1865 680 1988 735 Cle-

420 776 599 823 mente
643 767 1025 823 Alexandrinis
1071 770 1385 824 inscribitur
1413 771 1622 839 γένεσις
1649 769 1876 840 κόσμου.
1938 771 1987 825 id

418 866 522 921 est,
551 858 695 926 origo
724 860 929 925 mundi,
984 870 1040 916 ut
1065 872 1245 917 monet
1292 862 1373 917 vir
1419 863 1630 917 clariss.
1681 862 1989 918 Mazochius

419 948 575 1004 initio
607 949 901 1023 Spicilegii.

487 1039 748 1096 Omnibus
803 1043 951 1097 hisce
1005 1042 1331 1112 coniecturis
1356 1044 1483 1097 illud
1529 1044 1755 1114 insuper
1788 1045 1987 1115 adjun-

416 1132 648 1201 geudum
702 1144 802 1196 est,
854 1126 997 1203 (ιιιοά
1042 1151 1072 1189 a
1129 1135 1376 1204 theologo
1439 1146 1623 1191 nostro
1655 1137 1727 1190 ita
1788 1138 1987 1206 passim

419 1223 732 1293 Scripturas
764 1226 981 1298 allegari
1013 1227 1439 1293 observaveriin,
1484 1240 1538 1282 ut
1561 1230 1985 1284 Alexandrinum

416 1316 714 1382 scprodat.
766 1315 822 1369 id
862 1326 1040 1369 antem
1084 1318 1324 1387 pluribus
1368 1319 1541 1373 modis
1571 1318 1818 1374 ostendo.
1850 1318 1985 1372 Nam

418 1408 597 1474 primo
620 1408 708 1462 tibi
733 1406 890 1463 lectio
912 1407 1111 1465 Gra'ca-
1141 1410 1397 1465 editionis
1440 1411 1542 1464 alia
1579 1423 1663 1465 est
1695 1428 1722 1463 a
1760 1410 1987 1464 lectione

414 1496 646 1565 vulgata:
682 1497 885 1554 Latina:
918 1500 1305 1565 translationis,
1352 1502 1649 1570 saepissime
1680 1512 1867 1555 auctor
1900 1515 1989 1555 no-

414 1598 530 1644 ster
579 1605 697 1644 eam
736 1592 980 1660 sequitur
1042 1592 1349 1655 lcetionem,
1409 1608 1570 1661 quam
1638 1601 1855 1647 secutus
1905 1603 1987 1647 est

414 1681 665 1751 vulgatus
696 1684 983 1753 interpres.
1019 1686 1090 1739 At
1136 1702 1261 1741 vero
1296 1684 1715 1740 Alexandrinum
1748 1687 1985 1740 codicem

2093 496 2471 551 Alexandrini.
2512 494 2647 549 Nam
2680 513 2803 549 eum
2856 496 2908 550 in
2941 494 3174 563 Epistola
3207 493 3226 547 l
3287 496 3351 545 ad
3381 491 3506 546 Cor.
3542 508 3679 557 cap.

2094 602 2182 652 xv,
2220 601 2363 640 vers.
2391 586 2481 651 51,
2541 588 2725 641 Graeca
2766 587 2933 641 Biblia
2990 588 3220 640 habeant
3258 603 3270 638 :
3326 583 3514 639 Omnes
3547 585 3687 648 qui-

2090 677 2207 730 dem
2235 693 2341 730 non
2383 678 2721 741 dormiemus,
2765 680 2854 731 sed
2882 693 3057 731 omnes
3085 676 3509 734 immutabimur;
3572 688 3681 726 co—

2090 771 2194 826 dex
2226 785 2357 826 vero
2401 771 2821 835 Alexandrinus,
2856 770 2940 824 cui
2973 768 3240 823 consentit
3272 767 3479 837 vulgata
3514 765 3685 819 Lati—

2089 878 2158 918 na
2193 862 2495 927 translatio,
2551 862 2744 917 habeat
2780 881 2794 916 :
2835 861 3026 917 Omnes
3061 862 3268 931 quidem
3316 860 3681 917 damnemus.

2087 957 2179 1010 sed
2206 972 2308 1011 non
2339 972 2515 1009 omnes
2566 956 2958 1009 immutabimur
3012 972 3031 1010 :
3074 956 3328 1025 Didymus
3373 961 3684 1017 utramque

2090 1046 2164 1102 ibi
2199 1047 2417 1115 quidem
2446 1047 2728 1101 lectionem
2760 1056 3045 1109 memorat,
3067 1046 3159 1099 sed
3184 1043 3475 1098 secundam
3504 1038 3684 1093 alteri

2089 1138 2387 1205 anteponit,
2442 1151 2505 1190 ac
2541 1136 2806 1204 sequitur.
2853 1136 2985 1191 Cum
3040 1136 3221 1203 itaque
3265 1142 3451 1185 noster
3499 1130 3681 1183 etiam

2096 1226 2377 1294 theologus
2413 1223 2706 1294 Scriptnrze
2769 1225 2883 1281 loca
2937 1226 3008 1279 ita
3040 1224 3261 1293 alleget,
3311 1230 3368 1275 ut
3428 1220 3484 1274 in
3520 1219 3685 1272 illius

2089 1318 2501 1389 allegationibus
2547 1327 2599 1369 et
2631 1317 2991 1372 additamenta
3030 1325 3319 1370 occurrant
3352 1308 3684 1381 aliquando,

2088 1418 2141 1462 et
2166 1409 2362 1478 passim
2397 1407 2876 1460 Alexmnlrinarum
2914 1406 3343 1461 membranarum
3390 1403 3681 1456 lectiones

2088 1512 2367 1569 sequatur,
2398 1499 2822 1555 Alexandrinum
2853 1501 2953 1555 hac
2974 1501 3138 1555 etiam
3176 1499 3228 1553 itt
3254 1513 3309 1553 re
3340 1496 3683 1565 scriptorem

2089 1596 2453 1664 agnoscimus.

2162 1682 2231 1738 Et
2272 1685 2416 1753 quod
2448 1695 2659 1755 Spectat
2708 1684 2924 1754 quidem
2978 1681 3042 1735 ad
3076 1681 3460 1742 additamenta,
3504 1680 3581 1731 de
3613 1676 3688 1731 iis

414 1774 713 1841 smpissitne
743 1791 862 1830 cum
903 1777 1116 1845 vulgato
1155 1779 1506 1842 concordare,
1558 1786 1781 1831 teStatur
1812 1777 1986 1831 Sitno—
2021 1799 2061 1853 Β
2089 1790 2210 1829 cum
2237 1776 2289 1830 iit
2320 1778 2483 1842 notis,
2523 1788 2631 1832 tum
2668 1779 2718 1831 in
2747 1791 2919 1831 rerum
2952 1772 3135 1827 Indice
3167 1772 3233 1826 ad
3267 1786 3452 1825 vocem
3492 1770 3685 1824 Addi—

417 1867 539 1921 nius
593 1868 645 1920 in
681 1868 1069 1923 Dissertatione
1118 1870 1182 1923 de
1220 1869 1601 1938 manuscriptis
1647 1868 1778 1922 Novi
1806 1867 1987 1922 Testa-

415 1959 583 2014 menti
613 1960 909 2024 codicibus,
969 1977 1092 2029 pag.
1130 1961 1218 2017 Gl.
1272 1960 1475 2017 Deinde
1518 1960 1876 2015 Alexandrina
1903 1977 1988 2014 sa-

417 2065 635 2105 crorum
691 2050 987 2105 Bibliorum
1038 2053 1361 2122 exemplaria
1403 2069 1507 2106 non
1551 2053 1769 2105 omnino
1806 2066 1989 2105 emen-

414 2141 563 2204 data,
594 2144 689 2198 sed
721 2145 1103 2199 additame‘ntis
1128 2145 1447 2214 quibusdam
1479 2155 1632 2199 aneta
1670 2143 1836 2197 fuisse
1865 2158 1989 2197 con-

416 2244 527 2290 stat
571 2251 637 2289 ex
674 2235 988 2307 Hieronymi
1038 2238 1174 2292 libro
1215 2254 1300 2291 xvr
1354 2238 1411 2291 in
1461 2235 1683 2299 Isaiam,
1740 2245 1867 2290 tom.
1900 2233 1985 2298 IV,

414 2343 540 2400 Pag-
575 2328 679 2386 696
706 2331 960 2386 editionis
1006 2329 1351 2385 Veronensis.
1415 2330 1490 2385 lbi
1526 2331 1667 2383 enim
1704 2340 1986 2398 postquam

411 2421 736 2479 versiculum
779 2425 1119 2477 undecimum
1153 2425 1343 2493 capitis
1369 2438 1501 2477 Lvm
1552 2425 1629 2477 sic
1668 2423 1869 2485 attulit,
1932 2430 1988 2474 ut

414 2512 469 2567 in
504 2514 809 2569 emendatis
834 2513 976 2568 LXX
1034 2514 1388 2582 lnterpretum
1415 2514 1812 2583 exemplaribus
1843 2519 1988 2583 lege~

414 2603 597 2669 batur,
635 2609 748 2659 hate
775 2602 991 2671 subiicit
1020 2620 1034 2657 :
1074 2621 1093 2653 ι
1117 2603 1266 2670 Quod
1312 2604 1364 2656 in
1393 2602 1778 2658 Alexandrinis
1806 2617 1988 2657 exem-

416 2695 656 2765 plaribus
716 2695 769 2749 in
824 2695 1091 2764 principio
1138 2693 1297 2763 hujus
1325 2694 1540 2762 capituli
1571 2695 1809 2748 additum
1859 2702 1984 2748 est:

419 2784 489 2840 Et
530 2786 702 2841 adhuc
731 2788 783 2840 in
807 2798 860 2840 te
886 2787 982 2840 erit
1016 2787 1131 2840 laus
1168 2802 1281 2839 mea
1307 2802 1540 2856 semper;
1569 2796 1623 2840 et
1658 2788 1709 2839 in
1737 2786 1841 2841 [inc
1867 2802 1881 2838 :
1923 2786 1987 2838 Et

413 2896 534 2935 ossa
557 2890 646 2933 tua
669 2880 820 2948 quasi
842 2878 1002 2932 herba
1041 2878 1274 2932 orientur
1390 2880 1440 2932 in
1473 2878 1742 2933 llehraico
1766 2879 1989 2933 nonba-

412 2972 633 3036 bentur,
668 2973 761 3026 sed
784 2986 849 3026 ne
876 2971 929 3025 in
955 2971 1301 3040 Septuaginta
1331 2970 1552 3039 quidem
1576 2970 1898 3035 emendatis,
1935 2980 1991 3025 et

414 3064 560 3118 veris
617 3061 1035 3131 exemplaribus.
1062 3081 1081 3112 ι
1114 3114 1122 3121 ,
1156 3060 1421 3115 Nimirum
1474 3072 1586 3116 tres
1644 3061 1984 3131 potissimum

2090 1878 2340 1935 tamenta,
2370 1871 2626 1926 lectorem
2653 1871 2856 1925 monui.
2887 1868 3040 1935 Quod
3068 1881 3197 1922 vero
3218 1865 3283 1920 ad
3310 1864 3509 1920 codicis
3544 1862 3690 1918 Ale-

2090 1962 2343 2015 xandrini
2396 1962 2656 2017 lectiones
2688 1963 2904 2027 attinet,
2962 1961 3204 2031 pluribus
3232 1956 3493 2026 exemplis
3518 1954 3688 2025 quod

2089 2052 2197 2107 dixi
2250 2054 2681 2109 conﬁrmandum
2713 2065 2796 2110 est
2831 2072 2846 2107 :
2882 2054 2926 2109 si
2988 2052 3073 2107 cui
3105 2067 3235 2106 vero
3284 2052 3336 2104 id
3378 2049 3685 2104 molestum

2091 2142 2332 2198 futurum
2361 2147 2455 2214 sit,
2518 2148 2560 2200 is
2592 2149 2780 2200 eadem
2817 2145 3154 2214 praeteriens,
3188 2144 3253 2197 ad
3292 2153 3512 2206 ctrtera,
3550 2155 3690 2208 qua

2089 2238 2394 2306 subjiciam,
2465 2238 2752 2294 transiliat.
2813 2236 2999 2306 Itaque
3033 2237 3226 2306 primo,
3285 2234 3338 2286 in
3369 2233 3546 2302 Epist.
3614 2232 3688 2284 ad

2088 2330 2319 2402 Philipp.
2357 2347 2445 2394 ιιι,
2479 2333 2533 2394 8.
2560 2331 2748 2386 Graeca
2797 2331 2967 2386 Biblia
3030 2329 3248 2392 habent,
3280 2326 3516 2399 Χριστοῦ
3573 2326 3691 2395 '11}-

2091 2421 2185 2475 σοῦ
2210 2422 2305 2477 τοῦ
2337 2424 2542 2494 Κυρίου
2573 2440 2672 2494 μου
2701 2439 2713 2451 ’
2767 2424 2933 2477 codex
2988 2419 3378 2473 Alexandrinus
3426 2434 3526 2485 pro
3574 2433 3689 2487 μου

2090 2517 2251 2571 habet
2272 2516 2431 2587 ἡμῶν
2475 2534 2487 2545 ο
2521 2524 2702 2570 noster
2761 2528 2889 2569 vero
2921 2512 3201 2580 theologus
3233 2511 3371 2564 hunc
3395 2509 3688 2578 sequitur,

2089 2624 2212 2680 pag.
2237 2608 2291 2663 5.
2326 2606 2596 2672 Secundo,
2630 2606 2680 2659 in
2707 2605 2801 2673 Ep.
2835 2605 2900 2656 ad
2922 2603 3041 2658 Gal.
3078 2620 3140 2667 ιι,
3166 2601 3253 2667 16,
3281 2600 3448 2653 Biblia
3478 2598 3687 2654 Gratca

2089 2700 2311 2766 habent,
2345 2699 2479 2752 διότι
2512 2698 2573 2751 οὐ
2628 2696 3082 2766 δικαιωθηίλσετιιιι.⁸
3132 2693 3508 2750 Alexandrina:
3542 2707 3690 2747 vero

2091 2791 2418 2845 membrana:
2479 2806 2576 2859 pro
2624 2788 2756 2841 διότι
2788 2788 2986 2841 habent
3015 2788 3117 2851 ὅτι,
3172 2796 3230 2840 ιιι
3279 2785 3405 2855 legit
3452 2791 3685 2847 auctor,

2091 2896 2211 2950 pag.
2228 2880 2282 2935 4.
2319 2880 2521 2946 Tertio,
2544 2881 2595 2934 in
2611 2880 2729 2934 ead.
2748 2879 2845 2947 Ep.
2867 2895 2927 2943 ιι,
2955 2878 3037 2943 14,
3059 2877 3242 2933 Grteca
3262 2876 3427 2931 Biblia
3466 2874 3691 2929 habent

2091 2973 2282 3044 Πέτρῳ
2308 3015 2322 3036 ,
2360 2974 2528 3027 codex
2562 2972 2714 3024 Alex.
2776 2971 2942 3041 κηφᾷ,
3002 2980 3059 3024 ιιι
3090 2980 3277 3024 auctor
3303 2978 3509 3034 noster,
3549 2983 3688 3039 pag.

2093 3062 2195 3117 168
2224 3073 2277 3119 et
2305 3064 2429 3119 587.
2462 3063 2687 3130 Quarto,
2744 3064 2795 3117 in
2826 3062 2924 3131 Ep.
2958 3061 3024 3116 ad
3066 3059 3233 3116 Hebr.
3264 3076 3379 3125 xui,
3407 3060 3466 3125 9,
3495 3058 3691 3114 Biblia

412 3164 574 3210 erant
622 3155 826 3225 Didymi
872 3160 1032 3209 aetate
1089 3154 1354 3208 versionis
1402 3151 1543 3207 LXX
1622 3153 1982 3221 lnterpretum
2010 3139 2052 3194 (ἶ
2088 3154 2271 3211 Graeca
2304 3157 2501 3211 habent
2530 3154 2924 3231 περιφέρεσθε,
2979 3164 3168 3208 auctor
3219 3163 3414 3213 noster,
3451 3166 3588 3223 pag.
3630 3156 3690 3214 ti.

412 3246 699 3311 editiones,
729 3256 782 3301 ut
824 3260 921 3301 nos
952 3248 1109 3300 docet
1140 3246 1250 3314 ipse
1283 3244 1638 3315 Hieronymus
1677 3243 1902 3315 Prologo
1931 3245 1985 3297 in

417 3337 842 3407 Paralipomenn,
896 3354 990 3394 seu
1032 3338 1167 3391 libro
1210 3353 1247 3390 ιι
1277 3337 1333 3389 in
1383 3335 1656 3406 Ruﬁnum,
1695 3351 1863 3405 segni.
1896 3335 1984 3397 27,

415 3439 545 3485 tom.
580 3430 643 3496 ll,
671 3446 787 3499 pag.
824 3430 947 3493 521,
984 3431 1070 3484 ubi
1104 3430 1215 3483 haec
1237 3428 1425 3483 scribit
1457 3446 1472 3482 :
1521 3428 1581 3482 Si
1613 3425 1759 3481 LXX
1810 3425 1987 3499 lnter-

411 3531 618 3591 pretum
638 3539 795 3591 pura,
823 3534 869 3577 et
916 3534 970 3575 ut
1000 3525 1062 3575 ab
1090 3524 1163 3575 eis
1212 3523 1268 3574 in
1296 3517 1535 3574 Crtecum
1557 3535 1702 3573 versa
1726 3529 1798 3572 est
1826 3519 1986 3571 editio

411 3626 755 3683 permaneret,
780 3616 1037 3684 superﬂue
1064 3630 1205 3667 me...
1228 3612 1537 3681 impelleres,
1563 3620 1615 3664 ut
1641 3612 1732 3663 tibi
1766 3610 1987 3664 Ilebrwa

411 3707 677 3760 columina
704 3704 891 3759 Latino
922 3722 1155 3759 sermone
1202 3705 1539 3772 transferrem
1683 3702 1841 3756 Nunc
1869 3719 1985 3756 vero

410 3814 529 3851 cum
556 3813 650 3865 pro
678 3798 925 3851 varietate
948 3798 1215 3866 regionum
1238 3798 1442 3849 diversa
1468 3795 1707 3864 ferantur
1726 3794 1982 3861 exempla-

412 3891 584 3953 ria,...
620 3890 958 3949 Alexandria,
1002 3901 1048 3941 et
1098 3886 1362 3958 Aigyptus
1402 3888 1457 3940 in
1507 3885 1855 3957 Septuaginta
1876 3886 1986 3939 suis

416 3981 735 4051 Hesychium
769 3980 951 4031 laudat
984 3988 1270 4043 auctorem,
1316 3975 1794 4045 Constantinopolis
1829 3993 1987 4044 usque

416 4076 485 4126 ad
517 4074 847 4126 Antiochiam
884 4072 1105 4125 Luciani
1154 4073 1399 4140 martyris
1436 4070 1755 4139 exemplaria
1778 4070 1983 4137 probat.

416 4165 611 4219 Media:
636 4166 771 4219 inter
798 4166 890 4217 ltus
916 4164 1196 4232 provincia:
1229 4162 1541 4215 Palwstinos
1562 4161 1761 4213 codices
1788 4159 1983 4228 legunt,

414 4273 542 4325 quas
572 4259 635 4308 ab
665 4254 886 4324 Origene
925 4253 1217 4307 elaboratas
1250 4251 1527 4314 Eusebius,
1582 4263 1631 4304 et
1677 4250 1985 4318 Pamphilus

413 4348 751 4418 vulgaverant
806 4364 824 4400 :
874 4357 1105 4416 totusque
1154 4345 1291 4398 orbis
1334 4345 1429 4397 hac
1488 4345 1624 4397 inter
1672 4359 1726 4396 se
1771 4343 1983 4412 trifuria

416 4445 663 4497 varietate
713 4450 1046 4510 compngnnt.
1106 4437 1180 4493 lta
1213 4436 1590 4507 Hieronymus.
1646 4441 1724 4490 Ac
1796 4451 1979 4490 revera

415 4539 470 4592 in
502 4535 691 4590 codice
739 4533 1129 4594 Alexandrino,
1175 4533 1267 4599 qui
1315 4539 1530 4599 quarto,
1584 4539 1642 4582 ut
1680 4529 1865 4596 aliqui,
1895 4538 1987 4583 aut

414 4626 603 4682 saltem
645 4633 799 4679 sexto
856 4622 1052 4677 sarculo
1112 4631 1363 4675 exaratos
1412 4630 1516 4684 est,
1558 4628 1615 4671 ιιι
1653 4619 1744 4673 alii
1782 4619 1985 4685 volunt,

416 4718 647 4775 inveniri
678 4716 879 4770 scholia
926 4716 982 4769 in
1029 4723 1228 4768 textum
1272 4711 1594 4777 introducta,
1633 4729 1754 4765 rara
1778 4714 1989 4780 quidem

412 4815 549 4880 ipsa,
609 4820 880 4881 textusque
928 4825 1042 4863 vere
1069 4806 1393 4878 ἐξηγητικά,
1444 4816 1669 4860 testatur
1708 4806 1900 4860 Millius
1934 4806 1988 4859 in

414 4903 844 4974 Prolegomenis,
874 4917 926 4971 p.
967 4900 1109 4965 143;
1174 4900 1457 4968 Didymnm
1485 4912 1613 4952 vero
1643 4914 1746 4951 non
1778 4913 1990 4967 semper

414 4998 653 5065 quidem,
704 4996 800 5050 sed
842 4996 1158 5065 plerumque
1193 5002 1371 5046 tanien
1416 4991 1775 5045 Alexandrina
1806 5007 1989 5046 exem-

413 5087 585 5157 plaria
617 5096 860 5140 secutum
912 5101 1033 5140 esse
1063 5099 1168 5139 non
1201 5083 1406 5135 dubito.
1453 5082 1525 5135 lta
1557 5082 1790 5152 exempli
1818 5082 1987 5151 gratia

416 5180 470 5233 in
505 5176 945 5231 Enarrationibus
1000 5178 1068 5231 ad
1099 5187 1260 5245 caput
1306 5194 1322 5232 ι
1356 5176 1603 5247 Epistolte
1630 5177 1816 5244 primm
1843 5174 1987 5230 Petri

415 5270 548 5327 citat
586 5270 851 5340 psalmqu
894 5285 1099 5324 xxxvut
1140 5271 1239 5323 hoc
1282 5271 1441 5324 modo
1479 5288 1491 5323 :
1523 5256 1834 5338 Peregrinu's
1895 5284 1987 5337 ego

419 5363 703 5434 (mendosa
737 5364 880 5416 enim
910 5374 993 5416 est
1038 5362 1294 5416 editionis
1328 5362 1508 5427 lectio,
1559 5365 1702 5429 ergo)
1730 5362 1784 5414 in
1824 5370 1984 5414 terra.

416 5456 593 5510 Voces
619 5469 768 5519 vero,
832 5455 885 5507 in
932 5465 1094 5520 terra,
1139 5455 1387 5523 leguntur
1428 5454 1644 5521 quidem
1706 5453 1761 5506 in
1804 5453 1987 5506 codice

415 5547 808 5611 Alexandrino,
828 5548 921 5601 sed
953 5548 1148 5600 desunt
1170 5546 1222 5598 in
1249 5544 1436 5600 Graeca
1454 5544 1747 5598 Bibliorum
1779 5542 1987 5615 [XVIII]

416 5636 675 5688 editione.
720 5636 893 5689 Simili
930 5636 1089 5690 modo
1121 5636 1237 5705 ipse
1287 5634 1546 5703 Didymus
1579 5633 1632 5687 in
1662 5634 1984 5702 fraginento,

417 5724 559 5792 quod
590 5724 743 5781 alien
796 5725 1155 5797 Hieronymus
1183 5726 1237 5781 in
1270 5724 1495 5795 epistola
1535 5724 1636 5779 119
1686 5725 1751 5779 ad
1791 5724 1985 5780 Miner-

2091 3256 2144 3301 et
2186 3247 2355 3301 codex
2411 3248 2814 3302 Alexandrinus
2864 3244 3269 3319 παραφέρεσθε.
3322 3244 3553 3310 Quinto,
3634 3245 3691 3298 in

2089 3338 2189 3407 Ep.
2222 3336 2242 3390 l
2271 3340 2336 3394 ad
2364 3339 2487 3394 Cor.
2512 3354 2631 3402 vui,
2661 3339 2718 3403 2,
2745 3339 2933 3395 Gratca
2966 3338 3132 3399 Biblia
3178 3338 3392 3401 habent,
3448 3335 3689 3389 οὐδέπω

2090 3428 2245 3482 οὐδὲν
2277 3428 2517 3497 ἔγνωκε,
2558 3418 2760 3485 ἰιιιοιοτ
2810 3441 2995 3484 noster
3049 3444 3174 3498 pag.
3208 3428 3259 3494 8,
3303 3429 3502 3482 omissa
3540 3442 3695 3482 voce

2089 3519 2262 3585 οὐδέν,
2290 3520 2437 3591 legit,
2461 3518 2616 3573 οὔπω
2636 3520 2874 3588 ἔγνωκεν
2906 3538 2920 3550 ⁸
2953 3519 3116 3575 simili
3150 3530 3326 3573 autem
3351 3520 3513 3572 modo
3545 3517 3694 3585 legi-

2093 3619 2180 3665 tur
2203 3611 2255 3664 in
2287 3614 2475 3666 codice
2490 3613 2879 3676 Alexandrino,
2908 3626 3099 3679 nempe
3120 3608 3270 3662 οῦπω
3296 3609 3453 3677 ἔγνω.
3478 3607 3694 3671 Sexto,

2090 3702 2145 3756 in
2186 3703 2285 3773 Ep.
2314 3703 2335 3758 Ι
2363 3702 2519 3760 Joan.
2553 3721 2591 3771 ι,
2625 3705 2679 3772 5,
2706 3704 2877 3758 Biblia
2903 3703 3087 3760 Graeca
3123 3703 3341 3765 habent,
3385 3700 3697 3769 ἀπαγγέλ-

2089 3793 2254 3866 λομεν
2292 3796 2420 3867 ὑμῖν
2445 3839 2459 3861 ,
2508 3807 2696 3850 auctor
2758 3806 2942 3851 noster
2981 3811 3103 3866 pag.
3129 3797 3220 3861 21,
3260 3804 3327 3849 et,
3354 3796 3525 3850 codex
3553 3796 3692 3849 Ale.

2091 3889 2412 3953 xandrinus,
2437 3888 2849 3959 ἀπαγγέλλομεν
2897 3889 2991 3941 καὶ
3024 3890 3173 3959 ὑμῖν.
3224 3888 3485 3957 Septimo,
3520 3891 3687 3958 apud

2095 3978 2357 4035 Joannem
2392 3998 2433 4049 ι,
2472 3982 2557 4045 18,
2620 3982 2805 4037 Graeca
2835 3980 3003 4036 Biblia
3036 3981 3255 4046 habent,
3313 3980 3340 4032 ὁ
3373 3982 3693 4052 μονογενὴς

2093 4073 2256 4141 Υἱός,
2289 4084 2476 4129 auctor
2524 4085 2710 4131 noster
2741 4090 2861 4144 pag.
2901 4073 2966 4127 76
3017 4083 3073 4128 et
3102 4073 3227 4127 alibi
3258 4074 3401 4142 legit,
3439 4074 3469 4125 ὁ
3510 4090 3696 4143 μονο-

2088 4164 2250 4237 γενὴς
2276 4164 2427 4230 Θεός,
2492 4182 2596 4234 quo
2625 4169 2782 4220 modo
2809 4166 2936 4235 legit
2962 4166 3220 4237 Origenes
3245 4167 3693 4235 Alexandrinus,

2095 4267 2156 4313 ut
2188 4260 2371 4313 monui
2424 4275 2546 4329 pag.
2588 4259 2674 4324 76,
2712 4270 2824 4317 not.
2854 4259 2907 4313 5.
2961 4260 3185 4325 Octavo,
3218 4260 3271 4313 in
3313 4261 3406 4329 Ep.
3438 4257 3569 4313 Jac.
3609 4277 3692 4325 tv,

2099 4350 2188 4417 12,
2215 4350 2402 4406 Graeca
2439 4352 2607 4405 Biblia
2643 4362 2831 4405 carent
2860 4352 3082 4407 vocibus
3110 4353 3205 4405 καὶ
3231 4358 3452 4422 κριτης;
3491 4364 3551 4404 at
3583 4369 3692 4405 no-

2089 4450 2202 4495 ster
2225 4452 2417 4495 auctor
2444 4440 2533 4495 illa
2572 4441 2698 4510 legit
2724 4458 2844 4511 pag.
2871 4440 2963 4506 27,
2990 4451 3047 4494 ut
3072 4450 3128 4496 et
3151 4443 3317 4494 codex
3349 4443 3698 4494 Alexandri-

2095 4547 2216 4587 nus.
2248 4530 2420 4597 Nono,
2456 4534 2506 4586 in
2538 4534 2634 4602 Ep.
2662 4536 2728 4588 ad
2774 4534 2936 4589 Hebr.
2966 4550 3003 4597 ι,
3041 4537 3096 4597 1.
3148 4534 3333 4589 Graeca
3364 4533 3547 4587 Biblia
3584 4537 3696 4590 ha-

2092 4624 2217 4695 bent
2245 4625 2331 4675 ἐπ’
2362 4625 2633 4694 ἐσχάτων,
2696 4636 2887 4678 auctor
2918 4641 3045 4680 vero
3100 4636 3282 4680 noster
3324 4642 3441 4694 pag.
3476 4626 3582 4688 55,
3639 4641 3699 4682 et

2090 4716 2211 4769 cod.
2241 4714 2393 4768 Alex.
2454 4717 2538 4767 ἐπ’
2569 4716 2819 4786 ἐσχάτου.
2861 4717 3098 4780 Decimo,
3160 4717 3211 4769 in
3246 4716 3340 4786 Ep.
3373 4716 3439 4771 ad
3468 4716 3691 4783 Ephes.

2094 4822 2175 4869 ιιι,
2214 4806 2300 4872 14,
2336 4805 2506 4861 Biblia
2537 4808 2724 4862 Graeca
2784 4809 3005 4873 habent,
3058 4807 3278 4879 Πατέρα
3308 4806 3399 4859 τοῦ
3459 4809 3695 4879 Κυρίου

2091 4897 2246 4969 ἡμῶν
2276 4898 2452 4969 Ἰησοῦ
2480 4899 2715 4970 Χριστοῦ
2741 4941 2756 4965 ,
2825 4902 2996 4955 codex
3042 4900 3361 4962 Alexandr.,
3392 4908 3447 4952 et
3480 4914 3697 4955 auctor

2089 5002 2296 5054 noster,
2320 5006 2444 5061 pag.
2478 4991 2564 5055 19,
2589 4993 2839 5045 omittunt
2870 4992 3049 5045 omnia
3074 4991 3187 5045 haec
3216 4991 3397 5053 verba,
3430 4989 3529 5044 τοῦ
3567 4992 3697 5045 Κυ-

2094 5083 2208 5154 ρίου
2242 5083 2398 5154 ἡμῶν
2431 5082 2602 5153 Ἰησοῦ
2655 5083 2911 5155 Χριστοῦ.
2975 5082 3290 5147 Undecimo,
3348 5081 3401 5134 in
3452 5081 3592 5138 Act.
3633 5100 3692 5145 ν.

2089 5177 2186 5242 52,
2215 5176 2406 5231 Graeca
2438 5175 2606 5229 Biblia
2635 5176 2833 5230 habent
2888 5173 3053 5229 αὐτοῦ
3110 5174 3416 5244 μάρτυρες’
3476 5185 3697 5229 auctor

2089 5278 2273 5322 noster
2311 5283 2433 5337 pag.
2466 5267 2536 5321 55
2577 5267 2781 5320 omittit
2825 5282 3010 5320 vocem
3056 5264 3242 5328 αὐτοῦ,
3278 5278 3335 5317 ιιι
3387 5264 3511 5317 cod.
3547 5266 3693 5321 Ale-

2089 5360 2406 5415 xandrinus.
2450 5359 2799 5423 Duodecimo,
2856 5359 2908 5411 in
2968 5359 3063 5426 Ep.
3094 5360 3159 5410 ad
3213 5356 3447 5426 Philipp.
3482 5372 3579 5421 ιιι,
3629 5359 3691 5425 5,

2088 5452 2256 5506 Biblia
2282 5450 2466 5506 Graeca
2496 5453 2713 5514 habent,
2769 5450 3045 5520 Πνεύματι
3080 5448 3228 5520 Θεῷ·
3261 5457 3451 5503 auctor
3480 5460 3694 5505 noster

2089 5546 2230 5599 hanc
2259 5544 2543 5599 lectionem
2568 5545 2815 5599 vitiosam
2841 5559 2958 5599 esse
2986 5543 3263 5599 contendit
3293 5557 3413 5613 pag.
3439 5541 3581 5609 246,
3622 5562 3695 5599 ac

2090 5636 2219 5706 legit
2244 5635 2521 5706 Πνεύματι
2560 5636 2695 5689 Θεοῦ
2726 5678 2741 5703 ,
2801 5652 2906 5705 quo
2935 5636 3096 5691 modo
3158 5635 3356 5703 legitur
3400 5634 3548 5688 etin
3591 5652 3695 5691 co-

2090 5728 2207 5784 dice
2232 5728 2615 5782 Alexandrino.
2647 5727 2790 5792 Ilaec,
2841 5729 2892 5782 ni
2939 5728 3109 5792 i'liiOl‘,
3153 5725 3447 5788 subiciunt,
3482 5736 3547 5781 ut
3578 5744 3691 5798 ap-
