3744 6296
104 272 199 328 ἐῢ

1243 277 1809 341 COMMENTARIUS.
1848 315 1915 327 -—
1955 287 2085 346 LIB.
2128 290 2168 345 1.

3222 301 3316 358 ιω

96 402 291 488 pareat
311 405 578 488 auctorem
638 404 887 451 nostrum
939 397 1316 459 Alexandrinis
1362 404 1653 461 Bibliorum
1688 414 1728 468 Α
1758 418 1892 475 ster,
1932 426 2092 479 quam
2149 425 2400 480 synaxes,
2438 414 2491 465 id
2536 426 2601 469 ex
2643 427 2710 469 eo
2752 413 2895 479 ﬁeri,~
2914 417 3144 483 videtur,
3182 418 3318 488 quod

94 486 476 553 exemplaribus
510 502 664 540 nsum
690 502 835 543 esse.

159 574 400 641 Demum,
427 586 483 629 ut
518 576 653 631 alias
686 579 894 633 mittam
921 580 1279 649 conjecturas.
1304 600 1422 653 qua:
1460 585 1643 643 lectori

90 670 293 722 erudito
335 685 465 737 opus
498 669 601 722 hoc
662 670 857 742 legenti
919 671 1073 729 facile
1102 674 1155 729 in
1198 688 1429 733 mentem
1462 684 1648 737 venire

88 770 321 828 possunt,
355 776 515 814 unum
547 771 754 816 tantum
777 762 896 832 ejus
917 765 1093 821 locum
1132 768 1350 834 addam,
1384 786 1491 840 quo
1526 774 1644 826 ma-

86 853 161 919 gis
192 851 463 920 magisque
520 853 810 907 roboratur
836 854 1018 923 opinio
1067 872 1185 913 mea
1224 857 1291 913 de
1324 862 1519 927 patria,
1552 873 1646 916 aut

87 942 267 995 saltem
294 940 568 995 domicilio
589 944 829 998 aucturis
856 946 1047 1000 nostri.
1082 947 1271 1002 Exstat
1294 949 1339 1004 is
1366 965 1485 1019 pag.
1516 952 1640 1020 508,

88 1034 135 1083 in
166 1046 265 1100 qua
298 1046 414 1085 cum
449 1032 584 1087 nihil
615 1032 843 1103 legatur,
868 1037 1009 1105 quod
1037 1036 1404 1095 Alexandrino
1438 1043 1645 1100 homini

88 1139 181 1177 non
214 1123 522 1189 conveniat,
571 1134 680 1179 tum
709 1125 837 1181 illud
885 1128 1117 1184 maxime
1164 1130 1511 1187 Alexandrini
1537 1144 1642 1198 est.

88 1217 212 1284 quod
245 1216 408 1268 Deum
445 1215 572 1286 Opt.
620 1216 763 1271 Max.
819 1235 983 1275 unum
1027 1235 1092 1275 ac
1144 1223 1342 1278 trinum
1394 1236 1539 1291 orat,
1586 1236 1646 1283 ut

91 1306 190 1360 Nili
212 1310 404 1375 ﬂuenta
431 1311 539 1365 sint
571 1311 747 1379 plena,
771 1321 821 1366 et
863 1314 1093 1368 maxima
1140 1332 1363 1371 annonis
1412 1320 1640 1375 ubertas.

88 1399 153 1453 .\‘e
181 1417 306 1455 vero
332 1417 501 1472 cogar
541 1418 605 1459 ea
656 1416 928 1473 repetere,
983 1423 1102 1477 qua:
1144 1408 1272 1464 alibi
1320 1411 1460 1465 dicta
1489 1422 1641 1479 sunt,

88 1496 204 1565 lege,
233 1511 434 1565 quaeso,
470 1509 629 1554 notas
664 1515 812 1555 meas
835 1502 902 1558 ad
952 1501 1097 1558 illum
1128 1503 1325 1559 locum.
1358 1506 1470 1577 Ego
1498 1507 1641 1562 enim

86 1590 141 1642 ad
160 1589 257 1643 alia
283 1591 469 1646 statim
505 1595 845 1663 progredior.

84 1704 193 1757 ω.
222 1702 312 1759 IX.
360 1704 619 1761 Ecclesia
665 1710 1037 1784 Alexandrina
1087 1714 1372 1767 catechista
1408 1714 1511 1784 fuit
1539 1731 1638 1768 au-

507 1789 622 1831 ctor
642 1791 817 1833 noster
842 1792 896 1833 ut
924 1782 1193 1851 Didymus.

138 1866 517 1923 Alexandrinae
552 1869 811 1926 Ecclesiae
837 1873 1185 1928 catecbistam
1231 1890 1262 1928 a
1297 1874 1355 1930 S.
1394 1875 1637 1931 Athana-

84 1960 152 2013 sio
173 1958 364 2014 factum
395 1960 568 2015 fuisse
596 1962 902 2032 Didymum,
936 1964 1093 2033 pauci
1143 1964 1411 2035 ignorant,
1450 1968 1640 2037 prafe-

83 2061 211 2103 ctum
243 2052 454 2106 scilicet
479 2067 606 2107 eum
645 2052 817 2109 fuisse
849 2055 1046 2110 celebri
1081 2057 1279 2111 scholae
1304 2073 1333 2111 a
1367 2058 1427 2113 S.
1458 2059 1640 2116 Marco

82 2144 420 2210 evangelista,
455 2152 517 2198 ut
554 2152 785 2199 testatur
811 2144 1191 2218 Hieronymus,
1239 2146 1499 2217 fundatae,
1554 2151 1640 2206 cui

82 2234 257 2287 schola
313 2234 420 2287 viri
472 2235 655 2305 magni
707 2233 1015 2299 Pantaenus,
1090 2235 1342 2293 Clemens
1403 2240 1640 2295 Alexan-

82 2324 269 2389 drinus,
298 2324 593 2395 Origenes,
642 2324 916 2393 lleraclas,
972 2326 1032 2382 S.
1064 2328 1373 2398 Dionysius,
1404 2330 1643 2385 Atheno-

81 2416 247 2478 dorus,
278 2413 517 2481 Pierius,
545 2416 606 2470 S.
633 2415 828 2471 Petrus
857 2416 1082 2487 Martyr,
1116 2418 1175 2474 S.
1206 2418 1491 2487 Macarius,
1520 2420 1645 2476 alii-

80 2520 168 2573 que
194 2505 543 2574 prstiterant.
602 2506 882 2574 Quodnam
938 2523 1067 2563 vero
1098 2520 1251 2566 esset
1294 2511 1643 2568 Alexandrini

80 2599 371 2653 catechistaa
400 2614 621 2664 tnunns,
652 2598 818 2673 [XIX]
858 2616 921 2657 ex
952 2601 1169 2657 Eusebii
1218 2602 1457 2657 llistoria
1481 2603 1645 2659 eccle-

85 2691 280 2743 siastica
314 2690 414 2746 Iih.
450 2706 529 2754 vr,
561 2706 685 2760 cap.
714 2692 804 2757 10,
854 2694 1136 2749 discimus.
1170 2694 1249 2749 Ad
1290 2710 1413 2749 eum
1439 2695 1645 2751 scilicet

79 2781 335 2847 spectabat
369 2797 478 2836 non
524 2784 686 2837 modo
730 2783 972 2839 rudiores
1015 2785 1204 2852 primis
1248 2785 1372 2840 ﬁdei
1410 2785 1645 2841 elemen-

81 2872 137 2923 tis
164 2872 429 2938 imbuere,
460 2881 521 2926 ut
551 2887 751 2927 nomen
786 2872 963 2940 ipsum
1002 2875 1310 2928 catechista:
1344 2883 1523 2939 sonat,
1553 2888 1646 2930 ve-

80 2980 179 3017 rum
203 2965 367 3019 etiam
397 2965 579 3033 primo
612 2980 798 3020 sacras
838 2965 1046 3021 litteras
1077 2967 1468 3037 interpretari;
1521 2982 1642 3020 eam

77 3062 201 3113 enim
226 3061 466 3115 scholam
513 3070 675 3117 vocat
725 3060 922 3118 ibidem
963 3062 1223 3118 Eusebius
1279 3060 1644 3115 διδασκαλεῖον

77 3154 167 3206 τῶν
194 3154 354 3226 ἱερῶν
382 3155 565 3223 λόγων
585 3171 600 3183 ο
636 3156 829 3209 deinde
878 3155 1173 3209 divinorum
1208 3155 1509 3224 dogmatum
1532 3155 1642 3207 the-

78 3263 265 3310 sauros,
300 3256 359 3300 ut
408 3246 635 3300 Eusebii
666 3245 852 3301 verbis
896 3255 1038 3309 utar,
1088 3245 1281 3313 partim
1338 3245 1449 3299 viva
1498 3260 1639 3311 voce,

78 3340 247 3399 partim
268 3338 484 3404 scriptis
531 3352 785 3405 exponere
808 3336 1136 3390 auditoribus
1168 3352 1188 3391 :
1220 3336 1432 3390 demum
1468 3336 1641 3391 haere-

79 3430 289 3482 ticorum
319 3428 662 3497 sophismata
700 3426 941 3482 refellere
965 3444 979 3480 :
1003 3428 1105 3482 etsi
1158 3426 1302 3482 enim
1331 3426 1434 3482 hoc
1458 3435 1642 3495 aperte

80 3536 169 3573 non
206 3529 471 3574 memoret
508 3519 791 3580 Eusebius,
816 3519 1166 3573 dubitandum
1198 3526 1375 3571 tamen
1398 3532 1505 3571 non
1534 3526 1639 3581 est,

76 3614 191 3679 quin
214 3628 378 3666 unum
428 3627 500 3666 ex
536 3613 825 3682 praecipuis
873 3611 1018 3666 illius
1055 3610 1365 3666 catechistte
1400 3610 1639 3665 muneri-

80 3704 167 3755 bus
205 3703 383 3756 fuerit.
435 3700 496 3757 Id
528 3712 739 3757 certea
799 3702 1022 3771 Didymo
1076 3702 1290 3771 egregie
1342 3701 1639 3769 praestitum

78 3809 189 3848 CSIC
217 3804 447 3849 ςοιιειεί.

131 3884 250 3939 lam
277 3899 410 3940 vero
442 3886 557 3939 haec
607 3885 787 3939 omnia
830 3884 885 3940 in
924 3883 1224 3955 theologum
1268 3896 1508 3940 nostrum
1539 3902 1639 3956 ap-

80 3982 240 4047 prime
299 3979 575 4047 quadrare
631 3979 753 4046 quis
808 3992 911 4032 non
970 3977 1155 4032 videt?
1209 3977 1345 4031 Illud
1372 3979 1423 4032 in
1452 3979 1641 4047 primis

82 4074 324 4141 quadrat,
359 4072 507 4139 quod
571 4071 619 4125 is
654 4070 1031 4125 Alexandrinae
1063 4070 1318 4126 Ecclesia:
1352 4070 1516 4125 fuerit
1546 4085 1641 4125 ca-

84 4166 326 4221 terhista.
355 4165 499 4231 Quid
539 4164 709 4229 enim,
742 4178 951 4233 quaeso,
980 4162 1122 4216 aliud
1159 4174 1283 4217 sunt
1317 4162 1390 4216 illi
1412 4163 1639 4217 alterno-

83 4273 187 4310 ηαιι
210 4260 411 4311 dierum
440 4266 745 4319 conventus,
774 4270 910 4324 quos
952 4268 1073 4325 pag.
1108 4254 1215 4308 304
1238 4254 1463 4323 ipsemet
1484 4268 1633 4307 com-

88 4360 362 4411 memorat,
396 4349 500 4401 nisi
546 4356 865 4410 conventus,
902 4347 955 4400 in
999 4345 1195 4415 quibus
1235 4360 1361 4400 suas
1411 4345 1639 4399 habebat

1666 1770 1710 1826 Β
1737 1797 1846 1836 esse
1872 1782 2066 1850 ferunt,
2096 1799 2160 1838 ea:
2195 1801 2298 1854 quo
2331 1784 2487 1839 Arius
2525 1789 2788 1854 presbyter
2811 1788 2874 1838 de
2904 1787 3144 1839 doctrina
3198 1788 3323 1855 ﬁde:

1750 501 2053 568 hujusmodi
2085 504 2447 558 denominatio
2481 504 2550 560 iis
2588 506 2820 561 canibus
2850 508 3085 562 maxime
3117 522 3317 563 conve-

1747 591 1881 656 niat,
1912 593 2104 661 quibus
2132 608 2236 647 non
2269 594 2575 663 episcopus,
2616 610 2720 651 non
2750 598 3033 667 presbyter
3068 608 3320 668 praeerat,

1744 684 1839 739 sed
1893 684 2184 739 catecltista
2212 686 2383 740 sacris
2413 685 2694 743 ordinibus
2728 703 2832 743 non
2857 688 3119 743 initiatus.
3149 691 3315 746 Aliud

1748 774 1893 827 enim
1922 784 2007 829 est
2037 775 2219 829 docere
2264 775 2320 829 in
2350 777 2593 845 ecclesia,
2632 777 2776 833 aliud
2800 794 2929 834 vero
2950 781 3129 834 docere
3153 782 3207 835 in
3233 798 3314 835 ca-

1745 864 2057 928 techesibus,
2097 874 2154 919 ιιι
2184 865 2379 937 colligo
2408 883 2471 921 ex
2505 868 2655 922 hisce
2711 867 2935 924 Joannis
2972 868 3321 941 Jerosolymi-

1746 957 1855 1010 tani
1883 958 2119 1028 episcopi
2146 960 2325 1015 verbis
2350 961 2489 1029 apud
2525 960 2911 1031 Hieronymum
2948 961 3001 1016 in
3046 962 3184 1017 libro
3224 963 3321 1015 ad-

1743 1059 1932 1099 versus
1950 1048 2194 1102 eumdem
2211 1046 2493 1113 Joannem,
2510 1064 2679 1119 segm.
2701 1051 2791 1114 ll,
2818 1067 2938 1121 pag.
2958 1052 3061 1106 M9
3087 1070 3101 1107 :
3123 1052 3319 1116 Qua...

1742 1136 1797 1189 in
1827 1137 2042 1192 ecclesia
2069 1140 2333 1205 docemus,
2371 1151 2417 1195 et
2451 1144 2504 1195 in
2551 1144 2926 1197 catechesibus.
2976 1144 3213 1198 Primum
3255 1145 3321 1197 il-

1742 1227 1834 1281 lud
1864 1228 1917 1281 in
1947 1230 2175 1286 ecclesia
2206 1232 2567 1287 Alexandrina
2606 1243 2725 1303 post
2754 1236 2864 1289 Arii
2913 1248 3150 1305 tempora
3197 1238 3310 1305 epi-

1742 1335 1906 1391 scopo
1942 1332 2277 1379 reservatum
2309 1335 2449 1389 erat,
2505 1325 2549 1379 si
2573 1326 2706 1380 lides
2746 1327 2983 1382 habenda
3024 1340 3106 1381 est
3150 1327 3321 1382 Sozo-

1743 1430 1922 1478 meno,
1954 1416 2046 1485 qui
2079 1416 2173 1471 lib.
2208 1433 2307 1482 vit,
2338 1433 2459 1487 cap.
2496 1420 2583 1481 l9,
2611 1420 2821 1482 scribit,
2844 1424 2982 1489 apud
3006 1421 3321 1475 Alexandri-

1742 1522 1835 1563 nos
1881 1510 2050 1562 solum
2096 1509 2320 1563 civitatis
2361 1510 2737 1564 Alexandrinis
2781 1516 3077 1581 episcopum
3108 1514 3192 1565 ἐπ’
3228 1516 3321 1567 ὲκ-

1741 1600 1968 1671 κλησίας
1997 1602 2072 1669 (id
2102 1612 2184 1655 est
2214 1603 2269 1654 in
2292 1601 2531 1672 ecclesia)
2568 1605 2754 1656 docere
2776 1617 2793 1653 :
2815 1620 2973 1671 quam
3020 1613 3307 1657 consuetu-

1740 1691 1936 1754 dinem,
1981 1691 2177 1761 inquit,
2235 1707 2353 1744 cum
2394 1702 2548 1745 antea
2582 1710 2684 1747 non
2717 1692 2922 1761 fuisset,
2964 1694 3317 1749 introductam

1738 1876 2020 1939 disserens,
2070 1894 2203 1930 nova
2269 1879 2515 1948 dogmata
2557 1879 2768 1933 invexit.
2816 1878 2945 1944 Quae
2998 1881 3161 1933 verba
3214 1847 3321 1954 ets:

1739 1971 1927 2026 stricto
1952 1986 2110 2025 sensu
2142 1970 2369 2027 fortasse
2395 1972 2706 2040 accipienda
2742 1988 2843 2025 non
2871 1973 3001 2035 sint,
3031 1988 3097 2027 ex
3128 1972 3193 2026 iis
3242 1982 3321 2026 ta-

1740 2074 1863 2115 men
1927 2061 2202 2130 conjicere
2242 2076 2400 2131 posse
2455 2063 2730 2125 videmur,
2793 2062 3072 2132 Didyntutn
3120 2078 3223 2116 non
3267 2063 3320 2116 in

1739 2149 1993 2214 ecclesia,
2033 2152 2126 2206 sed
2149 2150 2300 2218 alibi,
2331 2151 2615 2221 synaxium
2639 2151 2827 2205 diebus
2854 2152 3166 2206 catecheses
3195 2167 3322 2207 suas

1744 2240 1999 2295 habuisse
2049 2258 2064 2296 :
2102 2240 2331 2311 ideoque
2356 2242 2457 2297 hac
2501 2241 2663 2296 etiam
2696 2242 2762 2295 de
2782 2256 2940 2295 causa
2971 2257 3064 2296 eos
3088 2257 3321 2296 conven-

1742 2340 1829 2387 tus
1858 2333 2030 2401 magis
2061 2334 2285 2403 proprie
2324 2333 2629 2397 συνουσίας,
2666 2348 2824 2403 quam
2854 2348 3085 2405 synaxes
3113 2350 3322 2388 nuncuo

1748 2424 1887 2493 pari.
2888 2452 2891 2453 ν

1816 2516 1921 2571 Sed
1953 2516 2057 2570 alia
2087 2515 2263 2572 adhuc
2292 2526 2415 2571 sunt
2440 2517 2493 2571 in
2522 2527 2742 2571 auctore
2772 2528 2959 2572 nostro
3004 2518 3142 2580 loca,
3193 2534 3313 2586 quae

1746 2609 1917 2679 ipsum
1931 2608 2278 2663 catechistam
2294 2608 2455 2663 fuisse
2469 2608 2724 2662 indicant.
2742 2608 2945 2676 Saepius
2960 2610 3100 2663 enim
3118 2613 3162 2662 is
3182 2611 3319 2665 lilios

1746 2714 1897 2765 suos,
1913 2716 1977 2754 ac
1999 2700 2232 2754 filiorum
2247 2716 2470 2755 suorum
2486 2701 2625 2754 filios
2641 2708 2920 2765 memorat,
2939 2713 3146 2769 propter
3165 2718 3315 2770 quos,

1745 2792 1939 2861 inquit,
1964 2808 2017 2845 se
2054 2793 2301 2846 viventem
2316 2792 2586 2855 laborare;
2612 2791 2806 2858 saepius
2824 2792 2985 2844 etiam
3020 2794 3086 2847 de
3110 2792 3175 2845 iis
3211 2809 3321 2845 nte-

1746 2881 1921 2944 minit,
1945 2882 2035 2951 qui
2062 2898 2167 2934 una
2196 2897 2313 2934 cum
2337 2882 2447 2948 ipso
2476 2881 2879 2934 conveniebant.
2909 2880 2983 2935 De
3028 2882 3215 2949 primis
3242 2883 3321 2933 lo-

1746 2987 1915 3042 quens
1947 2972 2023 3026 ait
2048 2990 2061 3026 :
2086 2974 2147 3025 Oi
2171 2971 2229 3036 ἐξ
2255 2970 2409 3042 ἐμοῦ,
2445 2981 2501 3025 et
2531 2970 2715 3024 παιδία
2746 2970 2781 3025 ὃ.
2810 2970 3007 3024 ἔδωκέν
3040 2989 3128 3041 μοι
3155 2972 3318 3035 Θεόςο

1746 3062 1812 3115 de
1834 3061 1954 3115 aliis
1973 3070 2149 3115 autent
2165 3063 2243 3115 sic
2261 3060 2525 3129 loquitur:
2551 3061 2613 3112 Οἱ
2631 3061 2725 3113 σὺν
2745 3061 2896 3131 ἡμῖν,
2924 3072 2976 3115 et
2992 3063 3037 3113 οἱ
3056 3062 3149 3114 σὺν
3172 3062 3315 3132 ἐμοι.

1746 3154 1858 3210 Etsi
1886 3168 2011 3208 vero
2049 3154 2250 3223 primos
2279 3152 2396 3207 illos
2414 3168 2519 3207 non
2532 3152 2819 3222 spiritales,
2837 3154 2928 3207 sed
2946 3154 3189 3208 carnales
3221 3170 3319 3207 au-

1746 3247 1915 3301 ctoris
1950 3245 2089 3300 filios
2118 3246 2280 3300 fuisse
2312 3243 2615 3310 conjiciam,
2646 3245 2910 3299 secundos
2934 3254 3133 3309 tamen,
3179 3261 3315 3315 quos

1745 3348 1900 3393 vocat
1931 3340 2055 3401 τοὺς
2084 3339 2179 3391 σὺν
2212 3336 2364 3407 ὲμοί,
2402 3352 2495 3391 eos
2528 3337 2669 3403 ipsos
2704 3336 2866 3390 fuisse
2893 3336 3182 3390 verisimile
3209 3348 3315 3400 est,

1740 3430 1832 3500 qui
1867 3447 1972 3483 una
2017 3446 2133 3483 cum
2178 3430 2288 3498 ipso
2340 3429 2392 3481 in
2438 3428 2809 3491 conventibus,
2858 3437 2951 3480 aut
2982 3428 3316 3496 συνουσίαις,

1750 3536 1886 3591 quas
1919 3522 2050 3583 dixi,
2086 3521 2153 3576 ad
2177 3535 2298 3575 eum
2331 3520 2652 3574 audiendum
2689 3518 3045 3573 conﬂuebant.

1810 3612 1963 3678 Quod
1999 3612 2214 3667 demum
2245 3621 2455 3681 spectat
2482 3612 2547 3665 ad
2575 3612 2883 3665 catecbistaa
2905 3610 3108 3673 munia,
3147 3625 3307 3679 quam

1742 3705 2003 3776 praeclare
2031 3704 2098 3759 iis
2136 3704 2352 3760 functus
2375 3703 2537 3757 fuerit
2574 3700 2857 3771 theologus
2898 3710 3100 3766 noster,
3137 3704 3316 3757 dicere

1740 3810 2200 3865 supervacaneum
2252 3802 2354 3850 est.
2409 3794 2488 3848 Ex
2532 3793 2602 3847 iis
2660 3793 2826 3855 enim,
2875 3807 2995 3861 quas
3046 3792 3312 3848 hactenus

1739 3887 1873 3951 dixi,
1912 3895 2133 3955 apparet
2153 3901 2276 3941 eum
2303 3893 2359 3940 et
2386 3885 2439 3939 in
2469 3898 2770 3947 sacrarum,
2795 3883 3091 3937 litterarum
3114 3884 3314 3953 studio,

1739 3986 1901 4046 atque
1934 3976 2376 4045 interpretatione
2406 3976 2804 4044 quammaxime
2830 3984 3101 4029 versatum
3127 3974 3314 4040 fuisse,

1738 4079 1793 4125 et
1821 4068 1999 4123 divina
2031 4070 2277 4137 dogmata
2300 4082 2422 4122 cum
2453 4067 2572 4120 viva
2598 4081 2747 4131 voce,
2775 4076 2886 4120 tum
2937 4068 3153 4136 scriptis
3178 4077 3317 4123 stre-

1739 4178 1844 4217 nue
1879 4174 2261 4230 propugnasse,
2293 4172 2467 4228 eaque
2513 4159 2581 4212 ab
2636 4159 3007 4212 haereticorum
3053 4158 3315 4223 dicteriis,

1737 4253 2065 4322 objectisque
2095 4252 2416 4306 vindicasse.
2453 4250 2509 4303 in
2542 4250 2607 4303 iis
2637 4250 2801 4319 igitur
2829 4249 3072 4304 formulis
3105 4251 3314 4318 potius,

1742 4360 1877 4415 quas
1918 4343 2078 4398 modo
2127 4342 2441 4405 memoravi,
2499 4341 2766 4409 paulisper
2812 4342 3200 4396 immorentur:
3252 4352 3312 4393 ut

82 4437 418 4492 catecbeses?
451 4435 507 4490 ln
556 4437 623 4491 iis
658 4436 805 4491 enim
846 4436 1199 4489 conventibus
1248 4449 1309 4489 se
1359 4450 1467 4488 una
1517 4451 1637 4487 cum
1668 4458 1712 4513 ο
1741 4438 1915 4508 majus
1942 4436 2087 4503 inde,
2118 4436 2165 4492 si
2190 4436 2333 4491 ﬁerit
2366 4444 2564 4505 potest,
2586 4435 2824 4504 opinioni
2869 4450 3000 4489 mea:
3030 4435 3195 4490 robur
3222 4449 3315 4487 ac-

83 4532 202 4587 suis.
231 4531 283 4584 id
311 4540 394 4584 est
421 4544 545 4583 cum
573 4528 874 4597 discipulis,
920 4538 1123 4583 sanctae
1164 4526 1445 4581 Trinitatis
1496 4544 1637 4581 com-

82 4622 501 4675 memorationem
532 4620 782 4687 [actitare
822 4620 1171 4675 consuevisse
1209 4620 1305 4683 ait,
1351 4636 1411 4673 ac
1441 4636 1638 4687 semper

85 4712 384 4766 Trinitatem
404 4713 577 4775 ipsam
603 4727 697 4779 pro
724 4712 918 4765 uiribus
948 4710 1252 4774 celebrasse,
1285 4726 1376 4764 nec
1403 4711 1512 4764 ullo
1543 4728 1640 4764 un-

86 4822 233 4872 qua.
268 4816 499 4871 tempore
527 4819 632 4857 non
660 4804 994 4869 praedicasse,
1018 4819 1103 4857 eos
1133 4803 1281 4857 valde
1309 4805 1360 4857 in
1381 4820 1529 4856 suam
1558 4806 1640 4869 ip-

83 4914 249 4951 sorut
288 4896 572 4963 perniciem
615 4911 845 4961 peccare,
884 4896 974 4965 qui
996 4895 1309 4964 praclarum
1343 4896 1545 4967 aliquid
1574 4896 1639 4949 ad

86 4988 389 5041 estholicam
417 4988 486 5041 de
515 4985 779 5041 Trinitate
819 4986 979 5041 tidem
1021 5000 1275 5057 spectans
1320 4991 1395 5042 vel
1447 4989 1641 5042 discere

89 5078 357 5150 negligant,
392 5078 471 5132 ecl
504 5078 712 5135 docere.
746 5079 1039 5149 Aptissime
1068 5094 1202 5134 sane
1241 5082 1352 5134 hinc
1399 5080 1453 5135 in
1493 5091 1642 5135 cate-

89 5172 304 5225 chistam
356 5170 788 5226 Alexandrinum
836 5172 1146 5238 convenire,
1188 5172 1397 5227 05tendi
1433 5172 1545 5242 jam
1588 5174 1641 5227 in

92 5265 217 5317 notis
247 5264 316 5318 ad
352 5278 478 5318 eum
522 5263 723 5317 locum.
767 5262 901 5319 Cum
946 5264 1091 5319 enim
1135 5264 1494 5332 Alexandria,
1539 5280 1642 5319 non

94 5370 204 5409 vero
228 5358 282 5409 in
334 5357 542 5426 reliqua
589 5354 847 5427 Egypto,
889 5370 1124 5427 synaxes
1183 5357 1408 5412 alternis
1455 5357 1646 5412 diebus

96 5450 253 5517 reipsa
305 5451 660 5515 haberentur,
690 5453 780 5506 vix
826 5451 1181 5506 dubitandum
1224 5452 1453 5516 videtur,
1514 5452 1645 5519 quin

96 5540 328 5610 Didymus
352 5558 569 5613 quoque
593 5543 822 5598 alternis
850 5543 1039 5598 diebus
1074 5557 1201 5597 suas
1247 5541 1549 5608 συνουσίας,
1594 5543 1646 5597 id

95 5643 168 5685 est
192 5648 315 5687 suos
340 5648 691 5704 congressus,
727 5642 820 5687 aut
853 5642 1151 5688 conventus
1195 5632 1461 5688 habuerit.
1495 5632 1647 5699 Quod

98 5737 211 5781 vero
239 5727 369 5783 istos
400 5738 577 5784 cretus
607 5726 899 5789 συνουσίας
920 5726 1099 5795 potius
1129 5734 1283 5782 vocet
1331 5734 1520 5782 auctor
1553 5740 1630 5780 no

1746 4531 1926 4584 cedat.

1743 4621 1872 4677 CAP.
1910 4618 1980 4676 Χ.
2009 4616 2179 4672 Filios
2203 4618 2378 4688 genuit
2415 4628 2462 4671 et
2498 4628 2681 4671 auctor
2720 4627 2892 4670 noster
2935 4625 2982 4669 et
3028 4616 3302 4686 Didymus.

1834 4708 1980 4764 Nihil
2016 4709 2197 4777 itaque
2234 4707 2478 4762 crebrius
2511 4709 2561 4759 itt
2593 4705 2990 4775 precationibus
3021 4706 3143 4759 huic
3172 4704 3318 4771 operi

1747 4804 1963 4858 insertis
1999 4810 2263 4856 memorat
2301 4808 2489 4853 auctor
2536 4808 2737 4863 nosler,
2785 4812 2944 4865 quam
2988 4796 3128 4850 ﬁlios
3173 4811 3318 4857 suos.

1747 4904 1806 4949 ut
1833 4894 1945 4962 jam
1980 4894 2114 4947 dixi.
2153 4889 2299 4963 [XX]
2328 4890 2525 4945 Eorum
2552 4890 2794 4944 meminit
2831 4904 2986 4958 pagg.
3022 4888 3148 4953 202,
3193 4889 3317 4953 205,

1746 4987 1873 5052 305,
1908 4984 2032 5050 507,
2065 4984 2191 5050 308,
2220 4999 2284 5038 ac
2311 4984 2525 5037 demum
2560 4983 2687 5039 519.
2741 4982 2926 5048 Quaeri
2959 4995 3086 5050 ergo
3138 4988 3323 5050 posset

1750 5079 1949 5148 primo,
1980 5088 2158 5131 utrum
2187 5084 2374 5131 auctor
2422 5084 2628 5142 noster,
2678 5084 2770 5128 aut
2827 5074 3088 5143 Didymus
3134 5089 3321 5129 mona-

1748 5171 1881 5226 chus
1912 5170 2113 5224 fuerit:
2143 5169 2334 5222 deinde
2378 5177 2557 5220 utrum
2588 5168 2653 5221 de
2688 5166 2811 5221 [iliis
2848 5166 3197 5236 spiritalibus,
3250 5182 3321 5221 an

1749 5262 1815 5317 de
1845 5260 2146 5316 carnalibus
2168 5274 2231 5313 ea
2252 5259 2364 5314 loca
2390 5258 2731 5328 intelligenda
2754 5260 2883 5314 sint.
2913 5257 3107 5313 Verum
3137 5259 3314 5328 prima

1751 5351 1976 5421 quaestio
2011 5360 2119 5404 eta
2155 5352 2429 5419 praposito
2477 5365 2599 5404 meo
2657 5348 2827 5403 aliena
2872 5359 2974 5415 est,
3029 5364 3200 5418 neque
3253 5350 3321 5403 ad

1751 5440 2062 5495 solvendam
2103 5439 2325 5493 alteram
2351 5440 2570 5495 omnino
2601 5439 2928 5493 necessaria.
2981 5437 3121 5492 Fieri
3173 5438 3318 5492 enim

1753 5542 1953 5603 potest,
1986 5544 2043 5588 ut
2073 5532 2256 5587 liberis
2284 5547 2504 5603 operam
2544 5532 2694 5601 prius
2719 5533 2925 5585 dederit
2951 5532 3227 5599 Didymus,
3257 5544 3322 5584 ac

1754 5625 1968 5692 deinde,
2003 5639 2170 5679 uxore
2200 5634 2292 5679 aut
2322 5623 2593 5687 defuncta,
2639 5632 2732 5676 attt
2788 5623 3176 5684 consentiente,
3227 5632 3324 5677 aut

1755 5718 1937 5784 etiam,
1969 5728 2027 5773 ut
2055 5716 2458 5788 Theonasiecit
2490 5731 2519 5770 a
2545 5716 2803 5770 Cassiano
2833 5722 3167 5770 memoratus
3207 5715 3324 5770 col-
