3744 6298
437 297 541 356 155

1874 294 1965 348 DE
2003 293 2266 356 DIDYMO

3581 289 3689 346 156

438 413 636 466 latione
668 425 783 477 xxt,
812 424 932 481 cap.
973 410 1024 477 l,
1055 410 1240 465 eadem
1289 410 1475 475 invita,
1518 410 1570 465 in
1619 414 2003 467 monasterium
2035 418 2083 475 Α
2181 414 2449 481 Secundo,
2483 415 2533 469 in
2568 413 2742 469 citatis
2773 412 2906 467 locis
2936 418 3122 465 auctor
3148 417 3329 465 noster
3361 424 3471 464 non
3498 409 3682 463 solum

432 518 496 559 se
530 505 814 573 receperit.
857 503 983 557 Sive
1010 519 1137 571 ergo
1188 503 1481 557 monachus
1527 502 1688 556 fuerit
1728 505 2000 574 Didymus,

437 607 496 649 ut
521 611 640 649 eum
672 595 904 665 appellat
932 595 1115 650 Victor
1140 594 1506 659 Tununensis,
1546 595 1659 649 sive
1679 612 1782 651 non
1817 597 1999 663 fuerit,

436 685 690 740 solvenda
719 688 895 741 adhuc
930 697 1101 741 restat
1142 687 1309 741 altera
1337 704 1401 743 ex
1427 691 1712 761 propositis
1749 691 2003 759 qua’stio-

442 778 619 833 nibus.
650 776 842 833 Verum
874 780 1013 832 haud
1036 779 1147 833 scio
1181 795 1247 833 an
1276 796 1337 834 ea
1368 782 1521 835 nobis
1562 781 1835 851 supersint
1883 796 2001 836 mo-

439 880 716 933 numenta,
746 870 943 940 quibus
972 871 1044 924 ita
1074 871 1201 924 dilui
1234 873 1422 940 possit,
1457 882 1515 926 ut
1550 874 1736 928 lectori
1781 874 2000 927 omnino

436 962 855 1025 satisfaciamus.
881 966 971 1031 qui
1007 965 1371 1034 probabilibus
1406 966 1730 1034 conjecturis
1776 976 1994 1019 conten-

448 1064 531 1107 tus
563 1070 681 1109 esse
716 1056 866 1109 nolit.
896 1055 1009 1109 Duo
1039 1065 1214 1109 tamen
1248 1058 1359 1110 haec
1393 1066 1629 1111 statuere
1671 1072 1824 1125 posse
1871 1057 1998 1110 mihi

432 1144 618 1197 videor
650 1161 663 1197 :
699 1145 929 1211 primum
958 1145 1069 1198 sive
1099 1146 1235 1211 loca,
1272 1162 1389 1214 qua:
1422 1147 1674 1209 iudicavi,
1730 1151 1797 1201 de
1839 1148 1998 1217 spiri-

434 1235 626 1290 talibus
651 1235 773 1291 ﬁliis
802 1237 1162 1305 accipiantur,
1193 1239 1307 1292 sive
1350 1238 1416 1293 de
1445 1239 1769 1303 carnalibus,
1796 1242 1998 1310 Optime

431 1329 657 1399 Didymo
684 1345 745 1385 ea
770 1332 1058 1385 convenire
1091 1372 1103 1385 .
1138 1332 1454 1397 secundum,
1484 1334 1827 1389 verisimilius
1878 1350 1997 1390 esse

430 1431 703 1475 auctorem
736 1432 975 1476 nostrum
1005 1425 1069 1477 de
1097 1425 1406 1478 carnalibus
1438 1424 1560 1479 ﬁliis
1591 1426 1755 1491 loqui.

507 1509 575 1565 Ut
610 1523 787 1565 autem
820 1530 847 1566 a
876 1516 1049 1582 primo
1073 1514 1348 1581 exordiar,
1377 1518 1420 1569 si
1452 1532 1512 1571 ea
1540 1517 1651 1571 loca
1681 1520 1745 1572 de
1774 1519 1994 1587 spirita-

428 1601 570 1655 libus
603 1603 727 1657 flliis
764 1622 854 1673 per
882 1607 1212 1671 catechesim,
1242 1616 1298 1660 ut
1331 1606 1562 1677 Cyrillus
1592 1608 1996 1680 Jcrosolymita-

427 1703 544 1747 nus'
567 1693 821 1762 loquitur,
860 1697 1053 1764 genitis
1105 1698 1488 1766 intelligantur,
1542 1715 1700 1768 quam
1747 1701 1881 1754 bene
1929 1716 1990 1755 ea

427 1781 655 1851 Didymo
682 1795 1002 1851 c0ngt'uaut,
1037 1801 1194 1839 nemo
1231 1802 1334 1839 non
1387 1787 1570 1843 videt:
1606 1789 1705 1842 fuit
1750 1792 1891 1842 enim
1949 1792 1993 1845 is

426 1874 802 1929 Alexandrina:
834 1875 1088 1931 Ecclesiae
1116 1880 1436 1943 catechista,
1472 1889 1531 1933 ut
1567 1897 1694 1937 vero
1743 1884 1819 1936 ait
1868 1883 1994 1938 Cle-

426 1980 578 2019 mens
606 1966 757 2021 initio
782 1968 937 2036 primi
969 1968 1277 2037 Stromatis,
1318 1971 1569 2043 Πατέρας
1600 1974 1725 2037 τοὺς
1753 1977 1994 2047 κατηχή-

426 2051 624 2115 trav-rd;
652 2070 850 2123 φαμεν.
889 2055 981 2109 Sin
1014 2067 1192 2112 autem
1221 2058 1286 2114 de
1314 2060 1436 2115 ﬁliis
1487 2064 1793 2118 carnalibus
1834 2068 1993 2120 theo-

424 2141 528 2211 logi
567 2149 735 2199 nostri
767 2148 924 2201 verba
958 2149 1392 2219 interpretemur,
1426 2156 1660 2222 cuinam,
1688 2174 1892 2228 quaeso,
1923 2175 1990 2214 ex

422 2236 675 2290 omnibus
703 2240 878 2306 quarti
912 2242 1090 2295 smcnli
1117 2242 1364 2298 Patribus
1393 2248 1778 2306 Alexandrinis
1813 2253 1988 2322 aptius

422 2328 711 2381 convenire
744 2342 988 2397 possunt,
1020 2349 1180 2401 quam
1217 2337 1486 2406 Didymo?
1522 2342 1635 2410 qui,
1666 2358 1785 2397 cum
1817 2361 1990 2401 exectis

425 2416 588 2480 foret,
620 2419 777 2473 nullis
806 2422 1086 2478 ordinibus
1120 2428 1291 2480 sacris
1324 2428 1565 2485 initiatus
1590 2448 1710 2487 esse
1742 2438 1991 2503 poterat?

420 2505 534 2561 Etsi
596 2510 739 2563 enim
796 2514 1035 2568 nonnulli
1087 2525 1211 2569 tunc
1268 2520 1594 2591 presbyteri,
1642 2533 1697 2579 et
1752 2527 1987 2597 episcopi

420 2615 589 2654 uxore
623 2618 726 2656 non
760 2604 997 2661 destituti
1052 2607 1217 2663 fuisse
1258 2613 1661 2681 perhibeantur,
1714 2628 1770 2672 ut
1818 2618 1989 2691 Syne-

418 2692 533 2746 sius
564 2691 929 2760 Ptolemaidis,
959 2706 1017 2751 ut
1044 2698 1102 2753 S.
1153 2699 1389 2757 Hilarius
1436 2703 1873 2773 Pictaviensinm,
1931 2720 1988 2765 It

422 2779 484 2836 S.
518 2782 781 2840 Pacianus
812 2785 1290 2844 Barcinonensium
1324 2794 1582 2863 episcopi,
1625 2798 1759 2853 nulli
1804 2808 1984 2855 tamen

419 2888 484 2927 ex
519 2875 666 2929 hisce
702 2878 860 2930 tribui
893 2889 1067 2945 potest
1102 2883 1201 2935 hoc
1235 2899 1402 2951 opus;
1436 2902 1532 2941 nec
1561 2888 1724 2942 ullum
1767 2903 1986 2959 pneter-

420 2976 481 3015 ea
512 2979 574 3017 ex
605 2966 748 3019 omni
783 2968 1101 3037 antiquitate
1142 2970 1354 3026 Patrem
1388 2976 1531 3039 novi,
1582 2987 1674 3032 aut
1705 2981 1984 3051 presbyte-

420 3068 561 3119 rum,
614 3064 706 3108 aut
758 3057 1087 3129 episcopum,
1131 3064 1220 3129 qui
1273 3063 1340 3117 de
1376 3065 1499 3119 ﬁliis
1538 3069 1651 3122 suis
1676 3072 1984 3128 carnalibus
2013 3096 2052 3151 ε

421 3152 530 3197 tam
558 3161 698 3214 saepe
727 3150 1049 3204 mentionem
1083 3152 1288 3216 fecerit,
1316 3171 1378 3209 ac
1402 3172 1493 3210 eos
1539 3158 1703 3214 veluti
1747 3174 1989 3218 ostenta-

423 3235 514 3294 rit,
549 3246 608 3288 ut
636 3247 824 3291 auctor
863 3250 1048 3293 noster
1080 3242 1206 3296 facit
1235 3257 1249 3295 :
1280 3244 1541 3302 dedecere
1564 3250 1771 3304 scilicet
1800 3253 1986 3309 existi-

421 3326 661 3393 mabant,
695 3338 752 3383 ut
783 3331 997 3400 opinor,
1026 3334 1093 3387 ita
1120 3350 1178 3389 se
1231 3351 1423 3405 gerere
1475 3354 1617 3406 eum,
1678 3346 1765 3409 qui
1820 3348 1990 3402 sacris

418 3419 701 3475 ordinibus
735 3423 979 3480 initiatus
1009 3427 1099 3480 sit.
1132 3427 1245 3483 Huc
1268 3430 1479 3483 accedit
1510 3436 1651 3500 quod
1682 3450 1784 3488 non
1832 3439 1990 3493 modo

422 3509 559 3564 ﬁlios
586 3526 711 3566 suos
738 3527 1124 3570 commemorat
1159 3527 1349 3572 auctor
1376 3531 1580 3587 noster,
1613 3538 1799 3579 verum
1826 3528 1987 3581 etiam

420 3610 670 3671 nepotes,
697 3619 790 3658 seu
820 3606 1052 3671 ﬁliorum
1080 3624 1295 3663 suorum
1340 3610 1501 3677 ﬁlios.
1553 3613 1623 3668 At
1674 3616 1723 3670 id
1776 3634 1990 3688 quoque

418 3694 745 3748 adamussim
793 3699 1024 3765 quadrat
1072 3700 1124 3753 in
1174 3700 1476 3771 Didymum,
1522 3708 1662 3773 quod
1708 3717 1762 3760 et
1801 3710 1992 3765 diutis-

424 3785 561 3840 sime
589 3786 805 3851 vixerit,
839 3792 1018 3844 ethos
1057 3792 1223 3847 libros
1258 3804 1378 3864 post
1419 3798 1632 3850 tertium
1673 3815 1735 3853 ac
1775 3812 1989 3869 septua-

415 3878 679 3946 gesimum
713 3880 931 3935 circiter
966 3883 1085 3937 vitae
1125 3900 1325 3940 annum
1372 3888 1603 3945 dictasse
1644 3892 1908 3959 videatur,
1940 3896 1987 3950 si

415 3985 510 4023 eos
542 3985 728 4025 revera
771 3972 1016 4037 dictavit,
1042 3985 1099 4027 ut
1131 3987 1280 4045 puto.

487 4062 639 4128 Quod
670 4079 799 4119 vero
837 4081 897 4119 ea
928 4082 1047 4135 qute
1074 4070 1373 4138 numeravi,
1397 4074 1632 4129 auctoris
1662 4077 1830 4133 nostri
1868 4080 1985 4135 loca

416 4154 481 4207 de
507 4156 812 4210 carnalibus
850 4158 1017 4210 multo
1050 4160 1416 4227 verisimilius,
1461 4179 1621 4233 quam
1661 4167 1727 4222 de
1760 4170 1978 4238 Spirita-

415 4245 710 4309 libus,ﬁliis
732 4248 1084 4317 accipiantur,
1107 4252 1293 4307 multis
1325 4254 1650 4322 conjecturis
1675 4262 1982 4316 conﬁrmari

415 4348 622 4407 potest,
668 4354 786 4407 qua:
812 4357 914 4394 non
940 4357 1127 4397 omnes
1156 4352 1332 4399 tamen
1366 4345 1607 4415 ejusdem
1657 4362 1780 4405 sunt
1829 4353 1985 4407 robo-

2023 1746 2067 1805 Β

2105 507 2238 561 nihil
2270 508 2492 561 omnino
2523 507 2704 570 habet,
2741 507 2882 575 quod
2919 507 3113 560 indicet
3144 520 3266 558 eum
3297 504 3443 572 loqui
3497 504 3570 557 de
3607 502 3681 555 ﬁ-

2102 595 2187 652 liis
2215 598 2562 668 spiritalibus,
2596 597 2689 651 scd
2745 597 2817 650 ita
2871 611 2902 650 e
2942 596 3213 650 contrario
3262 595 3527 663 loquitur,
3594 602 3682 657 ut,

2103 703 2221 741 meo
2249 690 2458 757 quidem
2484 688 2708 757 judicio,
2742 689 2987 743 carnales
3011 688 3188 757 potius
3223 686 3361 741 ﬁlios
3394 688 3674 755 designet.

2102 778 2211 832 Etsi
2250 780 2390 831 enim
2426 779 2517 833 ﬁlii
2550 780 2837 849 spiritales,
2886 789 2980 834 aut
3030 779 3273 847 discipuli
3319 780 3516 847 saepius
3577 793 3685 831 vo-

2101 880 2288 924 centur
2311 888 2338 923 a
2369 871 2615 927 Patribus
2643 872 2851 936 παιδία,
2877 872 3006 936 υἱοί,
3031 880 3123 925 aut
3152 871 3338 935 τέκνα,
3364 885 3564 939 nempe
3609 870 3681 936 [i-

2101 963 2191 1024 lii;
2223 964 2360 1016 haud
2394 964 2505 1018 scio
2546 975 2720 1017 tamen
2752 982 2818 1019 an
2860 980 3045 1019 eorum
3088 963 3229 1017 ullus
3278 964 3341 1017 de
3384 963 3684 1030 discipulis

2099 1056 2211 1107 suis
2240 1055 2464 1123 loquens
2495 1056 2596 1110 hac
2631 1056 2899 1111 locutione
2930 1071 3057 1109 usus
3097 1070 3328 1123 unquam
3382 1054 3549 1108 fuerit
3581 1070 3595 1105 :
3629 1055 3683 1105 οἱ

2101 1144 2159 1209 ἐξ
2189 1146 2345 1216 ἐμοῦ,
2373 1148 2547 1211 idest,
2572 1149 2632 1212 ii,
2667 1149 2753 1215 qui
2786 1147 2952 1215 (sunt)
2978 1162 3041 1200 ex
3072 1162 3174 1208 me,
3205 1158 3411 1213 nempe,
3439 1145 3533 1211 qui
3575 1145 3684 1196 orti

2098 1246 2215 1289 sunt
2241 1253 2304 1289 ex
2332 1254 2432 1290 me.
2464 1236 2535 1291 At
2563 1246 2749 1290 auctor
2798 1246 2981 1289 noster
3022 1235 3217 1303 saapius
3246 1248 3364 1287 eam
3420 1244 3679 1302 usurpat,

2099 1337 2157 1379 ut
2188 1327 2370 1381 videre
2397 1328 2522 1381 licet
2556 1328 2607 1380 in
2639 1326 2767 1380 locis
2799 1327 3045 1394 superius
3078 1326 3341 1395 allegatis.

2168 1418 2369 1482 Tertio,
2421 1434 2523 1472 non
2570 1417 2798 1471 ﬁliorum
2842 1419 3107 1473 duntaxat
3156 1420 3201 1474 is
3245 1423 3512 1499 meminit,
3590 1425 3680 1477 in-

2097 1509 2285 1577 quiens
2316 1523 2409 1562 eos
2438 1523 2627 1562 esseea:
2666 1508 2779 1575 ipso
2833 1509 3050 1577 (nempe
3090 1520 3245 1565 natos
3296 1528 3361 1566 ex
3412 1515 3561 1582 ipso)
3618 1531 3684 1568 ac

2096 1602 2194 1655 sibi
2222 1619 2253 1654 a
2283 1600 2505 1653 Domino
2535 1603 2707 1663 datos,
2738 1601 2832 1655 sed
2870 1602 3094 1655 istorum
3121 1618 3332 1672 quoque
3381 1606 3524 1660 ﬁlios
3562 1622 3683 1659 me-

2096 1701 2291 1754 morat,
2322 1706 2521 1760 eosque
2556 1700 2711 1745 vocat
2729 1691 2924 1745 alicubi
2950 1692 3165 1761 quidem
3193 1696 3317 1759 τοὺς
3356 1698 3452 1749 ἀπ’
3481 1699 3683 1750 αὐτῶν

2096 1784 2274 1849 ὄντας,
2305 1785 2354 1837 id
2383 1794 2485 1846 est,
2518 1784 2607 1849 qui
2632 1784 2694 1835 ab
2735 1784 2862 1852 ipsis
2886 1794 3040 1847 sunt,
3096 1801 3307 1855 nempe,
3365 1791 3456 1857 qui
3480 1791 3552 1842 ab
3607 1794 3685 1845 eis

2093 1874 2251 1940 geniti
2274 1884 2430 1936 sunt;
2468 1872 2591 1927 alibi
2635 1887 2759 1927 vero
2800 1874 2989 1927 παιδία
3027 1876 3135 1930 τῶν
3170 1878 3419 1945 παιδίων,
3474 1882 3527 1934 id
3567 1894 3686 1945 est.

2093 1965 2233 2033 ﬁlios
2257 1964 2507 2028 ﬁliorum.
2556 1964 2694 2031 Quin
2750 1976 3011 2034 praeterea
3064 1984 3160 2037 pro
3210 1974 3494 2039 nepotibus
3551 1988 3686 2028 orat

2097 2059 2332 2111 nondum
2369 2056 2532 2120 nalis,
2562 2057 2653 2110 sed
2686 2057 2737 2109 in
2765 2066 3038 2126 posterum
3067 2061 3307 2125 orituris,
3339 2065 3507 2137 [XXI]
3540 2068 3683 2118 dum

2092 2149 2184 2212 ait,
2222 2149 2346 2210 τοὺς
2369 2149 2465 2201 ἀπ’
2490 2147 2668 2201 αὐτῶν
2694 2148 3002 2219 ἐσομένους.
3045 2150 3151 2205 Deo
3180 2154 3230 2206 in
3262 2170 3471 2210 summa
3512 2173 3686 2211 com-

2094 2239 2310 2293 mendat
2340 2252 2442 2291 non
2482 2249 2687 2292 tantum
2721 2255 2798 2305 se,
2838 2256 2902 2296 ac
2940 2242 3078 2297 ﬁlios
3106 2260 3252 2310 suos,
3285 2248 3376 2301 sed
3421 2258 3473 2301 et
3511 2260 3686 2302 natos

2092 2342 2336 2384 natorum
2367 2342 2412 2383 et
2448 2332 2538 2393 qui
2562 2344 2843 2386 nascentur
2867 2341 2930 2386 ab
2959 2334 3087 2390 illis.
3110 2336 3180 2388 At
3223 2338 3266 2390 si
3318 2339 3431 2392 hrcc
3481 2341 3685 2393 omnia

2091 2425 2157 2478 de
2188 2424 2329 2488 filiis,
2362 2441 2424 2477 ac
2458 2425 2737 2491 nepotibus
2783 2426 3139 2496 spiritalibus,
3174 2429 3288 2482 sive
3320 2432 3384 2483 de
3416 2431 3688 2499 discipu-

2090 2516 2176 2583 lis,
2208 2526 2262 2570 et
2290 2518 2354 2569 de
2403 2516 2783 2585 discipulorum
2845 2516 3144 2585 discipulis,
3196 2535 3257 2573 ac
3323 2521 3547 2575 demum
3616 2526 3688 2577 de

2090 2608 2182 2670 iis,
2213 2623 2348 2673 quos
2372 2608 2752 2674 discipulorum
2784 2607 3027 2675 discipuli
3064 2610 3302 2663 edocturi
3351 2622 3536 2675 erant,
3572 2613 3669 2666 in-

2090 2699 2477 2767 telligerentur,
2516 2697 2675 2750 nimis
2700 2698 3009 2751 continuata
3041 2710 3206 2765 esset,
3253 2717 3372 2757 meo
3416 2703 3672 2771 judicio,

2089 2792 2204 2846 sine
2233 2792 2336 2845 ulla
2373 2789 2712 2851 necessitate,
2747 2788 3026 2858 allegoria.
3068 2792 3147 2845 Ac
3178 2808 3307 2846 sane
3353 2794 3477 2862 quis
3527 2795 3687 2849 alius

2092 2883 2577 2948 scriptorunquam
2618 2880 3001 2948 discipulorum
3025 2897 3242 2937 suorum
3262 2885 3583 2953 discipulos,
3620 2889 3688 2956 ﬁ-

2088 2974 2185 3027 lios
2214 2973 2443 3041 ﬁliorum
2474 2988 2687 3026 suorum
2710 2976 3055 3043 nuncupavit,
3090 2977 3155 3030 iis
3178 2980 3472 3047 praesertim
3504 2981 3560 3033 in
3600 2982 3688 3034 lo-

2088 3067 2186 3125 cis.
2205 3066 2290 3117 uhi
2311 3065 2482 3118 oratio
2499 3065 2719 3133 simplex
2740 3067 2834 3131 sit,
2857 3082 2954 3123 nec
2980 3070 3417 3127 translationibus
3437 3074 3687 3129 referta?

2163 3155 2388 3221 Quarto,
2414 3168 2673 3209 memorat
2704 3158 2985 3228 theologus
3014 3170 3198 3214 noster
3220 3177 3338 3215 cum
3383 3178 3502 3228 eos,
3528 3182 3688 3231 quos

2092 3253 2247 3297 vocat
2294 3245 2419 3307 τοὺς
2470 3243 2529 3307 ἐξ
2582 3244 2739 3314 ἐμοῦ,
2779 3254 2886 3297 tum
2925 3262 3039 3306 eos,
3074 3263 3206 3316 quos
3252 3251 3485 3319 appellat
3536 3254 3689 3314 τοὺς

2092 3337 2188 3389 σὺν
2215 3338 2365 3406 ἡμῖν,
2405 3347 2457 3390 et
2484 3338 2607 3398 τοὺς
2662 3337 2757 3389 σὺν
2811 3338 2953 3407 ἐμοί,
2998 3354 3187 3407 nempe
3235 3353 3501 3396 memorat
3537 3360 3685 3398 cum

2093 3428 2231 3481 ﬁlios
2267 3443 2414 3492 suos,
2441 3438 2550 3481 tum
2586 3444 2698 3491 eos,
2730 3445 2865 3497 quos
2896 3447 2999 3483 una
3040 3448 3157 3484 cum
3189 3450 3242 3486 se
3267 3435 3376 3500 ipso
3398 3450 3522 3489 esse
3570 3438 3683 3491 ait.

2093 3519 2352 3574 Videntur
2398 3530 2575 3574 autem
2615 3522 2726 3575 haec
2767 3523 2898 3575 satis
2945 3526 3225 3579 commode
3273 3526 3579 3595 explicari,
3636 3531 3686 3582 si

2096 3610 2420 3673 dixerimus,
2456 3620 2546 3662 aut
2588 3610 2769 3676 priore
2809 3610 3040 3666 formula
3088 3614 3326 3669 carnales
3359 3615 3579 3685 Didymi
3612 3618 3686 3671 fi-

2089 3702 2210 3764 lios,
2248 3706 2481 3757 secunda
2512 3718 2640 3756 vero
2667 3702 2806 3765 illos,
2838 3704 2927 3772 qui
2977 3721 3081 3758 una
3115 3722 3231 3758 cum
3272 3707 3378 3775 ipso
3410 3709 3479 3761 ad
3513 3720 3691 3765 cate-

2089 3795 2279 3848 cheses
2338 3796 2747 3859 conveniebant,
2797 3797 3105 3866 designari;
3150 3811 3240 3853 aut
3290 3802 3494 3870 primos
3541 3819 3687 3859 eos-

2089 3888 2215 3939 dem
2261 3902 2379 3940 esse
2426 3902 2546 3941 cum
2577 3889 2849 3953 secundis,
2883 3892 3021 3956 quod
3049 3892 3255 3947 scilicet
3304 3894 3512 3964 Didymi
3574 3898 3684 3952 lilii

2089 3992 2190 4030 una
2227 3992 2347 4029 cum
2372 3977 2595 4048 Didymo
2622 3978 2738 4045 ipso
2759 3980 2923 4033 vitam
2956 3980 3231 4049 degerent.

2156 4068 2372 4134 Quinto,
2402 4080 2589 4123 auctor
2632 4079 2817 4126 noster
2851 4087 2972 4140 pag.
3009 4072 3112 4127 '5l9
3137 4075 3209 4127 ait
3243 4093 3256 4127 :
3314 4073 3488 4128 Simul
3541 4094 3687 4132 cum

2086 4158 2234 4227 ﬁliis,
2285 4176 2413 4229 quos
2462 4160 2601 4213 dedit
2666 4161 2797 4214 mihi
2861 4162 3072 4233 (Deus),
3127 4175 3172 4217 et
3223 4165 3451 4233 ﬁliorum
3506 4167 3682 4235 ﬁliis,

2085 4260 2293 4319 prapter
2341 4266 2471 4319 quos
2528 4251 2686 4303 etiam
2768 4254 2987 4307 virentes
3057 4255 3376 4309 laboramus.
3454 4255 3681 4327 Pagina

2085 4357 2214 4396 vero
2248 4343 2349 4396 507
2380 4342 2505 4395 illud
2546 4358 2575 4394 a
2613 4352 2799 4396 sancta
2853 4343 3118 4399 Trinitate
3160 4349 3311 4415 petit,
3357 4358 3415 4401 ut
3447 4352 3685 4418 passim

416 4430 512 4482 ris.
546 4429 781 4483 Alleram
808 4432 958 4499 prius
979 4432 1233 4500 leviores,
1266 4443 1379 4490 tum
1414 4439 1625 4493 veniam
1667 4442 1733 4495 ad
1773 4446 1981 4512 gravio-
2014 4439 2057 4493 D
2088 4434 2322 4488 universi
2369 4435 2434 4486 iis
2468 4435 2557 4503 qui
2605 4437 2857 4504 indigent,
2902 4437 3086 4506 largiri
3129 4455 3222 4506 pro
3252 4441 3465 4505 viribus,
3519 4442 3684 4498 inci-

416 4537 501 4575 l'CS

488 4610 752 4666 Nimirum
781 4612 954 4681 primo
984 4613 1036 4667 in
1068 4616 1472 4670 commentariis
1514 4619 1566 4671 in
1624 4618 1863 4674 Psalmos
1915 4623 1981 4678 ad

414 4706 605 4759 versic.
640 4705 757 4776 157_
791 4707 978 4775 psalmi
1006 4722 1196 4771 cxvm,
1234 4724 1351 4778 pag.
1388 4709 1493 4763 502
1542 4722 1742 4767 catenae
1782 4716 1983 4769 Corde-

418 4800 583 4851 riana:
615 4800 836 4867 perinde
865 4800 1006 4868 loqui
1061 4801 1271 4855 videtur
1317 4802 1592 4872 Didymus,
1648 4807 1799 4873 quasi
1848 4824 1984 4863 uxor

412 4888 511 4956 ipsi
546 4890 723 4955 fuerit,
753 4907 815 4945 ac
846 4892 997 4947 liberi
1027 4910 1040 4945 :
1076 4894 1146 4947 ita
1183 4895 1325 4947 enim
1358 4895 1478 4949 ait:
1514 4897 1839 4953 Adt'ersaria:
1889 4919 1982 4969 po-

411 4989 617 5033 testates
647 4999 738 5048 per
776 4985 1108 5047 domesticos,
1156 5001 1249 5053 per
1304 5002 1520 5039 uxorem
1568 4989 1875 5056 litigiosam,
1930 4998 1979 5046 et

408 5074 700 5137 garrulam,
727 5084 773 5126 et
804 5076 1113 5129 iracundum
1145 5094 1237 5129 nos
1286 5086 1504 5140 tentant,
1530 5089 1584 5131 ut
1622 5098 1979 5146 peccemus....

410 5161 489 5213 Τὰ
511 5163 619 5233 γὰρ
648 5166 866 5234 κρυπτὰ
897 5168 1087 5239 Κυρίῳ
1113 5167 1190 5237 τῷ
1217 5168 1336 5238 Θεῷ
1361 5169 1519 5239 ἡμῶν
1537 5187 1550 5200 ·
1577 5171 1643 5223 τὰ
1676 5172 1731 5225 δὲ
1773 5176 1980 5247 φανερὰ

408 5256 539 5324 ἡμῖν
575 5255 805 5320 καὶτοῖς
830 5257 1040 5322 τέκνοις
1068 5260 1249 5330 ἡμῶν.
1283 5259 1563 5329 Similique
1596 5264 1752 5318 modo
1804 5267 1854 5319 in
1919 5268 1982 5322 li-

408 5346 509 5401 bro
535 5351 783 5402 adversus
812 5350 1151 5415 Manio/imos,
1177 5370 1300 5421 pag.
1327 5354 1451 5406 215.
1488 5354 1753 5419 Videmus,
1786 5360 1979 5428 inquit,

408 5437 521 5491 lucc
552 5455 757 5508 semper
782 5442 833 5494 in
858 5444 1004 5496 nobis
1040 5445 1169 5510 ipsis
1196 5446 1434 5498 accidere
1454 5460 1473 5497 :
1515 5462 1632 5513 qua:
1662 5448 1799 5501 enim
1840 5450 1978 5517 ﬁlios

409 5530 679 5597 docemus,
726 5549 847 5588 cum
892 5538 1132 5589 volumus
1176 5552 1262 5589 eos
1317 5539 1599 5590 secundum
1647 5538 1979 5608 disciplinam

410 5624 700 5689 instituere,
727 5633 783 5677 ut
811 5626 1089 5692 disciplina
1116 5634 1355 5692 utantur,
1388 5643 1491 5680 non
1518 5627 1594 5680 sic
1627 5637 1799 5682 tamen
1824 5640 1977 5683 utun-

408 5724 515 5780 tur,
547 5728 599 5769 ut
631 5718 853 5771 instituti
884 5736 913 5771 α
948 5719 1093 5772 nobis
1127 5728 1267 5773 sunt.

2087 4528 2296 4596 pientes
2326 4542 2355 4579 a
2389 4527 2722 4594 propinquis,
2759 4537 2813 4580 et
2862 4530 3300 4597 consanguineis,
3341 4541 3506 4599 atque
3561 4535 3683 4586 do—

2086 4620 2345 4674 mesticis.
2404 4618 2527 4673 Ha:c
2574 4628 2754 4673 autem
2806 4628 2859 4673 et
2913 4622 3191 4690 aptissime
3248 4624 3296 4677 ei
3344 4626 3690 4682 tribuuntur

2083 4712 2286 4775 omnia,
2320 4711 2402 4764 cui
2439 4710 2533 4763 ﬁlii
2590 4711 2837 4766 carnales
2868 4712 2998 4775 sint,
3050 4728 3149 4767 nec
3189 4725 3411 4782 possunt
3462 4730 3684 4773 cuncta

2083 4802 2147 4853 de
2177 4800 2452 4867 discipulis
2486 4801 2841 4869 probabiliter
2898 4802 3117 4871 intelligi
3147 4819 3161 4853 :
3205 4804 3253 4857 si
3286 4805 3427 4857 enim
3466 4806 3537 4859 de
3586 4808 3688 4862 liis

2082 4894 2254 4961 primo
2284 4893 2335 4945 in
2362 4893 2480 4946 loco
2507 4893 2843 4962 loqueretur,
2870 4892 3011 4948 ﬁlios
3042 4894 3301 4948 duntaxat
3322 4912 3685 4952 commemo-

2083 4991 2274 5045 rasset,
2321 4997 2426 5037 non
2458 4998 2585 5037 vero
2613 4983 2842 5036 ﬁliorum
2881 4985 3042 5037 etiam
3068 4984 3204 5039 ﬁlios
3232 5006 3243 5039 :
3279 5001 3399 5038 nam
3432 5000 3685 5056 propter

2081 5074 2222 5127 ﬁlios
2244 5076 2458 5143 quidem
2492 5076 2670 5129 dicere
2702 5084 2931 5144 poterat,
2982 5093 3041 5131 se
3083 5078 3345 5132 viventem
3384 5079 3684 5147 laborare,

2082 5181 2185 5219 non
2227 5182 2354 5220 vero
2390 5174 2611 5234 propter
2655 5166 2773 5221 illos
2799 5169 2888 5236 qui
2926 5184 3029 5224 non
3074 5180 3232 5223 erant
3256 5171 3373 5240 ejus
3408 5172 3685 5242 discipu-

2080 5257 2136 5319 li,
2172 5262 2264 5313 sed
2296 5258 2678 5327 discipulorum
2730 5275 2949 5313 suorum
2990 5262 3255 5329 discipuli,
3304 5278 3404 5331 pro
3459 5266 3690 5332 quibus

2080 5351 2301 5419 proinde
2332 5366 2438 5406 non
2476 5352 2734 5421 Didymus
2784 5353 2896 5422 ipse
2943 5352 3238 5421 laborabat,
3284 5357 3375 5410 sed
3424 5356 3532 5425 ipsi
3590 5361 3689 5414 di-

2080 5443 2288 5511 scipuli.

2154 5534 2338 5599 Sexto,
2365 5537 2813 5605 quemadmodum
2847 5552 2911 5593 ex
2952 5538 3141 5594 lsidori
3194 5540 3482 5597 Pelusiotae
3544 5549 3686 5613 epi-

2080 5628 2232 5683 stolis
2257 5644 2441 5695 unam,
2467 5646 2585 5699 quae
2613 5630 2843 5701 Evagrio
2869 5631 3128 5702 inscripta
3151 5643 3254 5697 est,
3283 5635 3482 5690 celebri
3511 5635 3681 5693 Eva-

2082 5721 2196 5791 grio
2236 5722 2446 5792 Didymi
2491 5724 2753 5791 discipulo
2807 5724 3061 5789 scriptam
3111 5726 3221 5781 vult
3277 5725 3685 5789 Tillemontius
