3744 6348
91 344 162 400 157

1178 338 1746 396 COMMENTARIUS.
1789 369 1858 379 -—
1897 338 2026 394 LIB.
2063 336 2105 391 ἰ.

3158 335 3265 395 158

90 478 194 517 tumo
218 458 276 521 Χ,
312 457 359 508 in
390 454 651 521 Evagrio;
688 463 747 509 et
792 454 1069 524 epistolam
1108 454 1209 507 125
1243 456 1361 510 libri
1414 472 1430 508 ι
1473 455 1606 510 Gre-
1631 468 1672 524 Α
1709 470 1812 508 non
1867 454 2208 521 ignorarent;
2267 450 2408 519 quod
2456 450 2741 521 [Egyptius
2778 449 3073 515 exstiterit;
3121 451 3263 517 (ιιιοά

89 555 199 623 gerit)
244 554 466 619 Nysscuo
523 549 741 601 misam
790 548 931 601 idem
979 546 1272 601 arbitratur
1315 558 1447 602 tom.
1480 548 1595 615 XV,

88 648 151 697 ubi
171 643 259 707 agit
286 642 343 692 de
371 638 425 691 S.
449 637 656 691 Isidoro
682 637 951 692 Pelusiota
985 654 1000 700 ;
1040 652 1106 691 ac
1140 640 1351 692 demum
1374 640 1595 707 epistola

90 736 163 791 109
204 732 302 785 libri
336 746 371 793 ι,
410 729 746 783 Marathonio
782 732 1044 785 monacho
1075 730 1440 798 inscripta,ad
1472 747 1593 785 eum

88 824 417 880 Marathoniam
466 820 594 873 data
638 822 847 874 videtur
891 823 979 890 qui
1022 825 1304 893 episcopus
1351 823 1597 880 Nicome-

88 920 231 969 dicizus
261 920 455 965 creatus
486 910 589 965 fuit
622 930 635 966 :
669 914 737 965 ita
763 928 881 967 cum
911 924 1016 968 tres
1037 916 1199 968 etiam
1231 917 1337 970 sint
1357 914 1593 983 ejusdem

160 1001 305 1054 Isidori
326 1000 579 1065 epistulm,
602 1012 658 1054 ut
687 1004 864 1055 monui
898 1020 1015 1072 pag.
1050 1005 1177 1071 477,
1208 1021 1436 1075 quarum
1478 1009 1595 1062 dum

88 1092 377 1148 insmbuutur
408 1091 656 1160 Didymo,
690 1108 877 1162 nempe
909 1095 1012 1149 350
1049 1105 1104 1149 et
1132 1097 1251 1151 --551
1313 1098 1431 1151 libri
1482 1101 1594 1168 pri-

89 1189 157 1243 mi,
194 1183 315 1235 tertia
351 1193 520 1233 autem
582 1182 806 1252 Didymo
837 1185 1179 1251 scholastice,
1246 1203 1436 1258 nempe
1487 1191 1593 1246 206

90 1275 175 1326 libri
199 1271 330 1332 sexti,
356 1273 606 1325 videntur
633 1273 715 1327 bze
742 1288 957 1344 quoque
980 1278 1200 1347 Didymo
1231 1290 1419 1334 nostro
1450 1282 1592 1337 scri-

95 1375 181 1433 pta.
207 1361 315 1415 Nam
348 1362 484 1428 quod
519 1364 718 1417 attinet
742 1367 808 1419 ad
836 1366 991 1421 binas
1019 1384 1245 1436 priores,
1277 1371 1327 1424 in
1362 1383 1591 1442 utraque

90 1459 134 1505 de
153 1454 419 1521 quibusdam
482 1452 710 1510 Davidis
744 1457 921 1512 verbis
976 1459 1086 1528 agit
1135 1460 1191 1514 S.
1247 1462 1497 1528 Isidorus,
1535 1465 1588 1518 in

92 1546 263 1599 secanda
296 1559 415 1599 vero
464 1544 779 1615 Didymum,
828 1549 892 1601 ad
933 1564 1090 1618 quem
1141 1552 1351 1616 scribit,
1408 1569 1474 1608 ex
1524 1570 1589 1609 eo

92 1638 239 1699 laudat,
260 1637 406 1704 quod,
458 1654 577 1689 cum
640 1648 692 1692 et
746 1640 940 1708 ingenii
982 1642 1221 1696 acumine
1272 1644 1483 1713 polleat,
1532 1656 1583 1700 et

94 1728 404 1794 Ssriptttrarum
427 1742 637 1780 sensum
664 1731 924 1797 sagaciter
945 1740 1316 1797 perscrutetur,
1350 1734 1480 1788 nihil
1511 1746 1588 1789 est

1699 546 1958 600 doctrinae
1988 559 2097 597 sum
2126 545 2337 611 copiam
2367 543 2487 597 aliis
2537 543 2763 607 fecerit;
2814 544 2953 610 quod
3006 553 3163 597 noctu
3208 551 3264 596 et

1697 636 1930 691 interdiu
1966 635 2243 698 docuerit;
2294 635 2432 701 quod
2469 633 2633 686 ﬁlium
2668 634 2913 686 habuerit
2939 647 3041 686 non
3096 647 3261 701 pecu-

1696 727 1931 781 niosum.
1966 725 2153 793 Itaque
2185 726 2369 778 tandiu
2392 726 2459 779 de
2500 723 2724 793 Didymo
2745 732 2929 777 nostro
2957 738 3259 777 sermonem

1698 832 1725 869 a
1765 817 1986 870 Libanio
2021 817 2207 870 haberi
2263 817 2482 869 credere
2520 816 2666 876 licet,
2694 815 2930 883 quamdiu
2981 825 3075 868 aut
3128 814 3262 869 alius

1699 908 1955 977 Didymus
1975 908 2340 977 deprehensus
2366 908 2455 970 sit,
2480 912 2572 977 qui
2610 906 2819 960 Libanii
2843 917 3002 961 astate
3027 906 3261 961 Alexan-

1696 1000 1826 1054 driae
1860 1001 2126 1063 ﬂoruerit,
2153 1015 2214 1053 ac
2253 1000 2474 1070 Didymo
2506 1009 2689 1053 nostro
2718 1000 2916 1064 notior,
2947 999 3027 1053 vel
3067 1000 3259 1053 saltem

1701 1106 1853 1162 teque
1881 1101 2038 1145 notus
2071 1091 2263 1158 fuerit,
2308 1101 2400 1144 aut
2455 1091 2592 1145 ratio
2643 1091 2819 1159 aliqua
2859 1089 3136 1155 aﬂ‘eratur,
3192 1093 3260 1145 ob

1692 1198 1856 1253 quam
1896 1184 1961 1237 de
1993 1183 2216 1254 Didymo
2252 1194 2437 1238 nostro
2469 1183 2723 1237 Libanius
2748 1193 2976 1249 nequeat
3013 1181 3257 1250 intelligi.
3296 1194 3300 1199 ·

1691 1276 1761 1328 At
1790 1275 2024 1343 inquies,
2056 1275 2340 1345 Didymum
2390 1275 2538 1329 illum
2593 1274 2850 1328 Libanius
2881 1285 3035 1327 vocat
3088 1274 3259 1341 magi-

1692 1375 1886 1429 strum,
1918 1381 1982 1420 ac
2038 1378 2424 1436 praeceptorem
2468 1382 2669 1420 suum:
2712 1366 2761 1419 id
2799 1376 2975 1419 autem
3036 1364 3261 1435 Didymo

1692 1466 1881 1512 nostro
1918 1456 2009 1510 vix
2036 1471 2100 1511 ac
2136 1472 2202 1510 ne
2238 1459 2326 1510 vix
2357 1457 2572 1525 quidem
2618 1457 2862 1526 congruit
2906 1474 2919 1509 :
2970 1472 3065 1511 nec
3114 1456 3256 1509 enim

1691 1544 1954 1600 Libanius
1985 1546 2370 1600 Alexandriam
2399 1546 2671 1613 profectus
2700 1562 2935 1614 unquam
2960 1562 3078 1601 esse
3112 1550 3261 1602 vide-

1692 1647 1797 1701 tur,
1827 1652 1925 1690 nec
1962 1636 2247 1707 Didymum
2305 1647 2545 1691 nostrum
2597 1647 2777 1706 utpote
2829 1653 3026 1691 czecum
3071 1641 3259 1693 Antio-

1689 1728 1891 1790 chiam,
1926 1736 2018 1780 aut
2038 1727 2296 1793 Athenas,
2327 1737 2419 1780 aut
2450 1726 2835 1789 Nicomediam,
2866 1738 2956 1781 aut
2989 1728 3258 1782 Constan-

93 1822 187 1882 md
204 1833 298 1868 eum
331 1817 484 1869 latere
516 1821 683 1882 possit
718 1834 736 1870 :
766 1835 885 1872 nam
917 1838 1033 1873 cum
1062 1826 1258 1887 omnia,
1310 1825 1498 1892 inquit,
1529 1828 1582 1879 in
1613 1817 1655 1872 Β
1683 1817 1987 1886 tinopolim,
2025 1830 2117 1871 aut
2157 1817 2390 1873 Nicaeam
2423 1818 2728 1887 perrexisse
2768 1820 3056 1873 verisimile
3130 1830 3214 1874 est
3242 1839 3255 1875 :

90 1909 251 1977 ἀπεπίιὶ
286 1917 424 1961 atate
450 1911 710 1977 prwclare
738 1911 1022 1980 collegeris,
1058 1915 1335 1982 requietem
1365 1915 1419 1968 in
1443 1933 1588 1970 sene-

96 2015 191 2053 ctute
214 2003 362 2055 habes.
393 2000 515 2056 Haec
554 2018 691 2057 vero
736 2006 912 2058 omnia
960 2006 1182 2076 Didymo
1212 2018 1396 2063 nostro
1442 2009 1590 2065 miri-

98 2090 164 2142 ἢῆ
190 2090 492 2142 conveniunt.
534 2090 736 2157 Quidni
799 2109 926 2162 ergo
984 2097 1321 2165 suspicemur
1375 2101 1586 2154 tertiam

96 2194 245 2246 quoque
267 2179 422 2233 eidem
448 2181 677 2252 Didymo
699 2184 951 2255 scriptam
982 2188 1142 2242 esse?
1175 2187 1291 2242 Non
1322 2192 1490 2245 ausim
1534 2192 1588 2247 id

94 2272 271 2339 equidem
308 2287 635 2328 asseverare.
682 2277 1000 2333 Scholastici
1064 2290 1236 2333 tamen
1284 2282 1487 2346 titulus,
1522 2285 1587 2338 de

95 2378 165 2427 quo
200 2362 439 2430 legendum
496 2365 689 2435 Cangii
733 2366 1083 2436 Glossarium,
1120 2382 1266 2427 reete
1316 2376 1365 2428 ei
1424 2376 1585 2431 tribui

95 2453 228 2517 potuit,
256 2456 329 2521 qui
363 2466 413 2509 et
441 2458 643 2513 schola:
666 2460 1039 2515 Alexandrinae
1070 2473 1320 2533 praeerat,
1349 2476 1403 2520 et
1428 2467 1585 2537 pluri-

100 2544 163 2595 ius
184 2547 381 2601 scientiis
407 2549 653 2604 eruditus
689 2562 826 2605 erat.
850 2551 1020 2618 Quod
1054 2555 1097 2609 si
1143 2555 1214 2611 ad
1251 2559 1420 2625 ipsum
1474 2558 1587 2627 epi-

100 2636 190 2686 stola
216 2638 369 2691 istluec
399 2640 556 2695 missa
591 2652 699 2708 est,
734 2642 947 2697 luxerunt
979 2646 1029 2699 ei
1060 2646 1177 2700 sine
1219 2648 1379 2701 dubio
1408 2649 1581 2717 liberi,

100 2726 199 2791 iique
224 2728 392 2795 plures,
426 2740 482 2784 ut
516 2731 684 2786 allata
728 2735 887 2787 etiam
945 2736 1176 2807 theologi
1219 2740 1385 2792 nostri
1420 2740 1581 2794 verba

100 2819 283 2873 indicant.
312 2821 392 2875 Sic
428 2825 570 2877 enim
627 2826 815 2894 incipit
861 2828 1131 2897 epistola:
1184 2827 1383 2883 Filium
1438 2842 1581 2885 tuum

102 2912 307 2965 maximam
338 2930 366 2965 a
413 2927 536 2969 natu
578 2918 799 2969 minimo
833 2919 1118 2984 dissidere,
1164 2930 1311 2991 teque
1344 2922 1457 2991 ejus
1507 2924 1580 2976 rei

100 3002 218 3065 {erant
239 3006 492 3068 conscium,
532 3008 735 3075 ﬁngere
759 3018 928 3063 tamen
976 3013 1128 3080 quasi
1177 3014 1394 3067 nescias.
1452 3014 1581 3081 Qua:

98 3094 229 3144 lllll‘llm
264 3096 306 3146 in
331 3096 532 3149 modum
569 3099 903 3153 conveniunt
948 3103 1155 3157 auctori
1192 3115 1376 3159 nostro
1409 3121 1423 3158 :
1454 3124 1575 3160 cum

97 3184 191 3233 enim
219 3186 380 3250 quietis
408 3190 837 3243 amantissimum
872 3191 1064 3259 fuisse,
1098 3209 1160 3249 ac
1210 3208 1569 3263 mansuetum,

98 3284 205 3340 atque
222 3276 274 3327 ab
298 3278 539 3341 ejusmodi
565 3282 1002 3337 contentionibus
1038 3283 1295 3349 alienum,
1348 3287 1573 3356 plurima

97 3361 201 3427 liuius
225 3367 277 3419 de
298 3367 540 3423 Trinitate
572 3373 756 3439 operis
803 3374 914 3429 loca
965 3376 1331 3430 manifestant.

142 3457 330 3522 Danum.
358 3461 616 3520 Libanius
650 3467 700 3520 in
737 3467 956 3535 epistola
977 3468 1074 3522 521
1119 3468 1434 3525 Sebastiano
1464 3470 1575 3524 Ma-

98 3545 473 3620 nichao,'£gypti
500 3556 650 3617 duci,
684 3554 1000 3609 ltbetorium
1031 3559 1392 3623 commendat,
1414 3575 1572 3628 quem

97 3646 131 3685 et
150 3636 403 3707 discipulum
427 3658 579 3696 suum
614 3646 766 3706 dicit,
799 3655 852 3699 et
885 3647 1153 3701 hominem
1186 3663 1289 3701 non
1320 3651 1574 3718 pecunio-

98 3734 315 3793 sum,etin
354 3737 655 3791 oratoribus
705 3752 767 3792 ac
815 3739 986 3808 poetis
1016 3750 1307 3806 versatum,
1365 3743 1572 3812 Didymi

101 3830 219 3872 autem
245 3822 382 3876 lilium
412 3846 424 3879 :
460 3825 601 3891 Duo,
642 3828 834 3893 inquit,
866 3830 921 3880 in
949 3829 1133 3898 primis
1166 3848 1243 3885 me
1272 3833 1370 3895 ipsi
1401 3831 1570 3902 (Rhe-

98 3914 201 3981 torin)
227 3916 485 3970 benevolum
522 3921 768 3973 reddunt.
797 3919 927 3974 Cum
953 3924 1089 3975 enim
1123 3939 1265 3976 meus
1306 3925 1372 3976 sit
1414 3925 1571 3976 disci-

97 4004 212 4069 Ptlu,
235 4007 350 4073 filius
378 4019 624 4077 prreterea
664 4022 736 4064 est
758 4011 1099 4076 διδασκάλου,
1140 4015 1194 4066 id
1222 4024 1296 4067 est
1324 4015 1566 4078 doctoris,

98 4110 156 4145 seu
180 4101 385 4166 magistri.
430 4101 714 4173 Didymum
747 4120 874 4156 sane
903 4115 958 4156 tu
987 4122 1087 4157 non
1121 4106 1351 4175 ignoras,
1383 4106 1484 4159 nisi
1521 4117 1569 4161 et

102 4202 267 4253 stagnum
290 4192 532 4245 civitatem
564 4196 798 4263 ignores,
830 4198 885 4248 in
928 4213 1031 4266 qua
1060 4197 1312 4251 doctrinm
1344 4215 1455 4252 sua:
1484 4215 1570 4254 co-

99 4282 186 4339 piam
212 4284 307 4334 aliis
336 4285 433 4351 ipse
477 4286 630 4353 fecit,
662 4298 814 4341 noctu
850 4299 896 4343 et
936 4291 1168 4343 interdiu
1195 4293 1385 4360 ﬂuens.
1415 4292 1479 4345 Et
1514 4294 1566 4346 in

98 4368 246 4431 epistola
273 4371 381 4437 520,
436 4373 719 4430 lilietorius
753 4379 850 4431 iste
892 4381 1154 4432 nobiscum
1197 4392 1425 4433 versatus
1463 4392 1568 4443 est;

1691 1909 1887 1976 quibus
1922 1909 1974 1961 in
2006 1907 2228 1963 urbibus
2264 1919 2526 1963 moratum
2555 1925 2673 1964 esse
2704 1920 2914 1964 constat
2944 1908 3257 1966 Libanium.

1689 1996 1806 2052 Huc
1839 2008 2017 2052 autem
2051 1999 2276 2062 accedit,
2315 2002 2454 2068 quod
2489 2001 2697 2071 Didymi
2738 2003 2905 2056 nostri
2935 2004 3154 2072 aequalis
3181 2004 3259 2058 lo-

1690 2101 1772 2147 ret
1816 2092 2070 2146 Libanius
2122 2109 2138 2147 :
2186 2093 2275 2146 hic
2323 2093 2465 2145 enim
2520 2070 2661 2146 anno
2711 2093 2911 2148 Christi
3100 2106 3258 2152 natus

1688 2193 1791 2247 est,
1830 2184 2084 2252 Didymus
2135 2193 2313 2237 autem
2351 2198 2493 2238 anno
2535 2185 2752 2238 circiter
2799 2186 2903 2239 5‘10
2943 2198 3094 2242 ortus
3136 2188 3255 2243 fuit.

1686 2271 1790 2327 Sed
1848 2273 2113 2341 ejusmodi
2162 2275 2277 2329 haec
2323 2291 2428 2330 non
2480 2287 2625 2343 sunt,
2661 2286 2719 2330 ut
2763 2279 2973 2331 inanem
3034 2280 3255 2333 reddant

1688 2367 2051 2433 conjecturam
2099 2382 2293 2422 meam.
2348 2367 2608 2423 Libanius
2668 2372 2809 2424 enim
2853 2380 3033 2433 utpote
3098 2372 3256 2440 paulo

1682 2457 1883 2525 iunior,
1918 2460 2125 2530 Didymi
2154 2461 2320 2513 nostri
2352 2461 2648 2529 discipulus
2681 2477 2801 2517 esse
2852 2464 3043 2531 putuit,
3094 2475 3256 2534 atque

1684 2549 2022 2604 Alexandriae
2078 2552 2294 2628 forsitan
2331 2552 2620 2619 aliquando
2688 2552 2809 2615 fuit,
2863 2570 2983 2608 cum
3027 2556 3080 2609 in
3142 2572 3235 2611 ora

1688 2640 1830 2694 tione
1864 2642 1917 2694 in
1950 2658 2037 2694 eos
2070 2641 2159 2710 qui
2189 2641 2462 2695 molestum
2493 2643 2661 2709 ipsum
2692 2644 3043 2713 appellabant,
3084 2661 3253 2713 segni.

1684 2729 1715 2781 7
1750 2732 1828 2785 sic
1854 2730 2133 2799 loquatur:
2161 2730 2225 2784 In
2252 2731 2485 2800 /Egypto
2510 2734 2923 2801 quampluribus,
2949 2736 3085 2803 apud
3101 2738 3252 2790 Athe-

1682 2839 1778 2876 nas
1809 2823 1972 2873 tribus
2007 2831 2199 2875 metum
2251 2822 2429 2889 injeci,
2466 2840 2499 2876 a
2543 2825 2692 2877 curia
2725 2825 2996 2894 utrobique
3036 2828 3253 2881 advoca-

1682 2925 1787 2968 tus.
1837 2915 1975 2980 Quin
2013 2915 2118 2968 imo
2157 2915 2201 2969 si
2234 2932 2441 2984 magna:
2498 2918 2723 2971 civitatis
2779 2915 2994 2973 nomine
3028 2920 3251 2973 Alexan-

1682 3007 1847 3059 driam
1875 3007 2124 3072 superius
2160 3008 2463 3075 designavit
2493 3007 2770 3073 Libanius,
2804 3020 2861 3063 ut
2897 3010 3128 3075 videtur,
3167 3011 3251 3064 vix

1686 3096 1738 3149 in
1795 3097 2011 3149 dubium
2068 3099 2308 3151 revocari
2360 3106 2557 3166 potest,
2601 3100 2729 3168 quin
2779 3102 2963 3154 eadem
3014 3102 3065 3153 in
3124 3102 3251 3154 urbe

1687 3188 1857 3255 poetis
1893 3187 1942 3239 in
1991 3186 2196 3257 Didymi
2233 3188 2513 3257 gymnasio
2556 3203 2773 3257 cperam
2820 3191 3028 3245 dederit
3070 3192 3237 3244 adole-

1678 3292 1850 3331 scens.
1888 3278 1994 3330 Sed
2024 3278 2134 3346 jam
2187 3281 2253 3331 ad
2292 3277 2596 3348 theologum
2646 3290 2887 3333 nostrum
2947 3282 3250 3346 redeamus,

1675 3378 1729 3421 et
1759 3384 1866 3437 quo
1908 3368 2105 3423 saeculo
2151 3369 2450 3437 scripserit,
2489 3370 2893 3439 investigemus.

1781 3480 1910 3537 Cap.
1961 3479 2051 3533 ΧΙ.
2090 3481 2287 3533 Auctor
2318 3489 2492 3602 igitur
2531 3482 2720 3534 sa’culo
2767 3497 2817 3535 tv
2860 3484 3037 3550 ﬂoruit
3086 3492 3143 3535 ut

2375 3568 2387 3601 ι
2431 3568 2601 3602 mnus.

2375 3568 2601 3618 taymus.

1748 3643 1857 3698 Hos
1888 3644 1955 3697 de
1983 3642 2250 3697 Trinitate
2280 3642 2447 3698 libros
2502 3654 2621 3711 post
2658 3659 2857 3698 annum
2906 3644 3112 3698 Domini
3145 3643 3249 3699 579

1682 3736 1914 3802 scriptos
1946 3734 2113 3788 fuisse
2143 3743 2327 3802 aperte
2366 3745 2516 3804 patet
2548 3751 2615 3789 ex
2651 3750 2771 3804 pag.
2802 3734 2909 3788 406
2938 3752 2952 3789 :
2988 3736 3057 3787 ibi
3104 3737 3246 3791 enim

1672 3822 1929 3877 Basilium
1998 3823 2251 3894 Magnum
2291 3824 2423 3879 citat
2449 3833 2637 3878 auctor
2665 3835 2724 3878 ut
2755 3826 2864 3895 jam
2916 3824 3242 3883 defunctum.

1675 3917 1780 3972 Sed
1830 3926 2039 3987 tempus
2065 3918 2265 3987 ipsum,
2295 3934 2400 3988 quo
2437 3921 2548 3973 haec
2572 3919 2775 3972 dictata
2809 3919 2936 3983 sint,
2975 3936 3239 3989 nusquam

1671 4010 1725 4063 in
1753 4010 1855 4065 hoc
1882 4024 2046 4078 opere
2075 4019 2263 4079 aperte
2297 4012 2630 4080 designatur.
2666 4012 2795 4065 'l‘am
2845 4011 3024 4066 multa:
3061 4022 3238 4066 tamen

1672 4113 1797 4159 sunt
1846 4105 2191 4172 conjectum,
2222 4119 2341 4173 qua:
2376 4103 2524 4158 illum
2556 4113 2749 4172 quarto
2795 4105 2989 4159 saeculo
3041 4104 3241 4160 vixisse

1672 4198 1957 4263 denotant,
1983 4207 2044 4253 ut
2065 4199 2415 4255 dubitandum
2445 4214 2548 4253 non
2577 4201 2843 4267 videatur,
2873 4191 2997 4269 quin
3050 4212 3243 4269 quarto

1679 4290 1879 4343 saeculo
1915 4290 2090 4360 reipsa
2145 4292 2420 4360 scripserit
2457 4302 2516 4345 ut
2547 4291 2832 4363 Didymus;
2875 4307 2995 4346 nam
3044 4292 3240 4361 primo,

1676 4381 1776 4433 etsi
1814 4381 1880 4436 de
1916 4380 2055 4436 Filio
2102 4398 2167 4436 ex
2200 4381 2443 4450 professo
2464 4393 2611 4452 agat,
2644 4400 2904 4452 nusquam
2942 4395 3118 4438 tamen
3150 4395 3241 4438 aut

100 4474 263 4523 egerem
289 4468 431 4531 patris
459 4470 573 4536 ejus
625 4469 902 4540 disciplina
955 4487 1079 4524 usus
1133 4488 1281 4536 sum;
1335 4483 1384 4525 et
1434 4475 1562 4526 mihi
1598 4496 1644 4554 υ
1671 4472 2067 4536 Nestorianam,
2113 4484 2206 4529 aut
2242 4475 2625 4546 Entychianam
2678 4476 2920 4530 lueresim
2958 4486 3237 4542 memorat,

99 4550 234 4609 quidem
262 4571 335 4620 per
368 4559 508 4611 illum
551 4572 759 4628 poetas,
798 4562 876 4613 illi
919 4579 1034 4616 vero
1087 4580 1179 4630 per
1215 4580 1295 4617 me
1330 4565 1567 4619 rhetoras

101 4636 364 4713 [XXlllloue
388 4652 668 4720 contigit...
704 4653 806 4705 Ille
844 4670 978 4707 nunc
1007 4656 1063 4708 in
1102 4654 1392 4725 sEgyptum
1430 4660 1569 4711 venit

102 4730 249 4789 luridum
273 4750 515 4804 paternum
542 4760 650 4796 non
679 4746 910 4807 amplum
953 4758 1303 4816 occupaturus
1327 4765 1345 4802 :
1368 4760 1568 4819 patrem

103 4823 188 4873 min
212 4826 264 4878 ibi
290 4829 439 4887 habet.
472 4833 746 4890 Hactenus
786 4837 1056 4893 Libanius.
1117 4840 1302 4896 Utrum
1360 4861 1485 4899 vero
1521 4847 1567 4902 is

103 4914 141 4963 de
169 4913 339 4985 Didymo
394 4933 575 4978 nostro
612 4941 917 4982 sermonem
957 4930 1172 4993 habeat,
1206 4947 1369 5000 penes
1402 4934 1569 4990 lecto-

107 5016 173 5055 rem
195 5004 395 5071 judicium
423 5014 511 5068 sit.
540 5016 603 5071 Ei
631 5032 784 5083 sane,
813 5020 877 5073 de
900 5035 1006 5088 quo
1058 5021 1336 5089 Libanius,
1383 5029 1566 5083 omnia

107 5112 179 5147 tum
209 5099 387 5172 Didymo
412 5122 597 5163 nostro
629 5114 957 5168 conveniunt
982 5115 1310 5170 adamussim
1340 5134 1354 5171 :
1381 5118 1434 5171 in
1464 5117 1560 5174 Di-

108 5188 247 5251 “.‘mnm
269 5196 386 5249 enim
406 5209 641 5253 nostrum
675 5204 911 5271 perbelle
942 5207 1193 5275 quadrat,
1229 5210 1371 5278 quod
1400 5224 1562 5266 voce-

110 5281 446 5357 ωτδιδάσιαλος,
476 5292 527 5346 id
559 5302 646 5348 est
675 5294 892 5361 doctor;
933 5299 1077 5367 quod
1102 5298 1265 5353 lilium
1307 5302 1358 5354 in
1380 5311 1562 5356 orato-

113 5382 251 5430 mmac
295 5392 544 5449 poetarum
595 5386 825 5442 lectione
876 5391 1103 5456 versari,
1159 5403 1317 5461 atque
1355 5393 1559 5448 erudiri

114 5470 322 5539 curaverit;
360 5478 487 5542 quod
513 5476 675 5532 fuerit
714 5480 766 5532 in
795 5484 964 5549 poetis
992 5492 1045 5536 et
1078 5484 1190 5552 ipse
1221 5500 1562 5555 summopere

117 5564 300 5646 minus;
332 5566 455 5632 quod
489 5567 808 5625 Sebastiano
866 5582 1023 5627 notus
1062 5590 1162 5627 non
1201 5588 1319 5629 esse
1372 5578 1562 5646 nequi-

118 5643 225 5705 tctit;
257 5656 365 5716 quod
412 5659 473 5711 ab
520 5659 585 5714 iis
635 5661 886 5717 omnibus
935 5665 1182 5733 cognitus
1233 5666 1414 5732 fuerit,
1457 5643 1559 5737 qui

122 5743 283 5801 minam
310 5743 495 5819 Αἰθυιὶ
526 5752 823 5820 civitatem,
860 5756 1106 5812 videlicet
1156 5757 1554 5828 Alexandriam,

1671 4582 1789 4620 cum
1820 4566 2197 4636 plerarumque
2237 4582 2304 4621 ex
2333 4567 2724 4636 antiquioribus
2759 4568 3050 4622 liwresibus
3081 4584 3230 4623 men-

1671 4659 1867 4713 tionem
1924 4658 2106 4712 faciat.
2170 4658 2438 4726 Secundo,
2487 4660 2702 4712 Arianis
2755 4660 3071 4729 exprobrat,
3113 4675 3234 4729 pag.

1666 4748 1793 4814 227,
1826 4750 1968 4819 quod
2025 4750 2419 4805 Marathonium
2475 4750 2962 4805 Nicomediensium
3020 4752 3233 4819 episco-

1667 4855 1795 4908 pum
1845 4842 2134 4895 creandum
2162 4845 2401 4896 curarint
2429 4860 2442 4895 :
2474 4842 2523 4895 id
2554 4852 2732 4896 autem
2762 4857 2881 4895 cum
2916 4851 3106 4909 quarto
3140 4858 3237 4895 sae-

1671 4931 1794 4985 culo
1849 4934 2156 5001 contigerit,
2200 4934 2515 5002 scriptorem
2563 4934 2762 4987 indicat
2794 4934 2967 5002 quarti
3024 4934 3231 4998 smculi;

1668 5023 1993 5079 Marathonii
2023 5026 2167 5079 enim
2205 5041 2401 5080 nomen
2432 5025 2571 5078 haud
2602 5025 2799 5078 multos
2829 5034 2947 5093 post
2967 5023 3082 5090 ejus
3103 5035 3233 5078 teta-

1666 5126 1773 5171 tem
1801 5131 1973 5170 annos
2004 5117 2091 5169 vix
2129 5118 2381 5185 cuiquam
2420 5124 2602 5171 notum
2637 5116 2807 5170 fuisse
2839 5116 3069 5170 videtur.
3102 5117 3236 5172 Ter-

1664 5208 1760 5275 tio,
1824 5208 2162 5278 Origenianis
2216 5207 2536 5277 quibusdam
2600 5206 2960 5262 locationibus
3016 5207 3224 5272 utitur,

1666 5315 1804 5369 quas
1855 5306 1975 5370 post
2029 5298 2242 5371 Didymi
2293 5300 2495 5352 obitum
2540 5302 2737 5354 saeculo
2789 5299 2975 5369 quinto
3020 5299 3234 5354 circiter

1663 5390 1885 5443 ineunte
1914 5398 2195 5457 suspectas
2227 5390 2462 5443 evasisse
2496 5397 2706 5443 constat
2744 5406 2757 5442 :
2794 5390 2857 5443 iis
2894 5396 3074 5443 autem
3106 5402 3233 5443 usus

1662 5497 1767 5536 non
1799 5492 1942 5535 esset
1969 5492 2155 5533 auctor
2182 5490 2384 5547 noster,
2421 5480 2468 5534 si
2499 5490 2608 5534 tum
2640 5481 2964 5549 scripsisset,
3008 5494 3133 5533 cum
3162 5480 3230 5535 ab

1662 5574 1993 5644 Hieronymo
2028 5574 2139 5642 jam
2184 5575 2467 5644 exagitatae
2503 5575 2732 5637 fuerant,
2786 5584 2944 5641 atque
2988 5588 3016 5624 a
3058 5571 3231 5624 Theo-

1659 5666 1805 5737 philo
1837 5665 2202 5722 Alexandrino
2248 5667 2648 5734 condemnatze;
2693 5669 2834 5736 quod
2865 5664 3088 5731 contigit
3115 5663 3228 5729 ipso

1660 5760 1828 5831 quinti
1864 5759 2047 5815 saeculi
2086 5758 2262 5814 initio.
2297 5758 2519 5826 Quarto,
2556 5760 2620 5814 de
2675 5754 3064 5812 \lacedonianis
3111 5752 3228 5807 ubi-
