3774 6322
462 279 570 338 159

1839 296 1929 352 DE
1966 298 2224 359 DIDYMO

3644 300 3774 365 ’σε

462 420 569 474 que
596 402 675 459 sic
715 402 973 474 loquitur,
1028 413 1089 461 ut
1116 421 1301 463 eorum
1338 407 1585 466 haeresim
1638 428 1741 467 non
1784 424 1845 469 ut
1887 426 2029 471 vetu-
2067 421 2114 477 A
2145 431 2349 475 tuatum
2393 434 2516 477 esse
2564 419 2831 491 cunjicere
2880 420 3037 487 licet,
3078 434 3200 475 cum
3240 428 3295 474 et
3333 418 3458 474 aliis
3498 420 3559 474 in
3602 418 3774 476 locis

464 504 626 555 stam,
658 494 752 549 sed
780 503 839 548 ut
892 507 1160 553 recentem
1192 499 1475 557 confutare
1512 504 1778 572 videatur,
1829 523 1893 562 ac
1924 508 2033 577 pri-

466 600 585 639 mos
614 584 732 653 ejus
758 585 1071 644 defensores
1110 590 1444 661 impugnare.
1506 592 1729 650 Demum
1784 599 1897 654 sive
1939 599 2035 654 do-

465 686 650 746 gmata
678 687 1012 748 spectentur,
1040 696 1160 751 quae
1207 684 1253 738 is
1292 685 1545 752 inculcat,
1572 690 1685 743 sive
1717 690 2033 759 peculiares,

465 770 666 837 quibus
689 771 933 835 adhaesit,
980 776 1280 844 Opiniones.
1315 778 1429 833 sive
1466 780 1746 850 disciplina
1774 784 2033 838 ecclesia-

468 864 628 927 Stica,
657 878 817 934 quam
859 865 1053 921 alicubi
1084 868 1319 939 attingit,
1348 870 1646 939 cuiusmodi
1683 881 1766 927 est
1800 872 2035 942 discipli—

470 969 538 1009 na
567 956 773 1020 arcani,
802 959 1072 1013 orantium
1120 960 1402 1014 conversio
1428 962 1493 1016 ad
1521 962 1808 1025 orientem,
1860 972 2035 1018 orato-

468 1045 677 1103 riorum
718 1061 846 1102 usus
876 1059 1038 1118 alque
1089 1052 1441 1118 cuiistructio,
1482 1052 1832 1107 ecclesiarum
1880 1069 2039 1109 orna-

418 1154 419 1157 ‘
470 1147 559 1193 tus
580 1147 647 1191 ex
673 1152 826 1198 auro.
856 1149 1098 1207 argento,
1126 1141 1291 1196 ebore
1328 1143 1395 1197 ab
1436 1142 1762 1213 Hieronymo
1790 1144 1954 1197 etiam
1987 1145 2037 1197 in

469 1230 630 1298 epist.
664 1230 789 1297 150,
824 1247 992 1301 segm.
1027 1233 1117 1297 14,
1172 1247 1523 1298 memoratus,
1567 1234 1818 1290 continua
1872 1235 2042 1305 bapti-

471 1323 574 1376 smi
606 1324 1019 1389 administratio,
1043 1327 1373 1380 creberrima
1397 1326 1750 1382 Eucliaristize
1786 1328 2038 1397 sumptio,

470 1413 654 1468 etalia
690 1415 771 1469 his
817 1414 1015 1481 alii-tia,
1065 1417 1196 1471 nihil
1250 1417 1303 1472 in
1365 1420 1465 1474 lIOC
1510 1434 1672 1489 opere
1716 1420 2039 1486 invenietur,

471 1507 615 1574 quod
649 1510 853 1562 auctori
892 1507 1107 1581 [XXIII]
1148 1511 1326 1579 quarti
1381 1511 1561 1567 saeculi
1603 1525 1710 1566 non
1762 1519 2039 1581 congruat.

474 1598 606 1664 Quae
637 1614 759 1653 cum
802 1601 872 1653 ita
914 1601 1045 1665 sint,
1081 1603 1269 1656 eadem
1305 1604 1477 1669 ipsum
1524 1613 1685 1659 aetate
1725 1618 1829 1674 qua
1878 1603 2042 1675 Didy-

471 1705 623 1744 mum
654 1690 899 1746 ﬂoruisse
932 1708 1034 1745 non
1068 1694 1271 1750 dubito.

2143 512 2431 584 Didymum
2464 513 2637 584 ipsum
2670 514 2909 569 imitatus
2936 527 3056 569 esse
3084 514 3349 578 videatur,
3378 524 3438 568 ut
3467 514 3774 583 superius

2143 604 2407 673 suspicari
2450 619 2536 659 me
2564 604 2698 660 disi.
2740 603 2805 659 Et
2832 606 2897 660 de
2938 607 3037 661 hac
3069 603 3284 673 quidem
3323 619 3382 659 re
3421 606 3571 660 satis
3610 621 3632 657 :
3696 608 3774 658 ad

2142 697 2304 751 aliaat
2343 698 2523 765 itaque
2549 697 2811 751 rationem
2842 705 3197 751 transeamus.

2143 854 2272 908 CAP.
2330 850 2467 908 XIII.
2511 850 2575 905 In
2605 851 2764 920 poetis
2784 859 3045 972 gedrsatus
3080 858 3192 905 erat
3240 861 3423 903 auctor
3459 859 3673 904 noster
3706 862 3774 903 as:

2835 936 2847 971 t
2894 935 3061 972 mnus.

2835 935 3061 989 taymus.

2216 1056 2348 1111 Cum
2374 1054 2589 1124 plurimi
2612 1069 2678 1109 ex
2706 1052 2911 1109 Graecis
2930 1051 3181 1107 Patribus
3200 1050 3420 1124 Didymo
3446 1053 3762 1108 vetustio-

2149 1144 2295 1199 ribus
2332 1154 2425 1198 aut
2460 1143 2801 1213 supparibns,
2837 1140 3092 1210 profanos
3120 1142 3448 1210 scriptores,
3485 1158 3554 1195 ar.
3585 1157 3763 1211 prm-

2152 1237 2341 1290 sertim
2366 1246 2555 1305 poetas
2584 1235 2770 1297 citent,
2801 1243 2858 1287 ut
2885 1248 2948 1287 ex
2982 1246 3169 1286 eorum
3194 1232 3448 1301 operibus
3474 1242 3766 1301 apparet,

2149 1327 2342 1381 mirqu
2374 1341 2477 1378 non
2508 1333 2612 1390 est,
2632 1324 2675 1378 si
2704 1334 2953 1377 auctores
2978 1332 3240 1385 externos,
3274 1323 3325 1377 id
3353 1334 3436 1378 est
3466 1324 3774 1394 profanos

2152 1416 2435 1485 theologus
2481 1430 2696 1483 quoque
2743 1425 2927 1468 uoster
2973 1415 3112 1468 haud
3156 1428 3280 1467 raro
3323 1414 3548 1486 allegat.
3600 1413 3766 1470 Illud

2154 1509 2332 1578 potius
2376 1507 2573 1561 mirum
2622 1507 2792 1560 videri
2837 1506 3026 1571 debet,
3083 1507 3324 1576 potuisse
3371 1508 3500 1562 hinc
3542 1509 3766 1563 nescio

2148 1613 2308 1668 quem
2353 1598 2648 1668 colligere,
2697 1612 2833 1668 opus
2880 1598 3048 1653 hocce
3093 1597 3301 1668 Didymi
3344 1607 3510 1653 a-tate
3557 1598 3762 1652 ιιιιιιιο

2151 1691 2425 1747 recentius
2462 1706 2584 1745 esse
2627 1710 2641 1745 :
2686 1691 2772 1745 cui
2805 1705 2927 1744 cum
2972 1691 3107 1744 satis
3141 1690 3251 1759 jam
3290 1690 3645 1745 occurrerim
3700 1693 3757 1744 in

472 1803 600 1859 CAP.
634 1805 748 1860 XII.
786 1808 984 1861 Auctor
1016 1819 1189 1861 noster
1220 1808 1383 1863 Deum
1412 1820 1558 1863 vocat
1592 1809 1840 1883 ἀμεγέθη
1872 1820 1929 1864 ut
1957 1810 2045 1865 Di-

2165 1783 2306 1847 iotis,
2344 1781 2471 1836 milii
2507 1798 2650 1836 nunc
2700 1781 2939 1837 vicissim
2970 1782 3154 1836 videor
3191 1797 3258 1836 ex
3293 1782 3395 1836 hoc
3422 1784 3547 1852 ipso
3593 1798 3751 1837 con-

1150 1884 1355 1948 dymus.

548 1964 653 2020 Sed
690 1966 835 2023 aliud
879 1968 970 2022 hic
1009 1980 1382 2037 argumentum
1430 1971 1629 2025 addere
1661 1971 1870 2041 placet,
1904 1971 2043 2039 quod

474 2071 583 2111 non
614 2059 762 2126 parvi
794 2060 1048 2130 ponderis
1076 2074 1194 2114 esse
1223 2062 1492 2117 existimo.
1528 2062 1655 2117 Illud
1684 2075 1862 2118 autem
1892 2080 1953 2117 es
1979 2077 2045 2118 eo

480 2149 644 2209 duco,
673 2150 815 2216 quod
849 2159 1039 2203 auctor
1066 2159 1250 2205 noster
1275 2151 1440 2205 Deum
1465 2151 1659 2220 saepius
1684 2154 1733 2205 in
1764 2155 1863 2208 hoc
1885 2168 2045 2221 opere

477 2238 621 2291 dicat
653 2253 774 2293 esse
803 2240 1049 2312 ἀμεγέθη
1098 2257 1111 2272 ο
1150 2256 1312 2312 quam
1356 2257 1540 2297 vocem
1577 2258 1695 2296 cum
1732 2243 1781 2296 in
1821 2243 2043 2312 epistola

474 2330 541 2383 ad
576 2329 943 2385 clarissimum
978 2333 1261 2400 praesulem
1296 2332 1559 2388 Joannem
1588 2335 1908 2388 Archintum
1938 2334 2044 2389 Bo-

476 2422 653 2477 nonia:
690 2436 818 2477 tunc
872 2425 1205 2495 prolegatmu
1243 2441 1751 2481 commemorassem
1774 2467 1789 2491 ,
1828 2443 1891 2482 ac
1921 2443 2045 2481 ver-

478 2516 689 2579 tissem,
723 2519 1015 2586 quantitate
1044 2528 1337 2581 carentem,
1369 2517 1607 2572 Gallicus
1649 2520 1866 2586 quidam
1907 2518 2044 2574 scri-

476 2614 602 2674 ptor
645 2619 708 2659 ea
758 2606 824 2659 de
867 2607 966 2660 hoc
1016 2606 1276 2660 \Ocabulo
1317 2608 1716 2676 pronuntiavit,
1757 2624 1876 2677 qua:
1914 2609 2043 2663 mihi

476 2697 695 2766 probari
740 2708 1035 2766 nequeunt.
1082 2696 1279 2752 Verum
1324 2698 1372 2752 ei
1408 2701 1539 2753 satis
1585 2714 1854 2771 superque
1897 2716 1925 2753 a
1961 2716 2045 2755 me

469 2786 583 2857 jam
633 2803 950 2856 responsum
996 2799 1077 2843 est
1120 2806 1240 2859 pag.
1293 2790 1391 2851 59,
1421 2800 1533 2844 not.
1566 2791 1639 2853 2,
1679 2801 1733 2845 et
1764 2808 1883 2863 pag.
1919 2792 2043 2857 “2,

479 2886 596 2930 not.
648 2876 702 2929 ι.
750 2875 901 2930 Nunc
942 2878 1122 2945 itaque
1172 2879 1302 2932 nihil
1352 2878 1494 2933 aliud
1530 2890 1806 2949 superest,
1846 2884 1944 2937 nisi
1988 2895 2047 2938 ut

475 2978 854 3036 argumentum
934 2983 1111 3023 meum
1189 2970 1373 3039 paucis
1433 2985 1717 3039 exponam.
1784 2972 2045 3029 Nimirum

480 3067 697 3112 constat
721 3060 921 3129 primo,
954 3061 1060 3115 Deo
1088 3063 1509 3128 magnitudinem
1538 3079 1566 3116 a
1588 3062 1837 3118 Patribus
1860 3066 2042 3134 tribui,

479 3161 540 3204 ut
570 3151 755 3205 citatis
784 3151 915 3207 locis
951 3154 1190 3209 diximus
1223 3172 1236 3208 :
1272 3171 1446 3225 neque
1476 3171 1603 3211 vero
1633 3173 1750 3212 eam
1785 3158 2047 3214 duntaxat

476 3247 891 3315 magnitudinem
913 3290 927 3311 ,
956 3263 1074 3317 qua!
1102 3249 1288 3304 Graece
1316 3250 1676 3323 μεγαλωσύνη
1705 3251 1922 3315 dicitur,
1955 3262 2045 3306 aut

479 3338 867 3409 μεγαλειότης,
901 3344 995 3395 sed
1026 3341 1188 3395 etiam
1226 3342 1476 3413 μέγεθος.
1509 3342 1588 3397 Ita
1628 3343 2044 3414 Chrysostomus

477 3437 609 3483 tom.
632 3429 915 3486 leditionis
946 3432 1452 3498 Montfauconianm,
1490 3450 1611 3503 pag.
1634 3434 1760 3497 457,
1785 3440 1861 3490 ait
1893 3455 1906 3492 :
1940 3436 2045 3490 Τοῦ

481 3520 744 3590 μεγέθους
790 3522 883 3575 καὶ
934 3523 1033 3593 τῆς
1087 3523 1268 3594 ἰσχύος
1317 3523 1411 3577 τοῦ
1458 3527 1819 3595 πεποιηκότος
1874 3529 2043 3581 αὑτά·

476 3616 533 3663 et
568 3608 797 3664 Basilius
831 3610 993 3665 Deum
1030 3622 1186 3667 vocat
1219 3613 1472 3684 ἀόριστον
1511 3614 1737 3685 μέγεθος
1768 3621 1906 3686 apud
1941 3617 2045 3670 Fa-

479 3700 709 3754 bricium
737 3702 788 3755 in
814 3702 951 3756 Bibl.
975 3702 1148 3758 (ἔναυε.
1171 3706 1278 3759 vol.
1310 3704 1438 3770 VIII,
1465 3722 1585 3777 pag.
1604 3706 1735 3771 100;
1763 3724 1789 3760 a
1816 3709 2047 3778 .loscplio

478 3802 660 3845 autem
704 3792 795 3848 lib.
835 3810 872 3847 ιι
905 3806 1086 3848 contra
1116 3796 1390 3866 Apionem,
1428 3813 1598 3866 segni.
1637 3798 1735 3864 92,
1769 3801 1907 3854 Deus
1936 3802 2048 3868 ipse

480 3884 786 3952 appellatur
827 3886 924 3956 τὴν
971 3887 1185 3959 μορφὴν
1235 3887 1327 3941 καὶ
1375 3889 1603 3959 μέγεθος
1627 3893 1779 3961 εὴμῖν
1816 3893 2049 3960 ἀφανέσ-

476 3991 661 4039 τατος,
686 3978 821 4040 sive,
846 3989 903 4030 ut
936 3979 1025 4033 alii
1058 3980 1259 4048 legunt,
1286 3982 1513 4049 ἄφθιτος.
1544 3983 2045 4050 Consmtsccundo,

483 4067 539 4121 in
576 4082 731 4122 sacra
774 4068 1076 4139 Scriptura,
1111 4071 1204 4125 Dei
1241 4073 1459 4141 quidem
1505 4074 1920 4149 μεγαλωσύνην,
1957 4088 2048 4133 aut

487 4161 886 4233 μεγαλειότητα
914 4165 1220 4230 memorari,
1250 4180 1516 4233 nusquam
1550 4176 1747 4231 tamen,
1783 4169 1834 4221 ni
1866 4168 2043 4235 fallor,

482 4252 577 4306 Dei
615 4252 845 4325 μέγεθος
880 4266 975 4309 aut
1005 4257 1241 4327 μέγαοος
1278 4257 1570 4313 nominari.
1605 4257 1808 4324 Tertio,
1845 4261 2045 4315 nullum

489 4345 758 4401 hactenus
790 4348 965 4401 inveni
1002 4350 1222 4419 Didymo
1250 4349 1596 4404 vetustiorem
1630 4351 1861 4415 Patrem,
1890 4368 1918 4403 ει
1942 4368 2048 4421 quo

487 4438 629 4492 Deus
664 4439 842 4494 dictus
872 4441 941 4494 sit
974 4440 1274 4509 ἀμεγέθης.
1308 4441 1529 4495 Constat
1562 4444 1789 4510 denique
1823 4444 1985 4497 Deum
2018 4462 2045 4497 a

489 4529 719 4599 Didymo
770 4532 1138 4587 Alexandrino
1182 4535 1234 4588 in
1277 4538 1681 4590 commentariis
1723 4539 1775 4590 in
1810 4537 2045 4590 Psalmos

488 4621 691 4675 dictum
723 4638 843 4677 esse
872 4624 1145 4695 ἀμεγέθη,
1178 4635 1236 4679 ιιι
1266 4628 1447 4680 monui
1477 4637 1586 4682 not.
1617 4628 1667 4693 I,
1698 4644 1814 4697 pag.
1845 4628 1967 4681 ΗΞ.
1998 4628 2050 4681 Id

492 4723 669 4767 autem
715 4731 780 4770 ex
830 4732 893 4770 eo
938 4716 1170 4770 fortasse
1213 4718 1409 4772 factum
1454 4727 1553 4783 est,
1595 4720 1733 4787 quod
1770 4720 1835 4782 is,
1872 4728 2053 4789 utpote

495 4804 943 4874 diligentissimus
980 4805 1380 4874 Scripturarum
1418 4809 1716 4875 interpres.
1754 4820 2047 4873 scrutator,

490 4904 653 4961 atque
689 4897 989 4963 indagator,
1030 4898 1350 4962 observarit,
1390 4897 1616 4969 μέγεθος
1651 4916 1911 4969 nusquam
1944 4900 2051 4954 Deo

487 4984 649 5035 tribui
697 4984 749 5036 in
790 4983 1105 5053 Scripturis.
1152 4987 1246 5041 llis
1281 4990 1573 5057 prwmissis
1608 5006 1728 5044 cum
1778 5000 1831 5044 et
1871 4999 2058 5043 auctor

492 5088 682 5129 noster
721 5076 884 5130 Deum
932 5081 1127 5147 sapius
1160 5082 1211 5133 in
1261 5084 1359 5135 hoc
1394 5098 1556 5150 opere
1591 5083 1733 5137 dicat
1763 5098 1882 5137 esse
1922 5083 2057 5152 ἀμεο

487 5164 644 5234 γέθη,
685 5180 788 5219 non
828 5167 1104 5222 immerito
1143 5170 1271 5224 mihi
1306 5173 1491 5226 videor
1519 5172 1643 5227 hinc
1669 5188 1880 5240 quoque
1902 5173 2052 5227 coitio

487 5274 615 5324 gere
666 5274 855 5327 posse,
900 5260 1074 5329 ipsutn
1117 5277 1320 5327 unum,
1369 5262 1725 5331 eumdemque
1769 5278 1889 5317 esse
1932 5277 2053 5315 cum

498 5349 726 5419 Didymo
753 5349 1135 5407 Alexandrino.
1166 5352 1362 5407 Fateor
1392 5354 1552 5408 alium
1582 5368 1792 5422 quoque
1820 5353 2055 5407 Alexan-

495 5441 711 5495 drinum
769 5442 1119 5511 scriptorem,
1177 5461 1364 5514 nempe
1416 5445 1474 5500 S.
1530 5444 1819 5515 Cyrillum,
1868 5444 2055 5497 eodem

500 5532 661 5585 tnodo
689 5534 753 5587 de
783 5531 891 5588 Deo
924 5534 1157 5589 locutum
1189 5549 1373 5606 poSIea
1396 5551 1538 5599 esse,
1562 5546 1620 5590 ut
1647 5537 1825 5589 monui
1857 5546 1972 5589 not.
1999 5535 2055 5600 2,

499 5638 628 5691 pag.
654 5623 745 5689 59,
778 5640 899 5678 cum
931 5626 1096 5681 Deum
1124 5638 1177 5681 et
1207 5628 1319 5697 ipse
1349 5637 1535 5697 aperte
1566 5628 1758 5682 dixerit
1788 5627 2054 5698 ἀμεγέοη,

496 5716 592 5770 sed
622 5715 924 5787 bnjusmodi
962 5719 1287 5776 locutionem
1315 5736 1379 5774 es
1414 5721 1636 5791 Didymo
1661 5722 1917 5790 Cyrillum
1942 5738 2057 5777 mu-

2150 1874 2373 1928 trariam
2404 1873 2770 1941 conjecturam
2796 1874 2995 1927 ducere
3024 1888 3208 1942 posse,
3237 1884 3294 1927 ut
3321 1875 3507 1942 operis
3536 1884 3755 1929 aucto-

2150 1981 2264 2021 rem
2317 1966 2602 2035 Didymum
2653 1981 2774 2021 esse
2821 1966 2990 2036 magis
3038 1967 3320 2036 magisque
3370 1967 3745 2021 conﬁrmem.

2149 2057 2433 2126 Didymum
2467 2058 2611 2112 enim
2656 2059 2708 2112 in
2742 2068 3020 2128 poetarum
3050 2060 3303 2122 maxime,
3346 2073 3408 2112 ac
3436 2059 3752 2113 rhetorum

2157 2166 2375 2220 quoque
2409 2150 2663 2220 operibus
2711 2162 2984 2205 versatum
3031 2150 3195 2204 fuisse
3235 2160 3509 2206 testantur
3558 2151 3751 2205 Soza-

2148 2258 2365 2307 menus,
2396 2242 2793 2310 Tlieodoretus,
2822 2257 2886 2295 ac
2910 2241 3245 2311 Nicepliorus
3277 2242 3330 2296 in
3358 2240 3400 2294 Τ
3403 2243 3745 2307 estimoniis,

2146 2351 2267 2405 qua:
2328 2336 2380 2389 in
2434 2335 2745 2404 Appendice
2787 2334 2961 2390 attuli.
3003 2333 3121 2403 Ipse
3169 2349 3295 2389 vero
3349 2334 3623 2404 Didymus
3687 2335 3745 2386 in

2145 2424 2548 2481 commentariis
2622 2423 2680 2477 in
2725 2424 2858 2477 Acta
2907 2423 3260 2492 apostolorum
3305 2423 3370 2476 ad
3414 2431 3586 2491 caput
3642 2437 3739 2481 vn.

2148 2526 2293 2571 torno
2320 2514 2386 2569 IV
2420 2515 2670 2569 Anecdot.
2706 2513 2904 2577 Wollii,
2934 2528 3058 2582 pag.
3087 2512 3183 2578 23,
3220 2512 3397 2576 docet,
3423 2513 3739 2565 doctrinam

2147 2620 2418 2663 externam
2450 2624 2553 2660 non
2587 2608 2797 2660 omnino
2837 2611 3260 2659 contemnendam
3292 2622 3435 2669 esse;
3467 2606 3528 2657 in
3568 2604 3738 2657 laude

2143 2702 2279 2756 enim
2306 2700 2535 2766 ponitur,
2576 2699 2716 2767 quod
2748 2697 2921 2752 Moses
2951 2697 3094 2751 omni
3132 2697 3386 2766 sapientia
3436 2696 3741 2766 Afgyptio-

2145 2808 2261 2845 rum
2302 2791 2456 2860 fuerit
2496 2791 2808 2853 instructus,
2852 2790 2985 2843 sicut
3017 2798 3067 2843 et
3106 2791 3169 2843 de
3202 2788 3441 2852 Daniele,
3477 2800 3527 2841 et
3567 2789 3736 2841 sociis

2146 2882 2263 2949 ejus
2288 2879 2498 2935 Iudaeis
2526 2881 2867 2947 prtedicatur,
2898 2881 3037 2950 quod
3068 2896 3242 2934 omnes
3270 2883 3323 2933 in
3347 2877 3740 2933 Chaldwornn;

2145 2973 2508 3042 philosophia,
2556 2974 2891 3044 amnibusque
2943 2973 3170 3027 scientiis
3214 2972 3538 3041 superarint.
3584 2971 3734 3037 Quin

2155 3067 2487 3121 catechistas
2503 3082 2693 3121 omnes
2714 3066 3110 3125 Alexandrinos
3136 3066 3341 3135 Didymi
3361 3080 3734 3134 praecessores

2073 3133 2119 3195 θ
2157 3157 2507 3220 Pantaenum,
2559 3156 2925 3221 Clementem,
2991 3133 3315 3225 Origertcm,
3365 3133 3729 3224 Dionysium,

2150 3248 2547 3312 Ammonium,
2598 3247 2843 3314 aliosque
2904 3257 3131 3301 externa:
3183 3261 3396 3315 quoque
3443 3247 3733 3314 sapientiae

2152 3356 2371 3411 operam
2414 3340 2743 3410 impendisse
2784 3349 2996 3394 constat
3035 3355 3049 3392 :
3101 3339 3243 3391 inter
3281 3353 3415 3406 quos
3470 3337 3734 3392 Clemens

2159 3441 2323 3501 atque
2349 3430 2611 3502 Origenes
2632 3440 2893 3500 quantum
2920 3447 3025 3484 non
3058 3433 3216 3484 modo
3245 3431 3295 3483 in
3326 3444 3505 3495 sacra,
3533 3445 3725 3482 verum

2152 3525 2316 3578 etiam
2382 3525 2436 3577 in
2490 3524 2713 3593 profana
2767 3522 3071 3577 eruditione
3119 3521 3505 3599 excelluerint,
3566 3536 3732 3573 nemo

2157 3614 2374 3688 [XXIV]
2439 3616 2672 3685 ignorat.
2727 3613 2860 3667 Nam
2921 3613 3216 3668 Clementis
3279 3613 3498 3682 quidem
3556 3628 3729 3682 opera

2155 3710 2505 3778 profanorum
2549 3715 2826 3775 poetarum
2864 3718 2925 3759 ac
2962 3705 3402 3773 philosophorum
3434 3703 3729 3775 allegatio-

2161 3799 2317 3853 nibus
2350 3800 2547 3868 ubique
2585 3797 2785 3852 referta
2821 3805 2967 3849 sunt.
3004 3797 3157 3851 Alter
3182 3812 3310 3851 vero
3341 3812 3444 3850 non
3476 3796 3644 3850 modo
3678 3798 3727 3849 in

2157 3890 2308 3944 libris
2343 3903 2526 3943 contra
2557 3889 2763 3944 Celsum
2796 3904 2892 3959 pro
2915 3889 3225 3944 Christiana
3270 3890 3531 3959 religione
3581 3891 3724 3945 scri-

2158 3982 2269 4050 ptis
2300 3980 2650 4051 Euripidem,
2684 3980 2998 4046 Homerum,
3035 3981 3273 4050 aliosque
3297 3981 3459 4046 citat,
3493 3992 3554 4035 ut
3580 3992 3724 4048 patet

2151 4076 2422 4132 extom.l
2470 4092 2593 4146 pag.
2648 4074 2772 4137 549,
2823 4074 2948 4138 595,
2988 4080 3057 4126 et'
3094 4074 3218 4138 750.
3267 4073 3520 4129 editionis
3572 4073 3724 4128 Pari-

2153 4170 2347 4225 sieusis
2382 4168 2505 4221 anni
2554 4166 2729 4227 I755;
2778 4179 2962 4220 verum
3007 4164 3170 4218 etiam
3215 4164 3533 4234 discipulum
3567 4180 3723 4219 suum

2153 4262 2211 4317 S.
2229 4262 2541 4329 Gregorium
2562 4256 3278 4326 Thaumaturgundhortatur
3292 4273 3411 4326 pag.
3429 4255 3462 4309 5
3477 4256 3723 4324 ejusdem

2154 4353 2303 4416 tomi,
2354 4363 2409 4405 ut
2442 4350 2771 4420 geometriae,
2809 4360 2971 4418 atque
3000 4350 3341 4403 astronomiae
3372 4363 3593 4417 operam
3634 4363 3721 4399 na-

2157 4454 2264 4505 vet,
2300 4443 2447 4510 quod
2479 4442 2782 4508 Imjnsmodi
2814 4443 3054 4497 scientias
3087 4441 3394 4497 Christiano
3426 4439 3632 4493 homini
3659 4440 3723 4492 ait

2156 4534 2544 4604 intelligendas,
2565 4534 3018 4602 explicandasque
3039 4548 3222 4589 sacras
3247 4532 3561 4601 Seripturas
3588 4547 3722 4586 cou-

2156 4626 2299 4680 ferre
2350 4634 2569 4695 queant.
2606 4626 2734 4692 Quae
2778 4640 2900 4680 cum
2938 4628 3014 4681 ita
3068 4626 3208 4691 sint,
3262 4624 3527 4678 rationem
3580 4624 3722 4678 hanc

2160 4717 2347 4785 paucis
2371 4716 2442 4770 ita
2462 4717 2853 4785 concludimus.
2879 4715 3181 4787 Theologus
3207 4725 3390 4772 noster
3406 4714 3723 4779 Pindarum,

2156 4807 2453 4862 Homerum
2478 4847 2494 4873 ,
2532 4809 2892 4877 Sophoclem,
2924 4807 3195 4878 Orpheum
3216 4848 3232 4873 ,
3265 4808 3570 4877 Diagoram,
3605 4806 3723 4860 Pla-

2163 4910 2343 4953 touem
2390 4898 2707 4963 Comicum,
2756 4900 3018 4970 Sibyllina
3068 4900 3341 4961 carmina,
3389 4898 3723 4968 aliorumque

2167 5002 2482 5062 poetarum,
2518 5007 2745 5061 quorum
2784 4992 2999 5045 nomina
3044 4994 3271 5056 reticet,
3306 5006 3491 5046 versus
3531 4992 3722 5059 sapius

2164 5087 2329 5150 citat;
2367 5084 2643 5139 Platonem
2672 5099 2887 5154 quoque
2914 5084 3142 5153 allegat,
3174 5084 3551 5149 Aristotelem,
3586 5083 3716 5136 Por-

2160 5176 2437 5245 phyrium,
2479 5189 2544 5228 ac
2578 5173 2901 5227 Mercurium
2953 5172 3398 5244 Trismegistum,
3434 5172 3591 5235 cujus
3626 5190 3721 5228 no-

2158 5265 2304 5318 mine
2340 5264 2587 5333 inscripti
2638 5263 2759 5317 libri
2813 5272 2871 5316 ut
2919 5263 3134 5331 genuini
3180 5274 3307 5317 tunc
3352 5261 3715 5317 habebantur.

2152 5356 2315 5424 Atqui
2356 5356 2460 5410 hoc
2508 5356 2557 5411 ei
2603 5355 2836 5410 maxime
2875 5355 3161 5420 convenit,
3206 5370 3366 5424 quem
3408 5356 3461 5408 in
3502 5356 3714 5424 poetis,

2154 5448 2384 5515 aliisque
2466 5446 2821 5515 scriptoribus
2886 5446 3120 5500 ethnicis
3202 5454 3476 5499 versatum
3556 5444 3718 5498 fuisse

2154 5547 2406 5603 constat,
2460 5538 2762 5607 cuiusmodi
2829 5536 2930 5589 fuit
2983 5536 3259 5606 Didymus.
3317 5535 3459 5604 Ergo
3512 5543 3715 5587 tantum

2158 5630 2336 5693 abest,
2366 5637 2423 5682 ut
2453 5630 2556 5683 hoc
2586 5629 2823 5697 opinioni
2859 5637 3058 5682 nostra:
3087 5628 3379 5695 quidquam
3412 5625 3639 5692 ofﬁciat,
3663 5637 3715 5680 ut

2162 5721 2347 5793 potius
2377 5721 2491 5778 lucc
2526 5722 2663 5776 ratio
2704 5737 2809 5776 non
2841 5735 3083 5776 seorsum
3116 5721 3329 5789 quidem
3364 5731 3601 5788 sumpta,
3624 5717 3715 5773 sed
