3744 6302
89 320 152 376 ibi
1125 313 1690 371 COMMENTARIUS.
1731 346 1802 358 —
1836 316 1964 374 LIB.
2006 316 2047 372 1.

3093 323 3201 381 162

88 435 168 490 aliis
193 424 499 495 coniecturis,
531 438 591 479 ac
631 423 931 480 rationibus
960 423 1145 492 juncta
1198 427 1524 481 sententiain
1556 440 1603 491 Α
1634 441 1737 479 non
1782 441 1905 480 raro
1943 436 2251 494 utrumque,
2304 429 2431 483 dum
2481 431 2773 503 Scripturae
2811 435 2926 492 loca
2976 437 3201 510 allegat.

88 533 259 582 misti-ani
284 516 666 586 probabiliorem
700 516 910 569 reddat.

86 638 174 694 ω,
204 629 311 687 XIV.
352 629 683 703 Origeuianas
705 629 1014 703 locutiones
1058 630 1210 684 habet
1263 631 1532 703 theologus

374 711 533 752 uoster
569 710 618 750 ut
653 699 927 768 Didymus.

134 793 445 861 Apertissimum
471 790 707 859 Origeuis
732 802 1169 862 propugnatorem
1195 802 1350 846 vocat
1378 791 1533 863 Didy-

87 903 187 943 mum
220 884 547 951 Hieronymus.
591 879 708 947 Quo
738 890 918 935 autem
964 898 1126 936 sensu
1164 884 1217 937 id
1264 882 1533 950 accipien-

89 982 173 1033 dum
192 977 259 1038 sit,
284 988 445 1042 quave
465 974 591 1037 sint,
619 984 711 1027 aut
739 974 926 1042 quales
951 974 1202 1045 Origenis
1228 977 1527 1044 opiniones,

86 1071 217 1137 quibus
252 1064 502 1119 adbteserit
548 1063 841 1135 Didymus,
880 1082 984 1119 non
1032 1067 1300 1136 inquiram
1349 1072 1525 1122 modo.

90 1162 177 1215 Illud
203 1158 299 1211 mihi
327 1158 370 1208 in
400 1170 627 1225 praesens
663 1156 884 1223 suﬂicit,
917 1168 974 1211 ut
998 1161 1447 1226 quemadmodum
1476 1160 1526 1215 in

90 1258 256 1324 Didyme,
283 1254 341 1305 ita
365 1261 411 1305 et
448 1251 497 1304 in
535 1250 782 1321 theologo
814 1264 1001 1306 nostro
1031 1253 1205 1307 multa:
1239 1264 1530 1308 occurrant

88 1365 127 1400 et
154 1342 542 1404 iislocutionibus,
589 1357 722 1411 quas
768 1344 821 1396 in
858 1343 1050 1399 llulino
1091 1345 1441 1413 Aquileiensi,
1476 1347 1527 1399 in

87 1440 221 1492 lautae
251 1436 467 1503 episcopo
510 1432 1019 1505 llierosolymitano,
1066 1437 1291 1507 aliisque
1320 1447 1377 1489 ut
1406 1436 1528 1492 Ori-

91 1530 264 1598 geuiauas
292 1527 556 1580 insectatus
585 1535 673 1581 est
701 1524 1059 1597 Hieronymus
1090 1529 1224 1596 ipse,
1257 1528 1529 1598 Theophi-

89 1622 137 1671 lus
169 1616 521 1679 Alexandrinus,
583 1626 640 1671 et
692 1618 781 1671 alii
830 1617 1038 1673 Patres.
1092 1624 1163 1673 At
1215 1619 1523 1689 hujusmodi

90 1713 200 1779 reipsa
221 1718 320 1764 sunt
354 1709 514 1778 primo
543 1725 664 1778 quae
689 1711 755 1765 de
790 1714 1021 1782 imagine
1059 1712 1151 1767 Dei
1198 1714 1265 1766 ab
1310 1713 1527 1767 homine

88 1819 146 1869 per
167 1811 381 1867 pecmtum
403 1803 591 1855 amissa
624 1803 782 1857 docet
809 1814 997 1857 auctor
1020 1814 1204 1858 noster
1230 1820 1351 1873 pag.
1379 1801 1485 1857 255
1510 1822 1523 1871 ;
1559 1784 1602 1842 Β
1630 1798 1773 1852 enim
1822 1818 1835 1853 :

89 1897 209 1949 deinde
243 1910 339 1963 qua:
381 1892 565 1961 sa-pius
609 1895 799 1949 scribit
859 1896 925 1948 de
972 1895 1252 1963 apatheia,
1310 1897 1361 1949 id
1417 1906 1522 1955 est.

88 1987 455 2053 iupertlrbatione,
483 1995 573 2039 aut
597 1986 941 2041 immunitate
966 2002 996 2039 a
1030 1988 1530 2056 perturbationibus

87 2080 217 2142 animi,
256 2093 367 2145 quas
411 2078 561 2147 vulgo
615 2078 880 2147 passiones
932 2078 1153 2142 dicunt;
1206 2094 1269 2133 ac
1317 2079 1531 2135 demum

87 2172 172 2237 quod
206 2187 325 2239 pagg.
352 2170 413 2223 ’52
439 2181 492 2224 et
529 2170 622 2223 l5!
661 2170 919 2236 allirmat,
956 2187 1075 2225 cum
1111 2172 1161 2225 in
1196 2171 1282 2226 illa
1316 2174 1531 2243 quidem

88 2268 157 2316 ait:
182 2261 426 2327 Quicunque
449 2265 659 2316 initium
691 2265 859 2317 dicere
885 2264 1162 2328 voluerint,
1186 2266 1345 2334 finem
1373 2267 1532 2319 etiam

86 2357 341 2417 coitiuntur:
372 2356 419 2409 in
455 2356 550 2409 hac
581 2372 710 2410 vero
738 2375 751 2409 :
781 2355 918 2410 Nam
951 2373 1124 2411 revera
1150 2359 1403 2429 quidquid
1430 2360 1533 2413 ini-

85 2449 163 2497 ltum
184 2448 352 2511 accepit,
387 2447 582 2499 habebit
610 2448 766 2500 etiam
798 2440 976 2515 ﬁnem.

126 2538 261 2591 fateor
286 2548 377 2591 tres
408 2538 561 2592 hasce
588 2540 824 2607 theologi
855 2540 1047 2607 nostri,
1076 2539 1315 2611 aliasque
1344 2539 1531 2609 hujus-

86 2629 173 2678 nudi
195 2628 438 2682 locutiones
466 2641 616 2684 recto
655 2646 815 2685 sensu
853 2632 1021 2700 accipi
1062 2648 1241 2703 posse,
1269 2650 1330 2689 ac
1358 2635 1529 2703 reipsa

87 2723 125 2772 ab
150 2722 232 2773 aliis
264 2720 484 2776 Palribus
516 2738 638 2777 esse
679 2724 972 2780 adhibitas.
1016 2726 1086 2778 At
1122 2744 1188 2780 ne
1227 2729 1277 2781 in
1318 2727 1529 2799 Didymi

86 2814 225 2879 quidem
256 2814 478 2881 operibus
521 2831 645 2884 qua:
686 2828 933 2883 exstant,
992 2820 1099 2873 ulla
1161 2822 1393 2875 fortasse
1447 2830 1531 2876 est

88 2904 310 2973 Origeniana
357 2904 542 2961 locutio
567 2947 583 2972 ,
620 2924 783 2978 quam
823 2910 1087 2965 catholice
1125 2912 1394 2981 explicare
1430 2927 1528 2966 ne-

86 3012 259 3059 queamus
281 3015 291 3049 :
316 3014 435 3065 quas
470 3016 597 3053 vero
640 3003 691 3054 in
732 3002 979 3069 tbeologo
1011 3015 1195 3059 nostro
1232 3006 1530 3073 reperimus

88 3086 376 3157 Origenismum
416 3094 717 3148 redolentes
743 3135 756 3157 ,
794 3095 1078 3164 plerasque
1111 3106 1167 3149 ut
1200 3098 1522 3167 Origeniana

89 3180 160 3231 hbe
184 3181 357 3236 iniectas
380 3183 440 3237 ab
478 3183 842 3255 Hieronymo,
872 3168 1061 3241 aliisve
1106 3188 1317 3242 habitas
1356 3189 1525 3244 fuisse

87 3272 221 3324 ostendi
245 3273 285 3326 in
311 3274 454 3339 natis,
485 3286 540 3329 ut
574 3277 802 3344 proinde
827 3278 958 3330 nihil
992 3294 1132 3333 nunc
1163 3290 1330 3334 restet
1355 3280 1524 3347 aliud,

88 3362 147 3414 nisi
176 3376 214 3415 ul
236 3364 287 3418 de
308 3369 574 3430 sententia,
613 3384 773 3437 quam
803 3384 922 3439 pag.
956 3369 1025 3423 52
1069 3381 1125 3425 et
1180 3371 1273 3425 151
1312 3383 1527 3428 exstare

88 3452 351 3523 uiti,aliquid
393 3459 616 3523 addam;
658 3460 787 3513 nihil
820 3464 961 3515 enim
1014 3463 1079 3517 de
1126 3464 1237 3533 ipsa
1286 3465 1335 3517 in
1385 3466 1527 3520 notis

88 3544 214 3599 dictum
238 3546 331 3600 luit.
372 3548 421 3602 In
463 3549 787 3621 Origenistis
821 3554 983 3620 igitur
1016 3557 1153 3608 hanc
1186 3571 1399 3626 quoque
1436 3573 1524 3611 re-

87 3635 304 3698 prehensam
327 3640 477 3697 fuisse
503 3645 667 3698 didici
698 3660 728 3699 e
760 3645 817 3701 S.
848 3645 1139 3700 Anastasio
1171 3646 1399 3712 Sinaita,
1433 3649 1526 3716 qui

90 3730 117 3777 in
144 3728 297 3799 liodego
330 3737 453 3803 apud
492 3736 810 3791 Gretserum
850 3748 979 3792 tom.
1017 3737 1137 3792 XIV
1161 3780 1176 3804 ,
1215 3756 1336 3811 pag.
1388 3741 1524 3806 149,

91 3818 155 3871 hec
186 3824 351 3891 scripsit
394 3842 406 3878 :
460 3844 479 3877 ι
509 3828 598 3880 Ait
635 3839 856 3884 sanctus
895 3829 1122 3885 Basilius
1174 3847 1421 3888 sermone
1472 3834 1527 3888 in

92 3904 342 3964 Hexaemeron
377 3928 394 3965 :
432 3914 592 3970 Omne
634 3919 764 3969 illud
810 3920 946 3987 quod
988 3921 1303 3988 principium
1352 3922 1523 3990 liabet,

91 3998 364 4054 luminae»:
386 4005 556 4071 ﬁnem.
583 4049 595 4059 .
628 4047 642 4061 .
670 4048 683 4060 .
718 4008 869 4074 Quod
907 4011 1108 4065 dictum
1135 4014 1327 4067 crebro
1369 4016 1525 4071 nobis

91 4090 524 4155 objiciuntvanissimi
558 4098 893 4170 Origenistte,
921 4112 976 4155 ut
1000 4103 1121 4157 inde
1148 4107 1529 4175 praeexsisten-

92 4178 166 4228 tum
186 4182 424 4240 animarum
460 4191 509 4242 in
546 4190 701 4246 cwlis
736 4205 861 4248 ante
889 4208 1114 4264 corpora
1149 4198 1468 4252 extundant.
1500 4216 1519 4250 ι

92 4266 133 4320 lu
152 4274 409 4335 Anastasius.
444 4282 549 4353 Ego
580 4300 708 4338 vero
734 4301 856 4338 cum
890 4290 1071 4351 verba,
1101 4303 1223 4356 quze
1258 4289 1301 4343 is
1328 4289 1526 4345 Basilio

94 4362 219 4431 tribuit,
245 4368 287 4421 in
314 4370 475 4428 Basilii
504 4377 741 4432 homiliis
773 4379 825 4430 in
852 4376 1209 4433 Hexaemeron
1240 4396 1345 4435 non
1379 4382 1526 4436 inve-

93 4455 210 4516 nerim,
237 4472 380 4516 utrum
411 4481 468 4519 ea
502 4467 683 4522 Basilii
712 4469 841 4533 sint,
871 4470 1079 4539 ignoro.
1116 4471 1221 4526 Sed
1251 4474 1439 4528 eadem
1469 4473 1519 4527 in
1551 4475 1603 4536 D

95 4542 252 4614 M1030
274 4563 430 4606 nostro
458 4570 673 4612 exstare
698 4568 905 4613 certum
930 4569 1034 4614 est.

133 4632 233 4697 Quod
257 4656 358 4696 vero
388 4648 644 4703 hactenus
668 4650 780 4704 dixi
823 4652 888 4705 de
921 4650 1260 4719 Origenianis
1293 4651 1525 4707 locutio-

98 4722 273 4789 “illud
302 4734 453 4801 ipsum
483 4744 547 4793 de
594 4740 663 4794 iis
707 4741 908 4794 dictum
944 4744 1084 4805 volo,
1118 4758 1238 4812 qua:
1277 4754 1399 4811 post
1434 4745 1526 4799 Di-

98 4817 185 4878 dymi
208 4821 368 4877 obitum
400 4827 691 4899 Pelagiana:
734 4842 827 4886 aut
864 4833 1310 4905 Seiiiipelagianw
1344 4836 1526 4890 voeari

99 4917 296 4976 “Petunt,
324 4933 529 4988 quaque
559 4938 588 4975 a
627 4922 875 4992 theologo
904 4933 1087 4978 nostro
1122 4926 1248 4979 item
1285 4936 1343 4979 ut
1371 4944 1398 4977 a
1432 4926 1526 4979 Di-

98 5008 192 5060 “lo
210 5016 422 5076 usurpata:
442 5024 565 5068 sunt
590 5031 603 5066 :
634 5012 931 5081 cujusmodi
958 5026 1045 5069 est
1069 5015 1179 5081 illa,
1208 5032 1311 5084 qua
1337 5030 1528 5073 auctor

99 5100 211 5145 Mater
238 5099 296 5151 ait
325 5117 428 5173 pag.
463 5105 600 5172 270,
631 5109 786 5176 ﬁdem
830 5128 862 5163 a
912 5110 1059 5166 nobis
1098 5112 1339 5178 incipere.
1392 5110 1526 5167 Nam

101 5184 167 5239 Et:
190 5208 347 5265 quoque
377 5202 507 5256 inter
541 5203 898 5273 Origenianas
950 5207 1226 5260 recenseri
1264 5215 1525 5274 possunt,

102 5288 220 5347 ηυερνε
243 5302 348 5355 Quas
390 5304 571 5349 auctor
606 5304 788 5348 noster
824 5310 887 5350 ex
919 5293 1153 5365 Origene
1188 5296 1528 5367 gdesumpsit,

103 5377 133 5413 Il
153 5376 271 5428 monui
296 5388 388 5433 not.
420 5384 465 5448 l,
498 5398 619 5453 pag.
644 5381 770 5436 Ἦοο

102 5472 221 5551 lx“)
245 5487 344 5573 Cliti.
381 5492 483 5549 XV.
519 5496 686 5551 Iidem
719 5500 768 5551 in
794 5497 1026 5567 theologo
1054 5510 1255 5573 nostra,
1287 5512 1443 5573 atque
1473 5503 1527 5557 in

264 5557 449 5633 Didgmo
470 5582 740 5621 occurrunt
765 5557 1025 5624 memoriis
1043 5570 1244 5640 lapsus.

106 5724 111 5733 Ι
144 5637 304 5705 Keilan
335 5660 527 5723 quidem
564 5664 711 5732 parvi
753 5661 1055 5718 faciendum
1084 5637 1187 5730 est,
1227 5667 1368 5734 quod
1403 5682 1525 5722 cum

104 5736 338 5808 “implore
378 5762 570 5822 nostro,
607 5764 717 5810 tum
768 5757 822 5811 iu
854 5756 1096 5829 .Didymo
1143 5759 1521 5824 animadverti,

1636 517 1910 571 "tentoria!
1956 517 2086 569 vitio
2132 517 2337 587 lapsum
2387 534 2529 576 esse.
2567 523 2632 577 Et
2663 527 2806 595 quod
2858 528 3052 583 attinet
3080 530 3206 599 qni-

1636 609 1757 662 dem
1815 610 1879 661 ad
1936 610 2245 677 theologum
2298 623 2578 681 nostrum,
2638 619 2845 689 singula
2901 619 3207 689 linjusmodi

1633 708 1812 751 errata
1848 699 2135 769 diligenter
2164 703 2276 772 ipse
2306 704 2360 757 in
2407 707 2722 776 paginarum
2761 712 3003 781 margine
3034 713 3205 766 adno-

1635 789 1738 840 tavi
1777 804 1791 852 ;
1832 791 1993 845 multa
2034 793 2199 846 etiam
2238 794 2290 847 in
2336 812 2508 850 rerum
2553 797 2736 853 Iudice
2767 802 2831 855 ad
2874 818 3056 857 vocem
3090 804 3207 858 Με-

1630 886 1813 939 moria:
1850 885 2086 939 indicata
2118 898 2267 939 sunt.

1703 977 1855 1043 Quod
1889 990 2067 1032 autem
2096 988 2307 1048 spectat
2347 981 2413 1034 ad
2440 979 2745 1053 Didymuni,
2786 986 2886 1039 etsi
2928 988 3202 1058 pleraque,

1630 1076 1720 1120 aut
1769 1068 1971 1135 omnia,
2008 1084 2127 1137 qua:
2168 1078 2403 1135 exstant,
2436 1070 2581 1125 illius
2622 1088 2785 1141 opera
2832 1074 3004 1129 tribus
3047 1078 3202 1131 hisce

1630 1160 1696 1213 de
1731 1157 1997 1214 Trinitate
2028 1160 2181 1214 libris
2208 1161 2454 1216 breviora
2494 1164 2620 1225 sint,
2677 1165 2984 1233 hujusmodi
3027 1178 3203 1225 tamen

1628 1248 1808 1319 lapsus
1842 1251 1897 1304 in
1929 1252 1994 1305 iis
2028 1268 2243 1320 quoque
2288 1253 2636 1321 deprehendi.
2677 1255 2772 1317 Ita,
2823 1260 2970 1312 verbi
3007 1260 3203 1328 gratia,

1629 1342 1681 1394 in
1723 1341 1859 1396 libro
1897 1343 2015 1396 adv.
2053 1341 2379 1397 Manio/toros
2416 1360 2535 1415 pag.
2575 1346 2698 1411 9.07,
2741 1360 3022 1418 postquam
3052 1363 3200 1406 attu-

1628 1432 1689 1485 lit
1723 1448 1788 1487 ex
1831 1432 1997 1489 Paulo
2041 1434 2155 1487 haec
2202 1436 2386 1500 verba,
2432 1435 2501 1489 Ut
2545 1439 2609 1490 sit
2648 1450 2852 1506 sancta,
2889 1451 2943 1495 et
2982 1455 3201 1511 caetera,

1626 1540 1744 1591 qua:
1772 1515 1989 1580 exstant
2033 1527 2083 1581 in
2123 1526 2220 1597 Ep.
2256 1528 2271 1580 Ι
2338 1530 2404 1581 ad
2461 1528 2791 1595 Corinthios,
2830 1537 3012 1588 statim
3074 1537 3203 1590 sub-

1622 1615 1845 1685 jungit:
1886 1616 2001 1671 luto
2040 1620 2193 1671 etiam
2239 1619 2294 1671 in
2343 1618 2576 1687 Epistula
2645 1625 2714 1676 ad
2752 1622 3068 1688 Corinthios,
3097 1639 3201 1682 etc.

1627 1708 1767 1773 Quin
1794 1709 2052 1763 continuo
2098 1721 2218 1778 post
2268 1713 2380 1765 haec
2425 1713 2588 1767 verba
2627 1730 2814 1771 rursus
2853 1716 3094 1783 labitur;
3128 1722 3205 1775 ait

1886 1798 1955 1853 Et
2000 1802 2162 1869 paulo
2199 1813 2312 1871 post
2346 1805 2552 1858 eosdem
2580 1804 2936 1881 (Corinthios)
2977 1810 3205 1880 alloqui-

1631 1899 1738 1955 tur,
1770 1900 1919 1957 etc.;
1956 1895 2119 1947 verba
2160 1895 2329 1959 enim,
2370 1911 2499 1965 quae,
2540 1897 2586 1950 is
2630 1898 2844 1966 allegat,
2891 1916 2995 1955 non
3042 1904 3203 1971 paulo

1618 1990 1764 2047 post,
1802 1983 1893 2034 sed
1929 1981 2088 2049 paulo
2111 1995 2258 2045 ante,
2294 1984 2399 2038 imo
2434 1988 2681 2055 proxime
2713 1991 2959 2059 Superius
2988 2001 3205 2047 exstant

1630 2072 1771 2137 apud
1826 2069 2071 2137 Paulum.
2134 2072 2310 2129 Simili
2357 2078 2515 2131 modo
2575 2079 2627 2132 in
2692 2084 3095 2136 commentariis
3147 2084 3201 2136 in

1631 2161 1762 2215 Acta
1802 2164 2180 2232 apostolorum,
2214 2183 2444 2237 quorum
2486 2174 2997 2226 commentariorum
3031 2189 3198 2242 pauca

1634 2253 1935 2322 fragmenta
1965 2254 2194 2312 Wolﬁus
2222 2260 2409 2323 edidit,
2454 2260 2645 2317 Petrus
2686 2278 2784 2333 pro
2812 2262 2979 2319 Paulo
3023 2267 3194 2320 nomi-

1630 2358 1790 2400 natur
1859 2364 1979 2417 pag.
2048 2349 2120 2404 23
2212 2362 2342 2406 tom.
2409 2352 2475 2406 ιν
2523 2354 2906 2409 Anecdotorum
2961 2358 3201 2426 ejusdem

1625 2436 1834 2494 Wollii.
1865 2439 1920 2492 In
1950 2441 2087 2495 libro
2116 2442 2278 2496 etiam
2311 2443 2385 2497 De
2422 2442 2514 2513 Sp.
2541 2457 2722 2499 sancto
2746 2446 2897 2515 plura
2924 2462 2991 2501 ex
3016 2449 3203 2517 hujus-

1630 2531 1772 2584 modi
1837 2532 2034 2585 erratis
2081 2534 2281 2598 inveni,
2342 2550 2406 2588 ac
2457 2536 2523 2589 de
2579 2535 2646 2590 iis
2708 2534 2962 2591 lectorem
3018 2540 3202 2594 monui

1629 2638 1752 2692 pag.
1783 2623 1836 2687 ’5,
1868 2634 1980 2677 not.
2010 2626 2065 2691 2,
2097 2636 2151 2679 et
2177 2641 2298 2695 pag.
2327 2626 2415 2693 62,
2442 2638 2553 2680 not.
2595 2628 2650 2681 ἓ.
2684 2627 2906 2683 Demum
2947 2630 2999 2683 in
3029 2630 3202 2687 Errare

1628 2716 1920 2769 rationibus
1966 2718 2019 2769 in
2068 2716 2339 2785 Epistolas
2382 2718 2667 2774 catholicas
2709 2720 2938 2790 plurima
2985 2724 3200 2790 quidem

1630 2806 1925 2874 Scriptura:
1962 2808 2267 2861 teatimonia
2302 2808 2539 2876 profert,
2574 2811 2668 2863 sed
2720 2812 2806 2864 vix
2855 2814 3079 2878 duobus,
3109 2814 3204 2866 tri-

1627 2896 1793 2952 husve
1835 2900 1884 2952 in
1932 2900 2065 2955 locis
2123 2901 2290 2956 libros
2341 2902 2602 2969 nominat,
2656 2920 2722 2959 ex
2754 2906 2950 2973 quibus
3003 2922 3064 2959 ea
3106 2910 3202 2960 de-

1626 3005 1835 3061 sumpta
1887 3004 2033 3057 sunt,
2066 2994 2223 3063 quasi
2289 3005 2543 3049 vereatur
2577 3012 2643 3050 ne
2689 2997 2739 3050 in
2779 2996 3080 3065 hujusmodi
3116 3014 3203 3052 er—

1629 3092 1743 3135 rata
1774 3082 1972 3137 incidat
2014 3100 2027 3138 :
2073 3099 2258 3138 verum
2290 3099 2477 3140 omnes
2511 3087 2783 3140 meritoria:
2821 3088 2999 3156 lapsus
3034 3090 3204 3142 vitare

1630 3189 1733 3229 non
1785 3177 1992 3242 potuit;
2048 3191 2327 3245 exponens
2386 3178 2529 3230 enim
2573 3188 2824 3246 quartum
2876 3191 3041 3248 caput
3089 3180 3203 3248 epi-

1628 3263 1776 3317 stola:
1835 3265 1852 3317 Ι
1897 3265 2063 3330 Petri,
2146 3266 2343 3339 allegat
2387 3280 2639 3322 octavum
2693 3270 3014 3324 versiculum
3065 3272 3202 3340 capi-

1629 3355 1696 3409 tis
1735 3371 1767 3409 v
1812 3354 2061 3425 Epistulae
2101 3359 2167 3411 ad
2200 3359 2492 3425 Rotiianos,
2554 3371 2665 3413 tum
2700 3360 2817 3415 haec
2842 3362 2993 3415 addit
3025 3386 3036 3417 ;
3078 3380 3097 3413 ι
3140 3362 3203 3416 Et

1628 3461 1750 3500 tnox
1784 3449 1858 3501 ait
1894 3466 1908 3502 :
1936 3446 2043 3503 Pro
2068 3450 2259 3517 impiis.
2287 3470 2305 3502 ι
2338 3449 2500 3516 Quasi
2525 3452 2641 3505 huic
2662 3455 2845 3518 verba,
2871 3470 2966 3521 pro
3000 3454 3198 3521 impiis,

1627 3545 1748 3605 post
1785 3547 2032 3590 octavum
2080 3539 2407 3593 versiculum
2452 3549 2768 3608 sequantur,
2824 3558 2948 3596 cum
2987 3554 3201 3598 exstent

1628 3629 1892 3683 versiculo
1925 3639 2079 3683 sexto
2108 3630 2351 3699 ejusdem
2374 3631 2593 3700 capitis.

1701 3718 1804 3774 Sed
1844 3727 1897 3773 et
1940 3721 2099 3775 aliam
2140 3722 2374 3790 adjicere
2423 3725 2599 3792 placet
2637 3724 3187 3789 animadversionem,

1628 3824 1747 3876 qua:
1799 3809 1966 3878 pluris
2021 3811 2196 3864 adhuc
2240 3811 2484 3866 facienda
2534 3822 2661 3879 est;
2707 3815 2887 3883 aliqua
2936 3817 3076 3869 enim
3131 3833 3198 3871 ex

1628 3897 1780 3951 hisce
1823 3898 2016 3954 erratis
2072 3914 2178 3952 non
2226 3902 2385 3956 modo
2427 3901 2643 3969 similia,
2688 3905 2780 3957 sed
2815 3906 2999 3959 eadem
3042 3906 3200 3974 plane

1628 3988 1683 4044 in
1745 3998 1976 4059 utroque
2026 4002 2245 4046 auctore
2297 4008 2416 4047 esse
2470 3995 2727 4063 comperi.
2806 3995 2916 4061 lla,
2963 3998 3194 4065 exempli

1628 4083 1819 4153 gratia,
1858 4083 2003 4138 l’auli
2029 4086 2211 4149 verba,
2243 4083 2310 4138 Ut
2344 4086 2410 4138 sit
2438 4098 2619 4141 sancta
2652 4104 2887 4157 corpore,
2910 4100 2956 4142 et
2983 4089 3194 4158 spiritu,

1630 4176 1905 4246 theologus
1940 4178 2154 4246 quidem
2186 4190 2389 4244 noster,
2445 4195 2569 4250 pag.
2605 4180 2728 4247 160,
2772 4183 2991 4250 reperiri
3025 4183 3101 4234 ait
3146 4184 3198 4236 in

1627 4266 1862 4337 Epistula
1910 4270 1977 4323 ad
2024 4269 2311 4336 Hebraeos,
2365 4286 2489 4325 cum
2539 4283 2755 4327 exstent
2810 4274 2863 4327 in
2912 4275 3085 4343 prima
3131 4276 3198 4328 ad

1628 4356 1958 4415 Corinthios.
2013 4359 2271 4432 Didymus
2313 4377 2444 4417 vero
2481 4363 2532 4417 in
2582 4364 2717 4419 libro
2742 4367 2987 4419 adversus
3027 4365 3200 4418 Muni-

1629 4451 1800 4503 cliwos
1844 4452 2034 4505 eadem
2068 4452 2229 4506 verba
2286 4453 2366 4506 sic
2405 4451 2583 4520 all‘erl,
2616 4464 2673 4507 ut
2710 4469 2772 4507 ea
2804 4470 2907 4508 non
2941 4455 2991 4507 in
3028 4456 3198 4523 prima

1627 4540 1693 4593 ad
1717 4538 2026 4595 Corinthios
2055 4553 2273 4596 exstare
2317 4542 2567 4607 allirmet,
2605 4544 2698 4598 sed
2738 4545 2843 4597 alio
2878 4544 2932 4598 in
2968 4546 3105 4609 loco,
3143 4557 3198 4600 ut

1629 4633 1808 4685 monui
1855 4648 1975 4702 pag.
2028 4633 2147 4699 160,
2199 4645 2313 4689 ηοι.
2364 4636 2452 4689 10.
2510 4636 2699 4691 Simile
2740 4637 2867 4708 quid
2915 4653 3035 4708 pag.
3071 4638 3196 4705 388,

1628 4731 1740 4774 not.
1776 4721 1827 4787 9,
1864 4735 1917 4776 et
1947 4724 2074 4778 alibi
2102 4726 2444 4779 observatum
2472 4735 2575 4779 est.

1628 4859 1757 4915 CAP.
1782 4859 1917 4914 XVI.
1940 4860 2194 4915 Memoria
2218 4871 2390 4916 tamen
2414 4863 2638 4937 pollebat
2656 4864 2914 4934 singulari
2932 4866 3196 4937 theologus

2130 4944 2304 4986 uoster
2334 4946 2384 4986 ut
2424 4936 2702 5003 Didymus.

1701 5024 1805 5079 Sed
1839 5041 1959 5078 cum
1999 5040 2150 5093 opere
2173 5026 2227 5077 in
2259 5026 2412 5096 longo
2446 5026 2528 5095 fas
2558 5029 2628 5081 sit
2657 5028 2898 5095 obrepere
2935 5046 3197 5093 somnum,

1630 5129 1689 5173 ut
1711 5118 1937 5173 Flaccus
1962 5119 2057 5182 ait,
2090 5119 2282 5172 mirum
2313 5120 2511 5174 nemini
2538 5119 2703 5175 videri
2737 5121 2915 5187 debet,
2941 5124 3083 5192 quod
3107 5141 3200 5178 au-

1630 5221 1834 5267 ctorem
1868 5221 2129 5274 nostrum,
2156 5213 2281 5264 dum
2314 5212 2723 5267 innumerabilia
2745 5215 2874 5269 citat
2905 5214 3201 5285 Scriptura:

1630 5302 1770 5367 loca,
1815 5304 2073 5357 memoria
2132 5302 2403 5357 interdum
2460 5304 2715 5360 fefellerit
2766 5326 2777 5360 :
2834 5305 2964 5362 illud
3018 5308 3199 5378 potius

1627 5409 1821 5451 omnes
1854 5395 2213 5459 mirabuntur,
2250 5403 2399 5449 tanta
2435 5410 2557 5451 eum
2596 5398 2853 5452 memoria
2886 5398 3107 5468 pollere,
3141 5408 3198 5453 ut

1631 5496 1738 5542 tam
1806 5485 1972 5541 multa
2032 5495 2235 5556 priesto
2280 5502 2494 5557 semper
2549 5489 2748 5543 haheat
2788 5490 3079 5545 Bibliorum
3119 5501 3197 5545 te~
3276 5475 3283 5483 ’

1629 5578 1903 5633 stimonia.
1950 5579 2019 5631 At
2049 5578 2101 5632 id
2137 5580 2308 5647 ipsum
2363 5580 2587 5651 Didymo
2623 5582 2990 5637 Alexandrino
3016 5583 3198 5651 appri-

1633 5684 1716 5723 me
1778 5669 2065 5738 congruit,
2116 5673 2256 5739 quod
2316 5671 2463 5724 illum
2520 5676 2783 5728 memoria
2851 5688 3196 5744 summopere

1633 5761 1866 5818 valuisse
1895 5776 2017 5818 cum
2042 5778 2231 5821 omnes
2261 5780 2365 5821 uno
2388 5780 2484 5822 ore
2511 5773 2776 5823 testentur
2806 5779 3036 5833 veteres,
3081 5777 3193 5820 tum
