3774 6314
504 281 606 338 163

1918 273 2005 327 DE
2051 269 2309 327 DIDYMD
3625 266 3712 322 l‘ii

507 398 616 468 ejus
646 409 808 466 opera
845 393 1185 458 conﬁrment,
1227 392 1459 446 maxime
1504 405 1630 446 vero
1660 390 1794 444 liber
1829 388 1900 442 De
1931 390 2053 458 Spi-
2082 394 2127 449 Α
2169 385 2281 460 ejus
2306 384 2358 435 in
2381 349 2563 443 vobis;
2595 378 2781 432 Latina
2819 391 2945 431 vero
2976 375 3168 440 Biblia,
3197 391 3400 444 propter
3428 377 3713 432 inhabitan-

507 489 607 539 ritu
642 494 843 545 sancto,
877 482 1253 535 Enarrationes
1290 483 1340 534 in
1370 479 1634 548 Epistolas
1666 480 1968 541 catholicas.
1997 489 2052 532 et

506 592 620 646 quae
652 583 933 642 supersunt
957 573 1251 642 fragmenta
1276 574 1780 627 commentariorum
1810 557 1976 640 ipsius
2002 571 2055 624 in

507 682 652 723 Sacra
685 665 850 720 Bthia
897 683 910 717 ς
954 664 1253 730 huiusmodi
1311 664 1452 718 enim
1505 663 1668 717 libros
1711 678 1738 714 a
1780 677 1923 716 caeco
1975 662 2056 713 di-

506 758 638 814 ctari
679 756 918 826 potuisse
954 755 1036 807 vix
1075 756 1126 808 in
1157 756 1392 807 animum
1430 753 1823 816 induceremus,
1857 751 1958 804 nisi
1989 766 2055 805 ex

507 849 815 904 tndubitatis
871 855 1144 900 constaret
1200 845 1560 900 monumentis
1620 859 1740 897 cum
1792 858 1892 897 non
1947 843 2059 896 lucc

508 939 695 1003 modo,
744 952 930 992 verum
974 936 1081 989 alia
1129 936 1284 1006 longe
1331 934 1502 1004 plura,
1549 933 1674 997 imo,
1705 943 1766 986 ut
1798 932 2058 1002 Hierony-

507 1045 627 1083 mus
674 1029 946 1097 loquitur,
994 1027 1392 1079 innumerabilia
1435 1039 1595 1094 opera
1633 1024 1884 1078 dictasse.
1928 1023 2059 1077 Novi

507 1117 751 1186 equidem
804 1115 990 1184 primis
1036 1115 1289 1170 Ecclesiae
1319 1114 1530 1170 saeculis
1585 1115 1846 1183 plurimos
1899 1114 2062 1168 fuisse

507 1211 860 1274 Christianos,
891 1210 980 1278 qui
1019 1209 1197 1261 divina
1239 1207 1506 1260 volumina
1540 1217 1796 1261 nocturna
1841 1207 2062 1258 diurna-

508 1315 613 1370 qne
671 1316 828 1353 manu
895 1307 1167 1353 versantes
1241 1298 1550 1350 memoriter
1599 1312 1663 1351 ea
1728 1296 2058 1350 ediscebant.

509 1396 643 1460 Quin
677 1393 854 1463 plures
886 1391 1048 1444 etiam
1088 1388 1358 1443 exstitisse
1378 1403 1480 1441 non
1518 1386 1819 1450 inliciabor,
1850 1385 1944 1454 qui
1983 1385 2064 1437 in-

512 1500 655 1559 tegra
689 1486 859 1539 Biblia
909 1481 1141 1536 ﬁdeliter
1167 1481 1282 1534 sine
1321 1480 1522 1548 scripto
1564 1479 1794 1531 recitare
1821 1483 2060 1545 possent,

509 1591 567 1634 ut
596 1578 708 1630 vult
738 1586 923 1630 auctor
949 1575 1322 1642 Antiquitatum
1347 1570 1564 1625 Critices
1589 1579 1716 1623 tom.
1745 1568 1784 1632 I,
1815 1583 1877 1622 ac
1904 1566 2064 1621 Joan-

511 1686 605 1725 nes
650 1670 890 1740 Lyronus
936 1666 1232 1720 monachus
1275 1665 1336 1719 S.
1374 1662 1542 1716 Mauri
1585 1671 1714 1716 tom.
1771 1659 1834 1713 Ill
1874 1659 2063 1712 Rerum

2164 486 2288 538 tem,
2317 482 2420 526 etc.
2456 489 2471 535 ;
2503 469 2777 536 theologus
2818 477 2994 520 autem
3027 477 3207 519 noster
3238 482 3338 519 non
3369 467 3551 520 solum
3579 470 3706 534 legit,

2157 582 2248 635 per
2287 563 2689 626 inhabitantem,
2720 560 2814 613 sed
2846 568 2900 613 et
2926 559 3147 612 alteram
3178 559 3467 612 lectionem
3517 569 3579 613 ut
3609 560 3703 612 Ma-

2159 655 2505 710 cedonianam
2554 651 2827 719 improbat
2866 667 2879 702 :
2929 659 2984 702 at
3023 647 3280 718 Didymus
3322 650 3487 703 etiam
3522 650 3573 702 in
3603 651 3703 705 libr.

2161 750 2236 803 De
2291 746 2489 814 Spiritu
2531 756 2712 799 sancto
2751 743 2900 814 legit,
2947 760 3039 811 per
3086 743 3488 808 inhabitantem,
3525 753 3582 795 ut
3616 745 3702 797 dixi

2160 858 2284 911 pag.
2330 839 2453 904 180,
2505 847 2620 892 ιιοι.
2661 838 2713 891 5.
2759 835 2962 900 Tertio,
3005 842 3193 888 auctor
3222 845 3407 889 noster
3443 851 3567 904 pag.
3596 835 3700 900 247,

2163 933 2438 988 haereticos
2518 929 2816 998 redarguit,
2845 928 2986 996 quod
3022 927 3074 980 in
3107 927 3398 980 Bibliorum
3443 929 3701 995 exempla-

2165 1025 2314 1078 ribus
2358 1039 2422 1077 ex
2451 1021 2681 1090 quodam
2734 1021 2899 1074 Amos
2937 1019 3211 1098 prophetae
3255 1017 3370 1073 loco
3409 1032 3598 1072 vocem
3628 1036 3700 1087 ego

2163 1113 2528 1179 abstulerint;
2600 1112 2856 1182 Didymus
2927 1125 3053 1164 vero
3115 1111 3358 1165 eumdem
3447 1111 3702 1180 pr0phetae

2162 1214 2362 1258 textum
2412 1201 2643 1256 allerens
2697 1201 2749 1253 in
2793 1200 2932 1252 libro
2967 1198 3042 1252 De
3089 1197 3292 1265 Spiritu
3352 1211 3540 1252 sancto
3576 1217 3698 1252 ιιιιιιι.

2164 1295 2230 1348 14
2264 1304 2316 1348 et
2355 1293 2442 1357 59,
2487 1301 2640 1346 cavet
2686 1307 2753 1346 ne
2795 1291 3004 1346 omittat
3029 1292 3313 1345 dictiOnem
3349 1307 3467 1359 ego.
3502 1291 3696 1356 Quarto,

2153 1371 2282 1440 cum
2317 1386 2452 1455 apud
2483 1384 2744 1438 Joannem
2785 1398 2901 1451 cap.
2932 1399 2969 1445 ι,
2998 1398 3139 1436 vers.
3185 1382 3271 1447 18,
3299 1397 3492 1435 omnes
3531 1382 3694 1435 editio.

2169 1493 2266 1532 nes
2314 1487 2419 1529 tam
2479 1475 2699 1538 Grzecae,
2749 1490 2905 1542 quam
2956 1473 3178 1537 Latinae,
3225 1474 3334 1526 imo
3367 1484 3421 1526 et
3482 1473 3690 1526 Alexan-

2167 1567 2352 1622 drinus
2394 1567 2560 1620 codex
2612 1567 2822 1625 haheat,
2870 1562 3175 1633 Unigenitus
3207 1563 3398 1628 Filius,
3441 1565 3531 1631 qui
3571 1567 3696 1616 estin

2163 1658 2281 1710 sinu
2314 1655 2490 1709 Patris
2522 1658 2626 1724 ipse
2688 1657 2989 1719 enarravit;
3027 1657 3301 1725 theologus
3333 1666 3513 1710 tamen
3543 1668 3695 1710 noster

509 1761 850 1829 singularium
883 1758 951 1811 ad
980 1757 1201 1819 litteras,
1250 1755 1619 1822 historiamque
1643 1753 2004 1820 spectantium,
2032 1767 2060 1804 a
2093 1741 2136 1794 Β
2163 1765 2284 1819 pag.
2319 1747 2408 1810 76,
2461 1755 2516 1800 et.
2565 1746 2687 1799 alibi
2733 1761 2828 1814 pro
2862 1745 3167 1816 Unigenitus
3207 1745 3379 1800 Filius
3417 1747 3542 1817 legit
3589 1747 3692 1800 Uni-

509 1854 626 1906 viro
669 1851 878 1905 clariss.
929 1848 1088 1903 Casto
1129 1847 1433 1917 Alnnocente
1477 1844 1733 1899 Ansaldio
1782 1843 2062 1913 allegatus.

509 1944 579 1996 At
640 1940 914 2010 theologus
968 1949 1152 1994 noster
1217 1953 1321 1992 non
1398 1946 1600 1990 tantum
1668 1951 1852 1990 sacros
1903 1936 2066 1988 libros

512 2036 744 2086 maxima
772 2034 956 2086 saltem
988 2046 1052 2084 ex
1080 2041 1230 2099 parte
1267 2029 1523 2082 memoria
1558 2028 1795 2081 tenuisse
1832 2028 2062 2091 videtur,

513 2136 698 2174 verum
731 2121 893 2174 etiam
929 2119 1109 2173 omnia
1148 2118 1438 2185 Scriptura:
1473 2116 1606 2177 loca,
1642 2132 1760 2184 qua:
1801 2117 1915 2168 usui
1948 2132 2066 2171 esse

511 2213 1186 2282 pOssent,quotiescunque
1201 2212 1314 2264 usui
1331 2207 1544 2281 [XXVI]
1573 2210 1746 2262 futura
1771 2220 1941 2273 erant,
1960 2226 2065 2279 pra:

516 2302 688 2355 oculis
745 2301 950 2355 habuit.
998 2299 1152 2352 Aliud
1210 2308 1390 2350 autem
1440 2309 1520 2351 est
1577 2295 1855 2362 Psalmos,
1916 2297 2063 2351 verbi

513 2406 698 2458 causa,
719 2401 812 2444 aut
850 2391 1053 2458 integra
1103 2387 1266 2442 Biblia
1313 2389 1385 2442 ita
1432 2389 1686 2442 memoria
1725 2389 1976 2452 retinere,
2007 2398 2066 2441 ut

514 2485 629 2539 haec
681 2483 732 2537 in
776 2481 1003 2536 ecclesia
1045 2481 1128 2535 vel
1167 2481 1463 2534 dormitans
1505 2481 1812 2533 memoriter
1841 2481 2066 2533 recitare

513 2573 740 2637 valeas;
789 2572 931 2624 aliud
975 2586 1102 2624 vero
1147 2585 1211 2623 ex
1265 2569 1753 2623 innumerabilibus
1805 2579 2062 2638 praeterea

519 2664 915 2733 Scripturarum
965 2661 1288 2716 teStimoniis
1329 2663 1409 2714 'ea
1465 2675 1680 2727 semper
1721 2661 1772 2712 in
1816 2669 2063 2728 promptu

513 2755 712 2810 habere
735 2763 893 2822 atque
920 2751 1126 2816 afferre,
1160 2767 1277 2820 qua:
1305 2752 1369 2803 ad
1408 2766 1516 2803 rem
1563 2751 1778 2804 faciant.
1814 2749 1944 2803 Illud
1972 2766 2064 2804 ex-

510 2846 756 2900 cellentis
793 2846 1061 2899 memoria:
1087 2853 1211 2910 est;
1244 2845 1345 2897 hoc
1373 2858 1520 2904 vero,
1560 2853 1616 2895 ut
1643 2845 1886 2912 equidem
1922 2844 2065 2894 arbi-

510 2947 646 3003 trur,
684 2936 1152 2991 excellentissiman
1193 2954 1206 2989 :
1239 2950 1302 2988 ac
1352 2935 1479 2988 illud
1522 2935 1736 3002 quidem
1786 2934 2060 3004 Didymum

511 3029 690 3084 facere
722 3028 958 3096 potuisse
988 3028 1116 3079 satis
1148 3025 1420 3095 probabile
1453 3035 1572 3086 est;
1613 3026 1710 3079 hoc
1746 3039 1871 3079 vero
1904 3024 2059 3078 theo-

507 3121 686 3192 logum
719 3129 982 3184 nostrum,
1012 3135 1102 3172 seu
1131 3119 1407 3189 Didymum
1441 3120 1610 3186 ipsum
1639 3117 1826 3171 fecisse
1854 3127 2059 3170 certum

509 3228 573 3268 ac
601 3212 940 3267 manifestum
980 3220 1079 3265 est.

509 3304 638 3359 CAP.
664 3303 824 3356 XVII.
857 3301 1062 3355 [Civilem
1108 3300 1158 3353 in
1192 3299 1425 3368 tlteologo
1468 3310 1642 3352 nostro
1665 3340 1678 3360 ,
1708 3310 1858 3367 atque
1893 3302 1944 3352 in
1981 3299 2065 3352 Di-

579 3376 731 3442 dymo
758 3374 1102 3438 quorumdam
1134 3368 1420 3438 Scripturw
1459 3379 1686 3422 textnum
1729 3369 2009 3433 leaiones._

580 3486 826 3556 Magnam
877 3485 1043 3538 fuisse
1085 3483 1291 3553 Didymi
1331 3491 1488 3536 aetate
1527 3483 1578 3534 ln
1623 3480 1822 3536 Graecis
1857 3482 2059 3536 Biblio-

509 3594 626 3634 rum
661 3575 1052 3647 exemplaribus
1074 3588 1165 3628 aut
1193 3574 1498 3639 lectionum,
1524 3585 1616 3626 aut
1654 3574 2060 3628 translationum

507 3669 844 3733 varietatem,
884 3681 1040 3720 nemo
1082 3665 1292 3719 nescius
1321 3673 1423 3728 est,
1458 3673 1511 3716 nt
1544 3665 1789 3730 superius
1817 3665 2060 3718 dicebam

507 3774 629 3829 cap.
659 3757 797 3813 VIII.
837 3758 1122 3812 Videamus
1155 3771 1305 3824 ergo,
1336 3767 1513 3808 utrum
1549 3754 1826 3825 theologus
1853 3767 2057 3820 noster,

508 3865 573 3905 ao
623 3851 876 3918 Didymus
908 3849 1122 3903 easdem
1162 3847 1483 3901 Biblicorum
1533 3855 1768 3900 textunnt
1807 3848 2061 3903 lectiones

507 3942 677 3998 secuti
718 3943 864 4007 sint;
913 3941 956 3994 si
1007 3940 1148 3993 enim
1198 3941 1412 3992 easdem
1476 3940 1613 4007 apttd
1647 3948 1931 4008 utrumque
1963 3941 2060 3994 de-

505 4033 974 4103 prehenderimus,
998 4032 1102 4084 erit
1130 4030 1229 4084 hoc
1254 4043 1465 4097 quoque
1506 4044 1607 4081 non
1634 4029 1746 4084 leve
1778 4029 2057 4096 indicium,

505 4125 647 4194 quod
670 4123 907 4193 opinioni
934 4131 1130 4176 nostra:
1154 4121 1492 4190 sullragetur.
1519 4120 1715 4174 Verum
1743 4138 1845 4176 non
1871 4138 2060 4177 omnes

510 4214 662 4284 parvi
703 4214 862 4268 etiam
899 4213 1151 4268 momenti
1180 4213 1461 4264 varietates
1505 4213 1836 4265 attendcnda:
1885 4221 2008 4265 sunt
2041 4231 2056 4279 ;

505 4320 645 4374 saepe
683 4306 824 4359 enim
867 4305 1126 4372 contingit
1166 4311 1226 4357 ut
1287 4318 1448 4354 unum
1502 4302 1857 4370 eumdemque
1903 4302 2058 4358 Scri—

2164 1841 2366 1910 genitus
2416 1839 2552 1892 Deus
2593 1854 2612 1890 :
2658 1838 2936 1909 Didymum
2978 1853 3105 1893 vero
3164 1839 3357 1910 legisse
3418 1839 3691 1909 Unigenilus

2167 1932 2328 1993 Deus,
2355 1931 2599 1998 quamvis
2645 1942 2792 1983 certo
2841 1932 3066 1999 probare
3102 1946 3385 2001 nequeam,
3425 1933 3563 2001 quod
3599 1934 3692 1984 nul-

2167 2021 2248 2075 lus
2296 2035 2438 2074 nunc
2494 2032 2775 2076 succurrat
2820 2021 2991 2085 locus,
3051 2022 3102 2075 in
3157 2038 3263 2091 quo
3310 2033 3520 2077 textum
3572 2024 3686 2077 hunc

2166 2113 2368 2176 afferat,
2398 2114 2498 2168 hoc
2527 2125 2700 2168 tamen
2725 2115 2878 2168 modo
2899 2125 2950 2168 et
2980 2130 3100 2168 eum
3127 2113 3319 2183 legisse
3347 2117 3561 2184 cpinor,
3597 2132 3687 2168 rum

2165 2206 2283 2273 ejus
2318 2220 2529 2273 qucque
2557 2220 2850 2272 praecessor
2879 2203 3136 2274 Origenes
3165 2206 3460 2259 catecbista
3493 2206 3688 2258 Alexan-

2167 2293 2353 2346 drinus
2396 2295 2580 2347 eadem
2644 2295 2850 2347 ratione
2903 2293 3110 2362 legerit,
3161 2304 3217 2348 ut
3270 2296 3378 2349 diu
3452 2312 3569 2366 pag.
3616 2296 3684 2356 76,

2166 2393 2277 2438 not.
2314 2384 2364 2439 5.
2401 2385 2658 2454 Denique,
2701 2385 2952 2438 lectorem
3002 2401 3150 2456 rogo,
3187 2396 3244 2440 ut
3281 2402 3342 2440 ea
3393 2389 3566 2441 videat
3594 2403 3684 2454 qua:

2163 2493 2284 2549 pag.
2326 2479 2538 2546 quidem
2584 2478 2709 2542 240,
2749 2488 2858 2532 not.
2894 2479 2947 2541 l,
2990 2479 3176 2548 scripsi
3213 2480 3278 2533 de
3310 2479 3459 2534 Pauli
3501 2482 3683 2542 verbis,

2165 2565 2383 2635 Spiritui
2413 2567 2503 2621 Dei
2529 2569 2802 2622 servientes
2829 2583 2848 2632 ;
2882 2569 3006 2622 alibi
3040 2585 3161 2622 vero
3188 2570 3254 2624 de
3288 2571 3411 2624 aliis
3447 2571 3678 2624 textilins:

2163 2674 2261 2727 ego
2283 2659 2421 2713 enim
2448 2676 2567 2713 cum
2589 2675 2774 2716 verear
2805 2678 2868 2714 ne
2897 2661 3104 2730 longior
3137 2662 3263 2728 siin,
3292 2663 3397 2717 alia
3423 2663 3681 2732 huiusmodi

2163 2750 2402 2818 exempla
2431 2750 2516 2804 hic
2548 2749 2739 2805 allerre
2772 2753 3114 2818 supersedeo.

2233 2841 2309 2893 Ac
2345 2840 2468 2893 illud
2499 2842 2672 2909 potius
2714 2843 2872 2902 addo,
2929 2843 2996 2896 ab
3034 2853 3251 2898 auctore
3291 2845 3506 2913 quidem
3536 2856 3681 2898 nostro

2163 2927 2452 2997 Scripturze
2491 2930 2606 2985 loca
2638 2931 2714 2985 sic
2745 2946 2887 3000 saepe
2925 2930 3124 2996 alierri,
3158 2942 3215 2985 ut
3248 2936 3523 2989 sententiae
3547 2933 3679 2999 magis

2164 3021 2458 3084 adhaereat,
2523 3038 2680 3090 quam
2747 3025 2982 3088 verbis;
3051 3035 3104 3078 at
3154 3029 3334 3080 eadem
3401 3043 3458 3081 se
3519 3027 3679 3080 ratione

2165 3113 2393 3183 gessisse
2430 3113 2707 3184 Didymum
2749 3115 2793 3169 is
2834 3117 3123 3184 comperiet
3157 3119 3246 3186 qui
3287 3119 3513 3172 Biblicos
3541 3126 3678 3171 textus

2164 3205 2232 3259 ab
2293 3221 2356 3261 eo
2411 3206 2668 3276 allegatos
2725 3224 2845 3261 cum
2895 3208 3094 3264 Graecis
3168 3209 3350 3265 Bibliis
3411 3209 3674 3265 contulerit.

2161 3297 2411 3351 Attamen
2459 3314 2577 3351 cum
2625 3300 2724 3353 hoc
2777 3301 2944 3369 ipsum
2984 3316 3086 3354 non
3133 3316 3258 3355 raro
3300 3303 3366 3356 ab
3413 3304 3524 3356 aliis
3552 3302 3675 3356 etiam

2163 3387 2358 3442 factum
2413 3404 2532 3442 esse
2583 3389 2892 3455 videamus,
2932 3405 3034 3443 non
3067 3401 3241 3460 potest
3284 3409 3378 3462 pro
3422 3403 3536 3447 nota
3568 3407 3673 3461 qua-

2163 3480 2281 3532 dam
2304 3476 2513 3543 haberi,
2533 3495 2636 3549 qna
2664 3482 2916 3550 Didymus
2941 3497 2970 3535 a
3003 3484 3223 3554 reliquis
3257 3485 3510 3541 Patribus
3539 3499 3676 3540 secer-

2162 3576 2320 3620 natur

2160 3677 2288 3732 CAP.
2315 3677 2492 3733 XVIII.
2512 3677 2733 3732 Easdem
2757 3691 2966 3749 uterque
2980 3683 3132 3749 a/fert
3156 3697 3411 3740 certarunt
3435 3688 3674 3753 Scriptura

2577 3758 2804 3802 textuum
2834 3756 3295 3820 interpretationes.

2229 3864 2613 3917 Alexandrinos
2674 3865 2992 3919 catechistas
3041 3867 3330 3934 allegoriis,
3387 3871 3508 3923 dum
3545 3869 3661 3923 Scri-

2168 3964 2358 4022 pturas
2408 3953 2922 4022 interpretabantur,
2986 3955 3276 4013 delectatos
3339 3975 3460 4016 esse
3518 3967 3671 4015 norunt

2163 4044 2414 4113 theologi.
2452 4044 2524 4097 De
2553 4044 2777 4113 Didymo
2808 4057 2982 4098 autem
3017 4057 3200 4101 nostro
3233 4052 3475 4117 equidem
3505 4067 3558 4105 ea
3588 4063 3669 4117 pre

2159 4131 2326 4185 oculis
2375 4133 2595 4198 habens,
2643 4147 2763 4200 quae
2810 4133 2861 4186 in
2909 4133 3077 4202 ipsius
3125 4137 3401 4205 aperibus,
3444 4148 3528 4192 aut
3563 4139 3668 4202 trag-

2160 4225 2352 4278 mentis
2401 4225 2688 4278 observare
2740 4239 2826 4278 me
2880 4227 3116 4290 memini,
3165 4228 3264 4281 tria
3327 4230 3439 4283 hinc
3479 4239 3668 4284 statuere

2160 4329 2317 4382 posse
2347 4314 2474 4367 mihi
2532 4313 2736 4368 videor.
2771 4313 2808 4366 Ι.
2849 4314 2980 4367 Ειιιιι
3031 4317 3117 4368 ubi
3175 4317 3454 4374 luereticos
3495 4317 3663 4376 refellit,

504 4407 673 4464 ptura:
705 4397 878 4451 locum
924 4410 1064 4448 nunc
1093 4409 1200 4447 uno
1230 4394 1386 4447 modo
1413 4392 1610 4460 legant,
1645 4409 1787 4448 nunc
1819 4395 1947 4462 alio,
1973 4395 2055 4450 vel
2086 4415 2130 4468 ι)
2160 4418 2264 4455 non
2321 4400 2600 4469 allegorias
2649 4402 2841 4455 sectari
2887 4405 3246 4467 consuevisse.
3289 4410 3382 4461 sed
3410 4426 3470 4462 ex
3497 4403 3664 4459 Iitterali

503 4489 644 4558 quod
674 4489 980 4543 memoriter
1004 4487 1187 4548 citent,
1229 4484 1310 4538 vel
1339 4487 1478 4554 quod
1503 4486 1772 4550 minimas,
1814 4489 2052 4540 minimi-

502 4593 605 4647 que
661 4578 814 4646 pretii
879 4575 1265 4645 discrepautias
1325 4574 1614 4644 negligant,
1675 4577 1756 4630 vel
1837 4578 2052 4631 demum

501 4669 642 4738 quod
694 4669 850 4722 modo
896 4682 1054 4721 unam
1101 4665 1381 4719 lectionem
1445 4666 1594 4734 sequi
1643 4667 1847 4731 malint,
1896 4669 2052 4722 modo

499 4761 682 4816 aliam.
723 4762 970 4812 Attamen
1018 4758 1265 4826 quaedam
1303 4767 1427 4809 tunc
1478 4767 1632 4810 erant
1674 4759 1725 4810 in
1761 4757 2050 4812 Bibliorum

499 4852 772 4907 codicibus
802 4850 1114 4912 varietates,
1139 4863 1271 4916 quas
1300 4848 1554 4916 peculiari
1590 4849 2052 4905 animadversione

499 4945 685 5013 dignas
747 4957 956 4995 censeo.
1030 4939 1142 5004 Ita,
1202 4939 1430 5009 exempli
1495 4942 1698 5010 gratia,
1758 4941 1940 4996 Primo
1997 4945 2049 4998 in

497 5033 666 5101 Epist.
698 5031 734 5086 ll
763 5033 828 5085 ad
851 5033 1062 5094 Thess,
1093 5045 1209 5098 cap.
1239 5047 1298 5094 ιι,
1332 5046 1471 5084 vers.
1505 5031 1590 5096 1'5,
1617 5032 1797 5086 Grai-ca
1838 5033 2049 5102 quidem

497 5124 660 5179 editio
705 5124 885 5185 habet,
925 5122 1029 5174 ἀπ’
1061 5121 1261 5191 ἀρχῆς,
1292 5122 1339 5173 id
1375 5130 1454 5175 est
1496 5124 1558 5173 ab
1586 5124 1767 5184 initio;
1795 5123 2051 5195 Didymus

495 5230 622 5269 vero
662 5216 712 5267 in
743 5215 878 5267 libro
901 5213 972 5265 De
1002 5211 1202 5280 Spiritu
1235 5223 1414 5265 sancto
1437 5214 1560 5283 legit
1593 5214 1860 5284 ἀπαρχήν,
1895 5217 1942 5267 id
1968 5223 2051 5270 est

493 5306 787 5377 primitias;
816 5314 869 5358 at
913 5315 1098 5358 auctor
1129 5319 1339 5374 quoque
1381 5316 1565 5358 uoster
1604 5305 1728 5375 legit
1761 5307 2046 5372 primitias,

497 5409 555 5452 nt
595 5399 702 5451 dixi
753 5413 872 5466 pag.
921 5397 1041 5460 125,
1089 5405 1198 5451 not.
1247 5397 1299 5452 4.
1351 5397 1616 5462 Secundo,
1665 5401 1714 5451 in
1757 5399 1927 5467 Epist.
1982 5401 2049 5453 ad

495 5488 762 5542 Romanos
817 5502 934 5555 cap.
983 5503 1102 5551 vni,
1135 5503 1274 5542 vers.
1308 5488 1395 5551 Η,
1427 5490 1593 5542 codex
1624 5489 2042 5555 Alexandrinus,

490 5586 548 5634 et
577 5575 760 5630 Graeca
794 5578 957 5632 editio
989 5579 1217 5634 habent:
1251 5595 1348 5649 per
1373 5579 1746 5634 inhabitantem
1788 5579 2047 5650 Spiritum

562 5684 586 5716 ⁸
620 5685 639 5738 I
677 5684 800 5740 Cor.
837 5703 889 5751 ιι,
945 5687 1030 5741 Η.

2159 4493 2452 4561 Scriptura:
2477 4507 2636 4545 sensu
2680 4501 2990 4560 argumenta
3033 4504 3213 4562 petere
3248 4497 3313 4549 ad
3351 4514 3440 4553 eos
3473 4490 3661 4570 [XXVll]

2155 4582 2521 4636 confutandos.
2558 4580 2622 4637 ll.
2647 4579 2780 4634 Dum
2807 4581 3015 4638 Veteris
3047 4583 3373 4642 Testamenti
3400 4590 3566 4647 libros,
3597 4593 3662 4634 an!

2158 4683 2340 4727 textus
2374 4673 2700 4741 eXplicahat,
2731 4672 3000 4741 allegoriis
3030 4676 3311 4732 indulsisse
3355 4697 3368 4732 :
3403 4689 3658 4750 propterea,

2155 4776 2212 4818 ιιι
2276 4767 2492 4833 opinor,
2565 4767 2702 4832 quod
2774 4767 2948 4818 omnia
3013 4768 3067 4820 in
3118 4768 3288 4838 ﬁgura
3348 4771 3660 4838 contingebant

2155 4856 2394 4910 Hebraeis
2420 4855 2462 4909 ⁸.
2501 4854 2587 4908 ΙΙΙ.
2619 4857 2677 4908 In
2704 4855 2836 4909 Novi
2874 4854 3194 4913 Testamenti
3225 4862 3398 4916 verbis
3440 4877 3549 4916 raro
3570 4871 3660 4911 cum

2153 4948 2435 5016 allegorias
2514 4949 2843 5014 expiscatum
2897 4963 3044 5013 esse,
3114 4953 3206 5006 sed
3260 4953 3467 5008 litterati
3519 4945 3659 5006 sensui

2151 5040 2498 5108 plerumque,
2531 5046 2623 5089 aut
2645 5039 2761 5091 fere
2791 5054 3003 5107 semper
3032 5042 3341 5098 adhaesisse.

2220 5128 2287 5179 At
2331 5129 2428 5180 tria
2459 5127 2571 5181 haec
2603 5128 2711 5196 ipsa
2749 5128 2800 5180 iu
2833 5129 3078 5197 theologo
3119 5135 3276 5185 etiam
3311 5149 3486 5188 nosuo
3511 5129 3655 5184 obser-

2151 5216 2290 5268 vavi.
2346 5216 2494 5269 Sicut
2524 5217 2666 5308 enim
2717 5217 2972 5287 Didymus
3008 5221 3057 5273 iu
3093 5220 3229 5276 libro
3276 5222 3345 5277 De
3378 5224 3465 5294 Sp.
3516 5224 3656 5273 sancto

2152 5305 2558 5359 Macedonianos
2608 5305 2949 5364 validissimis
3002 5311 3242 5366 coolntat
3294 5309 3594 5384 argumentis
3635 5317 3656 5353 θ

2153 5396 2370 5449 litterali
2427 5397 2718 5465 Scriptura:
2776 5416 2933 5456 sensu
2993 5405 3252 5472 deductis,
3311 5409 3383 5460 ita
3427 5415 3474 5460 et
3515 5407 3657 5455 noster

2151 5489 2384 5552 scriptor
2429 5491 2692 5556 Arianos,
2748 5492 3139 5560 Eunomianos,
3177 5497 3562 5552 Macedonianos
3599 5487 3654 5537 sic

2152 5581 2379 5648 refellit,
2431 5590 2487 5636 ut
2522 5582 2637 5638 fere
2669 5585 2848 5639 omnia
2883 5600 3195 5656 argumenta
3225 5607 3254 5645 e
3291 5585 3559 5659 Scripturis
3586 5577 3653 5631 lilr
