3774 6310
115 282 196 335 165

1218 278 1774 337 COMMENTARIUS.
1814 310 1884 323 ο-
1921 279 2048 333 LIB.
2089 275 2129 336 l.

3177 282 3282 339 166

111 400 311 455 tcrsliter
339 398 610 465 explicatis
654 399 880 454 derivet.
928 402 1005 456 Ac
1034 401 1482 471 quemadmodum
1535 400 1620 453 Di-
1649 404 1693 460 Α
1721 399 1810 464 qui
1845 409 2084 452 uenturus
2117 414 2168 449 es
2196 396 2277 449 “?
2304 410 2464 465 quam
2499 396 2661 451 habet
2700 411 2821 466 pag.
2856 397 2944 459 2|,
2992 398 3130 452 haud
3159 398 3277 454 scio

111 494 268 560 dymus
285 490 513 559 quinque
546 490 987 559 Erplanationum
1019 493 1183 547 libros
1210 495 1263 546 in
1300 492 1614 545 Zachariam

114 586 170 635 ita
204 582 431 643 dictavit,
472 580 795 651 Hieronymo
831 592 1000 645 teste,
1034 598 1090 636 ut
1134 594 1243 638 tota
1289 601 1465 637 eorum
1533 584 1619 648 ἐξ·

111 675 275 742 ήτησις
290 673 724 740 allegorica/ueri!
746 714 761 737 ,
791 687 836 726 et
869 676 1102 731 historia:
1134 678 1221 729 vix
1252 693 1416 741 pauca
1443 679 1619 744 tetige-

109 775 208 821 rmt,
243 765 304 813 ita
328 762 597 831 theologus
619 770 813 817 noster
838 765 929 818 lib.
964 781 1024 828 tt,
1052 782 1171 835 cap.
1210 768 1296 829 14,
1334 768 1511 834 plures
1539 767 1616 821 si-

111 854 193 905 mul
220 852 468 907 lacuaria
500 853 664 917 ipsius
691 862 869 909 textus
901 856 1140 926 allegans
1182 858 1235 910 in
1276 859 1506 926 quadam
1536 859 1617 911 di-

109 946 356 1013 gressione.
415 944 700 1013 allegorice
743 960 933 1001 omnes
984 948 1389 1017 interpretatur,
1432 966 1494 1005 ac
1551 965 1614 1005 ea

112 1038 291 1089 fortasse
325 1038 370 1089 in
404 1037 778 1105 compendium
820 1038 1031 1107 redigit,
1070 1054 1186 1107 qua:
1221 1039 1273 1092 in
1310 1039 1413 1093 illis
1439 1040 1618 1106 expla-

112 1128 357 1180 nationibus
382 1127 551 1181 fusius
573 1128 901 1182 disseruerat
932 1147 945 1183 :
978 1129 1103 1182 alibi
1135 1146 1261 1183 vero
1289 1132 1483 1199 saepius
1511 1130 1615 1183 alia

115 1221 276 1272 \‘eteris
303 1218 623 1272 Testamenti
650 1218 766 1271 loca
796 1219 1079 1288 allegorice
1102 1221 1338 1288 exponit.
1372 1222 1611 1285 Demum,

112 1322 151 1361 ut
192 1311 233 1361 in
265 1309 506 1379 Didymo,
546 1310 619 1362 ita
658 1319 710 1363 et
745 1310 797 1363 in
843 1320 1063 1363 auctore
1096 1322 1280 1365 nostro
1327 1327 1611 1381 perpauca,

113 1403 150 1454 ni
174 1402 317 1465 fallor,
346 1412 634 1457 occurrunt
666 1401 798 1457 Novi
831 1401 1156 1459 Testamenti
1185 1404 1299 1457 loca
1330 1404 1614 1475 allegorice

109 1494 354 1561 explanata.

166 1583 350 1646 Verum,
380 1584 519 1652 quod
563 1585 737 1655 magis
767 1587 1059 1641 notandum
1105 1595 1210 1650 est,
1242 1587 1418 1641 multa:
1447 1587 1498 1639 in
1532 1588 1613 1642 his

111 1675 167 1727 De
195 1675 420 1729 Trinitate
448 1677 603 1731 libris
629 1688 925 1731 occurrunt
950 1689 1188 1731 textuum
1213 1678 1501 1747 Scriptura:
1526 1680 1609 1731 in-

112 1768 480 1834 terpretationes,
517 1785 658 1838 quas
688 1769 732 1822 si
765 1785 886 1822 cum
918 1770 984 1824 iis
1015 1787 1388 1842 comparemus
1413 1790 1531 1843 qua:
1560 1776 1609 1829 in

110 1854 286 1922 Didyrno
308 1856 567 1925 leguntur,
604 1859 821 1912 easdem
853 1875 973 1913 esse
1009 1863 1332 1927 invenimus,
1361 1874 1417 1917 ut
1446 1865 1609 1933 pluri-

110 1944 185 1998 mis
208 1947 251 1997 in
276 1948 400 1999 notis
422 1950 631 2001 monui.
675 1948 809 2001 Nam
860 1947 899 2012 Ι,
957 1949 1120 2005 Joelis
1170 1954 1349 2018 verba,
1382 1956 1609 2025 exempli

109 2037 254 2101 gratia,
277 2035 545 2105 Effundam
580 2040 647 2091 de
677 2040 879 2107 Spiritu
914 2059 1024 2096 meo
1056 2060 1209 2111 super
1249 2062 1448 2099 omnem
1487 2064 1608 2100 car-

109 2128 239 2191 item’,
263 2130 430 2182 eodem
460 2132 620 2183 modo
657 2132 891 2201 explicat
915 2133 1173 2203 Didymus
1200 2135 1291 2189 lib.
1330 2137 1403 2190 De
1426 2138 1518 2206 Sp.
1548 2137 1605 2193 S.

110 2235 221 2272 num.
248 2221 322 2281 ll,
350 2236 409 2275 ac
450 2222 735 2291 theologus
773 2233 953 2278 noster
997 2241 1118 2295 pag.
1164 2228 1280 2281 117.
1315 2228 1374 2283 ll.
1419 2230 1608 2285 Psallis

109 2312 246 2371 t'erba,
275 2310 533 2377 Signatum
560 2328 642 2367 est
672 2331 827 2384 super
850 2334 941 2370 nos
970 2319 1142 2372 lumen
1172 2322 1343 2376 vultus
1373 2326 1469 2386 tui,
1501 2325 1609 2377 Do-

109 2402 210 2453 line
227 2403 261 2464 ⁸,
289 2415 459 2458 auctor
484 2418 674 2459 noster
697 2410 763 2461 de
796 2408 996 2477 Spiritu
1029 2422 1213 2465 sancto
1238 2416 1455 2483 exponit
1480 2431 1599 2487 pag.

106 2493 197 2555 :78,
221 2496 489 2565 eademque
523 2501 739 2553 ratione
775 2500 861 2553 illa
902 2504 1111 2569 accepit
1144 2505 1397 2573 Didymus
1436 2508 1602 2574 pluri-

112 2583 184 2635 bus
209 2588 250 2637 in
280 2586 415 2652 locis,
443 2600 499 2644 ut
530 2592 646 2644 dixi
676 2593 874 2645 ibidem
906 2602 1017 2646 not.
1049 2596 1100 2647 6.
1133 2592 1218 2647 Ill.
1248 2594 1342 2650 Ubi
1371 2596 1603 2666 Scripto-

109 2690 171 2728 res
197 2678 371 2735 Veteris
393 2684 740 2739 Testamenti
760 2688 1029 2741 brachium
1061 2689 1188 2753 Dei,
1220 2701 1309 2744 aut
1339 2691 1603 2747 dexteram

112 2764 179 2817 Dei
212 2771 477 2839 norninant,
517 2776 785 2847 Didymus
831 2776 1021 2832 Filium
1074 2779 1164 2834 Dei
1200 2782 1599 2851 interpretatur,

109 2869 148 2907 ut
166 2860 251 2913 dixi
281 2876 377 2918 not.
409 2866 440 2919 6
485 2883 612 2938 pag.
650 2870 737 2929 l3;
760 2870 898 2923 idem
923 2886 1051 2925 vero
1072 2872 1203 2927 facit
1234 2874 1392 2928 theol.
1422 2886 1602 2931 noster

110 2948 146 3000 in
170 2952 320 3007 eadem
351 2958 554 3026 pagina.
596 2957 687 3013 IV.
735 2960 933 3015 Christi
964 2965 1125 3016 verba
1147 3003 1161 3024 ,
1206 2963 1322 3017 Non
1352 2967 1464 3019 veni
1508 2984 1602 3033 pa-

1721 506 1786 544 an
1828 490 2007 544 multis
2034 488 2274 543 arridere
2300 497 2480 558 queat.
2506 489 2642 555 Quin
2686 489 2848 543 etiam
2877 489 3098 543 levicula
3126 504 3281 544 com-

1722 582 1959 652 pluribus
2005 580 2325 635 videbuntur
2366 596 2486 649 qua:
2539 591 2832 635 occurrunt
2885 597 3004 649 pag.
3052 580 3180 643 545,
3213 581 3282 637 de

1717 676 1894 728 verbis
1950 671 2171 727 Joannis
2230 671 2480 741 Theologi
2540 691 2552 725 ε
2608 670 2675 723 Et
2720 671 2938 725 Verbum
2971 686 3083 725 erat
3138 684 3279 739 apud

1717 765 1885 818 Deum
1910 768 1971 819 υ.
2022 763 2284 818 Nonnulla
2334 779 2462 818 vero
2506 764 2605 817 alia
2648 765 2885 833 eiusdem
2924 765 3135 833 generis
3176 780 3279 817 non

1719 857 2041 917 indicamus,
2069 855 2209 924 quod
2254 854 2367 907 fieri
2410 854 2564 907 facile
2602 857 2784 922 possit,
2819 862 2875 906 ut
2906 869 3023 922 quae
3063 869 3091 905 a
3128 853 3282 908 nobis

1716 947 1875 1011 levia,
1907 948 2094 1001 eadem
2142 948 2209 1000 ab
2239 945 2508 1016 aliquibus
2540 947 2721 1011 gravia
2775 946 3093 1000 habeantur.
3144 945 3277 999 Illud

1718 1055 1844 1094 vero
1861 1038 2071 1093 diffiteri
2106 1053 2261 1093 neruo
2289 1048 2482 1106 potest,
2506 1040 2639 1091 duos
2654 1037 2840 1093 saltem
2859 1053 2925 1091 ex
2959 1037 3279 1107 apocryphis

1726 1132 1937 1187 Veteris
1976 1130 2302 1184 Testamenti
2348 1131 2500 1185 libris
2543 1132 2608 1183 ab
2639 1131 2754 1199 ipso
2785 1130 2965 1191 citari,
3000 1129 3188 1183 librum
3214 1126 3277 1182 lll

1716 1223 1915 1287 Esdrzr,
1946 1238 1995 1291 p.
2019 1222 2142 1282 29b.
2169 1222 2535 1276 etorationem
2552 1221 2830 1281 Manassis,
2862 1237 2913 1289 p.
2943 1222 3045 1277 599
3073 1230 3127 1276 et
3153 1220 3277 1275 454.

1786 1317 1854 1371 At
1880 1316 2075 1371 similia
2113 1316 2265 1382 plane
2291 1315 2343 1366 in
2387 1314 2608 1384 Didymo
2636 1313 2798 1366 etiam
2825 1314 3019 1379 reperi.
3052 1312 3106 1365 In
3143 1312 3280 1365 libro

1714 1411 1927 1477 quidem
1962 1408 2037 1460 De
2064 1406 2263 1472 Spiritu
2291 1416 2469 1460 sancto
2497 1405 2831 1474 gravissimis
2861 1403 3271 1458 Macedonianos

1720 1500 1996 1569 redarguit
2060 1499 2379 1561 rationibus,
2440 1507 2601 1566 atque
2660 1498 2735 1549 ita
2806 1495 3096 1564 Scriptura:
3156 1496 3269 1549 loca

1714 1593 1911 1659 ubique
1938 1591 2047 1644 fere
2085 1591 2301 1657 exponit
2338 1597 2395 1641 ut
2441 1587 2745 1656 theologum
2785 1586 2957 1640 decet.
3000 1582 3274 1656 [XXVIII]

1717 1684 1821 1738 Sed
1849 1681 2153 1751 explicatio,
2191 1695 2348 1748 quam
2380 1694 2529 1731 num.
2562 1678 2630 1731 50
2656 1677 2876 1731 adhibet
2899 1676 3079 1730 verbis
3106 1676 3273 1739 Isaia,

1645 1743 1686 1796 Β
1712 1743 2041 1842 ϐοηθτεξιαηι
2069 1743 2280 1824 dente-ra
2314 1768 2545 1836 Moysem
2577 1768 2642 1831 ⁸³,
2672 1768 2723 1820 in
2755 1767 2951 1835 quibus
2984 1764 3145 1819 Mosis
3180 1780 3275 1817 no-

1712 1865 1857 1919 mine
1910 1863 2131 1933 intelligi
2183 1862 2342 1918 etiam
2396 1874 2553 1930 posse
2606 1858 2682 1911 ait
2732 1858 2905 1927 legem
2958 1854 3271 1919 Mosaicam,

1712 1958 1851 2013 haud
1879 1958 1990 2012 scio
2019 1972 2083 2010 an
2121 1956 2365 2025 ejusdem
2399 1969 2518 2006 cum
2552 1951 2764 2006 caeteris
2809 1948 3274 2019 interpretationi-

1709 2049 1809 2103 bus
1863 2048 1934 2103 sit
1962 2046 2260 2117 gravitatis.
2303 2046 2379 2099 Ac
2428 2043 2554 2097 illud
2590 2056 2805 2113 quoque
2854 2055 2958 2095 non
3013 2039 3147 2093 satis
3180 2040 3271 2091 lir-

1709 2157 1851 2194 mum
1898 2141 2163 2193 videbitur
2194 2138 2427 2205 cuipiam
2476 2137 2617 2205 quod
2666 2135 2744 2188 ait
2778 2134 2828 2188 in
2865 2130 3268 2188 commentariis

1708 2230 1771 2283 ad
1820 2246 1935 2297 cap.
1972 2245 2044 2281 vn
2066 2228 2336 2289 Actorum,
2373 2236 2517 2279 tomo
2552 2225 2615 2279 IV
2645 2224 3027 2277 Anecdotorum
3064 2220 3268 2279 Wollii.

1708 2337 1896 2391 nempe
1950 2322 2109 2375 verba
2166 2318 2496 2381 Salomonis,
2549 2332 2669 2385 quae
2723 2323 2939 2368 exstant
2982 2314 3034 2365 in
3078 2310 3270 2365 Grarca

1710 2411 2114 2465 Proverbiorum
2163 2408 2509 2462 translatione
2561 2422 2680 2475 cap.
2714 2420 2766 2469 v,
2825 2401 2907 2457 Ne
2952 2403 3146 2455 multus
3196 2402 3268 2455 sis

1707 2518 1822 2554 cum
1872 2502 2078 2563 aliena,
2136 2500 2202 2553 de
2253 2514 2419 2552 uxore
2458 2498 2653 2551 marito
2695 2496 2881 2563 juncta
2936 2493 3107 2562 accipi
3158 2508 3264 2548 non

1706 2607 1883 2660 posse,
1912 2592 2002 2646 sed
2035 2591 2100 2644 de
2130 2590 2469 2644 ethnicorum
2500 2590 2757 2658 sapientia
2788 2588 3099 2655 accipienda
3125 2592 3266 2639 esse.

1702 2683 1955 2737 Levicula
1996 2693 2146 2737 certe
2184 2692 2267 2736 est
2313 2680 2601 2749 explicatio
2633 2679 2720 2732 illa
2777 2679 3087 2740 verborum,
3138 2676 3269 2741 Quis

1701 2775 1925 2829 ostendit
1940 2774 2091 2827 nobis
2118 2772 2249 2825 bona
2278 2771 2530 2839 H"tquam
2573 2770 2672 2823 etsi
2706 2783 2769 2823 ex
2802 2767 3023 2821 aliorum
3056 2776 3271 2819 senten-

1700 2868 1772 2921 tia
1825 2866 2049 2929 all‘erat,
2080 2879 2184 2918 non
2228 2863 2430 2931 respuit
2474 2874 2653 2915 tamen
2691 2860 2743 2914 in
2790 2860 3091 2928 fragmento
3127 2858 3268 2926 quod

1700 2958 1840 3012 edidi
1873 2972 1993 3026 pag.
2039 2955 2163 3020 278,
2212 2964 2326 3010 not.
2360 2954 2392 3008 6
2462 2951 2839 3008 Leviusculum
2870 2951 3052 3003 itidem
3095 2948 3265 3003 videri

108 3056 185 3093 rem
232 3048 426 3111 mittere,
458 3053 547 3102 sed
612 3052 927 3120 gladium”,
981 3056 1059 3109 sic
1116 3056 1361 3127 intelligit
1416 3071 1599 3114 auctor

1705 3056 1878 3117 potest
1912 3048 2053 3117 quod
2089 3047 2223 3114 apud
2256 3045 2494 3099 Nicetam
2529 3041 2941 3096 Heracleensem
2975 3040 3026 3092 in
3068 3046 3261 3093 catena

108 3144 245 3227 noster
278 3152 381 3207 pag.
412 3141 532 3204 M7,
564 3152 629 3193 ut
672 3157 863 3197 nomen
892 3144 1052 3213 glntlii
1082 3146 1345 3214 significet
1389 3148 1596 3217 sapien-

108 3232 215 3284 uanr,
244 3239 330 3290 qua
358 3227 580 3292 Spiritus
631 3240 842 3283 sanctus
887 3232 1141 3285 obdurato
1185 3236 1344 3287 corda
1390 3236 1594 3289 incidit.

108 3308 236 3365 Simili
260 3318 395 3371 modo
417 3318 677 3391 Didymus
703 3324 754 3373 in
780 3320 1217 3377 Enarrationibus
1250 3327 1314 3378 ad
1359 3335 1515 3395 caput
1545 3342 1599 3381 tv

107 3398 297 3466 Epistula
316 3405 485 3463 Jacobi
521 3428 534 3463 :
574 3410 801 3465 Veniens
861 3413 1014 3467 Jesus
1049 3415 1317 3485 (inquit).
1349 3453 1365 3470 .
1395 3455 1409 3469 .
1441 3456 1455 3469 .
1484 3418 1600 3486 gla-

106 3493 213 3543 diem
244 3497 361 3550 misit
390 3500 441 3551 in
481 3512 703 3556 terram.
747 3502 927 3557 Sermo
977 3522 1219 3573 namque,
1270 3517 1314 3559 et
1356 3510 1597 3562 doctrina

106 3580 209 3635 illius
230 3586 407 3649 diridit,
438 3602 483 3643 et
511 3594 753 3661 abjnngit
789 3611 819 3645 a
854 3596 1094 3659 terrenis,
1128 3610 1280 3665 atque
1308 3599 1597 3651 materiali-

107 3667 177 3723 bus
199 3677 337 3731 rebus.
372 3680 429 3734 γ.
462 3682 636 3736 Verba
685 3686 855 3749 l’anli,
899 3687 1066 3755 Elegit
1110 3704 1203 3741 nos
1242 3690 1293 3740 in
1324 3689 1433 3755 ipso
1478 3702 1597 3743 ante

108 3766 455 3825 mutilationem
491 3778 677 3827 mundi
704 3777 769 3841 '°,
797 3777 861 3829 de
886 3777 978 3829 Dei
1012 3778 1347 3846 praescientia
1380 3780 1597 3848 exponit

111 3854 329 3925 theologus
362 3876 534 3916 noster
592 3882 715 3934 pag.
751 3868 847 3919 5H
876 3885 889 3931 ;
921 3872 1213 3937 eademque
1258 3870 1464 3923 ratione
1506 3869 1594 3922 illa

115 3942 304 4015 intelligit
333 3951 575 4023 Didymus
609 3958 663 4011 in
702 3956 1157 4022 Euarrationibus,
1191 3969 1249 4013 ut
1280 3960 1472 4013 ibidem
1506 3960 1592 4013 in-

116 4033 265 4090 dicari.
297 4040 521 4107 Demum,
557 4064 623 4100 ne
659 4049 867 4117 singula
909 4050 1128 4103 afferam
1151 4092 1166 4116 ,
1206 4050 1428 4120 legenda
1469 4061 1595 4105 sunt

110 4130 361 4198 quascripsi
378 4150 487 4204 pag.
503 4136 591 4200 50,
612 4148 724 4189 not.
744 4140 799 4198 2,
820 4154 940 4207 pag.
963 4138 1053 4203 28,
1086 4149 1194 4193 not.
1217 4140 1270 4202 5,
1309 4155 1425 4210 pag.
1468 4140 1589 4206 I27,

112 4216 201 4277 n.3,
214 4232 308 4289 pag.
336 4225 442 4289 177,
473 4239 583 4283 ιιοι.
610 4229 666 4292 2,
685 4246 805 4299 pag.
824 4231 944 4296 135,
972 4242 1082 4284 ιιοι.
1110 4231 1161 4297 6,
1187 4247 1237 4301 p.
1264 4233 1586 4299 252,not.5,

112 4319 196 4374 1³³8.
221 4309 323 4375 277,
354 4329 455 4370 not.
496 4320 549 4382 6,
587 4337 710 4388 pag.
747 4321 869 4383 252,
906 4334 1018 4376 not.
1048 4322 1099 4386 7,
1134 4334 1187 4375 et
1214 4325 1333 4377 alibi
1365 4326 1585 4392 passim.

1706 3157 1805 3195 ms.
1844 3143 1896 3194 in
1921 3141 2111 3194 Jobum
2157 3140 2257 3209 legi
2293 3142 2359 3193 ad
2403 3146 2562 3206 caput
2605 3152 2642 3195 ι,
2686 3148 2828 3189 vers.
2863 3133 2917 3187 2.
2958 3133 3089 3187 Cum
3121 3130 3264 3185 enim

1699 3231 1834 3287 Jobo
1873 3242 2063 3301 septem
2103 3232 2261 3299 ﬁlios,
2311 3247 2373 3283 ac
2423 3240 2524 3281 tres
2566 3227 2706 3294 ﬁlius
2747 3226 2913 3279 fuisse
2960 3231 3144 3277 narret
3192 3220 3264 3274 ibi

1700 3339 1854 3379 sacer
1876 3324 2129 3391 scriptor,
2157 3322 2411 3392 Didymus
2435 3320 2574 3373 binis
2593 3321 2740 3373 hisce
2766 3316 3006 3371 numeris
3036 3314 3265 3385 mystice

1699 3413 1933 3481 acceptis
1965 3422 2156 3479 septem
2187 3411 2421 3479 Spiritus
2449 3410 2620 3463 sancti
2658 3409 2795 3462 dona
2819 3446 2834 3472 ,
2871 3420 2933 3460 ac
2962 3405 3261 3458 divinarum

1700 3516 2045 3570 personarum
2086 3503 2373 3553 trinitatem
2414 3498 2681 3567 designari
2733 3498 2828 3560 ait,
2873 3497 2961 3550 ἵνα
2999 3495 3262 3566 μάθωμεν

1696 3596 1794 3666 τὴν
1829 3597 1886 3647 ὲν
1936 3594 2126 3665 Τριάδι
2155 3594 2337 3646 πίστιν
2367 3592 2465 3660 τῆς
2495 3590 2723 3660 ἑϐδόμης
2754 3590 2971 3660 χάριτος
3002 3584 3141 3642 εἶναι
3168 3587 3263 3658 δη-

1700 3683 1979 3753 μιουργόν,
2007 3684 2057 3735 id
2097 3692 2198 3744 est,
2242 3694 2293 3733 ut
2326 3682 2607 3741 discamus,
2635 3681 2793 3747 ﬁdem
2839 3696 2942 3746 qua
2979 3680 3035 3731 in
3079 3677 3258 3730 Trini-

1696 3782 1850 3824 tatem
1873 3772 2149 3834 credimus,
2181 3769 2522 3834 septemplicis
2547 3772 2736 3837 gratia:
2784 3769 3084 3820 creatricem
3127 3782 3257 3821 esse.

1697 3862 2073 3917 Leviusculum
2105 3863 2359 3929 denique,
2394 3871 2453 3914 ut
2483 3861 2585 3939 alia
2619 3859 2869 3914 nonnulla
2911 3870 3252 3926 praeteream,

1696 3954 1747 4008 id
1779 3953 1961 4017 etiam,
1991 3952 2043 4006 ni
2080 3951 2254 4017 fallor,
2281 3964 2384 4017 est,
2409 3952 2551 4021 quod
2584 3966 2649 4005 ex
2682 3948 3112 4004 Enarrationibus
3136 3963 3257 4002 mox

1694 4044 2002 4100 alleremus.

1762 4140 1912 4206 Quod
1965 4153 2092 4194 vero
2153 4139 2460 4209 apocrypha
2511 4136 2717 4192 Veteris
2755 4145 2846 4190 aut
2891 4134 3022 4190 Novi
3070 4134 3256 4188 Testa-

1692 4232 1853 4288 menti
1877 4232 2174 4299 opusculaa
2206 4234 2425 4303 Didymo
2454 4232 2617 4286 etiam
2654 4234 2813 4284 citata
2845 4226 3109 4282 interdum
3139 4227 3257 4280 fue-

1690 4324 1818 4385 rint,
1851 4323 2023 4376 tribus
2062 4326 2289 4377 ostendo
2342 4324 2623 4391 exemplis.
2682 4319 2813 4374 Nam
2846 4317 2887 4381 l,
2930 4319 3067 4387 apud
3098 4316 3254 4371 Nice-

110 4397 203 4452 Ωιι.
236 4401 353 4460 XIX.
389 4408 779 4485 Frigidiuscula
808 4418 1067 4482 quwdam,
1107 4429 1197 4467 aut
1226 4428 1363 4469 certe
1392 4417 1586 4471 leviora
1618 4431 1662 4485 ι)
1694 4420 1798 4463 tam
1838 4411 1890 4463 in
1923 4409 2123 4465 Catena
2161 4408 2461 4465 Graecorum
2508 4410 2728 4463 Patrum
2757 4411 2809 4462 in
2837 4408 2903 4462 Β.
2940 4406 3063 4471 Job,
3107 4404 3254 4459 Lon-

501 4484 652 4535 habet
681 4494 886 4551 uterque
912 4495 1111 4539 auctor.

159 4557 245 4614 Etsi
283 4579 447 4623 auctor
476 4585 661 4626 noster
711 4575 901 4628 validis
950 4578 1283 4645 plerumque,
1326 4580 1434 4632 imo
1478 4579 1591 4635 fere

112 4662 271 4720 semper
300 4666 612 4730 argumentis
669 4666 948 4720 haereticos
1003 4667 1242 4723 refellere
1290 4669 1490 4736 soleat,
1527 4686 1590 4726 ac

115 4754 157 4789 ea
182 4747 392 4813 scribere,
419 4768 531 4821 quae
564 4769 780 4823 gravem
816 4756 1113 4825 theologum
1143 4758 1355 4821 decent,
1389 4759 1589 4813 nihilo-

114 4831 244 4887 minus
267 4852 411 4903 pauca
433 4845 671 4910 qutedam
700 4846 751 4897 in
780 4862 845 4899 eo
873 4846 1123 4914 leguntur
1152 4864 1289 4916 quae,
1326 4866 1444 4902 tneo
1472 4850 1590 4917 qui-

113 4924 391 4993 demjuilicio,
419 4935 772 5005 frigidiuscula
801 4949 948 5004 sunt,
976 4949 1067 4991 aut
1090 4952 1237 4992 certe
1273 4940 1585 4995 Ieviuscula.

114 5010 353 5079 Huiusmodi
386 5042 497 5081 esse
542 5032 733 5097 opinor
773 5033 910 5101 quod
962 5047 1085 5100 pag.
1135 5032 1240 5086 264
1290 5033 1481 5088 scribit
1523 5034 1591 5088 de

115 5108 273 5164 nomine
299 5120 599 5190 περιστερὰς,
646 5138 972 5191 numeroque
1016 5138 1186 5189 ncccr,
1220 5138 1375 5192 quem
1424 5140 1488 5177 ex
1525 5138 1589 5179 eo

114 5199 288 5261 mmiine,
316 5206 423 5259 item
458 5222 513 5262 ut
544 5228 609 5265 ex
639 5212 809 5266 literis
847 5230 903 5276 a,
937 5224 990 5267 et
1017 5232 1061 5266 ω
1088 5230 1305 5284 magno,
1343 5214 1461 5269 elici
1491 5216 1587 5268 ob-

115 5296 260 5373 servat.
285 5294 470 5366 Frigida
495 5304 653 5354 etiam
686 5303 930 5357 videntur
958 5320 1075 5373 qua:
1099 5320 1218 5373 pag.
1263 5304 1331 5358 18
1366 5316 1586 5360 exstant

116 5372 162 5426 de
193 5378 353 5440 Latinis
388 5394 667 5457 vocabulis,
719 5393 849 5447 Plus
897 5372 1053 5466 quam
1094 5372 1371 5465 perfectus.
1410 5397 1581 5453 Inter-

117 5474 288 5529 Pietatiu
323 5491 479 5535 autem
517 5486 796 5540 verborum
842 5485 1059 5565 Joannis
1102 5488 1372 5556 Baptistae,
1412 5488 1489 5543 Tu
1529 5507 1582 5545 es

164 5580 365 5667 alii",
401 5595 481 5648 28.
554 5600 575 5629 ⁸
605 5599 741 5655 Psal.
790 5618 859 5667 tv,
902 5604 953 5656 7.

115 5658 230 5721 unt,
256 5659 321 5715 l2.
388 5667 426 5697 “
450 5667 583 5724 Psal.
618 5685 690 5740 tv,
720 5673 765 5727 6.

1687 4504 1799 4557 dini
1838 4520 1978 4557 anno
2021 4505 2153 4558 1657
2182 4507 2344 4567 edita,
2380 4505 2571 4557 librum
2638 4502 2877 4557 Pastoris
2908 4501 3100 4570 allegat
3129 4516 3249 4569 pag.

1687 4593 1792 4646 202
1826 4612 1841 4649 :
1880 4594 1970 4663 qui
2004 4605 2181 4650 tamen
2212 4597 2279 4649 ab
2312 4596 2606 4649 Athanasio
2634 4608 2846 4663 quoque
2886 4602 3016 4647 tom.
3057 4591 3096 4656 l,
3126 4607 3246 4660 pag.

1688 4684 1813 4748 895,
1846 4695 1900 4739 et
1924 4685 2051 4739 alibi
2088 4685 2349 4756 allegatus
2394 4686 2584 4739 fuerat.
2616 4683 2679 4737 Il.
2728 4684 2781 4737 In
2814 4682 3249 4735 Enarrationibus

1688 4774 1753 4837 ad
1798 4788 1914 4841 cap.
1965 4790 2025 4828 ιιι
2056 4774 2304 4843 Epistolas
2338 4774 2607 4829 lJoannis
2645 4772 3006 4841 apocryphum
3050 4771 3243 4823 librum

1688 4864 1840 4927 citat,
1877 4868 1965 4934 qui
2001 4866 2407 4934 λεπτογένεσις,
2456 4877 2548 4919 aut
2603 4864 2999 4935 μικρογένεσις,
3043 4863 3091 4915 id
3141 4872 3245 4923 εει.

1686 4970 1843 5024 parva
1875 4956 2106 5023 Genesis,
2152 4958 2599 5027 nuncupabatur:
2632 4958 2745 5009 haec
2772 4955 2913 5008 enim
2957 4953 3026 5006 ibi
3062 4952 3218 5019 legnn

1686 5055 1773 5101 tur
1803 5064 1817 5100 :
1853 5047 1993 5101 Nam
2027 5060 2073 5101 et
2106 5050 2159 5101 in
2210 5049 2340 5101 libro
2380 5050 2468 5115 qui
2512 5045 2895 5116 Leptogenesis
2925 5045 3242 5113 appellatur,

1686 5139 1759 5191 ita
1802 5139 2014 5207 legitur,
2038 5141 2163 5209 quia
2199 5139 2333 5195 Cain
2366 5140 2554 5204 lapide,
2607 5148 2697 5191 aut
2745 5138 2883 5205 ligno
2935 5138 3246 5205 percusserit

1686 5226 1812 5279 Abel
1838 5240 1858 5278 .'
1882 5229 2018 5281 unde
2050 5230 2401 5294 deputandum
2426 5245 2527 5282 non
2552 5238 2649 5290 est,
2678 5227 3007 5295 percussione
3030 5230 3132 5280 dici
3153 5244 3240 5281 so-

1684 5313 1946 5370 lummodo
1975 5319 2093 5385 ﬁeri
2128 5320 2341 5383 vulnus,
2370 5322 2457 5373 sed
2501 5319 2733 5371 absolute
2767 5334 2969 5372 onmem
3008 5318 3243 5388 plagam,

1680 5421 1797 5474 qua:
1819 5408 2182 5462 lacerationem
2213 5411 2337 5478 facit
2369 5410 2420 5463 in
2448 5425 2681 5467 corpore.
2710 5408 2795 5462 Ill.
2827 5408 2881 5462 In
2905 5420 3243 5463 commenta-

1687 5496 1781 5551 riis
1816 5500 1881 5553 ad
1936 5512 2097 5571 caput
2123 5518 2214 5557 vrtt
2269 5502 2545 5567 Actorum,
2584 5511 2713 5556 tom.
2755 5498 2819 5553 IV
2865 5499 3245 5554 Anecdotorum

1054 5604 1073 5633 ‘
1100 5602 1285 5659 Matth.
1323 5619 1377 5671 ι,
1412 5606 1498 5661 54.
1581 5608 1594 5637 ¹

1705 5614 1851 5682 plies.
1905 5633 1943 5683 ι,
1994 5617 2046 5673 4.
2124 5620 2162 5649 ¹¹
2196 5617 2382 5673 Matth.
2407 5633 2482 5685 xi,
2504 5617 2557 5672 3.
2604 5614 2821 5672 “Juan.
2875 5614 2967 5681 1,1
3070 5612 3116 5645 “
3142 5609 3245 5668 lsa°
