3796 6354
158 373 258 429 269
1302 364 1865 423 COMMENTARIUS.
1909 399 1979 409 -—
2018 369 2145 429 LIB.
2191 371 2232 424 I.

3295 380 3394 435 I70

152 504 287 560 quos
337 489 489 561 paulo
533 496 654 542 ante
702 484 840 549 dixi,
887 486 1189 554 comparari
1225 485 1451 556 possint,
1503 485 1597 541 sed
1638 484 1719 538 vel

1847 499 1975 547 :asse
2004 486 2077 539 ait
2107 488 2232 550 τοὺς
2270 486 2730 561 ἐλλογιμωτέρους
2757 491 2865 544 τῶν
2890 491 3202 547 ἐπισκόπων
3254 494 3392 550 Num

153 590 365 651 propter
383 578 598 632 allatam
642 592 710 632 ex
751 576 949 631 Ruﬁno
982 575 1268 642 rationem,
1301 575 1384 630 vel
1417 575 1540 644 quia
1568 576 1714 645 quod

154 673 250 727 sibi
302 671 543 742 proponit
592 668 870 742 Didymus,
916 667 967 722 id
1008 667 1177 722 multa
1232 667 1497 735 doctrina,
1547 667 1715 738 pluri-

156 764 349 833 busque
402 761 574 816 modis
626 769 681 814 et
728 758 1087 830 argumentis,
1161 759 1335 830 iisque
1388 758 1623 814 robustis
1661 768 1718 813 et

153 855 441 910 elﬁcaeibus
508 852 796 907 ostendere
869 851 1248 918 consueverit,
1312 865 1375 906 ac
1427 849 1715 931 lectoribus

156 944 713 1018 {XXX]persuadere.
757 942 889 998 Nam
924 942 1284 1014 Hieronymus
1317 944 1429 1011 ipse
1480 943 1530 996 in
1577 958 1714 1011 prae-

155 1040 344 1093 fatione
374 1038 496 1092 libri
533 1037 611 1091 De
640 1036 845 1105 Spiritu
883 1045 1065 1091 sancto
1102 1047 1377 1092 auctorem
1435 1036 1551 1107 ejus
1588 1050 1716 1104 ope-

156 1134 226 1185 ris
265 1130 532 1201 Didymutn
566 1130 803 1199 appellat
843 1130 1142 1197 imperitum
1188 1144 1449 1194 sermone,
1478 1130 1569 1182 sed
1612 1144 1715 1181 non

154 1222 377 1275 scientia.
410 1220 550 1286 Quin
588 1221 701 1290 ipse
754 1219 1010 1291 Didymus
1050 1232 1146 1287 pro
1190 1234 1276 1286 ea,
1312 1233 1416 1288 qua
1457 1219 1715 1288 prteditus

154 1312 557 1375 erat,modestia
593 1311 824 1366 candide
858 1311 907 1365 id
939 1310 1139 1366 fatetur
1168 1310 1220 1364 in
1250 1321 1493 1365 extremo
1523 1311 1711 1365 eodem

152 1401 300 1466 libro,
332 1401 415 1456 ubi
448 1402 710 1471 impressa
736 1401 954 1471 quidem
976 1399 1303 1471 exemplaria
1336 1400 1450 1455 haec
1484 1400 1709 1455 habent:

150 1492 294 1549 Sicut
321 1494 454 1547 enim
484 1493 693 1560 pietatis
716 1509 923 1547 sensum
960 1493 1106 1547 nobis
1150 1493 1403 1546 audacter
1423 1492 1587 1562 juxta
1618 1509 1713 1545 no-

150 1594 304 1636 stram
352 1583 727 1636 conscientiam
780 1581 1140 1644 vindicamus;
1170 1579 1246 1632 ita
1276 1587 1530 1648 quantum
1556 1580 1618 1633 de
1654 1594 1712 1632 eo

152 1673 285 1743 loqui
314 1674 553 1739 pertinet,
587 1683 905 1727 venustatem
934 1672 1248 1726 rhetoricam
1280 1670 1710 1739 facundiamque,

149 1774 291 1831 juxta
340 1766 759 1830 consequentiam
821 1776 1117 1834 textumque
1174 1763 1466 1823 sermonis.
1531 1761 1713 1830 procul

1818 588 2141 632 convocatos
2185 580 2252 632 ab
2299 579 2591 635 Athanasio
2629 583 2937 651 putabimus
2968 599 3061 639 eos
3114 586 3394 657 episcopos

1817 666 1910 735 qui
1956 666 2337 736 eloquentiores
2387 669 2583 733 forent,
2648 687 2717 726 an
2774 674 2867 741 qui
2927 675 3269 744 insigniores,
3302 687 3395 731 aut

1819 759 2059 814 doctrina
2115 762 2569 818 excellentiores?
2610 766 2869 836 Origenes
2920 783 3132 837 quoque
3172 779 3297 823 tom.
3353 770 3391 834 I,

1817 867 1935 921 pag.
1962 850 2050 913 50,
2090 852 2305 921 inquit:
2356 853 2687 926 Ἐλλογίμων
2733 857 3019 928 αἱρέσεων,
3054 860 3155 913 hoc
3189 870 3271 914 est
3312 861 3395 912 in-

1821 944 2106 1013 signiorum
2138 955 2433 999 sectarum:
2461 958 2514 1001 et
2543 951 2679 1018 apud
2710 950 2879 1017 ipsum
2906 950 3093 1006 Celsus
3122 968 3242 1022 pag.
3266 952 3392 1016 558,

1815 1035 2115 1108 ὲλλογίμοις
2138 1040 2383 1112 ἀνδράσι,
2430 1042 2481 1095 id
2522 1050 2607 1097 est
2646 1043 2815 1095 doctis
2846 1043 3195 1113 viris.ltaque
3242 1044 3391 1098 ἐλλό-

1814 1144 1975 1199 γιμος
2008 1130 2185 1186 Suidaa
2222 1133 2436 1202 quidem
2469 1142 2550 1187 est
2592 1134 2793 1203 τίμιος,
2828 1133 3121 1206 σεϐάσμιος
3145 1150 3158 1163 ·
3188 1137 3391 1191 auctori

1816 1227 1991 1273 autem
2022 1220 2226 1286 Lexici,
2269 1223 2410 1292 quod
2441 1238 2542 1277 ms.
2596 1233 2774 1279 exstat
2799 1225 2851 1279 in
2880 1226 2982 1279 MO
3022 1225 3265 1281 Naniano
3301 1242 3396 1284 co—

1815 1309 1951 1377 dice,
1978 1312 2261 1384 ὲλλόγιμος
2288 1317 2577 1384 exponitur
2609 1315 2808 1385 λόγιος,
2833 1316 3131 1386 ἀξιόλογος.

1886 1402 2012 1458 llam
2066 1407 2226 1460 habui
2266 1422 2386 1476 quae
2418 1408 2656 1463 dicerem
2693 1409 2762 1465 de
2810 1410 3019 1481 Didymi
3065 1410 3391 1480 eloquentia.

1811 1494 1883 1548 At
1913 1497 1956 1550 si
1992 1498 2114 1566 quis
2161 1512 2283 1552 eum
2323 1500 2581 1554 disertum
2624 1516 2743 1556 esse
2778 1503 3093 1569 contendat,
3145 1506 3392 1574 equidem

1815 1590 2178 1646 contentionis
2206 1591 2439 1646 vitandae
2484 1607 2647 1647 causa
2696 1608 2802 1647 non
2848 1596 3177 1664 repugnabo,
3238 1599 3396 1651 modo

1816 1684 1995 1732 tamen
2045 1680 2176 1733 mihi
2227 1687 2281 1733 et
2330 1681 2442 1749 ipse
2493 1682 2777 1747 concedat,
2838 1696 2956 1737 eam
3005 1684 3394 1754 eloquentiam,

1814 1782 1972 1837 quam
1996 1770 2045 1823 in
2077 1769 2215 1825 libro
2235 1770 2309 1825 De
2340 1772 2545 1839 Spiritu
2568 1782 2769 1838 sancto,
2790 1774 2839 1827 in
2864 1771 3324 1839 Enarrationibus,
3344 1780 3396 1831 in

151 1829 315 1912 abesse
363 1858 673 1926 simpliciter
721 1829 1048 1924 conﬁtemur.
1077 1853 1253 1909 Studii
1308 1854 1491 1925 quippe
1532 1829 1713 1907 nostri

1847 1862 1956 1915 ibro
2007 1861 2257 1916 adversus
2313 1862 2634 1919 Manicliteos
2688 1865 3005 1931 admiratur,
3056 1867 3107 1920 in
3155 1868 3395 1939 theologi

150 1952 259 2018 fuit,
312 1951 376 2003 de
404 1948 693 2017 Scripturis
737 1948 934 2000 sanctis
982 1947 1343 2016 cii/ferentibus
1376 1948 1460 2016 pic
1523 1944 1717 1999 intelli-

149 2059 256 2112 gere
292 2057 413 2112 quie
452 2042 649 2109 scripta
678 2050 822 2105 sunt,
859 2050 904 2093 et
952 2039 1268 2107 imperitiam
1318 2052 1719 2105 mensuramque

150 2135 301 2188 nostri
342 2150 446 2186 non
500 2134 744 2202 ignorare
793 2131 1066 2186 sermonis.
1105 2129 1212 2185 Sed
1258 2129 1539 2199 legendum
1592 2138 1720 2199 puto

150 2243 207 2281 es
240 2236 428 2282 nostro
459 2227 648 2281 codice
683 2240 786 2280 ms.
828 2240 970 2295 εωρθ
1000 2226 1052 2279 in
1098 2226 1238 2280 notis
1275 2240 1305 2279 a
1338 2240 1421 2278 me
1455 2224 1670 2278 laudato
1702 2239 1717 2278 :

149 2317 283 2371 Sicut
328 2319 469 2371 enim
515 2318 724 2385 pietatis
763 2332 972 2369 sensum
1029 2316 1175 2369 nobis
1254 2314 1506 2367 audacter
1559 2316 1721 2382 juxta

150 2419 372 2461 nostram
426 2407 801 2463 conscientiam
841 2406 1208 2469 vindicamus;
1244 2406 1317 2458 ita
1350 2415 1607 2475 quantum
1651 2408 1720 2460 ad

148 2501 332 2566 eloquii
392 2501 615 2570 pertinet
654 2506 1008 2562 venustatem,
1063 2507 1109 2551 et
1165 2497 1479 2551 rhetoricam
1529 2497 1720 2566 facun-

148 2594 300 2660 diam,
357 2603 414 2647 et
454 2593 876 2662 consequentiam
929 2602 1224 2662 textumque
1291 2591 1578 2658 sermonis,
1628 2609 1722 2646 nos

150 2687 320 2749 procul
368 2687 549 2740 abesse
587 2683 900 2753 simpliciter
932 2682 1260 2751 conﬁtemur,
1296 2691 1350 2736 et
1381 2682 1612 2753 reliqua,
1665 2692 1723 2737 ut

149 2780 410 2849 superius.

217 2872 366 2937 Quod
389 2872 435 2925 si
469 2868 606 2923 male
637 2882 736 2922 nos
776 2864 970 2921 mereri
1010 2866 1075 2920 de
1114 2864 1339 2936 Didymo
1368 2866 1490 2935 quis
1534 2865 1722 2921 existi-

155 2972 270 3026 met,
296 2965 425 3017 dum
465 2960 784 3031 imperitiam
830 2956 1082 3012 sermonis
1127 2956 1183 3012 in
1216 2957 1330 3026 ipso
1361 2959 1722 3027 agnoscimus,

154 3056 287 3111 norit
318 3071 428 3109 non
466 3054 732 3107 modicam
766 3051 812 3104 ei
854 3049 1063 3104 laudem
1112 3064 1140 3102 a
1176 3049 1330 3104 nobis
1361 3050 1544 3111 tribui,
1603 3064 1725 3104 eum

152 3150 281 3202 inter
326 3163 425 3203 eos
491 3145 639 3199 illum
707 3157 1089 3207 numeramus,
1142 3156 1277 3212 quos
1340 3142 1469 3196 dicit
1522 3140 1797 3231 Psaltesc

150 3241 371 3294 eruditos
412 3241 572 3292 corde
597 3237 651 3289 in
692 3234 1009 3302 sapientia”
1035 3253 1047 3287 :
1078 3234 1191 3287 haec
1225 3233 1367 3286 enim
1412 3233 1525 3303 ipse
1571 3232 1731 3301 Didy-

152 3350 261 3385 mus
293 3334 343 3385 in
389 3339 583 3384 catena
611 3327 944 3382 Corderiana
988 3335 1118 3378 tom.
1145 3325 1207 3389 ll,
1243 3339 1366 3395 pag.
1401 3323 1524 3389 865,
1558 3324 1731 3394 expli-

152 3432 230 3477 cat
285 3424 337 3476 in
388 3423 539 3476 hunc
575 3419 793 3472 modum
833 3439 844 3473 :
885 3435 903 3468 ι
947 3414 1114 3470 Porro
1168 3414 1324 3469 corde
1362 3416 1600 3468 eruditus
1649 3422 1733 3470 est

152 3529 199 3565 in
230 3512 496 3581 sapientia
527 3509 620 3579 qui
657 3506 955 3561 secundum
991 3515 1222 3560 mentem
1257 3519 1320 3558 ac
1360 3504 1620 3558 rationem
1653 3520 1733 3560 sa.

155 3603 294 3674 piens
331 3601 534 3666 evasit,
573 3597 789 3653 tametsi
863 3595 1135 3667 prolatitio
1189 3610 1437 3649 sermone
1480 3596 1729 3661 aberret;

157 3698 221 3752 ita
255 3707 312 3751 ut
333 3710 469 3751 vere
500 3694 663 3749 etiam
698 3690 883 3746 dicere
912 3689 1082 3758 possit
1112 3703 1126 3741 :
1161 3684 1281 3740 Etsi
1326 3688 1594 3755 imperitus
1624 3703 1736 3741 ser-

156 3807 316 3857 mone,
361 3805 471 3844 non
525 3796 703 3840 tamen
753 3784 995 3839 scicntia.
1053 3800 1071 3834 ι
1124 3779 1278 3835 Norit
1322 3790 1579 3851 praeterea
1627 3795 1731 3835 non

160 3884 306 3935 modo
334 3878 684 3935 VictOrinum
730 3887 1021 3947 martyrem
1052 3874 1349 3943 imperitum
1386 3886 1621 3924 sermone
1645 3886 1734 3924 vo-

156 3973 258 4027 cari
286 3977 353 4028 ab
397 3971 733 4039 Hieronymo
783 3981 916 4023 tom.
946 3964 1035 4032 IV,
1062 3981 1185 4035 pag.
1215 3963 1269 4029 6,
1296 3964 1425 4018 edit.
1456 3960 1734 4016 Veronen-

160 4069 247 4133 sis,
276 4067 371 4123 sed
400 4068 471 4120 de
502 4063 766 4134 propheta
791 4074 1008 4131 quoque
1037 4058 1115 4111 sic
1138 4071 1260 4110 eum
1291 4053 1435 4123 loqui
1477 4061 1606 4106 tom.
1640 4052 1734 4120 VI,

161 4176 272 4233 pag.
301 4160 415 4215 2‘29.
440 4177 455 4213 :
484 4159 570 4212 Ex
607 4158 705 4209 hoc
753 4169 965 4208 numero
995 4160 1266 4219 pastorum
1298 4146 1457 4199 Amos
1480 4144 1734 4213 propheta

161 4255 273 4321 (ait,
326 4252 613 4322 imperitus
667 4260 924 4307 sermone,
977 4241 1067 4296 sed
1122 4254 1226 4293 non
1282 4237 1524 4291 scientia.
1596 4235 1735 4303 Quid

162 4347 347 4416 plura?
381 4342 589 4399 Paulus
617 4340 735 4409 ipse
764 4337 819 4391 in
867 4333 909 4388 ll
943 4333 1008 4388 ad
1034 4332 1186 4398 (Ion,
1222 4344 1341 4399 cap.
1378 4344 1454 4396 xi,
1490 4344 1630 4383 vers.
1679 4327 1732 4392 6,

161 4438 451 4506 imperitum
468 4448 729 4493 sermone,
748 4430 837 4483 sed
859 4443 962 4480 non
976 4425 1193 4479 scientia
1213 4421 1563 4490 semetipsum
1586 4420 1734 4483 dicit,

1820 1951 1982 2005 etiam
2032 1954 2199 2007 nostri
2233 1967 2397 2022 opere
2427 1955 2661 2010 elucere.

1893 2038 1988 2095 His
2010 2042 2076 2094 de
2114 2042 2394 2111 utriusque
2422 2045 2559 2115 stylo
2606 2046 2905 2115 generatim
2936 2047 3115 2113 dictis,
3147 2050 3399 2107 enuclea-

1823 2133 1928 2187 tius
1958 2150 2100 2190 nunc
2144 2137 2209 2191 de
2249 2137 2435 2191 eadem
2487 2153 2546 2193 re
2586 2140 2852 2208 agendum
2899 2151 3000 2205 est,
3037 2158 3099 2196 ac
3141 2145 3397 2199 nonnulla

1822 2225 2133 2296 singillatim
2185 2228 2574 2284 consideranda
2606 2270 2621 2296 ,
2679 2241 2740 2287 ut
2804 2220 2971 2303 magis
3023 2248 3278 2305 appareat
3334 2255 3398 2294 ea

1821 2333 1981 2387 quam
2011 2320 2299 2387 qttaaritnus
2334 2321 2653 2377 similitudo.

1891 2410 2075 2466 Primo
2107 2413 2290 2482 itaque
2336 2430 2525 2484 parum
2560 2415 2860 2485 elegantem
2888 2433 3011 2473 esse
3034 2421 3269 2475 auctoris
3302 2433 3399 2474 no-

1823 2501 1920 2555 stri
1950 2504 2269 2568 orationem,
2301 2519 2459 2559 nemo
2486 2505 2813 2561 inﬁciabitnr
2850 2510 2942 2576 qui
2967 2510 3315 2579 elegantiam,
3343 2522 3403 2565 ut

1824 2595 1903 2650 sic
1934 2594 2142 2665 loquar,
2177 2596 2242 2651 de
2271 2596 2410 2652 facie
2439 2600 2601 2653 norit.
2632 2598 2771 2665 Quin
2820 2600 2936 2655 loca
2963 2605 3206 2671 quaedam
3239 2603 3293 2657 in
3336 2619 3401 2656 eo

1826 2686 1979 2741 valde
2019 2687 2292 2756 perplexa,
2344 2690 2585 2757 quaedam
2627 2691 2791 2744 etiam
2845 2693 3061 2747 horrida
3115 2696 3399 2756 vocabula,

1826 2779 2071 2849 quaedam
2106 2780 2287 2834 itidem
2320 2781 2539 2843 solmca,
2583 2790 2677 2836 aut
2719 2784 3063 2839 ὑποσόλοικα.
3124 2786 3401 2855 Inelegaus

1827 2874 1930 2927 est.
1977 2874 2035 2921 ut
2072 2866 2285 2936 opinor,
2340 2868 2570 2938 exempli
2622 2871 2822 2940 gratia,
2864 2874 3086 2927 verbum
3119 2874 3400 2944 ἀγιοτρισ-

1830 2957 2143 3029 σολογῆσαι,
2175 2958 2386 3027 aliaque
2417 2960 2557 3014 haud
2588 2977 2755 3030 pauca
2789 2978 2856 3017 ex
2891 2963 2954 3017 iis
2993 2980 3111 3032 qua:
3138 2965 3188 3017 in
3223 2981 3402 3018 vocum

1829 3045 2136 3101 ercarnm
2166 3046 2349 3102 Indice
2388 3050 2657 3115 recensui,
2690 3058 2749 3103 ut
2782 3050 2940 3119 paulo
2959 3051 3119 3104 etiam
3153 3051 3400 3119 superius

1830 3136 2028 3191 dictum
2082 3137 2202 3193 fuit.
2266 3138 2532 3194 SOItBCIlIIl
2582 3154 2709 3193 vero
2756 3149 2872 3204 est,
2918 3141 2966 3192 oi
3026 3140 3254 3206 ὀνειδοι,
3306 3156 3404 3209 pro

1832 3229 1901 3283 τὰ
1930 3231 2129 3301 ὀνείδη,
2152 3230 2233 3285 vel
2267 3246 2362 3300 pro
2390 3231 2437 3283 οἱ
2467 3230 2779 3300 ὀνειδισμοί.
2814 3231 3083 3286 ΞΟΙωριιηι
3115 3240 3197 3285 est
3234 3233 3400 3286 etiam

1834 3325 1974 3390 quod
2010 3324 2204 3393 legitur
2232 3339 2355 3393 pag.
2391 3322 2483 3388 50,
2508 3324 2715 3395 Τριάδα
2748 3321 3275 3395 ὀνειδιξούσης,ειο.,
3310 3340 3406 3392 pro

1833 3412 2214 3477 ὀνειδίζουσαν.

1902 3504 1974 3559 At
2008 3519 2183 3560 nonne
2232 3503 2429 3558 similia
2483 3504 2536 3558 in
2582 3502 2812 3573 Didyme
2864 3502 3199 3571 reperimus?
3232 3501 3406 3559 Solo:-

1834 3611 1955 3650 cum
1980 3605 2063 3653 est
2085 3597 2227 3665 quod
2254 3597 2304 3649 in
2330 3597 2465 3651 libro
2498 3599 2616 3651 adv.
2646 3596 2964 3653 Manis/imos
3002 3600 3196 3669 legitur
3220 3599 3403 3654 initio:

1878 3683 1993 3743 ὗτοι
2069 3684 2421 3757 μεταϐάλλειν
2484 3684 2731 3757 [XXXI]
2804 3686 3078 3749 δύναντες.
3137 3686 3404 3741 Soltecum

1834 3778 2016 3832 itidem
2044 3776 2188 3847 quod
2221 3778 2271 3829 in
2302 3764 2710 3847 eadempagina
2734 3778 2911 3845 legere
2936 3779 3058 3830 licet
3086 3791 3101 3829 :
3148 3776 3284 3829 Ὑπὸ
3314 3775 3407 3830 τοῦ

1835 3870 2176 3940 Σωτῆρος....
2205 3867 2399 3937 λέγων,
2431 3883 2552 3938 pro,
2583 3868 2850 3936 λέγοντος.
2883 3868 2976 3922 His
3012 3877 3194 3923 autem
3227 3867 3408 3921 amula

1838 3961 2141 4014 invenimus
2170 3960 2221 4013 iu
2266 3958 2474 4030 Didymi
2528 3958 2843 4029 fragmentis
2873 3969 3003 4013 tom.
3065 3958 3132 4012 ιν
3171 3960 3409 4013 Anecdo-

1836 4063 2008 4105 torum
2035 4049 2216 4105 Wollii
2248 4051 2427 4117 editis,
2459 4059 2514 4105 et
2537 4051 2680 4121 apud
2709 4048 3025 4105 Catenarnm
3057 4060 3334 4108 auctores.

1907 4143 2059 4211 Quod
2098 4144 2143 4199 si
2190 4157 2449 4212 reponas,
2493 4143 2833 4197 librariorum
2882 4141 3142 4211 inscitiae,
3184 4150 3279 4196 aut
3328 4142 3409 4196 in-

1837 4239 2000 4291 curiae
2065 4236 2226 4290 tribui
2271 4237 2391 4290 hate
2433 4250 2629 4306 posse,
2680 4237 2770 4306 qui
2839 4237 3181 4291 exaraverint
3234 4234 3409 4303 λέγων

1838 4341 1935 4397 pro
1962 4327 2229 4395 λέγοντος,
2255 4337 2305 4382 el
2331 4327 2586 4392 δύναντες
2608 4344 2705 4398 pro
2730 4327 3003 4395 δύνανται,
3044 4339 3098 4383 et
3119 4330 3188 4382 ita
3215 4343 3409 4398 porro;

1838 4432 1901 4471 ea
1928 4418 2074 4473 dices
2102 4435 2223 4489 qua:
2254 4420 2493 4488 aequitati
2538 4432 2900 4476 consentanea
2940 4430 3105 4486 sunt;
3154 4421 3247 4475 sed
3296 4421 3409 4473 haec

164 4545 223 4587 eo
261 4530 407 4601 quod
456 4525 669 4583 scilicet
725 4517 1149 4593 persuasibilibus
1190 4516 1432 4569 humana:
1467 4513 1737 4581 sapientia:
1770 4520 1813 4574 ι)
1838 4507 2025 4563 eadem
2065 4509 2291 4579 aequitas
2344 4511 2658 4580 postulabit,
2693 4520 2751 4564 ut
2800 4511 3095 4565 soloecismi
3139 4510 3300 4563 etiam
3356 4510 3408 4562 in

164 4626 340 4691 verbis,
367 4632 431 4676 ut
461 4621 693 4692 ipsemet
722 4616 819 4682 ait,
854 4628 956 4667 non
980 4618 1243 4676 uteretur,
1267 4608 1617 4675 Graicamque
1659 4606 1736 4658 la-

165 4718 404 4771 cundiam
446 4717 843 4769 contemneret,
875 4704 1039 4760 aliam
1086 4715 1213 4756 vero
1244 4700 1528 4769 quamdam
1566 4698 1736 4752 multo

166 4807 531 4861 sublimiorem
558 4807 899 4857 sectaretur:
923 4808 1029 4864 qua
1055 4793 1121 4847 de
1144 4805 1309 4846 causa
1340 4789 1535 4842 merito
1562 4788 1735 4857 ipsum

166 4898 441 4970 Dionysius
495 4892 773 4961 Longinus
818 4887 979 4941 homo
1015 4882 1265 4939 ethnicus
1292 4881 1431 4936 inter
1474 4879 1604 4934 illos
1637 4894 1739 4933 mt-

167 5000 325 5044 merat
363 4988 459 5058 qui
492 4983 712 5041 sublimi
741 4977 953 5034 dicendi
995 4989 1193 5046 genere
1225 4972 1615 5029 excelluerunt.

228 5082 375 5149 Quod
428 5092 562 5133 vero
619 5074 849 5145 pertinet
900 5069 967 5122 ad
1022 5067 1325 5129 Socratem,
1373 5072 1642 5132 nuncupat
1694 5061 1739 5117 is

167 5172 368 5241 quidem
398 5168 691 5237 Didymum
725 5158 1045 5229 ἐλλόγιμον,
1095 5155 1186 5210 sed
1239 5168 1425 5207 vereor
1479 5161 1535 5204 ut
1584 5150 1741 5206 Vale-

168 5266 268 5319 sius
295 5279 401 5319 non
438 5269 590 5316 recte
640 5254 712 5310 ibi
762 5254 1147 5321 interpretatus
1195 5246 1266 5300 sit
1301 5245 1741 5306 disertissimum;

169 5368 224 5407 ea
251 5356 391 5410 enim
425 5348 598 5407 dictio
625 5362 732 5401 non
767 5344 1030 5398 disertum
1060 5339 1218 5393 modo
1247 5337 1490 5398 denotat,
1523 5334 1615 5389 sed
1651 5335 1739 5386 in-

170 5446 350 5514 signem
367 5444 567 5505 etiam,
594 5449 649 5493 et
676 5438 911 5499 doctum,
942 5440 1001 5485 ut
1035 5445 1179 5483 reor.
1214 5428 1586 5482 Tbeodoretus
1608 5439 1739 5479 sane

173 5535 221 5589 in
256 5536 393 5590 Hist.
434 5533 623 5587 eccles.
661 5530 753 5583 lib.
794 5541 879 5591 tv,
905 5538 1022 5593 cap.
1053 5521 1111 5585 2,
1147 5520 1496 5574 Athanasium
1519 5516 1741 5572 Joviano

174 5627 475 5703 imperatori
524 5621 920 5694 expositionem
979 5614 1101 5668 tidei
1162 5613 1449 5666 missurum
1515 5624 1741 5678 congre-

248 5830 444 5887 ‘Psal.
478 5842 705 5889 uuis,
746 5824 833 5878 12.

496 5923 763 5984 Ριτιιοι..
814 5916 932 5975 list.
995 5908 1298 5991 XXXIX.

1834 4602 2081 4672 theoiogo
2142 4613 2328 4659 nostro
2389 4615 2739 4659 occurrentes
2793 4604 3012 4659 librario
3078 4603 3406 4665 tribuantur,

1830 4692 1920 4761 qui
1951 4707 2231 4762 perperam
2264 4694 2575 4762 scripserit,
2614 4709 2703 4748 ex.
2731 4708 2814 4761 gr.
2872 4694 2921 4745 oi
2982 4691 3175 4744 ὄνειδοι
3209 4704 3304 4758 pro
3358 4688 3408 4740 οἱ

1832 4782 2144 4854 ὀνειδισμοί,
2176 4793 2229 4837 et
2256 4782 2617 4856 ὀνειδιζούσης
2648 4800 2743 4854 pro
2776 4785 3155 4848 ὀνειδίζουσαν.

1906 4873 1973 4927 ll.
2016 4875 2098 4928 Ab
2132 4873 2235 4928 illis
2266 4891 2385 4944 qua:
2415 4891 2522 4946 pra:
2556 4877 2805 4930 manibus
2842 4877 3038 4939 habet,
3074 4875 3410 4943 argumentis

1843 4966 2141 5037 digreditur
2193 4967 2481 5036 aliquando
2510 4968 2767 5039 Didymus
2810 4968 2875 5021 ad
2904 4982 3018 5019 rem
3069 4984 3096 5020 a
3133 4970 3410 5035 prepositn

1843 5061 1997 5131 plane
2026 5062 2278 5116 alienam.
2309 5061 2387 5116 Ita
2417 5064 2468 5116 in
2499 5064 2633 5118 libro
2658 5062 2734 5116 De
2761 5063 2969 5130 Spiritu
2996 5073 3196 5127 sancto,
3223 5077 3289 5116 ne
3319 5077 3410 5131 per

1842 5154 2022 5208 omnia
2060 5156 2175 5221 ejus
2230 5169 2392 5224 opera
2455 5155 2754 5210 discurram
2783 5196 2798 5219 ,
2833 5164 3118 5225 postquam
3154 5170 3304 5209 num.
3345 5155 3411 5207 45

1844 5245 1994 5300 Isaiae
2019 5245 2192 5299 locum
2220 5245 2371 5299 valde
2403 5246 2618 5315 longum
2646 5246 2846 5311 attulit,
2875 5248 2926 5300 in
2957 5262 3064 5316 quo
3088 5261 3255 5315 pauca
3289 5256 3409 5299 tan—

1850 5339 2123 5390 tummodo
2174 5337 2239 5389 ad
2285 5339 2617 5406 prepositum
2672 5338 2999 5407 pertinentia
3047 5338 3410 5407 reperiuntur,

1850 5438 2017 5483 totum
2046 5443 2169 5483 eum
2209 5429 2403 5493 locum,
2459 5430 2657 5485 oblitus
2694 5431 2859 5485 veluti
2893 5430 3243 5500 argumenti,
3299 5445 3410 5479 amr

1849 5517 2089 5587 piissimo
2139 5520 2527 5574 commentario
2590 5520 2820 5574 illustrat
2857 5534 3080 5576 :neceo
3132 5526 3415 5575 contentus

1852 5608 2071 5662 alteram
2098 5616 2317 5677 repente
2371 5610 2560 5665 inserit
2604 5626 2753 5665 num.
2787 5610 2856 5664 45
2896 5610 3304 5680 digressionem,
3360 5608 3416 5663 iu
