3774 6352
410 393 509 452 171

1845 393 1930 446 DE
1969 391 2228 448 DIDYMO

3573 389 3666 446 172

405 531 513 588 qua
541 514 864 570 Manichteos
891 514 1052 569 alium
1086 512 1253 568 Deum
1286 513 1486 569 bonum
1518 553 1533 579 ,
1570 512 1731 566 alium
1777 511 1980 579 justum
2013 513 2057 568 Α
2089 509 2224 563 rium
2251 510 2478 565 lectione
2497 512 2672 564 minus
2690 519 2902 564 versato
2926 509 3092 563 videri
3125 509 3343 578 pote5t),
3375 523 3662 578 nusquam,

409 611 673 678 tingentes
741 605 955 660 refellit.
1005 605 1322 674 lIujnsmodi
1365 618 1495 659 vero
1532 602 1891 673 digressiones
1920 600 1974 652 in

410 709 597 752 nostro
629 697 791 751 etiam
824 697 1073 766 theologo
1103 697 1338 751 inveniet
1367 695 1558 750 lector.
1602 694 1733 754 Nam
1773 709 1826 763 p.
1852 692 1984 756 295,

411 790 564 844 verbi
599 792 794 858 gratia,
829 789 995 843 Marci
1025 799 1228 844 textum
1267 787 1408 843 haud
1447 789 1662 844 brevem
1697 788 1768 841 ita
1817 786 1986 841 inter-

408 891 672 950 pretatur,
704 891 760 936 ut
800 897 860 935 ea
891 882 1053 935 etiam
1085 883 1336 950 explanet
1383 895 1503 948 quae
1533 879 1597 934 ad
1646 879 1980 948 propositum

412 982 784 1041 argumentum
822 973 954 1026 nihil
986 973 1234 1027 attinent.
1269 972 1345 1026 Ac
1374 970 1549 1026 simile
1579 969 1704 1039 quid
1749 971 1988 1024 occurrit

410 1078 533 1131 pag.
568 1062 694 1129 260,
744 1073 798 1117 et
825 1063 1190 1130 sequentibus,
1223 1062 1314 1116 ubi
1343 1059 1626 1116 Zacharias
1668 1061 1846 1115 locum
1909 1061 1990 1117 sic

411 1153 664 1221 caplicari
703 1151 928 1217 videbis,
979 1160 1036 1204 ιιι
1069 1151 1179 1219 jam
1225 1165 1329 1203 non
1369 1150 1674 1220 theologum
1715 1151 1779 1204 de
1821 1149 1990 1218 Spiri-

414 1250 504 1298 tus
540 1244 709 1298 sancti
764 1243 1045 1295 divinitate
1096 1251 1343 1309 agentem
1377 1241 1555 1311 legere
1611 1251 1661 1296 te
1687 1250 1864 1311 putes,
1892 1243 1988 1297 sed

417 1335 764 1404 interpretem
795 1334 1104 1403 Scripturas
1132 1332 1531 1400 explanantem.
1551 1332 1702 1400 Quod
1741 1334 1988 1404 paginam

411 1441 626 1494 quoque
648 1425 770 1491 515,
802 1425 905 1480 alia
921 1439 1062 1495 sque
1090 1423 1374 1479 nonnullas
1403 1424 1597 1492 legenti
1632 1427 1924 1493 continget.

480 1519 566 1573 lll.
611 1519 896 1574 Dialectice
945 1533 1007 1573 ac
1065 1518 1334 1573 subtiliter
1380 1517 1434 1572 in
1480 1518 1617 1573 libro
1660 1517 1736 1571 De
1788 1516 1989 1586 Spiritu

413 1623 594 1665 sancto
631 1611 886 1682 Didymus
919 1611 1292 1674 ratiocinatur,
1344 1610 1444 1664 etsi
1488 1609 1559 1664 ibi
1619 1620 1929 1680 argumenta
1962 1623 1992 1663 e

413 1703 708 1772 Scripturis
766 1713 972 1758 tantum
1020 1705 1177 1758 ducta
1221 1700 1484 1773 proferat.
1539 1700 1596 1757 Id
1624 1703 1797 1772 ipsum
1859 1701 1992 1757 facit

411 1805 465 1850 CI.
493 1805 694 1850 noster.

481 1888 568 1942 IV.
612 1889 897 1946 Vocabulis
952 1898 1180 1958 uterque
1223 1888 1396 1943 utitur
1447 1888 1682 1943 maxime
1744 1887 1979 1959 propriis

412 1982 479 2034 ad
511 1980 844 2050 explicanda,
880 1997 971 2035 seu
999 1980 1331 2051 designanda
1363 1980 1543 2050 potius
1589 1994 1706 2051 qua:
1734 1980 1801 2034 ad
1846 1978 1987 2034 Tri-

412 2073 598 2128 nilatis
634 2074 945 2143 mysterium
983 2081 1249 2142 spectant.

483 2160 546 2214 V.
592 2162 662 2216 Ea
699 2162 988 2230 Scriptura:
1037 2161 1171 2227 loca,
1235 2176 1299 2215 ex
1352 2160 1546 2229 quibus
1608 2161 1984 2217 haereticorum

409 2253 768 2321 blasphemias
803 2253 1018 2319 refellit,
1047 2268 1207 2308 sensu
1239 2253 1437 2322 accipit
1489 2251 1603 2307 fere
1635 2267 1848 2322 semper
1882 2270 1984 2309 non

412 2345 660 2414 mystico,
720 2345 812 2398 sed
850 2345 1064 2399 litterali
1093 2385 1107 2408 ,
1150 2359 1254 2399 non
1295 2343 1554 2410 violento,
1604 2345 1700 2398 sed
1747 2344 1983 2399 naturali

410 2450 530 2489 cum
558 2435 832 2505 theologus
859 2445 1058 2498 noster,
1091 2442 1201 2487 tum
1235 2433 1511 2504 Didymus.

478 2522 566 2577 Vl.
607 2521 838 2577 Nimium
887 2524 1096 2578 subtilis
1124 2538 1226 2576 non
1261 2534 1345 2577 est
1375 2521 1658 2593 Didymus,
1707 2522 1805 2576 etsi
1840 2524 1967 2576 sub-

337 2685 342 2694 ἱ
411 2617 575 2671 tiliter
604 2633 666 2670 ac
695 2617 972 2672 dialectice
1029 2623 1451 2685 argumentetur.
1508 2615 1814 2668 Eademcue
1870 2615 1988 2670 laus

409 2709 655 2778 theologo
683 2717 865 2763 nostro
891 2708 1134 2762 debetur.

480 2797 593 2853 Vll.
635 2799 704 2854 Se
758 2801 926 2865 ipsmu
959 2798 1090 2851 citat
1125 2813 1228 2851 non
1285 2811 1407 2852 raro
1455 2797 1739 2869 theologus
1787 2806 1972 2853 noster

407 2889 535 2945 item
572 2901 628 2943 ut
666 2889 947 2961 Didymus.
978 2888 1214 2959 Uterque
1255 2889 1416 2944 etiam
1449 2889 1740 2959 scriptores
1763 2890 1938 2944 citans
1969 2929 1985 2955 ,

409 2992 502 3036 aut
533 2983 664 3036 alios
700 2981 905 3050 aliquos
935 2981 1238 3043 nominans,
1287 2982 1447 3035 breve
1475 2981 1712 3050 ipsorum
1746 2979 1976 3050 elogiqu

407 3075 608 3145 passim
640 3074 901 3144 adjungit.
932 3073 1170 3144 Uterque
1203 3073 1430 3129 lectores
1459 3074 1725 3128 interdum
1781 3073 1848 3127 ad
1882 3073 1982 3127 alia

409 3173 605 3234 praeter
640 3165 751 3232 illa,
782 3179 903 3234 quae
935 3163 1111 3230 all‘ert,
1159 3165 1453 3232 Scriptura:
1488 3164 1792 3218 testimonia
1839 3179 1984 3232 qute-
2011 3197 2053 3254 ρ

411 3259 575 3309 remla
625 3256 858 3322 excitat;
906 3267 1090 3310 noster
1137 3255 1385 3324 quidem,
1432 3269 1482 3307 v.
1508 3268 1614 3322 gr.,
1647 3269 1767 3324 pag.
1801 3255 1907 3308 2‘27
1932 3267 1986 3310 et

404 3346 548 3415 344;
585 3346 843 3418 Didymus
878 3363 1006 3404 vero
1039 3348 1091 3402 in
1139 3347 1272 3402 locis
1299 3360 1329 3399 a
1371 3362 1455 3402 me
1486 3362 1605 3418 pag.
1647 3346 1749 3400 227
1783 3347 1982 3420 allega-

403 3439 495 3494 tis.

479 3529 612 3585 VIII.
651 3529 915 3585 Nonnulla
949 3531 1144 3585 iterum
1183 3545 1248 3584 ac
1305 3529 1461 3585 tertio
1490 3529 1829 3584 inculcantur
1861 3544 1980 3584 cum

406 3623 459 3678 in
497 3622 631 3676 libro
658 3622 730 3676 De
761 3622 960 3691 Spiritu
989 3633 1196 3686 sancto,
1232 3632 1340 3674 tttttt
1379 3623 1429 3674 in
1467 3622 1569 3675 hoc
1602 3635 1786 3689 opere.

482 3714 575 3770 IX.
635 3714 778 3769 Satis
842 3715 999 3785 longa
1068 3713 1324 3769 exscribit
1390 3713 1656 3767 interdum
1723 3712 1980 3782 Didymus

408 3808 699 3877 Scriptura:
737 3808 848 3863 loca
871 3849 886 3873 ,
918 3807 1078 3877 idque
1111 3807 1226 3861 sine
1263 3819 1454 3874 magna
1505 3804 1825 3859 necessitate
1851 3846 1866 3870 ,
1920 3815 1980 3859 ut

405 3900 584 3955 monui
633 3917 754 3972 pag.
807 3902 931 3956 547.
996 3901 1050 3954 ld
1108 3900 1280 3969 ipsum
1331 3915 1360 3952 a
1418 3909 1604 3952 nostro
1665 3898 1779 3952 ﬁeri
1834 3906 1980 3967 patet

403 4005 525 4047 cum
556 4009 620 4047 ex
669 3997 854 4048 eadem
889 4009 1013 4063 pag.
1045 3994 1169 4060 517,
1197 4003 1306 4046 ιυιη
1339 4007 1404 4047 ex
1432 4006 1586 4062 pagg.
1618 3990 1687 4046 56
1709 4031 1724 4056 ,
1754 3991 1842 4057 57,
1870 3990 1938 4044 44
1959 4033 1974 4056 ,

403 4085 494 4150 58,
531 4087 652 4150 194,
687 4086 790 4140 238
816 4096 868 4139 et
897 4085 1022 4140 585.

475 4178 715 4248 Denique
739 4177 1044 4231 dubitanter
1070 4175 1210 4246 loqui
1246 4187 1390 4231 amat
1430 4177 1713 4248 Didymus,
1748 4175 1823 4230 ita
1868 4175 1974 4230 sci-

402 4267 530 4322 licet
583 4277 643 4321 ut
689 4282 792 4320 non
823 4266 950 4336 quid
1000 4269 1112 4336 ipse
1156 4271 1371 4335 sentiat,
1427 4268 1654 4323 definire
1684 4267 1832 4330 velit,
1882 4265 1972 4319 sed

401 4359 578 4428 aliqua
633 4358 822 4414 lectori
879 4359 1232 4412 examinanda
1312 4367 1598 4430 praponat.
1672 4357 1840 4428 llujus
1896 4357 1971 4411 rei

401 4448 641 4516 exempla
677 4447 728 4500 in
775 4447 1211 4504 Enarrationibus
1265 4449 1502 4504 invenies
1533 4463 1689 4520 pagg.
1739 4447 1827 4506 50.
1857 4446 1925 4501 54
1955 4486 1969 4512 ,

2090 593 2327 671 inquam,
2355 601 2622 657 htereticis
2667 601 2853 672 objicit
2910 617 3008 656 nec
3073 601 3282 656 celebre
3320 598 3547 654 Joannis
3577 613 3661 656 ca-

2088 694 2312 763 pitulum
2332 737 2346 761 ,
2389 693 2515 749 Tres
2537 705 2658 750 sunt
2685 697 2772 763 qui
2799 694 3149 747 testimonium
3187 693 3312 745 dant
3356 692 3409 745 in
3442 691 3570 745 caelo
3600 691 3660 758 “,

2089 796 2145 839 et
2178 785 2408 854 reliqua,
2439 801 2615 856 neque
2647 784 2844 839 Nicaeni
2873 782 3106 849 concilii,
3133 796 3307 853 neque
3347 780 3661 836 Constanti-

2091 877 2388 945 nopolitani
2414 918 2429 945 ,
2461 878 2736 945 multoque
2771 877 2946 932 minus
2969 873 3193 929 alterius
3225 873 3547 943 cujusquam
3575 887 3661 934 sy-

2091 968 2214 1022 nodi
2266 967 2626 1024 definitioues.
2664 968 2932 1023 Praeterea
2984 973 3357 1037 argumentum
3389 979 3459 1019 ex
3504 964 3662 1018 tradi-

2092 1060 2236 1115 tione
2269 1061 2490 1132 petitum
2525 1063 2739 1132 attingit
2787 1057 3033 1134 [XXXII]
3070 1059 3284 1127 quidem
3315 1057 3535 1123 alicubi,
3574 1057 3661 1112 sed

2091 1167 2196 1206 non
2237 1161 2412 1223 urget,
2450 1153 2574 1207 illud
2604 1163 2808 1207 tantum
2853 1153 3122 1207 haereticis
3165 1150 3327 1204 veluti
3369 1151 3549 1205 obiter
3578 1164 3664 1203 es-

2097 1244 2357 1314 probrare
2381 1254 2684 1308 contentus,
2721 1259 2907 1298 novam
2931 1257 3053 1298 esse
3082 1256 3268 1296 eorum
3317 1240 3616 1295 doctrinam
3643 1281 3658 1305 ,

2091 1336 2341 1406 ipsosque
2371 1351 2436 1392 ea:
2492 1340 2798 1390 inconcussa
2847 1335 3000 1387 domo
3033 1374 3048 1399 ,
3108 1342 3166 1386 ut
3247 1333 3360 1401 ipse
3429 1331 3659 1401 loquitur

2091 1444 2212 1499 pag.
2249 1428 2371 1490 174,
2417 1443 2608 1496 nempe
2635 1443 2700 1481 ex
2730 1425 2963 1480 Ecclesia
2987 1464 3002 1488 ,
3032 1439 3279 1495 egressos
3314 1436 3460 1477 esse.
3508 1423 3660 1477 Insu-

2093 1537 2189 1591 per
2215 1523 2461 1590 quamvis
2493 1534 2684 1573 omnes
2713 1518 2826 1572 fere
2848 1517 3144 1586 Scripturze
3176 1516 3342 1570 libros
3386 1516 3540 1579 citet,
3589 1514 3653 1567 li-

2091 1613 2219 1668 bros
2283 1622 2460 1667 tamen
2508 1610 2956 1673 Macbabreorutn,
3006 1609 3201 1662 librum
3239 1607 3446 1673 .Indith,
3498 1606 3650 1661 acli-

2093 1705 2246 1758 brum
2293 1701 2486 1756 Esther
2540 1715 2811 1769 nunquam
2857 1699 3072 1769 allegat.
3131 1698 3286 1767 Saepe
3336 1698 3498 1752 etiam
3533 1697 3654 1751 dum

2096 1797 2207 1850 loca
2247 1811 2278 1850 e
2333 1795 2643 1864 Scriptura,
2705 1793 2892 1848 aliisve
2926 1792 3078 1847 libris
3133 1792 3307 1855 all'ert,
3335 1802 3653 1854 auctorum,

2091 1895 2182 1940 aut
2213 1886 2493 1949 librorum,
2527 1886 2669 1938 unde
2695 1886 2977 1954 desumpta
3012 1893 3157 1944 sunt,
3189 1883 3408 1936 nomina
3448 1882 3652 1936 reticet.

2087 1977 2240 2044 Quod
2270 1994 2394 2033 vero
2434 1977 2637 2047 majore
2664 1977 2876 2030 videtur
2919 1975 3386 2030 animadversione
3413 1973 3652 2043 dignum,

2086 2071 2324 2125 Arianos
2377 2069 2616 2138 quidem,
2686 2066 3116 2128 Macedonianos,
3177 2080 3242 2120 ac
3296 2064 3654 2119 Eunomianos

2088 2162 2330 2216 nominat
2353 2202 2368 2225 ,
2416 2161 2509 2216 sed
2541 2160 3024 2223 Semiariauorum,
3058 2161 3474 2220 Anomoeorttnt,
3511 2155 3653 2210 aliis-

2087 2269 2192 2324 que
2225 2254 2493 2309 similibus
2521 2253 3011 2324 nuncupationibus
3037 2265 3308 2320 nunquam
3339 2249 3532 2312 utitur,
3560 2250 3652 2303 etsi

2089 2343 2392 2410 hujnsmodi
2434 2343 2693 2397 vocabula
2745 2331 2941 2413 quarto
2969 2343 3131 2398 etiam
3165 2340 3421 2396 Ecclesiae
3453 2339 3653 2395 sarculo

2088 2435 2429 2499 invaluerint,
2460 2444 2516 2488 ut
2535 2450 2602 2490 ex
2639 2435 2940 2506 Epiphanio
2967 2444 3198 2498 constat,
3222 2433 3451 2502 aliisque
3477 2431 3651 2486 Patri-

2087 2529 2208 2584 bus.
2236 2527 2517 2582 Postremo
2547 2528 2710 2593 Aetii,
2749 2527 3086 2598 Apollinarii,
3119 2525 3356 2581 Marcelli
3381 2524 3651 2596 Ancyrani

2090 2626 2392 2681 nominibus
2447 2624 2660 2695 parcit;
2724 2621 2936 2676 etiamsi
2987 2621 3129 2676 enim
3178 2619 3390 2674 Aetium
3443 2618 3650 2689 quidem

2089 2733 2210 2787 pag.
2249 2717 2317 2772 14
2367 2715 2642 2779 confutet,
2679 2716 2786 2768 imo
2823 2713 2938 2783 ejtts
2978 2712 3142 2767 verba
3193 2710 3412 2775 afferat;
3461 2709 3654 2779 Apolli-

2087 2810 2222 2863 narii
2257 2823 2388 2863 vero
2432 2806 2679 2860 haeresim
2712 2815 2970 2860 memoret
3009 2819 3164 2873 pagg.
3199 2803 3302 2857 595
3330 2811 3386 2856 et
3424 2801 3532 2856 596
3555 2819 3569 2865 ;
3595 2814 3653 2853 ac

2088 2899 2394 2953 Marcellum
2454 2897 2698 2961 refellat,
2757 2904 2814 2950 ut
2876 2895 3171 2949 verisimile
3221 2902 3346 2960 est,
3406 2892 3548 2946 libro
3595 2907 3649 2954 ι,

2088 3007 2202 3060 cap.
2252 2991 2314 3044 51
2365 3006 2379 3043 :
2413 2989 2550 3044 Aetii
2589 2997 2796 3053 tamen,
2840 2987 3158 3058 Apollinarii
3188 3002 3251 3042 ac
3284 2985 3520 3040 Marcelli
3555 2998 3651 3038 no-

2089 3085 2230 3137 mina
2262 3096 2327 3136 ne
2357 3082 2524 3137 semel
2549 3082 2764 3152 quidem
2792 3089 3195 3136 commemorat.

2155 3171 2232 3224 Ita
2265 3171 2480 3240 quidem
2517 3170 2796 3241 theologus
2826 3181 3010 3224 noster
3037 3184 3095 3223 se
3129 3167 3311 3239 gessit.
3343 3166 3480 3234 Quia
3527 3181 3651 3221 vero

2087 3259 2392 3330 Didymus?
2454 3259 2641 3316 Nonne
2695 3261 2856 3315 simili
2913 3261 2995 3314 his
3055 3275 3269 3330 quoque
3304 3259 3496 3312 modo?
3540 3257 3646 3310 luto

2083 3352 2269 3404 eodem
2299 3365 2540 3418 prorsus,
2573 3350 2625 3403 ni
2651 3348 2826 3404 fallor.
2868 3347 2945 3402 Ne
2987 3349 3099 3418 ipse
3154 3349 3370 3418 quidem
3425 3347 3646 3402 Joannis

2085 3443 2466 3509 testimonium,
2533 3443 2659 3498 Tres
2717 3432 2837 3496 διιιῆ
2881 3452 2935 3496 et
2964 3451 3175 3508 ca‘tera,
3225 3457 3459 3511 unquam
3501 3440 3651 3496 aﬂ'ert

2083 3549 2256 3602 neque
2297 3534 2348 3587 in
2389 3532 2834 3587 Euarratiunibus
2889 3534 2944 3587 in
2975 3534 3198 3601 primam
3237 3533 3399 3600 ipsius
3431 3531 3651 3586 Joannis

2087 3621 2405 3691 Epistolam;
2431 3639 2602 3694 neque
2634 3626 2686 3678 in
2721 3624 2857 3679 libro
2875 3623 2948 3677 De
2977 3622 3176 3692 Spiritu
3193 3632 3390 3686 sancto,
3423 3635 3524 3676 nec
3548 3621 3644 3674 ali-

2086 3715 2159 3769 hi.
2221 3715 2277 3770 Id
2329 3726 2508 3771 autem
2549 3732 2615 3771 ex
2654 3733 2719 3772 eo
2777 3717 2983 3771 factum
3031 3731 3137 3770 non
3186 3716 3391 3780 dubito,
3424 3715 3565 3783 quod
3599 3714 3649 3768 in

2091 3807 2473 3863 Alexandrinis
2518 3807 2811 3863 Dibliorum
2869 3807 3266 3877 exemplaribus
3329 3815 3512 3860 textus
3565 3804 3650 3860 ille

2082 3902 2478 3956 desideraretur
2522 3923 2534 3956 :
2578 3917 2699 3956 cum
2741 3899 2957 3954 Arianis
3010 3914 3075 3953 ne
3108 3899 3176 3953 ab
3205 3897 3504 3952 Athanasio
3536 3897 3649 3966 qui-

2083 3995 2199 4046 dem
2235 4009 2469 4062 unquam
2504 3993 2747 4063 objectus
2785 3993 2874 4056 sit,
2903 4007 3001 4046 nec
3036 3993 3086 4044 in
3122 3991 3505 4052 Alexandrino,
3559 3991 3646 4058 qui

2077 4089 2342 4146 superest,
2401 4080 2587 4134 codice
2643 4080 2868 4150 legatur.
2930 4078 3135 4133 Nullius
3182 4094 3398 4148 quoque
3458 4080 3644 4150 synodi

2081 4172 2405 4225 mentionem
2436 4172 2596 4225 ullam
2633 4172 2761 4227 facit
2793 4173 3048 4242 Didymus
3078 4191 3093 4238 ;
3125 4173 3313 4234 satius,
3350 4182 3408 4225 ut
3436 4174 3644 4242 Opinor,

2076 4275 2198 4314 esse
2247 4262 2448 4316 ducens
2498 4277 2530 4316 e
2612 4261 2930 4330 Scripturis,
2993 4277 3215 4328 quarum
3273 4263 3644 4316 auctoritatem

2075 4356 2432 4428 agnoscebant
2467 4355 2730 4420 haeretici,
2758 4371 2916 4425 quam
2946 4370 3013 4410 ex
3045 4355 3431 4426 synodis,quas
3461 4354 3536 4408 illi
3563 4355 3648 4407 de-

2077 4447 2399 4520 spiciebant,
2457 4448 2847 4518 argumentari.
2901 4447 3050 4503 Hanc
3101 4449 3227 4502 item
3279 4449 3350 4503 ob
3407 4462 3642 4512 causam,

402 4541 492 4604 55,
553 4540 614 4593 71
643 4549 698 4593 et
738 4538 826 4601 88,
871 4539 1207 4595 Bibliothecw
1241 4540 1463 4595 Patrum
1514 4540 1768 4594 editionis
1817 4539 1960 4594 Pari-
1998 4535 2043 4591 D
2072 4543 2123 4595 ni
2157 4541 2328 4606 fallor,
2401 4555 2470 4595 ne
2526 4539 2868 4595 traditionem
2921 4541 3138 4610 quidem
3191 4555 3518 4611 magnOpere
3559 4557 3646 4594 us-

400 4632 594 4687 siensis
624 4631 747 4684 anni
779 4629 950 4696 1644;
983 4631 1034 4685 in
1061 4631 1194 4686 libro
1221 4644 1398 4687 autem
1436 4631 1513 4685 De
1545 4629 1752 4700 Spiritu
1787 4638 1967 4682 sancto

399 4738 556 4794 pagg.
603 4722 723 4786 I60,
762 4722 881 4788 161,
914 4724 1035 4789 162,
1070 4725 1177 4780 161
1207 4724 1457 4780 editionis
1486 4721 1836 4776 Veronensis.
1881 4721 1966 4776 Si-

402 4816 547 4867 milia
575 4829 702 4868 vero
754 4817 995 4885 exempla
1058 4817 1110 4871 in
1163 4816 1408 4885 theolngo
1435 4825 1618 4868 nostro
1675 4823 1968 4868 occurrunt

436 4906 1000 4975 :ngg.198,?6l,27l,
1034 4909 1140 4965 stt
1171 4920 1224 4962 et
1248 4907 1372 4961 H7.

394 5019 524 5073 Car.
564 5020 749 5076 XXIII.
792 5021 1062 5078 Notabiles
1097 5023 1339 5105 quietiam
1378 5022 1432 5074 in
1474 5031 1688 5091 utroque
1715 5019 1966 5090 scriptore

1009 5111 1088 5148 om
1097 5109 1331 5147 188101188.

466 5177 610 5232 Satis
650 5179 845 5234 multas
883 5180 993 5252 jatn
1024 5195 1091 5235 ex
1138 5180 1203 5234 iis
1231 5193 1350 5248 qua:
1393 5177 1609 5248 scripsit
1653 5188 1843 5233 auctor
1871 5195 1967 5233 nn-

397 5278 526 5333 sler,
574 5270 909 5340 conjecturas
955 5271 1260 5326 rationesve
1294 5268 1740 5338 deprompsimus.
1780 5267 1957 5335 Quid-

397 5358 450 5412 ni
495 5374 559 5414 e‘s
603 5361 689 5418 his
730 5364 893 5418 etiam
941 5371 1382 5433 argumentemur
1425 5374 1544 5428 quae
1588 5359 1702 5429 ipse
1750 5359 1961 5413 tacuit?

392 5462 516 5506 eum
571 5453 683 5510 haec
737 5470 953 5525 quoque
1003 5469 1109 5508 non
1155 5452 1498 5506 mediocriter
1524 5450 1714 5520 juvent
1740 5465 1958 5505 causam

395 5557 588 5602 meam.
627 5545 900 5616 Nusquam
925 5548 1089 5617 igitur
1121 5547 1171 5599 in
1209 5544 1381 5600 tribus
1428 5543 1576 5598 hisce
1608 5543 1764 5598 libris
1797 5544 1958 5612 (quod

396 5635 587 5690 mirum
620 5637 849 5707 cuipiam
885 5638 936 5692 in
965 5646 1208 5691 veterum
1248 5635 1464 5689 Patrum
1508 5631 1722 5702 Didymi
1764 5646 1959 5704 suppa-

471 5821 513 5853 ⁸⁸
552 5818 756 5876 IJoan.
788 5833 842 5884 v,
867 5817 896 5870 7
923 5777 1043 5885 sqq.

2073 4648 2232 4701 quam
2261 4641 2432 4702 urget,
2452 4631 2543 4685 sed
2567 4633 2744 4686 obiter
2767 4640 2974 4686 tantum
3005 4647 3123 4686 eam
3145 4633 3360 4703 attingit
3385 4650 3400 4686 :
3432 4643 3491 4687 ut
3520 4648 3641 4687 cum

2075 4724 2226 4778 initio
2278 4723 2398 4778 libri
2440 4723 2518 4778 De
2569 4723 2769 4792 Spiritu
2821 4735 3000 4778 sancto
3052 4725 3129 4779 sic
3179 4724 3469 4794 loquitur:
3516 4723 3644 4778 Ηατ

2072 4819 2135 4868 de
2164 4815 2363 4883 Spiritu
2389 4826 2569 4870 sancto
2612 4815 2888 4886 jactitant,
2918 4833 3036 4886 qua:
3065 4833 3225 4886 neque
3264 4819 3319 4870 in
3350 4816 3639 4884 Scripturis

2071 4891 2226 4972 lecta,
2281 4923 2441 4977 neque
2497 4925 2529 4961 a
2573 4925 2833 4979 quoquam
2888 4911 3360 4965 ecclesiasticarum
3415 4920 3642 4964 veterum

2072 5008 2328 5068 usurpata
2405 5009 2545 5053 sunt.
2602 4999 2854 5055 Veterum
2920 5000 3062 5056 enim
3118 5002 3336 5056 Patrum
3395 5005 3642 5057 testimo-

2078 5091 2164 5143 nia
2217 5089 2322 5142 illis
2400 5087 2674 5157 objectare
2733 5105 3190 5158 supervacaneum
3245 5091 3481 5155 fuisset,
3551 5086 3662 5161 qu’:

2075 5182 2205 5234 alios
2255 5187 2450 5248 praeter
2505 5181 2712 5245 Arium,
2779 5182 3119 5248 Eunomium,
3150 5198 3211 5237 ac
3241 5177 3648 5238 Macedonium'

2067 5292 2128 5330 ne
2169 5274 2355 5326 audire
2387 5274 2592 5343 quidem
2637 5275 2890 5342 volebant,
2926 5287 2982 5331 ut
3023 5279 3097 5331 ait
3135 5277 3413 5348 theologus
3457 5287 3638 5330 noster

2067 5382 2187 5436 pag.
2239 5363 2364 5429 260,
2419 5366 2615 5434 quique
2646 5382 2766 5418 cum
2794 5383 2922 5421 suas
2952 5368 3232 5436 opiniones
3273 5368 3391 5420 fidei
3420 5368 3638 5420 Patrum

2067 5458 2430 5526 doctrinmqu
2465 5459 2768 5512 contrarias
2829 5475 2948 5514 esse
2994 5475 3098 5514 non
3144 5463 3501 5528 ignorarent,
3540 5459 3639 5513 Ca-

2069 5548 2298 5602 tholicos
2355 5548 2420 5602 ad
2475 5547 2809 5616 Script—uratu
2874 5551 3042 5605 solam
3103 5550 3463 5620 provocabant
3501 5588 3518 5615 ,
3577 5557 3642 5604 ut

2070 5639 2252 5693 multis
2309 5649 2429 5709 post
2458 5641 2667 5696 saeculis
2719 5642 2907 5696 nefarii
2961 5650 3219 5712 apostatw
3255 5642 3502 5698 fecerunt
3533 5640 3639 5696 Luc
