3774 6366
147 451 222 506 I75
1203 432 1764 492 COMMENTARIUS.
1805 465 1876 474 -—
1911 434 2042 490 LIB.
2082 435 2102 488 I

869 557 1102 610 nondum
1174 562 1316 610 enim
1374 555 1624 624 cuiquam
1655 557 1702 613 Α
1733 555 1964 611 audiret.
2001 555 2202 609 Eadem
2236 565 2467 620 namque
2489 566 2552 608 ex
2574 567 2732 607 causa
2760 562 2959 608 tactum
2982 563 3086 619 est,
3117 557 3167 610 ni
3192 557 3290 612 fal-

142 571 282 622 therus
325 569 468 627 atque
528 558 768 613 Calvinus
811 574 825 610 :

141 658 406 715 intoleranda
439 653 521 708 illa
557 663 714 721 atque
746 649 1138 704 absurdissima
1177 649 1360 717 Opinio
1391 649 1442 701 in
1473 663 1624 701 men-

140 762 219 805 tem
243 757 448 810 venerat,
477 755 534 799 ut
563 745 746 798 Patres
781 740 998 796 Nicmno
1031 740 1263 796 concilio
1298 740 1625 793 vetustiores

139 843 186 897 de
208 841 322 903 Filii,
344 848 424 892 aut
455 837 680 906 Spiritus
713 832 883 888 sancti
917 832 1202 886 divinitate
1241 847 1345 884 non
1399 830 1471 882 ita
1498 844 1622 884 sen-

138 936 306 996 sissent,
333 927 762 1000 quemadmodum
799 925 1058 980 catholica
1097 923 1268 977 sensit
1296 920 1553 976 Ecclesia.

192 1025 343 1079 Libros
369 1037 485 1076 vero
512 1019 958 1082 Machabzeorum,
986 1015 1192 1078 Iudith,
1235 1023 1291 1068 et
1323 1013 1520 1068 Esther
1558 1025 1627 1066 ne

140 1119 340 1186 Didymus
363 1115 564 1180 quidem
610 1111 662 1164 in
697 1109 807 1162 ullo
833 1123 898 1162 ex
922 1107 1079 1161 editis
1118 1105 1374 1176 operibus
1407 1103 1624 1172 allegat,

146 1202 250 1271 quod
273 1201 416 1254 sciam
454 1199 605 1252 :sive
631 1198 772 1265 quod
800 1194 945 1248 nulla
994 1194 1094 1264 ipsi
1147 1209 1242 1249 eos
1290 1192 1488 1248 citandi
1532 1207 1625 1246 oc-

143 1297 251 1349 casio
272 1294 424 1347 oblata
453 1292 543 1355 sit,
571 1290 685 1345 sive
707 1290 849 1356 quod
881 1289 1021 1353 illos,
1072 1295 1256 1356 utpote
1310 1285 1621 1347 historicos,

143 1403 212 1439 nec
239 1385 474 1438 memoriae
501 1383 829 1445 mandasset,
857 1395 1032 1449 neque
1079 1378 1483 1434 commentariis
1506 1376 1627 1429 illu-

139 1488 328 1532 strasset.

184 1571 302 1636 Quod
341 1547 540 1622 demum
614 1566 856 1636 pertinet
880 1566 946 1620 ad
986 1565 1222 1634 reliquas
1263 1562 1584 1617 emissiones
1610 1600 1623 1624 .

136 1662 333 1731 Didymus
373 1674 577 1730 quoque
623 1659 819 1727 saepius
878 1657 1182 1712 testimonia
1226 1655 1450 1724 profert,
1496 1653 1626 1724 quin

136 1753 274 1815 libros,
296 1761 376 1805 aut
407 1759 672 1816 auctores,
697 1749 838 1803 unde
865 1750 1142 1816 desumpta
1173 1756 1318 1810 sunt,
1359 1745 1623 1798 nominet.

133 1843 318 1909 Cumque
357 1842 489 1896 edita
537 1842 804 1895 hactenus
861 1839 1002 1893 illius
1036 1853 1200 1908 opera
1260 1846 1353 1890 aut
1405 1835 1623 1904 legerim

132 1933 242 1993 olim,
261 1943 338 1985 aut
360 1932 539 1985 saltem
564 1931 923 2001 percurrerim
955 1929 1068 1982 fere
1095 1929 1298 1992 omnia,
1331 1927 1626 1981 Semiaria-

130 2037 303 2085 tsorum,
360 2024 848 2090 Anomteorumque
895 2020 1410 2084 denominationes,
1466 2028 1628 2086 atque

128 2113 246 2178 Aetii,
273 2115 557 2182 Apollinarii
581 2157 596 2179 ,
629 2129 691 2167 ac
719 2111 953 2166 Marcelli
988 2111 1203 2163 nomina
1258 2123 1530 2176 nunquam
1575 2107 1626 2160 in

131 2206 176 2259 iis
195 2206 392 2274 reperire
442 2219 524 2258 tne
582 2204 827 2267 memini,
873 2202 1083 2257 etiamsi
1121 2201 1314 2255 horum
1379 2198 1620 2252 omnium

130 2298 311 2351 hereses
339 2305 738 2351 commemoret.
794 2295 921 2349 Jure
950 2294 1112 2362 igitur
1137 2307 1200 2347 ac
1246 2291 1440 2346 merito
1499 2305 1630 2344 con-

130 2386 297 2442 cludere
325 2388 426 2458 jam
463 2389 612 2449 licet,
645 2387 932 2439 maximam
975 2398 1093 2439 esse
1124 2383 1206 2437 vel
1238 2384 1289 2436 in
1321 2379 1627 2435 omissioni-

130 2479 205 2532 bns
224 2480 343 2532 inter
370 2489 657 2546 utrumque
685 2476 991 2546 theologum
1027 2471 1454 2527 similitudinem.

178 2568 336 2622 Fateor
382 2568 630 2637 equidem
658 2607 673 2630 ,
751 2575 1122 2636 argumentum
1180 2577 1247 2616 ex
1291 2561 1628 2615 ethnicorum

129 2653 315 2720 scriptis,
367 2652 707 2720 maximeque
741 2665 805 2704 ex
839 2649 904 2703 iis
935 2664 1051 2717 quae
1083 2647 1331 2717 Orpheo,
1389 2660 1454 2699 ac
1487 2643 1627 2697 Mer-

124 2743 236 2796 curio
276 2743 613 2813 Trismegisto
668 2740 1062 2804 tribuebantur,
1129 2739 1412 2792 deductum
1467 2734 1630 2802 ohjici

121 2831 368 2900 atheologo
397 2843 582 2884 nostro
611 2827 962 2892 adversariis,
1010 2841 1040 2881 a
1095 2826 1320 2896 Didyme
1371 2833 1548 2879 autem
1581 2825 1630 2876 in

123 2920 224 2974 libro
242 2922 305 2974 De
323 2921 515 2990 Spiritu
546 2930 733 2975 sancto
765 2932 985 2987 prorsus
1013 2915 1377 2986 praetermitti.
1419 2917 1489 2970 At
1540 2913 1629 2968 Di-

120 3015 267 3082 dymus
312 3016 376 3069 ibi
413 3033 516 3070 non
570 3015 819 3068 ethnicos
858 3012 1132 3081 confutat,
1192 3008 1287 3064 sed
1345 3009 1630 3062 hmreticos

119 3106 343 3169 duntaxat,
387 3123 415 3160 a
462 3109 664 3175 quibus
699 3104 896 3173 Orphei
925 3119 987 3158 ac
1024 3101 1274 3157 Mercurii
1333 3101 1631 3155 auctoritas

119 3196 234 3250 nihili
260 3199 419 3253 ﬁebat.
445 3198 755 3268 Theologus
777 3207 954 3249 autem
982 3204 1164 3249 noster
1191 3191 1436 3247 ethnicos
1466 3192 1627 3246 etiam

117 3289 382 3359 redarguere
424 3291 618 3350 voluit.
662 3300 720 3343 ut
760 3286 1050 3342 manifesto
1096 3293 1242 3355 patet
1291 3301 1358 3338 ex
1395 3299 1513 3353 cap.
1564 3282 1633 3336 24

118 3382 228 3434 tenii
248 3382 375 3436 libri.
404 3381 465 3435 Hi
491 3396 626 3436 vero
653 3381 888 3450 Orphei,
922 3378 1279 3446 Mercuriiqne
1307 3390 1472 3445 opera
1498 3374 1632 3428 tanti

119 3470 350 3536 faciebant,
376 3486 431 3527 ut
454 3475 644 3528 Theon
676 3473 1092 3537 Alexandrinus,
1117 3471 1208 3539 qui
1238 3467 1450 3539 Didymi
1475 3477 1633 3522 aetate

119 3563 259 3615 ﬂoruit
309 3564 665 3623 Alexandriae,
722 3577 784 3616 ea
839 3561 1047 3630 publice
1100 3561 1484 3629 interpretatus
1541 3558 1641 3621 sit,

119 3655 509 3716 quemadmodum
543 3671 670 3725 pag.
698 3653 797 3708 501
831 3654 1032 3707 dictum
1063 3660 1166 3706 est.

115 3761 331 3841 [XXXIII]
347 3769 472 3823 Car.
487 3765 843 3841 Xle_._Nihil
863 3767 915 3818 in
937 3765 1168 3834 theologo
1183 3775 1371 3841 nostra
1386 3765 1640 3834 reperitur

429 3845 568 3909 quod
604 3837 828 3905 Didyme
857 3853 958 3888 non
982 3837 1269 3889 conveniat.

169 3923 411 3982 Postremo
453 3945 522 3982 ne
573 3927 707 3981 illud
750 3926 964 3996 quidem
999 3926 1174 3994 exigui
1240 3925 1498 3978 momenti
1531 3931 1636 3987 est,

117 4020 228 4085 quod
251 4020 307 4074 de
335 4021 581 4088 theologo
626 4031 812 4072 nostro
848 4025 968 4085 post
1031 4016 1340 4070 diuturnam
1391 4014 1640 4069 conside-

122 4110 336 4164 rationem
383 4127 507 4166 vere
553 4109 826 4164 amrmare
880 4124 1037 4178 posse
1095 4107 1228 4160 mihi
1267 4108 1471 4173 videor,
1506 4106 1637 4159 nihil

119 4199 357 4257 admodum
395 4206 446 4258 in
485 4219 554 4260 eo
587 4217 734 4266 esse,
791 4201 934 4271 quod
990 4201 1044 4254 in
1108 4200 1392 4270 Didymum
1436 4201 1639 4269 optime

117 4303 198 4342 non
225 4296 449 4360 quadret.
489 4295 586 4349 Sic
615 4309 674 4347 se
707 4308 794 4347 res
823 4293 1002 4355 habet,
1034 4292 1264 4362 benigne
1291 4290 1480 4345 lector.
1508 4288 1638 4342 Nul-

118 4380 182 4435 lus
207 4384 251 4437 in
282 4387 376 4441 hoc
400 4398 569 4456 opere
608 4394 802 4438 auctor
846 4384 1066 4446 citatur,
1103 4393 1196 4436 aut
1225 4382 1531 4436 nominatur
1556 4395 1640 4434 re-

117 4476 287 4530 centior
307 4479 562 4550 Didymo;
599 4479 742 4532 nulla
781 4486 1238 4533 commemoratur
1260 4475 1502 4537 haeresis,
1521 4489 1642 4543 quae

117 4563 230 4620 illum
255 4586 349 4624 non
380 4573 762 4641 praecesserit;
803 4571 1006 4625 nttllum
1035 4585 1098 4625 ex
1124 4567 1404 4624 catholicis
1421 4567 1640 4633 dogma-
1670 4573 1715 4628 Ι)

117 4655 564 4727 tibusinculcatur,
596 4662 740 4731 quod
793 4662 882 4715 alii
929 4660 1117 4715 Patres
1163 4670 1257 4714 aut
1291 4658 1635 4722 vetustiores,

119 4757 192 4801 aut
211 4763 452 4820 suppares
479 4770 588 4809 non
623 4753 979 4817 inculcarint;
1007 4752 1187 4806 nullus
1228 4751 1364 4804 liber
1389 4751 1640 4803 laudatur

121 4848 168 4890 ut
188 4846 478 4909 cationicus,
520 4860 684 4915 quem
714 4844 886 4898 aliiex
911 4841 1289 4897 Alexandrinis
1303 4841 1641 4912 potissimum

118 4925 325 4990 Patribus
357 4947 413 4990 ut
435 4937 602 4990 talem
627 4945 782 4989 antea
810 4949 913 4988 non
967 4933 1326 5002 allegassent;
1359 4931 1506 4985 nulla
1527 4940 1647 4984 tan-

118 5023 213 5076 dem
244 5027 290 5079 in
323 5043 384 5082 eo
434 5027 710 5097 reperitur
748 5026 936 5089 dictio,
979 5025 1124 5078 nulla
1178 5023 1472 5086 sententia,
1529 5034 1648 5090 qua:

120 5109 287 5184 Didymi
306 5120 470 5183 artati,
500 5119 767 5183 moribus,
800 5115 959 5187 style,
1014 5115 1275 5170 doctrinae
1307 5114 1645 5184 perapposita

119 5218 202 5257 non
228 5210 307 5262 sit.

173 5295 236 5349 Ac
270 5314 330 5353 ne
349 5298 474 5354 illud
514 5299 731 5369 quidem
781 5299 1013 5354 alienum
1064 5314 1093 5351 a
1156 5298 1434 5368 proposito
1465 5306 1650 5351 nostro

117 5395 198 5449 εει,
224 5392 349 5457 quod
387 5394 476 5446 vix
512 5408 679 5446 unum
708 5393 890 5460 operis
943 5393 1309 5460 apographum
1363 5391 1644 5459 supersit;

118 5488 229 5543 opus
257 5494 376 5538 vero
415 5484 596 5552 ipsum
619 5483 797 5537 nullus
821 5497 888 5537 ex
911 5482 1118 5538 Grtecis
1156 5482 1314 5536 medii
1373 5482 1472 5536 aevi
1513 5481 1650 5536 scri-

118 5571 344 5638 P‘Oribus,
381 5575 449 5631 iis
472 5576 775 5646 praesertim
804 5575 895 5644 qui
928 5585 1049 5644 post
1082 5573 1367 5628 Justiniani
1401 5583 1648 5644 tempora

119 5660 430 5729 scripserunt,
451 5668 982 5723 commemoraverit.
1009 5665 1118 5719 Nec
1142 5663 1284 5720 enim
1309 5666 1472 5720 ullam
1499 5667 1654 5733 hujus

120 5751 182 5803 rei
231 5758 634 5823 probabiliorem
693 5775 913 5814 causam
982 5760 1289 5828 excogitare
1346 5759 1491 5821 licet,
1550 5759 1650 5812 nisi

121 5843 238 5906 ‘luOd
261 5844 367 5912 eius
415 5861 606 5905 auctor
655 5849 922 5920 Didymus
981 5847 1118 5905 male
1143 5849 1211 5904 ob
1246 5848 1647 5919 Origenismum

3183 437 3287 492 I74

1727 645 1827 709 lor,
1855 657 1908 698 ut
1937 643 2346 698 Enarrationum
2367 657 2579 712 quoque
2607 643 2660 696 in
2692 643 2956 712 Epistolas
2985 647 3290 717 catholicas,

1727 751 1792 790 ac
1819 736 1938 788 libri
1976 736 2224 788 adversus
2259 733 2605 796 Manichaaos,
2642 736 2889 803 quamvis
2937 737 3290 796 orthodoxam

1727 828 2022 882 doctrinam
2068 827 2412 892 continentis,
2476 827 2692 882 unicum
2752 828 3025 896 exemplar
3075 846 3176 885 ms.
3206 845 3292 885 re-

1727 931 1934 990 pertum
1960 920 2135 984 sit,ex
2190 934 2295 988 quo
2341 919 2816 987 imprimerentur;
2897 919 3118 976 Graecus
3161 937 3292 977 vero

1729 1023 1908 1068 lex-tus
1941 1028 2060 1066 cum
2095 1012 2214 1066 libri
2256 1011 2328 1066 De
2355 1011 2558 1080 Spiritu
2580 1021 2784 1077 sancto,
2827 1021 2939 1068 tum
2978 1011 3291 1069 Enarratioe

1729 1121 1850 1158 num
1877 1105 2102 1158 omnino
2150 1105 2438 1173 interierit,
2493 1114 2551 1158 ut
2607 1104 2836 1158 videtur.
2894 1106 3042 1159 Adeo
3085 1107 3294 1162 scilicet

1728 1193 2001 1256 monachi,
2064 1201 2224 1262 atque
2283 1207 2647 1248 amauuenses
2697 1195 2764 1247 ab
2805 1194 2869 1248 iis
2902 1193 3290 1259 abhorrebant,

1728 1285 1816 1354 qui
1844 1284 1911 1338 de
1949 1284 2144 1340 violata
2181 1284 2283 1338 {ide
2309 1284 2547 1354 suspecti
2584 1297 2786 1348 essent,
2811 1294 2904 1339 aut
2943 1287 3206 1350 damnati,
3233 1297 3294 1342 ut

1730 1376 1966 1445 ipsorum
2000 1391 2159 1445 opera
2203 1376 2284 1428 vel
2311 1377 2459 1429 nullo
2486 1391 2670 1431 errore
2721 1377 2916 1432 infecta
2957 1380 3289 1443 exscribere.

1727 1467 2196 1522 antexscribenda
2256 1482 2448 1521 curare
2501 1469 2881 1523 detrectarent.
2934 1468 3067 1523 Hinc
3093 1469 3296 1524 factum

1730 1561 1892 1630 igitur
1920 1570 2074 1628 puto,
2105 1567 2165 1612 ut
2194 1574 2316 1614 cum
2347 1560 2570 1614 aliorum
2602 1561 2973 1630 plurimorum,
2999 1577 3134 1632 quos
3158 1578 3295 1618 enu-

1730 1667 1940 1706 merare
1974 1666 2196 1706 necesse
2238 1668 2342 1705 non
2403 1662 2506 1714 est,
2549 1663 2659 1706 tum
2690 1655 2854 1708 etiam
2891 1654 3097 1724 Didymi
3129 1669 3294 1724 opera

1731 1755 1824 1799 aut
1859 1745 2188 1809 interierint,
2231 1752 2324 1799 aut
2356 1745 2627 1814 plerisque
2673 1747 2848 1815 ignota
2889 1747 3128 1801 fuerint:
3158 1748 3296 1802 adeo

1731 1847 1792 1892 ut
1819 1837 2105 1909 Egyptius
2139 1839 2372 1908 scriptor
2403 1839 2628 1895 Cosmas
2655 1840 3166 1909 lndicopleustes,p.
3188 1841 3295 1897 485

1729 1944 1758 1982 a
1788 1944 1872 1981 me
1913 1929 2198 1998 allegatus.
2226 1928 2514 1984 manifesto
2551 1931 2748 1985 indicet
2775 1931 2874 1984 sibi
2909 1932 3115 2001 ignotas
3132 1931 3298 1988 luisse

1729 2019 1967 2090 Egyptii
2037 2020 2205 2074 nostri
2261 2021 2494 2091 theologi
2554 2019 2972 2087 Enarrationes,
3028 2039 3150 2077 cum
3197 2026 3294 2089 ait,

1730 2114 1983 2166 neminem
2011 2114 2182 2177 exiis,
2218 2115 2308 2184 qui
2353 2114 2406 2167 in
2453 2115 2657 2168 divinas
2701 2113 3000 2183 Scriptura:
3030 2132 3295 2171 commen-

1729 2206 1865 2258 taria
1901 2207 2194 2271 ediderunt,
2225 2207 2602 2260 catholicarum
2626 2206 2978 2276 Epistolarum
3014 2208 3177 2262 ullam
3208 2226 3298 2264 ra-

1730 2297 1921 2350 tionem
1974 2296 2240 2353 habuisse.
2293 2298 2544 2365 Quinimo
2579 2300 2798 2354 Ph:tius
2857 2300 2991 2370 ipse,
3051 2303 3149 2356 etsi
3183 2317 3291 2356 non

1733 2385 1926 2438 minori
1958 2397 2096 2439 esset
2137 2387 2439 2442 eruditione
2477 2404 2636 2454 quam
2678 2388 3042 2457 improbitate.
3092 2391 3296 2445 nttllttm

1732 2476 1784 2529 in
1813 2475 2139 2530 Bibliotheca
2170 2492 2234 2530 ex
2273 2486 2379 2531 tam
2415 2477 2595 2532 multis
2646 2476 2854 2547 Didymi
2901 2480 3152 2547 operibus
3188 2499 3300 2537 me-

1734 2569 2001 2632 moravit;
2035 2569 2087 2622 in
2119 2570 2254 2623 libro
2280 2579 2459 2624 autem
2489 2570 2662 2639 primo
2694 2571 2940 2625 adversus
2978 2572 3296 2628 Martia/neos
3344 2595 3350 2614 κ

1735 2659 1913 2728 plures
1943 2660 2157 2728 quidem
2199 2667 2480 2714 enumerat
2507 2661 2599 2730 qui
2651 2670 2836 2715 contra
2881 2675 2972 2716 eos
3013 2663 3299 2721 haereticos

1735 2750 2089 2818 scripserant,
2127 2751 2411 2822 Didymum
2450 2767 2574 2806 vero
2600 2753 2960 2822 praetermittit

2185 2861 2310 2917 CAP.
2351 2862 2519 2917 XXV.
2560 2863 2855 2920 Conclusio.

1804 2974 1980 3043 Atque
2028 2976 2142 3031 haec
2192 2977 2531 3043 potissimum
2585 2989 2711 3034 sunt
2738 2995 2857 3049 qua:
2913 2996 3011 3051 pro
3034 2985 3299 3040 sententia

1737 3079 1854 3118 mea
1891 3063 2164 3120 alierenda
2203 3069 2412 3122 censui.
2440 3068 2580 3122 Nihil
2634 3069 2816 3140 itaque
2852 3071 2992 3126 aliud
3035 3091 3174 3131 nunc
3215 3091 3301 3130 re-

1740 3153 1944 3222 liquum
1977 3163 2079 3219 est,
2119 3155 2218 3210 nisi
2248 3165 2306 3209 ut
2335 3157 2440 3210 duo
2479 3157 2698 3212 tandem
2727 3173 2794 3214 ex
2824 3160 2928 3224 his,
2954 3176 3074 3231 quae
3119 3165 3305 3218 hacte-

1660 3236 1702 3294 C
1741 3259 1840 3298 nus
1865 3245 1998 3306 dixi,
2054 3244 2304 3316 colligam
2364 3257 2700 3316 argumenta,
2751 3264 2868 3318 qua:
2915 3263 3166 3321 quantam
3195 3256 3302 3308 vim

1738 3335 1990 3400 habeant,
2025 3337 2246 3391 lectoris
2292 3338 2396 3392 erit
2440 3339 2707 3407 judicare.
2742 3341 2980 3396 Primum
3000 3354 3083 3398 est
3117 3343 3304 3412 hujus-

1740 3427 1906 3489 modi,
1955 3428 2096 3482 sicut
2153 3429 2306 3485 initio
2365 3430 2622 3486 diximus.
2674 3432 2816 3488 Fieri
2874 3449 2978 3488 non
3028 3446 3222 3503 potest,
3245 3447 3306 3492 ut

1740 3518 1879 3572 alius
1909 3532 1938 3571 ει
1968 3519 2191 3590 Didymo
2214 3522 2286 3576 sit
2315 3530 2500 3577 auctor
2527 3523 2632 3589 ille,
2664 3524 2717 3578 in
2753 3539 2859 3594 quo
2885 3541 3147 3582 summam
3179 3544 3302 3584 cum

1742 3607 1967 3678 Didymo
1997 3612 2172 3679 quoad
2201 3613 2380 3666 omnia
2403 3613 2804 3670 similitudinem
2829 3616 3302 3686 deprehendimus.

1741 3698 1885 3755 Talis
1908 3711 2085 3756 autem
2111 3712 2193 3758 est
2217 3705 2497 3772 theologus
2531 3715 2733 3768 noster,
2771 3717 2827 3761 ut
2858 3717 3134 3763 ostensum
3179 3711 3301 3765 fuit.

1740 3790 1855 3845 Non
1878 3803 1960 3846 est
1989 3795 2148 3862 igitur
2163 3795 2300 3849 alius
2329 3811 2358 3849 a
2380 3797 2624 3867 Didymo.
2651 3799 2891 3853 Alterum
2924 3802 3002 3854 sic
3027 3817 3084 3855 se
3118 3803 3302 3856 habet.

1742 3883 1970 3954 Didytno
2001 3887 2342 3940 tribuendum
2374 3898 2456 3942 est
2488 3889 2588 3944 hoc
2613 3905 2768 3958 Opus,
2795 3892 2838 3944 si
2865 3892 3040 3946 nullus
3059 3896 3303 3960 omnino,

1740 3985 1936 4044 praeter
1967 3977 2272 4048 Didymum,
2312 3979 2618 4034 inveniatur
2671 3982 2955 4051 Aﬁgyptius
3007 3984 3304 4054 theologus,

1742 4069 1796 4122 in
1826 4083 1982 4136 quem
2017 4084 2105 4135 ea,
2139 4085 2256 4140 quae
2277 4073 2525 4140 superius
2550 4056 3162 4139 reeensui,'conveniant
3183 4077 3306 4130 uni-

1741 4176 1920 4216 versa.
1956 4162 2119 4232 Atqui
2162 4163 2363 4217 nullum
2395 4165 2557 4218 alium
2615 4167 2865 4234 reperiet,
2919 4168 2970 4221 ni
3009 4167 3182 4230 fallor,
3215 4169 3307 4236 qui

1743 4268 1858 4309 rem
1897 4253 2035 4308 hanc
2064 4255 2323 4309 attentius
2346 4257 2658 4310 examinare
2685 4257 2935 4322 voluerit,
2974 4274 3038 4313 ac
3065 4260 3306 4329 singulos

1741 4360 1810 4399 ex
1846 4344 2134 4415 Egyptiis,
2161 4347 2607 4402 Alexandrinisve
2634 4348 2881 4404 Patribus
2907 4365 3028 4403 cum
3061 4351 3308 4421 theologo

1745 4447 1934 4490 nostro
1965 4436 2230 4492 conferre.
2268 4437 2477 4508 Didymi
2533 4455 2662 4509 ergo
2697 4456 2817 4494 esse
2874 4456 2977 4495 non
3042 4442 3309 4498 immerito

1744 4526 2072 4582 allirmamus
2109 4537 2216 4582 tres
2250 4529 2412 4584 hosce
2448 4529 2538 4584 De
2591 4530 2855 4586 Trinitate
2910 4532 3092 4588 libros.
3157 4535 3308 4601 Quod

1744 4629 1862 4672 erat
1897 4620 2308 4676 ostendendum.

1745 4751 1924 4806 Carm
1960 4768 2298 4810 POSTREIIUM.
2349 4755 2621 4810 Nonnulla
2663 4758 2964 4811 indicantur
2985 4775 3101 4828 qua:
3153 4759 3312 4828 objici

2322 4828 2467 4879 nobis
2497 4838 2732 4892 possunt.

1817 4937 1982 4992 Libro
2013 4939 2190 5008 itaque
2216 4939 2342 4994 huic
2378 4940 2534 4994 linem
2587 4941 2798 4994 tandem
2863 4941 3130 5009 imponam
3159 4982 3174 5007 ,
3213 4945 3314 4998 htt-

1749 5031 2063 5085 manissime
2094 5031 2280 5086 lector.
2323 5032 2668 5100 Quaecunque
2694 5033 2835 5086 enim
2869 5035 3152 5089 sententiae
3183 5053 3314 5092 meas

1748 5122 1907 5190 objici
1934 5137 2097 5191 posse
2135 5124 2435 5192 suspicatus
2469 5138 2610 5186 sum,
2640 5125 2984 5192 quantumvis
3011 5127 3168 5192 levia,
3197 5131 3316 5182 uni»

1752 5229 1905 5267 versa
1939 5222 2032 5266 aut
2069 5214 2121 5266 in
2157 5204 2398 5268 secundo
2425 5213 2561 5268 libro
2590 5216 2656 5268 ad
2713 5217 2971 5271 trutinam
3013 5220 3315 5273 revocaturi

1753 5320 1959 5367 sumus,
2004 5316 2096 5359 aut
2149 5305 2270 5359 alibi
2319 5305 2430 5374 jam
2463 5306 2747 5362 diluimus:
2788 5310 2976 5379 pagina
3014 5327 3202 5381 nempe
3228 5311 3312 5376 18,

1753 5397 1851 5458 94,
1890 5395 2029 5458 124,
2079 5397 2185 5450 258
2218 5406 2271 5450 et
2323 5398 2446 5452 556.
2508 5398 2636 5464 Quae
2691 5410 2867 5453 tamen
2921 5401 2971 5454 in
3031 5399 3318 5455 Litteraria

1753 5487 2076 5555 ephemeride
2104 5485 2354 5541 Parisiua
2382 5488 2591 5556 objecta
2628 5489 2863 5556 luerunt,
2894 5507 3137 5546 seorsum
3165 5508 3318 5545 com-

1755 5580 2095 5634 memoranda
2115 5579 2200 5633 hic
2215 5589 2360 5646 sunt,
2393 5579 2660 5653 [XXXIV]
2688 5598 2790 5636 non
2805 5598 2938 5637 cum-
2959 5582 3176 5649 reliquis
3195 5596 3317 5648 per-

1756 5672 2054 5735 miscenda,
2092 5687 2158 5725 nc
2187 5673 2553 5728 adversarium
2583 5674 2766 5728 videar
2804 5677 2954 5742 parvi
2994 5674 3318 5729 facere:sed

1755 5763 1938 5832 paucis
1970 5763 2146 5818 verbis
2179 5779 2261 5818 me
2283 5765 2592 5834 expediam,
2631 5767 2771 5834 quod
2803 5777 2856 5821 et
2885 5768 3016 5819 alias
3058 5767 3142 5818 his
3187 5781 3322 5834 quo-

1755 5869 1856 5926 que
1884 5856 2240 5921 ocaurrerim,
2271 5864 2327 5909 et
2355 5856 2421 5911 ad
2451 5856 2609 5911 linem
2648 5855 2758 5924 jam
2824 5865 3075 5927 prOperet
3121 5857 3315 5912 oratio.
