3774 6306
144 264 225 320 ΙΠ

1254 255 1823 313 COMMENTARIUS.
1864 288 1933 297 -—
1970 258 2097 313 LIB.
2140 257 2204 314 li.

3234 266 3337 320 178

135 385 253 451 facta
293 375 498 441 diaboli,
549 382 730 429 natura
772 390 875 428 non
920 374 1100 429 malus
1146 383 1246 427 est.
1286 372 1417 440 Cur,
1451 388 1656 443 qnmso,
1688 378 1730 433 Δ
1759 376 1976 447 dymum
2012 394 2113 429 non
2147 378 2303 431 modo
2357 393 2458 431 non
2509 378 2735 446 inﬁcior,
2768 380 2860 435 sed
2891 388 2945 434 et
2979 382 3134 445 addo,
3172 381 3255 438 bis
3278 384 3333 438 id

138 474 285 529 addita
311 470 488 525 vocula
519 470 653 536 quod
685 467 1007 521 sententiam
1038 453 1251 521 omnem
1305 466 1652 536 perturbasti,

136 564 344 635 atquein
370 560 611 615 Latinam
643 558 1022 628 Didymearum
1053 558 1460 612 lt'narrationnm
1492 559 1658 613 inter-

136 656 465 723 pretationem,
512 667 627 721 quae
668 651 801 705 satis
827 650 1115 718 caeleroqui
1160 663 1258 718 per
1285 665 1344 704 se
1382 648 1657 720 inelegans

134 760 218 809 est.
244 760 418 799 novum
445 744 834 799 barbarismum
901 741 1189 797 invexisti?
1219 742 1329 796 Cur
1358 742 1476 797 loco
1512 742 1658 797 vocis

112 822 456 900 Irationalibus,
504 848 623 904 quae
681 844 903 889 naturas
957 838 1166 889 ratione
1221 826 1337 888 non
1374 835 1659 890 destitutas

136 934 336 989 denotat.
367 928 626 997 subrogas
669 941 854 981 vocem
907 925 1225 982 animal-us?
1271 925 1380 982 Cur
1427 927 1659 997 denique

136 1022 425 1084 vocabulum,
456 1032 668 1083 natura,
717 1020 859 1089 quod
906 1020 1053 1075 nullo
1092 1021 1251 1074 modo
1301 1020 1656 1075 omittendum

142 1121 250 1177 erat,
279 1110 531 1166 omisisti?
555 1109 767 1164 Falsum
822 1122 951 1165 sane
987 1117 1085 1171 est,
1112 1109 1376 1163 diabolum
1418 1128 1522 1165 non
1551 1128 1659 1166 esse

138 1205 334 1255 malum:
363 1200 451 1256 sed
497 1215 680 1254 verum
723 1210 828 1263 est,
862 1201 1130 1254 diabolum
1174 1218 1277 1254 non
1320 1218 1430 1255 esse
1468 1216 1658 1255 natura

138 1295 315 1346 malum.
350 1292 478 1346 Illud
524 1292 657 1346 falso
692 1294 885 1346 tribuis
923 1292 1183 1359 Didynto;
1217 1294 1322 1348 hoc
1372 1309 1498 1349 vere
1525 1296 1661 1349 dixit

141 1383 389 1452 Didymus:
418 1397 483 1436 eo
528 1382 671 1436 enim
706 1397 866 1436 sensu
902 1378 1062 1453 negat
1107 1382 1377 1438 diabolum
1413 1398 1534 1439 esse
1566 1402 1660 1439 na-

137 1484 230 1526 tum
258 1475 457 1539 malum,
490 1488 597 1541 quo
633 1483 825 1527 natura
858 1474 1051 1527 malum
1104 1490 1224 1529 eum
1257 1476 1505 1533 dicebant
1538 1479 1658 1534 Ma-

142 1564 315 1629 uicbzi,
343 1579 473 1634 quos
520 1563 592 1619 ibi
633 1563 832 1619 refellit
875 1567 1156 1636 theologus
1191 1578 1372 1623 noster
1401 1587 1414 1623 :
1444 1570 1514 1623 ita
1550 1571 1657 1625 sci-

138 1659 235 1713 licet
258 1659 361 1713 vult
402 1661 573 1729 ipsum
624 1675 744 1716 esse
794 1659 1012 1728 tnal'um,
1045 1671 1186 1716 utea:
1216 1661 1463 1718 electione
1488 1664 1661 1720 malus

141 1752 279 1806 laetus
306 1752 392 1819 sit,
413 1768 515 1807 non
551 1769 619 1809 ea:
648 1755 951 1808 necessitate
996 1765 1199 1809 natura:
1222 1772 1333 1810 sua:
1359 1756 1428 1810 sit
1462 1757 1656 1812 malus.

189 1843 318 1907 Quod
359 1859 483 1899 vero
529 1855 739 1916 spectat
776 1847 844 1901 ad
887 1845 1080 1901 diaboli
1118 1846 1525 1913 conversionem,
1574 1864 1659 1905 reo

139 1935 334 1994 ctissime
371 1952 490 1993 eam
534 1939 753 1995 admisit
798 1940 1054 2011 Didymus
1091 1955 1211 1996 cum
1241 1942 1294 1995 in
1329 1941 1491 1998 allato
1516 1942 1656 2009 loco,

138 2030 289 2084 tumin
314 2046 490 2101 opere,
519 2031 660 2100 quod
690 2046 837 2087 nunc
870 2032 994 2093 edo,
1027 2045 1149 2102 pag.
1186 2032 1289 2087 150
1304 2045 1359 2088 et
1386 2037 1655 2104 sequenti,

138 2130 223 2174 tum
250 2122 445 2177 demum
471 2123 527 2177 in
559 2123 699 2179 libro
731 2123 808 2177 De
847 2107 1050 2193 Spiritu
1080 2134 1279 2186 sancto,
1312 2141 1460 2180 num.
1505 2127 1572 2181 l2
1604 2138 1661 2182 et

138 2214 254 2268 alibi.
284 2214 382 2271 Nec
406 2216 548 2270 enim
573 2217 863 2280 convenio,
890 2230 1052 2285 quam
1072 2204 1268 2272 Greece
1297 2219 1507 2293 τροπήν
1532 2219 1663 2275 dicit

136 2302 367 2375 Didymus,
394 2308 756 2375 penitentiam
786 2308 1159 2364 tantummodo
1201 2309 1491 2378 signiﬁcat,
1518 2321 1574 2365 ut
1605 2320 1660 2366 tu

138 2407 285 2464 putas,
306 2399 437 2466 quod
462 2408 681 2453 veteres
713 2397 899 2454 Patres
927 2407 1021 2453 aut
1055 2415 1158 2454 non
1186 2399 1398 2470 legeris,
1433 2413 1526 2456 aut
1553 2419 1659 2457 non

145 2486 463 2555 intellexeris;
496 2490 593 2543 sed
624 2502 1003 2558 quamcunque
1036 2489 1222 2554 animi,
1258 2500 1348 2545 aut
1376 2491 1664 2548 voluntatis

143 2578 467 2644 mutationem,
496 2579 616 2634 sive
640 2578 780 2633 mala
836 2580 929 2633 ttat
974 2594 1041 2635 ex
1090 2580 1255 2648 bima,
1283 2597 1379 2636 seu
1427 2584 1663 2639 vicissim

139 2666 249 2720 bona
291 2666 542 2725 ediciatur
594 2684 660 2724 ex
704 2668 864 2723 mala.
905 2667 1048 2724 Nihil
1083 2685 1214 2740 ergo
1256 2673 1403 2727 aliud
1446 2673 1559 2729 vult
1593 2676 1664 2730 ibi

141 2753 373 2826 Didymus,
405 2757 507 2811 nisi
548 2757 822 2812 diabolum
852 2774 958 2813 non
977 2774 1097 2815 esse
1125 2762 1402 2818 conditum
1442 2764 1663 2831 malum,

140 2847 212 2899 sed
254 2849 388 2916 prius
429 2848 599 2905 fuisse
638 2849 857 2917 bonum,
903 2860 1016 2905 tum
1050 2852 1254 2908 factum
1289 2856 1410 2910 esse
1445 2854 1663 2920 malum,

142 2936 330 3008 lituique
359 2956 459 2995 non
494 2942 825 3009 necessario,
849 2940 942 2997 sed
977 2942 1165 3000 libere.
1192 2992 1195 2995 .

1757 475 1914 521 abeo
1938 467 2188 522 alﬁrmari
2233 470 2283 521 in
2309 469 2389 523 his
2419 470 2578 523 etiam
2615 470 2688 524 De
2726 470 2982 525 Trinitate
3014 472 3179 541 libris,
3203 489 3328 543 pag.

1758 559 1882 623 187,
1908 570 1960 613 et
1995 574 2163 625 segm.
2217 559 2308 623 67,
2350 575 2443 614 seu
2497 576 2618 630 pag.
2681 561 2804 623 l8l,
2856 571 2969 615 not.
3042 561 3213 616 Tuum
3244 579 3333 617 er-

1757 665 1825 720 go
1855 650 1962 705 erit
1982 652 2286 716 ostendere,
2322 654 2374 706 nt
2401 651 2533 705 falso
2561 652 2665 706 dici
2700 668 2713 704 :
2744 667 2842 722 ego
2868 667 3000 708 sane
3033 669 3136 723 qua
3166 655 3331 708 ratio-

1760 757 1828 796 ne
1855 743 2083 812 probare
2116 742 2218 797 hoc
2250 742 2449 812 possis,
2483 758 2587 797 non
2614 743 2788 799 video.
2821 742 2915 798 Sin
2952 754 3133 800 autem
3167 744 3331 815 Didy—

1757 833 1832 887 mi
1862 849 1967 888 non
2000 835 2319 889 sententiam
2368 835 2666 905 redarguis,
2696 836 2789 889 sed
2846 838 3329 900 ratiocinationem,

1759 922 1813 978 id
1844 923 2123 992 redarguis
2173 925 2313 992 quod
2366 939 2470 979 non
2513 925 2782 993 intelligis.
2839 923 2948 981 Nec
2996 926 3139 981 enim
3167 941 3329 995 argu-

1758 1024 2047 1077 mentatur,
2085 1024 2142 1068 nt
2188 1024 2241 1067 tu
2290 1024 2467 1083 putas,
2516 1014 2774 1085 Didymus
2815 1015 2881 1070 ad
2911 1016 3052 1070 hunc
3090 1018 3328 1073 modum.

1757 1106 1923 1162 ludas
1970 1100 2084 1161 erat
2119 1107 2237 1161 ovis
2272 1106 2472 1161 Christi
2504 1125 2517 1160 :
2544 1123 2674 1177 ergo
2714 1123 2816 1161 non
2843 1117 2961 1163 erat
3002 1107 3192 1162 malus.
3223 1108 3332 1163 Sed

1758 1200 1862 1255 hoc
1895 1212 2070 1269 pacto.
2106 1199 2272 1254 Judas
2306 1210 2423 1254 erat
2467 1201 2585 1255 ovis
2627 1200 2825 1255 Christi
2853 1216 2867 1248 ε
2892 1215 3020 1270 ergo
3064 1216 3167 1255 non
3215 1209 3334 1254 erat

1759 1302 1947 1346 natura
1978 1292 2173 1353 malus,
2205 1306 2363 1345 sensu
2395 1289 2721 1356 Manichaeo;
2748 1292 2841 1346 sed
2875 1289 3046 1345 lactus
3074 1301 3160 1344 est
3185 1300 3333 1358 post-

1759 1399 1823 1439 ea
1851 1383 2021 1439 malus
2066 1398 2135 1439 ex
2169 1385 2462 1437 mutatione
2517 1383 2700 1435 liberat
2740 1382 3046 1436 voluntatis.
3082 1380 3210 1447 Quae
3247 1395 3335 1434 ar-

1760 1475 2089 1546 gumentatio
2122 1476 2190 1529 ab
2234 1489 2300 1529 eo
2322 1481 2550 1537 tantum
2584 1473 2784 1543 despici
2817 1482 3021 1542 potest,
3041 1473 3130 1541 qui
3158 1471 3333 1525 Mani-

1759 1570 2030 1624 cheorum
2054 1579 2290 1643 systema
2326 1567 2556 1637 ignoret.
2592 1566 2646 1620 Id
2683 1574 2863 1619 autem
2894 1578 3035 1618 nunc
3061 1575 3331 1633 exponere

1763 1673 1939 1713 meum
1967 1672 2071 1712 non
2095 1667 2199 1714 εει.
2594 1694 2597 1697 ν

1828 1744 2032 1813 Quarto
2067 1746 2349 1818 Didymum
2400 1745 2474 1801 ita
2533 1748 2707 1816 carpit
2769 1745 3082 1815 Basnagius.
3141 1741 3338 1813 elnter

1756 1851 1849 1893 eas
1894 1837 2213 1903 sententias,
2244 1858 2263 1893 ι
2303 1851 2437 1906 quas
2501 1851 2697 1906 nempe
2745 1851 2812 1892 ex
2881 1836 3105 1906 Didymo
3180 1833 3347 1888 all‘ertr

1759 1927 1818 1984 S.
1837 1927 2149 1996 Maximus,t
2171 1927 2363 1999 legitur
2379 1944 2482 1982 una
2503 1931 2590 1982 vix
2613 1930 2958 1993 admittenda,
2975 1943 3135 1997 quam
3159 1938 3334 1981 tamen

1754 2018 2022 2079 Maximus
2063 2019 2167 2074 sibi
2219 2020 2492 2090 propriam
2533 2020 2663 2074 facit
2693 2039 2707 2075 :
2732 2018 2957 2073 Peccata
2991 2036 3092 2073 non
3139 2034 3204 2073 ea:
3252 2034 3337 2071 oo-

1760 2112 1993 2178 luntate,
2019 2114 2104 2167 lea:
2143 2114 2422 2177 condonet,
2453 2122 2500 2167 et
2547 2112 2685 2166 Deus
2728 2128 2858 2180 pene
2895 2111 3132 2178 despicit,
3160 2120 3215 2163 ut
3241 2109 3335 2180 qui

1760 2206 1828 2260 sit
1858 2204 2080 2259 clemens
2108 2219 2169 2257 ac
2195 2204 2513 2268 misericors,
2528 2218 2623 2256 nec
2669 2201 2745 2257 vel
2774 2218 2972 2267 eorum,
3008 2216 3124 2272 qute
3152 2199 3340 2255 volun-

1763 2298 1903 2350 taria
1929 2304 2076 2359 sunt,
2107 2296 2323 2350 immitis
2356 2294 2499 2349 ultor
2531 2296 2769 2350 exsistat.
2798 2312 2817 2347 ι
2844 2293 3111 2349 Hactenus
3137 2292 3340 2347 Basna-

1762 2390 1899 2459 gius.
1935 2388 2049 2458 Ego
2086 2403 2212 2443 vero
2243 2396 2531 2456 antequam
2556 2385 2676 2442 dico
2708 2386 2835 2456 quid
2869 2385 3120 2451 sentiam,
3151 2382 3337 2438 Graeca

1764 2482 1971 2553 Didymi
2018 2481 2178 2537 verba
2219 2479 2433 2549 profero
2462 2495 2492 2535 e
2530 2473 2748 2553 Maximi
2800 2492 3048 2535 sermone
3083 2477 3173 2543 55,
3210 2491 3337 2547 pag.

1738 2650 1739 2653 η
1765 2571 1890 2626 660.
1924 2566 2135 2641 Τὰμὲν
2158 2570 2393 2624 ἀκούσια
2416 2570 2808 2647 ἁμαρτήματοι,
2840 2569 3031 2637 inquit,
3063 2568 3155 2620 καί
3179 2566 3339 2636 νόμος

1767 2665 2063 2735 συγχωρεῖ,
2101 2663 2198 2716 καὶ
2224 2661 2355 2726 Θεὸς
2386 2662 2602 2733 παρορᾷ
2629 2660 3006 2732 φιλάνθρωπος
3024 2657 3098 2713 ὢν
3124 2657 3219 2711 καὶ
3240 2657 3343 2711 οὐκ

1767 2746 1983 2828 ἀπηνὴς
2013 2755 2111 2809 καὶ
2129 2754 2239 2808 τῶν
2271 2752 2651 2809 ὲκουσίων.....
2688 2751 2912 2822 Reliqua
2943 2751 3338 2805 desiderantur.

1767 2847 2021 2903 Eamdem
2063 2856 2247 2900 autem
2294 2846 2616 2904 sententiam
2658 2845 2847 2899 eodem
2895 2844 3053 2897 modo
3093 2840 3252 2895 all'ert
3275 2855 3343 2897 ex

1691 2994 1694 2997 .
1768 2938 1993 3010 Didymo
2020 2936 2255 2994 Joannes
2295 2940 2663 2993 Damasc‘enus
2716 2938 2771 3005 in
2798 2934 3102 2999 Paratlelis,
3138 2934 3221 2987 tit.
3248 2933 3340 2998 2|,

196 3028 356 3124 Tertio
377 3032 657 3103 Didymum
689 3035 1033 3103 reprehendit
1066 3034 1359 3107 Basnagius
1382 3037 1531 3094 hisce
1549 3053 1670 3094 ver-
1698 3066 1739 3124 ο
1772 3045 1894 3101 pag.
1926 3030 2051 3095 520,
2086 3030 2191 3085 nisi
2236 3030 2381 3100 quod
2435 3044 2531 3099 pro
2571 3029 2836 3124 adjective
2867 3025 3129 3080 ἑκουσίων
3155 3025 3346 3097 legitur

141 3118 205 3173 bis
225 3134 237 3171 :
261 3136 279 3171 ί
302 3119 480 3176 ludam
506 3122 775 3193 optimum
807 3122 975 3180 fuisse
996 3140 1116 3181 cum
1134 3127 1425 3196 eligeretur
1450 3144 1481 3182 a
1510 3129 1671 3185 Chri—

146 3226 230 3281 sto,
257 3218 340 3272 sed
368 3230 551 3287 postea
584 3233 614 3272 a
665 3228 816 3274 recto
870 3221 1085 3276 tramite
1136 3221 1379 3277 deviasse
1412 3222 1676 3291 probabat

147 3322 197 3361 ex
221 3321 299 3371 eo,
326 3311 461 3379 quod
490 3311 747 3367 Christus
780 3312 987 3367 miserit
1018 3327 1147 3367 oves
1188 3313 1332 3369 inter
1363 3313 1538 3383 lupos.
1582 3313 1677 3369 Ju-

146 3398 224 3453 dai
255 3401 382 3456 enim
416 3403 634 3458 luerunt
674 3404 750 3459 illi
800 3419 1024 3475 rapaces
1054 3405 1192 3475 lupi;
1221 3420 1363 3461 oves
1393 3423 1521 3463 vero
1548 3424 1673 3477 apo-

143 3490 453 3550 stoli:ludas
501 3495 606 3549 fuit
672 3494 823 3562 ovis;
867 3495 1053 3551 debuit
1107 3496 1273 3568 igitur
1334 3498 1475 3553 inter
1510 3500 1678 3555 bonos

146 3585 390 3639 recenseri.
420 3604 442 3640 ι
470 3586 550 3641 ita
586 3585 906 3657 Basnagius.
940 3587 1132 3644 Verum
1164 3603 1271 3659 quo
1292 3591 1488 3646 melius
1518 3593 1675 3647 intel—

146 3670 348 3741 ligamus,
375 3678 419 3732 si
448 3678 568 3733 fieri
592 3688 789 3749 potest,
814 3680 941 3749 quid
972 3682 1043 3736 sit
1071 3682 1124 3736 id
1161 3683 1307 3752 quod
1336 3684 1385 3737 ei
1414 3699 1522 3738 non
1549 3699 1676 3753 pro-

145 3771 288 3837 batur,
318 3774 517 3849 Didymi
546 3777 714 3831 verba
740 3778 1095 3833 exscribenda
1128 3789 1274 3833 sunt.
1300 3779 1511 3848 ls‘ergo
1542 3778 1678 3834 libro

148 3866 239 3919 ode.
276 3865 599 3933 lauichteos,
656 3883 777 3939 cap.
824 3869 912 3935 ll,
956 3872 1036 3924 sic
1083 3869 1320 3939 loquitur
1364 3885 1377 3921 :
1439 3886 1459 3920 ι
1504 3868 1571 3924 Ει
1613 3870 1679 3924 de

149 3955 255 4013 luda
274 3960 515 4031 scriptum
550 3972 655 4027 est,
683 3962 824 4033 quod
866 3970 1011 4017 esset
1040 3962 1180 4017 filius
1208 3961 1550 4031 perditionis.
1582 3962 1672 4018 Sic

150 4050 262 4104 enim
282 4050 526 4111 Dominus
561 4054 629 4110 de
660 4069 728 4110 eo
762 4054 938 4111 dixit:
971 4052 1142 4109 Nemo
1178 4068 1243 4108 ea:
1267 4052 1540 4123 discipulis
1555 4055 1680 4108 meis

152 4143 289 4206 periit,
327 4146 421 4200 nisi
446 4147 595 4217 [ilius
636 4146 944 4217 perditionis
970 4146 1042 4202 ⁸⁸.
1067 4145 1202 4200 Eum
1234 4148 1453 4213 vocavit
1504 4146 1682 4214 ﬁlium

154 4234 433 4305 perditionis,
459 4238 591 4309 quia
618 4237 748 4292 fecit
771 4251 891 4307 quae
921 4237 1080 4307 digna
1110 4237 1328 4293 interitu
1352 4246 1507 4292 erant
1535 4253 1551 4292 :
1578 4250 1680 4291 non

154 4324 263 4379 enim
299 4343 408 4383 cum
435 4339 557 4386 erat
595 4344 737 4384 unus
765 4342 833 4383 ex
858 4329 1144 4399 apostolis,
1176 4339 1232 4385 et
1264 4344 1369 4384 una
1403 4344 1526 4383 cum
1564 4329 1671 4383 illis

1775 3124 1850 3177 ibi
1878 3121 2192 3177 adverbium
2224 3120 2511 3184 ἑκουσίως,
2544 3120 2597 3174 id
2616 3130 2701 3175 est
2726 3119 3036 3175 uoluntarie.

1836 3213 1941 3270 llis
1969 3214 2281 3283 praemissis,
2310 3213 2482 3268 lateor
2521 3212 2769 3281 equidem
2796 3210 3146 3267 consuevisse
3171 3208 3346 3279 Didy-

1777 3323 1922 3363 mum
1953 3308 2185 3362 divinam
2211 3305 2552 3362 clementiam
2579 3303 2734 3358 valde
2759 3302 3039 3369 extollere,
3074 3312 3131 3356 ut
3164 3317 3230 3357 ex
3261 3301 3347 3357 bis

1779 3399 1942 3455 etiam
1977 3398 2054 3455 De
2092 3398 2352 3452 Trinitate
2378 3396 2535 3452 libris
2560 3378 2813 3465 cognosci
2853 3404 3047 3465 potest.
3079 3392 3185 3449 Sed
3212 3391 3348 3447 alla-

1786 3502 1895 3546 tam
1940 3507 1971 3546 a
2016 3490 2253 3546 Maximo
2302 3489 2623 3546 sententiam
2666 3489 2787 3560 jure
2825 3502 2985 3558 posse
3029 3486 3348 3556 reprehendi

1778 3582 1991 3639 inticias
2017 3598 2102 3638 eo.
2137 3582 2281 3637 Duas
2321 3594 2515 3651 nempe
2566 3580 2681 3649 ipsa
2724 3581 2886 3635 habet
2933 3589 3133 3649 partes.
3166 3578 3350 3633 Prima

1779 3676 1993 3747 quidem
2019 3675 2108 3731 'sic
2163 3673 2232 3729 ad
2271 3673 2494 3728 verbum
2542 3673 2903 3727 convertenda
2939 3681 3023 3726 est
3051 3688 3066 3725 :
3094 3669 3346 3724 Inooluno

1780 3768 1919 3821 toria
1947 3767 2154 3838 quidem
2179 3773 2416 3837 peccata,
2449 3775 2498 3819 et
2531 3766 2616 3819 lex
2639 3764 2985 3828 condonat,et
3019 3762 3157 3816 Deus
3195 3763 3352 3829 dissi-

1780 3859 2111 3923 mulat,cum
2144 3859 2209 3912 sit
2254 3854 2524 3927 benignus,
2575 3872 2677 3911 non
2714 3855 2964 3918 crudelis.
3008 3856 3079 3908 At
3121 3855 3242 3924 quis
3282 3852 3353 3908 ob

1783 3953 1899 4006 haec
1925 3950 2213 4023 Didymum
2249 3948 2553 4004 insimulet?
2575 3962 2699 4003 cum
2729 3949 2795 4004 de
2824 3948 3060 4018 peccatis
3083 3947 3351 4016 loquatur,

1781 4058 1902 4112 qua:
1937 4043 2047 4097 sint
2087 4041 2407 4110 simpliciter
2460 4038 2842 4107 involuntaria,
2875 4054 2984 4095 non
3032 4040 3101 4095 de
3139 4037 3207 4093 iis
3234 4052 3356 4107 quae

1783 4135 2014 4204 theOIOgi
2044 4134 2332 4205 appellant
2378 4133 2681 4189 uoluntaria
2715 4136 2772 4188 in
2811 4148 2996 4190 causa.
3033 4130 3185 4200 Quod
3224 4146 3352 4186 vero

1782 4228 1975 4281 attinet
2004 4226 2070 4281 ad
2113 4226 2342 4280 alteram
2372 4228 2657 4282 sententiae
2686 4236 2919 4297 partem,
2942 4225 3069 4295 quis
3104 4238 3224 4280 eam
3256 4233 3352 4278 aut

1784 4318 2023 4386 probare,
2055 4316 2217 4382 ausit,
2264 4324 2358 4370 aut
2408 4316 2738 4384 improbare,
2779 4329 2901 4371 cum
2946 4316 3018 4370 sit
3057 4314 3246 4368 mutila
3303 4321 3358 4368 et

155 4416 448 4475 ministrabat
490 4421 785 4486 Salvatori,
828 4396 950 4477 talis
1000 4431 1153 4489 erat;
1203 4420 1297 4476 sed
1342 4435 1465 4474 cum
1502 4419 1678 4474 lactus
1710 4406 1757 4461 Π
1785 4423 1945 4463 sensu
1993 4406 2219 4463 carem?
2254 4396 2613 4463 εοωυθίὶεῖιιέ
2660 4407 2902 4477 quidem.
2931 4406 3087 4475 cuius
3136 4404 3358 4459 ll‘ilIISla'

157 4518 220 4561 αι
256 4512 473 4580 proditor
494 4512 621 4569 Filii
650 4512 768 4577 Dei,
806 4510 1150 4583 et'Magistri,
1180 4526 1367 4565 amans
1402 4518 1680 4580 argentum

158 4602 448 4664 perditionis.
475 4605 546 4661 Et
575 4606 701 4677 quia
730 4619 835 4659 non
874 4596 994 4658 erat
1041 4611 1231 4657 natura
1259 4602 1446 4663 malus,
1482 4601 1686 4671 pariter

166 4702 262 4744 cum
286 4693 393 4750 aliis
417 4696 695 4767 discipulis
715 4693 968 4750 omnibbs
987 4693 1191 4748 audivit
1215 4708 1230 4744 :
1265 4691 1397 4745 Ecce
1420 4706 1513 4762 ego
1535 4692 1686 4744 mitto

161 4795 232 4833 ros
263 4792 489 4856 tanquam
525 4803 640 4841 oves
671 4787 725 4840 in
753 4786 924 4840 medio
961 4783 1204 4853 luporum
1225 4782 1290 4837 “.
1329 4780 1387 4845 Si
1429 4782 1582 4851 lupos
1607 4780 1690 4834 di-

121 4939 124 4944 _
165 4871 222 4925 cit
246 4887 325 4930 eos
342 4877 425 4947 qui
459 4888 722 4948 peccant;
750 4892 881 4932 oves
909 4890 1040 4932 vero
1069 4886 1185 4941 eos,
1213 4875 1305 4945 qui
1342 4872 1527 4927 virtuti
1563 4885 1691 4941 ope-

166 4979 255 5019 ram
295 4981 515 5037 navant;
543 4968 712 5025 ludas
750 4978 928 5024 autem
970 4976 1166 5021 natura
1212 4964 1385 5020 malus
1412 4974 1553 5029 erat,
1583 4978 1687 5018 non

168 5065 259 5110 erat
294 5060 396 5115 ovis
430 5062 658 5126 Christi,
694 5061 818 5130 quia
848 5075 955 5115 non
988 5067 1073 5135 est
1099 5065 1258 5128 aptus
1286 5058 1353 5111 ad
1394 5056 1689 5111 vacandum

169 5148 313 5204 virtuti
342 5152 424 5222 qui
461 5162 655 5212 natura
688 5152 864 5207 malus
904 5160 1006 5206 est.
1036 5168 1056 5202 ι
1087 5149 1298 5204 Amabo
1335 5156 1407 5216 te,
1436 5146 1688 5216 Basnagi,

170 5238 269 5305 quid
296 5242 370 5297 his
395 5245 445 5301 in
472 5245 658 5301 verbis
700 5242 1120 5313 reprehensione
1158 5241 1377 5311 dignum
1409 5240 1610 5310 putas?
1632 5239 1690 5294 Si

173 5326 273 5383 illud
304 5334 499 5391 crimini
540 5336 709 5392 vertis
738 5336 989 5406 Didymo,
1032 5333 1176 5403 quod
1236 5332 1457 5396 dixerit,
1499 5331 1690 5387 Judam

177 5414 395 5499 [XXXVI]
423 5427 588 5484 fuisse
631 5428 856 5492 bonum,
888 5440 1011 5481 cum
1042 5434 1163 5479 erat
1192 5439 1333 5479 unus
1380 5439 1446 5479 ex
1473 5434 1689 5495 aposto-

179 5509 244 5577 lit,
267 5524 311 5567 et
333 5529 606 5589 antequam
639 5519 921 5573 Dominum
954 5519 1232 5588 proderet;
1270 5518 1322 5573 id
1357 5516 1558 5573 dixisse
1596 5515 1683 5571 Di-

239 5693 422 5753 "Joan.
462 5717 590 5766 xvn,
632 5702 712 5758 l2.
780 5704 823 5737 "
850 5702 1038 5758 Matth.
1061 5719 1113 5768 x,
1144 5701 1228 5757 16.

1786 4498 1931 4552 tione
1979 4497 2145 4553 utitur
2185 4496 2500 4567 Basnagius,
2540 4498 2617 4552 ita
2665 4498 2988 4556 sententiam
3030 4497 3254 4565 perfecit
3300 4506 3359 4550 ut

1788 4589 1891 4659 ipsi
1919 4587 2139 4661 placuit.
2170 4586 2392 4643 Possem
2416 4603 2515 4658 ego
2538 4588 2729 4643 eodem
2751 4587 2874 4655 jure
2898 4586 3055 4661 aliter
3072 4600 3191 4641 eam
3211 4601 3359 4641 com-

1786 4681 1953 4749 plere,
1976 4660 2059 4733 ac'
2074 4678 2276 4749 legere,
2299 4679 2528 4749 exempli
2560 4680 2733 4750 gratia
2759 4696 2773 4732 :
2802 4679 2913 4745 Kal,
2957 4677 3066 4732 τῶν
3096 4678 3362 4731 ἑκουσίων

1784 4768 2025 4841 τιμωρός
2041 4769 2179 4837 ἔστι,
2204 4772 2255 4824 id
2276 4780 2379 4836 est,
2401 4780 2448 4823 et
2478 4770 2889 4824 voluntariorum
2913 4770 3103 4824 uindex
3128 4781 3224 4823 est.

1787 4863 2045 4931 quidquid
2099 4862 2169 4917 sit
2216 4861 2269 4917 id
2313 4862 2460 4932 quod
2512 4862 2749 4931 suppleri
2796 4870 3062 4929 oporteat,
3092 4859 3219 4914 illud
3265 4872 3363 4927 pro

1787 4963 1937 5010 certo
1966 4955 2165 5009 habere
2208 4969 2365 5024 posse
2408 4954 2539 5009 mihi
2573 4956 2776 5019 videor,
2818 4967 2941 5009 cum
2995 4952 3111 5007 haec
3156 4951 3363 5021 Didymi

1774 5044 2059 5101 sententia
2114 5044 2349 5099 Maximo
2398 5060 2463 5100 ac
2513 5046 2865 5106 Damasceno,
2911 5057 3049 5113 quos
3098 5043 3361 5112 integram

1796 5137 1990 5207 legisse
2023 5136 2315 5192 verisimile
2357 5146 2463 5200 est,
2495 5137 2718 5207 probata
2751 5135 2938 5201 fuerit,
2984 5136 3127 5191 haud
3180 5136 3361 5205 magni

1776 5232 1999 5286 referre
2030 5231 2078 5285 si
2109 5244 2214 5284 non
2242 5229 2497 5299 probatur
2521 5228 2809 5301 Basnagio.
2840 5231 2946 5286 Sed
2978 5234 3046 5285 ab
3077 5231 3224 5286 hisce
3243 5228 3356 5298 jam

1797 5326 1946 5381 tricis
2012 5324 2243 5393 expediti
2293 5326 2362 5378 ad
2416 5324 2664 5394 graviora
2723 5337 3082 5392 transeamus,
3133 5326 3367 5395 reliquas

1795 5424 2043 5497 Basnagii
2082 5425 2136 5479 in
2179 5423 2462 5495 Didymum
2511 5423 2881 5479 accusationes
2900 5422 3369 5477 memoraturisuo

1795 5517 1933 5573 loco.
