3708 6324
363 249 467 304 £79
1797 243 1882 301 DE
1902 244 2157 301 DIDYMO
3521 248 3590 303 £3

751 362 879 419 CAP.
918 364 982 419 II.
1008 354 1092 417 De.
1114 364 1413 418 visibilitate
1439 364 1556 419 Dei.
1971 366 2019 421 Α
2046 361 2132 415 nis
2170 379 2183 414 :
2214 360 2305 414 sed
2329 375 2392 414 ea
2422 361 2758 428 potissimum
2786 374 2905 429 quae
2944 359 3067 415 fuse
3107 377 3171 414 ac
3199 361 3629 431 locupletissimo

441 456 604 509 Deum
648 469 677 508 a
718 455 891 509 beatis
922 457 1193 510 mentibus
1229 473 1348 509 cum
1378 456 1659 526 angelicis,
1696 466 1806 510 tum
1842 456 1937 510 bu-
2051 453 2300 507 edisserit
2351 452 2417 505 ad
2466 463 2625 522 caput
2655 468 2707 506 tv
2741 453 2983 521 ejusdem
3045 452 3294 521 Epistula:
3339 469 3630 523 exponens

379 547 577 610 manis,
611 562 706 615 per
736 547 912 601 lumen
957 547 1141 617 gloria:
1175 549 1418 603 intuitive
1444 549 1720 618 conspici;
1752 564 1938 603 eorum
2056 545 2281 600 Joannis
2316 545 2477 599 verba
2511 564 2524 599 :
2566 544 2734 598 Deum
2786 561 2935 599 nemo
2982 546 3111 598 vidit
3156 562 3387 615 unquam
3404 548 3472 601 ⁸³.
3514 547 3633 617 Ego

369 654 496 693 vero
534 639 836 705 animabus,
874 640 963 708 qui
1007 641 1325 709 purgatione
1358 658 1463 694 non
1511 642 1803 709 indigeant,
1841 642 1940 694 hu-
2053 638 2198 692 enim
2229 636 2512 691 brevitatis
2544 652 2703 691 causa
2729 637 2843 690 haec
2869 651 2971 689 non
2996 635 3182 690 al‘fero.

364 730 600 799 jnsmodi
632 731 890 785 visionem
936 742 1059 786 ante
1102 742 1399 786 extremum
1426 734 1610 802 judicii
1641 734 1780 787 diem
1812 748 1936 787 con-
2117 729 2265 795 Quod
2309 744 2436 783 vero
2483 728 2547 781 ad
2597 728 2824 783 alterum
2871 729 3062 799 dogma
3111 730 3364 797 pertinet,
3409 733 3627 784 nullum

371 822 528 875 cedi:
565 824 671 877 duo
705 835 827 878 sunt
854 825 1130 877 catholicae
1156 825 1407 879 Ecclesia:
1432 825 1702 894 dogmata,
1733 826 1796 879 de
1820 826 1938 895 qui-
2048 820 2310 874 hactenus
2346 820 2397 873 in
2440 819 2666 889 Didymo
2696 819 2870 873 locum
2914 835 2998 874 me
3031 822 3209 890 legere
3253 822 3500 885 memini,
3535 821 3629 875 ubi

370 914 471 967 bus
510 916 636 983 quid
670 916 950 969 tradiderit
986 916 1263 987 Didymus,
1289 918 1577 971 videndum
1610 927 1713 973 est.
2054 912 2339 981 perspicue
2367 910 2417 966 id
2444 910 2795 965 conﬁrmetur
2820 928 2833 965 :
2863 913 2963 965 etsi
2991 914 3132 967 enim
3166 926 3380 971 creatas
3414 915 3629 970 intelli-

442 1004 592 1071 Quod
621 1017 830 1074 spectat
873 1007 939 1060 ad
996 1010 1251 1077 primum,
1294 1024 1397 1062 non
1442 1024 1503 1063 ea
1566 1025 1706 1062 nunc
1750 1023 1937 1062 rursus
2045 1003 2255 1071 sentias
2284 1018 2406 1057 eum
2428 1001 2716 1070 angelicas,
2750 1011 2858 1055 tum
2893 1003 3157 1059 humanas
3205 1005 3346 1059 haud
3384 1010 3631 1063 obscure

371 1111 685 1166 persequar,
718 1115 835 1167 quae
882 1101 1097 1167 copiose
1155 1101 1287 1153 alias
1333 1100 1441 1153 dixi
1496 1100 1545 1151 in
1603 1100 1823 1167 epistola
1869 1099 1934 1151 ad
2046 1093 2317 1158 admittat,
2360 1108 2477 1161 quae
2510 1094 2686 1146 beatae
2711 1092 2822 1160 jam
2870 1096 3009 1160 sint,
3058 1097 3357 1166 quibusque
3391 1099 3631 1168 proinde

371 1187 578 1242 clariss.
613 1190 889 1256 praesulem
932 1188 1126 1243 Joann.
1172 1190 1489 1242 Archintum
1516 1206 1529 1241 :
1560 1190 1650 1242 sed
1684 1203 1936 1257 quaecun-
2055 1185 2358 1240 bcatilicam
2388 1187 2648 1239 visionem
2682 1187 2748 1240 ab
2771 1202 2835 1241 eo
2868 1188 3026 1241 tribui
3056 1191 3312 1244 credibile
3340 1193 3445 1257 sit;
3476 1195 3629 1247 haud

370 1294 475 1349 que
506 1280 560 1333 in
599 1280 820 1348 Didymo
850 1280 1051 1344 nOtavi,
1088 1281 1152 1333 ad
1200 1294 1388 1333 novem
1448 1280 1622 1348 capita
1656 1295 1934 1343 revocans,
2049 1280 2162 1332 scio
2221 1288 2396 1330 tamen
2444 1294 2509 1331 an
2566 1281 2876 1334 beatitatem
2932 1282 3234 1350 hujusmodi
3285 1300 3343 1339 re
3398 1286 3515 1354 ipsa
3572 1289 3629 1339 in

368 1372 556 1440 paucis
613 1387 722 1425 rem
767 1373 1011 1437 expedio.
1045 1373 1083 1427 Ι.
1117 1371 1281 1425 Deum
1310 1371 1507 1424 anulla
1564 1383 1741 1425 creata
1782 1372 1935 1425 intel-
2048 1367 2294 1420 intuitiva
2326 1367 2415 1421 Dci
2439 1368 2664 1433 visione,
2699 1386 2801 1438 qua
2829 1370 2938 1438 jam
2975 1375 3244 1437 fruantur,
3290 1375 3450 1428 sitam
3498 1390 3631 1430 esse

368 1462 586 1532 ﬁgentia
620 1466 1000 1532 comprehendi
1037 1480 1195 1533 posse
1243 1465 1399 1518 docet
1453 1464 1505 1517 in
1565 1465 1935 1517 Enarrationi.
2044 1460 2274 1541 dilucide
2290 1458 2517 1513 allirmet
2536 1460 2640 1513 ullo
2661 1462 2711 1514 ltt
2735 1462 2869 1516 loco.
2892 1462 3021 1517 Illud
3046 1474 3246 1518 tantum
3264 1468 3394 1529 scio,
3412 1468 3628 1520 nullum

370 1555 463 1606 bus
498 1555 550 1607 in
596 1554 694 1622 Ep.
724 1556 749 1607 I
789 1555 946 1608 Joan.
983 1569 1101 1623 cap.
1130 1570 1169 1619 ι,
1208 1564 1261 1608 et
1302 1554 1437 1607 libro
1469 1570 1482 1606 ι
1518 1552 1592 1606 De
1623 1552 1769 1607 Trin.
1810 1568 1931 1623 pag.
2042 1549 2175 1604 mihi
2200 1550 2315 1617 ejus
2352 1567 2517 1621 opera
2559 1552 2757 1621 legenti
2804 1570 2972 1623 usque
3016 1557 3189 1612 adhuc
3248 1561 3627 1614 testimonium

370 1646 462 1710 26,
502 1657 555 1700 et
586 1647 734 1701 alibi.
765 1646 837 1701 ll.‘
857 1647 1220 1701 Stultissimos
1264 1645 1627 1700 Eunomianos
1659 1645 1776 1699 fuse
1801 1660 1930 1698 con-
2043 1643 2519 1712 occUrrisse,quod
2534 1645 2799 1701 catholico
2817 1647 2941 1701 huic
2962 1647 3628 1718 dogmatiadversaretur.

368 1738 509 1791 futat
537 1735 890 1791 Enarratione
936 1739 991 1791 in
1036 1736 1133 1805 Ep.
1172 1754 1186 1791 ι
1225 1737 1384 1790 Joan.
1420 1752 1539 1806 cap.
1591 1752 1669 1797 ιιι,
1706 1737 1845 1805 quod
1884 1750 1943 1790 se
1974 1732 2016 1786 Β
2116 1730 2380 1798 Quocirca
2424 1735 2559 1789 nihil
2616 1736 2761 1790 aliud
2816 1749 3015 1805 restat,
3062 1740 3164 1795 nisi
3214 1753 3272 1794 ut
3320 1744 3628 1812 przecipua,

374 1830 541 1884 Deum
602 1831 843 1900 perfecte
886 1845 1209 1895 cognoscere
1248 1830 1597 1883 allirmarent.
1624 1828 1709 1883 Ill.
1742 1829 1943 1898 Corpo-
2043 1838 2160 1893 qua:
2189 1825 2238 1876 in
2268 1823 2495 1893 Didyme
2533 1827 2715 1879 notavi
2760 1827 2875 1882 loca
2920 1830 2985 1883 de.
3026 1828 3291 1898 justorum
3318 1843 3461 1887 statu
3498 1843 3631 1902 post

371 1922 477 1976 reis
499 1922 667 1976 oculis
706 1922 872 1975 videri
911 1922 1075 1974 Deum
1129 1938 1230 1974 non
1259 1935 1414 1990 posse
1452 1921 1611 1974 tradit
1640 1920 1837 1975 Enarr.
1872 1922 1942 1974 ad
2044 1922 2293 1978 mortem,
2336 1914 2522 1970 lectori
2565 1918 2866 1973 exhibeam.
2895 1917 2934 1972 I.
2986 1920 3153 1990 Igitur
3194 1923 3631 1978 Millenariorum

368 2029 483 2081 cap.
516 2028 569 2067 ιν
593 2017 693 2081 Ep.
725 2011 754 2065 Ι
788 2012 1033 2075 Joannis,
1061 2022 1113 2065 et
1149 2013 1242 2066 lib.
1278 2028 1337 2065 ιιι
1376 2010 1449 2065 De
1492 2013 1639 2066 Trin.
1694 2028 1813 2080 cap.
1851 2012 1939 2065 16.
2039 2005 2346 2073 Opinionem
2388 2019 2570 2077 aperte
2602 2011 2805 2078 respuit
2830 2013 2883 2063 in
2921 2010 3121 2066 Enarr.
3158 2016 3227 2065 ad
3252 2031 3365 2082 cap.
3399 2031 3415 2068 ι
3449 2015 3562 2083 Ep.
3595 2014 3629 2069 1

368 2104 457 2158 ιν.
496 2107 659 2160 Deum
713 2106 780 2159 ab
822 2105 1025 2175 Moyse,
1079 2105 1404 2171 Abrahamo,
1450 2105 1583 2158 Isaia
1625 2105 1797 2160 visum

2167 2098 2214 2151 'i.
2241 2097 2300 2151 Si
2322 2115 2442 2168 ergo
2473 2101 2528 2153 in
2559 2103 2721 2167 ctelis,
2749 2103 2937 2171 inquit,
2966 2103 3207 2171 ﬁdelibus
3234 2106 3342 2159 lucc
3370 2116 3631 2160 servatur

369 2213 490 2253 csse
520 2198 572 2251 in
606 2199 705 2252 hac
745 2198 869 2261 vita,
911 2198 1089 2250 multis
1127 2198 1307 2252 verbis
1348 2200 1537 2267 probat
1586 2198 1650 2251 ad
1706 2207 1864 2263 caput
1887 2213 1941 2251 ιν
2039 2194 2340 2259 luereditas,
2372 2194 2561 2263 frivola
2598 2198 2838 2266 quazdam
2874 2209 2921 2252 et
2952 2200 3124 2267 tepida
3147 2200 3415 2269 proferunt
3448 2202 3633 2271 aliqui

367 2288 667 2357 Epistolas!
714 2287 955 2355 Joannis,
1006 2300 1322 2352 argumento
1401 2289 1525 2341 inde
1596 2288 1935 2356 potissimum
2038 2296 2279 2352 putantes
2333 2303 2447 2340 eam
2510 2304 2564 2341 se
2614 2290 2877 2356 percipere
2931 2291 2987 2342 in
3041 2299 3245 2344 terrena
3289 2291 3628 2345 Jerusalem.

368 2383 556 2445 ducto,
617 2382 758 2451 quod
827 2380 964 2435 Deus
1050 2381 1369 2433 sensibiliter
1458 2380 1626 2433 videri
1708 2387 1940 2448 nequeat
2040 2376 2190 2430 Mille
2233 2382 2388 2433 annis
2424 2381 2729 2433 existimant
2757 2398 2866 2435 esse
2897 2382 3205 2436 deliciarum
3242 2387 3458 2450 praemia
3488 2402 3631 2453 pro-

366 2473 608 2526 Omnino.
642 2470 707 2528 V.
760 2470 916 2525 Juxta
942 2472 1223 2541 Didymum
1247 2471 1387 2524 aliud
1420 2479 1502 2523 est
1546 2471 1748 2535 videre,
1796 2469 1940 2524 aliud
2036 2471 2259 2537 prietate
2320 2484 2652 2539 recepturos,
2732 2486 2786 2526 et
2844 2475 3068 2545 reliqua.
3148 2475 3211 2531 Il.
3265 2476 3457 2531 Omnes
3530 2480 3633 2547 qui

368 2563 655 2631 inspicere,
697 2564 797 2618 etsi
836 2578 1215 2631 nonnunquam
1266 2562 1497 2617 alterum
1550 2570 1796 2616 sumatur
1840 2576 1939 2632 pro
2037 2563 2323 2613 secundum
2355 2561 2616 2616 Christum
2636 2564 2915 2632 ﬁniuntur,
2950 2569 3003 2620 in
3025 2567 3251 2621 Abrahae
3273 2569 3447 2622 sinum
3484 2585 3631 2635 pro-

366 2656 572 2723 altero;
614 2667 666 2711 et
700 2656 842 2711 aliud
868 2668 951 2712 est
978 2658 1330 2722 sensibiliter,
1376 2657 1520 2710 aliud
1554 2657 1936 2711 intellectuali-
2038 2651 2202 2719 11σὶςεὶ
2243 2654 2318 2705 ait
2345 2655 2563 2721 ibidem,
2594 2665 2647 2709 et
2693 2656 2786 2710 lib.
2814 2673 2871 2711 ιιι
2922 2658 3000 2712 De
3034 2658 3285 2713 Trinitate
3318 2677 3436 2730 pag.
3481 2662 3629 2715 425.

367 2758 450 2803 ter
480 2747 768 2820 [XXXVII]
814 2750 979 2803 Deum
1030 2750 1327 2818 percipere.
1381 2749 1469 2801 Sic
1510 2748 1651 2802 enim
1699 2748 1937 2816 loquitur
2037 2742 2121 2796 Ill.
2163 2744 2349 2797 Sinum
2399 2747 2702 2817 hujusmodi
2741 2766 2934 2806 vocare
2982 2751 3194 2805 videtur
3242 2752 3407 2804 locant
3446 2755 3634 2806 «ethe-

367 2842 433 2894 ad
468 2851 629 2909 caput
676 2857 693 2894 ι
740 2840 841 2910 Ep.
877 2840 896 2895 I
926 2839 1149 2894 Joannis
1180 2858 1193 2893 :
1228 2858 1245 2890 t
1269 2839 1403 2907 Quia
1444 2854 1572 2894 vero
1625 2840 1935 2908 inspiciendi
2046 2850 2194 2888 reum
2231 2837 2282 2889 in
2317 2837 2616 2908 fragmento
2641 2842 2781 2907 quod
2808 2842 3070 2910 exscripsi
3101 2858 3164 2896 ex
3190 2846 3375 2913 pagina
3404 2844 3475 2898 92
3508 2862 3630 2899 ms.

365 2946 547 2987 sermo
575 2931 991 2987 intellectualem
1023 2930 1289 3000 signiﬁcat
1316 2932 1733 2999 perceptionem,
1764 2932 1936 2983 mani-
2038 2928 2245 2982 codicis
2310 2929 2380 2983 ‘25
2458 2930 2631 2986 Grzcci
2683 2933 3017 2989 bibliothecae
3063 2934 3272 2990 Veneta:
3326 2937 3381 2990 S.
3442 2937 3632 2993 Marci

374 3024 574 3079 festant
627 3024 787 3079 etiam
834 3025 934 3078 hoc
980 3022 1067 3076 illa
1107 3021 1488 3076 verbazBeati
1524 3023 1717 3076 mundo
1753 3022 1932 3086 corde,
1962 3083 2000 3101 Π
2040 3018 2250 3073 titulmn
2309 3019 2451 3075 hunc
2528 3038 2636 3090 pra:
2700 3039 2757 3078 se
2812 3024 3079 3083 ferentis:
3125 3027 3371 3095 Ἐκλογαὶ
3432 3030 3635 3101 ἑρμη-

363 3116 608 3184 quoniam
626 3115 723 3181 ipsi
745 3114 1019 3181 inspicient
1050 3113 1217 3166 Deum
1238 3114 1305 3165 ’°.
1335 3112 1459 3166 Ha‘c
1483 3113 1662 3181 itaque
1683 3112 1827 3166 diller

2170 3129 2194 3163 ν
2239 3111 2318 3174 εἰς
2357 3113 2455 3176 τὰς
2490 3083 2794 3187 Παροιμίας
2840 3116 3181 3188 Σολομῶντος
3226 3083 3303 3171 ὲκ.
3333 3083 3634 3190 διαφοράν

368 3209 441 3261 tia
485 3207 693 3261 videndi
740 3216 795 3261 et
848 3206 1156 3274 inspiciendi
1228 3205 1308 3259 sic
1362 3213 1599 3271 maneat,
1664 3204 1933 3272 quomodo
2038 3200 2319 3273 Πατέρων.
2369 3205 2558 3272 idest,
2602 3205 2821 3261 Selectte
2850 3209 3298 3284 interpretationes
3341 3212 3397 3263 in
3436 3210 3635 3265 Para-

364 3309 593 3366 ntraque
643 3307 769 3353 sunt
810 3297 988 3352 simul.
1046 3297 1176 3351 Nam
1240 3296 1534 3365 aliquando
1584 3297 1935 3365 intelligibilis
2036 3295 2178 3348 bolas
2232 3295 2531 3353 Salomonis
2608 3316 2672 3354 ea:
2732 3301 2946 3355 diversis
3018 3302 3265 3357 Patribus
3327 3316 3631 3373 excerpta'.

365 3390 627 3459 inspectio
681 3392 896 3445 visionis
948 3404 1080 3444 voce
1128 3390 1491 3459 signiﬁcatur;
1526 3398 1583 3443 ut
1626 3401 1709 3443 est
1753 3389 1880 3443 illud
1914 3404 1929 3440 :
2038 3385 2330 3456 Explicans
2362 3390 2504 3443 enim
2540 3390 2609 3445 ibi
2650 3391 2909 3461 Didymus
2950 3391 3251 3449 Salomonis
3294 3393 3500 3460 locum,
3537 3395 3635 3448 ὅτι

368 3498 389 3531 ι
415 3481 518 3547 Qui
538 3482 668 3535 videt
702 3497 803 3547 me,
829 3481 964 3535 videt
1000 3490 1046 3534 et
1092 3479 1414 3545 Patrem",i
1437 3496 1539 3533 non
1571 3480 1692 3549 quia
1718 3478 1832 3534 Pati

2172 3482 2215 3542 ἲς
2236 3481 2713 3551 κατασκηνώσουσι
2747 3485 2872 3555 γῆν,
2908 3485 2958 3538 id
2986 3495 3086 3549 est,
3113 3486 3233 3555 quia
3276 3487 3398 3539 recti
3442 3496 3636 3541 tento-

362 3571 486 3639 quis
509 3570 678 3624 oculis
712 3571 889 3624 carnis
916 3569 1089 3635 vidit;
1126 3569 1372 3637 quisquis
1405 3569 1547 3623 enim
1596 3578 1679 3623 est
1705 3585 1770 3621 ex
1798 3568 1930 3633 Deo,
2035 3572 2113 3623 ria
2147 3571 2300 3639 ligent
2347 3574 2399 3625 in
2442 3581 2601 3639 terra,
2637 3589 2756 3643 qua:
2803 3584 3017 3630 exstant
3054 3592 3196 3632 vers.
3226 3577 3287 3630 2|
3333 3579 3544 3646 capitis
3587 3596 3635 3635 ιι

364 3664 505 3717 videt
541 3663 759 3717 Deum.»
788 3661 875 3715 Vl.
902 3663 1064 3715 Deum
1096 3661 1219 3714 etin
1239 3660 1535 3729 Scripturis
1558 3661 1738 3714 vocari
1763 3660 1931 3730 ἁόρα-
2034 3659 2486 3726 Proverbiorum,
2537 3673 2591 3717 et
2651 3665 2811 3719 verba
2870 3667 3163 3735 respiciens
3214 3667 3414 3721 Christi
3466 3674 3634 3736 apud

360 3771 476 3819 τον,
514 3756 563 3809 id
603 3767 685 3810 est
734 3756 1128 3819 inuisibilem",
1164 3769 1265 3809 nec
1310 3754 1379 3808 ab
1409 3754 1515 3808 ulla
1543 3764 1786 3807 creatura
1819 3756 1933 3810 sive
2033 3749 2343 3806 llattbaeum
2399 3753 2708 3822 inquientis,
2765 3756 2916 3810 Beati
2960 3762 3109 3812 mites
3136 3796 3150 3820 ,
3195 3760 3443 3828 quoniam
3517 3761 3636 3829 ipsi

362 3848 627 3917 angelica,
662 3848 776 3902 sive
822 3849 1055 3900 humana
1090 3846 1255 3900 videri
1301 3860 1458 3915 posse
1492 3845 1693 3914 pluries
1720 3844 1799 3897 ait
1832 3862 1847 3897 :
1875 3853 1933 3897 ut
2032 3843 2367 3909 possidebunt
2406 3853 2598 3895 terram
2647 3846 2714 3908 “,
2756 3846 2833 3899 sic
2881 3846 3115 3915 loquitur
3155 3864 3169 3899 :
3207 3848 3325 3901 Τῶν
3380 3851 3635 3921 πραέω)

362 3936 455 3991 lib.
489 3952 504 3990 ι
534 3937 609 3990 De
662 3936 809 3991 Trin.
844 3954 962 4007 pag.
1007 3939 1097 4004 26,
1142 3938 1230 3991 lib.
1278 3954 1335 4002 ιι,
1374 3952 1493 4006 pag.
1547 3936 1667 4000 191,
1698 3946 1752 3990 et
1780 3936 1826 3988 al

2170 3949 2195 3995 ς
2223 3932 2461 4005 αἰθέριος
2492 3934 2567 3987 ὢν
2586 3951 2599 3964 ο
2630 3935 2706 3999 ὡς
2734 3936 2869 4008 πρὸς
2892 3938 2982 3991 τὸν
3010 3941 3401 4011 ὑπερκείμενον
3441 3943 3634 4014 οὐρα-

362 4025 487 4082 Htec
538 4037 716 4081 autem
746 4029 1008 4082 catholico
1037 4044 1197 4082 sensu
1230 4028 1298 4081 ab
1320 4043 1384 4083 eo
1417 4028 1543 4093 dici,
1595 4043 1717 4082 mox
1761 4043 1825 4097 ap

2209 4028 2278 4096 γῆ
2338 4024 2445 4078 τῶν
2483 4027 2769 4080 οἰκούντων
2817 4029 2981 4082 ἐστίν.
3026 4031 3113 4083 Ἐν
3159 4032 3290 4102 αὐτῇ
3320 4033 3509 4085 τοίνυν
3574 4037 3634 4087 οἱ

363 4118 521 4172 t-ehit.
576 4116 686 4171 VII.
735 4117 1148 4171 Manicbazorum
1215 4118 1434 4187 impiam
1483 4118 1789 4187 opinionem

2170 4119 2226 4178 ,ῖς
2276 4117 2821 4188 κατασκηνώσουσιν·
2862 4121 2941 4183 εἰς
2984 4121 3144 4175 αὐτὸν
3187 4123 3634 4195 προσδεχόμενοι

361 4208 495 4263 fellit
545 4209 609 4263 ad
665 4219 821 4278 caput
867 4224 921 4263 tv
963 4209 1214 4277 Epistolze
1263 4208 1283 4261 I
1328 4208 1585 4273 Joannis,
1617 4210 1757 4277 quod
1798 4211 1825 4263 tl

2165 4210 2376 4279 ιύρανὸν
2418 4210 2814 4281 ἐμφανισθῆναι
2867 4214 2943 4284 τῷ
2983 4213 3256 4285 προσώπῳ
3298 4216 3391 4268 τοῦ
3443 4216 3629 4274 Θεοῦ.

359 4301 893 4354 comminiscerentur
956 4302 1120 4363 deos,
1180 4300 1405 4354 alterum
1461 4301 1670 4355 Veteris
1738 4299 1823 4353 Tel

2166 4317 2213 4350 ω
2242 4298 2350 4369 γὰρ
2382 4300 2489 4351 τῶν
2524 4300 2864 4369 ἐπαγγελιῶν
2897 4303 3150 4371 τυχόντες
3195 4306 3291 4356 οὐκ
3323 4304 3589 4360 οἰκοῦσιν
3611 4326 3630 4338 ’

358 4393 526 4446 menti
580 4393 867 4458 visibilem,
918 4393 1142 4446 altermn
1210 4392 1341 4447 Novi
1415 4393 1746 4447 Testamenti
1792 4394 1822 4447 it

2206 4390 2673 4460 κατασκηνοῦσινο
2724 4391 2776 4446 id
2823 4403 2925 4456 est,
2965 4393 3173 4448 Milium
3206 4396 3347 4449 locus
3386 4413 3519 4450 cum
3555 4404 3634 4453 sit

359 4482 589 4537 sibilem.
625 4484 753 4537 VIII.
803 4482 1019 4553 Angelis
1070 4484 1263 4537 Filiunt
1315 4494 1438 4538 ante
1494 4484 1923 4539 lncarnationem
2035 4485 2310 4545 a-thereus,
2347 4494 2574 4549 respectu
2614 4485 2894 4550 superioris
2926 4486 3073 4549 cwli,
3116 4496 3253 4540 tetra
3279 4497 3352 4540 est
3388 4489 3639 4545 illorum

358 4573 525 4630 fuisse
569 4576 911 4638 invisibilem,
941 4593 1091 4645 aeque
1133 4592 1195 4630 ac
1223 4576 1471 4643 Patrem;
1506 4587 1625 4647 post
1670 4578 1924 4633 lncarna-
2032 4573 2122 4640 qui
2151 4572 2221 4624 ibi
2253 4574 2509 4625 habitant.
2566 4572 2633 4626 1η
2663 4576 2775 4641 ipsa
2806 4592 2925 4644 ergo
2962 4579 3113 4630 mites
3159 4582 3376 4632 tentoria
3420 4580 3637 4649 ﬁgant,

358 4666 558 4720 tionem
594 4680 722 4719 vero
780 4666 847 4720 ab
906 4668 1035 4734 ipsis
1083 4667 1254 4721 visum
1296 4684 1416 4722 esse
1476 4670 1630 4723 docet
1677 4670 1764 4723 lib,
1802 4686 1817 4722 ι
1851 4670 1926 4723 De
2031 4675 2382 4731 exspectantes
2406 4668 2529 4717 dum
2560 4666 2613 4717 in
2640 4666 2763 4719 caelo
2803 4667 2913 4734 ipso
2952 4678 3234 4735 appareant
3259 4683 3378 4721 ante
3414 4671 3639 4737 [aciem

358 4752 505 4807 Trin.
536 4770 656 4823 pag.
698 4754 785 4816 84,
821 4770 884 4807 ex
919 4754 1062 4808 Pauli
1088 4755 1313 4822 apostoli
1343 4756 1669 4809 testimonio.
1700 4756 1829 4821 Qum
1852 4756 1924 4809 ita
2030 4755 2128 4808 Dei
2154 4772 2171 4808 :
2198 4772 2314 4808 cum
2356 4757 2492 4809 enim
2540 4758 2756 4809 necdum
2799 4758 2973 4827 adepti
3009 4760 3109 4813 sint
3156 4763 3637 4830 repromissiones,

357 4846 670 4913 accipienda
704 4846 972 4910 existimo,
1007 4856 1061 4899 ut
1093 4848 1290 4901 vidisse
1339 4847 1590 4900 dicantur
1629 4864 1658 4900 a
1696 4847 1920 4917 Didymo
2030 4848 2085 4900 in
2108 4863 2170 4900 ea
2198 4863 2299 4900 non
2333 4849 2590 4913 habitant,
2617 4849 2709 4901 sed
2739 4853 2961 4904 tentoria
2997 4853 3205 4905 habent.
3251 4852 3339 4907 IV.
3386 4854 3640 4912 Eiectos

314 4930 315 4935 “
356 4939 527 5008 angeli
562 4939 755 4994 Filium
807 4940 1142 4993 incarnatum
1185 4950 1279 4992 aut
1307 4941 1581 5009 corporeis
1602 4940 1791 5004 oculis,
1829 4950 1922 4993 aut
2026 4939 2247 4993 salutem
2287 4941 2548 5008 primum,
2595 4941 2780 4994 deinde
2826 4959 3071 4996 coronam
3119 4945 3299 5013 gloria:
3354 4952 3641 5017 consequi

356 5044 421 5082 eo
453 5032 610 5084 modo
634 5047 791 5098 quem
828 5032 878 5085 in
904 5034 1065 5085 citata
1099 5032 1163 5083 ad
1210 5031 1519 5088 Archintum
1569 5032 1791 5100 epistola
1822 5047 1918 5085 ex—
2029 5033 2185 5086 docet
2221 5034 2269 5085 in
2300 5033 2436 5085 libro
2480 5032 2555 5086 De
2586 5032 2789 5101 Spiritu
2835 5045 3015 5089 sancto
3051 5053 3199 5093 num.
3253 5037 3306 5091 8.
3377 5038 3443 5091 γ.
3474 5039 3639 5108 Eos,

354 5121 569 5189 plicavi.
596 5120 685 5173 IX.
710 5121 1043 5176 Catholicum
1071 5123 1257 5190 dogma
1290 5134 1394 5173 tam
1430 5120 1574 5174 clare
1600 5122 1759 5174 tradit
1787 5120 1920 5173 mul-
2030 5124 2122 5192 qui
2156 5124 2266 5193 jam
2297 5140 2436 5178 nunc
2476 5126 2617 5178 beati
2651 5126 2779 5187 siut,
2811 5128 3044 5179 admittit
3078 5128 3129 5181 in
3159 5127 3643 5188 Enarrationibus

355 5213 423 5265 tis
464 5211 517 5265 in
560 5211 711 5274 locis,
738 5213 900 5264 Deum
930 5229 959 5263 a
988 5214 1156 5267 beatis
1188 5214 1453 5267 mentibus
1504 5213 1665 5266 videri
1700 5214 1919 5275 docens,
2027 5217 2095 5267 ad
2126 5226 2277 5281 caput
2333 5231 2370 5279 ι,
2430 5233 2561 5270 vers.
2605 5217 2692 5280 12,
2729 5216 2897 5285 Epist.
2956 5217 2981 5270 Ι
3020 5218 3186 5284 Petri,
3238 5221 3361 5274 dum
3420 5223 3495 5275 ad
3556 5241 3647 5279 ea

355 5311 415 5356 ut
446 5301 623 5355 nullus
667 5302 794 5354 mihi
836 5317 1119 5368 superesse
1167 5304 1410 5354 videatur
1441 5300 1716 5353 dubitandi
1753 5300 1917 5352 locus.
2031 5308 2213 5371 verba,
2248 5306 2312 5359 lu
2347 5325 2461 5376 qua:
2502 5310 2872 5377 concupiscunt
2908 5311 3076 5379 angeli
3107 5311 3397 5380 prospicere
3421 5352 3436 5375 ,
3492 5312 3647 5371 [nec

351 5393 519 5461 Lege,
579 5407 779 5460 quaeso,
824 5406 941 5460 qua:
990 5394 1039 5443 in
1094 5393 1231 5446 hanc
1267 5410 1375 5446 rem
1422 5395 1582 5447 habet
1639 5392 1729 5445 lib.
1775 5408 1809 5443 ιι
1848 5391 1919 5444 De
2027 5395 2408 5451 scuibithon
2463 5398 2527 5451 ab
2580 5415 2634 5450 re
2684 5409 2757 5451 est
2814 5400 2971 5452 etiam
3025 5399 3247 5467 intelligi
3293 5400 3357 5451 de
3401 5403 3643 5456 sancti:

353 5480 501 5536 Trin.
530 5497 651 5551 pag.
682 5481 777 5535 171
818 5492 872 5535 et
916 5480 1113 5545 216,et
1138 5484 1203 5535 ad
1237 5494 1396 5552 caput
1442 5499 1503 5535 ιιι
1563 5482 1657 5551 Ep.
1709 5480 1919 5536 IJoaa—
2027 5488 2259 5552 angelis,
2323 5497 2372 5540 et
2436 5490 2738 5557 simpliciter
2789 5491 2986 5542 cunctis
3038 5485 3373 5563 [XXXVIII]
3435 5492 3645 5550 beatis

424 5692 469 5724 ³⁸
490 5691 679 5748 Matth.
708 5707 759 5761 v,
783 5693 837 5749 8.
916 5694 957 5725 “
992 5690 1146 5749 Joan.
1182 5709 1291 5764 xw,
1326 5694 1377 5752 9.
1456 5697 1499 5726 ²²
1534 5694 1551 5749 1
1589 5693 1723 5749 Tim.
1756 5711 1792 5757 ι,
1828 5695 1888 5750 17

1459 5697 1499 5726 ²²
1534 5694 1551 5749 1
1589 5693 1723 5749 Tim.
1756 5711 1792 5757 ι,
1828 5695 1908 5750 17.
1987 5697 2031 5728 ²³
2061 5693 2212 5749 Joan.
2243 5712 2280 5761 I,
2320 5696 2400 5751 I8.
2478 5694 2523 5729 ³⁵
2555 5695 2741 5750 Matth.
2785 5711 2833 5761 ν,
2873 5696 2923 5751 4.
