3708 6304
107 261 185 318 181
1231 256 1658 314 COMMENTAB

102 374 410 432 rationalibus
427 373 521 425 hoc
541 371 765 436 dictum,
789 387 906 424 cum
922 387 1096 427 omnes
1119 377 1401 444 appetitum
1423 376 1641 430 habeant

99 468 354 538 prospicere
375 481 432 516 ea
463 480 578 532 qua:
608 465 662 515 in
695 463 802 530 fine
829 465 1010 517 seaculi
1040 476 1156 518 sunt
1182 472 1401 536 agenda.
1427 468 1514 522 Vl.
1543 467 1643 522 Eos

101 562 173 632 qui
205 559 286 613 Dei
319 557 520 610 visione
541 555 650 625 jam
689 555 959 620 fruantur,
993 572 1192 624 ponere
1221 558 1431 612 videtur
1456 560 1507 612 in
1536 559 1642 614 alio

101 657 404 724 fragmento,
452 650 594 720 quod
653 651 916 718 exscripsi
957 667 1021 704 ex
1075 649 1264 719 pagina
1321 650 1389 706 99
1440 651 1642 705 codicis

103 761 246 815 nuper
269 743 564 804 memorati,
599 742 689 796 ubi
721 742 974 810 explanat
1007 741 1119 796 haec
1164 742 1323 794 verba
1357 759 1370 795 :
1400 741 1640 813 Χρηστοὶ

100 839 278 890 ἔσονται
302 836 582 906 οἰκήτορες
607 834 732 902 γῆς,
764 832 960 886 ἄκακοι
985 833 1041 886 δὲ
1063 833 1544 905 ὑποληφθήσονται
1578 836 1638 886 ὲν

101 932 240 1000 αὑτῇ,-
258 927 305 980 id
331 935 432 990 est,
473 924 613 978 Boni
650 934 802 978 erunt
835 924 1151 976 habitatores
1191 937 1376 989 tet-rte;
1423 925 1640 979 malitia:

101 1038 195 1076 sero
213 1029 430 1084 expertes
459 1018 818 1083 relinquentur
849 1020 900 1066 in
955 1033 1015 1068 ea
1044 1032 1062 1068 :
1088 1030 1206 1083 quze
1249 1017 1406 1068 verba
1445 1015 1497 1068 in
1534 1013 1639 1068 La-

102 1115 203 1166 tinis
238 1111 416 1164 Bibliis
449 1125 555 1162 non
581 1109 851 1179 leguntur,
888 1109 979 1162 sed
1007 1108 1058 1160 in
1091 1108 1277 1160 Graeca
1311 1105 1640 1162 Francolnr-

102 1204 210 1256 tensi
255 1201 488 1253 editione
537 1211 754 1253 exstant
795 1215 914 1266 cap.
961 1213 998 1252 ιι
1044 1198 1301 1252 Proverb.
1359 1213 1495 1253 vers.
1546 1199 1635 1254 20.

102 1295 197 1348 Hrc
231 1307 355 1360 ergo
387 1291 457 1343 ibi
491 1292 650 1345 habet
688 1291 942 1360 Didymus
976 1306 988 1340 :
1017 1290 1115 1343 Διὰ
1155 1289 1247 1342 τοῦ
1284 1290 1516 1360 χρηστοῦ
1547 1292 1640 1344 καὶ

100 1385 275 1437 ἀκάκου
331 1381 584 1452 δηλοῦται
631 1384 660 1435 ὁ
703 1382 839 1452 ἔχων
891 1382 1198 1452 πρακτικὴν
1253 1384 1487 1454 ἀρετήν’
1545 1382 1638 1436 τοῦ

99 1475 394 1545 θεωρητικοῦ
447 1475 854 1546 παρισταμένου
917 1475 1032 1545 βίου
1084 1475 1152 1527 δι’
1196 1475 1488 1546 εὐθύτητος
1547 1474 1640 1527 καὶ

99 1568 354 1630 ὁσιότητος.
391 1566 467 1618 Οὐ
510 1565 687 1635 μάτην
713 1566 770 1618 δὲ
797 1567 926 1637 περὶ
962 1565 1070 1618 τῶν
1096 1565 1351 1619 τοιούτων
1397 1566 1457 1618 τὸ
1503 1566 1638 1618 ὑπο-

99 1655 433 1725 ληφθήσεσθαι
466 1657 664 1720 αὐτοὺς
702 1660 758 1710 ὲν
797 1660 862 1728 τῇ
892 1657 1011 1728 θείᾳ
1045 1659 1114 1727 γῇ
1165 1658 1379 1729 εἴρηται
1400 1673 1412 1688 ⁸
1444 1657 1504 1710 οὐ
1530 1657 1638 1730 γὰρ

102 1748 480 1819 μετῳκίσθησαν
515 1751 609 1802 ἀπ’
633 1750 801 1821 αὐτῆς
831 1753 877 1803 οἱ
904 1752 1280 1822 περιεχόμενοι
1301 1750 1407 1804 τῶν
1430 1749 1637 1821 λεχθει-

100 1840 185 1892 σῶν
211 1840 435 1910 ἀρετῶν.
497 1841 690 1910 ἸΙμῶν
733 1843 862 1912 γὰρ,
907 1845 1058 1914 φησι,
1095 1843 1159 1896 τὸ
1194 1844 1521 1915 πολίτευμα
1569 1846 1640 1898 ἐν

98 1933 337 1999 οὐραγοῖς
369 1932 646 2002 ὑπάρχει.
690 1936 826 2006 Περὶ
872 1936 970 2006 τῆς
1008 1937 1303 2008 εἰρημένης
1334 1938 1436 2009 γῆς
1477 1939 1569 1990 xui.
1612 1939 1640 1991 ὁ

99 2023 364 2093 regem;
423 2024 942 2092 ἔλεγενοΠιστεύω
991 2027 1099 2081 τοῦ
1151 2028 1296 2082 ἰδεῖν
1331 2030 1402 2082 τὰ
1452 2028 1640 2099 ἀγαθὰ

98 2115 283 2179 Kvplov
307 2115 379 2166 ἐν
401 2114 481 2183 τῇ
507 2113 756 2181 ζώντων,
794 2116 846 2170 id
877 2125 978 2183 est,
1014 2116 1114 2172 Per
1155 2120 1342 2172 bonum
1394 2130 1447 2174 ct
1491 2122 1640 2174 mali-

99 2207 450 2272 tie'erpertem
495 2209 784 2261 denotatur
819 2209 864 2263 is
898 2209 987 2278 qui
1033 2211 1326 2278 practicam
1387 2211 1638 2267 virtutem

99 2297 262 2361 habet;
285 2311 380 2366 per
415 2300 781 2352 rectitudinem
825 2315 952 2355 vero
995 2309 1047 2355 et
1076 2303 1404 2355 sanctitatem
1431 2303 1641 2373 signiti-

98 2399 225 2442 cstur
268 2389 371 2441 vita
425 2389 868 2459 contemplativa.
929 2390 1043 2445 Non
1101 2391 1300 2446 frustra
1350 2405 1530 2448 autem
1579 2395 1645 2450 de

98 2479 367 2547 bujusmodi
399 2482 713 2535 hominibus
745 2482 944 2536 dictum
973 2491 1076 2547 est,
1103 2483 1214 2552 fore
1258 2494 1312 2537 ut
1343 2485 1644 2555 relinquan-

100 2571 228 2623 turin
261 2573 439 2625 dicina
478 2584 652 2636 terra;
707 2588 806 2628 nec
852 2575 994 2627 enim
1051 2575 1292 2629 translati
1337 2587 1460 2631 sunt
1489 2594 1552 2631 ex
1584 2593 1646 2630 ea

106 2661 315 2715 homines
366 2664 686 2718 memoratis
747 2665 1037 2718 virtutibus
1087 2665 1442 2720 adhaerentes.
1513 2666 1643 2721 Nam

102 2747 265 2804 Paulus
301 2753 376 2804 ait
413 2775 426 2806 ;
458 2751 798 2806 Conversatio
839 2762 1015 2806 nostra
1055 2753 1108 2806 in
1146 2755 1287 2807 castis
1330 2765 1403 2808 est
1443 2756 1508 2808 ’⁸.
1576 2757 1648 2810 De

105 2843 318 2907 przdtcta
361 2853 512 2897 terra
562 2843 768 2898 Psaltes
805 2861 1021 2914 quoque
1057 2846 1191 2899 dixit
1225 2863 1238 2899 :
1281 2846 1448 2900 Credo
1482 2848 1650 2901 videre

104 2931 210 2983 bona
238 2930 452 2986 Domini
501 2935 556 2987 in
598 2946 738 2986 terra
766 2936 1043 2989 viventium
1087 2936 1151 2988 ’⁸.
1216 2928 1323 2989 νιί.
1368 2935 1650 2991 Beatorum

105 3021 427 3075 hereditatem
456 3023 509 3076 in
533 3026 798 3092 inﬁnitum
820 3041 1213 3092 permansurum
1260 3026 1333 3078 ait
1364 3024 1431 3078 ad
1471 3042 1606 3096 .cap.
1632 3043 1648 3081 t

108 3111 184 3178 Ep.
219 3112 425 3168 lPetri.
479 3115 722 3186 Denique
766 3133 863 3172 nos
901 3132 1022 3172 cum
1057 3117 1273 3172 Christo
1310 3128 1430 3185 post
1470 3135 1649 3173 resur—

107 3204 362 3258 rectionem
389 3218 713 3276 regnaturos
739 3223 861 3263 esse
900 3209 1056 3263 docet
1095 3209 1189 3264 lib.
1229 3226 1243 3264 ι
1274 3209 1348 3264 De
1396 3209 1652 3266 Triuitate

108 3309 204 3363 pag.
233 3296 315 3364 95,
340 3307 400 3352 et
434 3298 528 3352 lib.
564 3315 599 3353 ιι
643 3315 764 3370 pag.
789 3299 913 3354 258.

165 3386 228 3439 Ει
263 3388 343 3442 his
368 3405 534 3457 porro
559 3391 810 3445 omnibus
835 3392 993 3446 simul
1024 3392 1268 3448 collectis
1307 3405 1468 3464 atque
1495 3395 1655 3450 colla-

112 3473 166 3528 tis
186 3474 304 3532 locis
335 3479 544 3532 inferre
574 3495 733 3549 posse
761 3481 1023 3548 videmur,
1068 3483 1205 3537 hanc
1253 3482 1415 3538 fuisse
1447 3484 1654 3555 Didymi

112 3564 162 3618 de
188 3571 474 3634 proborum
499 3581 642 3624 statu
672 3583 795 3641 post
824 3574 1027 3628 obitum
1074 3575 1414 3629 sententiam.
1458 3575 1656 3630 Eorum

113 3659 289 3713 scilicet
333 3662 575 3726 animas,
629 3665 731 3718 nisi
764 3666 1082 3736 purgatione
1115 3667 1408 3736 indigeant,
1457 3667 1510 3720 in
1549 3681 1659 3720 ca:-

114 3750 211 3802 lcsti
233 3756 489 3820 quodam,
519 3757 634 3809 sive
661 3757 896 3811 mthereo
924 3759 1043 3812 loco
1070 3757 1296 3812 detineri
1317 3799 1332 3820 ,
1366 3759 1545 3827 ibique
1569 3767 1660 3811 aut

115 3838 188 3892 Dei
220 3844 417 3898 visione
452 3845 583 3910 frui,
637 3856 728 3901 aut
771 3857 918 3903 certe
951 3848 1207 3902 beatitate
1251 3849 1429 3918 aliqua
1476 3849 1660 3904 beatas

116 3944 214 3986 esse
241 3952 254 3987 :
281 3935 498 3990 easdem
547 3951 676 3991 vero
721 3939 835 3993 sive
875 3949 1001 3993 ante
1037 3940 1506 4005 resurrectionem,
1547 3939 1660 3994 sive

118 4025 266 4087 potius
307 4035 429 4095 post
494 4027 642 4081 illam
694 4029 746 4082 in
791 4018 1040 4099 superius
1091 4030 1288 4084 cmlum
1342 4044 1661 4085 ascensuras

120 4129 567 4188 esse:postqnam
609 4129 788 4174 autem
840 4122 968 4191 ipsa:
1011 4122 1327 4190 corporibus
1375 4122 1429 4175 in
1481 4135 1663 4175 resur-

122 4208 326 4262 rectione
392 4224 585 4263 rursus
651 4209 948 4280 conjuncta:
1001 4209 1223 4277 fuerint,
1277 4211 1392 4266 fore
1453 4219 1511 4266 ut
1565 4227 1662 4267 nos

124 4312 298 4364 Otones,
361 4299 535 4356 Electi
591 4316 805 4372 nempe,
859 4317 980 4357 cum
1022 4302 1239 4358 Christo
1293 4303 1346 4357 in
1404 4313 1660 4359 aeternum

126 4403 395 4459 regnemus,
421 4408 486 4447 ac
521 4394 774 4449 beatitica
814 4395 905 4449 Dei
933 4395 1136 4448 visione
1160 4395 1521 4464 perfruamur.

441 4485 573 4541 CAP.
622 4485 876 4542 lll.—De
907 4488 1091 4542 timore
1113 4488 1308 4542 servili.

185 4575 246 4631 De
289 4579 482 4633 timore
515 4577 696 4632 servili
753 4593 856 4631 non
907 4589 1052 4632 recte
1103 4580 1336 4634 sensisse
1385 4579 1536 4635 visus
1581 4589 1666 4636 est

134 4664 355 4738 Didymus
403 4670 613 4725 auctori
670 4670 999 4732 notularmn,
1051 4688 1170 4738 qua:
1224 4671 1664 4727 Enarrationibus

134 4764 354 4828 apposita
381 4764 636 4833 leguntur
691 4763 741 4817 in
785 4763 1028 4832 margine
1064 4762 1340 4827 Parisinaz,
1377 4780 1482 4834 qua
1524 4773 1664 4828 utor,

133 4852 348 4910 editionis
379 4853 722 4909 Bibliotheca:
754 4851 976 4906 Patrum
1013 4869 1155 4908 anno
1201 4854 1338 4908 16M
1385 4855 1664 4926 evulgatze.

135 4944 196 4996 Ad
226 4955 372 5014 caput
399 4946 544 5000 enim
581 4959 619 4999 ιι
644 4944 892 5014 Epistula:
919 4943 938 4997 l
969 4943 1111 4998 Petri
1137 4961 1256 5015 pag.
1279 4945 1343 4999 57
1369 4946 1480 5000 haec
1504 4947 1669 5001 adno-

139 5038 241 5090 tivit
275 5055 290 5091 :
321 5038 484 5092 Caute
531 5038 641 5107 lege
671 5054 690 5092 :
724 5053 845 5090 nam
880 5036 1085 5091 videtur
1131 5038 1383 5092 damnare
1432 5040 1668 5092 timorem

138 5143 288 5191 mir,
333 5147 422 5183 seu
455 5130 716 5195 servilem,
754 5141 1002 5199 tanquam
1056 5129 1517 5194 irrationabilem;
1554 5146 1670 5182 cum

140 5227 279 5272 tamen
301 5238 362 5274 α
383 5239 438 5274 se
469 5225 661 5288 bonus,
691 5235 738 5276 et
771 5225 918 5278 utilis
942 5225 1032 5284 sit.
1065 5239 1124 5276 eo
1145 5223 1299 5276 modo
1322 5237 1422 5291 quo
1445 5219 1503 5275 S.
1533 5219 1672 5274 Tho-

143 5322 227 5362 m
282 5315 492 5379 exponit
541 5311 664 5379 2-2,
704 5329 755 5383 q.
804 5314 890 5378 19,
937 5321 1041 5366 art.
1094 5311 1148 5366 4.
1210 5310 1335 5363 Vide
1399 5310 1677 5364 concilium

147 5396 263 5455 Tridt
287 5421 415 5459 sess.
442 5419 516 5468 vi,
543 5423 590 5460 c.
621 5407 655 5461 6
683 5418 728 5461 et
752 5423 947 5461 canone
976 5406 1028 5461 8.
1059 5402 1132 5458 lta
1161 5402 1442 5473 Didytnum
1463 5410 1681 5456 accusat

149 5494 418 5550 notularum
451 5508 663 5552 auctor.
703 5498 808 5552 Sed
844 5497 999 5566 plane
1031 5496 1328 5558 immerito,
1382 5493 1482 5546 nisi
1531 5507 1680 5546 meus

1665 258 1796 316 ωε.
1839 291 1904 303 -·
1946 263 2073 320 LlB.
2119 263 2182 318 ll.
3209 264 3312 318 l82

1671 384 1718 439 Α
1747 395 1832 434 me
1861 381 1992 435 fallit
2015 396 2166 436 amor
2193 396 2294 432 non
2327 379 2558 451 Didymi,
2584 375 2678 434 sed
2709 379 2970 433 veritatis.
3001 377 3130 444 Quis
3165 380 3309 433 enim

1745 473 1810 525 de
1853 473 2044 528 timore
2079 473 2262 528 servili
2315 487 2592 542 perperam
2647 474 2882 527 sensisse
2929 471 3126 526 dixerit
3163 486 3308 533 eum,

1745 564 1835 633 qui
1869 574 1924 618 et
1948 565 2252 634 hujusmodi
2303 564 2547 618 timorem
2578 563 2759 618 utilem
2797 579 2916 618 esse
2949 563 3224 633 agnoscit,
3257 574 3311 615 et

1742 671 1863 710 eum
1914 656 2274 719 commendat,
2325 671 2387 709 ac
2429 658 2592 712 veluti
2637 657 3022 727 paedagogum,
3081 671 3188 725 quo
3242 654 3310 708 ad

1741 747 2060 801 charitatem
2113 747 2392 810 ducamur,
2442 749 2612 816 ipsum
2666 747 2866 801 habet?
2899 747 2990 816 qui
3043 757 3306 815 praeterea

1741 835 1888 890 illum
1921 838 2179 890 duntaxat
2207 853 2401 907 pmnze,
2443 849 2496 892 et
2525 839 2740 907 quidem
2772 836 3081 905 temporalis
3107 876 3122 900 ,
3160 835 3312 890 ιὶιιιο·

1744 943 1877 990 rem,
1921 943 2027 996 quo
2053 929 2174 998 quis
2216 932 2282 983 ab
2309 928 2483 984 oﬂicio
2516 931 2871 993 deterreatur,
2906 928 3182 997 explodit?
3221 927 3310 995 qui

1741 1019 1954 1072 domum
1983 1021 2299 1074 charitatem
2348 1022 2540 1076 timore
2575 1021 2754 1074 servili
2790 1019 3163 1088 perfectiorcm
3185 1059 3200 1083 ,
3245 1033 3310 1071 ac

1742 1109 2166 1176 prmstamiorem
2225 1109 2404 1163 ducit?
2450 1111 2528 1162 Ad
2565 1109 2676 1162 Inec
2708 1119 2884 1164 tamen
2930 1108 3110 1176 capita
3164 1105 3308 1160 redi-

1740 1209 1956 1266 guntur,
2015 1200 2064 1252 ni
2128 1199 2696 1269 l‘:.llor,.qumeunque
2750 1200 2816 1254 de
2875 1198 3052 1253 servili
3118 1198 3312 1252 timore

1741 1293 1919 1346 docuit
1969 1292 2246 1363 Didymus,
2304 1305 2396 1348 aut
2450 1305 2595 1349 certe
2642 1311 2762 1364 qum
2809 1293 2922 1361 ipse
2971 1291 3025 1345 in
3090 1289 3314 1360 Didyuto

1740 1382 2000 1438 hactenus
2025 1385 2320 1439 observavi.

1810 1471 1946 1527 Nam
1998 1475 2173 1541 primo
2214 1474 2330 1542 ejus
2379 1476 2586 1530 timoris
2617 1475 2903 1530 utilitatem
2961 1469 3204 1542 agnoscit
3260 1469 3312 1523 in

1741 1565 1878 1620 libro
1903 1565 2163 1621 Adversus
2193 1567 2513 1621 Manichwos
2547 1584 2664 1635 cap.
2710 1567 2798 1632 17,
2845 1566 2931 1619 ubi
2966 1565 3083 1620 ιιτειι
3109 1563 3270 1617 habet
3298 1581 3311 1614 :

1745 1656 1908 1721 Quem
1938 1659 2077 1710 enim
2107 1675 2345 1726 peccasse
2377 1661 2609 1726 ρωιιὶιει,
2635 1659 2750 1710 ideo
2785 1657 3024 1722 paenitet,
3058 1665 3111 1707 ut
3141 1653 3202 1705 ab
3233 1654 3315 1704 ira

1743 1748 1794 1799 in
1827 1758 2093 1815 peccantes
2141 1749 2322 1818 futura
2360 1749 2554 1818 fugiat,
2608 1765 2709 1802 non
2761 1747 2985 1814 amplius
3032 1746 3308 1815 peccando.

1745 1838 2002 1894 Eumdem
2057 1841 2398 1894 commendat
2457 1840 2507 1893 in
2569 1839 2655 1893 illa
2718 1838 3105 1901 Enarratione,
3153 1847 3314 1902 quam

1742 1932 1912 1998 Carpit
1955 1941 2282 1986 memoratus
2327 1931 2630 1985 notularum
2680 1941 2887 1984 auctor.
2926 1928 3056 1982 Nam
3096 1929 3162 1980 ad
3192 1941 3314 1992 cap.

1741 2022 1794 2085 4,
1829 2037 1945 2092 pag.
1976 2021 2062 2084 66,
2089 2038 2361 2090 exponens
2394 2023 2506 2076 lucc
2526 2023 2682 2076 verba
2718 2038 2731 2074 :
2765 2020 2823 2074 Si
2853 2032 3018 2073 autem
3054 2019 3258 2071 initium
3282 2033 3315 2068 a

1743 2119 1910 2181 nobis,
1959 2117 2071 2184 quis
2099 2115 2219 2183 finis
2254 2131 2454 2180 eorum,
2483 2117 2570 2184 qui
2617 2132 2715 2168 non
2744 2111 2962 2167 credunt
3009 2111 3100 2164 Dei
3144 2108 3317 2162 Evan-

1743 2208 1873 2278 gelio
1908 2209 1992 2260 "‘l
2039 2207 2130 2260 Sic
2177 2206 2455 2274 loquitur:
2495 2203 2596 2258 Per
2653 2206 2770 2268 hoc,
2827 2212 3127 2264 certamen,
3178 2201 3316 2253 ntul-

1744 2313 1953 2370 tumque
1998 2300 2233 2352 timorem
2283 2297 2523 2365 fidelibus
2579 2298 2779 2365 infert,
2849 2305 3104 2364 quatenus
3167 2302 3318 2346 caute

1745 2393 1938 2445 discent
1958 2389 2215 2460 judicent,
2248 2389 2317 2440 ad
2350 2403 2498 2456 quem
2535 2387 2722 2438 habere
2748 2393 2984 2451 poterunt
3010 2383 3119 2435 sine
3158 2381 3312 2436 dubic

1748 2484 2020 2536 rationem.
2055 2478 2166 2534 llos
2207 2496 2327 2549 ergo
2357 2480 2611 2542 excitans,
2653 2479 2720 2529 ad
2767 2477 3004 2528 timorem
3042 2474 3153 2541 ejus
3185 2473 3319 2525 iuvi-

1747 2584 1842 2637 tat,
1869 2573 2066 2636 dicens,
2108 2586 2210 2623 non
2247 2569 2509 2622 credentes
2546 2567 2733 2620 divina
2763 2566 3016 2618 doctrina:
3049 2561 3320 2614 inevitabi-

1748 2665 1844 2718 lem
1890 2675 1936 2717 et
1971 2661 2389 2716 indeclinabilem
2417 2668 2743 2724 suscepturus
2779 2658 2971 2709 scilicet
3016 2654 3264 2706 ultionem
3297 2691 3311 2704 .

1749 2773 1901 2829 quam
1942 2757 2100 2810 ﬁnem
2131 2770 2310 2808 eorum
2343 2751 2652 2806 nominavit.
2710 2749 2980 2802 Timorem
3027 2741 3318 2818 [XXXIX]

1751 2865 1877 2902 vero
1915 2849 2055 2901 hunc
2085 2847 2237 2915 quasi
2275 2845 2627 2914 paedagogum
2659 2839 2966 2909 quemdam,
2995 2853 3100 2906 quo
3129 2836 3194 2890 ad
3223 2835 3317 2889 Dei

1753 2955 1989 2992 antorem
2049 2938 2329 2998 ducamur,
2385 2932 2642 2988 describit
2691 2933 2742 2985 in
2803 2931 3124 2999 fragmento,
3184 2927 3323 2995 quod

1753 3032 1878 3085 olim
1914 3029 2172 3098 exscripsi
2243 3043 2306 3081 ex
2341 3041 2464 3096 pag.
2511 3024 2580 3078 92
2633 3021 2959 3076 metnliranei
3011 3018 3212 3073 codicis
3253 3016 3323 3072 23

1750 3124 2084 3180 bibliotheca:
2115 3119 2327 3174 Veneta:
2360 3118 2416 3172 S.
2451 3117 2613 3170 Marci
2658 3115 2813 3186 paulo
2835 3123 2959 3166 ante
2997 3126 3325 3166 commemo-

1677 3074 1719 3132 C

1754 3219 1878 3272 rati.
1905 3215 2109 3270 Etenim
2148 3212 2452 3267 Salomonis
2481 3209 2664 3271 verba,
2696 3204 2861 3276 φοϐοῦ
2884 3205 2939 3256 δὲ
2966 3203 3057 3256 τὸν
3095 3202 3320 3274 Κύριον,
3412 3252 3418 3257 ,

1755 3309 1807 3362 id
1837 3317 1942 3372 est,
1976 3308 2098 3360 time
2128 3313 2302 3358 autem
2331 3304 2637 3367 Dominum,
2673 3318 2792 3372 qua:
2832 3309 3044 3356 exstant
3088 3298 3138 3350 iu
3166 3297 3326 3350 Prov.

1755 3413 1838 3462 ιιι,
1869 3398 1920 3461 7,
1954 3396 2030 3449 sic
2065 3395 2133 3448 ibi
2162 3395 2547 3463 interpretatur
2579 3411 2592 3446 :
2619 3390 2788 3445 Φόϐου
2815 3408 2898 3454 τις
2924 3387 3132 3460 Κυρίου
3162 3403 3328 3438 κατα-

1756 3486 1967 3560 φρονῶν
2000 3485 2103 3556 πρὸ
2131 3487 2230 3555 τῆς
2262 3484 2472 3548 τελείας
2511 3483 2727 3554 ἀγάπης
2757 3482 2854 3554 τῆς
2885 3479 2987 3545 ἔξω
3033 3475 3329 3544 θαλλούσης

1756 3578 1844 3632 τὸν
1887 3576 2082 3647 φόϐον,
2131 3575 2191 3628 οὐ
2224 3577 2482 3646 κτήσεται
2523 3574 2760 3644 ταύτηνο
2813 3572 2933 3624 οὐδὲ
2985 3569 3179 3640 φθάσει
3232 3567 3329 3638 τὴν

1756 3671 2064 3740 τελειότητα
2099 3669 2172 3740 μὴ
2207 3667 2643 3738 παιδαγωγηθεὶς
2667 3666 2744 3737 τῷ
2776 3666 2929 3738 φόϐῳ
2951 3665 3208 3718 κωλύοντι
3235 3662 3328 3715 τοῦ

1758 3759 1930 3816 κακοῦ
1957 3760 2054 3832 τὴν
2078 3761 2380 3831 ἐνέργειαν.
2419 3759 2555 3812 Μεθ’
2581 3759 2639 3812 ὃν
2677 3761 2710 3831 ἡ
2745 3759 2931 3828 ἀγάπη
2963 3758 3225 3828 προσάγει
3253 3755 3331 3826 τῷ

1760 3851 2025 3924 κρείττονι
2057 3867 2116 3904 τε
2165 3849 2259 3903 καὶ
2289 3846 2498 3919 ἀγαθῷ.
2543 3846 2645 3913 Qui
2687 3847 2782 3901 Dei
2833 3849 3092 3911 timorem,
3140 3845 3330 3914 inquit,

1761 3945 2059 4008 contemnit,
2113 3954 2390 4011 antequam
2442 3941 2726 4009 perfectam
2771 3938 3076 3992 charitatem
3121 3936 3328 3999 habeat,

1761 4052 1873 4106 qua:
1893 4035 2037 4104 foras
2066 4033 2223 4086 mittit
2245 4034 2504 4096 timorem,
2533 4033 2667 4085 hanc
2689 4047 2789 4084 non
2809 4039 3110 4099 assequetur
3133 4045 3149 4092 ;
3175 4043 3334 4097 neque

1763 4131 1830 4182 ad
1855 4125 2217 4197 perfectionem
2245 4125 2522 4194 perveniet,
2553 4123 2652 4177 nisi
2671 4123 2827 4176 timor
2849 4121 3000 4192 quasi
3021 4119 3334 4190 pwdngogus

1763 4219 1976 4291 quidam
2019 4234 2136 4272 eum
2191 4233 2223 4271 a
2270 4217 2614 4286 perpetrando
2672 4214 2812 4268 malo
2869 4212 3171 4282 prohibeat;
3221 4219 3334 4279 post

1766 4313 2001 4365 timorem
2039 4325 2156 4363 vero
2195 4309 2423 4362 cltaritas
2470 4307 2538 4360 ad
2585 4306 2638 4360 id
2688 4304 2824 4375 quod
2873 4302 3205 4373 prcestantius
3258 4311 3334 4354 est

1689 4401 1908 4492 D[vel,
1968 4403 2036 4455 ad
2091 4399 2314 4472 Deum],
2372 4408 2421 4453 et
2463 4398 2531 4452 ad
2577 4399 2767 4451 bonum
2825 4397 3062 4449 adducit.
3099 4393 3337 4463 Respicit

1767 4505 1945 4549 autem
1979 4494 2066 4547 hic
2108 4491 2363 4560 Didymus
2401 4488 2721 4544 versiculum
2762 4487 2827 4542 18
2861 4503 2981 4557 cap.
3023 4501 3076 4540 tv
3127 4487 3284 4554 epist.
3317 4483 3338 4537 ι

1762 4577 1982 4634 Joannis
2017 4595 2031 4631 :
2071 4575 2311 4645 Perfecta
2338 4576 2568 4629 clear-itas
2597 4573 2755 4625 mittit
2791 4572 2936 4641 foras
2969 4571 3228 4624 tintorem.

1836 4670 2037 4724 Deinde
2067 4669 2153 4722 ubi
2195 4668 2442 4722 timorem
2473 4665 2723 4720 servilem
2763 4661 3023 4732 deprimit
3048 4660 3328 4730 Didymus,

1767 4762 1837 4817 ibi
1876 4769 1969 4816 aut
2022 4759 2097 4814 illi
2150 4759 2471 4814 charitatem
2511 4755 2824 4825 anteponit,
2875 4761 2928 4804 ut
2980 4751 3032 4804 in
3082 4749 3219 4804 libro
3261 4749 3339 4802 De

1767 4854 1973 4923 Spiritu
2008 4860 2212 4915 sancto,
2255 4865 2406 4904 num.
2437 4847 2528 4912 42,
2567 4846 2654 4901 ubi
2691 4847 2804 4900 haec
2837 4843 3098 4914 legimus:
3144 4858 3162 4891 ι
3190 4841 3334 4894 Rur-

1774 4963 1891 5003 sum
1946 4944 2250 5000 rel'ocillans
2299 4956 2415 5006 eos,
2463 4949 2517 4994 et
2569 4936 2876 5000 consolans,
2921 4943 2973 4988 et
3026 4946 3334 5002 provocans

1775 5051 1994 5107 sperare
2022 5034 2276 5098 meliora;
2310 5032 2504 5100 quibus
2529 5029 2868 5098 loquebatur,
2899 5026 3011 5080 ait:
3047 5022 3170 5078 Non
3202 5024 3339 5078 enim

1773 5127 2042 5194 accepistis
2091 5126 2281 5178 iterum
2331 5125 2570 5193 spiritum
2617 5119 2880 5175 servitutis
2930 5119 2985 5172 in
3027 5119 3240 5180 timore,
3291 5116 3344 5169 id

1774 5228 1886 5283 est,
1933 5232 2039 5272 nou
2093 5215 2446 5270 similitudine
2497 5227 2813 5275 servorum,
2862 5221 3003 5265 metu
3042 5219 3096 5265 et
3136 5219 3344 5262 terrore

1777 5323 2060 5380 pcenarum
2091 5321 2187 5360 vos
2221 5303 2504 5358 abstinetis
2531 5319 2560 5358 a
2588 5303 2760 5367 vitiis,
2788 5303 2913 5370 quia
2945 5302 3155 5356 habetis
3188 5298 3342 5353 vobis

1781 5401 1963 5454 datmn
2006 5413 2034 5450 a
2072 5397 2227 5451 Patre
2267 5396 2528 5465 Spiritum
2580 5394 2912 5466 adeptionis,
2947 5395 2998 5448 id
3037 5403 3121 5448 est
3167 5390 3344 5460 Spiri-

1781 5499 1892 5544 tum
1920 5499 2186 5545 sanctum.
2217 5509 2236 5542 ι
2274 5490 2380 5542 Αιιι
2410 5487 2477 5543 de
2509 5488 2707 5544 timore
2735 5487 2992 5557 loquitur,
3026 5483 3116 5554 qui
3145 5483 3348 5550 injuste

205 5691 244 5722 "
266 5691 481 5763 Philipp.
517 5709 597 5761 ιιι,
629 5692 716 5746 20.
789 5692 832 5723 ⁸⁸
871 5692 1008 5747 l’s;d.
1041 5708 1181 5758 sui,
1213 5692 1295 5748 l5.
1370 5692 1412 5723 "
1441 5690 1626 5746 lPetr.
1657 5705 1727 5756 tv,
1763 5689 1848 5744 l7.
