3774 6306
358 277 455 330 183
1758 280 1850 333 DE
1890 282 1940 334 Dl

2070 283 2143 337 th
3520 281 3648 337 184

353 395 419 446 ab
468 392 783 448 hominibus
834 394 1125 459 injiciatur,
1174 406 1224 448 ul
1277 412 1375 451 nos
1427 399 1490 450 ab
1525 395 1707 451 olIicio.
1751 398 1931 451 deter-
1960 404 2005 460 Α
2038 398 2181 470 [XL]
2226 399 2490 452 duntaxat
2533 397 2790 466 Didymus
2836 394 3103 464 improbet
3132 396 3461 464 passibilem,
3502 398 3644 453 sive

354 493 529 540 t-eant.
576 482 654 538 Ita
709 488 767 539 in
812 487 1001 539 eadem
1040 486 1419 551 Enarratione,
1463 491 1549 542 cui
1606 489 1787 542 notula
1842 489 1929 542 illa
2036 490 2279 562 ἐμπαθῆ,
2326 506 2389 545 ac
2442 491 2507 544 de
2561 488 2651 543 illo
2686 488 2877 541 timore
2915 490 3284 542 tantummodo
3332 487 3637 557 loquatur,

353 575 598 641 apposita
648 587 769 639 est,
823 591 944 645 cap.
971 576 1025 641 5,
1062 592 1182 646 pag.
1226 578 1325 644 64,
1377 582 1465 634 ubi
1516 579 1661 634 Petri
1713 580 1927 635 verba:
2034 598 2139 651 quo
2197 582 2335 637 servi
2389 583 2637 636 dominos
2682 580 2832 648 juxta
2882 580 3192 649 Apostolum
3259 582 3447 636 timere
3518 581 3639 636 de-

354 666 516 733 Cujus
548 669 672 722 estis
704 668 852 736 ﬁliae,
884 670 1005 722 bene
1038 670 1308 738 facientes,
1345 689 1436 724 nec
1485 674 1717 725 timentes
1761 671 1927 725 ullam
2036 675 2198 739 bent,
2245 682 2336 728 aut
2382 689 2489 728 non
2541 674 2775 727 timere:
2824 686 3009 725 revera
3058 673 3200 726 enim
3252 686 3353 725 non
3395 682 3638 741 propter

353 761 789 823 perturbationem
826 761 892 826 ’³,
942 764 1194 826 explanat
1242 764 1293 816 in
1340 764 1482 817 hunc
1531 765 1792 818 modum:
1833 762 1931 816 In-
2034 767 2264 828 uerbera,
2308 764 2400 819 sed
2439 773 2647 834 propter
2693 760 2959 816 Christum
3012 760 3172 816 heros
3216 761 3357 819 servi
3413 762 3634 816 timere

356 850 481 902 vitat
519 852 783 915 mulieres,
820 869 910 920 per
948 853 1081 906 bona
1130 870 1284 922 opera
1334 864 1550 908 matrem
1588 856 1776 908 habere
1824 855 1931 910 Sa-

358 956 489 1006 rnm,
517 952 565 995 et
593 960 747 1009 super
775 945 948 997 omnia
983 946 1285 1007 consistere,
1320 961 1411 997 nec
1459 944 1647 999 habere
1690 946 1929 998 timorem

356 1034 541 1097 illum,
582 1049 731 1101 quem
777 1035 1158 1087 rationabiliter
1209 1035 1440 1103 perfecta
1490 1034 1722 1087 charitas
1773 1036 1932 1088 mittit

352 1126 529 1192 foras;
556 1127 799 1194 quoniam
824 1142 985 1193 pcena:
1020 1130 1184 1193 magis
1204 1137 1299 1191 est,
1325 1144 1425 1179 non
1457 1125 1568 1179 Dei.
1613 1126 1764 1179 Ilunc
1796 1129 1929 1179 enim

353 1233 445 1284 per
491 1219 664 1270 omnia
696 1216 900 1270 divinus
948 1218 1207 1271 interdicit
1247 1235 1435 1283 sermo,
1481 1218 1677 1271 alicubi
1723 1219 1931 1287 quidem

353 1309 527 1360 dicens
551 1323 571 1361 :
600 1324 616 1355 ι
643 1307 769 1371 Quis
793 1317 888 1369 est,
918 1316 972 1358 ut
1002 1308 1186 1361 timeas
1209 1310 1469 1361 hominem
1510 1309 1780 1362 mortalem
1799 1310 1879 1361 '9?
1902 1327 1920 1359 ι

352 1400 543 1454 alicubi
578 1410 748 1453 autem
773 1415 791 1452 :
814 1418 832 1450 ι
864 1397 1044 1452 Nolite
1084 1400 1260 1453 timere
1289 1417 1373 1453 eos
1404 1402 1492 1464 qui
1534 1401 1775 1454 occidunt
1810 1418 1927 1454 cor-

350 1508 447 1557 pus
474 1491 557 1558 ³⁶;
586 1511 603 1543 ι
636 1504 682 1543 et
717 1490 822 1543 alia
860 1493 938 1543 his
982 1492 1171 1544 uicina.
1208 1490 1272 1543 Et
1327 1492 1469 1561 apud
1509 1489 1773 1545 Joannem
1826 1490 1931 1544 Da-

354 1598 663 1637 tnaseenum
693 1583 744 1635 in
784 1582 1065 1635 l’arallelis
1096 1598 1217 1653 pag.
1245 1581 1370 1647 507,
1414 1582 1485 1635 ita
1522 1583 1759 1651 loquitur
1788 1583 1926 1636 idem

354 1671 650 1742 Didymus:
685 1671 830 1726 Fieri
858 1689 959 1726 non
990 1683 1179 1741 potest,
1212 1682 1266 1726 ut
1293 1674 1382 1741 qui
1413 1690 1525 1727 uere
1567 1677 1706 1727 timet
1740 1674 1926 1738 Deum,

2032 856 2246 908 debent.

2105 946 2234 1000 CAP.
2256 945 2505 1001 lV.-De
2536 946 2759 1001 hominis
2790 945 2979 1015 spiritu
3011 944 3075 997 ab
3103 944 3282 998 anima
3306 943 3539 996 diuersa.

2108 1037 2386 1108 Didymum
2418 1038 2689 1104 redarguit
2721 1037 3031 1093 Gennadius
3065 1038 3116 1089 in
3162 1036 3299 1090 libro
3328 1034 3401 1089 De
3438 1033 3628 1089 eccle-

2033 1129 2260 1181 siasticis
2304 1130 2650 1198 dogmatibus,
2684 1130 2825 1199 quod
2853 1131 3060 1182 tertium
3086 1130 3141 1182 in
3175 1127 3469 1181 substantia
3508 1125 3624 1179 lto-

2034 1220 2186 1273 minis
2224 1222 2463 1289 spiritum
2503 1222 2817 1275 admiserit:
2852 1221 2941 1274 sed
2981 1221 3214 1288 spiritus,
3250 1218 3442 1288 inquit,
3490 1218 3621 1285 ipsa

2033 1322 2104 1363 est
2139 1311 2339 1375 anima,
2365 1328 2458 1380 pro
2487 1311 2713 1378 spiritali
2742 1322 2952 1376 natura,
2982 1311 3059 1366 uel
3085 1328 3179 1380 pro
3198 1327 3257 1365 eo
3279 1311 3416 1381 quod
3442 1310 3619 1379 spiret

2031 1403 2086 1455 in
2119 1418 2350 1471 corpore,
2376 1403 2592 1471 spiritus
2616 1401 2928 1474 appellatus.
2961 1402 3159 1472 [teipsa
3188 1418 3314 1457 vero
3342 1403 3441 1457 etsi
3479 1416 3617 1457 cum

2033 1493 2084 1547 in
2108 1493 2241 1547 libro
2252 1495 2381 1547 Adv.
2398 1493 2735 1560 Manichwos,
2754 1504 2862 1547 tum
2885 1494 2935 1547 in
2953 1493 3088 1549 libro
3103 1493 3385 1562 DeSpiritu
3401 1502 3617 1555 sancto,

2034 1601 2181 1638 num.
2208 1585 2278 1639 54
2307 1586 2551 1640 docuerit
2585 1586 2862 1657 Didymus,
2907 1585 3170 1640 vocabulo
3215 1584 3436 1655 spiritus
3488 1584 3621 1637 ani-

2034 1693 2172 1730 mam
2220 1677 2486 1733 interdum
2523 1678 2844 1749 signiﬁcari;
2879 1680 3005 1748 quin
3041 1686 3216 1731 tamen
3273 1678 3371 1730 tria
3408 1677 3525 1747 ipse
3557 1677 3616 1729 iit

358 1767 691 1819 meticulosus
732 1767 820 1829 sit,
848 1782 965 1820 cum
1001 1768 1195 1820 dictum
1232 1768 1435 1835 fuerit:
1475 1786 1494 1818 ι
1528 1767 1727 1822 Prteter
1759 1768 1923 1831 ipsum
1959 1739 2001 1792 Β
2031 1769 2245 1825 homine
2283 1769 2621 1835 distinxerit,
2668 1784 2886 1841 corpus,
2944 1770 3178 1824 animam
3226 1779 3279 1824 et
3316 1769 3571 1838 Spiritum
3596 1808 3613 1832 ,

357 1874 418 1911 tte
443 1859 626 1912 timeas
649 1861 833 1914 alium.
859 1878 878 1911 ι

425 1950 554 2017 Qua:
588 1967 708 2005 cum
747 1951 819 2005 ita
869 1952 1000 2015 sint,
1033 1958 1255 2021 apparet
1295 1951 1430 2022 jam,
1463 1961 1519 2005 ut
1569 1965 1712 2019 reor,
1744 1951 1928 2004 rectis-

356 2042 488 2097 sime
520 2041 802 2113 Didymum
833 2043 898 2097 de
933 2044 1125 2098 timore
1173 2044 1352 2098 servili
1396 2043 1633 2097 locutum
1680 2058 1826 2096 esse.
1860 2042 1928 2093 At

359 2149 462 2188 non
498 2135 571 2188 ita
611 2134 868 2203 loquitur,
904 2136 1133 2204 inquies,
1172 2136 1223 2189 in
1260 2135 1401 2199 loco,
1431 2150 1588 2205 quem
1624 2134 1926 2189 notularutn

356 2236 547 2281 auctor
581 2228 947 2295 reprehendit.
977 2228 1281 2297 Antequam
1322 2229 1707 2296 respondeam,
1749 2241 1812 2279 ac
1854 2226 1930 2279 Io-

359 2334 480 2371 cum
530 2318 707 2386 ipsum
764 2318 1024 2383 afferam,
1074 2320 1180 2375 duo
1230 2320 1664 2374 animadvertere
1716 2330 1951 2373 necesse

358 2421 483 2465 est:
516 2412 691 2479 primo
741 2412 1122 2468 Euarrationes
1172 2413 1292 2467 illas
1338 2428 1457 2468 esse
1501 2428 1605 2466 non
1657 2413 1815 2465 modo
1850 2410 1932 2463 in-

360 2503 641 2572 eleganter
689 2519 977 2559 conversas
1027 2519 1057 2559 e
1098 2503 1326 2569 Graeco,
1371 2519 1556 2559 verum
1609 2503 1774 2557 etiam
1821 2502 1934 2556 sive

364 2596 563 2651 vetusti
621 2598 999 2665 amanuensis,
1042 2598 1155 2652 sive
1206 2595 1659 2669 typographorum
1704 2594 1933 2659 incuria,

362 2683 475 2737 sive
508 2684 612 2738 alia
648 2686 711 2739 de
743 2699 929 2753 causa,
966 2686 1175 2740 mendis
1210 2686 1479 2740 refertas:
1519 2686 1656 2738 hanc
1691 2683 1873 2751 itaque
1904 2697 1935 2736 a

364 2774 563 2831 lectore
610 2781 819 2834 veniam
884 2793 1038 2852 peto,
1092 2793 1153 2837 ut
1207 2798 1327 2836 enm
1387 2782 1560 2835 locum
1618 2797 1647 2834 a
1701 2796 1787 2835 me
1833 2795 1937 2835 non

364 2872 739 2927 ostentationis
771 2889 954 2938 causa,
996 2876 1089 2929 sed
1138 2877 1277 2944 quod
1323 2876 1394 2928 ita
1430 2876 1725 2928 necessitas
1771 2872 1938 2934 ferat,

365 2962 707 3017 emendatum
748 2965 927 3021 afferri
986 2968 1240 3037 patiatur.
1290 2967 1491 3020 Deinde
1536 2980 1677 3035 smpe
1730 2965 1943 3020 contin-

2028 1858 2261 1911 dubitari
2299 1859 2503 1928 nequit.
2545 1857 2611 1914 Ut
2654 1860 2796 1913 enim
2834 1859 2953 1913 libri
3006 1876 3066 1913 ιιι
3102 1860 3176 1911 De
3217 1856 3489 1921 Trinitate,
3522 1872 3620 1911 ca-

2030 1960 2121 2020 put
2160 1951 2223 2005 ’51
2284 1951 2727 2021 praetermittam,
2775 1952 2862 2005 ubi
2922 1950 3245 2005 sententiam
3300 1949 3614 2019 hujusmodi

2030 2042 2227 2098 indicat
2258 2043 2455 2111 potius,
2473 2057 2631 2112 quam
2660 2043 3031 2112 amplectitur;
3062 2042 3398 2111 apertissime
3428 2054 3529 2109 pro
3549 2054 3618 2095 ea

2031 2146 2223 2205 pugnat
2257 2135 2309 2189 in
2337 2134 2473 2189 libro
2504 2134 2579 2187 De
2607 2133 2807 2201 Spiritu
2831 2147 3033 2199 sancto,
3060 2150 3207 2187 num.
3227 2134 3315 2198 54,
3340 2132 3409 2188 55
3435 2141 3488 2187 et
3520 2132 3615 2196 59,

2030 2229 2381 2296 eamdemque
2425 2228 2710 2281 manifesto
2759 2227 2995 2280 admittit
3030 2229 3168 2296 apud
3201 2225 3515 2279 Corderium
3555 2223 3614 2278 in

2032 2323 2226 2375 (latenti
2257 2319 2321 2372 ad
2358 2334 2495 2373 vers.
2554 2317 2619 2371 Li
2652 2317 2838 2387 psalmi
2870 2333 2919 2383 ι,
2951 2315 3241 2387 pag.1002
3268 2333 3280 2369 :
3310 2314 3509 2367 etenim
3556 2313 3615 2368 in

2035 2413 2225 2469 Psahis
2267 2412 2466 2474 verbis,
2498 2408 2700 2476 Spiritu
2730 2408 3006 2477 principali
3039 2405 3291 2474 conﬁrma
3324 2422 3421 2470 me,
3455 2404 3617 2459 intel-

2036 2504 2126 2573 ligi
2155 2517 2307 2572 posse
2332 2502 2400 2555 ait
2444 2500 2659 2554 nomine
2686 2498 2903 2567 spiritus
2928 2506 3019 2550 aut
3048 2496 3305 2563 Spiritum
3341 2503 3614 2559 sanctum,

2039 2606 2125 2649 aut
2153 2595 2213 2647 τδ
2240 2592 2331 2646 τοῦ
2366 2590 2652 2663 ἀνθρώπου
2681 2588 2936 2660 (πνεῦμα)
2976 2588 3035 2640 τὸ
3065 2590 3122 2640 ὲν
3157 2584 3305 2655 αὑτῷ
3342 2584 3529 2654 ἕτερον
3554 2582 3616 2636 ὃν

2038 2684 2138 2754 τῆς
2166 2682 2260 2737 τοῦ
2288 2681 2577 2751 ἀνθρώπου
2630 2680 2838 2750 ψυχῆς,
2874 2679 2924 2733 id
2963 2687 3043 2731 est
3076 2676 3299 2729 hominis
3348 2675 3611 2743 spiritum,

2040 2777 2129 2847 qui
2156 2780 2208 2829 in
2239 2778 2349 2842 ipso
2383 2785 2477 2839 est,
2507 2772 2569 2825 ab
2604 2773 2826 2825 hominis
2858 2770 3036 2824 anima
3067 2769 3391 2822 distinctum.

2114 2869 2181 2921 At
2236 2866 2499 2921 sententia
2562 2862 2867 2931 huiusmodi
2935 2876 3040 2914 non
3099 2859 3376 2914 Genuadio
3437 2856 3615 2912 solum

2046 2960 2346 3027 displicuit,
2394 2958 2485 3012 sed
2530 2966 2584 3010 et
2636 2966 2827 3009 sancto
2878 2953 3079 3008 doctori
3122 2951 3372 3015 Titontaz,
3418 2951 3509 3019 qui
3563 2951 3616 3002 in

366 3070 493 3125 gere
526 3059 816 3112 notandum
846 3069 946 3121 est,
983 3072 1042 3113 ut
1072 3062 1124 3113 in
1158 3060 1382 3114 vetustis
1414 3058 1743 3111 membranis
1782 3071 1941 3110 voces
1968 3082 2011 3137 ο
2048 3051 2440 3120 Explanatione
2472 3048 2535 3113 Ii,
2556 3048 2723 3100 islolte
2766 3043 2792 3097 1
2830 3042 2985 3098 Pauli
3020 3043 3088 3096 ad
3120 3041 3353 3096 Thessal.
3383 3042 3448 3095 ad
3502 3041 3617 3093 haec

367 3146 506 3201 Deus
560 3162 623 3203 ac
652 3148 908 3203 Dominus
945 3152 1083 3204 inter
1128 3165 1186 3204 se
1224 3148 1645 3212 confundantur,
1678 3148 1939 3217 quemad-

367 3237 584 3290 modum
618 3248 814 3292 norunt
846 3241 932 3308 qui
967 3240 1019 3293 in
1056 3240 1122 3293 iis
1156 3240 1355 3293 versati
1391 3247 1551 3305 sunt;
1590 3239 1695 3292 imo
1747 3238 1941 3306 saepius

368 3327 567 3382 factum
597 3344 736 3395 esse,
772 3341 832 3385 ut
865 3333 953 3386 ubi
989 3334 1317 3387 membrana:
1361 3330 1632 3384 habebant
1665 3329 1938 3393 Dominus,

369 3421 694 3490 typographi
726 3422 1102 3492 impresserint
1134 3422 1298 3488 Deus,
1337 3434 1391 3477 et
1432 3422 1704 3475 viceversa
1740 3438 1754 3475 :
1801 3420 1943 3490 quod

371 3517 809 3584 compendiarias
837 3519 1119 3588 utriusque
1142 3519 1288 3574 vocis
1311 3519 1609 3588 scripturas
1641 3517 1805 3586 probe
1836 3532 1862 3569 a
1887 3531 1944 3571 se

371 3607 603 3663 invicem
636 3626 738 3664 non
779 3624 1145 3669 secernerent.
1189 3611 1284 3666 His
1328 3611 1595 3665 aduotatis
1627 3610 1833 3679 Didymi
1867 3609 1945 3663 lo-

375 3712 493 3751 cum
526 3702 793 3757 exscribo.
827 3701 1123 3772 Propositis
1150 3703 1330 3770 itaque
1362 3701 1504 3756 Petri
1540 3700 1718 3755 verbis
1746 3718 1759 3754 :
1796 3697 1946 3753 Servi

376 3787 578 3844 obedite
608 3807 723 3844 cum
757 3794 899 3846 omni
933 3796 1119 3847 timore
1161 3792 1386 3845 dominis
1418 3791 1596 3845 vestris
1619 3789 1685 3853 ³³,
1717 3801 1847 3848 etc..
1874 3787 1943 3841 ita

377 3879 609 3948 loquitur
639 3882 919 3953 theologus
953 3895 1134 3937 noster
1160 3902 1173 3937 :
1203 3881 1323 3936 Non
1360 3881 1657 3951 passibilem
1710 3878 1947 3932 timorem

376 3986 545 4024 servos
586 3971 775 4026 habere
813 3975 1047 4043 pra'cipit
1087 3974 1226 4042 apud
1271 3974 1547 4035 dominos;
1583 3970 1665 4024 hic
1697 3975 1832 4022 enim
1870 3969 1944 4019 ir-

377 4061 727 4124 rationabilis,
758 4073 805 4115 et
837 4064 905 4115 ad
937 4065 1325 4118 irrationabilia
1361 4062 1673 4116 constitutus
1703 4071 1815 4123 est;
1856 4058 1949 4112 sed

378 4166 493 4203 eum
537 4152 625 4221 qui
670 4169 787 4206 cum
831 4155 1133 4224 disciplina,
1163 4163 1210 4208 et
1248 4165 1383 4208 recta
1431 4153 1633 4205 ratione
1677 4150 1949 4211 consistit;

378 4240 527 4310 cujus
574 4244 842 4310 proprium
893 4253 968 4297 est
1020 4244 1324 4298 reverentia.
1379 4241 1481 4307 Qui
1536 4241 1675 4295 enim
1743 4249 1951 4307 propter

379 4332 647 4386 Christum
684 4345 730 4387 et
764 4336 1055 4388 doctrinam
1085 4335 1197 4405 ejus
1239 4336 1404 4388 Deum
1459 4334 1577 4404 (pro
1612 4332 1775 4386 Deum
1824 4340 1951 4397 pum

2043 3147 2204 3201 verba
2224 3143 2266 3174 ³³
2296 3160 2310 3196 :
2338 3139 2400 3194 Ut
2435 3140 2628 3209 integer
2656 3138 2870 3204 spiritus
2900 3144 3086 3197 vester,
3118 3146 3163 3186 et
3193 3135 3390 3199 anima,
3417 3143 3463 3184 et
3498 3148 3617 3184 cor-

2041 3257 2137 3311 pus
2156 3276 2171 3291 .
2200 3276 2214 3291 .
2243 3275 2256 3290 .
2287 3274 2300 3288 .
2337 3245 2586 3293 servetur,
2616 3230 2693 3283 sic
2724 3229 2958 3296 loquitur
2987 3244 3003 3282 :
3038 3225 3322 3279 Occasione
3347 3225 3614 3277 verborum

2044 3333 2264 3385 istorum
2294 3327 2537 3379 dixerunt
2582 3322 2818 3393 quidam,
2848 3321 2985 3388 quod
3023 3319 3078 3371 in
3112 3317 3319 3370 homine
3366 3315 3512 3369 aliud
3542 3326 3617 3368 est

2044 3423 2281 3492 spiritus,
2317 3429 2364 3472 et
2418 3416 2563 3469 aliud
2603 3415 2816 3476 animo;
2853 3421 3093 3478 ponentes
3135 3411 3268 3463 duas
3312 3409 3368 3461 in
3409 3407 3617 3461 homine

2046 3517 2249 3568 animas
2273 3525 2292 3564 :
2323 3525 2479 3564 unam
2513 3524 2629 3578 (μίαν
2675 3505 2908 3569 animat,
2945 3504 3104 3557 aliam
3147 3518 3263 3571 qute
3328 3500 3614 3554 ratiocina-

2048 3618 2152 3661 tur.
2182 3602 2247 3657 Et
2285 3604 2395 3657 haec
2441 3608 2563 3655 sunt
2605 3598 2877 3667 reprobata
2903 3599 2957 3649 in
2992 3592 3373 3648 Ecclesiasticis
3410 3594 3616 3659 dogma-

2047 3696 2211 3750 tibus.
2246 3692 2396 3748 Unde
2455 3689 2726 3744 sciendum
2773 3686 2909 3749 quod
2948 3686 3058 3739 ha'c
3094 3700 3195 3738 non
3247 3683 3491 3752 differunt
3539 3697 3616 3734 se-

2048 3789 2280 3843 cundum
2340 3784 2647 3847 essentiam,
2710 3782 2798 3834 sed
2865 3780 3146 3834 secundum
3195 3775 3500 3845 potentiam.
3549 3771 3613 3825 In

2049 3880 2224 3932 anima
2263 3876 2403 3931 enim
2460 3882 2637 3927 nostra
2686 3879 2807 3925 sunt
2855 3870 3095 3941 quaedam
3145 3869 3306 3933 uires,
3346 3882 3461 3935 qua:
3496 3873 3613 3917 sunt

2051 3981 2194 4024 actus
2229 3966 2580 4036 corporalium
2636 3978 2984 4032 organorum,
3029 3961 3163 4014 sicut
3217 3966 3338 4012 sunt
3382 3956 3614 4025 patentia

2051 4061 2308 4115 sensitiva:
2340 4059 2526 4127 partis.
2565 4057 2696 4109 Alia:
2733 4064 2853 4108 sunt
2896 4068 3013 4122 qute
3053 4068 3156 4104 non
3199 4060 3316 4103 sunt
3355 4060 3500 4100 actus
3534 4058 3613 4098 ta-

2053 4154 2185 4206 lium
2234 4165 2579 4219 organorum,
2615 4151 2703 4201 sed
2747 4157 2865 4199 sum
2914 4146 3194 4197 abstractae
3241 4141 3306 4193 ab
3351 4142 3445 4203 eis,
3485 4139 3613 4192 sicut

2052 4253 2173 4297 sunt
2236 4242 2477 4310 potentia:
2526 4238 2848 4292 intellectivcc
2892 4236 3055 4304 partis
3098 4250 3116 4289 :
3159 4243 3206 4288 et
3256 4233 3338 4286 ha:
3377 4232 3617 4283 dicuntur

2053 4332 2288 4401 spiritus,
2310 4330 2458 4399 quasi
2493 4326 2885 4389 immateriales,
2912 4335 2960 4378 et
2988 4333 3242 4393 separata:
3271 4321 3441 4389 aliqua
3468 4320 3615 4370 modo

380 4426 640 4492 scriptum
686 4425 851 4480 fuisse
889 4427 939 4480 in
984 4428 1309 4480 membranis
1341 4428 1630 4487 dominum,
1667 4424 1715 4476 id
1759 4433 1841 4476 est
1872 4420 1954 4474 he-
1985 4415 2027 4470 Ι)
2056 4440 2088 4475 a
2117 4436 2352 4491 corpore,
2393 4421 2449 4472 in
2494 4428 2744 4488 quantum
2794 4432 2897 4469 non
2936 4423 3057 4469 sunt
3094 4422 3242 4466 actus
3279 4410 3546 4479 corporis:
3570 4418 3615 4461 et

382 4515 532 4588 rum)
575 4518 909 4585 tintet,;cnm
965 4521 1244 4574 reverentia
1274 4521 1319 4573 ei
1369 4519 1628 4588 subjectus
1671 4528 1793 4571 est:
1835 4535 1951 4570 cum

383 4610 472 4661 ille
504 4611 593 4678 qui
629 4628 719 4677 per
768 4611 882 4680 (aut
934 4611 1196 4666 barbarus
1246 4614 1529 4681 interpres,
1570 4620 1663 4664 aut
1708 4610 1953 4664 indoctus

384 4700 635 4756 librarius
670 4704 842 4771 posuit
872 4720 962 4772 per
989 4718 1086 4773 pro
1111 4706 1338 4773 prapter)
1363 4704 1591 4768 verbera,
1617 4702 1822 4770 aliaque
1848 4713 1955 4754 tor-

384 4803 556 4847 menta
587 4795 731 4846 timet
774 4795 935 4848 Deum
966 4795 1075 4865 (hic
1099 4810 1310 4863 quoque
1344 4810 1437 4862 pro
1479 4792 1641 4845 Deum
1675 4792 1952 4862 legendum

388 4896 513 4952 puto
571 4887 902 4952 dominum),
952 4887 1247 4955 passibilem
1300 4887 1535 4939 timorem
1592 4885 1776 4937 habere
1821 4887 1953 4937 uidet

392 4971 521 5040 (pro
553 4975 689 5027 uidet
734 4976 850 5044 lego
899 4976 1146 5043 videtur).
1184 4975 1298 5028 Hac
1350 4975 1729 5045 signiﬁcatione
1764 4984 1813 5027 et
1851 4973 1958 5037 hic,

388 5075 505 5132 post
534 5068 659 5131 alia,
695 5069 861 5121 utitur
889 5070 955 5121 ad
998 5068 1218 5138 feminas
1257 5072 1476 5121 dicens:
1510 5085 1529 5118 ‹
1560 5066 1959 5122 Consideruntes

393 5164 613 5211 uestram
659 5160 714 5211 in
770 5161 953 5213 timore
1005 5170 1203 5214 castam
1265 5159 1790 5213 conuersationem".
1828 5177 1844 5208 ι
1893 5156 1959 5210 Et

393 5251 686 5318 frequenter
712 5250 989 5318 Scriptura
1024 5254 1133 5305 lucc
1164 5254 1226 5307 de
1261 5256 1443 5305 timore
1470 5252 1564 5304 tali
1596 5252 1747 5303 modo
1784 5250 1959 5319 perlo-

392 5343 588 5412 quitur.
622 5340 697 5393 lta
729 5358 786 5394 se
817 5342 975 5396 habet
1019 5342 1224 5412 Didymi
1259 5344 1407 5395 locus
1450 5356 1477 5393 a
1509 5356 1736 5395 censore
1780 5354 1962 5407 repre-

396 5432 618 5486 hensus.
646 5431 779 5498 Quid
830 5442 1004 5486 autem
1050 5437 1294 5487 censoria
1330 5431 1535 5501 virgula
1584 5430 1799 5498 dignum
1838 5428 1963 5482 insit

398 5521 454 5577 in
488 5523 570 5578 his
608 5525 809 5588 verbis,
842 5540 947 5578 non
988 5525 1142 5578 video
1178 5545 1190 5578 :
1226 5523 1521 5592 praesertim
1563 5536 1685 5575 cum
1719 5523 1964 5575 timorem

472 5698 516 5729 ⁸⁸
554 5697 742 5755 lPetr.
770 5726 848 5765 ιιι,
876 5699 928 5756 6.
1004 5701 1046 5732 ⁸³
1087 5696 1188 5753 lsa.
1217 5712 1290 5763 ιι,
1320 5695 1404 5750 12.

1479 5695 1524 5727 “
1562 5693 1752 5751 Matth.
1781 5710 1836 5761 ς,
1863 5693 1952 5749 9.8.
1989 5694 2031 5727 ⁸⁸
2072 5692 2091 5748 l
2122 5690 2265 5748 Petr.
2300 5688 2478 5755 11,18.

2058 4515 2307 4567 dicuntur
2342 4513 2497 4565 etiam
2528 4526 2760 4564 mens....
2792 4507 2855 4561 In
2889 4516 3141 4579 quantum
3190 4516 3361 4557 autem
3398 4502 3614 4564 animat,

2060 4606 2258 4658 dicitur
2296 4604 2495 4667 anima,
2537 4604 2660 4671 quia
2703 4602 2798 4654 hoc
2827 4611 2905 4654 est
2950 4599 2997 4652 ei
3034 4598 3321 4667 proprium.
3356 4593 3617 4648 llactenus

2061 4695 2117 4750 S.
2146 4693 2402 4749 Thomas.

2133 4786 2250 4843 Jam
2286 4802 2413 4839 vero
2448 4785 2695 4855 quamvis
2740 4783 2866 4837 huic
2919 4780 3156 4850 opinioni
3212 4778 3489 4849 Didymum
3526 4775 3617 4827 ad-

2062 4880 2285 4936 haesisse
2335 4878 2716 4941 concedamns,
2763 4874 2905 4944 quod
2942 4888 2971 4925 a
3012 4873 3246 4935 nemine,
3291 4870 3380 4940 qui
3416 4869 3618 4923 sincere

2066 4982 2207 5043 agat,
2244 4970 2427 5038 negari
2484 4978 2688 5038 potest;
2725 4965 2992 5035 aequitatis
3037 4973 3213 5016 tamen
3245 4976 3396 5015 amor
3433 4972 3492 5012 ac
3531 4972 3618 5011 ve.

2065 5062 2242 5118 ritatis
2278 5061 2327 5114 id
2360 5075 2387 5112 a
2414 5059 2566 5112 nobis
2601 5055 2863 5123 exposcit,
2897 5062 2955 5106 ut
2978 5050 3227 5106 nonnulla
3268 5049 3354 5103 hic
3385 5044 3619 5100 animad~

2066 5165 2278 5207 vertere
2344 5166 2411 5204 ne
2459 5150 2788 5209 omittamus,
2835 5162 2952 5215 qua:
3002 5146 3173 5215 ipsum
3252 5141 3463 5194 valeant
3525 5137 3620 5191 ali-

2067 5253 2382 5315 quantuutm
2428 5256 2706 5320 excusare.
2756 5238 2993 5292 Primum
3051 5237 3192 5289 enim
3228 5233 3530 5301 longissime
3576 5231 3620 5283 is

2070 5334 2240 5389 abfuit
2293 5334 2361 5387 ab
2406 5333 2493 5385 illa
2550 5330 2773 5395 haeresi,
2825 5344 2985 5399 quam
3037 5326 3398 5396 Apollinarius
3444 5322 3618 5378 eadem

2073 5424 2187 5478 fere
2222 5423 2477 5492 opinione
2525 5423 2723 5475 abusus
2758 5418 3121 5488 excogitavit:
3160 5415 3400 5483 quicum
3440 5411 3487 5463 in
3530 5410 3621 5463 ho-

2074 5517 2219 5570 mine
2268 5516 2371 5569 tria
2410 5525 2465 5569 et
2512 5514 2624 5583 ipse
2672 5512 3059 5582 distingueret,
3098 5521 3315 5576 corpus,
3366 5502 3621 5571 animam,

2558 5688 2603 5721 ³³
2641 5691 2658 5743 1
2692 5688 2835 5743 Petr.
2866 5700 2925 5741 ιιι
2947 5682 3061 5752 ,16.
3140 5680 3185 5714 ³⁸
3218 5674 3615 5743 lTbess.v,25.
