  <div class='ocr_page' id='page_1' title='image "/cluster/home/n/w/nwhite01/storage/ocr_20150623/39/hvd.32044019207778/100.png"; bbox 0 0 3708 6308; ppageno 0'>
   <div class='ocr_carea' id='block_1_1' title="bbox 36 302 2093 363">
    <p class='ocr_par' dir='ltr' id='par_1_1' title="bbox 36 302 2093 363">
     <span class='ocr_line' id='line_1_1' title="bbox 36 302 2093 363; baseline 0.002 -7"><span class='ocrx_word' id='word_1_1' title='bbox 36 302 111 357; x_wconf 87' lang='lat' dir='ltr'><strong>l85</strong></span> <span class='ocrx_word' id='word_1_2' title='bbox 1146 305 1711 363; x_wconf 79' lang='lat' dir='ltr'><strong>COMMENTARIUS.</strong></span> <span class='ocrx_word' id='word_1_3' title='bbox 1752 336 1821 347; x_wconf 94' lang='lat'><strong>—</strong></span> <span class='ocrx_word' id='word_1_4' title='bbox 1858 305 1987 361; x_wconf 85' lang='lat' dir='ltr'><strong>LIB.</strong></span> <span class='ocrx_word' id='word_1_5' title='bbox 2029 304 2093 361; x_wconf 91' lang='lat' dir='ltr'><strong>ll.</strong></span> 
     </span>
    </p>
   </div>
   <div class='ocr_carea' id='block_1_2' title="bbox 3142 299 3247 357">
    <p class='ocr_par' dir='ltr' id='par_1_2' title="bbox 3142 299 3247 357">
     <span class='ocr_line' id='line_1_2' title="bbox 3142 299 3247 357; baseline 0.019 -2"><span class='ocrx_word' id='word_1_6' title='bbox 3142 299 3247 357; x_wconf 71' lang='grc'><strong>186</strong></span> 
     </span>
    </p>
   </div>
   <div class='ocr_carea' id='block_1_3' title="bbox 32 417 3243 494">
    <p class='ocr_par' dir='ltr' id='par_1_3' title="bbox 32 417 3243 494">
     <span class='ocr_line' id='line_1_3' title="bbox 32 417 3243 494; baseline -0.001 -17"><span class='ocrx_word' id='word_1_7' title='bbox 32 421 242 489; x_wconf 71' lang='grc' dir='ltr'><strong>ειλόγον,</strong></span> <span class='ocrx_word' id='word_1_8' title='bbox 282 417 336 473; x_wconf 88' lang='lat' dir='ltr'><strong>id</strong></span> <span class='ocrx_word' id='word_1_9' title='bbox 390 428 475 475; x_wconf 87' lang='lat' dir='ltr'><strong>est</strong></span> <span class='ocrx_word' id='word_1_10' title='bbox 528 428 793 484; x_wconf 78' lang='lat' dir='ltr'><strong>mentem,</strong></span> <span class='ocrx_word' id='word_1_11' title='bbox 825 435 920 475; x_wconf 88' lang='lat' dir='ltr'><strong>seu</strong></span> <span class='ocrx_word' id='word_1_12' title='bbox 957 423 1253 490; x_wconf 85' lang='lat' dir='ltr'><strong>rationem;</strong></span> <span class='ocrx_word' id='word_1_13' title='bbox 1299 426 1404 480; x_wconf 92' lang='lat' dir='ltr'><strong>duo</strong></span> <span class='ocrx_word' id='word_1_14' title='bbox 1438 425 1562 494; x_wconf 91' lang='lat' dir='ltr'><strong>qni-</strong></span> <span class='ocrx_word' id='word_1_15' title='bbox 1591 433 1640 491; x_wconf 75' lang='grc' dir='ltr'><strong>Α</strong></span> <span class='ocrx_word' id='word_1_16' title='bbox 1670 426 1751 480; x_wconf 90' lang='lat' dir='ltr'><strong>vel</strong></span> <span class='ocrx_word' id='word_1_17' title='bbox 1788 436 1923 480; x_wconf 87' lang='lat' dir='ltr'><strong>certe</strong></span> <span class='ocrx_word' id='word_1_18' title='bbox 1950 426 2214 494; x_wconf 74' lang='lat' dir='ltr'><strong>spiritum,</strong></span> <span class='ocrx_word' id='word_1_19' title='bbox 2243 424 2474 476; x_wconf 88' lang='lat' dir='ltr'><strong>animam</strong></span> <span class='ocrx_word' id='word_1_20' title='bbox 2511 420 2752 475; x_wconf 83' lang='lat' dir='ltr'><strong>debemus</strong></span> <span class='ocrx_word' id='word_1_21' title='bbox 2787 422 3041 489; x_wconf 84' lang='lat' dir='ltr'><strong>accipere.</strong></span> <span class='ocrx_word' id='word_1_22' title='bbox 3091 422 3156 477; x_wconf 86' lang='lat' dir='ltr'><strong>Et</strong></span> <span class='ocrx_word' id='word_1_23' title='bbox 3182 424 3243 477; x_wconf 84' lang='lat' dir='ltr'><strong>in</strong></span> 
     </span>
    </p>
   </div>
   <div class='ocr_carea' id='block_1_4' title="bbox 31 509 1556 583">
    <p class='ocr_par' dir='ltr' id='par_1_4' title="bbox 31 509 1556 583">
     <span class='ocr_line' id='line_1_4' title="bbox 31 509 1556 583; baseline 0.001 -15"><span class='ocrx_word' id='word_1_24' title='bbox 31 519 125 568; x_wconf 86' lang='lat' dir='ltr'><strong>dent</strong></span> <span class='ocrx_word' id='word_1_25' title='bbox 169 513 334 581; x_wconf 84' lang='lat' dir='ltr'><strong>priora</strong></span> <span class='ocrx_word' id='word_1_26' title='bbox 378 527 407 565; x_wconf 86' lang='lat' dir='ltr'><strong>a</strong></span> <span class='ocrx_word' id='word_1_27' title='bbox 456 509 638 567; x_wconf 79' lang='lat' dir='ltr'><strong>Verbo</strong></span> <span class='ocrx_word' id='word_1_28' title='bbox 706 523 983 582; x_wconf 89' lang='lat' dir='ltr'><strong>assumpta</strong></span> <span class='ocrx_word' id='word_1_29' title='bbox 1036 512 1206 570; x_wconf 89' lang='lat' dir='ltr'><strong>fuisse</strong></span> <span class='ocrx_word' id='word_1_30' title='bbox 1264 515 1556 583; x_wconf 87' lang='lat' dir='ltr'><strong>fatebatur,</strong></span> 
     </span>
    </p>
   </div>
   <div class='ocr_carea' id='block_1_5' title="bbox 30 602 1560 677">
    <p class='ocr_par' dir='ltr' id='par_1_5' title="bbox 30 602 1560 677">
     <span class='ocr_line' id='line_1_5' title="bbox 30 602 1560 677; baseline 0.003 -17"><span class='ocrx_word' id='word_1_31' title='bbox 30 616 174 661; x_wconf 84' lang='lat' dir='ltr'><strong>mente</strong></span> <span class='ocrx_word' id='word_1_32' title='bbox 197 614 368 657; x_wconf 80' lang='lat' dir='ltr'><strong>autem</strong></span> <span class='ocrx_word' id='word_1_33' title='bbox 403 602 681 658; x_wconf 80' lang='lat' dir='ltr'><strong>Christum</strong></span> <span class='ocrx_word' id='word_1_34' title='bbox 734 604 975 660; x_wconf 79' lang='lat' dir='ltr'><strong>caruisse</strong></span> <span class='ocrx_word' id='word_1_35' title='bbox 1004 608 1387 673; x_wconf 85' lang='lat' dir='ltr'><strong>contendebat,</strong></span> <span class='ocrx_word' id='word_1_36' title='bbox 1418 607 1560 677; x_wconf 84' lang='lat' dir='ltr'><strong>ejus-</strong></span> 
     </span>
    </p>
   </div>
   <div class='ocr_carea' id='block_1_6' title="bbox 29 695 1561 770">
    <p class='ocr_par' dir='ltr' id='par_1_6' title="bbox 29 695 1561 770">
     <span class='ocr_line' id='line_1_6' title="bbox 29 695 1561 770; baseline 0.003 -22"><span class='ocrx_word' id='word_1_37' title='bbox 29 713 109 766; x_wconf 86' lang='lat' dir='ltr'><strong>que</strong></span> <span class='ocrx_word' id='word_1_38' title='bbox 140 697 356 748; x_wconf 80' lang='lat' dir='ltr'><strong>snimam</strong></span> <span class='ocrx_word' id='word_1_39' title='bbox 396 695 612 763; x_wconf 74' lang='grc' dir='ltr'><strong>ἄλογον,</strong></span> <span class='ocrx_word' id='word_1_40' title='bbox 652 696 702 749; x_wconf 89' lang='lat' dir='ltr'><strong>id</strong></span> <span class='ocrx_word' id='word_1_41' title='bbox 734 705 837 761; x_wconf 87' lang='lat' dir='ltr'><strong>est,</strong></span> <span class='ocrx_word' id='word_1_42' title='bbox 872 696 1081 751; x_wconf 83' lang='lat' dir='ltr'><strong>ratione</strong></span> <span class='ocrx_word' id='word_1_43' title='bbox 1109 699 1419 754; x_wconf 84' lang='lat' dir='ltr'><strong>destitutam</strong></span> <span class='ocrx_word' id='word_1_44' title='bbox 1464 714 1561 770; x_wconf 89' lang='lat' dir='ltr'><strong>ap-</strong></span> 
     </span>
    </p>
   </div>
   <div class='ocr_carea' id='block_1_7' title="bbox 30 786 1563 858">
    <p class='ocr_par' dir='ltr' id='par_1_7' title="bbox 30 786 1563 858">
     <span class='ocr_line' id='line_1_7' title="bbox 30 786 1563 858; baseline 0.01 -26"><span class='ocrx_word' id='word_1_45' title='bbox 30 787 239 857; x_wconf 75' lang='lat' dir='ltr'><strong>pel&#39;abal.</strong></span> <span class='ocrx_word' id='word_1_46' title='bbox 280 790 458 854; x_wconf 82' lang='lat' dir='ltr'><strong>Atque</strong></span> <span class='ocrx_word' id='word_1_47' title='bbox 509 786 652 841; x_wconf 82' lang='lat' dir='ltr'><strong>hanc</strong></span> <span class='ocrx_word' id='word_1_48' title='bbox 698 786 929 844; x_wconf 81' lang='lat' dir='ltr'><strong>fortasse</strong></span> <span class='ocrx_word' id='word_1_49' title='bbox 975 788 1289 858; x_wconf 85' lang='lat' dir='ltr'><strong>Apollinarii</strong></span> <span class='ocrx_word' id='word_1_50' title='bbox 1335 800 1563 846; x_wconf 86' lang='lat' dir='ltr'><strong>senten-</strong></span> 
     </span>
    </p>
   </div>
   <div class='ocr_carea' id='block_1_8' title="bbox 30 877 1558 951">
    <p class='ocr_par' dir='ltr' id='par_1_8' title="bbox 30 877 1558 951">
     <span class='ocr_line' id='line_1_8' title="bbox 30 877 1558 951; baseline 0.003 -20"><span class='ocrx_word' id='word_1_51' title='bbox 30 882 127 931; x_wconf 78' lang='lat' dir='ltr'><strong>liam</strong></span> <span class='ocrx_word' id='word_1_52' title='bbox 168 878 441 946; x_wconf 82' lang='lat' dir='ltr'><strong>spectabat</strong></span> <span class='ocrx_word' id='word_1_53' title='bbox 478 877 707 933; x_wconf 79' lang='lat' dir='ltr'><strong>Michael</strong></span> <span class='ocrx_word' id='word_1_54' title='bbox 754 879 983 951; x_wconf 81' lang='lat' dir='ltr'><strong>Glycas,</strong></span> <span class='ocrx_word' id='word_1_55' title='bbox 1031 895 1152 935; x_wconf 91' lang='lat' dir='ltr'><strong>cum</strong></span> <span class='ocrx_word' id='word_1_56' title='bbox 1202 882 1255 935; x_wconf 92' lang='lat' dir='ltr'><strong>in</strong></span> <span class='ocrx_word' id='word_1_57' title='bbox 1296 882 1558 947; x_wconf 78' lang='lat' dir='ltr'><strong>Quwstio-</strong></span> 
     </span>
    </p>
   </div>
   <div class='ocr_carea' id='block_1_9' title="bbox 30 966 1557 1041">
    <p class='ocr_par' dir='ltr' id='par_1_9' title="bbox 30 966 1557 1041">
     <span class='ocr_line' id='line_1_9' title="bbox 30 966 1557 1041; baseline 0.004 -22"><span class='ocrx_word' id='word_1_58' title='bbox 30 972 147 1020; x_wconf 71' lang='lat' dir='ltr'><strong>uibus</strong></span> <span class='ocrx_word' id='word_1_59' title='bbox 197 966 412 1019; x_wconf 82' lang='lat' dir='ltr'><strong>Biblicis</strong></span> <span class='ocrx_word' id='word_1_60' title='bbox 467 969 698 1023; x_wconf 81' lang='lat' dir='ltr'><strong>necdum</strong></span> <span class='ocrx_word' id='word_1_61' title='bbox 750 970 911 1025; x_wconf 81' lang='lat' dir='ltr'><strong>editis</strong></span> <span class='ocrx_word' id='word_1_62' title='bbox 962 970 1260 1040; x_wconf 68' lang='lat' dir='ltr'><strong>quaestione</strong></span> <span class='ocrx_word' id='word_1_63' title='bbox 1305 970 1398 1035; x_wconf 71' lang='lat'><strong>20,</strong></span> <span class='ocrx_word' id='word_1_64' title='bbox 1432 987 1557 1041; x_wconf 82' lang='lat' dir='ltr'><strong>pag.</strong></span> 
     </span>
    </p>
   </div>
   <div class='ocr_carea' id='block_1_10' title="bbox 28 1057 1559 1133">
    <p class='ocr_par' dir='ltr' id='par_1_10' title="bbox 28 1057 1559 1133">
     <span class='ocr_line' id='line_1_10' title="bbox 28 1057 1559 1133; baseline 0.002 -19"><span class='ocrx_word' id='word_1_65' title='bbox 28 1062 107 1115; x_wconf 66' lang='lat'><strong>262</strong></span> <span class='ocrx_word' id='word_1_66' title='bbox 133 1060 317 1114; x_wconf 66' lang='lat' dir='ltr'><strong>codicis</strong></span> <span class='ocrx_word' id='word_1_67' title='bbox 352 1059 583 1115; x_wconf 82' lang='lat' dir='ltr'><strong>Naniani</strong></span> <span class='ocrx_word' id='word_1_68' title='bbox 611 1062 826 1133; x_wconf 88' lang='lat' dir='ltr'><strong>scripsit</strong></span> <span class='ocrx_word' id='word_1_69' title='bbox 850 1081 864 1115; x_wconf 90' lang='lat'><strong>:</strong></span> <span class='ocrx_word' id='word_1_70' title='bbox 901 1063 965 1115; x_wconf 84' lang='grc' dir='ltr'><strong>Ἠ</strong></span> <span class='ocrx_word' id='word_1_71' title='bbox 993 1057 1203 1133; x_wconf 77' lang='grc' dir='ltr'><strong>αἶρεσἰς</strong></span> <span class='ocrx_word' id='word_1_72' title='bbox 1233 1063 1265 1133; x_wconf 83' lang='grc' dir='ltr'>ἠ</span> <span class='ocrx_word' id='word_1_73' title='bbox 1300 1063 1365 1115; x_wconf 87' lang='grc' dir='ltr'><strong>ὲκ</strong></span> <span class='ocrx_word' id='word_1_74' title='bbox 1390 1062 1559 1133; x_wconf 83' lang='grc' dir='ltr'>τριῶν</span> 
     </span>
    </p>
   </div>
   <div class='ocr_carea' id='block_1_11' title="bbox 29 1150 1561 1225">
    <p class='ocr_par' dir='ltr' id='par_1_11' title="bbox 29 1150 1561 1225">
     <span class='ocr_line' id='line_1_11' title="bbox 29 1150 1561 1225; baseline 0.002 -22"><span class='ocrx_word' id='word_1_75' title='bbox 29 1153 216 1217; x_wconf 59' lang='grc' dir='ltr'><strong>ἓγουσι</strong></span> <span class='ocrx_word' id='word_1_76' title='bbox 267 1150 585 1218; x_wconf 72' lang='grc' dir='ltr'><strong>συγκεῖσθαι</strong></span> <span class='ocrx_word' id='word_1_77' title='bbox 646 1152 739 1206; x_wconf 79' lang='grc' dir='ltr'><strong>τὸν</strong></span> <span class='ocrx_word' id='word_1_78' title='bbox 785 1152 1102 1225; x_wconf 81' lang='grc' dir='ltr'><strong>ἄνθρωπον,</strong></span> <span class='ocrx_word' id='word_1_79' title='bbox 1166 1152 1415 1223; x_wconf 81' lang='grc' dir='ltr'><strong>σώματος</strong></span> <span class='ocrx_word' id='word_1_80' title='bbox 1469 1153 1561 1223; x_wconf 84' lang='grc' dir='ltr'><strong>δη-</strong></span> 
     </span>
    </p>
   </div>
   <div class='ocr_carea' id='block_1_12' title="bbox 30 1242 1557 1315">
    <p class='ocr_par' dir='ltr' id='par_1_12' title="bbox 30 1242 1557 1315">
     <span class='ocr_line' id='line_1_12' title="bbox 30 1242 1557 1315; baseline 0.003 -23"><span class='ocrx_word' id='word_1_81' title='bbox 30 1242 188 1305; x_wconf 71' lang='grc' dir='ltr'><strong>λονότι,</strong></span> <span class='ocrx_word' id='word_1_82' title='bbox 225 1242 401 1311; x_wconf 69' lang='grc' dir='ltr'><strong>ψυχῆς</strong></span> <span class='ocrx_word' id='word_1_83' title='bbox 440 1242 658 1311; x_wconf 77' lang='grc' dir='ltr'><strong>ἀλόγου.</strong></span> <span class='ocrx_word' id='word_1_84' title='bbox 705 1243 800 1297; x_wconf 76' lang='grc' dir='ltr'><strong>καὶ</strong></span> <span class='ocrx_word' id='word_1_85' title='bbox 846 1243 1024 1315; x_wconf 72' lang='grc' dir='ltr'>ψυχῆς</span> <span class='ocrx_word' id='word_1_86' title='bbox 1076 1246 1299 1315; x_wconf 80' lang='grc' dir='ltr'><strong>νοερᾶς,</strong></span> <span class='ocrx_word' id='word_1_87' title='bbox 1348 1245 1401 1297; x_wconf 93' lang='lat' dir='ltr'><strong>id</strong></span> <span class='ocrx_word' id='word_1_88' title='bbox 1440 1255 1557 1312; x_wconf 82' lang='lat' dir='ltr'><strong>est,</strong></span> 
     </span>
    </p>
   </div>
   <div class='ocr_carea' id='block_1_13' title="bbox 33 1336 1559 1401">
    <p class='ocr_par' dir='ltr' id='par_1_13' title="bbox 33 1336 1559 1401">
     <span class='ocr_line' id='line_1_13' title="bbox 33 1336 1559 1401; baseline 0.005 -18"><span class='ocrx_word' id='word_1_89' title='bbox 33 1336 200 1386; x_wconf 66' lang='lat' dir='ltr'><strong>heresis</strong></span> <span class='ocrx_word' id='word_1_90' title='bbox 246 1351 365 1401; x_wconf 80' lang='lat' dir='ltr'><strong>qua:</strong></span> <span class='ocrx_word' id='word_1_91' title='bbox 422 1336 685 1388; x_wconf 82' lang='lat' dir='ltr'><strong>hominem</strong></span> <span class='ocrx_word' id='word_1_92' title='bbox 730 1350 795 1389; x_wconf 84' lang='lat' dir='ltr'><strong>ex</strong></span> <span class='ocrx_word' id='word_1_93' title='bbox 841 1336 1008 1390; x_wconf 87' lang='lat' dir='ltr'><strong>tribus</strong></span> <span class='ocrx_word' id='word_1_94' title='bbox 1066 1338 1215 1390; x_wconf 88' lang='lat' dir='ltr'><strong>rebus</strong></span> <span class='ocrx_word' id='word_1_95' title='bbox 1270 1337 1559 1391; x_wconf 75' lang='lat' dir='ltr'><strong>coalescere</strong></span> 
     </span>
    </p>
   </div>
   <div class='ocr_carea' id='block_1_14' title="bbox 32 1428 1556 1496">
    <p class='ocr_par' dir='ltr' id='par_1_14' title="bbox 32 1428 1556 1496">
     <span class='ocr_line' id='line_1_14' title="bbox 32 1428 1556 1496; baseline 0.001 -16"><span class='ocrx_word' id='word_1_96' title='bbox 32 1428 141 1489; x_wconf 78' lang='lat' dir='ltr'><strong>dicit,</strong></span> <span class='ocrx_word' id='word_1_97' title='bbox 178 1444 387 1495; x_wconf 84' lang='lat' dir='ltr'><strong>corpore</strong></span> <span class='ocrx_word' id='word_1_98' title='bbox 435 1428 701 1495; x_wconf 91' lang='lat' dir='ltr'><strong>videlicet,</strong></span> <span class='ocrx_word' id='word_1_99' title='bbox 750 1430 927 1483; x_wconf 89' lang='lat' dir='ltr'><strong>anima</strong></span> <span class='ocrx_word' id='word_1_100' title='bbox 973 1429 1194 1482; x_wconf 88' lang='lat' dir='ltr'><strong>rationis</strong></span> <span class='ocrx_word' id='word_1_101' title='bbox 1245 1436 1450 1496; x_wconf 84' lang='lat' dir='ltr'><strong>experte</strong></span> <span class='ocrx_word' id='word_1_102' title='bbox 1508 1437 1556 1482; x_wconf 90' lang='lat' dir='ltr'><strong>et</strong></span> 
     </span>
    </p>
   </div>
   <div class='ocr_carea' id='block_1_15' title="bbox 32 1516 537 1586">
    <p class='ocr_par' dir='ltr' id='par_1_15' title="bbox 32 1516 537 1586">
     <span class='ocr_line' id='line_1_15' title="bbox 32 1516 537 1586; baseline 0.008 -19"><span class='ocrx_word' id='word_1_103' title='bbox 32 1520 165 1567; x_wconf 70' lang='lat' dir='ltr'><strong>animo</strong></span> <span class='ocrx_word' id='word_1_104' title='bbox 202 1516 537 1586; x_wconf 76' lang='lat' dir='ltr'><strong>intelligente.</strong></span> 
     </span>
    </p>
   </div>
   <div class='ocr_carea' id='block_1_16' title="bbox 82 1605 1560 1677">
    <p class='ocr_par' dir='ltr' id='par_1_16' title="bbox 82 1605 1560 1677">
     <span class='ocr_line' id='line_1_16' title="bbox 82 1605 1560 1677; baseline 0.003 -18"><span class='ocrx_word' id='word_1_105' title='bbox 82 1606 263 1659; x_wconf 68' lang='lat' dir='ltr'><strong>Deinde</strong></span> <span class='ocrx_word' id='word_1_106' title='bbox 291 1606 619 1660; x_wconf 84' lang='lat' dir='ltr'><strong>sententiam</strong></span> <span class='ocrx_word' id='word_1_107' title='bbox 655 1621 807 1660; x_wconf 90' lang='lat' dir='ltr'><strong>suam</strong></span> <span class='ocrx_word' id='word_1_108' title='bbox 841 1605 985 1660; x_wconf 88' lang='lat' dir='ltr'><strong>clare</strong></span> <span class='ocrx_word' id='word_1_109' title='bbox 1020 1621 1281 1675; x_wconf 84' lang='lat' dir='ltr'><strong>nusquam</strong></span> <span class='ocrx_word' id='word_1_110' title='bbox 1318 1606 1560 1677; x_wconf 83' lang='lat' dir='ltr'><strong>explicat</strong></span> 
     </span>
    </p>
   </div>
   <div class='ocr_carea' id='block_1_17' title="bbox 32 1696 1559 1767">
    <p class='ocr_par' dir='ltr' id='par_1_17' title="bbox 32 1696 1559 1767">
     <span class='ocr_line' id='line_1_17' title="bbox 32 1696 1559 1767; baseline 0.002 -18"><span class='ocrx_word' id='word_1_111' title='bbox 32 1697 259 1766; x_wconf 72' lang='lat' dir='ltr'><strong>Didymos.</strong></span> <span class='ocrx_word' id='word_1_112' title='bbox 312 1696 446 1751; x_wconf 85' lang='lat' dir='ltr'><strong>Nam</strong></span> <span class='ocrx_word' id='word_1_113' title='bbox 481 1697 732 1767; x_wconf 86' lang='lat' dir='ltr'><strong>spiritum</strong></span> <span class='ocrx_word' id='word_1_114' title='bbox 780 1698 995 1767; x_wconf 83' lang='lat' dir='ltr'><strong>quidem</strong></span> <span class='ocrx_word' id='word_1_115' title='bbox 1048 1698 1280 1752; x_wconf 88' lang='lat' dir='ltr'><strong>hominis</strong></span> <span class='ocrx_word' id='word_1_116' title='bbox 1319 1714 1350 1750; x_wconf 89' lang='lat' dir='ltr'><strong>a</strong></span> <span class='ocrx_word' id='word_1_117' title='bbox 1409 1697 1559 1752; x_wconf 90' lang='lat' dir='ltr'><strong>Scri-</strong></span> 
     </span>
    </p>
   </div>
   <div class='ocr_carea' id='block_1_18' title="bbox 31 1788 1557 1861">
    <p class='ocr_par' dir='ltr' id='par_1_18' title="bbox 31 1788 1557 1861">
     <span class='ocr_line' id='line_1_18' title="bbox 31 1788 1557 1861; baseline 0.005 -22"><span class='ocrx_word' id='word_1_118' title='bbox 31 1802 141 1854; x_wconf 68' lang='lat' dir='ltr'><strong>ptura</strong></span> <span class='ocrx_word' id='word_1_119' title='bbox 175 1789 367 1856; x_wconf 68' lang='lat' dir='ltr'><strong>saepius</strong></span> <span class='ocrx_word' id='word_1_120' title='bbox 406 1790 696 1844; x_wconf 85' lang='lat' dir='ltr'><strong>memorari</strong></span> <span class='ocrx_word' id='word_1_121' title='bbox 742 1789 853 1854; x_wconf 87' lang='lat' dir='ltr'><strong>ait,</strong></span> <span class='ocrx_word' id='word_1_122' title='bbox 901 1788 1272 1859; x_wconf 79' lang='lat' dir='ltr'><strong>eamdemque</strong></span> <span class='ocrx_word' id='word_1_123' title='bbox 1310 1791 1557 1861; x_wconf 88' lang='lat' dir='ltr'><strong>spiritutn</strong></span> 
     </span>
    </p>
   </div>
   <div class='ocr_carea' id='block_1_19' title="bbox 30 1972 1555 2041">
    <p class='ocr_par' dir='ltr' id='par_1_19' title="bbox 30 1972 1555 2041">
     <span class='ocr_line' id='line_1_19' title="bbox 30 1972 1555 2041; baseline 0.006 -22"><span class='ocrx_word' id='word_1_124' title='bbox 30 1987 200 2039; x_wconf 77' lang='lat' dir='ltr'><strong>mrpus,</strong></span> <span class='ocrx_word' id='word_1_125' title='bbox 243 1986 364 2025; x_wconf 83' lang='lat' dir='ltr'><strong>esse</strong></span> <span class='ocrx_word' id='word_1_126' title='bbox 417 1972 719 2036; x_wconf 87' lang='lat' dir='ltr'><strong>contendit,</strong></span> <span class='ocrx_word' id='word_1_127' title='bbox 760 1972 969 2027; x_wconf 89' lang='lat' dir='ltr'><strong>duobus</strong></span> <span class='ocrx_word' id='word_1_128' title='bbox 1023 1972 1362 2041; x_wconf 87' lang='lat' dir='ltr'><strong>potissimum</strong></span> <span class='ocrx_word' id='word_1_129' title='bbox 1404 1974 1555 2029; x_wconf 85' lang='lat' dir='ltr'><strong>Pauli</strong></span> 
     </span>
    </p>
   </div>
   <div class='ocr_carea' id='block_1_20' title="bbox 32 2061 1556 2132">
    <p class='ocr_par' dir='ltr' id='par_1_20' title="bbox 32 2061 1556 2132">
     <span class='ocr_line' id='line_1_20' title="bbox 32 2061 1556 2132; baseline 0.004 -21"><span class='ocrx_word' id='word_1_130' title='bbox 32 2062 306 2115; x_wconf 66' lang='lat' dir='ltr'><strong>testimoniis</strong></span> <span class='ocrx_word' id='word_1_131' title='bbox 360 2061 614 2125; x_wconf 78' lang='lat' dir='ltr'><strong>innixus,</strong></span> <span class='ocrx_word' id='word_1_132' title='bbox 663 2076 887 2130; x_wconf 91' lang='lat' dir='ltr'><strong>quorum</strong></span> <span class='ocrx_word' id='word_1_133' title='bbox 941 2063 1177 2131; x_wconf 90' lang='lat' dir='ltr'><strong>primum</strong></span> <span class='ocrx_word' id='word_1_134' title='bbox 1215 2063 1266 2116; x_wconf 88' lang='lat' dir='ltr'><strong>itt</strong></span> <span class='ocrx_word' id='word_1_135' title='bbox 1320 2062 1556 2132; x_wconf 86' lang='lat' dir='ltr'><strong>Ep.lad</strong></span> 
     </span>
    </p>
   </div>
   <div class='ocr_carea' id='block_1_21' title="bbox 32 2152 1558 2222">
    <p class='ocr_par' dir='ltr' id='par_1_21' title="bbox 32 2152 1558 2222">
     <span class='ocr_line' id='line_1_21' title="bbox 32 2152 1558 2222; baseline 0.001 -17"><span class='ocrx_word' id='word_1_136' title='bbox 32 2152 231 2206; x_wconf 77' lang='lat' dir='ltr'><strong>Thessal.</strong></span> <span class='ocrx_word' id='word_1_137' title='bbox 276 2168 395 2221; x_wconf 84' lang='lat' dir='ltr'><strong>cap.</strong></span> <span class='ocrx_word' id='word_1_138' title='bbox 424 2169 473 2215; x_wconf 75' lang='grc' dir='ltr'><strong>ν,</strong></span> <span class='ocrx_word' id='word_1_139' title='bbox 506 2168 651 2207; x_wconf 86' lang='lat' dir='ltr'><strong>vers.</strong></span> <span class='ocrx_word' id='word_1_140' title='bbox 679 2152 772 2217; x_wconf 64' lang='lat'><strong>35,</strong></span> <span class='ocrx_word' id='word_1_141' title='bbox 804 2152 883 2209; x_wconf 87' lang='lat' dir='ltr'><strong>sic</strong></span> <span class='ocrx_word' id='word_1_142' title='bbox 921 2169 979 2209; x_wconf 90' lang='lat' dir='ltr'><strong>se</strong></span> <span class='ocrx_word' id='word_1_143' title='bbox 1011 2153 1173 2207; x_wconf 89' lang='lat' dir='ltr'><strong>habet</strong></span> <span class='ocrx_word' id='word_1_144' title='bbox 1204 2173 1217 2208; x_wconf 90' lang='lat'><strong>:</strong></span> <span class='ocrx_word' id='word_1_145' title='bbox 1252 2152 1317 2208; x_wconf 87' lang='lat' dir='ltr'><strong>Ut</strong></span> <span class='ocrx_word' id='word_1_146' title='bbox 1360 2155 1558 2222; x_wconf 81' lang='lat' dir='ltr'><strong>integer</strong></span> 
     </span>
    </p>
   </div>
   <div class='ocr_carea' id='block_1_22' title="bbox 27 2245 1557 2315">
    <p class='ocr_par' dir='ltr' id='par_1_22' title="bbox 27 2245 1557 2315">
     <span class='ocr_line' id='line_1_22' title="bbox 27 2245 1557 2315; baseline 0.003 -20"><span class='ocrx_word' id='word_1_147' title='bbox 27 2248 192 2299; x_wconf 60' lang='lat' dir='ltr'><strong>spiritus</strong></span> <span class='ocrx_word' id='word_1_148' title='bbox 227 2255 408 2308; x_wconf 80' lang='lat' dir='ltr'><strong>vester,</strong></span> <span class='ocrx_word' id='word_1_149' title='bbox 450 2253 498 2297; x_wconf 90' lang='lat' dir='ltr'><strong>et</strong></span> <span class='ocrx_word' id='word_1_150' title='bbox 550 2246 750 2308; x_wconf 87' lang='lat' dir='ltr'><strong>anima,</strong></span> <span class='ocrx_word' id='word_1_151' title='bbox 789 2256 835 2298; x_wconf 88' lang='lat' dir='ltr'><strong>et</strong></span> <span class='ocrx_word' id='word_1_152' title='bbox 870 2260 1149 2315; x_wconf 89' lang='lat' dir='ltr'><strong>corpus...,</strong></span> <span class='ocrx_word' id='word_1_153' title='bbox 1186 2258 1445 2310; x_wconf 73' lang='lat' dir='ltr'><strong>servetur;</strong></span> <span class='ocrx_word' id='word_1_154' title='bbox 1478 2245 1557 2300; x_wconf 89' lang='lat' dir='ltr'><strong>al-</strong></span> 
     </span>
    </p>
   </div>
   <div class='ocr_carea' id='block_1_23' title="bbox 33 2334 1558 2406">
    <p class='ocr_par' dir='ltr' id='par_1_23' title="bbox 33 2334 1558 2406">
     <span class='ocr_line' id='line_1_23' title="bbox 33 2334 1558 2406; baseline 0.005 -22"><span class='ocrx_word' id='word_1_155' title='bbox 33 2346 159 2385; x_wconf 71' lang='lat' dir='ltr'><strong>terum</strong></span> <span class='ocrx_word' id='word_1_156' title='bbox 191 2348 325 2388; x_wconf 72' lang='lat' dir='ltr'><strong>vero</strong></span> <span class='ocrx_word' id='word_1_157' title='bbox 370 2334 425 2387; x_wconf 90' lang='lat' dir='ltr'><strong>in</strong></span> <span class='ocrx_word' id='word_1_158' title='bbox 470 2334 570 2404; x_wconf 84' lang='lat' dir='ltr'><strong>Ep.</strong></span> <span class='ocrx_word' id='word_1_159' title='bbox 600 2335 617 2388; x_wconf 94' lang='lat' dir='ltr'><strong>l</strong></span> <span class='ocrx_word' id='word_1_160' title='bbox 652 2336 715 2389; x_wconf 91' lang='lat' dir='ltr'><strong>ad</strong></span> <span class='ocrx_word' id='word_1_161' title='bbox 746 2335 874 2390; x_wconf 88' lang='lat' dir='ltr'><strong>Cor.</strong></span> <span class='ocrx_word' id='word_1_162' title='bbox 919 2352 1037 2406; x_wconf 87' lang='lat' dir='ltr'><strong>cap.</strong></span> <span class='ocrx_word' id='word_1_163' title='bbox 1070 2353 1130 2401; x_wconf 88' lang='lat' dir='ltr'><strong>II,</strong></span> <span class='ocrx_word' id='word_1_164' title='bbox 1163 2353 1302 2392; x_wconf 84' lang='lat' dir='ltr'><strong>vers.</strong></span> <span class='ocrx_word' id='word_1_165' title='bbox 1345 2338 1430 2403; x_wconf 81' lang='lat' dir='ltr'><strong>ll,</strong></span> <span class='ocrx_word' id='word_1_166' title='bbox 1461 2353 1558 2392; x_wconf 82' lang='lat' dir='ltr'><strong>ex-</strong></span> 
     </span>
    </p>
   </div>
   <div class='ocr_carea' id='block_1_24' title="bbox 28 2424 1556 2492">
    <p class='ocr_par' dir='ltr' id='par_1_24' title="bbox 28 2424 1556 2492">
     <span class='ocr_line' id='line_1_24' title="bbox 28 2424 1556 2492; baseline 0.004 -16"><span class='ocrx_word' id='word_1_167' title='bbox 28 2436 180 2483; x_wconf 81' lang='lat' dir='ltr'><strong>slal,el</strong></span> <span class='ocrx_word' id='word_1_168' title='bbox 214 2436 297 2478; x_wconf 81' lang='lat' dir='ltr'><strong>est</strong></span> <span class='ocrx_word' id='word_1_169' title='bbox 334 2424 648 2492; x_wconf 88' lang='lat' dir='ltr'><strong>bnjusmodi</strong></span> <span class='ocrx_word' id='word_1_170' title='bbox 679 2443 691 2480; x_wconf 90' lang='lat'><strong>:</strong></span> <span class='ocrx_word' id='word_1_171' title='bbox 731 2428 858 2491; x_wconf 87' lang='lat' dir='ltr'><strong>Quis</strong></span> <span class='ocrx_word' id='word_1_172' title='bbox 882 2428 1018 2481; x_wconf 86' lang='lat' dir='ltr'><strong>enim</strong></span> <span class='ocrx_word' id='word_1_173' title='bbox 1057 2430 1152 2482; x_wconf 90' lang='lat' dir='ltr'><strong>scit</strong></span> <span class='ocrx_word' id='word_1_174' title='bbox 1194 2430 1461 2482; x_wconf 82' lang='lat' dir='ltr'><strong>hominum</strong></span> <span class='ocrx_word' id='word_1_175' title='bbox 1493 2446 1556 2484; x_wconf 89' lang='lat' dir='ltr'><strong>ea</strong></span> 
     </span>
    </p>
   </div>
   <div class='ocr_carea' id='block_1_25' title="bbox 27 2519 1555 2591">
    <p class='ocr_par' dir='ltr' id='par_1_25' title="bbox 27 2519 1555 2591">
     <span class='ocr_line' id='line_1_25' title="bbox 27 2519 1555 2591; baseline 0.005 -23"><span class='ocrx_word' id='word_1_176' title='bbox 27 2532 110 2584; x_wconf 68' lang='lat' dir='ltr'><strong>qua</strong></span> <span class='ocrx_word' id='word_1_177' title='bbox 146 2526 260 2569; x_wconf 79' lang='lat' dir='ltr'><strong>sunt</strong></span> <span class='ocrx_word' id='word_1_178' title='bbox 307 2519 557 2581; x_wconf 88' lang='lat' dir='ltr'><strong>hominis,</strong></span> <span class='ocrx_word' id='word_1_179' title='bbox 604 2519 704 2571; x_wconf 86' lang='lat' dir='ltr'><strong>nisi</strong></span> <span class='ocrx_word' id='word_1_180' title='bbox 750 2521 965 2586; x_wconf 75' lang='lat' dir='ltr'><strong>spiritus</strong></span> <span class='ocrx_word' id='word_1_181' title='bbox 1012 2521 1235 2573; x_wconf 83' lang='lat' dir='ltr'><strong>hominis</strong></span> <span class='ocrx_word' id='word_1_182' title='bbox 1274 2522 1363 2591; x_wconf 86' lang='lat' dir='ltr'><strong>qui</strong></span> <span class='ocrx_word' id='word_1_183' title='bbox 1398 2521 1450 2574; x_wconf 90' lang='lat' dir='ltr'><strong>in</strong></span> <span class='ocrx_word' id='word_1_184' title='bbox 1496 2538 1555 2575; x_wconf 92' lang='lat' dir='ltr'><strong>eo</strong></span> 
     </span>
    </p>
   </div>
   <div class='ocr_carea' id='block_1_26' title="bbox 28 2608 1556 2682">
    <p class='ocr_par' dir='ltr' id='par_1_26' title="bbox 28 2608 1556 2682">
     <span class='ocr_line' id='line_1_26' title="bbox 28 2608 1556 2682; baseline 0.004 -23"><span class='ocrx_word' id='word_1_185' title='bbox 28 2608 194 2659; x_wconf 65' lang='lat' dir='ltr'><strong>enim</strong></span> <span class='ocrx_word' id='word_1_186' title='bbox 235 2608 365 2675; x_wconf 85' lang='lat' dir='ltr'><strong>quid</strong></span> <span class='ocrx_word' id='word_1_187' title='bbox 411 2608 640 2675; x_wconf 87' lang='lat' dir='ltr'><strong>hujusce</strong></span> <span class='ocrx_word' id='word_1_188' title='bbox 682 2612 898 2678; x_wconf 88' lang='lat' dir='ltr'><strong>spiritus</strong></span> <span class='ocrx_word' id='word_1_189' title='bbox 945 2612 1206 2665; x_wconf 80' lang='lat' dir='ltr'><strong>voeabulo</strong></span> <span class='ocrx_word' id='word_1_190' title='bbox 1260 2612 1556 2682; x_wconf 80' lang='lat' dir='ltr'><strong>intelligen-</strong></span> 
     </span>
    </p>
   </div>
   <div class='ocr_carea' id='block_1_27' title="bbox 30 2696 1556 2766">
    <p class='ocr_par' dir='ltr' id='par_1_27' title="bbox 30 2696 1556 2766">
     <span class='ocr_line' id='line_1_27' title="bbox 30 2696 1556 2766; baseline 0.006 -20"><span class='ocrx_word' id='word_1_191' title='bbox 30 2701 117 2748; x_wconf 80' lang='lat' dir='ltr'><strong>dum</strong></span> <span class='ocrx_word' id='word_1_192' title='bbox 148 2696 287 2760; x_wconf 77' lang='lat' dir='ltr'><strong>velit,</strong></span> <span class='ocrx_word' id='word_1_193' title='bbox 333 2713 443 2751; x_wconf 91' lang='lat' dir='ltr'><strong>non</strong></span> <span class='ocrx_word' id='word_1_194' title='bbox 494 2698 759 2754; x_wconf 87' lang='lat' dir='ltr'><strong>declarat.</strong></span> <span class='ocrx_word' id='word_1_195' title='bbox 790 2699 941 2766; x_wconf 85' lang='lat' dir='ltr'><strong>Quod</strong></span> <span class='ocrx_word' id='word_1_196' title='bbox 977 2700 1021 2753; x_wconf 92' lang='lat' dir='ltr'><strong>si</strong></span> <span class='ocrx_word' id='word_1_197' title='bbox 1064 2700 1336 2755; x_wconf 82' lang='lat' dir='ltr'><strong>hominem</strong></span> <span class='ocrx_word' id='word_1_198' title='bbox 1383 2702 1556 2755; x_wconf 88' lang='lat' dir='ltr'><strong>tribus</strong></span> 
     </span>
    </p>
   </div>
   <div class='ocr_carea' id='block_1_28' title="bbox 29 2790 1553 2862">
    <p class='ocr_par' dir='ltr' id='par_1_28' title="bbox 29 2790 1553 2862">
     <span class='ocr_line' id='line_1_28' title="bbox 29 2790 1553 2862; baseline 0.004 -22"><span class='ocrx_word' id='word_1_199' title='bbox 29 2790 320 2852; x_wconf 70' lang='lat' dir='ltr'><strong>substantiis,</strong></span> <span class='ocrx_word' id='word_1_200' title='bbox 368 2805 620 2858; x_wconf 85' lang='lat' dir='ltr'><strong>corpore,</strong></span> <span class='ocrx_word' id='word_1_201' title='bbox 665 2794 842 2845; x_wconf 84' lang='lat' dir='ltr'><strong>anima</strong></span> <span class='ocrx_word' id='word_1_202' title='bbox 889 2791 1175 2855; x_wconf 86' lang='lat' dir='ltr'><strong>rationali,</strong></span> <span class='ocrx_word' id='word_1_203' title='bbox 1222 2800 1277 2846; x_wconf 85' lang='lat' dir='ltr'><strong>et</strong></span> <span class='ocrx_word' id='word_1_204' title='bbox 1323 2793 1553 2862; x_wconf 86' lang='lat' dir='ltr'><strong>spiritu,</strong></span> 
     </span>
    </p>
   </div>
   <div class='ocr_carea' id='block_1_29' title="bbox 29 2880 1556 2955">
    <p class='ocr_par' dir='ltr' id='par_1_29' title="bbox 29 2880 1556 2955">
     <span class='ocr_line' id='line_1_29' title="bbox 29 2880 1556 2955; baseline 0.007 -24"><span class='ocrx_word' id='word_1_205' title='bbox 29 2892 227 2935; x_wconf 55' lang='lat' dir='ltr'><strong>tonsure</strong></span> <span class='ocrx_word' id='word_1_206' title='bbox 282 2880 450 2955; x_wconf 77' lang='lat' dir='ltr'><strong>[XLI]</strong></span> <span class='ocrx_word' id='word_1_207' title='bbox 504 2884 908 2947; x_wconf 82' lang='lat' dir='ltr'><strong>existimasset,</strong></span> <span class='ocrx_word' id='word_1_208' title='bbox 956 2885 1245 2952; x_wconf 88' lang='lat' dir='ltr'><strong>rejicienda</strong></span> <span class='ocrx_word' id='word_1_209' title='bbox 1315 2884 1556 2953; x_wconf 88' lang='lat' dir='ltr'><strong>profecto</strong></span> 
     </span>
    </p>
   </div>
   <div class='ocr_carea' id='block_1_30' title="bbox 28 2973 1552 3044">
    <p class='ocr_par' dir='ltr' id='par_1_30' title="bbox 28 2973 1552 3044">
     <span class='ocr_line' id='line_1_30' title="bbox 28 2973 1552 3044; baseline 0.003 -20"><span class='ocrx_word' id='word_1_210' title='bbox 28 2973 280 3039; x_wconf 74' lang='lat' dir='ltr'><strong>bujusmodi</strong></span> <span class='ocrx_word' id='word_1_211' title='bbox 313 2975 496 3044; x_wconf 83' lang='lat' dir='ltr'><strong>opinio</strong></span> <span class='ocrx_word' id='word_1_212' title='bbox 532 2976 707 3043; x_wconf 91' lang='lat' dir='ltr'><strong>foret;</strong></span> <span class='ocrx_word' id='word_1_213' title='bbox 738 2976 832 3031; x_wconf 89' lang='lat' dir='ltr'><strong>sed</strong></span> <span class='ocrx_word' id='word_1_214' title='bbox 866 2976 937 3029; x_wconf 86' lang='lat' dir='ltr'><strong>ita</strong></span> <span class='ocrx_word' id='word_1_215' title='bbox 963 2991 1087 3031; x_wconf 89' lang='lat' dir='ltr'><strong>eum</strong></span> <span class='ocrx_word' id='word_1_216' title='bbox 1118 2978 1375 3041; x_wconf 85' lang='lat' dir='ltr'><strong>sensisse,</strong></span> <span class='ocrx_word' id='word_1_217' title='bbox 1412 2978 1552 3030; x_wconf 88' lang='lat' dir='ltr'><strong>haud</strong></span> 
     </span>
    </p>
   </div>
   <div class='ocr_carea' id='block_1_31' title="bbox 27 3066 1552 3140">
    <p class='ocr_par' dir='ltr' id='par_1_31' title="bbox 27 3066 1552 3140">
     <span class='ocr_line' id='line_1_31' title="bbox 27 3066 1552 3140; baseline 0.003 -21"><span class='ocrx_word' id='word_1_218' title='bbox 27 3068 107 3120; x_wconf 76' lang='lat' dir='ltr'><strong>scio</strong></span> <span class='ocrx_word' id='word_1_219' title='bbox 131 3083 188 3120; x_wconf 81' lang='lat' dir='ltr'><strong>an</strong></span> <span class='ocrx_word' id='word_1_220' title='bbox 219 3077 333 3121; x_wconf 88' lang='lat' dir='ltr'><strong>tuto</strong></span> <span class='ocrx_word' id='word_1_221' title='bbox 382 3066 643 3122; x_wconf 78' lang='lat' dir='ltr'><strong>aﬂirtnari</strong></span> <span class='ocrx_word' id='word_1_222' title='bbox 684 3068 869 3137; x_wconf 90' lang='lat' dir='ltr'><strong>possit.</strong></span> <span class='ocrx_word' id='word_1_223' title='bbox 900 3069 1081 3122; x_wconf 89' lang='lat' dir='ltr'><strong>Potuit</strong></span> <span class='ocrx_word' id='word_1_224' title='bbox 1135 3070 1278 3123; x_wconf 88' lang='lat' dir='ltr'><strong>enim</strong></span> <span class='ocrx_word' id='word_1_225' title='bbox 1334 3072 1552 3140; x_wconf 85' lang='lat' dir='ltr'><strong>spiritus</strong></span> 
     </span>
    </p>
   </div>
   <div class='ocr_carea' id='block_1_32' title="bbox 26 3159 1553 3230">
    <p class='ocr_par' dir='ltr' id='par_1_32' title="bbox 26 3159 1553 3230">
     <span class='ocr_line' id='line_1_32' title="bbox 26 3159 1553 3230; baseline 0.005 -20"><span class='ocrx_word' id='word_1_226' title='bbox 26 3159 194 3213; x_wconf 76' lang='lat' dir='ltr'><strong>mittiue</strong></span> <span class='ocrx_word' id='word_1_227' title='bbox 229 3161 464 3215; x_wconf 87' lang='lat' dir='ltr'><strong>animum</strong></span> <span class='ocrx_word' id='word_1_228' title='bbox 505 3162 573 3214; x_wconf 90' lang='lat' dir='ltr'><strong>ab</strong></span> <span class='ocrx_word' id='word_1_229' title='bbox 611 3162 787 3214; x_wconf 89' lang='lat' dir='ltr'><strong>anima</strong></span> <span class='ocrx_word' id='word_1_230' title='bbox 844 3161 1067 3215; x_wconf 87' lang='lat' dir='ltr'><strong>rationis</strong></span> <span class='ocrx_word' id='word_1_231' title='bbox 1096 3173 1314 3230; x_wconf 78' lang='lat' dir='ltr'><strong>experte</strong></span> <span class='ocrx_word' id='word_1_232' title='bbox 1363 3163 1553 3217; x_wconf 83' lang='lat' dir='ltr'><strong>dist-iu-</strong></span> 
     </span>
    </p>
   </div>
   <div class='ocr_carea' id='block_1_33' title="bbox 24 3251 1553 3322">
    <p class='ocr_par' dir='ltr' id='par_1_33' title="bbox 24 3251 1553 3322">
     <span class='ocr_line' id='line_1_33' title="bbox 24 3251 1553 3322; baseline 0.003 -21"><span class='ocrx_word' id='word_1_233' title='bbox 24 3260 132 3301; x_wconf 81' lang='lat' dir='ltr'><strong>ctttm</strong></span> <span class='ocrx_word' id='word_1_234' title='bbox 167 3251 477 3322; x_wconf 80' lang='lat' dir='ltr'><strong>intelligere.</strong></span> <span class='ocrx_word' id='word_1_235' title='bbox 509 3252 641 3318; x_wconf 71' lang='lat' dir='ltr'><strong>Qua:</strong></span> <span class='ocrx_word' id='word_1_236' title='bbox 669 3256 711 3304; x_wconf 92' lang='lat' dir='ltr'><strong>si</strong></span> <span class='ocrx_word' id='word_1_237' title='bbox 760 3252 855 3305; x_wconf 91' lang='lat' dir='ltr'><strong>fttit</strong></span> <span class='ocrx_word' id='word_1_238' title='bbox 901 3252 1017 3319; x_wconf 85' lang='lat' dir='ltr'><strong>ejus</strong></span> <span class='ocrx_word' id='word_1_239' title='bbox 1065 3253 1271 3321; x_wconf 82' lang='lat' dir='ltr'><strong>opinio,</strong></span> <span class='ocrx_word' id='word_1_240' title='bbox 1312 3268 1420 3307; x_wconf 88' lang='lat' dir='ltr'><strong>non</strong></span> <span class='ocrx_word' id='word_1_241' title='bbox 1474 3255 1553 3306; x_wconf 91' lang='lat' dir='ltr'><strong>vi-</strong></span> 
     </span>
    </p>
   </div>
   <div class='ocr_carea' id='block_1_34' title="bbox 26 3340 1553 3413">
    <p class='ocr_par' dir='ltr' id='par_1_34' title="bbox 26 3340 1553 3413">
     <span class='ocr_line' id='line_1_34' title="bbox 26 3340 1553 3413; baseline 0.005 -23"><span class='ocrx_word' id='word_1_242' title='bbox 26 3340 147 3391; x_wconf 82' lang='lat' dir='ltr'><strong>detur</strong></span> <span class='ocrx_word' id='word_1_243' title='bbox 184 3352 288 3394; x_wconf 81' lang='lat' dir='ltr'><strong>tam</strong></span> <span class='ocrx_word' id='word_1_244' title='bbox 340 3345 685 3397; x_wconf 81' lang='lat' dir='ltr'><strong>conﬁdenter</strong></span> <span class='ocrx_word' id='word_1_245' title='bbox 729 3343 1109 3413; x_wconf 88' lang='lat' dir='ltr'><strong>improbanda,</strong></span> <span class='ocrx_word' id='word_1_246' title='bbox 1163 3352 1221 3397; x_wconf 92' lang='lat' dir='ltr'><strong>ut</strong></span> <span class='ocrx_word' id='word_1_247' title='bbox 1274 3360 1393 3398; x_wconf 88' lang='lat' dir='ltr'><strong>eam</strong></span> <span class='ocrx_word' id='word_1_248' title='bbox 1449 3344 1553 3398; x_wconf 91' lang='lat' dir='ltr'><strong>int-</strong></span> 
     </span>
    </p>
   </div>
   <div class='ocr_carea' id='block_1_35' title="bbox 26 3433 1554 3497">
    <p class='ocr_par' dir='ltr' id='par_1_35' title="bbox 26 3433 1554 3497">
     <span class='ocr_line' id='line_1_35' title="bbox 26 3433 1554 3497; baseline 0.004 -14"><span class='ocrx_word' id='word_1_249' title='bbox 26 3436 177 3497; x_wconf 78' lang='lat' dir='ltr'><strong>probat</strong></span> <span class='ocrx_word' id='word_1_250' title='bbox 217 3433 555 3488; x_wconf 80' lang='lat' dir='ltr'><strong>Gennadius.</strong></span> <span class='ocrx_word' id='word_1_251' title='bbox 612 3434 925 3488; x_wconf 85' lang='lat' dir='ltr'><strong>Lactantius</strong></span> <span class='ocrx_word' id='word_1_252' title='bbox 974 3448 1105 3489; x_wconf 87' lang='lat' dir='ltr'><strong>sane</strong></span> <span class='ocrx_word' id='word_1_253' title='bbox 1174 3435 1227 3488; x_wconf 91' lang='lat' dir='ltr'><strong>in</strong></span> <span class='ocrx_word' id='word_1_254' title='bbox 1293 3435 1431 3490; x_wconf 88' lang='lat' dir='ltr'><strong>libro</strong></span> <span class='ocrx_word' id='word_1_255' title='bbox 1478 3435 1554 3489; x_wconf 91' lang='lat' dir='ltr'><strong>De</strong></span> 
     </span>
    </p>
   </div>
   <div class='ocr_carea' id='block_1_36' title="bbox 26 3523 1555 3595">
    <p class='ocr_par' dir='ltr' id='par_1_36' title="bbox 26 3523 1555 3595">
     <span class='ocr_line' id='line_1_36' title="bbox 26 3523 1555 3595; baseline 0.003 -21"><span class='ocrx_word' id='word_1_256' title='bbox 26 3523 190 3589; x_wconf 62' lang='lat' dir='ltr'><strong>opiﬁcio</strong></span> <span class='ocrx_word' id='word_1_257' title='bbox 225 3524 317 3579; x_wconf 89' lang='lat' dir='ltr'><strong>Dei</strong></span> <span class='ocrx_word' id='word_1_258' title='bbox 348 3541 473 3595; x_wconf 89' lang='lat' dir='ltr'><strong>cap.</strong></span> <span class='ocrx_word' id='word_1_259' title='bbox 499 3528 592 3590; x_wconf 82' lang='grc'><strong>18,</strong></span> <span class='ocrx_word' id='word_1_260' title='bbox 625 3543 729 3579; x_wconf 93' lang='lat' dir='ltr'><strong>non</strong></span> <span class='ocrx_word' id='word_1_261' title='bbox 758 3536 865 3579; x_wconf 88' lang='lat' dir='ltr'><strong>tam</strong></span> <span class='ocrx_word' id='word_1_262' title='bbox 896 3524 1108 3580; x_wconf 88' lang='lat' dir='ltr'><strong>facilem</strong></span> <span class='ocrx_word' id='word_1_263' title='bbox 1137 3526 1317 3581; x_wconf 88' lang='lat' dir='ltr'><strong>solutu</strong></span> <span class='ocrx_word' id='word_1_264' title='bbox 1346 3528 1555 3581; x_wconf 84' lang='lat' dir='ltr'><strong>censuit</strong></span> 
     </span>
    </p>
   </div>
   <div class='ocr_carea' id='block_1_37' title="bbox 27 3615 1555 3685">
    <p class='ocr_par' dir='ltr' id='par_1_37' title="bbox 27 3615 1555 3685">
     <span class='ocr_line' id='line_1_37' title="bbox 27 3615 1555 3685; baseline 0.003 -20"><span class='ocrx_word' id='word_1_265' title='bbox 27 3615 349 3681; x_wconf 71' lang='lat' dir='ltr'><strong>qustiouem,</strong></span> <span class='ocrx_word' id='word_1_266' title='bbox 376 3630 487 3683; x_wconf 89' lang='lat' dir='ltr'><strong>qua</strong></span> <span class='ocrx_word' id='word_1_267' title='bbox 524 3618 805 3685; x_wconf 69' lang='lat' dir='ltr'><strong>quaeritur,</strong></span> <span class='ocrx_word' id='word_1_268' title='bbox 845 3624 1027 3668; x_wconf 91' lang='lat' dir='ltr'><strong>utrum</strong></span> <span class='ocrx_word' id='word_1_269' title='bbox 1063 3618 1275 3670; x_wconf 87' lang='lat' dir='ltr'><strong>animus</strong></span> <span class='ocrx_word' id='word_1_270' title='bbox 1310 3617 1448 3670; x_wconf 89' lang='lat' dir='ltr'><strong>idem</strong></span> <span class='ocrx_word' id='word_1_271' title='bbox 1484 3618 1555 3670; x_wconf 91' lang='lat' dir='ltr'><strong>sit</strong></span> 
     </span>
    </p>
   </div>
   <div class='ocr_carea' id='block_1_38' title="bbox 27 3706 1553 3777">
    <p class='ocr_par' dir='ltr' id='par_1_38' title="bbox 27 3706 1553 3777">
     <span class='ocr_line' id='line_1_38' title="bbox 27 3706 1553 3777; baseline 0.005 -23"><span class='ocrx_word' id='word_1_272' title='bbox 27 3717 115 3755; x_wconf 75' lang='lat' dir='ltr'><strong>cum</strong></span> <span class='ocrx_word' id='word_1_273' title='bbox 154 3707 342 3760; x_wconf 82' lang='lat' dir='ltr'><strong>anima.</strong></span> <span class='ocrx_word' id='word_1_274' title='bbox 381 3707 655 3777; x_wconf 83' lang='lat' dir='ltr'><strong>Sequitur,</strong></span> <span class='ocrx_word' id='word_1_275' title='bbox 699 3708 892 3777; x_wconf 88' lang='lat' dir='ltr'><strong>inquit,</strong></span> <span class='ocrx_word' id='word_1_276' title='bbox 940 3706 1047 3760; x_wconf 91' lang='lat' dir='ltr'><strong>alia</strong></span> <span class='ocrx_word' id='word_1_277' title='bbox 1089 3718 1137 3761; x_wconf 90' lang='lat' dir='ltr'><strong>et</strong></span> <span class='ocrx_word' id='word_1_278' title='bbox 1183 3709 1294 3776; x_wconf 89' lang='lat' dir='ltr'><strong>ipsa</strong></span> <span class='ocrx_word' id='word_1_279' title='bbox 1329 3710 1553 3762; x_wconf 85' lang='lat' dir='ltr'><strong>inextri-</strong></span> 
     </span>
    </p>
   </div>
   <div class='ocr_carea' id='block_1_39' title="bbox 27 3796 1556 3867">
    <p class='ocr_par' dir='ltr' id='par_1_39' title="bbox 27 3796 1556 3867">
     <span class='ocr_line' id='line_1_39' title="bbox 27 3796 1556 3867; baseline 0.006 -24"><span class='ocrx_word' id='word_1_280' title='bbox 27 3796 167 3848; x_wconf 70' lang='lat' dir='ltr'><strong>cabilis</strong></span> <span class='ocrx_word' id='word_1_281' title='bbox 204 3801 422 3867; x_wconf 78' lang='lat' dir='ltr'><strong>qua&#39;stia</strong></span> <span class='ocrx_word' id='word_1_282' title='bbox 468 3813 486 3850; x_wconf 90' lang='lat'><em>:</em></span> <span class='ocrx_word' id='word_1_283' title='bbox 526 3799 734 3852; x_wconf 79' lang='lat' dir='ltr'><strong>idemne</strong></span> <span class='ocrx_word' id='word_1_284' title='bbox 774 3800 841 3851; x_wconf 91' lang='lat' dir='ltr'><strong>sit</strong></span> <span class='ocrx_word' id='word_1_285' title='bbox 882 3800 1082 3863; x_wconf 87' lang='lat' dir='ltr'><strong>anima,</strong></span> <span class='ocrx_word' id='word_1_286' title='bbox 1123 3806 1173 3852; x_wconf 89' lang='lat' dir='ltr'><strong>et</strong></span> <span class='ocrx_word' id='word_1_287' title='bbox 1219 3800 1459 3863; x_wconf 87' lang='lat' dir='ltr'><strong>animus;</strong></span> <span class='ocrx_word' id='word_1_288' title='bbox 1486 3815 1556 3852; x_wconf 88' lang='lat' dir='ltr'><strong>an</strong></span> 
     </span>
    </p>
   </div>
   <div class='ocr_carea' id='block_1_40' title="bbox 28 3891 1554 3961">
    <p class='ocr_par' dir='ltr' id='par_1_40' title="bbox 28 3891 1554 3961">
     <span class='ocr_line' id='line_1_40' title="bbox 28 3891 1554 3961; baseline 0.005 -24"><span class='ocrx_word' id='word_1_289' title='bbox 28 3904 112 3939; x_wconf 72' lang='lat' dir='ltr'><strong>tero</strong></span> <span class='ocrx_word' id='word_1_290' title='bbox 136 3894 269 3943; x_wconf 76' lang='lat' dir='ltr'><strong>aliud</strong></span> <span class='ocrx_word' id='word_1_291' title='bbox 316 3894 381 3944; x_wconf 89' lang='lat' dir='ltr'><strong>sit</strong></span> <span class='ocrx_word' id='word_1_292' title='bbox 417 3892 577 3953; x_wconf 87' lang='lat' dir='ltr'><strong>illud,</strong></span> <span class='ocrx_word' id='word_1_293' title='bbox 622 3908 723 3961; x_wconf 90' lang='lat' dir='ltr'><strong>quo</strong></span> <span class='ocrx_word' id='word_1_294' title='bbox 765 3893 1006 3955; x_wconf 82' lang='lat' dir='ltr'><strong>vivimus,</strong></span> <span class='ocrx_word' id='word_1_295' title='bbox 1049 3891 1197 3944; x_wconf 86' lang='lat' dir='ltr'><strong>aliud</strong></span> <span class='ocrx_word' id='word_1_296' title='bbox 1236 3900 1409 3944; x_wconf 89' lang='lat' dir='ltr'><strong>autem</strong></span> <span class='ocrx_word' id='word_1_297' title='bbox 1452 3906 1554 3961; x_wconf 91' lang='lat' dir='ltr'><strong>quo</strong></span> 
     </span>
    </p>
   </div>
   <div class='ocr_carea' id='block_1_41' title="bbox 28 3980 1553 4050">
    <p class='ocr_par' dir='ltr' id='par_1_41' title="bbox 28 3980 1553 4050">
     <span class='ocr_line' id='line_1_41' title="bbox 28 3980 1553 4050; baseline 0.005 -23"><span class='ocrx_word' id='word_1_298' title='bbox 28 3984 251 4043; x_wconf 70' lang='lat' dir='ltr'><strong>sentimus,</strong></span> <span class='ocrx_word' id='word_1_299' title='bbox 296 3992 342 4034; x_wconf 91' lang='lat' dir='ltr'><strong>et</strong></span> <span class='ocrx_word' id='word_1_300' title='bbox 389 3985 653 4048; x_wconf 83' lang='lat' dir='ltr'><strong>sapimus.</strong></span> <span class='ocrx_word' id='word_1_301' title='bbox 708 3980 830 4034; x_wconf 85' lang='lat' dir='ltr'><strong>Non</strong></span> <span class='ocrx_word' id='word_1_302' title='bbox 889 3985 1077 4035; x_wconf 85' lang='lat' dir='ltr'><strong>desunt</strong></span> <span class='ocrx_word' id='word_1_303' title='bbox 1144 3992 1449 4050; x_wconf 86' lang='lat' dir='ltr'><strong>argumenta</strong></span> <span class='ocrx_word' id='word_1_304' title='bbox 1502 3982 1553 4034; x_wconf 88' lang='lat' dir='ltr'><strong>in</strong></span> 
     </span>
    </p>
   </div>
   <div class='ocr_carea' id='block_1_42' title="bbox 30 4072 1554 4142">
    <p class='ocr_par' dir='ltr' id='par_1_42' title="bbox 30 4072 1554 4142">
     <span class='ocr_line' id='line_1_42' title="bbox 30 4072 1554 4142; baseline 0.002 -19"><span class='ocrx_word' id='word_1_305' title='bbox 30 4086 251 4137; x_wconf 65' lang='lat' dir='ltr'><strong>minque</strong></span> <span class='ocrx_word' id='word_1_306' title='bbox 293 4084 518 4142; x_wconf 81' lang='lat' dir='ltr'><strong>portent.</strong></span> <span class='ocrx_word' id='word_1_307' title='bbox 567 4073 751 4127; x_wconf 88' lang='lat' dir='ltr'><strong>Potuit</strong></span> <span class='ocrx_word' id='word_1_308' title='bbox 797 4073 963 4126; x_wconf 83' lang='lat' dir='ltr'><strong>etiam</strong></span> <span class='ocrx_word' id='word_1_309' title='bbox 1019 4073 1277 4127; x_wconf 83' lang='lat' dir='ltr'><strong>vocabulo</strong></span> <span class='ocrx_word' id='word_1_310' title='bbox 1339 4072 1554 4139; x_wconf 85' lang='lat' dir='ltr'><strong>spiritus</strong></span> 
     </span>
    </p>
   </div>
   <div class='ocr_carea' id='block_1_43' title="bbox 30 4162 1552 4233">
    <p class='ocr_par' dir='ltr' id='par_1_43' title="bbox 30 4162 1552 4233">
     <span class='ocr_line' id='line_1_43' title="bbox 30 4162 1552 4233; baseline 0.004 -24"><span class='ocrx_word' id='word_1_311' title='bbox 30 4176 105 4213; x_wconf 74' lang='lat' dir='ltr'><strong>non</strong></span> <span class='ocrx_word' id='word_1_312' title='bbox 132 4165 331 4217; x_wconf 80' lang='lat' dir='ltr'><strong>tertiam</strong></span> <span class='ocrx_word' id='word_1_313' title='bbox 382 4165 679 4233; x_wconf 86' lang='lat' dir='ltr'><strong>quamdam</strong></span> <span class='ocrx_word' id='word_1_314' title='bbox 721 4164 1077 4218; x_wconf 81' lang='lat' dir='ltr'><strong>substantiam</strong></span> <span class='ocrx_word' id='word_1_315' title='bbox 1124 4163 1423 4231; x_wconf 73' lang='lat' dir='ltr'><strong>intelligere</strong></span> <span class='ocrx_word' id='word_1_316' title='bbox 1462 4162 1552 4215; x_wconf 63' lang='grc' dir='ltr'><strong>υἰέ</strong></span> 
     </span>
    </p>
   </div>
   <div class='ocr_carea' id='block_1_44' title="bbox 32 4255 1555 4326">
    <p class='ocr_par' dir='ltr' id='par_1_44' title="bbox 32 4255 1555 4326">
     <span class='ocr_line' id='line_1_44' title="bbox 32 4255 1555 4326; baseline 0.001 -20"><span class='ocrx_word' id='word_1_317' title='bbox 32 4262 195 4319; x_wconf 60' lang='lat' dir='ltr'><strong>litantis,</strong></span> <span class='ocrx_word' id='word_1_318' title='bbox 223 4257 316 4310; x_wconf 86' lang='lat' dir='ltr'><strong>sed</strong></span> <span class='ocrx_word' id='word_1_319' title='bbox 354 4257 537 4326; x_wconf 79' lang='grc' dir='ltr'>λόγον,</span> <span class='ocrx_word' id='word_1_320' title='bbox 570 4257 623 4310; x_wconf 92' lang='lat' dir='ltr'><strong>id</strong></span> <span class='ocrx_word' id='word_1_321' title='bbox 655 4266 735 4311; x_wconf 87' lang='lat' dir='ltr'><strong>est</strong></span> <span class='ocrx_word' id='word_1_322' title='bbox 778 4266 1034 4319; x_wconf 84' lang='lat' dir='ltr'><strong>mentem,</strong></span> <span class='ocrx_word' id='word_1_323' title='bbox 1075 4265 1167 4309; x_wconf 90' lang='lat' dir='ltr'><strong>aut</strong></span> <span class='ocrx_word' id='word_1_324' title='bbox 1211 4255 1353 4308; x_wconf 88' lang='lat' dir='ltr'><strong>aliud</strong></span> <span class='ocrx_word' id='word_1_325' title='bbox 1393 4255 1555 4324; x_wconf 88' lang='lat' dir='ltr'><strong>quid-</strong></span> 
     </span>
    </p>
   </div>
   <div class='ocr_carea' id='block_1_45' title="bbox 34 4346 1555 4415">
    <p class='ocr_par' dir='ltr' id='par_1_45' title="bbox 34 4346 1555 4415">
     <span class='ocr_line' id='line_1_45' title="bbox 34 4346 1555 4415; baseline 0.001 -18"><span class='ocrx_word' id='word_1_326' title='bbox 34 4346 133 4407; x_wconf 63' lang='lat' dir='ltr'><strong>piam</strong></span> <span class='ocrx_word' id='word_1_327' title='bbox 164 4348 225 4402; x_wconf 85' lang='lat' dir='ltr'><strong>ab</strong></span> <span class='ocrx_word' id='word_1_328' title='bbox 253 4350 434 4403; x_wconf 86' lang='lat' dir='ltr'><strong>anima</strong></span> <span class='ocrx_word' id='word_1_329' title='bbox 467 4350 783 4403; x_wconf 90' lang='lat' dir='ltr'><strong>distinctum</strong></span> <span class='ocrx_word' id='word_1_330' title='bbox 818 4364 924 4402; x_wconf 87' lang='lat' dir='ltr'><strong>non</strong></span> <span class='ocrx_word' id='word_1_331' title='bbox 950 4362 1013 4401; x_wconf 88' lang='lat' dir='ltr'><strong>ea</strong></span> <span class='ocrx_word' id='word_1_332' title='bbox 1058 4347 1425 4409; x_wconf 81' lang='lat' dir='ltr'><strong>dislinctione,</strong></span> <span class='ocrx_word' id='word_1_333' title='bbox 1460 4359 1555 4415; x_wconf 89' lang='lat' dir='ltr'><strong>per</strong></span> 
     </span>
    </p>
   </div>
   <div class='ocr_carea' id='block_1_46' title="bbox 1662 512 3244 585">
    <p class='ocr_par' dir='ltr' id='par_1_46' title="bbox 1662 512 3244 585">
     <span class='ocr_line' id='line_1_46' title="bbox 1662 512 3244 585; baseline -0.005 -13"><span class='ocrx_word' id='word_1_334' title='bbox 1662 518 1951 573; x_wconf 85' lang='lat' dir='ltr'><strong>Comment.</strong></span> <span class='ocrx_word' id='word_1_335' title='bbox 1991 518 2047 570; x_wconf 89' lang='lat' dir='ltr'><strong>in</strong></span> <span class='ocrx_word' id='word_1_336' title='bbox 2080 515 2248 584; x_wconf 83' lang='lat' dir='ltr'><strong>Epist.</strong></span> <span class='ocrx_word' id='word_1_337' title='bbox 2282 516 2349 567; x_wconf 91' lang='lat' dir='ltr'><strong>ad</strong></span> <span class='ocrx_word' id='word_1_338' title='bbox 2410 512 2598 581; x_wconf 85' lang='lat' dir='ltr'><strong>Ephes.</strong></span> <span class='ocrx_word' id='word_1_339' title='bbox 2633 512 2725 567; x_wconf 88' lang='lat' dir='ltr'><strong>lib.</strong></span> <span class='ocrx_word' id='word_1_340' title='bbox 2760 528 2841 576; x_wconf 92' lang='lat' dir='ltr'><strong>III,</strong></span> <span class='ocrx_word' id='word_1_341' title='bbox 2878 527 2996 579; x_wconf 88' lang='lat' dir='ltr'><strong>cap.</strong></span> <span class='ocrx_word' id='word_1_342' title='bbox 3029 514 3083 578; x_wconf 69' lang='lat'><strong>4,</strong></span> <span class='ocrx_word' id='word_1_343' title='bbox 3121 530 3244 585; x_wconf 83' lang='lat' dir='ltr'><strong>pag.</strong></span> 
     </span>
    </p>
   </div>
   <div class='ocr_carea' id='block_1_47' title="bbox 1662 597 3316 678">
    <p class='ocr_par' dir='ltr' id='par_1_47' title="bbox 1662 597 3316 678">
     <span class='ocr_line' id='line_1_47' title="bbox 1662 597 3316 678; baseline -0.004 -16"><span class='ocrx_word' id='word_1_344' title='bbox 1662 607 1767 663; x_wconf 72' lang='grc'><strong>652</strong></span> <span class='ocrx_word' id='word_1_345' title='bbox 1800 627 1813 663; x_wconf 94' lang='lat'><strong>:</strong></span> <span class='ocrx_word' id='word_1_346' title='bbox 1853 607 2059 678; x_wconf 89' lang='lat' dir='ltr'><strong>Signati</strong></span> <span class='ocrx_word' id='word_1_347' title='bbox 2091 617 2262 660; x_wconf 89' lang='lat' dir='ltr'><strong>autem</strong></span> <span class='ocrx_word' id='word_1_348' title='bbox 2296 622 2474 659; x_wconf 90' lang='lat' dir='ltr'><strong>sumus</strong></span> <span class='ocrx_word' id='word_1_349' title='bbox 2506 603 2706 673; x_wconf 89' lang='lat' dir='ltr'><strong>Spiritu</strong></span> <span class='ocrx_word' id='word_1_350' title='bbox 2734 604 2831 657; x_wconf 80' lang='lat' dir='ltr'><strong>Dei</strong></span> <span class='ocrx_word' id='word_1_351' title='bbox 2866 614 3067 668; x_wconf 90' lang='lat' dir='ltr'><strong>sancto,</strong></span> <span class='ocrx_word' id='word_1_352' title='bbox 3110 617 3164 657; x_wconf 90' lang='lat' dir='ltr'><strong>ut</strong></span> <span class='ocrx_word' id='word_1_353' title='bbox 3193 617 3241 657; x_wconf 89' lang='lat' dir='ltr'><strong>et</strong></span> <span class='ocrx_word' id='word_1_354' title='bbox 3312 597 3316 601; x_wconf 63' lang='grc'>’</span> 
     </span>
    </p>
   </div>
   <div class='ocr_carea' id='block_1_48' title="bbox 1659 695 3245 771">
    <p class='ocr_par' dir='ltr' id='par_1_48' title="bbox 1659 695 3245 771">
     <span class='ocr_line' id='line_1_48' title="bbox 1659 695 3245 771; baseline -0.004 -16"><span class='ocrx_word' id='word_1_355' title='bbox 1659 702 1876 771; x_wconf 87' lang='lat' dir='ltr'><strong>spiritus</strong></span> <span class='ocrx_word' id='word_1_356' title='bbox 1906 713 2081 754; x_wconf 84' lang='lat' dir='ltr'><strong>noster</strong></span> <span class='ocrx_word' id='word_1_357' title='bbox 2140 708 2187 753; x_wconf 90' lang='lat' dir='ltr'><strong>et</strong></span> <span class='ocrx_word' id='word_1_358' title='bbox 2216 698 2393 751; x_wconf 90' lang='lat' dir='ltr'><strong>anima</strong></span> <span class='ocrx_word' id='word_1_359' title='bbox 2428 697 2801 765; x_wconf 81' lang='lat' dir='ltr'><strong>imprimuntur</strong></span> <span class='ocrx_word' id='word_1_360' title='bbox 2823 696 3089 766; x_wconf 88' lang='lat' dir='ltr'><strong>signaculo</strong></span> <span class='ocrx_word' id='word_1_361' title='bbox 3125 695 3245 766; x_wconf 64' lang='lat' dir='ltr'><strong>Dei.</strong></span> 
     </span>
    </p>
   </div>
   <div class='ocr_carea' id='block_1_49' title="bbox 1660 789 3244 866">
    <p class='ocr_par' dir='ltr' id='par_1_49' title="bbox 1660 789 3244 866">
     <span class='ocr_line' id='line_1_49' title="bbox 1660 789 3244 866; baseline -0.004 -15"><span class='ocrx_word' id='word_1_362' title='bbox 1660 797 1725 851; x_wconf 85' lang='lat' dir='ltr'><strong>Et</strong></span> <span class='ocrx_word' id='word_1_363' title='bbox 1755 811 1872 866; x_wconf 87' lang='lat' dir='ltr'><strong>cap.</strong></span> <span class='ocrx_word' id='word_1_364' title='bbox 1906 795 1939 849; x_wconf 86' lang='lat'><strong>5</strong></span> <span class='ocrx_word' id='word_1_365' title='bbox 1992 794 2229 861; x_wconf 88' lang='lat' dir='ltr'><strong>ejusdem</strong></span> <span class='ocrx_word' id='word_1_366' title='bbox 2266 792 2387 846; x_wconf 90' lang='lat' dir='ltr'><strong>libri</strong></span> <span class='ocrx_word' id='word_1_367' title='bbox 2426 806 2549 862; x_wconf 88' lang='lat' dir='ltr'><strong>pag.</strong></span> <span class='ocrx_word' id='word_1_368' title='bbox 2580 790 2683 845; x_wconf 77' lang='lat' dir='ltr'><strong>6l8</strong></span> <span class='ocrx_word' id='word_1_369' title='bbox 2716 808 2729 844; x_wconf 89' lang='lat'><strong>:</strong></span> <span class='ocrx_word' id='word_1_370' title='bbox 2781 789 2999 845; x_wconf 87' lang='lat' dir='ltr'><strong>Necnon</strong></span> <span class='ocrx_word' id='word_1_371' title='bbox 3028 802 3075 845; x_wconf 88' lang='lat' dir='ltr'><strong>et</strong></span> <span class='ocrx_word' id='word_1_372' title='bbox 3110 792 3244 845; x_wconf 88' lang='lat' dir='ltr'><strong>illud</strong></span> 
     </span>
    </p>
   </div>
   <div class='ocr_carea' id='block_1_50' title="bbox 1659 884 3247 955">
    <p class='ocr_par' dir='ltr' id='par_1_50' title="bbox 1659 884 3247 955">
     <span class='ocr_line' id='line_1_50' title="bbox 1659 884 3247 955; baseline -0.003 -12"><span class='ocrx_word' id='word_1_373' title='bbox 1659 899 1736 943; x_wconf 91' lang='lat' dir='ltr'><strong>est</strong></span> <span class='ocrx_word' id='word_1_374' title='bbox 1774 889 2158 950; x_wconf 88' lang='lat' dir='ltr'><strong>disserendum,</strong></span> <span class='ocrx_word' id='word_1_375' title='bbox 2195 886 2450 955; x_wconf 88' lang='lat' dir='ltr'><strong>quomodo</strong></span> <span class='ocrx_word' id='word_1_376' title='bbox 2501 885 2592 937; x_wconf 90' lang='lat' dir='ltr'><strong>uni</strong></span> <span class='ocrx_word' id='word_1_377' title='bbox 2628 893 2779 950; x_wconf 89' lang='lat' dir='ltr'><strong>atque</strong></span> <span class='ocrx_word' id='word_1_378' title='bbox 2820 885 2989 937; x_wconf 89' lang='lat' dir='ltr'><strong>eidem</strong></span> <span class='ocrx_word' id='word_1_379' title='bbox 3036 884 3247 939; x_wconf 84' lang='lat' dir='ltr'><strong>dicatur</strong></span> 
     </span>
    </p>
   </div>
   <div class='ocr_carea' id='block_1_51' title="bbox 1657 974 3242 1050">
    <p class='ocr_par' dir='ltr' id='par_1_51' title="bbox 1657 974 3242 1050">
     <span class='ocr_line' id='line_1_51' title="bbox 1657 974 3242 1050; baseline -0.004 -18"><span class='ocrx_word' id='word_1_380' title='bbox 1657 980 1810 1050; x_wconf 88' lang='lat' dir='ltr'><strong>quasi</strong></span> <span class='ocrx_word' id='word_1_381' title='bbox 1840 979 2050 1042; x_wconf 84' lang='lat' dir='ltr'><strong>viventi,</strong></span> <span class='ocrx_word' id='word_1_382' title='bbox 2086 997 2104 1029; x_wconf 74' lang='grc' dir='ltr'><strong>ι</strong></span> <span class='ocrx_word' id='word_1_383' title='bbox 2136 977 2304 1045; x_wconf 88' lang='lat' dir='ltr'><strong>Surge</strong></span> <span class='ocrx_word' id='word_1_384' title='bbox 2332 976 2422 1046; x_wconf 90' lang='lat' dir='ltr'><strong>qui</strong></span> <span class='ocrx_word' id='word_1_385' title='bbox 2447 975 2645 1028; x_wconf 81' lang='lat' dir='ltr'><strong>dormis</strong></span> <span class='ocrx_word' id='word_1_386' title='bbox 2674 974 2740 1041; x_wconf 82' lang='grc'><strong>³⁸,</strong></span> <span class='ocrx_word' id='word_1_387' title='bbox 2779 992 2799 1027; x_wconf 77' lang='lat' dir='ltr'><strong>s</strong></span> <span class='ocrx_word' id='word_1_388' title='bbox 2836 984 2883 1028; x_wconf 90' lang='lat' dir='ltr'><strong>et</strong></span> <span class='ocrx_word' id='word_1_389' title='bbox 2919 974 3067 1043; x_wconf 88' lang='lat' dir='ltr'><strong>quasi</strong></span> <span class='ocrx_word' id='word_1_390' title='bbox 3100 990 3242 1026; x_wconf 89' lang='lat' dir='ltr'><strong>mor-</strong></span> 
     </span>
    </p>
   </div>
   <div class='ocr_carea' id='block_1_52' title="bbox 1661 1064 3243 1139">
    <p class='ocr_par' dir='ltr' id='par_1_52' title="bbox 1661 1064 3243 1139">
     <span class='ocr_line' id='line_1_52' title="bbox 1661 1064 3243 1139; baseline -0.005 -14"><span class='ocrx_word' id='word_1_391' title='bbox 1661 1082 1751 1125; x_wconf 92' lang='lat' dir='ltr'><strong>tuo</strong></span> <span class='ocrx_word' id='word_1_392' title='bbox 1773 1110 1788 1137; x_wconf 94' lang='lat'><strong>,</strong></span> <span class='ocrx_word' id='word_1_393' title='bbox 1835 1088 1854 1122; x_wconf 71' lang='grc' dir='ltr'><strong>ι</strong></span> <span class='ocrx_word' id='word_1_394' title='bbox 1890 1068 2130 1139; x_wconf 79' lang='lat' dir='ltr'><strong>Exsurge</strong></span> <span class='ocrx_word' id='word_1_395' title='bbox 2169 1086 2199 1121; x_wconf 91' lang='lat' dir='ltr'><strong>a</strong></span> <span class='ocrx_word' id='word_1_396' title='bbox 2229 1067 2449 1120; x_wconf 88' lang='lat' dir='ltr'><strong>mortuis</strong></span> <span class='ocrx_word' id='word_1_397' title='bbox 2479 1066 2545 1119; x_wconf 84' lang='grc'><strong>³⁸.</strong></span> <span class='ocrx_word' id='word_1_398' title='bbox 2580 1084 2599 1117; x_wconf 79' lang='grc' dir='ltr'><strong>ι</strong></span> <span class='ocrx_word' id='word_1_399' title='bbox 2644 1064 2821 1135; x_wconf 88' lang='lat' dir='ltr'><strong>Igitur</strong></span> <span class='ocrx_word' id='word_1_400' title='bbox 2843 1068 2965 1134; x_wconf 89' lang='lat' dir='ltr'><strong>quia</strong></span> <span class='ocrx_word' id='word_1_401' title='bbox 3007 1074 3054 1117; x_wconf 88' lang='lat' dir='ltr'><strong>et</strong></span> <span class='ocrx_word' id='word_1_402' title='bbox 3086 1065 3243 1134; x_wconf 89' lang='lat' dir='ltr'><strong>spiri-</strong></span> 
     </span>
    </p>
   </div>
   <div class='ocr_carea' id='block_1_53' title="bbox 1659 1158 3245 1230">
    <p class='ocr_par' dir='ltr' id='par_1_53' title="bbox 1659 1158 3245 1230">
     <span class='ocr_line' id='line_1_53' title="bbox 1659 1158 3245 1230; baseline -0.006 -13"><span class='ocrx_word' id='word_1_403' title='bbox 1659 1173 1741 1217; x_wconf 88' lang='lat' dir='ltr'><strong>tus</strong></span> <span class='ocrx_word' id='word_1_404' title='bbox 1768 1173 1842 1217; x_wconf 89' lang='lat' dir='ltr'><strong>est</strong></span> <span class='ocrx_word' id='word_1_405' title='bbox 1877 1162 2121 1224; x_wconf 83' lang='lat' dir='ltr'><strong>hominis,</strong></span> <span class='ocrx_word' id='word_1_406' title='bbox 2162 1175 2313 1230; x_wconf 87' lang='lat' dir='ltr'><strong>quem</strong></span> <span class='ocrx_word' id='word_1_407' title='bbox 2346 1174 2542 1228; x_wconf 81' lang='lat' dir='ltr'><strong>semper</strong></span> <span class='ocrx_word' id='word_1_408' title='bbox 2571 1158 2627 1211; x_wconf 90' lang='lat' dir='ltr'><strong>in</strong></span> <span class='ocrx_word' id='word_1_409' title='bbox 2656 1159 2844 1211; x_wconf 88' lang='lat' dir='ltr'><strong>bonam</strong></span> <span class='ocrx_word' id='word_1_410' title='bbox 2888 1167 3087 1224; x_wconf 88' lang='lat' dir='ltr'><strong>partem</strong></span> <span class='ocrx_word' id='word_1_411' title='bbox 3112 1158 3245 1209; x_wconf 88' lang='lat' dir='ltr'><strong>scri-</strong></span> 
     </span>
    </p>
   </div>
   <div class='ocr_carea' id='block_1_54' title="bbox 1658 1248 3240 1322">
    <p class='ocr_par' dir='ltr' id='par_1_54' title="bbox 1658 1248 3240 1322">
     <span class='ocr_line' id='line_1_54' title="bbox 1658 1248 3240 1322; baseline -0.005 -15"><span class='ocrx_word' id='word_1_412' title='bbox 1658 1263 1806 1322; x_wconf 89' lang='lat' dir='ltr'><strong>ptum</strong></span> <span class='ocrx_word' id='word_1_413' title='bbox 1854 1253 2207 1315; x_wconf 88' lang='lat' dir='ltr'><strong>meminimus,</strong></span> <span class='ocrx_word' id='word_1_414' title='bbox 2260 1261 2310 1304; x_wconf 90' lang='lat' dir='ltr'><strong>et</strong></span> <span class='ocrx_word' id='word_1_415' title='bbox 2347 1251 2545 1314; x_wconf 90' lang='lat' dir='ltr'><strong>anima,</strong></span> <span class='ocrx_word' id='word_1_416' title='bbox 2598 1250 2749 1315; x_wconf 79' lang='lat' dir='ltr'><strong>cuius</strong></span> <span class='ocrx_word' id='word_1_417' title='bbox 2782 1259 2831 1302; x_wconf 90' lang='lat' dir='ltr'><strong>et</strong></span> <span class='ocrx_word' id='word_1_418' title='bbox 2884 1248 3240 1315; x_wconf 83' lang='lat' dir='ltr'><strong>inﬁrmitates,</strong></span> 
     </span>
    </p>
   </div>
   <div class='ocr_carea' id='block_1_55' title="bbox 1658 1340 3240 1414">
    <p class='ocr_par' dir='ltr' id='par_1_55' title="bbox 1658 1340 3240 1414">
     <span class='ocr_line' id='line_1_55' title="bbox 1658 1340 3240 1414; baseline -0.005 -14"><span class='ocrx_word' id='word_1_419' title='bbox 1658 1356 1707 1400; x_wconf 88' lang='lat' dir='ltr'><strong>et</strong></span> <span class='ocrx_word' id='word_1_420' title='bbox 1734 1356 1924 1399; x_wconf 91' lang='lat' dir='ltr'><strong>mortes</strong></span> <span class='ocrx_word' id='word_1_421' title='bbox 1947 1345 2163 1414; x_wconf 89' lang='lat' dir='ltr'><strong>legimus</strong></span> <span class='ocrx_word' id='word_1_422' title='bbox 2197 1352 2563 1411; x_wconf 88' lang='lat' dir='ltr'><strong>peccatorum;</strong></span> <span class='ocrx_word' id='word_1_423' title='bbox 2612 1342 2665 1394; x_wconf 88' lang='lat' dir='ltr'><strong>id</strong></span> <span class='ocrx_word' id='word_1_424' title='bbox 2691 1342 2828 1411; x_wconf 88' lang='lat' dir='ltr'><strong>quod</strong></span> <span class='ocrx_word' id='word_1_425' title='bbox 2860 1357 2996 1393; x_wconf 89' lang='lat' dir='ltr'><strong>nunc</strong></span> <span class='ocrx_word' id='word_1_426' title='bbox 3025 1340 3240 1405; x_wconf 86' lang='lat' dir='ltr'><strong>dicitur,</strong></span> 
     </span>
    </p>
   </div>
   <div class='ocr_carea' id='block_1_56' title="bbox 1663 1433 3243 1509">
    <p class='ocr_par' dir='ltr' id='par_1_56' title="bbox 1663 1433 3243 1509">
     <span class='ocr_line' id='line_1_56' title="bbox 1663 1433 3243 1509; baseline -0.004 -18"><span class='ocrx_word' id='word_1_427' title='bbox 1663 1457 1683 1491; x_wconf 80' lang='lat' dir='ltr'><strong>s</strong></span> <span class='ocrx_word' id='word_1_428' title='bbox 1718 1438 1887 1509; x_wconf 86' lang='lat' dir='ltr'><strong>Surge</strong></span> <span class='ocrx_word' id='word_1_429' title='bbox 1938 1438 2027 1508; x_wconf 88' lang='lat' dir='ltr'><strong>qui</strong></span> <span class='ocrx_word' id='word_1_430' title='bbox 2076 1436 2296 1500; x_wconf 87' lang='lat' dir='ltr'><strong>dormis,</strong></span> <span class='ocrx_word' id='word_1_431' title='bbox 2330 1455 2349 1488; x_wconf 72' lang='grc' dir='ltr'><strong>ι</strong></span> <span class='ocrx_word' id='word_1_432' title='bbox 2413 1435 2677 1505; x_wconf 78' lang='lat' dir='ltr'><strong>referatur</strong></span> <span class='ocrx_word' id='word_1_433' title='bbox 2731 1439 2798 1487; x_wconf 87' lang='lat' dir='ltr'><strong>ad</strong></span> <span class='ocrx_word' id='word_1_434' title='bbox 2851 1433 3093 1502; x_wconf 89' lang='lat' dir='ltr'><strong>spiritum</strong></span> <span class='ocrx_word' id='word_1_435' title='bbox 3137 1449 3158 1488; x_wconf 89' lang='lat'><strong><em>:</em></strong></span> <span class='ocrx_word' id='word_1_436' title='bbox 3193 1441 3243 1486; x_wconf 89' lang='lat' dir='ltr'><strong>et</strong></span> 
     </span>
    </p>
   </div>
   <div class='ocr_carea' id='block_1_57' title="bbox 1658 1524 3242 1599">
    <p class='ocr_par' dir='ltr' id='par_1_57' title="bbox 1658 1524 3242 1599">
     <span class='ocr_line' id='line_1_57' title="bbox 1658 1524 3242 1599; baseline -0.004 -17"><span class='ocrx_word' id='word_1_437' title='bbox 1658 1530 1795 1599; x_wconf 88' lang='lat' dir='ltr'><strong>quod</strong></span> <span class='ocrx_word' id='word_1_438' title='bbox 1847 1528 2101 1597; x_wconf 88' lang='lat' dir='ltr'><strong>sequitur,</strong></span> <span class='ocrx_word' id='word_1_439' title='bbox 2163 1546 2183 1579; x_wconf 74' lang='grc' dir='ltr'><strong>ι</strong></span> <span class='ocrx_word' id='word_1_440' title='bbox 2226 1524 2465 1594; x_wconf 76' lang='lat' dir='ltr'><strong>Exsurge</strong></span> <span class='ocrx_word' id='word_1_441' title='bbox 2495 1540 2527 1577; x_wconf 92' lang='lat' dir='ltr'><strong>a</strong></span> <span class='ocrx_word' id='word_1_442' title='bbox 2557 1524 2814 1590; x_wconf 90' lang='lat' dir='ltr'><strong>mortuis,</strong></span> <span class='ocrx_word' id='word_1_443' title='bbox 2854 1541 2872 1575; x_wconf 77' lang='grc' dir='ltr'><strong>ι</strong></span> <span class='ocrx_word' id='word_1_444' title='bbox 2909 1525 3100 1576; x_wconf 73' lang='lat' dir='ltr'><strong>anima:</strong></span> <span class='ocrx_word' id='word_1_445' title='bbox 3152 1539 3242 1575; x_wconf 87' lang='lat' dir='ltr'><strong>co-</strong></span> 
     </span>
    </p>
   </div>
   <div class='ocr_carea' id='block_1_58' title="bbox 1657 1614 3245 1690">
    <p class='ocr_par' dir='ltr' id='par_1_58' title="bbox 1657 1614 3245 1690">
     <span class='ocr_line' id='line_1_58' title="bbox 1657 1614 3245 1690; baseline -0.003 -17"><span class='ocrx_word' id='word_1_446' title='bbox 1657 1629 1886 1690; x_wconf 90' lang='lat' dir='ltr'><strong>aptetur.</strong></span> <span class='ocrx_word' id='word_1_447' title='bbox 1922 1637 1941 1671; x_wconf 73' lang='grc' dir='ltr'><strong>ι</strong></span> <span class='ocrx_word' id='word_1_448' title='bbox 1970 1619 2165 1672; x_wconf 80' lang='lat' dir='ltr'><strong>Anima</strong></span> <span class='ocrx_word' id='word_1_449' title='bbox 2194 1618 2337 1670; x_wconf 91' lang='lat' dir='ltr'><strong>enim</strong></span> <span class='ocrx_word' id='word_1_450' title='bbox 2369 1631 2486 1685; x_wconf 66' lang='lat' dir='ltr'><strong>quae</strong></span> <span class='ocrx_word' id='word_1_451' title='bbox 2516 1615 2839 1686; x_wconf 80' lang='lat' dir='ltr'><strong>peccaverit,</strong></span> <span class='ocrx_word' id='word_1_452' title='bbox 2880 1614 2995 1684; x_wconf 88' lang='lat' dir='ltr'><strong>ipsa</strong></span> <span class='ocrx_word' id='word_1_453' title='bbox 3047 1615 3245 1668; x_wconf 89' lang='lat' dir='ltr'><strong>morie-</strong></span> 
     </span>
    </p>
   </div>
   <div class='ocr_carea' id='block_1_59' title="bbox 1661 1707 3243 1776">
    <p class='ocr_par' dir='ltr' id='par_1_59' title="bbox 1661 1707 3243 1776">
     <span class='ocr_line' id='line_1_59' title="bbox 1661 1707 3243 1776; baseline -0.004 -10"><span class='ocrx_word' id='word_1_454' title='bbox 1661 1723 1750 1766; x_wconf 87' lang='lat' dir='ltr'><strong>tur</strong></span> <span class='ocrx_word' id='word_1_455' title='bbox 1777 1711 1842 1765; x_wconf 84' lang='grc'><strong>³⁷.</strong></span> <span class='ocrx_word' id='word_1_456' title='bbox 1887 1728 1907 1763; x_wconf 73' lang='grc' dir='ltr'><strong>ι</strong></span> <span class='ocrx_word' id='word_1_457' title='bbox 1975 1708 2204 1776; x_wconf 85' lang='lat' dir='ltr'><strong>Spiritus</strong></span> <span class='ocrx_word' id='word_1_458' title='bbox 2241 1720 2416 1762; x_wconf 89' lang='lat' dir='ltr'><strong>autem</strong></span> <span class='ocrx_word' id='word_1_459' title='bbox 2460 1717 2677 1760; x_wconf 88' lang='lat' dir='ltr'><strong>mortem</strong></span> <span class='ocrx_word' id='word_1_460' title='bbox 2718 1722 2981 1775; x_wconf 87' lang='lat' dir='ltr'><strong>nunquam</strong></span> <span class='ocrx_word' id='word_1_461' title='bbox 3032 1707 3243 1760; x_wconf 85' lang='lat' dir='ltr'><strong>omnino</strong></span> 
     </span>
    </p>
   </div>
   <div class='ocr_carea' id='block_1_60' title="bbox 1590 1774 3237 1877">
    <p class='ocr_par' dir='ltr' id='par_1_60' title="bbox 1590 1774 3237 1877">
     <span class='ocr_line' id='line_1_60' title="bbox 1590 1774 3237 1877; baseline -0.004 -20"><span class='ocrx_word' id='word_1_462' title='bbox 1590 1774 1634 1829; x_wconf 72' lang='grc' dir='ltr'>Β</span> <span class='ocrx_word' id='word_1_463' title='bbox 1670 1805 1906 1874; x_wconf 88' lang='lat' dir='ltr'><strong>legimus.</strong></span> <span class='ocrx_word' id='word_1_464' title='bbox 1960 1774 2186 1877; x_wconf 63' lang='lat' dir='ltr'><strong>tremum</strong></span> <span class='ocrx_word' id='word_1_465' title='bbox 2240 1800 2294 1854; x_wconf 90' lang='lat' dir='ltr'><strong>in</strong></span> <span class='ocrx_word' id='word_1_466' title='bbox 2352 1799 2573 1868; x_wconf 84' lang='lat' dir='ltr'><strong>epistola</strong></span> <span class='ocrx_word' id='word_1_467' title='bbox 2629 1798 2764 1865; x_wconf 73' lang='lat' dir='ltr'><strong>leo,</strong></span> <span class='ocrx_word' id='word_1_468' title='bbox 2826 1774 2891 1852; x_wconf 55' lang='lat' dir='ltr'><strong>id</strong></span> <span class='ocrx_word' id='word_1_469' title='bbox 2937 1796 3237 1866; x_wconf 83' lang='lat' dir='ltr'><strong>lledibiam,</strong></span> 
     </span>
    </p>
   </div>
   <div class='ocr_carea' id='block_1_61' title="bbox 31 1880 1605 1950">
    <p class='ocr_par' dir='ltr' id='par_1_61' title="bbox 31 1880 1605 1950">
     <span class='ocr_line' id='line_1_61' title="bbox 31 1880 1605 1950; baseline 0.005 -21"><span class='ocrx_word' id='word_1_470' title='bbox 31 1881 199 1931; x_wconf 80' lang='lat' dir='ltr'><strong>lrl&#39;llllﬂl</strong></span> <span class='ocrx_word' id='word_1_471' title='bbox 263 1880 524 1948; x_wconf 90' lang='lat' dir='ltr'><strong>quiddam</strong></span> <span class='ocrx_word' id='word_1_472' title='bbox 580 1881 633 1934; x_wconf 90' lang='lat' dir='ltr'><strong>in</strong></span> <span class='ocrx_word' id='word_1_473' title='bbox 696 1880 934 1945; x_wconf 88' lang='lat' dir='ltr'><strong>homine,</strong></span> <span class='ocrx_word' id='word_1_474' title='bbox 970 1892 1166 1950; x_wconf 57' lang='lat' dir='ltr'><strong>prater</strong></span> <span class='ocrx_word' id='word_1_475' title='bbox 1220 1881 1457 1935; x_wconf 90' lang='lat' dir='ltr'><strong>animam</strong></span> <span class='ocrx_word' id='word_1_476' title='bbox 1503 1890 1605 1937; x_wconf 70' lang='lat' dir='ltr'><strong>et-</strong></span> 
     </span>
    </p>
   </div>
   <div class='ocr_carea' id='block_1_62' title="bbox 1662 1888 3234 1967">
    <p class='ocr_par' dir='ltr' id='par_1_62' title="bbox 1662 1888 3234 1967">
     <span class='ocr_line' id='line_1_62' title="bbox 1662 1888 3234 1967; baseline -0.005 -15"><span class='ocrx_word' id='word_1_477' title='bbox 1662 1911 1936 1967; x_wconf 84' lang='lat' dir='ltr'><strong>exponens</strong></span> <span class='ocrx_word' id='word_1_478' title='bbox 2002 1894 2361 1964; x_wconf 86' lang='lat' dir='ltr'><strong>Hieronymus</strong></span> <span class='ocrx_word' id='word_1_479' title='bbox 2416 1892 2528 1959; x_wconf 92' lang='lat' dir='ltr'><strong>ipse</strong></span> <span class='ocrx_word' id='word_1_480' title='bbox 2584 1891 2740 1944; x_wconf 88' lang='lat' dir='ltr'><strong>allata</strong></span> <span class='ocrx_word' id='word_1_481' title='bbox 2796 1888 2945 1944; x_wconf 85' lang='lat' dir='ltr'><strong>Pauli</strong></span> <span class='ocrx_word' id='word_1_482' title='bbox 2994 1888 3157 1944; x_wconf 87' lang='lat' dir='ltr'><strong>verba</strong></span> <span class='ocrx_word' id='word_1_483' title='bbox 3219 1908 3234 1944; x_wconf 91' lang='lat'><strong>:</strong></span> 
     </span>
    </p>
   </div>
   <div class='ocr_carea' id='block_1_63' title="bbox 1668 1981 3244 2056">
    <p class='ocr_par' dir='ltr' id='par_1_63' title="bbox 1668 1981 3244 2056">
     <span class='ocr_line' id='line_1_63' title="bbox 1668 1981 3244 2056; baseline -0.006 -13"><span class='ocrx_word' id='word_1_484' title='bbox 1668 1986 1733 2043; x_wconf 89' lang='lat' dir='ltr'><strong>Ut</strong></span> <span class='ocrx_word' id='word_1_485' title='bbox 1794 1988 2017 2056; x_wconf 88' lang='lat' dir='ltr'><strong>integer.</strong></span> <span class='ocrx_word' id='word_1_486' title='bbox 2057 1985 2269 2055; x_wconf 86' lang='lat' dir='ltr'><strong>spiritus</strong></span> <span class='ocrx_word' id='word_1_487' title='bbox 2336 1993 2519 2047; x_wconf 86' lang='lat' dir='ltr'><strong>vester,</strong></span> <span class='ocrx_word' id='word_1_488' title='bbox 2583 1990 2632 2035; x_wconf 91' lang='lat' dir='ltr'><strong>et</strong></span> <span class='ocrx_word' id='word_1_489' title='bbox 2698 1981 2920 2048; x_wconf 89' lang='lat' dir='ltr'><strong>anima,</strong></span> <span class='ocrx_word' id='word_1_490' title='bbox 2998 1991 3045 2035; x_wconf 88' lang='lat' dir='ltr'><strong>et</strong></span> <span class='ocrx_word' id='word_1_491' title='bbox 3126 1997 3244 2034; x_wconf 90' lang='lat' dir='ltr'><strong>cor-</strong></span> 
     </span>
    </p>
   </div>
   <div class='ocr_carea' id='block_1_64' title="bbox 1664 2074 3245 2151">
    <p class='ocr_par' dir='ltr' id='par_1_64' title="bbox 1664 2074 3245 2151">
     <span class='ocr_line' id='line_1_64' title="bbox 1664 2074 3245 2151; baseline -0.003 -19"><span class='ocrx_word' id='word_1_492' title='bbox 1664 2098 1760 2151; x_wconf 87' lang='lat' dir='ltr'><strong>pus</strong></span> <span class='ocrx_word' id='word_1_493' title='bbox 1797 2080 1864 2143; x_wconf 75' lang='lat'><strong>”,</strong></span> <span class='ocrx_word' id='word_1_494' title='bbox 1913 2089 2045 2143; x_wconf 91' lang='lat' dir='ltr'><strong>etc.,</strong></span> <span class='ocrx_word' id='word_1_495' title='bbox 2088 2087 2209 2148; x_wconf 86' lang='lat' dir='ltr'><strong>post</strong></span> <span class='ocrx_word' id='word_1_496' title='bbox 2260 2076 2533 2147; x_wconf 73' lang='lat' dir='ltr'><strong>explosum</strong></span> <span class='ocrx_word' id='word_1_497' title='bbox 2591 2075 2967 2130; x_wconf 69' lang='lat' dir='ltr'><strong>haereticorum</strong></span> <span class='ocrx_word' id='word_1_498' title='bbox 3009 2074 3245 2144; x_wconf 78' lang='lat' dir='ltr'><strong>explica-</strong></span> 
     </span>
    </p>
   </div>
   <div class='ocr_carea' id='block_1_65' title="bbox 1667 2166 3243 2242">
    <p class='ocr_par' dir='ltr' id='par_1_65' title="bbox 1667 2166 3243 2242">
     <span class='ocr_line' id='line_1_65' title="bbox 1667 2166 3243 2242; baseline -0.004 -14"><span class='ocrx_word' id='word_1_499' title='bbox 1667 2175 1888 2237; x_wconf 90' lang='lat' dir='ltr'><strong>tionem,</strong></span> <span class='ocrx_word' id='word_1_500' title='bbox 1926 2182 2159 2242; x_wconf 85' lang='lat' dir='ltr'><strong>quatuor</strong></span> <span class='ocrx_word' id='word_1_501' title='bbox 2188 2170 2323 2224; x_wconf 88' lang='lat' dir='ltr'><strong>alias</strong></span> <span class='ocrx_word' id='word_1_502' title='bbox 2367 2168 2527 2223; x_wconf 73' lang='lat' dir='ltr'><strong>alfert</strong></span> <span class='ocrx_word' id='word_1_503' title='bbox 2556 2166 3050 2236; x_wconf 88' lang='lat' dir='ltr'><strong>interpretationes,</strong></span> <span class='ocrx_word' id='word_1_504' title='bbox 3080 2178 3243 2235; x_wconf 85' lang='lat' dir='ltr'><strong>atque</strong></span> 
     </span>
    </p>
   </div>
   <div class='ocr_carea' id='block_1_66' title="bbox 1663 2256 3239 2332">
    <p class='ocr_par' dir='ltr' id='par_1_66' title="bbox 1663 2256 3239 2332">
     <span class='ocr_line' id='line_1_66' title="bbox 1663 2256 3239 2332; baseline -0.004 -14"><span class='ocrx_word' id='word_1_505' title='bbox 1663 2265 1802 2318; x_wconf 87' lang='lat' dir='ltr'><strong>inter</strong></span> <span class='ocrx_word' id='word_1_506' title='bbox 1858 2273 2084 2317; x_wconf 66' lang='lat' dir='ltr'><strong>caeteras</strong></span> <span class='ocrx_word' id='word_1_507' title='bbox 2143 2260 2351 2332; x_wconf 88' lang='lat' dir='ltr'><strong>Didymi</strong></span> <span class='ocrx_word' id='word_1_508' title='bbox 2392 2261 2553 2315; x_wconf 88' lang='lat' dir='ltr'><strong>etiam</strong></span> <span class='ocrx_word' id='word_1_509' title='bbox 2597 2259 2928 2328; x_wconf 88' lang='lat' dir='ltr'><strong>opinionem.</strong></span> <span class='ocrx_word' id='word_1_510' title='bbox 2980 2256 3069 2311; x_wconf 91' lang='lat' dir='ltr'><strong>llla</strong></span> <span class='ocrx_word' id='word_1_511' title='bbox 3116 2259 3239 2328; x_wconf 86' lang='lat' dir='ltr'><strong>qui-</strong></span> 
     </span>
    </p>
   </div>
   <div class='ocr_carea' id='block_1_67' title="bbox 1661 2350 3242 2424">
    <p class='ocr_par' dir='ltr' id='par_1_67' title="bbox 1661 2350 3242 2424">
     <span class='ocr_line' id='line_1_67' title="bbox 1661 2350 3242 2424; baseline -0.003 -16"><span class='ocrx_word' id='word_1_512' title='bbox 1661 2356 1805 2422; x_wconf 91' lang='lat' dir='ltr'><strong>dem,</strong></span> <span class='ocrx_word' id='word_1_513' title='bbox 1858 2370 2017 2424; x_wconf 86' lang='lat' dir='ltr'><strong>quam</strong></span> <span class='ocrx_word' id='word_1_514' title='bbox 2074 2352 2439 2423; x_wconf 88' lang='lat' dir='ltr'><strong>Hieronymus</strong></span> <span class='ocrx_word' id='word_1_515' title='bbox 2484 2352 2597 2420; x_wconf 89' lang='lat' dir='ltr'><strong>ipse</strong></span> <span class='ocrx_word' id='word_1_516' title='bbox 2647 2351 3012 2420; x_wconf 89' lang='lat' dir='ltr'><strong>amplectitur,</strong></span> <span class='ocrx_word' id='word_1_517' title='bbox 3065 2350 3118 2403; x_wconf 92' lang='lat' dir='ltr'><strong>in</strong></span> <span class='ocrx_word' id='word_1_518' title='bbox 3177 2365 3242 2404; x_wconf 90' lang='lat' dir='ltr'><strong>eo</strong></span> 
     </span>
    </p>
   </div>
   <div class='ocr_carea' id='block_1_68' title="bbox 1663 2440 3239 2513">
    <p class='ocr_par' dir='ltr' id='par_1_68' title="bbox 1663 2440 3239 2513">
     <span class='ocr_line' id='line_1_68' title="bbox 1663 2440 3239 2513; baseline -0.003 -15"><span class='ocrx_word' id='word_1_519' title='bbox 1663 2445 1767 2498; x_wconf 87' lang='lat' dir='ltr'><strong>sita</strong></span> <span class='ocrx_word' id='word_1_520' title='bbox 1803 2453 1905 2509; x_wconf 90' lang='lat' dir='ltr'><strong>est,</strong></span> <span class='ocrx_word' id='word_1_521' title='bbox 1940 2454 1993 2497; x_wconf 90' lang='lat' dir='ltr'><strong>ut</strong></span> <span class='ocrx_word' id='word_1_522' title='bbox 2029 2443 2246 2513; x_wconf 88' lang='lat' dir='ltr'><strong>spiritus</strong></span> <span class='ocrx_word' id='word_1_523' title='bbox 2304 2441 2523 2496; x_wconf 88' lang='lat' dir='ltr'><strong>nomine</strong></span> <span class='ocrx_word' id='word_1_524' title='bbox 2579 2440 2778 2495; x_wconf 84' lang='lat' dir='ltr'><strong>Paulus</strong></span> <span class='ocrx_word' id='word_1_525' title='bbox 2819 2456 2924 2494; x_wconf 92' lang='lat' dir='ltr'><strong>non</strong></span> <span class='ocrx_word' id='word_1_526' title='bbox 2982 2440 3239 2509; x_wconf 91' lang='lat' dir='ltr'><strong>Spiritum</strong></span> 
     </span>
    </p>
   </div>
   <div class='ocr_carea' id='block_1_69' title="bbox 1662 2530 3239 2601">
    <p class='ocr_par' dir='ltr' id='par_1_69' title="bbox 1662 2530 3239 2601">
     <span class='ocr_line' id='line_1_69' title="bbox 1662 2530 3239 2601; baseline -0.003 -10"><span class='ocrx_word' id='word_1_527' title='bbox 1662 2545 1929 2601; x_wconf 88' lang='lat' dir='ltr'><strong>sanctum,</strong></span> <span class='ocrx_word' id='word_1_528' title='bbox 1969 2544 2027 2590; x_wconf 93' lang='lat' dir='ltr'><strong>ut</strong></span> <span class='ocrx_word' id='word_1_529' title='bbox 2056 2534 2308 2589; x_wconf 88' lang='lat' dir='ltr'><strong>volebant</strong></span> <span class='ocrx_word' id='word_1_530' title='bbox 2363 2532 2629 2597; x_wconf 64' lang='lat' dir='ltr'><strong>haeretici,</strong></span> <span class='ocrx_word' id='word_1_531' title='bbox 2678 2533 2770 2587; x_wconf 86' lang='lat' dir='ltr'><strong>sed</strong></span> <span class='ocrx_word' id='word_1_532' title='bbox 2806 2530 3038 2601; x_wconf 89' lang='lat' dir='ltr'><strong>Spiritus</strong></span> <span class='ocrx_word' id='word_1_533' title='bbox 3067 2532 3239 2586; x_wconf 89' lang='lat' dir='ltr'><strong>sancti</strong></span> 
     </span>
    </p>
   </div>
   <div class='ocr_carea' id='block_1_70' title="bbox 1661 2622 3240 2696">
    <p class='ocr_par' dir='ltr' id='par_1_70' title="bbox 1661 2622 3240 2696">
     <span class='ocr_line' id='line_1_70' title="bbox 1661 2622 3240 2696; baseline -0.002 -16"><span class='ocrx_word' id='word_1_534' title='bbox 1661 2628 1801 2680; x_wconf 90' lang='lat' dir='ltr'><strong>dona</strong></span> <span class='ocrx_word' id='word_1_535' title='bbox 1833 2628 2092 2696; x_wconf 83' lang='lat' dir='ltr'><strong>designet.</strong></span> <span class='ocrx_word' id='word_1_536' title='bbox 2127 2625 2299 2693; x_wconf 83' lang='lat' dir='ltr'><strong>Quam</strong></span> <span class='ocrx_word' id='word_1_537' title='bbox 2329 2639 2457 2679; x_wconf 87' lang='lat' dir='ltr'><strong>vero</strong></span> <span class='ocrx_word' id='word_1_538' title='bbox 2506 2622 2768 2694; x_wconf 82' lang='lat' dir='ltr'><strong>Didymus</strong></span> <span class='ocrx_word' id='word_1_539' title='bbox 2817 2624 3082 2692; x_wconf 83' lang='lat' dir='ltr'><strong>probavit,</strong></span> <span class='ocrx_word' id='word_1_540' title='bbox 3134 2639 3240 2677; x_wconf 84' lang='lat' dir='ltr'><strong>una</strong></span> 
     </span>
    </p>
   </div>
   <div class='ocr_carea' id='block_1_71' title="bbox 1664 2714 3239 2785">
    <p class='ocr_par' dir='ltr' id='par_1_71' title="bbox 1664 2714 3239 2785">
     <span class='ocr_line' id='line_1_71' title="bbox 1664 2714 3239 2785; baseline -0.003 -13"><span class='ocrx_word' id='word_1_541' title='bbox 1664 2728 1746 2772; x_wconf 89' lang='lat' dir='ltr'><strong>est</strong></span> <span class='ocrx_word' id='word_1_542' title='bbox 1780 2732 1847 2772; x_wconf 81' lang='lat' dir='ltr'><strong>ex</strong></span> <span class='ocrx_word' id='word_1_543' title='bbox 1876 2718 2070 2781; x_wconf 90' lang='lat' dir='ltr'><strong>tribus,</strong></span> <span class='ocrx_word' id='word_1_544' title='bbox 2104 2731 2241 2785; x_wconf 89' lang='lat' dir='ltr'><strong>quas</strong></span> <span class='ocrx_word' id='word_1_545' title='bbox 2272 2716 2422 2771; x_wconf 89' lang='lat' dir='ltr'><strong>hisce</strong></span> <span class='ocrx_word' id='word_1_546' title='bbox 2447 2714 2628 2769; x_wconf 84' lang='lat' dir='ltr'><strong>verbis</strong></span> <span class='ocrx_word' id='word_1_547' title='bbox 2650 2716 2870 2783; x_wconf 76' lang='lat' dir='ltr'><strong>exponit</strong></span> <span class='ocrx_word' id='word_1_548' title='bbox 2899 2724 3121 2768; x_wconf 84' lang='lat' dir='ltr'><strong>sanctus</strong></span> <span class='ocrx_word' id='word_1_549' title='bbox 3144 2714 3239 2768; x_wconf 83' lang='lat' dir='ltr'><strong>do-</strong></span> 
     </span>
    </p>
   </div>
   <div class='ocr_carea' id='block_1_72' title="bbox 1662 2804 3239 2875">
    <p class='ocr_par' dir='ltr' id='par_1_72' title="bbox 1662 2804 3239 2875">
     <span class='ocr_line' id='line_1_72' title="bbox 1662 2804 3239 2875; baseline -0.004 -13"><span class='ocrx_word' id='word_1_550' title='bbox 1662 2822 1818 2863; x_wconf 88' lang='lat' dir='ltr'><strong>etur:</strong></span> <span class='ocrx_word' id='word_1_551' title='bbox 1859 2806 2019 2861; x_wconf 80' lang='lat' dir='ltr'><strong>Multi</strong></span> <span class='ocrx_word' id='word_1_552' title='bbox 2058 2806 2371 2875; x_wconf 89' lang='lat' dir='ltr'><strong>simpliciter</strong></span> <span class='ocrx_word' id='word_1_553' title='bbox 2404 2805 2540 2858; x_wconf 89' lang='lat' dir='ltr'><strong>hunc</strong></span> <span class='ocrx_word' id='word_1_554' title='bbox 2574 2804 2743 2857; x_wconf 91' lang='lat' dir='ltr'><strong>locum</strong></span> <span class='ocrx_word' id='word_1_555' title='bbox 2777 2804 2841 2858; x_wconf 88' lang='lat' dir='ltr'><strong>de</strong></span> <span class='ocrx_word' id='word_1_556' title='bbox 2901 2804 3239 2856; x_wconf 89' lang='lat' dir='ltr'><strong>resurrectio-</strong></span> 
     </span>
    </p>
   </div>
   <div class='ocr_carea' id='block_1_73' title="bbox 1664 2898 3239 2970">
    <p class='ocr_par' dir='ltr' id='par_1_73' title="bbox 1664 2898 3239 2970">
     <span class='ocr_line' id='line_1_73' title="bbox 1664 2898 3239 2970; baseline -0.003 -15"><span class='ocrx_word' id='word_1_557' title='bbox 1664 2919 1726 2955; x_wconf 89' lang='lat' dir='ltr'><strong>ne</strong></span> <span class='ocrx_word' id='word_1_558' title='bbox 1756 2900 2091 2970; x_wconf 88' lang='lat' dir='ltr'><strong>intelligunt;</strong></span> <span class='ocrx_word' id='word_1_559' title='bbox 2135 2912 2189 2952; x_wconf 90' lang='lat' dir='ltr'><strong>ut</strong></span> <span class='ocrx_word' id='word_1_560' title='bbox 2227 2908 2275 2953; x_wconf 91' lang='lat' dir='ltr'><strong>et</strong></span> <span class='ocrx_word' id='word_1_561' title='bbox 2307 2900 2542 2968; x_wconf 86' lang='lat' dir='ltr'><strong>spiritus,</strong></span> <span class='ocrx_word' id='word_1_562' title='bbox 2571 2906 2618 2951; x_wconf 91' lang='lat' dir='ltr'><strong>et</strong></span> <span class='ocrx_word' id='word_1_563' title='bbox 2653 2898 2849 2961; x_wconf 90' lang='lat' dir='ltr'><strong>anima,</strong></span> <span class='ocrx_word' id='word_1_564' title='bbox 2883 2908 2931 2950; x_wconf 89' lang='lat' dir='ltr'><strong>et</strong></span> <span class='ocrx_word' id='word_1_565' title='bbox 2956 2913 3142 2964; x_wconf 87' lang='lat' dir='ltr'><strong>corpus</strong></span> <span class='ocrx_word' id='word_1_566' title='bbox 3185 2898 3239 2951; x_wconf 90' lang='lat' dir='ltr'><strong>in</strong></span> 
     </span>
    </p>
   </div>
   <div class='ocr_carea' id='block_1_74' title="bbox 1663 2989 3240 3061">
    <p class='ocr_par' dir='ltr' id='par_1_74' title="bbox 1663 2989 3240 3061">
     <span class='ocr_line' id='line_1_74' title="bbox 1663 2989 3240 3061; baseline -0.003 -14"><span class='ocrx_word' id='word_1_567' title='bbox 1663 2996 1885 3049; x_wconf 88' lang='lat' dir='ltr'><strong>adventu</strong></span> <span class='ocrx_word' id='word_1_568' title='bbox 1948 2992 2163 3046; x_wconf 90' lang='lat' dir='ltr'><strong>Domini</strong></span> <span class='ocrx_word' id='word_1_569' title='bbox 2208 2992 2409 3061; x_wconf 80' lang='lat' dir='ltr'><strong>integra</strong></span> <span class='ocrx_word' id='word_1_570' title='bbox 2464 3000 2850 3044; x_wconf 86' lang='lat' dir='ltr'><strong>conserventur.</strong></span> <span class='ocrx_word' id='word_1_571' title='bbox 2882 2989 2989 3043; x_wconf 85' lang='lat' dir='ltr'><strong>Alii</strong></span> <span class='ocrx_word' id='word_1_572' title='bbox 3029 3006 3092 3043; x_wconf 85' lang='lat' dir='ltr'><strong>ex</strong></span> <span class='ocrx_word' id='word_1_573' title='bbox 3145 2990 3240 3043; x_wconf 87' lang='lat' dir='ltr'><strong>hoc</strong></span> 
     </span>
    </p>
   </div>
   <div class='ocr_carea' id='block_1_75' title="bbox 1581 3082 3243 3172">
    <p class='ocr_par' dir='ltr' id='par_1_75' title="bbox 1581 3082 3243 3172">
     <span class='ocr_line' id='line_1_75' title="bbox 1581 3082 3243 3172; baseline -0.003 -31"><span class='ocrx_word' id='word_1_574' title='bbox 1581 3114 1623 3172; x_wconf 67' lang='grc' dir='ltr'>ο</span> <span class='ocrx_word' id='word_1_575' title='bbox 1660 3088 1775 3141; x_wconf 86' lang='lat' dir='ltr'><strong>loco</strong></span> <span class='ocrx_word' id='word_1_576' title='bbox 1812 3087 2066 3154; x_wconf 86' lang='lat' dir='ltr'><strong>triplicem</strong></span> <span class='ocrx_word' id='word_1_577' title='bbox 2098 3087 2151 3139; x_wconf 91' lang='lat' dir='ltr'><strong>in</strong></span> <span class='ocrx_word' id='word_1_578' title='bbox 2199 3085 2405 3140; x_wconf 82' lang='lat' dir='ltr'><strong>homine</strong></span> <span class='ocrx_word' id='word_1_579' title='bbox 2462 3084 2640 3139; x_wconf 90' lang='lat' dir='ltr'><strong>volunt</strong></span> <span class='ocrx_word' id='word_1_580' title='bbox 2693 3084 2951 3153; x_wconf 70' lang='lat' dir='ltr'><strong>afﬁrmare</strong></span> <span class='ocrx_word' id='word_1_581' title='bbox 2998 3082 3243 3137; x_wconf 82' lang='lat' dir='ltr'><strong>substan-</strong></span> 
     </span>
    </p>
   </div>
   <div class='ocr_carea' id='block_1_76' title="bbox 1658 3177 3238 3248">
    <p class='ocr_par' dir='ltr' id='par_1_76' title="bbox 1658 3177 3238 3248">
     <span class='ocr_line' id='line_1_76' title="bbox 1658 3177 3238 3248; baseline -0.003 -16"><span class='ocrx_word' id='word_1_582' title='bbox 1658 3181 1784 3242; x_wconf 63' lang='lat' dir='ltr'><strong>tiam</strong></span> <span class='ocrx_word' id='word_1_583' title='bbox 1812 3195 1833 3234; x_wconf 90' lang='lat'><strong><em>:</em></strong></span> <span class='ocrx_word' id='word_1_584' title='bbox 1874 3178 2112 3248; x_wconf 84' lang='lat' dir='ltr'><strong>spiritus,</strong></span> <span class='ocrx_word' id='word_1_585' title='bbox 2138 3194 2238 3248; x_wconf 87' lang='lat' dir='ltr'><strong>quo</strong></span> <span class='ocrx_word' id='word_1_586' title='bbox 2265 3179 2513 3231; x_wconf 86' lang='lat' dir='ltr'><strong>sentimus</strong></span> <span class='ocrx_word' id='word_1_587' title='bbox 2537 3192 2557 3240; x_wconf 84' lang='lat'><strong>;</strong></span> <span class='ocrx_word' id='word_1_588' title='bbox 2597 3178 2809 3242; x_wconf 67' lang='lat' dir='ltr'><strong>animos,</strong></span> <span class='ocrx_word' id='word_1_589' title='bbox 2840 3193 2943 3246; x_wconf 88' lang='lat' dir='ltr'><strong>qua</strong></span> <span class='ocrx_word' id='word_1_590' title='bbox 2979 3177 3193 3230; x_wconf 86' lang='lat' dir='ltr'><strong>vivimus</strong></span> <span class='ocrx_word' id='word_1_591' title='bbox 3219 3193 3238 3240; x_wconf 88' lang='lat'><strong>;</strong></span> 
     </span>
    </p>
   </div>
   <div class='ocr_carea' id='block_1_77' title="bbox 1654 3266 3237 3339">
    <p class='ocr_par' dir='ltr' id='par_1_77' title="bbox 1654 3266 3237 3339">
     <span class='ocr_line' id='line_1_77' title="bbox 1654 3266 3237 3339; baseline -0.003 -15"><span class='ocrx_word' id='word_1_592' title='bbox 1654 3272 1905 3337; x_wconf 84' lang='lat' dir='ltr'><strong>corporis,</strong></span> <span class='ocrx_word' id='word_1_593' title='bbox 1935 3286 2036 3339; x_wconf 88' lang='lat' dir='ltr'><strong>quo</strong></span> <span class='ocrx_word' id='word_1_594' title='bbox 2074 3269 2383 3323; x_wconf 88' lang='lat' dir='ltr'><strong>incedimus.</strong></span> <span class='ocrx_word' id='word_1_595' title='bbox 2424 3266 2554 3323; x_wconf 87' lang='lat' dir='ltr'><strong>Sunt</strong></span> <span class='ocrx_word' id='word_1_596' title='bbox 2588 3268 2678 3337; x_wconf 89' lang='lat' dir='ltr'><strong>qui</strong></span> <span class='ocrx_word' id='word_1_597' title='bbox 2708 3283 2772 3321; x_wconf 90' lang='lat' dir='ltr'><strong>ex</strong></span> <span class='ocrx_word' id='word_1_598' title='bbox 2814 3269 2992 3321; x_wconf 82' lang='lat' dir='ltr'><strong>anima</strong></span> <span class='ocrx_word' id='word_1_599' title='bbox 3014 3278 3237 3327; x_wconf 79' lang='lat' dir='ltr'><strong>tantum,</strong></span> 
     </span>
    </p>
   </div>
   <div class='ocr_carea' id='block_1_78' title="bbox 1654 3358 3239 3429">
    <p class='ocr_par' dir='ltr' id='par_1_78' title="bbox 1654 3358 3239 3429">
     <span class='ocr_line' id='line_1_78' title="bbox 1654 3358 3239 3429; baseline -0.002 -16"><span class='ocrx_word' id='word_1_600' title='bbox 1654 3374 1701 3413; x_wconf 86' lang='lat' dir='ltr'><strong>et</strong></span> <span class='ocrx_word' id='word_1_601' title='bbox 1735 3376 1947 3429; x_wconf 87' lang='lat' dir='ltr'><strong>corpore</strong></span> <span class='ocrx_word' id='word_1_602' title='bbox 1981 3358 2259 3413; x_wconf 89' lang='lat' dir='ltr'><strong>subsistere</strong></span> <span class='ocrx_word' id='word_1_603' title='bbox 2310 3358 2569 3411; x_wconf 85' lang='lat' dir='ltr'><strong>hominem</strong></span> <span class='ocrx_word' id='word_1_604' title='bbox 2617 3360 2948 3420; x_wconf 85' lang='lat' dir='ltr'><strong>disserentes,</strong></span> <span class='ocrx_word' id='word_1_605' title='bbox 3000 3359 3239 3425; x_wconf 86' lang='lat' dir='ltr'><strong>spiritum</strong></span> 
     </span>
    </p>
   </div>
   <div class='ocr_carea' id='block_1_79' title="bbox 1654 3448 3240 3517">
    <p class='ocr_par' dir='ltr' id='par_1_79' title="bbox 1654 3448 3240 3517">
     <span class='ocr_line' id='line_1_79' title="bbox 1654 3448 3240 3517; baseline -0.003 -12"><span class='ocrx_word' id='word_1_606' title='bbox 1654 3452 1709 3505; x_wconf 89' lang='lat' dir='ltr'><strong>in</strong></span> <span class='ocrx_word' id='word_1_607' title='bbox 1750 3468 1809 3504; x_wconf 92' lang='lat' dir='ltr'><strong>eo</strong></span> <span class='ocrx_word' id='word_1_608' title='bbox 1849 3451 2063 3504; x_wconf 90' lang='lat' dir='ltr'><strong>tertium</strong></span> <span class='ocrx_word' id='word_1_609' title='bbox 2110 3466 2211 3503; x_wconf 90' lang='lat' dir='ltr'><strong>non</strong></span> <span class='ocrx_word' id='word_1_610' title='bbox 2263 3449 2609 3503; x_wconf 84' lang='lat' dir='ltr'><strong>substantiam</strong></span> <span class='ocrx_word' id='word_1_611' title='bbox 2657 3448 2813 3502; x_wconf 89' lang='lat' dir='ltr'><strong>velint</strong></span> <span class='ocrx_word' id='word_1_612' title='bbox 2854 3448 3104 3517; x_wconf 79' lang='lat' dir='ltr'><strong>intelligi,</strong></span> <span class='ocrx_word' id='word_1_613' title='bbox 3149 3448 3240 3501; x_wconf 89' lang='lat' dir='ltr'><strong>sed</strong></span> 
     </span>
    </p>
   </div>
   <div class='ocr_carea' id='block_1_80' title="bbox 1654 3540 3239 3612">
    <p class='ocr_par' dir='ltr' id='par_1_80' title="bbox 1654 3540 3239 3612">
     <span class='ocr_line' id='line_1_80' title="bbox 1654 3540 3239 3612; baseline -0.003 -16"><span class='ocrx_word' id='word_1_614' title='bbox 1654 3543 2005 3612; x_wconf 72' lang='lat' dir='ltr'><strong>efficientiam,</strong></span> <span class='ocrx_word' id='word_1_615' title='bbox 2045 3558 2135 3609; x_wconf 86' lang='lat' dir='ltr'><strong>per</strong></span> <span class='ocrx_word' id='word_1_616' title='bbox 2161 3557 2319 3611; x_wconf 89' lang='lat' dir='ltr'><strong>quam</strong></span> <span class='ocrx_word' id='word_1_617' title='bbox 2350 3552 2397 3594; x_wconf 93' lang='lat' dir='ltr'><strong>et</strong></span> <span class='ocrx_word' id='word_1_618' title='bbox 2429 3557 2570 3594; x_wconf 86' lang='lat' dir='ltr'><strong>mens</strong></span> <span class='ocrx_word' id='word_1_619' title='bbox 2600 3540 2653 3594; x_wconf 91' lang='lat' dir='ltr'><strong>in</strong></span> <span class='ocrx_word' id='word_1_620' title='bbox 2684 3541 2851 3603; x_wconf 86' lang='lat' dir='ltr'><strong>nobis,</strong></span> <span class='ocrx_word' id='word_1_621' title='bbox 2893 3550 2939 3593; x_wconf 88' lang='lat' dir='ltr'><strong>et</strong></span> <span class='ocrx_word' id='word_1_622' title='bbox 2968 3556 3171 3602; x_wconf 88' lang='lat' dir='ltr'><strong>sensus,</strong></span> <span class='ocrx_word' id='word_1_623' title='bbox 3191 3550 3239 3593; x_wconf 87' lang='lat' dir='ltr'><strong>et</strong></span> 
     </span>
    </p>
   </div>
   <div class='ocr_carea' id='block_1_81' title="bbox 1655 3631 3238 3703">
    <p class='ocr_par' dir='ltr' id='par_1_81' title="bbox 1655 3631 3238 3703">
     <span class='ocr_line' id='line_1_81' title="bbox 1655 3631 3238 3703; baseline -0.003 -16"><span class='ocrx_word' id='word_1_624' title='bbox 1655 3634 1924 3703; x_wconf 84' lang='lat' dir='ltr'><strong>cogitatio,</strong></span> <span class='ocrx_word' id='word_1_625' title='bbox 1959 3642 2007 3685; x_wconf 91' lang='lat' dir='ltr'><strong>et</strong></span> <span class='ocrx_word' id='word_1_626' title='bbox 2054 3633 2264 3684; x_wconf 86' lang='lat' dir='ltr'><strong>animus</strong></span> <span class='ocrx_word' id='word_1_627' title='bbox 2307 3631 2655 3700; x_wconf 89' lang='lat' dir='ltr'><strong>appellantur,</strong></span> <span class='ocrx_word' id='word_1_628' title='bbox 2682 3641 2729 3684; x_wconf 93' lang='lat' dir='ltr'><strong>et</strong></span> <span class='ocrx_word' id='word_1_629' title='bbox 2774 3634 2950 3699; x_wconf 90' lang='lat' dir='ltr'><strong>utique</strong></span> <span class='ocrx_word' id='word_1_630' title='bbox 2979 3646 3081 3683; x_wconf 91' lang='lat' dir='ltr'><strong>non</strong></span> <span class='ocrx_word' id='word_1_631' title='bbox 3118 3641 3238 3683; x_wconf 91' lang='lat' dir='ltr'><strong>sunt</strong></span> 
     </span>
    </p>
   </div>
   <div class='ocr_carea' id='block_1_82' title="bbox 1657 3722 3239 3792">
    <p class='ocr_par' dir='ltr' id='par_1_82' title="bbox 1657 3722 3239 3792">
     <span class='ocr_line' id='line_1_82' title="bbox 1657 3722 3239 3792; baseline -0.003 -13"><span class='ocrx_word' id='word_1_632' title='bbox 1657 3736 1728 3779; x_wconf 92' lang='lat' dir='ltr'><strong>tot</strong></span> <span class='ocrx_word' id='word_1_633' title='bbox 1760 3725 2083 3784; x_wconf 69' lang='lat' dir='ltr'><strong>substantive,</strong></span> <span class='ocrx_word' id='word_1_634' title='bbox 2116 3733 2238 3791; x_wconf 90' lang='lat' dir='ltr'><strong>quot</strong></span> <span class='ocrx_word' id='word_1_635' title='bbox 2272 3726 2505 3777; x_wconf 88' lang='lat' dir='ltr'><strong>nomina.</strong></span> <span class='ocrx_word' id='word_1_636' title='bbox 2539 3722 2769 3792; x_wconf 80' lang='lat' dir='ltr'><strong>Cumque</strong></span> <span class='ocrx_word' id='word_1_637' title='bbox 2806 3723 2943 3775; x_wconf 89' lang='lat' dir='ltr'><strong>illud</strong></span> <span class='ocrx_word' id='word_1_638' title='bbox 2976 3723 3048 3776; x_wconf 90' lang='lat' dir='ltr'><strong>eis</strong></span> <span class='ocrx_word' id='word_1_639' title='bbox 3079 3740 3239 3791; x_wconf 87' lang='lat' dir='ltr'><strong>oppo-</strong></span> 
     </span>
    </p>
   </div>
   <div class='ocr_carea' id='block_1_83' title="bbox 1654 3811 3239 3882">
    <p class='ocr_par' dir='ltr' id='par_1_83' title="bbox 1654 3811 3239 3882">
     <span class='ocr_line' id='line_1_83' title="bbox 1654 3811 3239 3882; baseline -0.003 -13"><span class='ocrx_word' id='word_1_640' title='bbox 1654 3815 1815 3869; x_wconf 86' lang='lat' dir='ltr'><strong>situm</strong></span> <span class='ocrx_word' id='word_1_641' title='bbox 1876 3814 2031 3882; x_wconf 76' lang='lat' dir='ltr'><strong>fuerit</strong></span> <span class='ocrx_word' id='word_1_642' title='bbox 2067 3814 2132 3879; x_wconf 81' lang='grc'><strong>⁸⁹,</strong></span> <span class='ocrx_word' id='word_1_643' title='bbox 2175 3833 2193 3865; x_wconf 85' lang='grc'><strong><em>‹</em></strong></span> <span class='ocrx_word' id='word_1_644' title='bbox 2220 3811 2536 3879; x_wconf 84' lang='lat' dir='ltr'><strong>Benedicite,</strong></span> <span class='ocrx_word' id='word_1_645' title='bbox 2566 3813 2778 3881; x_wconf 89' lang='lat' dir='ltr'><strong>spiritus</strong></span> <span class='ocrx_word' id='word_1_646' title='bbox 2828 3825 2874 3866; x_wconf 89' lang='lat' dir='ltr'><strong>et</strong></span> <span class='ocrx_word' id='word_1_647' title='bbox 2907 3815 3097 3866; x_wconf 69' lang='lat' dir='ltr'><strong>animle</strong></span> <span class='ocrx_word' id='word_1_648' title='bbox 3143 3814 3239 3882; x_wconf 85' lang='lat' dir='ltr'><strong>ju-</strong></span> 
     </span>
    </p>
   </div>
   <div class='ocr_carea' id='block_1_84' title="bbox 1655 3905 3237 3974">
    <p class='ocr_par' dir='ltr' id='par_1_84' title="bbox 1655 3905 3237 3974">
     <span class='ocr_line' id='line_1_84' title="bbox 1655 3905 3237 3974; baseline -0.001 -13"><span class='ocrx_word' id='word_1_649' title='bbox 1655 3920 1853 3961; x_wconf 86' lang='lat' dir='ltr'><strong>storum</strong></span> <span class='ocrx_word' id='word_1_650' title='bbox 1890 3906 2132 3970; x_wconf 88' lang='lat' dir='ltr'><strong>Domino,</strong></span> <span class='ocrx_word' id='word_1_651' title='bbox 2174 3924 2193 3957; x_wconf 72' lang='grc' dir='ltr'><strong>ι</strong></span> <span class='ocrx_word' id='word_1_652' title='bbox 2219 3905 2544 3974; x_wconf 87' lang='lat' dir='ltr'><strong>Scripturam</strong></span> <span class='ocrx_word' id='word_1_653' title='bbox 2593 3921 2693 3959; x_wconf 90' lang='lat' dir='ltr'><strong>non</strong></span> <span class='ocrx_word' id='word_1_654' title='bbox 2732 3906 3013 3973; x_wconf 85' lang='lat' dir='ltr'><strong>recipiunt,</strong></span> <span class='ocrx_word' id='word_1_655' title='bbox 3061 3908 3237 3960; x_wconf 87' lang='lat' dir='ltr'><strong>dicen-</strong></span> 
     </span>
    </p>
   </div>
   <div class='ocr_carea' id='block_1_85' title="bbox 1655 3994 3229 4052">
    <p class='ocr_par' dir='ltr' id='par_1_85' title="bbox 1655 3994 3229 4052">
     <span class='ocr_line' id='line_1_85' title="bbox 1655 3994 3229 4052; baseline -0.003 0"><span class='ocrx_word' id='word_1_656' title='bbox 1655 4010 1730 4052; x_wconf 90' lang='lat' dir='ltr'><strong>tes</strong></span> <span class='ocrx_word' id='word_1_657' title='bbox 1787 4015 1901 4052; x_wconf 90' lang='lat' dir='ltr'><strong>eam</strong></span> <span class='ocrx_word' id='word_1_658' title='bbox 1960 4000 2014 4051; x_wconf 86' lang='lat' dir='ltr'><strong>in</strong></span> <span class='ocrx_word' id='word_1_659' title='bbox 2062 3996 2320 4050; x_wconf 81' lang='lat' dir='ltr'><strong>Hebraico</strong></span> <span class='ocrx_word' id='word_1_660' title='bbox 2381 4012 2483 4050; x_wconf 90' lang='lat' dir='ltr'><strong>non</strong></span> <span class='ocrx_word' id='word_1_661' title='bbox 2535 3997 2734 4050; x_wconf 89' lang='lat' dir='ltr'><strong>haberi.</strong></span> <span class='ocrx_word' id='word_1_662' title='bbox 2810 3994 2923 4048; x_wconf 86' lang='lat' dir='ltr'><strong>Nos</strong></span> <span class='ocrx_word' id='word_1_663' title='bbox 2971 4010 3141 4048; x_wconf 90' lang='lat' dir='ltr'><strong>autem</strong></span> <span class='ocrx_word' id='word_1_664' title='bbox 3175 4000 3229 4048; x_wconf 88' lang='lat' dir='ltr'><strong>in</strong></span> 
     </span>
    </p>
   </div>
   <div class='ocr_carea' id='block_1_86' title="bbox 1655 4084 3233 4154">
    <p class='ocr_par' dir='ltr' id='par_1_86' title="bbox 1655 4084 3233 4154">
     <span class='ocr_line' id='line_1_86' title="bbox 1655 4084 3233 4154; baseline -0.003 -14"><span class='ocrx_word' id='word_1_665' title='bbox 1655 4088 1896 4154; x_wconf 74' lang='lat' dir='ltr'><strong>prwsenti</strong></span> <span class='ocrx_word' id='word_1_666' title='bbox 1932 4087 2078 4153; x_wconf 89' lang='lat' dir='ltr'><strong>loco,</strong></span> <span class='ocrx_word' id='word_1_667' title='bbox 2115 4098 2169 4139; x_wconf 89' lang='lat' dir='ltr'><strong>ut</strong></span> <span class='ocrx_word' id='word_1_668' title='bbox 2201 4103 2366 4153; x_wconf 87' lang='lat' dir='ltr'><strong>supra</strong></span> <span class='ocrx_word' id='word_1_669' title='bbox 2404 4086 2656 4149; x_wconf 77' lang='lat' dir='ltr'><strong>diximus,</strong></span> <span class='ocrx_word' id='word_1_670' title='bbox 2693 4084 2956 4153; x_wconf 88' lang='lat' dir='ltr'><strong>spiritum,</strong></span> <span class='ocrx_word' id='word_1_671' title='bbox 2988 4087 3076 4154; x_wconf 86' lang='lat' dir='ltr'><strong>qui</strong></span> <span class='ocrx_word' id='word_1_672' title='bbox 3115 4101 3233 4137; x_wconf 88' lang='lat' dir='ltr'><strong>cum</strong></span> 
     </span>
    </p>
   </div>
   <div class='ocr_carea' id='block_1_87' title="bbox 1656 4178 3237 4246">
    <p class='ocr_par' dir='ltr' id='par_1_87' title="bbox 1656 4178 3237 4246">
     <span class='ocr_line' id='line_1_87' title="bbox 1656 4178 3237 4246; baseline 0 -15"><span class='ocrx_word' id='word_1_673' title='bbox 1656 4180 1832 4231; x_wconf 87' lang='lat' dir='ltr'><strong>anima</strong></span> <span class='ocrx_word' id='word_1_674' title='bbox 1867 4190 1915 4230; x_wconf 86' lang='lat' dir='ltr'><strong>et</strong></span> <span class='ocrx_word' id='word_1_675' title='bbox 1972 4194 2185 4246; x_wconf 88' lang='lat' dir='ltr'><strong>corpore</strong></span> <span class='ocrx_word' id='word_1_676' title='bbox 2228 4178 2425 4246; x_wconf 88' lang='lat' dir='ltr'><strong>integer</strong></span> <span class='ocrx_word' id='word_1_677' title='bbox 2459 4187 2810 4239; x_wconf 88' lang='lat' dir='ltr'><strong>conservatur,</strong></span> <span class='ocrx_word' id='word_1_678' title='bbox 2852 4193 2953 4230; x_wconf 89' lang='lat' dir='ltr'><strong>non</strong></span> <span class='ocrx_word' id='word_1_679' title='bbox 2994 4179 3237 4231; x_wconf 87' lang='lat' dir='ltr'><strong>substan-</strong></span> 
     </span>
    </p>
   </div>
   <div class='ocr_carea' id='block_1_88' title="bbox 1657 4266 3239 4336">
    <p class='ocr_par' dir='ltr' id='par_1_88' title="bbox 1657 4266 3239 4336">
     <span class='ocr_line' id='line_1_88' title="bbox 1657 4266 3239 4336; baseline -0.002 -16"><span class='ocrx_word' id='word_1_680' title='bbox 1657 4268 1782 4320; x_wconf 88' lang='lat' dir='ltr'><strong>tiam</strong></span> <span class='ocrx_word' id='word_1_681' title='bbox 1806 4267 2035 4332; x_wconf 84' lang='lat' dir='ltr'><strong>Spiritus</strong></span> <span class='ocrx_word' id='word_1_682' title='bbox 2060 4268 2255 4329; x_wconf 88' lang='lat' dir='ltr'><strong>sancti,</strong></span> <span class='ocrx_word' id='word_1_683' title='bbox 2288 4266 2379 4335; x_wconf 87' lang='lat' dir='ltr'><strong>qui</strong></span> <span class='ocrx_word' id='word_1_684' title='bbox 2410 4282 2513 4319; x_wconf 88' lang='lat' dir='ltr'><strong>non</strong></span> <span class='ocrx_word' id='word_1_685' title='bbox 2542 4276 2705 4334; x_wconf 88' lang='lat' dir='ltr'><strong>potest</strong></span> <span class='ocrx_word' id='word_1_686' title='bbox 2732 4267 2967 4329; x_wconf 90' lang='lat' dir='ltr'><strong>interire,</strong></span> <span class='ocrx_word' id='word_1_687' title='bbox 2993 4271 3080 4319; x_wconf 87' lang='lat' dir='ltr'><strong>sed</strong></span> <span class='ocrx_word' id='word_1_688' title='bbox 3114 4283 3239 4336; x_wconf 79' lang='lat' dir='ltr'><strong>gra—</strong></span> 
     </span>
    </p>
   </div>
   <div class='ocr_carea' id='block_1_89' title="bbox 1658 4356 3238 4426">
    <p class='ocr_par' dir='ltr' id='par_1_89' title="bbox 1658 4356 3238 4426">
     <span class='ocr_line' id='line_1_89' title="bbox 1658 4356 3238 4426; baseline 0.001 -17"><span class='ocrx_word' id='word_1_689' title='bbox 1658 4358 1757 4410; x_wconf 87' lang='lat' dir='ltr'><strong>tius</strong></span> <span class='ocrx_word' id='word_1_690' title='bbox 1782 4358 1915 4423; x_wconf 81' lang='lat' dir='ltr'><strong>ejus,</strong></span> <span class='ocrx_word' id='word_1_691' title='bbox 1934 4356 2336 4426; x_wconf 86' lang='lat' dir='ltr'><strong>donationesque</strong></span> <span class='ocrx_word' id='word_1_692' title='bbox 2361 4357 2666 4425; x_wconf 84' lang='lat' dir='ltr'><strong>accipimus,</strong></span> <span class='ocrx_word' id='word_1_693' title='bbox 2685 4372 2800 4425; x_wconf 81' lang='lat' dir='ltr'><strong>qua:</strong></span> <span class='ocrx_word' id='word_1_694' title='bbox 2832 4366 3012 4411; x_wconf 88' lang='lat' dir='ltr'><strong>nostra</strong></span> <span class='ocrx_word' id='word_1_695' title='bbox 3034 4358 3109 4411; x_wconf 88' lang='lat' dir='ltr'><strong>vel</strong></span> <span class='ocrx_word' id='word_1_696' title='bbox 3132 4362 3238 4412; x_wconf 79' lang='lat' dir='ltr'><strong>vir-</strong></span> 
     </span>
    </p>
   </div>
   <div class='ocr_carea' id='block_1_90' title="bbox 33 4438 1556 4519">
    <p class='ocr_par' dir='ltr' id='par_1_90' title="bbox 33 4438 1548 4508">
     <span class='ocr_line' id='line_1_90' title="bbox 33 4438 1548 4508; baseline 0.003 -21"><span class='ocrx_word' id='word_1_697' title='bbox 33 4448 150 4499; x_wconf 74' lang='lat' dir='ltr'><strong>quam</strong></span> <span class='ocrx_word' id='word_1_698' title='bbox 186 4440 485 4493; x_wconf 83' lang='lat' dir='ltr'><strong>substantia</strong></span> <span class='ocrx_word' id='word_1_699' title='bbox 513 4440 870 4508; x_wconf 80' lang='lat' dir='ltr'><strong>distinguitur</strong></span> <span class='ocrx_word' id='word_1_700' title='bbox 906 4454 937 4492; x_wconf 87' lang='lat' dir='ltr'><strong>a</strong></span> <span class='ocrx_word' id='word_1_701' title='bbox 961 4438 1289 4503; x_wconf 88' lang='lat' dir='ltr'><strong>substantia,</strong></span> <span class='ocrx_word' id='word_1_702' title='bbox 1317 4439 1409 4492; x_wconf 86' lang='lat' dir='ltr'><strong>sed</strong></span> <span class='ocrx_word' id='word_1_703' title='bbox 1443 4452 1548 4506; x_wconf 91' lang='lat' dir='ltr'><strong>qua</strong></span> 
     </span>
    </p>
   </div>
   <div class='ocr_carea' id='block_1_91' title="bbox 1733 4438 3233 4519">
    <p class='ocr_par' dir='ltr' id='par_1_91' title="bbox 1738 4449 3233 4519">
     <span class='ocr_line' id='line_1_91' title="bbox 1738 4449 3233 4519; baseline 0.003 -18"><span class='ocrx_word' id='word_1_704' title='bbox 1738 4466 1783 4515; x_wconf 91' lang='lat' dir='ltr'><strong>e,</strong></span> <span class='ocrx_word' id='word_1_705' title='bbox 1802 4453 1877 4501; x_wconf 85' lang='lat' dir='ltr'><strong>vel</strong></span> <span class='ocrx_word' id='word_1_706' title='bbox 1900 4450 2022 4502; x_wconf 89' lang='lat' dir='ltr'><strong>vitio</strong></span> <span class='ocrx_word' id='word_1_707' title='bbox 2043 4459 2089 4501; x_wconf 90' lang='lat' dir='ltr'><strong>et</strong></span> <span class='ocrx_word' id='word_1_708' title='bbox 2108 4449 2480 4513; x_wconf 84' lang='lat' dir='ltr'><strong>accenduntur,</strong></span> <span class='ocrx_word' id='word_1_709' title='bbox 2498 4458 2545 4501; x_wconf 90' lang='lat' dir='ltr'><strong>et</strong></span> <span class='ocrx_word' id='word_1_710' title='bbox 2568 4450 2971 4519; x_wconf 78' lang='lat' dir='ltr'><strong>exstinguuntur</strong></span> <span class='ocrx_word' id='word_1_711' title='bbox 2989 4450 3042 4504; x_wconf 88' lang='lat' dir='ltr'><strong>in</strong></span> <span class='ocrx_word' id='word_1_712' title='bbox 3066 4453 3233 4507; x_wconf 89' lang='lat' dir='ltr'><strong>nobis.</strong></span> 
     </span>
    </p>
   </div>
   <div class='ocr_carea' id='block_1_92' title="bbox 34 4530 1555 4604">
    <p class='ocr_par' dir='ltr' id='par_1_92' title="bbox 34 4530 1555 4604">
     <span class='ocr_line' id='line_1_92' title="bbox 34 4530 1555 4604; baseline 0.003 -23"><span class='ocrx_word' id='word_1_713' title='bbox 34 4531 178 4583; x_wconf 80' lang='lat' dir='ltr'><strong>modus</strong></span> <span class='ocrx_word' id='word_1_714' title='bbox 204 4532 557 4604; x_wconf 75' lang='lat' dir='ltr'><strong>distinguitur</strong></span> <span class='ocrx_word' id='word_1_715' title='bbox 585 4547 613 4585; x_wconf 90' lang='lat' dir='ltr'><strong>a</strong></span> <span class='ocrx_word' id='word_1_716' title='bbox 649 4532 971 4599; x_wconf 77' lang='lat' dir='ltr'><strong>substantia,</strong></span> <span class='ocrx_word' id='word_1_717' title='bbox 997 4547 1092 4587; x_wconf 88' lang='lat' dir='ltr'><strong>seu</strong></span> <span class='ocrx_word' id='word_1_718' title='bbox 1123 4545 1230 4601; x_wconf 91' lang='lat' dir='ltr'><strong>qua</strong></span> <span class='ocrx_word' id='word_1_719' title='bbox 1257 4531 1332 4586; x_wconf 90' lang='lat' dir='ltr'><strong>rei</strong></span> <span class='ocrx_word' id='word_1_720' title='bbox 1365 4530 1555 4586; x_wconf 90' lang='lat' dir='ltr'><strong>modus</strong></span> 
     </span>
    </p>
   </div>
   <div class='ocr_carea' id='block_1_93' title="bbox 34 4618 1198 4695">
    <p class='ocr_par' dir='ltr' id='par_1_93' title="bbox 34 4618 1198 4695">
     <span class='ocr_line' id='line_1_93' title="bbox 34 4618 1198 4695; baseline 0.006 -25"><span class='ocrx_word' id='word_1_721' title='bbox 34 4618 323 4692; x_wconf 65' lang='lat' dir='ltr'><strong>distinguitur</strong></span> <span class='ocrx_word' id='word_1_722' title='bbox 345 4628 413 4679; x_wconf 91' lang='lat' dir='ltr'><strong>ab</strong></span> <span class='ocrx_word' id='word_1_723' title='bbox 441 4626 558 4695; x_wconf 84' lang='lat' dir='ltr'><strong>ipsa</strong></span> <span class='ocrx_word' id='word_1_724' title='bbox 590 4638 669 4688; x_wconf 84' lang='lat' dir='ltr'><strong>re,</strong></span> <span class='ocrx_word' id='word_1_725' title='bbox 695 4624 847 4691; x_wconf 89' lang='lat' dir='ltr'><strong>cujus</strong></span> <span class='ocrx_word' id='word_1_726' title='bbox 874 4633 956 4677; x_wconf 87' lang='lat' dir='ltr'><strong>est</strong></span> <span class='ocrx_word' id='word_1_727' title='bbox 989 4624 1198 4678; x_wconf 92' lang='lat' dir='ltr'><strong>modus.</strong></span> 
     </span>
    </p>
   </div>
   <div class='ocr_carea' id='block_1_94' title="bbox 85 4712 1560 4785">
    <p class='ocr_par' dir='ltr' id='par_1_94' title="bbox 85 4712 1560 4785">
     <span class='ocr_line' id='line_1_94' title="bbox 85 4712 1560 4785; baseline 0.003 -20"><span class='ocrx_word' id='word_1_728' title='bbox 85 4712 251 4767; x_wconf 70' lang='lat' dir='ltr'><strong>Verum</strong></span> <span class='ocrx_word' id='word_1_729' title='bbox 282 4732 619 4785; x_wconf 67' lang='lat' dir='ltr'><strong>quaecunque</strong></span> <span class='ocrx_word' id='word_1_730' title='bbox 661 4716 819 4770; x_wconf 82' lang='lat' dir='ltr'><strong>fuerit</strong></span> <span class='ocrx_word' id='word_1_731' title='bbox 855 4714 1080 4784; x_wconf 88' lang='lat' dir='ltr'><strong>theologi</strong></span> <span class='ocrx_word' id='word_1_732' title='bbox 1134 4714 1303 4769; x_wconf 86' lang='lat' dir='ltr'><strong>nostri</strong></span> <span class='ocrx_word' id='word_1_733' title='bbox 1343 4724 1560 4769; x_wconf 88' lang='lat' dir='ltr'><strong>senten-</strong></span> 
     </span>
    </p>
   </div>
   <div class='ocr_carea' id='block_1_95' title="bbox 35 4804 1559 4878">
    <p class='ocr_par' dir='ltr' id='par_1_95' title="bbox 35 4804 1559 4878">
     <span class='ocr_line' id='line_1_95' title="bbox 35 4804 1559 4878; baseline 0.007 -25"><span class='ocrx_word' id='word_1_734' title='bbox 35 4804 102 4864; x_wconf 72' lang='lat' dir='ltr'><strong>tia,</strong></span> <span class='ocrx_word' id='word_1_735' title='bbox 126 4808 299 4861; x_wconf 80' lang='lat' dir='ltr'><strong>eodem</strong></span> <span class='ocrx_word' id='word_1_736' title='bbox 335 4823 443 4877; x_wconf 90' lang='lat' dir='ltr'><strong>quo</strong></span> <span class='ocrx_word' id='word_1_737' title='bbox 473 4809 586 4878; x_wconf 89' lang='lat' dir='ltr'><strong>ipse</strong></span> <span class='ocrx_word' id='word_1_738' title='bbox 623 4809 782 4861; x_wconf 91' lang='lat' dir='ltr'><strong>modo</strong></span> <span class='ocrx_word' id='word_1_739' title='bbox 808 4816 861 4861; x_wconf 91' lang='lat' dir='ltr'><strong>ct</strong></span> <span class='ocrx_word' id='word_1_740' title='bbox 889 4808 1242 4877; x_wconf 82' lang='lat' dir='ltr'><strong>Augustinus,</strong></span> <span class='ocrx_word' id='word_1_741' title='bbox 1272 4815 1326 4862; x_wconf 90' lang='lat' dir='ltr'><strong>et</strong></span> <span class='ocrx_word' id='word_1_742' title='bbox 1370 4806 1559 4863; x_wconf 86' lang='lat' dir='ltr'><strong>lliero-</strong></span> 
     </span>
    </p>
   </div>
   <div class='ocr_carea' id='block_1_96' title="bbox 37 4897 1558 4967">
    <p class='ocr_par' dir='ltr' id='par_1_96' title="bbox 37 4897 1558 4967">
     <span class='ocr_line' id='line_1_96' title="bbox 37 4897 1558 4967; baseline 0.005 -22"><span class='ocrx_word' id='word_1_743' title='bbox 37 4906 180 4961; x_wconf 66' lang='lat' dir='ltr'><strong>nymus</strong></span> <span class='ocrx_word' id='word_1_744' title='bbox 213 4897 373 4952; x_wconf 84' lang='lat' dir='ltr'><strong>locuti</strong></span> <span class='ocrx_word' id='word_1_745' title='bbox 435 4910 580 4954; x_wconf 88' lang='lat' dir='ltr'><strong>sunt.</strong></span> <span class='ocrx_word' id='word_1_746' title='bbox 642 4898 777 4952; x_wconf 80' lang='lat' dir='ltr'><strong>Nam</strong></span> <span class='ocrx_word' id='word_1_747' title='bbox 826 4897 913 4953; x_wconf 81' lang='lat' dir='ltr'><strong>ille</strong></span> <span class='ocrx_word' id='word_1_748' title='bbox 950 4900 1169 4967; x_wconf 88' lang='lat' dir='ltr'><strong>quidem</strong></span> <span class='ocrx_word' id='word_1_749' title='bbox 1222 4900 1274 4952; x_wconf 94' lang='lat' dir='ltr'><strong>in</strong></span> <span class='ocrx_word' id='word_1_750' title='bbox 1327 4909 1558 4953; x_wconf 87' lang='lat' dir='ltr'><strong>tractatu</strong></span> 
     </span>
    </p>
   </div>
   <div class='ocr_carea' id='block_1_97' title="bbox 39 4988 1553 5063">
    <p class='ocr_par' dir='ltr' id='par_1_97' title="bbox 39 4988 1553 5063">
     <span class='ocr_line' id='line_1_97' title="bbox 39 4988 1553 5063; baseline 0.005 -24"><span class='ocrx_word' id='word_1_751' title='bbox 39 4988 89 5039; x_wconf 77' lang='lat' dir='ltr'><strong>De</strong></span> <span class='ocrx_word' id='word_1_752' title='bbox 126 4989 356 5059; x_wconf 69' lang='lat' dir='ltr'><strong>Sgabota</strong></span> <span class='ocrx_word' id='word_1_753' title='bbox 416 4994 517 5046; x_wconf 88' lang='lat' dir='ltr'><strong>tria</strong></span> <span class='ocrx_word' id='word_1_754' title='bbox 547 4993 601 5046; x_wconf 92' lang='lat' dir='ltr'><strong>in</strong></span> <span class='ocrx_word' id='word_1_755' title='bbox 644 4993 863 5048; x_wconf 87' lang='lat' dir='ltr'><strong>homine</strong></span> <span class='ocrx_word' id='word_1_756' title='bbox 927 4991 1224 5061; x_wconf 87' lang='lat' dir='ltr'><strong>distinguit,</strong></span> <span class='ocrx_word' id='word_1_757' title='bbox 1283 4994 1553 5063; x_wconf 88' lang='lat' dir='ltr'><strong>spiritum,</strong></span> 
     </span>
    </p>
   </div>
   <div class='ocr_carea' id='block_1_98' title="bbox 39 5082 1559 5154">
    <p class='ocr_par' dir='ltr' id='par_1_98' title="bbox 39 5082 1559 5154">
     <span class='ocr_line' id='line_1_98' title="bbox 39 5082 1559 5154; baseline 0.007 -24"><span class='ocrx_word' id='word_1_758' title='bbox 39 5082 241 5145; x_wconf 70' lang='lat' dir='ltr'><strong>animam,</strong></span> <span class='ocrx_word' id='word_1_759' title='bbox 274 5095 330 5139; x_wconf 89' lang='lat' dir='ltr'><strong>et</strong></span> <span class='ocrx_word' id='word_1_760' title='bbox 381 5100 595 5154; x_wconf 90' lang='lat' dir='ltr'><strong>corpus.</strong></span> <span class='ocrx_word' id='word_1_761' title='bbox 650 5085 748 5140; x_wconf 81' lang='lat' dir='ltr'><strong>Hic</strong></span> <span class='ocrx_word' id='word_1_762' title='bbox 776 5100 904 5140; x_wconf 89' lang='lat' dir='ltr'><strong>vero</strong></span> <span class='ocrx_word' id='word_1_763' title='bbox 951 5085 1045 5140; x_wconf 83' lang='lat' dir='ltr'><strong>lib.</strong></span> <span class='ocrx_word' id='word_1_764' title='bbox 1074 5099 1117 5138; x_wconf 92' lang='grc' dir='ltr'><strong>ιι</strong></span> <span class='ocrx_word' id='word_1_765' title='bbox 1170 5084 1458 5139; x_wconf 87' lang='lat' dir='ltr'><strong>Comment.</strong></span> <span class='ocrx_word' id='word_1_766' title='bbox 1501 5087 1559 5140; x_wconf 88' lang='lat' dir='ltr'><strong>in</strong></span> 
     </span>
    </p>
   </div>
   <div class='ocr_carea' id='block_1_99' title="bbox 43 5176 1561 5250">
    <p class='ocr_par' dir='ltr' id='par_1_99' title="bbox 43 5176 1561 5250">
     <span class='ocr_line' id='line_1_99' title="bbox 43 5176 1561 5250; baseline 0.007 -30"><span class='ocrx_word' id='word_1_767' title='bbox 43 5176 155 5226; x_wconf 74' lang='lat' dir='ltr'><strong>.tus</strong></span> <span class='ocrx_word' id='word_1_768' title='bbox 200 5192 319 5245; x_wconf 79' lang='lat' dir='ltr'><strong>cap.</strong></span> <span class='ocrx_word' id='word_1_769' title='bbox 364 5176 419 5242; x_wconf 91' lang='lat'><strong>5,</strong></span> <span class='ocrx_word' id='word_1_770' title='bbox 467 5194 588 5250; x_wconf 88' lang='lat' dir='ltr'><strong>pag.</strong></span> <span class='ocrx_word' id='word_1_771' title='bbox 649 5179 776 5242; x_wconf 72' lang='lat'><strong>279,</strong></span> <span class='ocrx_word' id='word_1_772' title='bbox 809 5181 887 5233; x_wconf 89' lang='lat' dir='ltr'><strong>sic</strong></span> <span class='ocrx_word' id='word_1_773' title='bbox 917 5178 1153 5247; x_wconf 87' lang='lat' dir='ltr'><strong>loquitur</strong></span> <span class='ocrx_word' id='word_1_774' title='bbox 1204 5195 1219 5232; x_wconf 91' lang='lat'><strong>:</strong></span> <span class='ocrx_word' id='word_1_775' title='bbox 1268 5177 1420 5231; x_wconf 74' lang='lat' dir='ltr'><strong>(Iste</strong></span> <span class='ocrx_word' id='word_1_776' title='bbox 1470 5178 1561 5248; x_wconf 91' lang='lat' dir='ltr'><strong>qui</strong></span> 
     </span>
    </p>
   </div>
   <div class='ocr_carea' id='block_1_100' title="bbox 46 5267 1562 5339">
    <p class='ocr_par' dir='ltr' id='par_1_100' title="bbox 46 5267 1562 5339">
     <span class='ocr_line' id='line_1_100' title="bbox 46 5267 1562 5339; baseline 0.004 -24"><span class='ocrx_word' id='word_1_777' title='bbox 46 5276 187 5319; x_wconf 75' lang='lat' dir='ltr'><strong>trrest</strong></span> <span class='ocrx_word' id='word_1_778' title='bbox 216 5269 496 5335; x_wconf 86' lang='lat' dir='ltr'><strong>spiritum;</strong></span> <span class='ocrx_word' id='word_1_779' title='bbox 538 5290 557 5321; x_wconf 75' lang='grc' dir='ltr'><strong>ι</strong></span> <span class='ocrx_word' id='word_1_780' title='bbox 599 5287 750 5339; x_wconf 88' lang='lat' dir='ltr'><strong>quem</strong></span> <span class='ocrx_word' id='word_1_781' title='bbox 782 5272 834 5323; x_wconf 90' lang='lat' dir='ltr'><strong>in</strong></span> <span class='ocrx_word' id='word_1_782' title='bbox 886 5273 981 5323; x_wconf 89' lang='lat' dir='ltr'><strong>hoc</strong></span> <span class='ocrx_word' id='word_1_783' title='bbox 1027 5270 1139 5322; x_wconf 84' lang='lat' dir='ltr'><strong>loco</strong></span> <span class='ocrx_word' id='word_1_784' title='bbox 1170 5286 1271 5322; x_wconf 87' lang='lat' dir='ltr'><strong>non</strong></span> <span class='ocrx_word' id='word_1_785' title='bbox 1307 5267 1562 5337; x_wconf 85' lang='lat' dir='ltr'><strong>Spiritum</strong></span> 
     </span>
    </p>
   </div>
   <div class='ocr_carea' id='block_1_101' title="bbox 46 5361 1561 5429">
    <p class='ocr_par' dir='ltr' id='par_1_101' title="bbox 46 5361 1561 5429">
     <span class='ocr_line' id='line_1_101' title="bbox 46 5361 1561 5429; baseline 0.004 -22"><span class='ocrx_word' id='word_1_786' title='bbox 46 5369 243 5421; x_wconf 69' lang='lat' dir='ltr'><strong>mttunt,</strong></span> <span class='ocrx_word' id='word_1_787' title='bbox 298 5370 359 5414; x_wconf 86' lang='lat' dir='ltr'><strong>ut</strong></span> <span class='ocrx_word' id='word_1_788' title='bbox 410 5364 638 5415; x_wconf 66' lang='lat' dir='ltr'><strong>heretici</strong></span> <span class='ocrx_word' id='word_1_789' title='bbox 691 5363 1059 5429; x_wconf 83' lang='lat' dir='ltr'><strong>suspicantur;</strong></span> <span class='ocrx_word' id='word_1_790' title='bbox 1096 5362 1184 5413; x_wconf 91' lang='lat' dir='ltr'><strong>sed</strong></span> <span class='ocrx_word' id='word_1_791' title='bbox 1233 5372 1439 5414; x_wconf 89' lang='lat' dir='ltr'><strong>ventum</strong></span> <span class='ocrx_word' id='word_1_792' title='bbox 1479 5361 1561 5413; x_wconf 86' lang='lat' dir='ltr'><strong>in-</strong></span> 
     </span>
    </p>
   </div>
   <div class='ocr_carea' id='block_1_102' title="bbox 46 5448 1560 5521">
    <p class='ocr_par' dir='ltr' id='par_1_102' title="bbox 46 5448 1560 5521">
     <span class='ocr_line' id='line_1_102' title="bbox 46 5448 1560 5521; baseline 0.001 -18"><span class='ocrx_word' id='word_1_793' title='bbox 46 5448 285 5517; x_wconf 56' lang='lat' dir='ltr'><strong>‘dltgilus,</strong></span> <span class='ocrx_word' id='word_1_794' title='bbox 322 5454 434 5505; x_wconf 83' lang='lat' dir='ltr'><strong>sive</strong></span> <span class='ocrx_word' id='word_1_795' title='bbox 470 5454 709 5521; x_wconf 88' lang='lat' dir='ltr'><strong>spiritum</strong></span> <span class='ocrx_word' id='word_1_796' title='bbox 752 5452 1013 5514; x_wconf 86' lang='lat' dir='ltr'><strong>hominis;</strong></span> <span class='ocrx_word' id='word_1_797' title='bbox 1068 5453 1191 5520; x_wconf 89' lang='lat' dir='ltr'><strong>quia</strong></span> <span class='ocrx_word' id='word_1_798' title='bbox 1233 5470 1251 5501; x_wconf 75' lang='grc' dir='ltr'><strong>ι</strong></span> <span class='ocrx_word' id='word_1_799' title='bbox 1291 5468 1435 5504; x_wconf 88' lang='lat' dir='ltr'><strong>nemo</strong></span> <span class='ocrx_word' id='word_1_800' title='bbox 1460 5453 1560 5505; x_wconf 90' lang='lat' dir='ltr'><strong>scit</strong></span> 
     </span>
    </p>
   </div>
   <div class='ocr_carea' id='block_1_103' title="bbox 46 5542 1552 5613">
    <p class='ocr_par' dir='ltr' id='par_1_103' title="bbox 46 5542 1552 5613">
     <span class='ocr_line' id='line_1_103' title="bbox 46 5542 1552 5613; baseline 0.004 -23"><span class='ocrx_word' id='word_1_801' title='bbox 46 5550 129 5599; x_wconf 65' lang='lat' dir='ltr'><strong>qu</strong></span> <span class='ocrx_word' id='word_1_802' title='bbox 152 5552 255 5593; x_wconf 77' lang='lat' dir='ltr'><strong>snt</strong></span> <span class='ocrx_word' id='word_1_803' title='bbox 282 5549 335 5596; x_wconf 83' lang='lat' dir='ltr'><strong>in</strong></span> <span class='ocrx_word' id='word_1_804' title='bbox 362 5542 585 5608; x_wconf 85' lang='lat' dir='ltr'><strong>homine,</strong></span> <span class='ocrx_word' id='word_1_805' title='bbox 604 5546 703 5597; x_wconf 87' lang='lat' dir='ltr'><strong>nisi</strong></span> <span class='ocrx_word' id='word_1_806' title='bbox 732 5544 945 5612; x_wconf 90' lang='lat' dir='ltr'><strong>spiritus</strong></span> <span class='ocrx_word' id='word_1_807' title='bbox 973 5544 1061 5613; x_wconf 89' lang='lat' dir='ltr'><strong>qui</strong></span> <span class='ocrx_word' id='word_1_808' title='bbox 1092 5544 1144 5595; x_wconf 89' lang='lat' dir='ltr'><strong>in</strong></span> <span class='ocrx_word' id='word_1_809' title='bbox 1173 5559 1231 5596; x_wconf 91' lang='lat' dir='ltr'><strong>eo</strong></span> <span class='ocrx_word' id='word_1_810' title='bbox 1263 5555 1336 5596; x_wconf 86' lang='lat' dir='ltr'><strong>est</strong></span> <span class='ocrx_word' id='word_1_811' title='bbox 1371 5542 1505 5608; x_wconf 71' lang='lat'><strong>“...;</strong></span> <span class='ocrx_word' id='word_1_812' title='bbox 1533 5563 1552 5596; x_wconf 76' lang='grc' dir='ltr'><strong>ι</strong></span> 
     </span>
    </p>
   </div>
   <div class='ocr_carea' id='block_1_104' title="bbox 98 5710 551 5783">
    <p class='ocr_par' dir='ltr' id='par_1_104' title="bbox 98 5710 551 5783">
     <span class='ocr_line' id='line_1_104' title="bbox 98 5710 551 5783; baseline 0.009 -15"><span class='ocrx_word' id='word_1_813' title='bbox 98 5710 175 5767; x_wconf 75' lang='grc'><strong>’⁸1</strong></span> <span class='ocrx_word' id='word_1_814' title='bbox 216 5717 335 5772; x_wconf 73' lang='lat' dir='ltr'><strong>Cor.</strong></span> <span class='ocrx_word' id='word_1_815' title='bbox 371 5735 438 5783; x_wconf 87' lang='lat' dir='ltr'><strong>tt,</strong></span> <span class='ocrx_word' id='word_1_816' title='bbox 475 5717 551 5772; x_wconf 84' lang='lat' dir='ltr'><strong>ll.</strong></span> 
     </span>
    </p>
   </div>
   <div class='ocr_carea' id='block_1_105' title="bbox 629 5720 1399 5797">
    <p class='ocr_par' dir='ltr' id='par_1_105' title="bbox 629 5720 1399 5797">
     <span class='ocr_line' id='line_1_105' title="bbox 629 5720 1399 5797; baseline 0 -22"><span class='ocrx_word' id='word_1_817' title='bbox 629 5722 670 5751; x_wconf 74' lang='grc' dir='ltr'>τι</span> <span class='ocrx_word' id='word_1_818' title='bbox 705 5721 896 5797; x_wconf 57' lang='lat' dir='ltr'><strong>quies.</strong></span> <span class='ocrx_word' id='word_1_819' title='bbox 936 5735 987 5789; x_wconf 89' lang='lat' dir='ltr'><strong>v,</strong></span> <span class='ocrx_word' id='word_1_820' title='bbox 1024 5720 1107 5776; x_wconf 81' lang='lat' dir='ltr'><strong>tt.</strong></span> <span class='ocrx_word' id='word_1_821' title='bbox 1185 5722 1228 5753; x_wconf 70' lang='grc' dir='ltr'><strong>πο</strong></span> <span class='ocrx_word' id='word_1_822' title='bbox 1274 5720 1399 5776; x_wconf 84' lang='lat' dir='ltr'><strong>ibid.</strong></span> 
     </span>
    </p>
   </div>
   <div class='ocr_carea' id='block_1_106' title="bbox 1481 5721 2081 5789">
    <p class='ocr_par' dir='ltr' id='par_1_106' title="bbox 1481 5721 2081 5789">
     <span class='ocr_line' id='line_1_106' title="bbox 1481 5721 2081 5789; baseline 0.005 -13"><span class='ocrx_word' id='word_1_823' title='bbox 1481 5722 1523 5754; x_wconf 83' lang='grc'><strong>³⁷</strong></span> <span class='ocrx_word' id='word_1_824' title='bbox 1555 5721 1753 5776; x_wconf 67' lang='lat' dir='ltr'><strong>Ezech.</strong></span> <span class='ocrx_word' id='word_1_825' title='bbox 1791 5739 1942 5789; x_wconf 60' lang='lat' dir='ltr'><strong>“tu,</strong></span> <span class='ocrx_word' id='word_1_826' title='bbox 1994 5722 2081 5779; x_wconf 78' lang='grc'><strong>20.</strong></span> 
     </span>
    </p>
   </div>
   <div class='ocr_carea' id='block_1_107' title="bbox 1839 4538 3055 4609">
    <p class='ocr_par' dir='ltr' id='par_1_107' title="bbox 1839 4538 3055 4609">
     <span class='ocr_line' id='line_1_107' title="bbox 1839 4538 3055 4609; baseline 0.003 -15"><span class='ocrx_word' id='word_1_827' title='bbox 1839 4541 1966 4594; x_wconf 76' lang='lat' dir='ltr'><strong>CAP.</strong></span> <span class='ocrx_word' id='word_1_828' title='bbox 2006 4539 2068 4594; x_wconf 79' lang='grc' dir='ltr'><strong><em>ν.</em></strong></span> <span class='ocrx_word' id='word_1_829' title='bbox 2130 4538 2208 4593; x_wconf 89' lang='lat' dir='ltr'><strong>De</strong></span> <span class='ocrx_word' id='word_1_830' title='bbox 2237 4544 2560 4608; x_wconf 85' lang='lat' dir='ltr'><strong>processione</strong></span> <span class='ocrx_word' id='word_1_831' title='bbox 2604 4539 2833 4609; x_wconf 87' lang='lat' dir='ltr'><strong>Spiritus</strong></span> <span class='ocrx_word' id='word_1_832' title='bbox 2868 4543 3055 4598; x_wconf 87' lang='lat' dir='ltr'><strong>sancti.</strong></span> 
     </span>
    </p>
   </div>
   <div class='ocr_carea' id='block_1_108' title="bbox 1733 4629 3233 4700">
    <p class='ocr_par' dir='ltr' id='par_1_108' title="bbox 1733 4629 3233 4700">
     <span class='ocr_line' id='line_1_108' title="bbox 1733 4629 3233 4700; baseline -0.001 -13"><span class='ocrx_word' id='word_1_833' title='bbox 1733 4631 2011 4687; x_wconf 76' lang='lat' dir='ltr'><strong>Catholica</strong></span> <span class='ocrx_word' id='word_1_834' title='bbox 2044 4629 2326 4700; x_wconf 86' lang='lat' dir='ltr'><strong>Didymutn</strong></span> <span class='ocrx_word' id='word_1_835' title='bbox 2360 4632 2426 4684; x_wconf 90' lang='lat' dir='ltr'><strong>de</strong></span> <span class='ocrx_word' id='word_1_836' title='bbox 2456 4633 2800 4697; x_wconf 78' lang='lat' dir='ltr'><strong>proceSsione</strong></span> <span class='ocrx_word' id='word_1_837' title='bbox 2830 4633 3063 4699; x_wconf 84' lang='lat' dir='ltr'><strong>Spiritus</strong></span> <span class='ocrx_word' id='word_1_838' title='bbox 3108 4648 3233 4687; x_wconf 87' lang='lat' dir='ltr'><strong>san-</strong></span> 
     </span>
    </p>
   </div>
   <div class='ocr_carea' id='block_1_109' title="bbox 1671 4721 3239 4791">
    <p class='ocr_par' dir='ltr' id='par_1_109' title="bbox 1671 4721 3239 4791">
     <span class='ocr_line' id='line_1_109' title="bbox 1671 4721 3239 4791; baseline 0 -12"><span class='ocrx_word' id='word_1_839' title='bbox 1671 4726 1740 4779; x_wconf 89' lang='lat' dir='ltr'><strong>cti</strong></span> <span class='ocrx_word' id='word_1_840' title='bbox 1779 4724 2036 4787; x_wconf 82' lang='lat' dir='ltr'><strong>sensisse,</strong></span> <span class='ocrx_word' id='word_1_841' title='bbox 2069 4723 2210 4791; x_wconf 88' lang='lat' dir='ltr'><strong>quod</strong></span> <span class='ocrx_word' id='word_1_842' title='bbox 2240 4723 2382 4775; x_wconf 91' lang='lat' dir='ltr'><strong>hunc</strong></span> <span class='ocrx_word' id='word_1_843' title='bbox 2424 4738 2529 4776; x_wconf 93' lang='lat' dir='ltr'><strong>non</strong></span> <span class='ocrx_word' id='word_1_844' title='bbox 2561 4738 2590 4776; x_wconf 94' lang='lat' dir='ltr'><strong>a</strong></span> <span class='ocrx_word' id='word_1_845' title='bbox 2638 4721 2795 4776; x_wconf 87' lang='lat' dir='ltr'><strong>Patre</strong></span> <span class='ocrx_word' id='word_1_846' title='bbox 2832 4725 3026 4788; x_wconf 86' lang='lat' dir='ltr'><strong>solum,</strong></span> <span class='ocrx_word' id='word_1_847' title='bbox 3058 4726 3148 4778; x_wconf 91' lang='lat' dir='ltr'><strong>sed</strong></span> <span class='ocrx_word' id='word_1_848' title='bbox 3181 4734 3239 4779; x_wconf 88' lang='lat' dir='ltr'><strong>et</strong></span> 
     </span>
    </p>
   </div>
   <div class='ocr_carea' id='block_1_110' title="bbox 1662 4812 3233 4882">
    <p class='ocr_par' dir='ltr' id='par_1_110' title="bbox 1662 4812 3233 4882">
     <span class='ocr_line' id='line_1_110' title="bbox 1662 4812 3233 4882; baseline -0.002 -13"><span class='ocrx_word' id='word_1_849' title='bbox 1662 4830 1692 4869; x_wconf 88' lang='lat' dir='ltr'><strong>a</strong></span> <span class='ocrx_word' id='word_1_850' title='bbox 1730 4814 1866 4868; x_wconf 86' lang='lat' dir='ltr'><strong>Filio</strong></span> <span class='ocrx_word' id='word_1_851' title='bbox 1912 4814 2210 4882; x_wconf 85' lang='lat' dir='ltr'><strong>procedere</strong></span> <span class='ocrx_word' id='word_1_852' title='bbox 2258 4812 2520 4875; x_wconf 78' lang='lat' dir='ltr'><strong>docuerit,</strong></span> <span class='ocrx_word' id='word_1_853' title='bbox 2572 4821 2679 4866; x_wconf 91' lang='lat' dir='ltr'><strong>tam</strong></span> <span class='ocrx_word' id='word_1_854' title='bbox 2715 4824 2919 4867; x_wconf 88' lang='lat' dir='ltr'><strong>certum</strong></span> <span class='ocrx_word' id='word_1_855' title='bbox 2949 4824 3031 4867; x_wconf 77' lang='grc' dir='ltr'><strong>εει</strong></span> <span class='ocrx_word' id='word_1_856' title='bbox 3072 4828 3233 4879; x_wconf 79' lang='lat' dir='ltr'><strong>quam</strong></span> 
     </span>
    </p>
   </div>
   <div class='ocr_carea' id='block_1_111' title="bbox 1664 4899 3235 4974">
    <p class='ocr_par' dir='ltr' id='par_1_111' title="bbox 1664 4899 3235 4974">
     <span class='ocr_line' id='line_1_111' title="bbox 1664 4899 3235 4974; baseline 0 -19"><span class='ocrx_word' id='word_1_857' title='bbox 1664 4906 1804 4974; x_wconf 86' lang='lat' dir='ltr'><strong>quod</strong></span> <span class='ocrx_word' id='word_1_858' title='bbox 1852 4904 2103 4955; x_wconf 81' lang='lat' dir='ltr'><strong>maxime.</strong></span> <span class='ocrx_word' id='word_1_859' title='bbox 2138 4900 2275 4968; x_wconf 88' lang='lat' dir='ltr'><strong>Quid</strong></span> <span class='ocrx_word' id='word_1_860' title='bbox 2304 4901 2447 4954; x_wconf 90' lang='lat' dir='ltr'><strong>enim</strong></span> <span class='ocrx_word' id='word_1_861' title='bbox 2505 4901 2724 4967; x_wconf 87' lang='lat' dir='ltr'><strong>clarius,</strong></span> <span class='ocrx_word' id='word_1_862' title='bbox 2758 4902 3033 4970; x_wconf 89' lang='lat' dir='ltr'><strong>magisque</strong></span> <span class='ocrx_word' id='word_1_863' title='bbox 3092 4899 3235 4955; x_wconf 84' lang='lat' dir='ltr'><strong>Pho-</strong></span> 
     </span>
    </p>
   </div>
   <div class='ocr_carea' id='block_1_112' title="bbox 1667 4994 3236 5062">
    <p class='ocr_par' dir='ltr' id='par_1_112' title="bbox 1667 4994 3236 5062">
     <span class='ocr_line' id='line_1_112' title="bbox 1667 4994 3236 5062; baseline -0.003 -11"><span class='ocrx_word' id='word_1_864' title='bbox 1667 4998 1937 5051; x_wconf 85' lang='lat' dir='ltr'><strong>tianorum</strong></span> <span class='ocrx_word' id='word_1_865' title='bbox 1966 4995 2310 5062; x_wconf 71' lang='lat' dir='ltr'><strong>blasphemia:</strong></span> <span class='ocrx_word' id='word_1_866' title='bbox 2344 4995 2697 5058; x_wconf 88' lang='lat' dir='ltr'><strong>contrarium,</strong></span> <span class='ocrx_word' id='word_1_867' title='bbox 2728 5008 2887 5061; x_wconf 90' lang='lat' dir='ltr'><strong>quam</strong></span> <span class='ocrx_word' id='word_1_868' title='bbox 2926 5009 3043 5062; x_wconf 75' lang='lat' dir='ltr'><strong>qua:</strong></span> <span class='ocrx_word' id='word_1_869' title='bbox 3086 4994 3136 5047; x_wconf 92' lang='lat' dir='ltr'><strong>in</strong></span> <span class='ocrx_word' id='word_1_870' title='bbox 3170 4994 3236 5047; x_wconf 84' lang='lat' dir='ltr'><strong>li-</strong></span> 
     </span>
    </p>
   </div>
   <div class='ocr_carea' id='block_1_113' title="bbox 1666 5086 3235 5156">
    <p class='ocr_par' dir='ltr' id='par_1_113' title="bbox 1666 5086 3235 5156">
     <span class='ocr_line' id='line_1_113' title="bbox 1666 5086 3235 5156; baseline -0.001 -12"><span class='ocrx_word' id='word_1_871' title='bbox 1666 5088 1765 5144; x_wconf 87' lang='lat' dir='ltr'><strong>bro</strong></span> <span class='ocrx_word' id='word_1_872' title='bbox 1798 5088 1876 5142; x_wconf 91' lang='lat' dir='ltr'><strong>De</strong></span> <span class='ocrx_word' id='word_1_873' title='bbox 1916 5088 2123 5156; x_wconf 86' lang='lat' dir='ltr'><strong>Spiritu</strong></span> <span class='ocrx_word' id='word_1_874' title='bbox 2174 5098 2356 5140; x_wconf 87' lang='lat' dir='ltr'><strong>sancto</strong></span> <span class='ocrx_word' id='word_1_875' title='bbox 2390 5088 2489 5140; x_wconf 85' lang='lat' dir='ltr'><strong>hac</strong></span> <span class='ocrx_word' id='word_1_876' title='bbox 2521 5087 2586 5139; x_wconf 86' lang='lat' dir='ltr'><strong>de</strong></span> <span class='ocrx_word' id='word_1_877' title='bbox 2619 5102 2677 5140; x_wconf 90' lang='lat' dir='ltr'><strong>re</strong></span> <span class='ocrx_word' id='word_1_878' title='bbox 2705 5086 2967 5156; x_wconf 85' lang='lat' dir='ltr'><strong>legimus?</strong></span> <span class='ocrx_word' id='word_1_879' title='bbox 3000 5086 3235 5144; x_wconf 83' lang='lat' dir='ltr'><strong>Numero</strong></span> 
     </span>
    </p>
   </div>
   <div class='ocr_carea' id='block_1_114' title="bbox 1665 5175 3237 5249">
    <p class='ocr_par' dir='ltr' id='par_1_114' title="bbox 1665 5175 3237 5249">
     <span class='ocr_line' id='line_1_114' title="bbox 1665 5175 3237 5249; baseline 0.002 -18"><span class='ocrx_word' id='word_1_880' title='bbox 1665 5182 1881 5249; x_wconf 90' lang='lat' dir='ltr'><strong>quidem</strong></span> <span class='ocrx_word' id='word_1_881' title='bbox 1913 5179 1983 5232; x_wconf 64' lang='grc'><strong>54</strong></span> <span class='ocrx_word' id='word_1_882' title='bbox 2022 5178 2138 5247; x_wconf 82' lang='lat' dir='ltr'><strong>ejus</strong></span> <span class='ocrx_word' id='word_1_883' title='bbox 2165 5178 2284 5231; x_wconf 89' lang='lat' dir='ltr'><strong>libri</strong></span> <span class='ocrx_word' id='word_1_884' title='bbox 2317 5176 2506 5230; x_wconf 89' lang='lat' dir='ltr'><strong>Filiutn</strong></span> <span class='ocrx_word' id='word_1_885' title='bbox 2539 5177 2603 5230; x_wconf 91' lang='lat' dir='ltr'><strong>de</strong></span> <span class='ocrx_word' id='word_1_886' title='bbox 2628 5175 2829 5246; x_wconf 88' lang='lat' dir='ltr'><strong>Spiritu</strong></span> <span class='ocrx_word' id='word_1_887' title='bbox 2852 5188 3037 5233; x_wconf 89' lang='lat' dir='ltr'><strong>sancto</strong></span> <span class='ocrx_word' id='word_1_888' title='bbox 3058 5182 3133 5235; x_wconf 84' lang='lat' dir='ltr'><strong>sic</strong></span> <span class='ocrx_word' id='word_1_889' title='bbox 3162 5181 3237 5234; x_wconf 90' lang='lat' dir='ltr'><strong>lo-</strong></span> 
     </span>
    </p>
   </div>
   <div class='ocr_carea' id='block_1_115' title="bbox 1662 5267 3229 5343">
    <p class='ocr_par' dir='ltr' id='par_1_115' title="bbox 1662 5267 3229 5343">
     <span class='ocr_line' id='line_1_115' title="bbox 1662 5267 3229 5343; baseline 0.002 -18"><span class='ocrx_word' id='word_1_890' title='bbox 1662 5283 1911 5343; x_wconf 86' lang='lat' dir='ltr'><strong>quentem</strong></span> <span class='ocrx_word' id='word_1_891' title='bbox 1932 5272 2132 5325; x_wconf 91' lang='lat' dir='ltr'><strong>inducit</strong></span> <span class='ocrx_word' id='word_1_892' title='bbox 2154 5286 2168 5323; x_wconf 90' lang='lat'><strong>:</strong></span> <span class='ocrx_word' id='word_1_893' title='bbox 2190 5268 2273 5323; x_wconf 84' lang='lat' dir='ltr'><strong>Ex</strong></span> <span class='ocrx_word' id='word_1_894' title='bbox 2286 5267 2443 5322; x_wconf 81' lang='lat' dir='ltr'><strong>Patre</strong></span> <span class='ocrx_word' id='word_1_895' title='bbox 2463 5267 2646 5342; x_wconf 82' lang='lat' dir='ltr'><strong>[XLII]</strong></span> <span class='ocrx_word' id='word_1_896' title='bbox 2666 5279 2713 5323; x_wconf 90' lang='lat' dir='ltr'><strong>et</strong></span> <span class='ocrx_word' id='word_1_897' title='bbox 2738 5288 2817 5325; x_wconf 90' lang='lat' dir='ltr'><strong>me</strong></span> <span class='ocrx_word' id='word_1_898' title='bbox 2837 5283 2911 5326; x_wconf 90' lang='lat' dir='ltr'><strong>est</strong></span> <span class='ocrx_word' id='word_1_899' title='bbox 2931 5289 2949 5326; x_wconf 89' lang='lat'><strong><em>:</em></strong></span> <span class='ocrx_word' id='word_1_900' title='bbox 2967 5273 3063 5327; x_wconf 90' lang='lat' dir='ltr'><strong>hoc</strong></span> <span class='ocrx_word' id='word_1_901' title='bbox 3090 5277 3229 5328; x_wconf 90' lang='lat' dir='ltr'><strong>enim</strong></span> 
     </span>
    </p>
   </div>
   <div class='ocr_carea' id='block_1_116' title="bbox 1664 5359 3233 5431">
    <p class='ocr_par' dir='ltr' id='par_1_116' title="bbox 1664 5359 3233 5431">
     <span class='ocr_line' id='line_1_116' title="bbox 1664 5359 3233 5431; baseline 0.001 -16"><span class='ocrx_word' id='word_1_902' title='bbox 1664 5366 1830 5429; x_wconf 87' lang='lat' dir='ltr'><strong>ipsum</strong></span> <span class='ocrx_word' id='word_1_903' title='bbox 1871 5364 2007 5431; x_wconf 89' lang='lat' dir='ltr'><strong>quod</strong></span> <span class='ocrx_word' id='word_1_904' title='bbox 2036 5362 2289 5423; x_wconf 89' lang='lat' dir='ltr'><strong>subsistit,</strong></span> <span class='ocrx_word' id='word_1_905' title='bbox 2320 5370 2365 5413; x_wconf 92' lang='lat' dir='ltr'><strong>et</strong></span> <span class='ocrx_word' id='word_1_906' title='bbox 2398 5360 2650 5431; x_wconf 87' lang='lat' dir='ltr'><strong>loquitur,</strong></span> <span class='ocrx_word' id='word_1_907' title='bbox 2686 5379 2718 5415; x_wconf 92' lang='lat' dir='ltr'><strong>a</strong></span> <span class='ocrx_word' id='word_1_908' title='bbox 2747 5359 2932 5430; x_wconf 88' lang='lat' dir='ltr'><strong>Patre,</strong></span> <span class='ocrx_word' id='word_1_909' title='bbox 2972 5374 3021 5417; x_wconf 86' lang='lat' dir='ltr'><strong>et</strong></span> <span class='ocrx_word' id='word_1_910' title='bbox 3046 5381 3125 5417; x_wconf 91' lang='lat' dir='ltr'><strong>me</strong></span> <span class='ocrx_word' id='word_1_911' title='bbox 3154 5365 3233 5417; x_wconf 85' lang='lat' dir='ltr'><strong>illi</strong></span> 
     </span>
    </p>
   </div>
   <div class='ocr_carea' id='block_1_117' title="bbox 1662 5451 3228 5524">
    <p class='ocr_par' dir='ltr' id='par_1_117' title="bbox 1662 5451 3228 5524">
     <span class='ocr_line' id='line_1_117' title="bbox 1662 5451 3228 5524; baseline 0 -17"><span class='ocrx_word' id='word_1_912' title='bbox 1662 5464 1758 5507; x_wconf 77' lang='lat' dir='ltr'><strong>est.</strong></span> <span class='ocrx_word' id='word_1_913' title='bbox 1795 5453 2029 5506; x_wconf 88' lang='lat' dir='ltr'><strong>Numero</strong></span> <span class='ocrx_word' id='word_1_914' title='bbox 2058 5461 2238 5506; x_wconf 90' lang='lat' dir='ltr'><strong>autem</strong></span> <span class='ocrx_word' id='word_1_915' title='bbox 2278 5451 2367 5517; x_wconf 81' lang='grc'><strong>57,</strong></span> <span class='ocrx_word' id='word_1_916' title='bbox 2409 5454 2488 5507; x_wconf 91' lang='lat' dir='ltr'><strong>sic</strong></span> <span class='ocrx_word' id='word_1_917' title='bbox 2529 5453 2766 5524; x_wconf 90' lang='lat' dir='ltr'><strong>loquitur</strong></span> <span class='ocrx_word' id='word_1_918' title='bbox 2800 5473 2813 5509; x_wconf 91' lang='lat'>:</span> <span class='ocrx_word' id='word_1_919' title='bbox 2869 5454 3047 5524; x_wconf 85' lang='lat' dir='ltr'><strong>Neque</strong></span> <span class='ocrx_word' id='word_1_920' title='bbox 3092 5456 3228 5508; x_wconf 87' lang='lat' dir='ltr'><strong>enim</strong></span> 
     </span>
    </p>
   </div>
   <div class='ocr_carea' id='block_1_118' title="bbox 1662 5542 3229 5615">
    <p class='ocr_par' dir='ltr' id='par_1_118' title="bbox 1662 5542 3229 5615">
     <span class='ocr_line' id='line_1_118' title="bbox 1662 5542 3229 5615; baseline 0.001 -18"><span class='ocrx_word' id='word_1_921' title='bbox 1662 5546 1789 5615; x_wconf 88' lang='lat' dir='ltr'><strong>quid</strong></span> <span class='ocrx_word' id='word_1_922' title='bbox 1821 5544 1967 5598; x_wconf 84' lang='lat' dir='ltr'><strong>aliud</strong></span> <span class='ocrx_word' id='word_1_923' title='bbox 2000 5554 2079 5598; x_wconf 91' lang='lat' dir='ltr'><strong>est</strong></span> <span class='ocrx_word' id='word_1_924' title='bbox 2104 5542 2302 5611; x_wconf 86' lang='lat' dir='ltr'><strong>Filius,</strong></span> <span class='ocrx_word' id='word_1_925' title='bbox 2338 5546 2564 5615; x_wconf 85' lang='lat' dir='ltr'><strong>exceptis</strong></span> <span class='ocrx_word' id='word_1_926' title='bbox 2604 5547 2686 5600; x_wconf 89' lang='lat' dir='ltr'><strong>his</strong></span> <span class='ocrx_word' id='word_1_927' title='bbox 2717 5561 2833 5615; x_wconf 76' lang='lat' dir='ltr'><strong>qute</strong></span> <span class='ocrx_word' id='word_1_928' title='bbox 2861 5546 2907 5599; x_wconf 88' lang='lat' dir='ltr'><strong>ei</strong></span> <span class='ocrx_word' id='word_1_929' title='bbox 2960 5546 3153 5598; x_wconf 88' lang='lat' dir='ltr'><strong>dantur</strong></span> <span class='ocrx_word' id='word_1_930' title='bbox 3196 5563 3229 5599; x_wconf 89' lang='lat' dir='ltr'><strong>a</strong></span> 
     </span>
    </p>
   </div>
   <div class='ocr_carea' id='block_1_119' title="bbox 2159 5718 3249 5794">
    <p class='ocr_par' dir='ltr' id='par_1_119' title="bbox 2159 5718 3249 5794">
     <span class='ocr_line' id='line_1_119' title="bbox 2159 5718 3249 5794; baseline 0.001 -17"><span class='ocrx_word' id='word_1_931' title='bbox 2159 5723 2203 5755; x_wconf 84' lang='lat'><strong>&quot;</strong></span> <span class='ocrx_word' id='word_1_932' title='bbox 2246 5724 2260 5777; x_wconf 94' lang='grc' dir='ltr'><strong>Ι</strong></span> <span class='ocrx_word' id='word_1_933' title='bbox 2298 5723 2485 5780; x_wconf 83' lang='lat' dir='ltr'><strong>Thess.</strong></span> <span class='ocrx_word' id='word_1_934' title='bbox 2521 5740 2573 5792; x_wconf 73' lang='grc' dir='ltr'><strong>ι’,</strong></span> <span class='ocrx_word' id='word_1_935' title='bbox 2610 5724 2700 5776; x_wconf 74' lang='lat'><strong>25.</strong></span> <span class='ocrx_word' id='word_1_936' title='bbox 2780 5724 2821 5755; x_wconf 83' lang='grc'><strong>³⁹</strong></span> <span class='ocrx_word' id='word_1_937' title='bbox 2846 5723 2977 5776; x_wconf 89' lang='lat' dir='ltr'><strong>Dan.</strong></span> <span class='ocrx_word' id='word_1_938' title='bbox 3020 5736 3099 5784; x_wconf 84' lang='lat' dir='ltr'><strong>tn,</strong></span> <span class='ocrx_word' id='word_1_939' title='bbox 3134 5718 3249 5794; x_wconf 79' lang='lat'><strong>80._</strong></span> 
     </span>
    </p>
   </div>
  </div>
