3774 6306
437 259 539 314 187

437 370 629 436 Patre;
680 391 840 444 neque
890 376 998 430 alia
1054 377 1353 431 substantia
1413 387 1487 433 est
1525 377 1756 448 Spiritus
1808 381 2088 454 sancti,A

432 476 623 535 prater
654 467 709 519 id
735 469 873 535 quod
907 469 1067 521 datur
1098 471 1144 522 ei
1180 486 1213 522 α
1248 468 1413 523 Filio.

504 552 578 603 At-
604 550 656 603 in
692 551 844 606 libris
876 551 954 607 De
993 551 1267 619 Trinitate,
1300 555 1539 622 inquies,
1572 556 1768 624 saapius
1802 556 1880 609 ait
1916 555 2005 609 Di-

434 640 625 710 dymus
660 639 919 710 Spiritum
970 655 1214 699 sanctum
1255 660 1285 700 a
1318 644 1483 701 Patre
1534 648 1752 717 quidem
1812 662 2003 715 proce-

435 732 582 794 dere,
617 732 669 786 in
702 732 839 788 Filio
865 745 1045 790 autem
1074 746 1167 791 aut
1199 738 1337 807 apud
1368 738 1564 792 Filium
1614 754 1854 794 manere.
1898 738 2005 793 Ve-

440 837 559 876 rtnn
594 824 708 878 hac
734 829 859 879 item
902 835 959 879 ut
986 828 1088 881 alia
1118 827 1359 895 ejusdem
1395 830 1561 891 modi,
1590 845 1710 898 qua:
1757 844 2007 899 regerere

436 913 555 980 quis
581 924 782 983 posset,
810 917 943 969 satis
968 916 1076 985 jam
1110 926 1335 974 tractata
1364 920 1605 973 acdiluta
1636 930 1760 975 sunt
1785 937 1816 975 a
1839 937 1923 976 me
1952 923 2005 975 in

437 1004 664 1073 epistola
690 1006 756 1059 ad
787 1010 1255 1076 praeclarissimum
1296 1012 1580 1081 praesulem
1606 1012 1867 1068 Joannem
1900 1016 2005 1066 Ar-

438 1097 696 1153 chintum.
732 1098 934 1171 Nempe
956 1101 1080 1156 dum
1114 1104 1190 1157 ait.
1228 1104 1505 1176 Didymus,
1566 1105 1762 1159 Filium
1796 1123 2005 1161 manere

436 1191 577 1260 apud
610 1190 838 1257 Patrem,
883 1193 1014 1248 nihil
1044 1194 1187 1250 aliud
1225 1198 1358 1263 vult,
1409 1196 1513 1251 nisi
1571 1213 1686 1251 eam
1742 1198 2002 1260 indicare,

437 1294 597 1348 quam
653 1282 881 1352 theologi
918 1296 1109 1339 vocant
1160 1285 1465 1340 divinarum
1502 1302 1855 1356 personarum
1895 1291 2003 1341 (ir-

436 1374 904 1430 cuminsessionem.
940 1375 1103 1445 quue
1135 1392 1199 1431 ex
1248 1392 1313 1432 eo
1345 1378 1504 1433 etiam
1562 1382 1886 1435 contlrmare
1938 1381 2002 1435 li-

439 1469 545 1524 cet,
578 1463 717 1530 quod
751 1463 885 1518 libro
912 1480 973 1529 ll,
1004 1480 1123 1535 pag.
1152 1465 1276 1530 500,
1314 1476 1498 1536 aperte
1539 1468 1702 1533 dicat,
1741 1468 2003 1537 Spiritum

440 1561 684 1606 sanctum
717 1569 933 1608 manere
959 1556 1099 1624 apud
1140 1555 1388 1625 Patrem;
1438 1573 1537 1612 nec
1563 1560 1703 1612 enim
1737 1562 1875 1628 apud
1906 1560 2006 1613 Pa-

441 1654 576 1698 trem
622 1646 692 1698 ita
754 1656 935 1701 manet
993 1646 1250 1716 profecto,
1308 1660 1366 1703 ut
1418 1649 1485 1704 ab
1520 1650 1633 1719 ipso
1686 1649 1845 1704 Patre
1894 1668 2002 1706 non

438 1736 710 1807 procedat.
2036 1727 2079 1781 B

821 1828 949 1883 CAP.
984 1828 1068 1882 Vl.
1111 1828 1187 1882 De
1213 1829 1388 1882 divina
1426 1831 1624 1899 gratia.

507 1916 639 1972 Cum
690 1927 815 1971 ante
885 1928 1123 1983 exortas,
1190 1920 1542 1976 damnatasve
1594 1922 2005 1993 Pelagianorum

438 2025 502 2064 ac
562 2010 1108 2083 Semipelagianorum
1171 2013 1403 2068 haereses
1469 2014 1664 2069 obierit
1727 2017 2005 2087 Didymus,

441 2102 633 2155 mirum
672 2103 871 2157 nemini
900 2105 1070 2158 videri
1107 2104 1283 2169 debet,
1321 2105 1365 2160 si
1404 2106 1476 2159 ita
1518 2115 1675 2162 caute
1720 2107 1788 2161 de
1828 2109 2005 2162 divina

443 2195 611 2260 gratia
643 2194 856 2250 locutus
890 2196 1085 2264 ubique
1110 2212 1214 2251 non
1259 2198 1352 2263 sit,
1383 2208 1439 2251 ut
1470 2199 1505 2253 ii
1555 2200 1645 2267 qui
1680 2209 1801 2269 post
1859 2200 2009 2255 Pela-

438 2286 595 2353 giana
642 2294 875 2355 tempora
917 2288 1267 2357 scripserunt.
1328 2289 1593 2345 Nimirum
1651 2291 1901 2346 nonnulla
1952 2293 2005 2346 in

438 2388 504 2427 eo
543 2376 764 2445 reperiri
796 2378 1021 2433 candide
1056 2379 1250 2445 fateor,
1274 2395 1392 2449 qua:
1420 2381 1463 2435 si
1495 2381 1702 2450 quinto,
1737 2391 1829 2435 aut
1858 2392 2008 2436 sexto

440 2468 693 2524 Ecclesiae
723 2472 919 2525 saeculo
964 2474 1161 2527 dictata
1201 2472 1396 2539 forent,
1443 2476 1531 2529 vix
1560 2490 1624 2530 ac
1672 2491 1740 2530 ne
1771 2476 1859 2529 vix
1889 2478 2008 2545 qui-

440 2558 560 2613 dem
613 2574 643 2613 a
717 2560 1236 2632 Semipelagianismi
1293 2566 1413 2619 labe
1485 2565 1743 2620 immunia
1796 2567 2008 2623 sincero

358 2658 363 2663 '
443 2651 692 2721 tlteologo
723 2653 892 2707 videri
926 2667 1171 2723 possent.
1214 2656 1410 2711 Verum
1448 2673 1589 2729 szepe
1633 2660 1911 2729 contingit,
1950 2670 2009 2715 ut

440 2758 543 2796 una
583 2745 878 2815 eademque
935 2747 1132 2802 locutio
1178 2764 1281 2803 non
1333 2750 1575 2805 eamdem
1632 2766 1846 2821 semper
1898 2754 2004 2806 vim

440 2834 668 2900 habeat,
713 2851 776 2890 ac
806 2837 1153 2903 sententiam,
1185 2839 1278 2893 sed
1310 2842 1539 2896 diversis
1572 2844 1904 2911 temporibus
1929 2844 2008 2898 di-

442 2942 599 2981 verso
634 2930 793 2984 modo
844 2934 1159 3002 accipiatur.
1194 2935 1329 3000 Quid
1375 2950 1503 3005 ergo
1560 2936 1837 3002 miremur,
1869 2938 1911 2991 si
1942 2938 2009 2991 de

441 3034 507 3073 eo
539 3021 754 3089 quidem
798 3024 1030 3079 maxime
1079 3026 1340 3082 sollicitus
1390 3042 1604 3097 semper
1636 3029 1797 3083 fuerit
1842 3030 2005 3101 Didy-
2034 3055 2075 3111 ρ

442 3125 583 3173 mus,
634 3120 693 3164 ut
725 3112 930 3167 arbitrii
966 3115 1269 3170 libertatem
1326 3127 1613 3183 astrueret,
1653 3134 1879 3190 eamque
1931 3121 2004 3173 ita

440 3201 757 3270 defenderit,
786 3216 841 3261 ut
870 3208 1063 3263 divinae
1100 3211 1286 3279 gratia:
1315 3213 1689 3267 necessitatem
1724 3230 1827 3266 non
1860 3228 2005 3266 sem—

442 3308 537 3363 per
565 3310 820 3364 expresse
864 3301 1175 3364 nomiuarit,
1207 3302 1298 3355 sed
1329 3302 1515 3356 lectori
1550 3303 1837 3371 aliquando
1870 3303 2002 3357 sub-

444 3385 837 3453 intelligendam
902 3390 1212 3459 reliquerit;
1279 3408 1402 3446 cum
1456 3408 1517 3447 ea
1568 3391 1809 3448 ﬂoruerit
1870 3405 2006 3447 tem-

441 3486 671 3545 pestate,
699 3493 799 3547 qua
851 3479 1127 3534 Manichaei
1171 3482 1388 3551 quidem
1438 3481 1741 3538 libertatem
1799 3486 2006 3541 arbitrii

445 3568 511 3621 de
549 3569 723 3622 medio
775 3569 1020 3625 tollentes
1080 3572 1371 3627 Eeclesiam
1416 3575 1702 3642 vexabant,
1759 3575 2007 3644 Pelagius

441 3674 571 3713 vero
623 3660 920 3716 libertatem
964 3664 1170 3717 arbitrii
1217 3665 1376 3719 nimis
1426 3665 1750 3731 extollendo,
1802 3668 1996 3722 divinae

444 3752 628 3822 gratia:
656 3754 722 3807 ad
762 3755 899 3809 bona
931 3770 993 3809 ac
1028 3756 1280 3810 salutaria
1323 3771 1483 3824 opera
1520 3760 1879 3828 perpetranda
1909 3774 2007 3815 ne-

443 3845 747 3898 cessitatem
792 3848 1022 3899 nondum
1055 3848 1381 3902 sustulerat?

516 3935 643 4001 Quae
669 3951 789 3989 cum
827 3936 896 3989 ita
928 3950 985 3989 se
1017 3937 1263 4000 habeant,
1298 3938 1494 4001 nullus,
1526 3948 1583 3992 ut
1615 3954 1755 4005 reor,
1797 3940 2005 4010 Didymi

447 4025 594 4079 locus
628 4026 875 4094 tlteologo
896 4028 1160 4094 azqnitatis
1200 4028 1401 4081 amanti
1460 4028 1583 4082 talis
1628 4029 1915 4095 videbitur,
1954 4038 2010 4083 ut

447 4119 768 4186 persuadere
799 4119 993 4182 valeat,
1025 4120 1307 4190 Didymum
1334 4123 1626 4183 erroribus,
1654 4124 1743 4191 qui
1777 4126 1827 4176 in
1859 4122 2010 4176 Pela-

447 4208 533 4276 gio
562 4218 653 4260 aut
686 4209 738 4261 in
776 4208 1217 4280 Semipelagiauis
1249 4223 1430 4281 postea
1471 4215 1704 4266 damnati
1738 4225 1881 4275 sunt,
1911 4215 2007 4268 ad-

451 4298 687 4352 ha:sisse.
716 4300 791 4352 Ac
821 4299 872 4352 in
906 4299 989 4353 Itis
1017 4302 1228 4370 quidem
1278 4301 1348 4355 De
1390 4302 1643 4355 Trinitate
1672 4302 1823 4358 libris
1876 4302 2008 4356 nihil

451 4387 553 4438 tale
580 4399 810 4453 exstare,
848 4390 979 4444 satis
1008 4406 1037 4443 a
1072 4405 1155 4444 tne
1187 4398 1458 4444 ostensum
1491 4402 1618 4460 puto
1648 4408 1766 4445 cum
1796 4393 1845 4444 in
1898 4393 2009 4460 epi-
2043 4386 2084 4439 D

449 4476 605 4540 stola,
634 4493 791 4547 quam
816 4479 970 4546 paulo
1002 4491 1123 4534 ante
1176 4470 1486 4545 memoravi,
1525 4492 1634 4535 tum
1672 4482 1722 4535 in
1784 4484 2010 4535 adnota-

449 4568 679 4622 tionibus
711 4586 830 4639 pag.
873 4570 931 4624 11
962 4581 1015 4625 et
1048 4571 1171 4629 270.
1200 4573 1350 4639 Quod
1382 4588 1505 4627 vero
1557 4583 1758 4641 spectat
1789 4575 1853 4626 ad
1910 4574 2010 4627 alia

450 4655 657 4728 Didymi
692 4675 873 4730 opera,
913 4661 963 4714 id
992 4663 1162 4729 ipsum
1195 4679 1333 4717 nunc
1366 4664 1600 4715 breviter
1631 4665 2011 4717 demonstrau-

446 4750 571 4803 dum
605 4760 707 4805 est.
737 4752 839 4805 Sed
870 4762 1154 4823 antequam
1200 4753 1300 4807 hoc
1335 4762 1603 4821 praestem,
1636 4764 1866 4822 quatuor
1890 4772 2013 4824 pro-

448 4858 644 4912 pouere
674 4844 846 4913 placet
887 4844 1067 4909 emata,
1103 4845 1218 4898 sive
1272 4845 1536 4913 dogmata,
1572 4862 1689 4914 qua:
1716 4847 1781 4898 ab
1810 4861 1874 4900 eo
1922 4861 2015 4915 po-

450 4936 714 4988 tissimum
757 4937 1018 4991 inculcata
1049 4938 1422 4990 animadverti.

518 5024 697 5082 Primo
724 5042 910 5095 nempe
930 5030 1105 5090 docet,
1138 5028 1291 5080 [idem
1320 5041 1437 5080 esse
1461 5042 1524 5079 ex
1540 5027 1717 5081 divina
1750 5027 1938 5095 gratia.
1957 5026 2011 5081 ld

449 5128 631 5183 aperte
662 5118 825 5171 tradit
851 5134 970 5171 ettm
997 5120 1048 5172 in
1080 5118 1216 5173 libro
1245 5119 1319 5173 De
1346 5119 1545 5186 Spiritu
1563 5130 1764 5181 sancto,
1796 5136 1939 5172 num.
1977 5120 2009 5173 9

448 5205 533 5260 his
547 5206 722 5259 verbis
740 5224 752 5258 :
771 5205 920 5261 Fidei
956 5207 1165 5276 eﬂ‘ectus
1188 5210 1556 5277 estparticeps,
1581 5225 1698 5277 qua,
1723 5225 1786 5261 ex
1814 5208 2013 5275 Spiritu

449 5309 632 5351 sancto
670 5300 841 5362 venit;
880 5309 990 5351 ttnn
1038 5300 1089 5353 in
1144 5302 1279 5365 loco,
1312 5316 1468 5368 quem
1520 5316 1642 5353 mox
1683 5300 1901 5354 all‘eram
1948 5316 2011 5354 ex

452 5403 574 5458 pag.
608 5388 708 5441 189
766 5399 968 5443 calente
998 5392 1050 5443 in
1081 5390 1358 5444 Joannem.
1394 5392 1464 5444 At
1490 5391 1613 5459 ﬁdei
1648 5392 1861 5445 nomine
1893 5392 2015 5460 quis

450 5490 609 5550 neget
634 5478 967 5550 designatam
994 5483 1060 5535 ab
1091 5496 1155 5536 co
1187 5481 1352 5535 fuisse
1384 5481 1543 5536 etiam
1578 5482 1735 5549 ﬁdem
1764 5482 2014 5547 incipien-

524 5652 571 5685 “
604 5652 804 5710 lJoan.
837 5673 885 5723 v,
920 5659 1000 5714 18.
1077 5658 1119 5690 ⁸⁸
1160 5659 1315 5715 Prov.
1353 5675 1425 5725 tv,
1464 5658 1555 5717 23.
1631 5644 1892 5714 "Ezech.
1926 5672 2031 5723 ειν,
2068 5658 2118 5713 6.

1913 264 2000 318 DE
2028 264 2282 321 DIDYMO

3617 264 3761 321 188

2119 387 2241 444 tem,
2282 377 2396 431 sive
2425 375 2633 430 initium
2666 374 2828 431 ﬁdei?
2883 374 2965 430 Ab
2999 389 3063 431 eo
3096 389 3247 444 sane,
3274 377 3366 447 qui
3391 386 3532 432 ante
3572 380 3759 431 scri-

2112 469 2292 534 bebat,
2318 484 2477 538 quam
2509 468 2664 522 ﬁdem
2699 468 3043 537 incipientem
3079 467 3495 540 Semipelagiani
3535 486 3573 523 a
3621 472 3759 525 ﬁde

2108 558 2311 621 adulta,
2342 559 2503 613 utsic
2538 557 2751 627 loquar,
2792 568 3159 623 secernerent,
3193 568 3247 614 et
3277 560 3439 625 hanc,
3482 577 3617 615 non
3670 560 3755 614 il-

2109 648 2222 703 lam
2272 649 2463 704 divinae
2498 650 2681 718 gratize
2732 647 3048 715 tribuerent,
3082 650 3221 717 exigi
3275 650 3393 719 jure
3428 668 3553 707 non
3620 666 3747 721 po.

2110 748 2235 805 test,
2258 750 2315 793 ut
2344 741 2547 807 apertis
2575 739 2754 794 verbis
2783 739 2944 803 dicat,
2995 753 3060 793 ex
3104 739 3286 794 divina
3333 744 3522 811 gratia
3587 758 3750 799 esse

2108 846 2211 885 non
2249 832 2587 899 incipientem
2620 832 2800 894 modo,
2831 835 2921 885 sed
2958 840 3014 885 et
3041 844 3346 899 provectam
3386 834 3600 889 (idem.

2179 923 2427 978 Secundo
2496 922 2672 987 docet,
2742 923 2970 991 gratiam
3044 924 3322 979 nobiscum
3383 929 3739 994 cooperari.

2108 1016 2239 1070 Nam
2287 1015 2463 1084 capite
2509 1015 2533 1067 1
2590 1014 2955 1067 Enarrationis
2985 1016 3039 1067 in
3069 1013 3238 1081 Epist.
3279 1014 3525 1071 Jacobi:
3606 1018 3737 1083 Qui

2108 1106 2325 1169 fruitur,
2353 1105 2542 1173 inquit,
2575 1120 2767 1158 corona
2796 1103 3124 1168 deliciarum,
3151 1115 3203 1157 et
3233 1108 3323 1174 qui
3354 1108 3532 1163 habet
3568 1126 3734 1177 gra-

2108 1198 2234 1251 tiam
2260 1198 2349 1251 Dei
2377 1206 3041 1265 cooperantem,coronam
3064 1198 3354 1263 gratiarum
3376 1202 3663 1269 percipit.
3702 1222 3725 1253 ι

2108 1287 2389 1353 Similique
2426 1289 2585 1340 modo
2621 1286 2672 1339 in
2723 1296 2911 1339 eatena
2958 1284 3284 1341 Corderiana
3322 1290 3387 1343 ad
3445 1306 3615 1345 vers.
3685 1308 3729 1344 ιι

2105 1378 2293 1447 psalmi
2331 1394 2380 1442 ι,
2404 1393 2523 1447 pag.
2555 1376 2660 1432 995
2690 1394 2702 1430 :
2733 1376 2828 1447 τὴν
2853 1377 2989 1431 Θεοῦ
3021 1379 3362 1450 συνὲργειαν,
3396 1382 3451 1436 id
3479 1394 3575 1436 est
3610 1382 3732 1437 Dei

2106 1469 2542 1536 cooperationem,
2567 1482 2662 1521 seu
2688 1468 2918 1536 gratiam
2941 1479 3336 1538 cooperantem,
3360 1486 3427 1525 ex
3451 1487 3569 1541 qua
3600 1474 3729 1526 vir-

2108 1567 2192 1613 tus
2224 1558 2666 1627 sit,agnoscit,ut
2687 1558 2889 1627 patebit
2926 1574 2990 1614 ex
3018 1559 3197 1614 verbis
3216 1576 3334 1613 mox
3368 1560 3722 1619 aﬂ'erendis.

2178 1649 2362 1703 Tertio
2392 1649 2565 1715 docet,
2600 1665 2702 1702 non
2730 1649 2934 1703 viribus
2961 1649 3181 1715 nostris,
3207 1650 3299 1704 sed
3322 1652 3523 1706 divinze
3564 1670 3721 1724 gra-

2110 1740 2196 1795 tite
2236 1739 2577 1793 tribuendum
2610 1754 2748 1803 esse,
2790 1740 2832 1793 si
2867 1756 2971 1795 non
3012 1741 3399 1809 delinquamus.
3449 1744 3607 1797 Nam
3656 1748 3722 1800 in

2108 1832 2273 1885 citato
2309 1833 2513 1884 catenae
2543 1829 2886 1886 Corderiana:
2930 1831 3047 1886 loco
3075 1832 3153 1886 sic
3182 1833 3415 1902 loquitur
3453 1853 3468 1889 :
3510 1835 3637 1899 Ne,
3670 1840 3723 1890 si

2108 1939 2209 1976 non
2264 1922 2640 1991 delinquerent,
2688 1923 2912 1991 propriis
2950 1923 3165 1987 viribus,
3214 1941 3315 1978 non
3372 1942 3495 1979 vero
3554 1927 3718 1980 Θεοῦ

2109 2014 2417 2085 συνεργείᾳ,
2449 2014 2503 2067 id
2533 2022 2615 2068 est
2644 2011 2739 2066 Dei
2762 2014 3136 2082 cooperationi,
3174 2016 3409 2068 virtutem
3450 2021 3714 2071 ascribe—

2109 2117 2241 2161 rent.
2278 2107 2342 2160 Et
2376 2116 2553 2175 captte
2590 2105 2623 2159 5
2665 2105 3035 2159 Enarrationis
3060 2108 3111 2159 in
3146 2104 3245 2174 Ep.
3282 2106 3309 2159 1
3341 2108 3579 2163 Joannis
3616 2126 3719 2163 ex-

2110 2198 2311 2265 plicans
2337 2197 2451 2252 haec
2499 2197 2681 2261 verba,
2717 2196 2817 2261 Qui
2849 2207 2999 2250 natus
3035 2205 3110 2250 est
3144 2214 3207 2250 ex
3233 2196 3361 2262 Deo,
3399 2210 3583 2251 servat
3622 2219 3716 2253 se-

2111 2288 2405 2353 metipsum,
2437 2298 2482 2341 et
2516 2286 2776 2355 malignus
2804 2303 2905 2340 non
2936 2288 3101 2357 tangit
3132 2302 3245 2340 eum
3271 2287 3337 2351 ⁸ο,
3371 2300 3567 2355 aperte
3601 2294 3711 2353 ait,

2110 2378 2377 2431 hominem
2406 2393 2510 2431 non
2570 2377 2700 2431 solis
2752 2378 2862 2432 suis
2913 2379 3134 2444 viribus,
3178 2379 3269 2432 sed
3310 2393 3403 2448 per
3452 2382 3709 2448 gratiam

2108 2486 2314 2522 servare
2342 2485 2395 2522 se
2422 2486 2449 2520 a
2486 2481 2741 2538 peetato;
2795 2486 2917 2523 nam
2950 2478 3006 2523 ut
3054 2470 3310 2525 custodia:
3345 2482 3551 2526 nostra:
3617 2474 3708 2527 di-

2108 2563 2231 2615 vina
2271 2560 2481 2633 [XLIII]
2514 2564 2755 2617 custodia
2805 2564 3125 2633 adjungalur
3154 2567 3520 2619 necessarium
3573 2582 3709 2621 esse

2109 2654 2374 2716 aﬂlrtuat;
2426 2656 2504 2709 sic
2541 2658 2681 2708 enim
2710 2656 2948 2724 loquitur
2981 2675 2994 2710 :
3032 2655 3090 2711 Si
3120 2658 3235 2725 quis
3269 2669 3441 2711 autem
3500 2671 3707 2715 semet-

2109 2746 2278 2809 ipsum
2307 2756 2493 2809 servat,
2512 2755 2627 2798 orat
2655 2746 2907 2799 divinitus
2939 2748 3214 2812 custodiri,
3236 2758 3289 2800 ιιι
3314 2749 3546 2801 intactus
3577 2768 3707 2817 per-

2110 2846 2319 2889 maneat
2357 2853 2389 2889 a
2438 2837 2687 2905 maligno.
2747 2835 3077 2908 Prwreptum
3131 2855 3349 2908 namque
3405 2842 3701 2902 custodiae,

2108 2943 2223 2992 qua:
2278 2928 2451 2980 studio
2506 2936 2681 2980 nostro
2710 2928 2936 2995 ﬁt,.hoc
2964 2938 3039 2982 est
3092 2930 3228 2997 quod
3263 2930 3381 2983 ait:
3418 2949 3437 2981 ι
3464 2930 3704 2985 Custodi

2110 3030 2254 3071 tuum
2281 3035 2371 3071 cor
2395 3018 2459 3081 “',
2496 3037 2513 3069 ι
2550 3031 2597 3079 et
2634 3028 3020 3087 postpaucan
3061 3018 3331 3074 Custodite
3358 3038 3442 3074 vos
3468 3024 3532 3074 ab
3575 3026 3703 3076 ido-

2110 3108 2173 3162 lis
2205 3110 2267 3161 “.
2305 3128 2323 3161 ι
2392 3107 2658 3163 Custodia:
2696 3127 2809 3165 vero
2857 3112 3045 3163 divina:
3087 3116 3371 3179 exemplum
3415 3121 3495 3165 est
3545 3117 3701 3182 quod

2108 3202 2182 3253 ait
2209 3216 2230 3256 :
2268 3218 2286 3251 ι
2316 3202 2555 3267 Domine,
2571 3203 2797 3256 servabis
2820 3218 2933 3266 nos,
2962 3215 3008 3256 et
3025 3203 3285 3256 custodies
3316 3221 3425 3257 nos.
3462 3224 3482 3255 ι
3523 3204 3597 3257 Et
3632 3210 3699 3258 il-

2109 3291 2198 3343 lud
2228 3308 2246 3345 :
2284 3310 2301 3341 ι
2332 3290 2437 3345 Sub
2466 3293 2649 3345 umbra
2674 3293 2878 3344 alarum
2910 3302 3118 3345 tuarum
3136 3304 3341 3363 prolege
3367 3310 3445 3347 me
3463 3294 3533 3348 ".
3563 3315 3589 3347 ι
3628 3296 3697 3348 Et

2108 3382 2240 3433 illud
2272 3397 2290 3435 :
2332 3399 2352 3433 ι
2384 3380 2543 3435 Pater
2575 3395 2766 3445 sancte,
2795 3383 2999 3434 custodi
3031 3400 3115 3436 eos
3151 3383 3217 3435 “.
3252 3402 3271 3435 ι

2184 3475 2401 3527 Dcmum
2446 3474 2619 3525 omnia
2662 3473 2882 3526 omnino
2932 3488 3117 3541 opera,
3170 3489 3287 3542 qua:
3333 3475 3398 3527 ad
3441 3474 3686 3530 salutent

2109 3566 2408 3627 conferant,
2462 3565 2689 3633 ideoque
2727 3566 2889 3618 etiam
2938 3566 3146 3618 initium
3198 3564 3338 3628 ﬁdei,
3387 3581 3451 3619 ex
3501 3567 3696 3621 divina

2110 3658 2280 3727 gratia
2308 3672 2428 3711 esse
2466 3656 2705 3725 pluribus
2730 3656 2782 3709 in
2816 3656 2948 3711 locis
2976 3668 3272 3711 asseverat.
3301 3656 3374 3710 lta
3401 3657 3451 3710 iu
3478 3659 3691 3713 Corde-

2111 3750 2259 3801 riana
2292 3758 2481 3801 catena
2539 3749 2605 3801 ad
2641 3762 2787 3802 vers.
2843 3747 2917 3801 20
2962 3749 3150 3817 psalmi
3197 3765 3321 3803 scut
3366 3766 3486 3819 pag.
3535 3750 3691 3805 936:

2111 3841 2329 3905 Curam,
2374 3841 2566 3908 inquit,
2596 3842 2758 3893 nostri
2795 3842 2969 3904 habes,
3019 3841 3257 3895 Domine.
3302 3840 3446 3895 Unde
3471 3843 3516 3895 si
3558 3847 3693 3913 quid

2110 3936 2254 3984 adest
2275 3932 2421 3984 nobis
2446 3931 2581 3988 boni.
2606 3933 2796 3983 scimus
2814 3931 2865 3981 id
2888 3932 3075 4000 ipsum,
3101 3942 3559 4001 quantumcunque
3589 3948 3690 3998 est,

2110 4040 2141 4073 a
2176 4032 2222 4074 te
2247 4024 2403 4074 etiam
2427 4023 2690 4074 exsistere.
2723 4019 2786 4072 Et
2815 4020 2907 4074 lib.
2948 4038 2983 4076 ιι
3021 4023 3092 4076 De
3116 4022 3262 4076 Trin.
3296 4039 3415 4092 pag.
3444 4023 3542 4077 167
3577 4026 3693 4078 iure

2113 4114 2313 4165 habet:
2380 4110 2532 4173 Quod
2580 4126 2757 4174 nempe
2802 4111 2911 4164 sine
2970 4110 3199 4180 Spiritus
3248 4114 3415 4165 sancti
3457 4114 3691 4166 adventu

2113 4204 2259 4255 nulla
2287 4204 2430 4255 nobis
2455 4202 2524 4255 ad
2577 4203 2742 4255 Deum
2769 4205 2830 4255 sit
2870 4205 2944 4257 vis
2982 4214 3071 4256 aut
3112 4220 3245 4271 spes.
3296 4203 3361 4257 Et
3410 4219 3533 4274 pag.
3583 4204 3693 4257 2252

2114 4295 2375 4359 allirmat,
2413 4293 2614 4346 nullum
2650 4305 2943 4347 creaturam
2968 4296 3159 4347 bonum
3190 4296 3376 4348 habere
3412 4294 3524 4348 sine
3569 4294 3694 4363 δμὶο

2117 4391 2217 4440 ritu
2245 4395 2438 4439 sancto.
2458 4385 2976 4441 Acdemuminlibro
3004 4386 3075 4440 De
3101 4385 3302 4454 Spiritu
3328 4395 3513 4439 sancto
3537 4402 3688 4438 num.

2110 4480 2199 4543 Μ,
2219 4479 2331 4532 haec
2347 4478 2568 4531 dictavit
2597 4496 2610 4532 :
2635 4477 2893 4531 Dominus
2920 4478 3151 4532 videlicet
3172 4490 3362 4537 noster,
3384 4490 3539 4545 atque
3564 4476 3693 4531 Sal-

2115 4586 2262 4624 vator
2317 4570 2473 4639 infert
2545 4570 2691 4623 nobis
2745 4572 3028 4624 secundum
3080 4570 3483 4623 misericordiam
3534 4586 3689 4622 suam

2115 4664 2285 4716 omnia
2308 4660 2422 4724 qua:
2446 4663 2823 4726 nosprovehant
2844 4663 2910 4715 ad
2932 4662 3173 4714 salutem.
3196 4661 3324 4726 Quis
3338 4676 3462 4728 ergo
3483 4660 3691 4713 inlicie-

2120 4765 2210 4808 tur
2233 4755 2344 4823 jam
2381 4766 2528 4808 recte
2565 4754 2845 4821 Didymum
2878 4752 2945 4806 de
2972 4752 3295 4806 necessitate
3322 4751 3516 4804 divina:
3562 4765 3689 4818 gra-

2122 4848 2205 4900 tiae
2236 4847 2509 4899 sensisse?
2543 4845 2838 4899 Videndum
2868 4852 3045 4895 tamen
3082 4844 3256 4895 adhuc
3304 4851 3387 4896 est
3434 4856 3688 4911 quamam

2123 4936 2217 5006 ipsi
2248 4936 2559 5005 exprobrari
2588 4949 2742 5003 posse
2766 4935 3068 4996 videantur,
3097 4943 3185 4985 aut
3218 4932 3541 5001 exprobrata
3568 4932 3685 4997 jam

2119 5027 2318 5082 fuerim
2344 5030 2410 5082 ab
2444 5027 2732 5095 aliquibus.
2780 5025 3021 5090 Quatuor
3045 5035 3247 5091 autem,
3276 5024 3326 5077 ui
3353 5023 3528 5087 fallor,
3572 5025 3689 5079 haec

2119 5120 2455 5189 potissimum
2485 5125 2632 5171 sunt.

2187 5209 2424 5263 Primum
2449 5218 2627 5262 exstat
2663 5207 2713 5261 in
2753 5215 2945 5261 catena
2974 5208 3027 5258 in
3071 5204 3330 5259 Joannem
3381 5220 3503 5275 pag.
3559 5205 3683 5265 189,

2120 5300 2207 5354 ubi
2240 5300 2515 5369 explicans
2560 5297 2769 5351 Domini
2812 5298 2995 5358 verba,
3042 5298 3225 5349 Omnis
3274 5300 3362 5364 qui
3414 5296 3613 5348 audivit
3656 5311 3685 5347 α

2121 5390 2305 5453 Patre,
2331 5404 2378 5444 et
2398 5391 2600 5450 didicit,
2628 5391 2760 5444 venit
2790 5393 2857 5442 ad
2889 5406 2989 5453 me,
3014 5404 3132 5455 quae
3159 5388 3211 5440 in
3244 5385 3448 5440 Joanne
3470 5394 3684 5440 exstant

2120 5496 2238 5550 eap.
2274 5497 2346 5545 vr,
2376 5496 2514 5533 vers.
2550 5480 2640 5543 45,
2698 5480 2775 5533 sic
2833 5478 3109 5546 loquitur:
3170 5477 3305 5530 Κατ’
3356 5473 3542 5529 εἰκόνα
3592 5472 3684 5530 καὶ

2594 5656 2645 5710 8.

2197 5657 2241 5687 ⁸³
2270 5655 2406 5711 Psal.
2451 5673 2524 5723 ιιι,
2594 5656 2645 5710 8.
2722 5656 2767 5687 ⁸⁸
2797 5656 2947 5711 Joau.
2986 5670 3113 5718 xvn,
3157 5655 3243 5708 ll.
