3708 6296
78 268 167 324 189
1215 266 1790 327 COMMENTARIUS.
1831 300 1898 313 -—
1938 268 2067 325 LIB.
2107 271 2170 326 ll.
3202 272 3306 330 190

72 392 324 461 ὁμοίωσιν,
358 392 451 444 καὶ
482 392 618 447 αὐτὸ
655 394 815 447 τοῦτο
862 392 1166 465 [legendum
1222 395 1476 460 fortasse,
1524 414 1536 448 π

1838 396 1922 449 ιη.
1946 416 1964 448 ι
1995 394 2448 465 Pelagianismum
2464 404 2642 450 autem
2661 393 2904 451 redolere
2920 392 3173 448 videntur
3188 394 3302 448 hinc

70 485 201 555 αὑτῷ
226 483 423 555 τούτῳ]
455 485 677 553 λογικοῦ
720 486 1012 557 γενομένου
1040 487 1133 541 τοῦ
1181 488 1494 558 ἀνθρώπου,

1837 492 1935 546 Ilio.
1967 490 2044 544 Ac
2080 504 2264 544 revera
2284 488 2327 543 si
2351 488 2672 542 denotarent
2694 502 2854 556 posse
2888 487 3160 541 hominem
3184 489 3301 543 sine

68 578 379 649 εςπαρμὲναι
412 579 547 631 εἰσὶν
574 579 724 649 αὐτῷ
749 579 852 632 ὑπὸ
880 580 1014 632 Θεοῦ
1070 581 1123 633 αἱ
1156 582 1283 652 περὶ
1320 582 1532 635 ἐπαινετ

1833 586 1906 638 ,ize
1949 584 2151 637 auxilio
2201 581 2398 636 mereri
2449 591 2509 636 ut
2562 580 2793 648 accipiat
2846 578 3109 650 Spiritum
3170 596 3297 635 san-

70 670 293 739 πρὰξεων
334 668 554 733 ἔννοιαι,
597 671 734 723 ἀλλὰ
780 672 874 725 καὶ
920 672 1021 742 τῆς
1058 671 1313 741 γνώσεως
1357 673 1456 742 τῆς
1482 672 1534 725 ἀ]

1834 693 1885 738 n,
1913 686 2004 730 aut
2034 676 2193 729 ullam
2232 675 2482 746 gratiam,
2512 672 2800 741 Pelagiana
2827 672 2945 726 sine
3010 671 3171 726 dubio
3217 670 3298 725 fo-

69 761 215 825 esiag.
256 763 311 814 '0
337 763 516 815 τοίνυν
551 763 696 817 κατὰ
736 763 834 827 τὰς
874 765 1058 827 κοινὰς
1105 764 1310 827 ἐννοίας
1356 764 1533 818 ἀκούσι

1830 778 1860 823 t.
1893 768 1997 821 Sed
2028 769 2168 821 hanc
2196 781 2316 821 esse
2349 764 2557 836 Didymi
2606 765 2896 823 verborum
2945 763 3294 829 sententiam,

69 855 149 907 καὶ
182 854 355 925 μαθὼν
382 856 536 928 παρὰ
572 856 667 909 τοῦ
715 857 947 928 Πατρὸς,
1000 856 1217 928 ἔρχεται
1252 856 1337 909 διὰ
1382 856 1533 910 πίστε

1859 852 2115 907 concedo.
2149 851 2260 906 lmo
2303 865 2424 905 cum
2478 852 2545 905 ab
2596 864 2660 905 eo
2708 850 2908 904 dictata
2953 849 3083 911 sint,
3131 863 3292 917 quem

68 948 183 1018 πρὸς
212 948 295 1000 τὸν
318 948 545 1017 Κύριον.
576 948 706 1014 Quae
739 950 815 1004 sic
840 950 1005 1004 vertit
1042 952 1309 1018 interpres
1336 948 1451 1002 :Ad
1484 950 1618 1002 ima-
1719 952 1933 998 constat
1969 944 2168 1012 saepius
2205 942 2476 1006 docuisse,
2508 942 2666 997 ﬁdem
2706 956 2829 998 esse
2851 956 2913 994 ex
2943 942 3141 1009 gratia,
3169 939 3292 992 lllll-

66 1041 219 1108 ginem
270 1056 330 1091 ac
358 1040 756 1093 similitudinem
781 1057 930 1095 suam
976 1041 1273 1109 e/formato,
1321 1049 1476 1110 atque
1520 1040 1616 1094 hoc
1719 1034 1937 1105 lumque
1966 1038 2188 1103 bonum,
2221 1050 2326 1105 quo
2351 1036 2713 1105 provehamur
2745 1033 2811 1088 ad
2841 1032 3093 1095 salutem,
3136 1030 3291 1086 nobis

67 1133 162 1193 ipsa
190 1130 381 1183 ratione
406 1131 627 1195 μητιιὶιο
654 1132 873 1198 homini,
904 1133 1057 1202 quasi
1102 1132 1300 1185 semina
1347 1132 1612 1201 quaedam,
1716 1140 1835 1181 esse
1855 1128 1969 1181 sine
1996 1128 2204 1199 gratia;
2239 1139 2293 1182 et
2323 1131 2539 1198 insuper
2555 1127 2622 1182 ab
2647 1142 2713 1182 eo
2745 1126 2837 1194 qui
2868 1125 2995 1179 illud
3027 1134 3291 1195 perpetuo

67 1240 117 1273 ac
137 1238 293 1275 rerum
316 1231 454 1276 recte
480 1225 824 1292 gerendarum
872 1226 1159 1279 dictamina
1210 1227 1379 1280 indita
1422 1235 1543 1280 sunt
1582 1243 1615 1280 a
1714 1222 1999 1291 spectavit,
2028 1223 2154 1276 dum
2186 1221 2494 1291 Scripturas
2519 1219 2862 1293 explanabat,
2887 1228 2943 1272 ut
2963 1218 3288 1273 Mauichzeos

67 1312 609 1382 Deo,.cognitionisqtte
631 1317 887 1369 veritatis.
915 1315 1164 1387 Quisquis
1200 1319 1611 1388 igiturcommu-
1716 1313 2001 1377 refelleret,
2062 1329 2125 1369 ac
2189 1313 2393 1368 nullam
2443 1328 2565 1368 esse
2621 1312 2933 1367 rationalem
2982 1318 3288 1365 creaturam

66 1406 268 1458 nesillos
299 1406 583 1461 instinctus
608 1408 779 1470 audit,
804 1421 868 1461 ac
892 1408 1042 1462 discit
1072 1427 1104 1462 a
1136 1408 1317 1477 Patre,
1344 1426 1434 1479 per
1455 1411 1612 1478 ﬁdem
1714 1415 1928 1469 natura.
1975 1420 2039 1459 ac
2086 1404 2398 1459 necessario
2456 1405 2675 1467 malam,
2736 1411 2890 1473 capta
2933 1402 3289 1468 υηάθευηίῐυθ

64 1500 119 1548 ad
143 1496 395 1551 Christum
448 1500 607 1553 renit.
668 1499 742 1552 Ita
790 1500 1057 1569 interpres
1107 1502 1246 1571 :qni
1300 1516 1481 1556 vocem
1530 1502 1612 1555 εν-
1717 1504 1901 1563 posset
1925 1494 2233 1559 occasione,
2261 1493 2691 1559 demonstraret;
2730 1492 2929 1547 idcirco
2969 1490 3103 1545 nihil
3143 1488 3287 1543 aliud

62 1606 179 1642 νοιαι
204 1604 301 1642 cur
327 1590 553 1643 verterit
579 1590 809 1659 primum
844 1592 1130 1646 dictamina
1154 1632 1168 1656 ,
1196 1593 1388 1650 deinde
1431 1593 1612 1648 instin-
1717 1587 1806 1642 bic
1834 1603 1957 1641 eum
1994 1587 2233 1642 voluisse
2254 1585 2607 1649 Crediderim,
2638 1584 2743 1638 nisi
2777 1584 3082 1639 libertatem
3110 1580 3288 1636 homi-

63 1693 187 1739 (ιιι.
219 1680 448 1750 ignoro:
483 1696 547 1733 ea
574 1681 716 1734 enim
752 1681 1004 1745 notiones,
1059 1682 1197 1751 sive,
1250 1693 1308 1737 ut
1342 1683 1499 1753 vulgo
1533 1683 1613 1737 ιο-
1644 1745 1682 1753 _
1714 1676 1801 1730 nis
1840 1675 1952 1731 Deo
2005 1676 2450 1745 obtemperantis,
2491 1674 2837 1743 divinamque
2893 1674 3121 1744 gratiam
3178 1687 3287 1725 non

61 1745 271 1839 quuntur
318 1772 651 1842 philosophi,
710 1773 856 1827 ideas
913 1745 1192 1844 designat;
1234 1776 1314 1829 Ac
1356 1745 1611 1831 ne'illud
1643 1745 1686 1800 Β
1716 1769 2019 1839 respuentis
2046 1778 2290 1823 astruere
2317 1785 2331 1821 :
2358 1765 2424 1822 de
2476 1781 2540 1821 eo
2591 1774 2771 1819 autem
2814 1777 3151 1834 nequaquam
3195 1761 3286 1816 Di-

61 1864 242 1931 quidem
274 1861 414 1924 scio,
448 1877 548 1916 cur
575 1863 821 1916 voculatn
853 1863 1012 1927 κατά,
1070 1865 1121 1918 id
1166 1875 1245 1920 est
1284 1865 1466 1933 juxta,
1520 1882 1610 1923 se-
1714 1860 1935 1931 dymum
1960 1860 2248 1930 cogitasse,
2281 1868 2339 1912 ut
2372 1858 2560 1928 gratia:
2587 1857 2849 1911 salutaria
2880 1871 3044 1926 opera
3077 1869 3285 1925 pracve-

60 1956 206 2008 fundo
229 1954 349 2007 loco
387 1954 640 2009 omiserit
668 1956 719 2007 in
754 1953 947 2009 Latina
1008 1957 1476 2027 interpretatione.
1522 1960 1613 2014 Di-
1712 1950 1910 2004 nientis
1939 1951 2314 2005 necessitatem
2345 1949 2678 2004 excluderet.

59 2046 173 2115 dyxni
215 2060 345 2114 ergo
378 2044 562 2099 locum
608 2046 675 2100 ad
721 2049 944 2101 verbum
995 2047 1230 2116 imprimi
1267 2049 1550 2105 reddemus
1591 2070 1606 2107 :
1782 2040 1962 2108 Quid?
2006 2040 2147 2111 (10οά
2201 2040 2373 2106 locus»
2421 2041 2488 2095 de
2532 2055 2638 2109 (1υο
2688 2038 2919 2109 agimus:
2966 2035 3125 2108 Paulo
3163 2052 3289 2107 Pe"

60 2150 136 2189 nec
158 2138 296 2190 enim
322 2154 544 2206 aequum
574 2149 680 2203 est,
731 2148 793 2193 ut
847 2155 909 2194 ea
961 2139 1318 2195 translatione
1370 2154 1524 2197 utaml

1820 2133 1919 2187 :ior
1943 2132 2157 2187 videtur
2180 2173 2196 2198 ,
2221 2141 2280 2187 ut
2305 2132 2552 2187 dubitare
2582 2147 2689 2186 non
2742 2140 2944 2185 temere
2987 2131 3168 2194 liceat,
3216 2145 3284 2184 an

59 2246 152 2297 qua!
195 2228 403 2298 Didymi
465 2240 701 2285 mentem
754 2243 1006 2286 accurate
1050 2248 1154 2286 non
1196 2231 1413 2287 referat.
1474 2233 1606 2289 Cum
1711 2240 1898 2279 revera
1964 2225 2037 2279 ita
2095 2226 2375 2279 dictaverit
2417 2225 2691 2295 Didymus,
2744 2233 2801 2278 ut
2846 2223 2974 2293 legit
3032 2222 3282 2279 Wolfius.

58 2322 181 2385 iaxta
213 2324 517 2391 imaginem,
546 2336 594 2377 et
637 2324 1035 2379 similitudinem
1085 2325 1259 2395 factus
1310 2329 1379 2381 sit
1429 2329 1522 2382 Iron

1819 2332 1893 2369 :t'a
1924 2317 2066 2369 enim
2093 2317 2171 2371 sic
2204 2316 2333 2385 legit
2355 2335 2368 2370 :
2390 2317 2462 2369 Τὸ
2488 2316 2595 2389 γὰρ
2614 2315 2927 2388 πειθαρχεῖν
2949 2315 3067 2386 Θεῷ
3094 2333 3283 2387 προαι-

56 2424 181 2480 atque
200 2413 295 2464 hoc
328 2415 445 2478 ipso
471 2416 751 2468 rationalis
776 2414 946 2483 factus
974 2418 1061 2483 sit,
1105 2419 1315 2472 inserta:
1352 2428 1473 2472 sunt
1508 2421 1520 2472 ί

1820 2406 1945 2473 ικὸν,
1989 2407 2177 2479 ὥσπερ
2215 2408 2277 2461 τὸ
2330 2409 2628 2474 πιστεύειν,
2683 2403 2766 2472 οἷς
2811 2408 2950 2461 κατὰ
2993 2409 3284 2477 ἀναλογίαν

57 2521 79 2553 α
106 2502 200 2554 Deo
230 2505 477 2557 notiones
508 2505 575 2558 de
598 2504 952 2560 laudabilibus
980 2510 1295 2574 actionibus,
1328 2511 1435 2563 imo
1467 2521 1513 2564 et

1821 2515 1917 2577 σαι
1945 2501 2006 2553 τὸ
2034 2502 2277 2572 Πνεῦμα,
2307 2505 2417 2565 τοῖς
2452 2501 2558 2554 τῶν
2581 2502 2935 2573 χαρισμάτων
2961 2500 3125 2555 αὐτοῦ
3153 2518 3285 2569 τυγ-

58 2593 323 2661 cegnitione
354 2597 615 2647 veritatis.
646 2595 748 2660 Qui
791 2613 911 2667 ergo
935 2598 1093 2667 juxta
1121 2616 1418 2656 communes
1441 2612 1522 2655 nol

1818 2610 1951 2646 ουσι.
1991 2594 2118 2660 Quae
2147 2595 2211 2647 ad
2241 2593 2462 2648 verbum
2495 2609 2753 2648 conversa
2788 2595 2865 2648 sic
2890 2602 3114 2648 sonant:
3139 2590 3282 2644 Nam

55 2699 121 2734 ω
151 2702 167 2733 ι
193 2685 417 2748 audivit,
444 2695 493 2737 et
525 2687 708 2739 didicit
750 2704 782 2739 a
826 2687 1000 2755 Patre,
1034 2689 1169 2742 venit
1203 2707 1221 2739 ›
1253 2706 1345 2757 per
1357 2690 1513 2758 ﬁdem
1538 2691 1606 2744 ad
1709 2683 1917 2736 obedire
1941 2682 2071 2751 Deo,
2098 2684 2449 2738 voluntarium
2478 2697 2550 2740 est
2585 2683 2723 2757 [seu,
2749 2685 2971 2738 liberum
3014 2682 3136 2756 cst],
3176 2684 3283 2737 sic-

58 2772 325 2828 Dominum.
360 2795 379 2827 ι
411 2773 537 2830 Jam
576 2792 705 2831 vero
744 2778 797 2830 in
837 2778 921 2832 his
958 2779 1138 2833 verbis
1170 2779 1307 2832 nihil
1336 2794 1456 2833 esse
1487 2795 1608 2834 con-
1708 2784 1763 2825 ut
1792 2784 1839 2826 ει
1877 2776 2102 2838 credere.
2137 2776 2202 2830 iis
2246 2778 2430 2847 quibus
2462 2779 2622 2848 juxta
2672 2778 2972 2847 analogiam
3013 2778 3170 2831 datus
3204 2787 3283 2831 est

56 2867 205 2926 tendo,
235 2868 383 2934 quod
409 2870 775 2923 orthodoxum
808 2885 914 2926 non
962 2871 1071 2926 sit:
1129 2887 1227 2927 nec
1286 2874 1429 2926 enim
1485 2889 1513 2925 a

1817 2866 1963 2929 ritus,
2011 2867 2099 2935 qui
2135 2868 2273 2921 dona
2317 2869 2478 2934 ipsius
2518 2882 2922 2937 consequuntur.
2968 2869 3098 2924 Cum
3151 2882 3281 2924 vero

54 2956 331 3012 Ccamtmes
369 2968 581 3011 tantum
612 2961 738 3011 recti
788 2962 1008 3030 bonique
1065 2963 1298 3016 notiones
1346 2965 1604 3033 sufﬁciunt
1708 2961 1885 3030 pigeat
1918 2976 2001 3015 me
2032 2961 2084 3015 in
2134 2965 2486 3031 grammatico
2533 2980 2727 3020 vocum
2774 2965 3023 3020 examine
3072 2975 3279 3033 tempus

53 3062 94 3101 st
114 3051 213 3117 quis
239 3052 418 3104 ueniat
449 3053 520 3104 ad
548 3051 831 3105 Dominum
853 3069 872 3106 :
903 3057 996 3108 sed
1037 3054 1132 3117 ait,
1165 3055 1285 3107 illos
1322 3071 1416 3123 per
1445 3057 1601 3111 tidem
1632 3100 1675 3127 η
1710 3060 1903 3116 terere,
1955 3066 2177 3106 missum
2229 3053 2331 3108 hoc
2377 3053 2579 3110 faciens
2614 3056 2694 3112 sic
2753 3065 3118 3127 argumentor.
3172 3057 3281 3110 Aut

52 3144 203 3195 venire
229 3146 296 3196 ad
330 3143 647 3210 Dominum,
681 3146 771 3213 qui
807 3162 909 3200 non
943 3148 1102 3201 modo
1154 3146 1307 3216 juxta
1360 3162 1602 3201 commu-
1632 3140 1676 3162 υ
1709 3140 1887 3207 leCIiO,
1913 3158 2071 3212 quam
2101 3143 2329 3200 WOlﬁUS
2362 3146 2603 3211 “bibet.
2644 3149 2901 3203 mendosa
2937 3155 3039 3210 ϐεεν
3069 3158 3160 3201 at“
3188 3161 3281 3215 80‘

54 3252 127 3288 nes
155 3238 399 3291 notiones
434 3240 752 3301 audiverim,
807 3239 901 3293 sed
940 3239 1102 3292 etiam
1129 3239 1460 3293 didicerinta
1489 3238 1600 3292 Pa-
1708 3233 1888 3287 nuina.
1928 3233 1983 3289 Si
2021 3236 2333 3289 mendosam
2366 3236 2486 3303 quis
2525 3252 2644 3291 eam
2696 3236 2815 3292 esse
2863 3246 3105 3305 reponat.
3162 3246 3280 3288 tam-

53 3339 144 3380 tre:
174 3330 320 3384 hisce
365 3338 551 3384 autem
598 3329 782 3385 verbis
827 3329 1061 3384 divinam
1108 3330 1337 3401 gratiam
1392 3345 1514 3384 cum
1571 3343 1601 3382 a
1705 3325 1793 3380 diu
1833 3340 1962 3396 ergo
1992 3326 2194 3381 incerta
2222 3337 2305 3381 est
2330 3326 2539 3399 Didymi
2568 3330 2671 3385 hoc
2737 3331 2789 3384 in
2844 3329 2961 3384 loco
3005 3330 3279 3384 sententia

52 3419 235 3473 miristo
271 3421 507 3475 Domino
534 3422 590 3475 in
617 3421 785 3476 citato
834 3421 972 3484 loco,
1027 3430 1085 3475 ut
1138 3421 1299 3476 docet
1349 3420 1602 3491 Augusti-
1702 3430 1765 3469 ac
1801 3430 1974 3483 mens,
2013 3419 2248 3486 quandiu
2282 3434 2385 3473 non
2415 3430 2650 3486 constat,
2683 3420 2953 3490 quomodo
2984 3421 3279 3474 emcndan-

57 3525 150 3574 nus,
176 3520 284 3565 tum
311 3527 340 3564 a
376 3510 612 3582 Didymo
641 3511 729 3566 hic
763 3510 1060 3581 signiﬁcari
1094 3509 1449 3565 dubitandum
1493 3526 1598 3565 non
1701 3510 1801 3562 dus
1833 3509 1903 3562 sit
1942 3510 2041 3565 iste
2076 3510 2246 3565 locus.
2281 3509 2374 3566 Sin
2413 3522 2593 3567 autem
2626 3514 2910 3583 genuinam
2957 3527 3077 3568 esse
3126 3513 3278 3566 dixe-

51 3611 127 3654 est.
154 3600 307 3668 Quod
334 3612 396 3655 ut
420 3601 766 3657 manifestius
792 3610 1069 3671 appareat,
1098 3601 1322 3672 legenda
1344 3611 1600 3669 suntquae
1700 3601 1794 3665 ris,
1825 3615 1886 3655 ea
1922 3601 2183 3657 duntaxat
2215 3604 2425 3674 Didymi
2470 3605 2650 3659 verbis
2703 3604 3076 3673 interpretatio
3124 3604 3277 3658 adhi-

51 3694 232 3763 ~cripsit
254 3694 310 3749 in
350 3695 451 3748 lib.
502 3694 579 3749 De
612 3692 819 3762 Spiritu
848 3703 1028 3749 sancto
1062 3709 1210 3748 num.
1237 3695 1433 3761 51;ihi
1454 3695 1597 3750 enim
1700 3692 1874 3746 benda
1901 3704 2008 3758 est,
2047 3711 2210 3761 quam
2262 3694 2404 3751 ferre
2451 3707 2695 3765 possunt.
2743 3697 2944 3751 Vocula
2992 3711 3121 3768 ergo
3170 3692 3274 3763 οἷς,

52 3784 207 3837 divum
250 3787 449 3854 gratia:
490 3784 837 3839 tribuendum
882 3798 1004 3839 esse
1050 3785 1227 3849 docet,
1280 3785 1425 3853 quod
1475 3784 1597 3853 quis
1699 3784 1854 3839 idest
1885 3787 1951 3839 iis
1971 3788 2182 3857 quibus,
2211 3788 2491 3844 referenda
2522 3797 2607 3844 est
2637 3791 2703 3844 ad
2737 3790 3026 3845 dictionem
3075 3808 3274 3865 προαι-

54 3873 119 3923 sit
145 3875 375 3929 docibilis
406 3874 529 3939 Dei,
559 3875 613 3929 id
642 3884 746 3941 est,
783 3893 815 3929 a
850 3874 1011 3930 Patre
1048 3878 1258 3941 audiat,
1299 3886 1348 3931 et
1403 3878 1593 3931 discat.
1700 3875 1930 3945 ρετικόν,
1966 3877 2017 3931 id
2054 3887 2137 3932 est
2175 3877 2431 3943 liberum;
2464 3893 2562 3934 nec
2588 3881 2730 3935 enim
2769 3879 2958 3934 referri
2999 3888 3173 3949 potest
3207 3881 3275 3933 ad

52 3965 170 4030 Quod
194 3983 323 4022 vero
347 3969 550 4021 attinet
580 3969 643 4020 ad
676 3982 1005 4022 communes
1049 3967 1185 4022 recti
1234 3968 1457 4037 verique
1495 3982 1596 4023 no-
1696 3972 1920 4022 verbum
1961 3968 2262 4035 πιστεύειν,
2300 3970 2351 4024 id
2381 3981 2464 4025 est
2493 3973 2738 4025 credere:
2764 3971 3000 4042 alioquin
3048 3988 3154 4027 non
3207 3974 3274 4026 de

56 4058 194 4112 tiones
224 4058 431 4112 homini
456 4074 487 4111 a
528 4057 640 4112 Deo
674 4059 930 4125 insertas,
960 4073 1096 4129 quas
1144 4058 1380 4113 admittit
1432 4059 1597 4130 Didy-
1696 4059 1803 4115 fide
1840 4061 2137 4131 theologica
2167 4078 2269 4131 qua
2308 4063 2579 4119 credimus
2618 4064 2670 4118 in
2722 4065 2908 4129 Deum,
2962 4065 3275 4135 loqueretur

57 4162 161 4209 mus,
214 4149 453 4203 viderint
516 4148 632 4213 alii,
685 4159 861 4202 utrum
908 4148 1108 4203 innatae
1172 4149 1411 4204 dicendae
1465 4149 1592 4214 sint,
1697 4152 1973 4224 Didymus,
2015 4155 2107 4209 sed
2146 4156 2211 4209 de
2245 4155 2347 4210 fide
2391 4170 2552 4225 quam
2607 4155 2871 4212 habemus
2915 4158 3046 4212 viris
3095 4157 3272 4228 gratia

57 4251 349 4308 δραπετεςο
380 4238 515 4292 illud
565 4248 773 4292 tantum
826 4241 986 4306 addo,
1047 4253 1140 4293 eas
1187 4256 1309 4294 cum
1359 4241 1427 4294 ab
1475 4239 1596 4294 aliis
1696 4246 2069 4301 sanctificante
2101 4248 2353 4303 donatis:
2410 4251 2553 4320 quod
2605 4262 2688 4305 est
2743 4251 3060 4305 absurdum.
3104 4250 3175 4302 At
3226 4248 3271 4303 si

56 4326 261 4386 Patribus
314 4332 566 4401 agnosci,
615 4341 728 4385 tum
779 4333 943 4385 etiam
996 4348 1025 4386 a
1074 4332 1344 4402 Prospero
1402 4333 1597 4389 divina:
1698 4354 1800 4393 vox
1829 4333 1910 4404 οἷς
1936 4339 2215 4394 referenda
2244 4350 2329 4395 est
2365 4342 2431 4395 ad
2468 4358 2652 4398 vocem
2704 4342 3107 4413 προαιρετικόν,
3148 4341 3271 4409 quis

56 4424 197 4489 gratia
225 4432 627 4495 propugnatore
655 4425 996 4494 gravissimo,
1036 4427 1125 4495 qui
1158 4424 1237 4479 ait
1286 4439 1302 4478 :
1357 4421 1596 4481 Cenitam
1628 4464 1675 4520 Β
1702 4446 1805 4484 non
1847 4431 2009 4495 videt,
2041 4429 2251 4502 Didymi
2293 4432 2459 4487 verba
2518 4448 2549 4487 a
2602 4435 2844 4504 qualibet
2889 4432 3268 4502 Pelagianismi

56 4515 266 4567 "iiscum
290 4515 561 4585 agnoscite
585 4515 767 4584 legem.
1628 4515 1662 4520 ⁷
1700 4522 2003 4591 suspicione
2031 4522 2292 4577 immunia
2333 4526 2490 4580 esse?
2517 4525 2638 4581 Loci
2675 4528 2818 4580 enim
2855 4526 3122 4581 sententia
3155 4524 3270 4579 haec

104 4605 231 4662 Alter
259 4608 499 4675 theolOgi
530 4608 701 4660 nostri
740 4608 889 4662 locus
936 4618 1109 4664 exstat
1164 4612 1216 4666 in
1272 4613 1590 4686 fragmentis
1700 4623 1824 4668 est:
1861 4614 1928 4668 lis
1957 4612 2185 4669 liberum
2221 4630 2342 4670 esse
2382 4616 2490 4670 Deo
2521 4618 2763 4682 obedire,
2798 4627 2854 4672 et
2898 4618 3141 4682 credere,
3178 4616 3269 4686 qui

62 4705 83 4739 ι
130 4691 509 4765 Christophoro
559 4694 761 4749 Wollio
817 4697 1099 4767 evulgatis,
1136 4703 1201 4755 ad
1237 4718 1355 4773 cap.
1385 4721 1417 4759 v
1446 4722 1587 4761 vers.
1698 4701 1931 4771 Spiritus
1963 4706 2136 4759 sancti
2172 4706 2312 4761 dona
2345 4719 2772 4778 consequantur.

58 4781 121 4833 ΕΞ.
160 4784 381 4855 Exponit
433 4786 583 4839 enim
639 4786 711 4839 ibi
766 4786 883 4841 huic
934 4790 1187 4844 Actorum
1251 4794 1414 4847 verba
1441 4834 1456 4860 ,
1522 4797 1591 4851 Et
1768 4796 2235 4864 Supervacaneum
2264 4814 2391 4854 vero
2420 4799 2561 4855 foret
2589 4801 2644 4854 in
2674 4801 2793 4855 aliis
2822 4799 2978 4868 hujus
3008 4798 3150 4853 modi
3184 4798 3266 4853 lo-

58 4873 223 4933 trium
281 4884 501 4929 sanctus
532 4916 549 4940 ,
618 4893 771 4941 quem
844 4878 983 4931 dedit
1042 4880 1182 4935 Deus
1231 4885 1588 4941 obedientibus
1695 4890 1774 4944 cis
1820 4890 2149 4957 explicandis
2194 4893 2493 4959 immorari,
2550 4894 2603 4946 in
2638 4894 2833 4963 quibus
2869 4894 2946 4947 ait
2988 4893 3265 4963 Didymus,

60 4966 194 5033 ubi“,
234 4968 285 5021 in
333 4970 481 5023 hunc
526 4970 745 5023 modum
785 4968 956 5025 :Non
997 4972 1166 5026 solum
1218 4975 1271 5031 in
1321 4978 1456 5043 hoc,
1500 4980 1586 5034 in-
1697 4979 1957 5049 Spiritum
1992 4993 2234 5037 sanctum
2270 4984 2374 5038 illis
2407 4984 2662 5048 conferri,
2720 4993 2813 5038 aut
2858 4984 2912 5038 in
2962 4984 3069 5039 illis
3116 4983 3269 5039 habi-

62 5058 161 5119 qait,
204 5063 289 5112 sed
325 5071 374 5113 et
417 5059 543 5114 aliis
594 5059 886 5129 Scriptura:
920 5061 1050 5117 locis
1082 5065 1427 5134 signiﬁcatur,
1469 5067 1591 5139 Spi-
1697 5083 1809 5127 tare
1834 5112 1850 5138 ,
1882 5074 1970 5143 qui
1994 5073 2137 5142 digni
2164 5077 2386 5129 adventu
2422 5075 2535 5143 ejus
2561 5074 2873 5140 exstiterint,
2922 5085 2983 5130 ut
3028 5076 3267 5145 loquitur

63 5148 178 5199 diu
192 5160 429 5203 sanctum
457 5150 602 5215 dari,
627 5151 676 5204 si
706 5168 796 5205 nos
820 5152 920 5218 ipsi
947 5154 1273 5208 occasionem
1295 5166 1342 5210 et
1369 5174 1527 5213 causa

1801 5183 1845 5220 ιι.
1872 5166 1943 5219 28
1988 5166 2109 5219 libri
2148 5165 2224 5218 De
2271 5166 2475 5234 Spiritu
2524 5176 2726 5232 sancto,
2772 5168 2921 5235 quive
2971 5183 3026 5221 se
3080 5168 3265 5237 dignos

62 5238 157 5288 md
187 5241 471 5307 accipiendi
490 5242 900 5309 suppeditemus.
935 5243 1157 5300 Obedire
1194 5250 1330 5302 enim
1358 5249 1463 5305 Deo
1511 5261 1585 5306 est
1692 5259 1807 5326 ejus
1830 5274 2043 5311 munere
2079 5258 2508 5326 prteparaverint,
2533 5267 2589 5310 ut
2623 5256 2700 5311 ait
2732 5257 2927 5312 ibidem
2978 5271 3125 5310 num.
3172 5255 3262 5312 57.

63 5338 119 5376 ra
152 5329 340 5381 arbitrii
394 5331 587 5395 nostri,
634 5332 770 5384 sicut
815 5341 864 5386 et
924 5336 1152 5401 credere,
1216 5339 1403 5407 quibus
1445 5342 1589 5396 scili-
1694 5345 1790 5401 His
1825 5349 1969 5403 enim
2007 5347 2271 5411 formulis,
2306 5363 2441 5417 quas
2480 5364 2585 5402 non
2632 5364 2756 5403 raro
2803 5348 2965 5403 etiam
3015 5347 3071 5402 in
3116 5348 3267 5402 libris

64 5425 118 5466 ut
156 5422 501 5475 convenienter
553 5421 788 5490 Spiritus
852 5440 1065 5482 sanctus
1114 5430 1271 5484 datus
1320 5443 1418 5497 est,
1468 5444 1589 5488 tan-
1694 5438 1771 5492 De
1800 5438 2057 5493 Trinitate
2090 5430 2272 5504 habet,
2303 5440 2640 5508 perspicuum
2664 5448 2747 5495 est
2772 5440 2963 5510 dignos
3010 5453 3105 5493 eos
3157 5436 3261 5491 dici

60 5521 178 5573 tum
216 5516 362 5569 donis
384 5514 593 5589 [XLIV]
629 5518 820 5586 gratiae
866 5519 979 5588 ejus
1026 5521 1250 5590 aﬂ‘ectis.
1309 5522 1412 5578 His
1442 5528 1590 5595 afﬁne
1694 5530 1922 5584 adventu
1951 5530 2183 5599 Spiritus
2202 5531 2398 5597 sancti,
2427 5535 2514 5601 qui
2541 5531 2905 5601 praecedentes
2931 5532 3131 5601 gratias
3152 5541 3262 5583 non

62 5600 276 5658 mill-tt:
336 5625 355 5657 ι
386 5606 543 5661 Dabit
599 5608 857 5678 Spiritum
900 5623 1134 5666 sanctum
1192 5615 1481 5683 petentibus
1522 5620 1586 5670 ab
1693 5621 2037 5691 respuerint,
2088 5623 2180 5677 sed
2235 5622 2415 5678 divina
2447 5600 2765 5692 adiuvante
2814 5600 2981 5692 gratia
3032 5635 3062 5674 a
3114 5618 3264 5677 vitiis

114 5784 149 5815 "
172 5787 283 5845 Act.
312 5807 363 5857 v,
388 5793 475 5847 32.
555 5794 599 5824 “
631 5792 761 5849 Luc.
790 5811 864 5862 XI,
890 5795 971 5849 13.
