3774 6308
407 268 500 325 191

1824 262 1911 318 DL
1937 262 2196 322 DIDYMO

3568 265 3711 320 ιη

408 377 625 434 liberali
664 376 793 434 sint.
821 374 923 432 His
953 376 1087 430 enim
1110 374 1466 429 tantummodo
1512 372 1743 445 Spiritus
1782 386 1991 431 sanctus
2020 380 2070 437 Α
2096 388 2151 434 et
2177 393 2403 448 operum
2431 378 2773 435 salutarium.
2805 350 2883 435 Ut
2905 377 3047 433 enim
3080 376 3339 448 Didymus
3370 378 3486 447 ipse
3508 378 3588 431 ait
3614 380 3705 432 in

405 471 676 535 inseritur,
702 470 1159 538 inquitipsenum.
1176 466 1245 521 49
1271 467 1512 537 ejusdem
1544 467 1669 523 libri
1694 467 1766 521 De
1784 466 1987 537 Spiritu

408 570 615 626 sancto,
644 560 735 631 qui
758 560 896 615 vitiis
909 559 1190 625 derelictis,
1213 558 1460 612 virtutum
1475 561 1985 626 sectanturchorum,

406 664 454 708 et
475 654 638 724 juxta
663 670 776 721 eas,
810 663 857 707 et
882 668 974 721 per
1004 668 1092 707 eas
1119 652 1173 706 in
1208 652 1314 720 fide
1341 649 1541 707 Christi
1572 654 1834 708 victitant.

480 743 696 801 Tertius
756 745 908 800 locus
950 752 1132 801 exstat
1179 743 1363 798 libror
1413 743 1491 798 De
1524 743 1673 798 Trin.
1725 759 1847 814 pag.
1896 744 1986 801 51.

409 836 688 901 Creatura,
722 837 915 907 inquit,
967 854 1059 903 per
1085 836 1543 907 participationem
1576 838 1731 893 habet
1777 838 1988 892 bonita-

414 942 538 996 tem,
567 932 864 985 imitatione
889 932 1182 1000 exprimens
1212 947 1307 997 pro
1339 932 1448 986 suis
1483 932 1647 1002 ipsius
1685 933 1895 995 uiribus,
1944 934 1991 989 si

414 1022 491 1075 ita
515 1021 657 1091 loqui
692 1022 775 1089 fas
800 1031 897 1086 est,
929 1023 1192 1085 innatam,
1228 1032 1276 1075 et
1319 1022 1604 1091 perfectam
1640 1022 1736 1077 Dei
1782 1023 1991 1077 bonita-

413 1122 538 1177 tem,
563 1122 612 1167 et
645 1128 737 1182 per
767 1112 903 1166 hanc
923 1115 1070 1168 salva
1094 1115 1255 1183 facta.
1290 1111 1489 1169 Verum
1541 1129 1646 1169 non
1695 1129 1847 1180 casu,
1897 1115 1993 1171 sed

414 1202 661 1258 consulto
695 1203 842 1259 addit
872 1203 1168 1275 Didymus:
1213 1221 1305 1274 per
1334 1207 1469 1261 hanc
1517 1206 1632 1277 (Dei
1671 1206 1992 1277 bonitatem)

412 1294 555 1348 salva
575 1293 721 1363 facta
739 1335 754 1359 ,
780 1302 858 1361 et,
876 1295 922 1348 si
944 1296 1020 1349 ita
1043 1295 1183 1365 loqui
1200 1297 1283 1365 fas
1296 1307 1395 1353 est.
1416 1296 1571 1353 Vires
1594 1310 1724 1367 ergo
1746 1297 1995 1353 humanm

414 1400 553 1455 quas
580 1396 868 1452 memorat,
894 1401 1000 1443 non
1034 1396 1161 1443 sunt
1186 1401 1339 1443 mere
1384 1386 1678 1455 naturales,
1727 1388 1820 1444 sed
1871 1404 1994 1445 cum

415 1476 599 1533 divina
632 1478 807 1548 gratia
835 1490 1207 1549 cooperantes.
1239 1481 1357 1548 Quo
1386 1494 1546 1536 sensu
1579 1482 1632 1536 in
1659 1481 1799 1537 libro
1828 1481 1993 1536 etiam

416 1569 718 1640 DeSpiritu
745 1582 927 1626 sancto
962 1588 1109 1628 num.
1141 1573 1234 1642 22,
1268 1574 1383 1628 ait:
1423 1572 1555 1629 Cum
1593 1584 1768 1628 autem
1821 1573 1995 1629 Filius

415 1661 588 1732 imago
611 1664 680 1717 sit
709 1662 805 1718 Dei
838 1663 1138 1734 invisibilis,
1187 1674 1236 1720 et
1274 1665 1450 1735 forma
1494 1664 1802 1720 substantiis
1846 1665 1994 1734 ejus;

417 1754 713 1826 quicunque
736 1755 807 1810 ad
838 1756 974 1810 hanc
996 1757 1298 1828 imaginem,
1328 1758 1404 1812 uel
1435 1756 1660 1827 formam
1690 1757 1992 1828 imaginan-

417 1856 508 1900 tur
542 1854 699 1916 atque
748 1845 1069 1916 formantur,
1121 1847 1451 1902 adducentur
1493 1848 1548 1901 in
1591 1847 1994 1902 similitudinem

424 1935 540 2001 Dei,
568 1936 730 2006 juxta
761 1937 893 1992 vires
915 1947 1089 1992 tamen
1108 1938 1326 1992 humani
1380 1938 1663 2008 profectus,
1698 1938 1995 1993 istiusmodi

418 2028 645 2097 formam
689 2038 736 2083 et
766 2028 1053 2100 imaginem
1084 2038 1473 2100 consequentes.
1520 2028 1788 2085 Caeterum
1827 2032 1995 2083 verba

420 2119 557 2185 haec,
580 2135 674 2189 pro
698 2122 809 2174 suis
838 2120 1001 2190 ipsius
1024 2120 1259 2185 uiribus;
1288 2131 1363 2189 et,
1400 2120 1559 2191 juxta
1597 2123 1730 2176 uires
1780 2122 1996 2175 humani

418 2210 705 2280 profectus,
735 2226 889 2282 teque
925 2212 1108 2269 valere
1133 2212 1347 2284 opinor,
1377 2222 1541 2284 atque
1587 2214 1710 2284 ista,
1737 2225 1995 2287 quantum

420 2302 619 2357 homini
649 2304 895 2374 possibile
921 2314 1017 2360 est.
1954 2352 1967 2363 .

490 2395 809 2453 Postremus
873 2396 1026 2453 locus
1075 2408 1253 2456 exstat
1312 2400 1367 2455 in
1418 2398 1873 2455 Enarrationibus
1927 2400 1998 2453 nd

421 2504 538 2556 cap.
566 2503 583 2543 ι
618 2486 787 2558 Epist.
822 2487 852 2543 1
881 2488 1048 2547 Petri.
1099 2490 1175 2547 lbi
1224 2492 1389 2548 verba
1434 2491 1579 2548 Petri
1601 2533 1615 2558 ,
1641 2493 1686 2524 ⁵⁷
1711 2491 1998 2547 Electis....

426 2581 712 2635 secundum
761 2584 1144 2652 prtescisntiam
1190 2584 1290 2639 Dei
1338 2582 1545 2652 Patris,
1599 2584 1679 2640 sic
1725 2585 1997 2651 explicat:

422 2670 549 2725 illis
567 2675 903 2730 concordant
948 2691 1069 2745 quae
1111 2690 1141 2729 a
1170 2675 1336 2733 Paulo
1369 2678 1512 2732 dicta
1547 2686 1673 2732 sunt
1704 2677 1815 2733 ita:
1854 2675 1999 2731 Sicut

424 2762 610 2837 [XLV]
643 2764 799 2834 elegit
830 2783 923 2821 nos
964 2768 1022 2822 in
1042 2767 1155 2836 ipso
1189 2778 1308 2823 ante
1354 2769 1625 2838 originem'
1666 2769 1848 2822 mundi
1890 2784 2001 2822 esse

422 2864 634 2909 sanctos
678 2864 729 2910 et
752 2858 1125 2913 immaculatos
1149 2875 1328 2913 coram
1354 2876 1414 2913 eo
1440 2861 1497 2913 in
1533 2859 1832 2925 dilectione,
1864 2876 2002 2928 pric-

423 2944 691 2999 destinans
715 2960 811 3000 nos
840 2946 896 3002 in
942 2949 1274 3018 adoptionem
1302 2947 1532 3017 filiorum
1548 2949 1615 3004 ⁴⁸.
1663 2949 1816 3004 Licet
1856 2950 2001 3004 enim

2088 471 2278 526 iisdem
2308 471 2753 527 Enarrationibus
2777 472 2846 525 ad
2871 481 3023 538 caput
3051 486 3109 526 ιιι
3140 470 3309 538 Epist.
3341 468 3370 523 Ι
3399 468 3635 526 Joannis
3668 486 3704 524 :

2087 558 2218 615 Filii
2258 560 2355 615 Dei
2392 577 2576 616 sumus
2606 561 2725 632 jam
2764 578 2799 616 a
2834 564 3081 631 prtzsenti
3114 562 3327 615 seculo.
3354 598 3371 616 .
3398 600 3415 616 .
3445 602 3461 618 .
3491 599 3507 614 .
3542 564 3703 616 dum

2088 662 2288 707 constat
2323 653 2378 707 in
2418 654 2591 721 nobis,
2618 654 2754 708 sicut
2789 652 3035 723 possibile
3071 662 3165 719 est,
3199 653 3256 707 in
3282 654 3531 723 presenti
3561 655 3701 708 vita

2088 745 2324 814 ﬁliorum
2352 746 2586 817 adoptio.

2535 834 2663 890 CAP.
2696 831 2808 889 VII.
2843 833 2919 889 De
2945 836 3207 903 apatlteia.

2165 924 2502 981 Vocabulum
2526 926 2787 993 ἀπάθεια,
2816 928 2983 996 quod,
3018 935 3261 996 spectata
3284 926 3405 997 ejus
3432 928 3687 998 origine.

2092 1014 2559 1084 impatibilitatem,
2594 1015 2711 1071 sive
2744 1016 3129 1070 immunitatem
3158 1033 3191 1070 a
3220 1018 3466 1084 passione
3500 1018 3695 1088 signi-

2096 1106 2244 1185 ﬁcat,
2307 1117 2431 1177 post
2478 1107 2691 1179 Didymi
2721 1107 2928 1162 obitum
2964 1108 3254 1164 Catholicis
3284 1109 3439 1164 valde
3479 1126 3691 1181 suspe-

2097 1209 2242 1253 ctum
2271 1199 2461 1264 evasit,
2496 1198 2639 1268 quod
2670 1213 2736 1254 eo
2772 1198 3044 1270 Pelagiani
3079 1200 3308 1269 turpiter
3337 1201 3499 1257 abusi
3532 1203 3676 1257 sint-

2096 1288 2230 1347 Cum
2288 1291 2454 1362 igitur
2481 1290 2741 1361 Didymus
2773 1290 2889 1359 ipse
2924 1289 3053 1345 illud
3088 1292 3451 1359 usurpaverit,
3488 1293 3683 1348 videa-

2096 1398 2216 1438 mus
2249 1398 2413 1448 nunc,
2447 1392 2627 1437 utrum
2663 1396 2829 1451 pravo
2891 1396 2958 1437 an
2990 1392 3138 1438 recto
3166 1397 3326 1438 sensu
3358 1384 3409 1439 id
3444 1399 3677 1452 accepe-

2096 1475 2190 1531 rit.
2239 1475 2394 1541 ρυοά
2446 1476 2758 1544 priusquam
2811 1474 3182 1545 perpendam,
3239 1474 3674 1534 animadvertere

2095 1581 2231 1635 opus
2261 1576 2376 1632 est,
2409 1566 2580 1621 tribus
2618 1566 2889 1638 praecipue
2929 1565 3104 1620 modis
3145 1580 3264 1619 eam
3312 1580 3501 1620 vocem
3537 1567 3669 1621 olim

2097 1668 2366 1728 sumptam
2415 1673 2558 1714 esse.
2603 1655 2741 1712 Nam
2789 1657 2965 1727 primo
3017 1657 3217 1712 dicitur
3264 1657 3505 1728 ἀπαθής,
3558 1660 3673 1714 sive

2097 1753 2442 1822 impassibilis
2466 1752 2716 1808 absolute
2736 1763 2793 1807 et
2816 1752 3155 1823 simpliciter.
3183 1751 3359 1821 Atque
3382 1752 3484 1806 hoc
3510 1765 3673 1807 sensu

2098 1846 2353 1915 Didymus
2384 1846 2478 1901 lib.
2506 1861 2545 1900 ιι
2566 1844 2644 1900 De
2670 1844 2956 1914 Trin.pag.
2983 1844 3112 1911 2H,
3138 1845 3214 1898 ait
3241 1862 3258 1899 :
3288 1843 3391 1908 Qui
3420 1858 3540 1897 vero
3573 1844 3674 1897 im-

2094 1938 2358 2007 passibilis
2370 1947 2470 2005 est,
2498 1937 2634 1992 Deus
2645 1946 2741 1992 est.
2765 1937 2822 1991 ln
2837 1937 2971 1992 libro
2991 1945 3167 1990 autem
3182 1934 3256 1988 De
3268 1933 3470 2004 Spiritu
3490 1943 3672 1988 sancto

2106 2045 2257 2084 num.
2293 2029 2348 2095 9,
2379 2039 2536 2084 vocat
2562 2029 2823 2099 Spiritum
2867 2038 3115 2083 sanctqu
3147 2026 3538 2095 impossibilem.
3571 2024 3675 2079 Se-

2098 2124 2277 2179 cundo
2306 2123 2525 2195 ἀπαθής
2561 2124 2758 2178 dicitur
2788 2121 2898 2181 ille,
2932 2121 3048 2189 qui,
3082 2131 3139 2173 ut
3169 2119 3346 2173 verbis
3375 2127 3501 2171 utar
3544 2116 3672 2170 Hie-

2100 2216 2312 2287 ronymi
2358 2219 2426 2269 ad
2482 2214 2871 2284 Ctesiphontent
2935 2213 3248 2275 scribentis,
3300 2210 3367 2263 ad
3420 2211 3675 2264 uirtutum

2098 2307 2455 2360 summitatem
2515 2322 2633 2360 cum
2683 2306 2875 2361 uenerit
2930 2304 3301 2369 meditatione,
3351 2311 3401 2355 et
3456 2301 3675 2354 assidua

2099 2398 2339 2467 ipsarum
2379 2399 2626 2452 uirtutum
2661 2398 3066 2460 exercitatione,
3105 2396 3405 2464 passiones,
3435 2410 3530 2447 seu
3559 2390 3676 2459 per-

2101 2488 2426 2542 turbationcs
2458 2489 2531 2542 ita
2559 2492 2623 2542 de
2657 2484 2826 2542 mente
2853 2487 3212 2555 exstirpaoerit
3232 2526 3247 2552 ,
3277 2496 3333 2539 ut
3364 2486 3512 2538 nulla
3538 2485 3673 2552 ﬁbra

2103 2584 2359 2653 radixque
2403 2583 2650 2636 vitiorum
2694 2582 2751 2634 in
2799 2597 2857 2634 eo
2905 2580 3128 2635 resideat
3178 2579 3363 2633 :adeo
3407 2586 3462 2629 ut
3511 2593 3575 2631 ne
3622 2578 3677 2629 in

2103 2684 2252 2727 nocte
2296 2674 2506 2744 quidem
2551 2689 2611 2727 ea
2652 2674 2892 2741 patiatur
2933 2687 3056 2739 qua:
3090 2669 3359 2722 hominum
3387 2676 3546 2733 sunt,
3588 2682 3678 2720 nec

2106 2766 2417 2835 cogitatione
2443 2764 2685 2816 vitiorum
2716 2764 2892 2832 aliqua
2912 2760 3169 2813 titilletur.
3191 2757 3302 2813 lloc
3328 2772 3490 2813 sensu
3518 2772 3679 2826 quos-

2105 2858 2226 2911 dam
2255 2864 2471 2909 sanctos
2514 2854 2758 2907 homines
2806 2855 3037 2907 evadere
3072 2848 3439 2919 impasstbiles,
3480 2848 3680 2902 docue-

2106 2953 2231 2998 runt
2264 2941 2566 3013 Pelagiani.
2602 2944 2719 3009 Quo
2750 2952 2929 2997 autem
2966 2941 3180 2996 illorum
3215 2940 3507 2995 absurdior
3542 2937 3681 2993 foret

421 3034 646 3105 quidam
677 3034 882 3103 dicant,
916 3038 1173 3107 quoniam
1204 3053 1436 3108 semper,
1476 3050 1532 3094 et
1565 3050 1693 3095 ante
1718 3040 1999 3103 mundum,
2032 3063 2076 3121 ε
2109 3038 2323 3107 opinio,
2368 3038 2499 3091 illud
2547 3037 2713 3092 etiam
2764 3037 3057 3106 aliquando
3090 3035 3278 3089 saltem
3328 3035 3677 3093 addiderunt,

428 3127 829 3184 rationabilium
882 3140 1080 3185 natura
1122 3132 1225 3198 sit;
1256 3141 1651 3187 verumtamen
1704 3134 2004 3202 praevidens

428 3220 570 3276 Deus
626 3220 807 3289 ﬁdem,
861 3231 916 3279 et
971 3235 1125 3280 actus
1181 3224 1486 3290 hominum,
1533 3240 1655 3294 qua:
1707 3224 2004 3298 [legendum

425 3325 573 3384 puto,
630 3316 745 3389 qui]
814 3328 1051 3385 aguntur
1107 3333 1204 3389 per
1250 3317 1617 3387 evangelicam
1670 3318 2000 3384 doctrinam,

429 3406 774 3475 prmscienter
802 3408 952 3479 elegit
980 3425 1066 3463 eos
1097 3411 1152 3463 in
1193 3406 1403 3464 Christo
1444 3417 1567 3464 ante
1606 3411 1789 3463 mundi
1836 3411 2004 3480 origi-

429 3513 565 3563 nem,
600 3498 711 3566 jam
752 3507 882 3554 tunc
918 3499 1307 3568 pmdestinans
1333 3515 1420 3556 eos
1448 3499 1589 3568 filios
1630 3514 1751 3556 esse
1780 3502 2006 3571 partici-

430 3590 517 3657 pio
547 3599 765 3645 sanctos
798 3590 1120 3659 adoptionis.
1161 3591 1509 3647 Praescienlia
1540 3592 1684 3647 enim
1711 3592 1838 3647 nihil
1863 3593 2006 3648 aliud

429 3691 512 3737 est
540 3685 803 3752 putanda,
837 3700 1002 3754 quam
1049 3684 1434 3755 contemplatio
1491 3683 1838 3740 futurorum:
1889 3702 2009 3756 quae

432 3788 538 3829 non
572 3786 654 3829 est
675 3774 789 3844 jam
818 3777 1157 3846 praescientia
1190 3786 1398 3846 postea,
1425 3776 1519 3833 sed
1569 3777 1823 3841 scientia,
1879 3777 2007 3831 dum

431 3883 495 3921 ea
523 3884 643 3937 quae
670 3872 922 3940 primitus
955 3873 1321 3941 contemplata
1347 3881 1496 3939 sunt,
1542 3874 1768 3929 veniunt
1812 3872 1880 3927 ad
1924 3873 2006 3928 ef-

435 3957 656 4014 fectum.
702 3959 854 4016 Licet
902 3962 1064 4031 igitur
1106 3963 1390 4017 secundum
1441 3964 1822 4033 pmscientiam
1862 3964 2011 4018 electi

433 4060 589 4104 erant
620 4052 817 4120 quibus
844 4052 1036 4109 Petrus
1065 4055 1293 4121 scribit;
1329 4066 1704 4111 verumtamen
1737 4057 2009 4112 exsisten-

436 4141 579 4196 tibus
634 4142 714 4197 eis
750 4142 945 4199 Petrus
971 4145 1229 4214 loquitur.
1276 4146 1478 4215 Abjicit
1533 4147 1715 4216 itaque
1775 4146 2007 4201 fabulam

434 4232 857 4291 Manichaeorum
894 4238 961 4291 de
986 4238 1195 4293 naturis
1223 4248 1278 4293 et
1306 4238 1614 4294 intellectus
1640 4252 1899 4305 praesens.
1927 4257 1946 4291 ι

506 4325 705 4381 Parum
754 4344 883 4384 vero
927 4328 1043 4384 haec
1091 4329 1338 4388 arrident
1388 4330 1602 4384 censori
1653 4329 1767 4394 illi,
1813 4329 1906 4399 qui
1956 4330 2008 4384 in

2113 3142 2274 3197 posse
2303 3128 2578 3182 hominem
2617 3126 2759 3181 solis
2793 3138 2999 3179 natura:
3034 3125 3237 3179 viribus
3268 3125 3334 3177 ad
3370 3123 3678 3193 huiusmodi

2108 3230 2312 3275 statum
2345 3209 2649 3288 pervenire.
2683 3218 2777 3272 His
2805 3220 3138 3288 Augustinus
3171 3217 3224 3271 in
3256 3218 3392 3272 libro
3425 3217 3502 3270 De
3540 3216 3678 3269 dono

2106 3308 2657 3376 perseverantite,cap.
2685 3307 2741 3371 2,
2783 3310 2884 3361 hoc
2916 3306 3170 3361 Ecclesia:
3195 3308 3385 3375 dogma
3414 3307 3679 3376 apponit:

2108 3397 2175 3451 In
2199 3410 2604 3467 quantacunque
2619 3399 2827 3467 justitia
2850 3398 2962 3451 sine
2982 3398 3429 3467 qualibuscunque
3450 3396 3680 3466 peccatis

2109 3487 2163 3540 in
2206 3487 2304 3540 hoc
2341 3484 2677 3553 corruptibili
2718 3502 2931 3554 corpore
2965 3502 3112 3539 nemo
3148 3486 3289 3540 vivit.
3330 3486 3462 3540 Cum
3506 3484 3680 3555 gratia

2108 3589 2307 3646 nempe
2346 3575 2642 3639 ordinaria,
2678 3586 2737 3629 ut
2766 3590 2865 3645 ego
2898 3575 3243 3644 interpretor.
3280 3575 3507 3628 Detuum
3540 3573 3681 3627 ἀπά·

2110 3666 2257 3733 Octa,
2286 3669 2403 3723 sive
2436 3667 2812 3737 impatibilitas
2844 3668 3076 3723 sumitur
3108 3668 3270 3721 etiam
3309 3683 3402 3736 pro
3428 3682 3487 3720 eo
3518 3680 3681 3732 statu,

2111 3762 2285 3832 inquit
2334 3761 2636 3816 Cotelerius
2690 3772 2833 3816 tomo
2891 3759 2913 3813 ι
2983 3759 3205 3813 Patrum
3248 3758 3679 3828 apostolicorum,

2111 3871 2234 3927 pag.
2284 3855 2421 3919 548,
2457 3857 2513 3909 in
2548 3872 2649 3925 quo
2693 3856 2897 3923 positus
2930 3854 3008 3906 t'ir
3047 3867 3289 3919 sanctus,
3324 3868 3415 3920 per
3454 3853 3683 3918 gratiam

2111 3946 2209 4000 Dei
2240 3947 2413 3999 minus
2441 3947 2636 3999 crebris
2655 3986 2672 4012 ,
2705 3944 3095 4014 minoribusque
3124 3944 3495 3996 tentationibus
3522 3943 3685 3995 obno-

2110 4039 2231 4094 xius
2256 4050 2357 4104 est,
2390 4054 2481 4093 nec
2508 4038 2838 4108 gravioribus
2868 4038 3096 4105 peccatis
3120 4036 3426 4091 succumbit.
3450 4038 3532 4090 Ac
3557 4050 3685 4089 sane

2111 4130 2384 4187 ἀπάθειαν
2435 4133 2515 4187 sic
2568 4132 2757 4186 delinit
2829 4130 2888 4186 S.
2942 4130 3208 4184 Maximus
3262 4131 3505 4183 centuria
3549 4145 3568 4183 ι
3613 4128 3686 4181 De

2113 4223 2395 4289 charitate,
2437 4238 2557 4291 cap.
2607 4223 2717 4287 36,
2776 4231 2835 4277 ut
2880 4223 2954 4278 sit
3000 4232 3219 4290 pacatus
3266 4225 3455 4275 animae
3493 4230 3683 4287 status,

2113 4312 2398 4368 secundum
2428 4329 2579 4384 quem
2609 4314 2887 4384 difficulter
2918 4325 3153 4368 movetur
3180 4316 3361 4366 anima
3382 4330 3505 4381 erga
3536 4312 3686 4366 ntali.

438 4414 854 4473 Enanauanum
899 4421 1142 4490 margine
1174 4421 1367 4475 breves
1396 4428 1553 4475 ηοωε
1587 4423 1875 4490 apposuit;
1918 4435 2008 4473 ar-
2042 4412 2084 4467 D
2115 4409 2266 4461 tiam.
2289 4406 2520 4463 Sanctus
2534 4423 2660 4462 vero
2688 4408 2901 4462 lsaacus
2926 4407 3269 4477 Syrus,libro
3293 4423 3327 4461 ιι
3352 4406 3684 4474 Semnonum,

447 4511 687 4565 bitratur
712 4512 860 4566 enim
892 4512 959 4577 is,
987 4521 1046 4566 ut
1082 4513 1299 4583 Opinor,
1334 4522 1427 4566 aut
1459 4512 1649 4566 saltem
1680 4512 2006 4580 suspicatur,

442 4603 728 4675 Didymum
760 4605 848 4661 hic
878 4605 1021 4675 loqui
1056 4606 1123 4662 de
1150 4606 1626 4675 prmdestinatione
1666 4620 1785 4675 qua:
1817 4604 2009 4660 subse-

440 4706 646 4765 quatur
695 4698 1024 4751 naturalium
1078 4698 1397 4752 meritorum
1456 4695 1865 4766 praevisionem,
1919 4704 2013 4750 aut

441 4787 638 4843 saltem
674 4789 739 4843 de
771 4787 1243 4858 prmdestinatione
1271 4786 1337 4840 ad
1375 4786 1619 4856 gloriam.
1650 4785 1743 4849 At,
1780 4784 1881 4839 nisi
1915 4798 2011 4853 ego

448 4879 628 4947 fallor,
660 4880 917 4951 Didymus
953 4894 1130 4949 neque
1172 4879 1238 4935 de
1276 4877 1750 4949 praedestinatione
1794 4878 1859 4931 ad
1892 4877 2008 4945 glo-

445 4973 582 5026 riam
607 4972 867 5041 loquitur,
899 4987 1074 5042 neque
1095 4972 1160 5027 de
1187 4970 1657 5041 prmdestinatione
1685 4970 1751 5024 ad
1777 4970 2008 5041 gratiam

443 5080 507 5118 ex
542 5064 785 5133 pravisis
816 5065 1026 5119 meritis
1063 5063 1401 5118 naturalibus
1432 5081 1447 5118 :
1478 5061 1678 5117 nullam
1721 5063 1865 5117 enim
1912 5077 2007 5115 ne-

441 5170 548 5222 que
578 5155 796 5223 gloriae,
828 5170 929 5210 nec
958 5155 1276 5210 meritorum
1313 5154 1640 5208 naturalium
1683 5153 2008 5207 mentionem

448 5246 611 5305 facit:
644 5261 765 5300 nam
803 5260 1111 5301 sermonem
1142 5246 1305 5302 habet
1332 5246 1399 5301 de
1439 5246 1913 5317 praedestinatione
1944 5246 2011 5297 ad

442 5340 673 5408 gratiam
706 5338 1049 5408 adoptionis,
1085 5340 1201 5395 sive
1234 5338 1664 5394 sanctiﬁcantem
1686 5377 1701 5402 ,
1729 5352 1850 5406 qua:
1884 5352 2014 5406 prm-

441 5429 734 5484 destinatio
798 5430 1163 5500 subsequatur
1232 5420 1623 5498 prtescientiant
1695 5430 2010 5483 meritorunt

443 5534 539 5590 per
560 5522 788 5588 gratiam
818 5520 1227 5589 acquisitorum,
1258 5520 1380 5574 lidei
1420 5536 1615 5589 nempe
1646 5519 1985 5590 potissimum

518 5720 558 5751 "
589 5719 771 5776 chtr.
801 5738 839 5784 l,
880 5722 924 5787 l,
958 5721 1009 5776 ‘2.
1094 5723 1133 5752 ⁵⁸
1176 5720 1366 5789 lehcs.
1398 5736 1432 5786 ι,
1468 5720 1517 5787 4,
1549 5720 1594 5774 5.

2112 4516 2359 4557 sermone
2389 4502 2480 4565 54,
2528 4517 2652 4571 pag.
2685 4500 2791 4554 200
2825 4499 3054 4555 Noniani
3083 4502 3283 4555 codicis
3319 4501 3537 4554 eosdem
3572 4516 3687 4556 ser-

2114 4608 2301 4648 mones
2334 4594 2659 4648 continentis
2687 4612 2699 4647 :
2732 4593 2797 4645 Τί
2874 4594 3040 4657 ἐστιν,
3094 4592 3287 4660 inquit,
3320 4593 3355 4661 ἡ
3390 4590 3626 4647 ἀπάθεια
3651 4592 3685 4659 ἡ

2114 4682 2465 4753 ἀνθρωπίνης
2521 4680 2784 4734 Ἀπάθεια
2819 4682 2880 4733 οὐ
2906 4681 2967 4732 τὸ
2996 4681 3069 4752 μὴ
3105 4680 3428 4751 αἰσθηθῆναι
3451 4679 3560 4733 τῶν
3588 4698 3688 4732 πα-

2116 4776 2223 4830 Θῶν
2257 4777 2403 4828 ἐστιν
2428 4790 2440 4805 ·
2473 4774 2609 4827 ἀλλὰ
2639 4774 2699 4827 τὸ
2742 4775 2816 4845 μὴ
2850 4773 3103 4837 δέξασθαι
3137 4774 3207 4826 τὰ
3248 4773 3428 4843 πάθηο
3460 4774 3526 4826 ὲκ
3562 4772 3689 4824 πολ-

2115 4867 2223 4921 λῶν
2255 4867 2364 4939 γὰρ
2412 4867 2507 4920 καὶ
2551 4867 2809 4919 ποικίλων
2858 4865 3072 4936 ἀρετῶν
3115 4858 3190 4917 ὧν
3240 4866 3543 4934 ἐκτήσαντο
3580 4863 3689 4915 τῶν

2117 4966 2368 5037 φανερῶν
2398 4967 2491 5020 καὶ
2530 4964 2783 5038 κρυπτῶν
2804 5003 2819 5025 ,
2853 4965 3159 5035 ἡσθένησαν
3192 4965 3376 5027 αὐτοῖς
3400 4963 3469 5015 τὰ
3505 4964 3683 5031 πάθη·

2118 5059 2212 5112 καὶ
2262 5058 2323 5110 οὐ
2369 5056 2623 5110 δύνανται
2671 5055 2912 5127 εὐχερῶς
2959 5055 3333 5125 ὲπαναστῆναι
3392 5054 3532 5107 κατὰ
3589 5054 3687 5121 τῆς

2118 5150 2323 5221 ψυχῆς,
2355 5150 2390 5202 i.
2418 5165 2469 5201 e.
2497 5148 2636 5213 Quid
2661 5157 2736 5200 est
2766 5149 2997 5201 humana
3030 5148 3443 5215 impatibilitas?
3472 5145 3690 5213 Impati-

2120 5242 2299 5296 bilitas
2336 5238 2548 5312 [XLVI]
2588 5255 2689 5292 non
2730 5241 2782 5293 in
2820 5256 2879 5293 eo
2923 5243 3025 5293 sita
3060 5254 3151 5303 est,
3192 5253 3246 5293 ut
3278 5239 3548 5309 passiones
3590 5254 3691 5290 non

2120 5336 2435 5398 sentiantur,
2464 5334 2557 5387 sed
2595 5334 2652 5385 in
2682 5349 2743 5387 eo
2779 5345 2833 5386 ut
2876 5334 3147 5401 passiones
3180 5349 3281 5385 non
3332 5333 3648 5399 recipiantur
3669 5344 3689 5383 :

2121 5442 2243 5480 nam
2284 5443 2349 5480 ex
2381 5428 2561 5480 multis
2593 5427 2851 5496 variisque
2894 5426 3172 5481 uirtutibus
3222 5441 3339 5478 cum
3372 5423 3686 5490 manifestis,

2122 5528 2233 5571 tum
2261 5518 2495 5584 occultis,
2527 5534 2656 5587 quas
2690 5517 3078 5588 acquisiverunt
3148 5516 3337 5571 debiles
3371 5516 3528 5583 facta:
3574 5522 3688 5567 sunt

2650 5683 2676 5707 κ
