3774 6310
136 347 254 402 133
1341 339 1752 397 COMMENTAD

1901 383 1905 395 .
1948 372 2017 382 —
2060 343 2187 398 LIB.
2226 344 2272 399 11
3327 344 3430 400 194

127 483 342 519 eorum
389 480 695 534 passiones,
730 478 819 516 nec
866 472 1084 530 possunt
1119 461 1236 514 ista:
1282 469 1469 515 contra
1513 463 1746 514 animam
1776 468 1823 521 Α
1855 462 2052 515 amicos
2085 463 2178 517 Dei
2207 459 2506 517 constituit.
2540 461 2650 518 Nec
2677 462 2820 517 enim
2853 463 3059 526 dubito,
3092 463 3223 532 quin
3252 463 3429 532 ὲμπα-

125 559 317 626 facile
344 562 636 627 insurgere.
669 554 780 608 Hoc
807 553 977 609 ferme
1001 568 1160 608 sensu
1183 553 1344 624 vulgo
1371 551 1747 624 intelliguntur
1860 551 1975 616 θεῖς
1999 552 2185 609 Graece
2219 554 2418 609 dixerit
2446 551 2707 626 Didymus
2735 568 2869 624 quos
2904 555 3232 624 Epiphanius
3259 553 3473 633 Scho-}

128 652 387 716 lrensi,
420 650 659 715 Justini,
698 645 996 702 Clementis
1029 646 1415 711 Alexandrini,
1452 644 1657 711 Basilii,
1694 653 1749 700 et

128 742 389 796 aliorum
415 741 557 804 loca,
585 740 638 792 in
667 738 871 809 quibus
896 734 1173 791 Justorum
1207 734 1448 788 ἀπάθεια
1476 749 1748 789 memora-

130 844 259 887 tnr.
301 834 414 903 Ego
447 846 580 887 vero
621 833 762 886 hanc
794 827 1216 898 explicationem
1256 840 1360 879 non
1394 825 1567 880 solum
1616 825 1746 894 reji-

129 939 279 977 ρει-ε
317 940 416 978 non
445 923 644 986 audeo,
680 919 776 974 sed
804 920 969 973 etiam
1003 917 1240 971 libenter
1266 932 1382 972 eam
1413 915 1742 984 amplector,

132 1031 207 1070 ac
234 1015 376 1069 illud
405 1022 616 1067 tantum
650 1010 875 1080 adjicio,
897 1008 1028 1063 mihi
1059 1007 1278 1077 quidem
1309 1022 1496 1063 eorum
1523 1007 1744 1061 Patrum

141 1109 278 1162 loca
321 1105 511 1175 legenti
561 1105 737 1158 visum
787 1117 949 1167 esse,
985 1101 1132 1170 ipsos
1171 1099 1440 1153 interdum
1489 1099 1748 1166 apatheiaz

142 1198 380 1253 nomine
409 1195 546 1250 nihil
581 1194 730 1248 aliud
754 1192 1043 1260 designare
1066 1189 1324 1253 voluisse,
1357 1204 1518 1258 quam
1549 1197 1745 1243 statum

140 1293 333 1355 illum,
372 1291 424 1342 in
457 1303 570 1358 quo
609 1297 705 1340 aut
753 1301 850 1354 per
892 1283 1248 1354 baptismum,
1295 1291 1388 1335 aut
1429 1295 1524 1349 per
1570 1281 1746 1350 paeni-

141 1383 382 1438 tentiam
419 1380 587 1433 homo
621 1381 690 1432 ab
716 1377 864 1433 omni
899 1377 1110 1446 peccati
1138 1376 1297 1430 sorde
1326 1374 1609 1428 mundatus
1637 1375 1702 1428 sit
1730 1392 1744 1429 :

139 1475 298 1528 adeo
323 1484 380 1527 ut
407 1471 584 1534 πάθος
621 1486 732 1526 non
768 1479 880 1525 tam
919 1470 1250 1538 passionem,
1278 1482 1440 1536 quam
1480 1478 1748 1536 peccatum

141 1579 551 1634 nonnunquam
584 1572 776 1629 sonet;
808 1562 1037 1631 ideoque
1060 1559 1280 1630 ἀπαθής
1308 1558 1605 1627 aliquando
1639 1575 1746 1614 non

141 1673 266 1718 tam
300 1664 347 1719 is
373 1664 624 1728 dicatur,
656 1662 746 1732 qui
779 1662 1042 1732 passionis
1063 1700 1078 1723 ,
1107 1671 1199 1715 aut
1224 1660 1552 1729 passionum,
1585 1669 1747 1726 quam

140 1757 240 1826 qui
278 1756 479 1823 peccati
506 1754 742 1808 actualis
776 1769 960 1822 expers
991 1750 1176 1806 fuerit.

1857 642 2106 706 lasticus,
2155 657 2248 697 seu
2294 645 2603 713 quicunque
2653 643 2865 697 illarum
2909 642 3073 698 fuerit
3113 641 3433 696 Enarratio-
3470 695 3472 698 ,

1858 750 1980 787 num
2018 734 2315 803 interpres,
2341 745 2498 789 vocat
2537 736 2811 804 passibiles
2829 754 2850 802 ;
2879 736 2932 790 id
2975 743 3059 792 est
3090 734 3434 806 passionibus

1857 827 2290 882 succumbentes.
2344 826 2429 881 111.
2481 828 2594 882 Vox
2640 828 2837 892 πάθος.
2889 827 2943 883 id
2996 837 3078 882 est
3119 827 3315 899 passio,
3358 828 3429 880 ita

1857 917 2026 985 accipi
2061 918 2276 973 videtur
2311 933 2338 970 a
2375 917 2602 989 Didymo
2637 919 2731 976 lib.
2770 934 2807 973 ιι
2840 918 2916 972 De
2951 918 3130 982 Trin.,
3165 916 3428 989 pagJQD,

1857 1019 1917 1064 ut
1945 1019 2212 1078 peccatum
2244 1009 2420 1066 valeat
2450 1027 2464 1064 :
2506 1025 2607 1065 vox
2643 1026 2772 1067 vero
2797 1011 3055 1083 ὲμπαθής
3085 1011 3181 1079 ita,
3219 1021 3276 1066 ttt
3306 1027 3428 1066 eum

1860 1101 2151 1170 signiﬁcet,
2177 1102 2269 1170 qui
2305 1112 2514 1170 peccet.
2542 1101 2736 1156 Mirum
2765 1103 2947 1174 itaque
2971 1118 3091 1160 esse
3113 1117 3218 1158 non
3248 1103 3427 1170 debet,

1857 1191 1901 1246 si
1936 1192 2099 1245 etiam
2135 1191 2324 1264 ἀπαθῆ
2358 1207 2480 1246 eum
2532 1193 2875 1262 interpreter,
2918 1195 3009 1264 qui
3050 1209 3144 1262 per
3178 1195 3271 1250 Dei
3307 1211 3432 1266 gra-

1866 1281 1993 1334 tiam
2037 1284 2466 1337 sanctiﬁcantem
2505 1298 2534 1338 a
2583 1285 2821 1354 peccatis
2861 1286 3148 1342 mundatus
3182 1287 3303 1342 fuit.
3341 1286 3431 1342 IV.

1862 1374 2132 1430 Vocabulo
2182 1376 2493 1448 ἀφθαρσία,
2536 1379 2678 1446 quod
2719 1378 2859 1432 idem
2907 1378 3046 1432 valet
3081 1389 3243 1447 atque
3289 1379 3434 1433 ἀπάο

1857 1466 2001 1532 θεια,
2033 1467 2273 1521 virtutem
2301 1469 2592 1536 aliquando
2620 1469 2863 1523 denotari
2894 1470 3046 1524 docet
3090 1470 3348 1540 Didymus
3379 1471 3430 1524 in

1857 1571 2047 1614 catena
2096 1563 2149 1614 in
2200 1559 2465 1626 Psalmos,
2521 1577 2642 1631 qua:
2688 1571 2868 1617 exstat
2912 1562 2964 1616 in
3010 1563 3196 1618 codice
3240 1562 3430 1618 Graeco

1858 1669 1970 1707 xvtt
2009 1653 2354 1708 Bibliotheca:
2386 1653 2605 1710 Venetae
2638 1654 2695 1710 S.
2727 1654 2890 1709 Marci
2919 1673 2932 1721 ;
2967 1656 3157 1726 pagina
3185 1656 3328 1711 enim
3358 1655 3430 1708 22

1859 1745 2144 1814 explicans
2175 1745 2290 1799 ha'c
2317 1746 2503 1813 psalmi
2532 1747 2654 1800 noni
2685 1747 2868 1811 verba,
2901 1745 3091 1815 Infixae
3115 1755 3235 1800 sunt
3257 1757 3430 1816 gentes

228 1840 342 1895 Sed
373 1841 488 1910 jam
523 1849 739 1908 tempus
782 1849 887 1906 εει,
920 1850 978 1893 ιιι
1011 1841 1138 1909 quid
1175 1840 1275 1893 hac
1303 1837 1368 1892 de
1397 1852 1456 1892 re
1489 1836 1748 1906 Didymus
1781 1825 1822 1882 Β
1855 1841 1907 1889 in
1933 1839 2293 1904 corruptione,
2321 1854 2475 1907 quam
2502 1839 2757 1905 fecerunt,
2784 1840 2862 1892 sic
2890 1838 3293 1908 loquiturzKal.
3325 1838 3429 1910 μὴν

147 1939 423 2004 senserit,
455 1939 824 2008 inquiramus.
857 1937 996 1992 Loca
1031 1937 1217 2003 igitur,
1253 1935 1306 1989 in
1335 1935 1531 2004 quibus
1557 1934 1750 1987 huma-

145 2042 281 2080 nam
329 2026 612 2080 ἀπάθειαν
659 2027 705 2080 is
762 2033 1184 2090 commemorat,
1237 2024 1352 2078 haic
1409 2023 1748 2092 potissimum

145 2118 364 2172 inveni.
409 2117 628 2172 Primus
673 2117 918 2171 occurrit
961 2116 1052 2170 lib.
1090 2131 1106 2169 ι
1153 2115 1227 2169 De
1276 2113 1426 2168 Trin.
1482 2129 1605 2185 pag.
1650 2112 1746 2175 71,

147 2210 246 2263 ubi
296 2208 558 2275 aﬂirutat,
594 2209 685 2278 qui
733 2207 937 2264 Christi
986 2217 1252 2262 consortes
1304 2208 1434 2271 sint,
1487 2221 1580 2260 cos
1630 2221 1751 2261 esse

143 2301 432 2364 ἀπαθείας
480 2299 625 2372 [sive
656 2297 1091 2370 impatibilitatis]
1120 2298 1315 2352 Christi
1341 2298 1504 2366 ipsius
1535 2297 1750 2367 partici-

145 2408 262 2457 pes.
294 2391 453 2445 Alter
479 2399 660 2445 exstat
696 2389 794 2443 lib.
829 2403 890 2442 ttt
923 2387 998 2442 De
1035 2385 1210 2454 Trin.,
1246 2387 1510 2458 pag.567,
1552 2387 1638 2442 ubi
1671 2387 1750 2440 sic

146 2482 401 2550 loquitur
441 2483 731 2553 theologus
763 2492 948 2539 noster
985 2503 998 2538 :
1040 2479 1154 2535 Nos
1187 2481 1286 2534 sibi
1329 2479 1621 2548 conformes
1662 2479 1748 2546 [a-

147 2577 295 2629 ciens
334 2575 623 2645 (Christus
652 2574 961 2643 Dominus),
990 2575 1047 2628 in
1081 2573 1377 2643 apatheiam
1415 2570 1554 2644 [sive
1580 2571 1751 2624 impa-

147 2662 486 2736 tibilitatem]
539 2665 840 2719 transtulit.
889 2663 1105 2718 Tertius
1157 2660 1353 2730 legitur
1395 2660 1446 2713 in
1502 2659 1636 2714 libro
1679 2657 1751 2713 De

148 2755 246 2825 Sp.
271 2756 336 2812 S.
376 2772 537 2820 num,
573 2757 634 2810 11
667 2774 679 2810 :
731 2756 869 2809 Deus
912 2765 1085 2808 autem
1120 2751 1315 2825 [codex
1358 2760 1571 2817 noster,
1613 2751 1751 2805 Deus

149 2851 292 2901 enim
318 2847 339 2921 ]
370 2849 606 2918 largitor
635 2848 890 2901 bonorum
926 2861 1066 2916 spem
1095 2860 1251 2912 quam
1281 2844 1539 2911 promisit,
1575 2843 1750 2896 reddet

151 2940 412 3012 [rectius
445 2941 620 2995 codex
658 2950 876 3004 noster,
909 2934 1123 3009 reddit]
1171 2937 1228 2989 in
1274 2939 1465 2990 virtute
1519 2933 1751 3004 Spiritus

148 3035 328 3087 sancti
364 3035 473 3095 his,
505 3035 598 3101 qui
630 3033 819 3086 habent
848 3032 999 3085 illum
1021 3047 1039 3096 ;
1061 3030 1258 3100 gaudio
1283 3026 1498 3100 [codex
1528 3037 1749 3084 noster:

149 3138 196 3179 et
230 3128 434 3195 gaudio
453 3125 497 3197 ].
537 3138 586 3180 et
613 3142 738 3190 pace
768 3124 987 3195 complet
1025 3140 1135 3190 eos,
1166 3124 1257 3194 qui
1292 3122 1750 3192 imperturbatum.

156 3231 205 3272 et
230 3190 504 3274 isedatain
552 3190 929 3287 cogitationem
971 3190 1331 3286 possidentes,
1368 3190 1528 3269 Vla'tas
1564 3216 1750 3268 habent
1780 3190 1822 3248 ο

149 3319 383 3371 luentes,
411 3318 460 3362 et
507 3309 573 3360 ab
606 3307 750 3362 omni
788 3305 1244 3375 perturbationum
1278 3313 1578 3374 tempestate
1604 3314 1754 3357 tran-

149 3402 382 3470 quillas.

231 3492 436 3546 Verum
491 3504 670 3560 neque
711 3489 834 3555 his,
885 3503 986 3544 nec
1031 3487 1152 3543 aliis
1185 3485 1530 3554 hujusmodi,
1564 3487 1608 3542 si
1648 3502 1752 3557 qua

149 3595 282 3641 sunt
313 3585 369 3638 in
413 3583 682 3652 Didymo,
723 3581 1063 3646 ostenditur,
1097 3597 1219 3638 eum
1260 3599 1427 3654 pravo
1459 3599 1617 3640 sensu
1653 3581 1756 3635 hu-

155 3692 384 3730 manam
413 3675 730 3745 apatheiam
762 3673 1066 3729 admisisse.
1095 3674 1304 3730 Nostra:
1327 3691 1454 3730 vero
1484 3675 1752 3746 mquilatis

150 3779 259 3832 est,
298 3768 579 3838 apatheiae
601 3766 924 3821 vocabulum
959 3776 1110 3822 recto
1137 3783 1298 3824 sensu
1328 3770 1379 3823 in
1417 3768 1665 3839 Didymo,
1700 3776 1756 3822 ut

151 3864 207 3917 in
245 3863 374 3916 aliis
417 3859 683 3916 Patribus
715 3857 971 3923 facimus,
1001 3858 1374 3928 interpretari,
1404 3861 1573 3913 donec
1609 3869 1753 3912 certa

152 3954 523 4023 proferantur
547 3960 866 4017 argumenta
890 3964 1010 4017 qua:
1037 3947 1187 4002 illum
1206 3964 1491 4019 perperam
1521 3951 1756 4003 sensisse

153 4049 565 4101 demonstrent.
609 4039 744 4094 Nam
768 4040 812 4108 l,
845 4039 906 4096 S.
942 4039 1306 4112 llieronymus
1341 4052 1394 4094 et
1427 4041 1477 4094 in
1520 4041 1754 4109 Epistota

153 4140 378 4207 quidem
408 4137 482 4188 ad
509 4132 918 4197 Ctesiphontem,
949 4142 1005 4187 et
1029 4132 1081 4186 in
1117 4131 1378 4187 Pratcmio
1411 4133 1532 4186 libri
1566 4131 1752 4201 quarti

155 4233 208 4285 in
254 4227 556 4282 leremiam
616 4224 799 4292 plures
849 4223 1091 4277 nominat
1137 4222 1438 4292 Pelagianae
1485 4223 1751 4294 apatlteia:

157 4322 523 4383 defensores,
561 4315 852 4386 Origenem
874 4356 888 4378 ,
924 4313 1215 4380 Ruﬁnum,
1249 4315 1540 4385 Evagrium
1562 4356 1576 4380 ,
1608 4313 1754 4368 Jovi-

160 4415 410 4477 nianum,
445 4409 726 4472 aliosque;
755 4406 1042 4477 Didymum
1067 4415 1248 4460 tamen
1270 4421 1531 4474 nusquam
1553 4406 1656 4460 hac
1687 4406 1753 4460 de

1857 1927 2064 1998 καὶτῆς
2086 1929 2289 2000 ἀρετῆς
2311 1929 2618 2001 ἀφθαρσίας
2634 1927 2932 2002 λεγομένης
2964 1932 3021 1983 ὲν
3049 1929 3127 2000 τῷ
3146 1945 3159 1959 ·
3187 1930 3251 1983 Ἦ
3276 1931 3434 2002 χάρις

1860 2022 1998 2092 μετὰ
2019 2021 2127 2076 τῶν
2158 2020 2494 2090 ἀγαπώντων
2517 2021 2608 2074 τὸν
2627 2021 2828 2094 Κύριον
2855 2021 3011 2093 ἡμῶν
3038 2025 3096 2076 ὲν
3122 2023 3400 2095 ἀφθαρσίᾳ
3417 2040 3432 2053 ο

1857 2116 1889 2186 ἡ
1913 2114 2170 2177 ἐναντίως
2200 2114 2397 2186 ἔχουσα
2424 2114 2591 2169 κακία
2613 2115 2808 2185 λέγοιτ’
2834 2115 2899 2169 ἂν
2926 2114 3150 2178 εἰκότως
3168 2114 3433 2187 διαφθορὰ

1855 2205 1951 2258 καὶ
1980 2205 2176 2276 φθορά,
2207 2206 2258 2260 id
2277 2217 2380 2270 est,
2410 2206 2568 2276 Atqui
2597 2221 2713 2259 cum
2739 2215 2786 2259 et
2819 2208 2985 2261 virtus
3015 2207 3227 2260 dicatur
3254 2208 3434 2262 incoro

1856 2296 2038 2365 ruptio
2080 2298 2135 2350 in
2177 2297 2268 2350 illo
2315 2309 2456 2352 textu
2490 2298 2708 2369 (Ephes.
2742 2313 2819 2364 vr,
2854 2298 2946 2368 ει)
2979 2317 2992 2353 :
3031 2317 3050 2350 ι
3100 2299 3289 2354 Gratia
3316 2315 3434 2352 cum

1857 2387 1921 2442 iis
1948 2389 2038 2457 qui
2063 2387 2290 2458 diligunt
2316 2387 2594 2441 Dominum
2622 2398 2857 2442 nostrum
2879 2391 2933 2442 in
2956 2389 3381 2459 incorruptione;
3411 2410 3426 2435 ι

1857 2480 2044 2532 merito
2093 2481 2366 2534 contraria
2398 2481 2580 2533 uirtuti
2622 2482 2857 2550 nequitia
2900 2481 3103 2534 dicitur
3132 2482 3433 2550 corruptio.

1860 2570 1924 2625 V.
1977 2571 2280 2627 llumanam
2332 2573 2641 2641 apatheiam
2694 2577 2886 2627 stricto
2940 2589 3101 2628 sensu
3153 2586 3433 2642 acceptam

1858 2664 2113 2732 rejectam
2149 2664 2318 2721 fuisse
2339 2679 2368 2718 a
2395 2664 2622 2736 Didymo
2647 2664 2838 2734 colligo
2866 2680 2931 2719 ex
2964 2664 3056 2719 lib.
3089 2681 3150 2720 ιιι
3180 2665 3254 2718 De
3283 2665 3433 2721 Trin.

1859 2771 1979 2827 pag.
2009 2756 2145 2822 5H5;
2179 2757 2246 2811 ab
2283 2757 2462 2810 anima
2493 2756 2639 2811 enim
2681 2754 2913 2828 [XLVII]
2945 2772 3062 2826 quae
3094 2770 3294 2825 corpus
3327 2757 3434 2811 sibi

1862 2846 2166 2916 subjectum
2203 2856 2407 2912 teneat,
2440 2856 2494 2901 et
2531 2846 2623 2902 Dei
2660 2847 3080 2917 cogitationibus
3122 2846 3432 2918 impleatur,

1861 2941 2012 2994 reddi
2045 2955 2243 3010 corpus
2278 2941 2456 3009 ipsum
2487 2939 2698 3004 ἀπαθές
2726 2955 2830 2994 non
2864 2940 2957 3003 ait,
3005 2944 3097 2995 sed
3129 2940 3299 3011 ipsam
3330 2941 3430 2993 niti

1860 3034 2087 3088 reddere
2115 3034 2241 3087 illud
2270 3032 2427 3088 veluti
2460 3032 2691 3096 ἀπαθές.
2725 3031 2812 3086 Vl.
2840 3031 2896 3088 Si
2926 3033 3137 3101 singula
3166 3048 3232 3088 ex
3260 3031 3437 3086 allatis

1860 3138 2020 3181 antea
2054 3126 2266 3197 Didymi
2303 3127 2435 3180 locis
2464 3126 2855 3194 expendamus,
2889 3125 3174 3180 manifesto
3208 3140 3438 3195 appare-

1858 3219 1955 3283 bit,
1991 3234 2262 3273 summum
2297 3218 2444 3271 illum
2482 3219 2739 3271 virtutum
2796 3226 2850 3271 et
2889 3217 3150 3287 apatheiaa
3201 3217 3434 3287 apicem,

1857 3322 2014 3376 quem
2057 3323 2122 3361 ex
2167 3306 2502 3378 Hieronymo
2550 3307 2958 3376 descripsimus,
3014 3310 3325 3377 neutiquam
3369 3309 3437 3363 ab

1858 3400 1981 3468 ipso
2021 3399 2278 3465 indicari;
2308 3400 2584 3468 multoque
2627 3399 2806 3454 minus
2835 3415 2994 3469 posse
3022 3400 3317 3464 lt0tninem,
3349 3402 3439 3454 Di-

1856 3491 2003 3562 dytni
2037 3493 2334 3556 sententia,
2369 3494 2434 3545 ad
2467 3506 2588 3546 eum
2640 3502 2838 3546 statum
2870 3491 2988 3546 sine
3036 3493 3212 3546 divina
3264 3494 3433 3562 gratia

1857 3583 2143 3653 pervenire
2187 3599 2200 3636 :
2253 3583 2453 3651 ubique
2497 3583 2641 3637 enim
2687 3585 2752 3638 de
2788 3585 2852 3638 iis
2887 3585 3138 3639 omnibus
3174 3584 3433 3655 loquitur,

1857 3678 1949 3747 qui
1982 3678 2155 3744 gratia
2188 3677 2564 3731 sanctiﬁcante
2593 3676 2774 3730 donati
2807 3677 2936 3730 sint.

1929 3767 2168 3836 Denique
2202 3782 2417 3821 omnem
2466 3767 2776 3836 scrupulum
2815 3766 2953 3820 tollit
2987 3766 3102 3836 ipse
3150 3766 3433 3840 Didymus,

1858 3858 1983 3912 dum
2015 3857 2360 3927 Pelagianam
2393 3857 2701 3925 apatheiam
2729 3869 2915 3927 aperte
2953 3859 3128 3928 rejicit
3160 3878 3174 3913 :
3212 3876 3334 3913 nam
3384 3873 3439 3915 et

1859 3950 1911 4003 in
1980 3948 2142 4015 loco,
2210 3963 2370 4018 quem
2449 3949 2600 4002 attuli
2665 3964 2787 4019 pag.
2860 3948 3001 4011 255,
3071 3950 3264 4014 docet,
3333 3951 3435 4004 im-

1857 4038 2100 4104 possibile
2137 4054 2246 4093 esse
2288 4039 2486 4091 homini
2530 4040 2690 4091 vitam
2736 4039 2805 4092 ad
2834 4039 3114 4106 perfectam
3147 4040 3273 4109 legis
3309 4058 3436 4094 uor-

1858 4145 1999 4182 mam
2023 4130 2270 4198 exigere;
2302 4137 2357 4184 et
2384 4128 2562 4184 allinia
2594 4129 2783 4185 scribit
2811 4129 2906 4184 lib.
2937 4145 2975 4184 ιι
3003 4128 3080 4184 De
3113 4128 3285 4194 Trin.,
3313 4146 3433 4202 pag.

1858 4219 1961 4276 168
1993 4231 2048 4275 et
2079 4221 2200 4274 192.

1927 4315 1996 4367 At
2025 4313 2310 4384 Didymus,
2345 4313 2550 4384 inquiet
2580 4314 2723 4383 quis,
2753 4313 2890 4367 libro
2921 4328 2959 4366 ιι
2991 4312 3067 4368 De
3103 4312 3280 4376 Trin.,
3308 4326 3433 4382 pag.

1856 4403 1983 4470 255,
2012 4421 2106 4460 eos
2130 4407 2219 4475 qui
2250 4408 2619 4475 baptizantur,
2651 4406 2727 4459 ait
2759 4405 2874 4459 ﬁeri
2907 4405 3351 4477 ἀναμαρτήτους,
3384 4405 3434 4457 id

162 4522 217 4560 re
236 4505 524 4574 objurgat,
557 4500 660 4556 etsi
687 4498 872 4553 multis
898 4497 1022 4552 aliis
1049 4498 1098 4550 in
1122 4497 1273 4562 locis,
1307 4497 1439 4552 alias
1461 4497 1530 4552 ob
1556 4512 1748 4553 causas
1785 4531 1834 4591 ο
1858 4507 1964 4562 est,
2005 4498 2384 4566 impeccabiles.
2440 4499 2546 4555 Sed
2590 4501 2711 4568 quis
2743 4515 2849 4553 non
2883 4500 3069 4563 videt,
3104 4513 3292 4552 vocent
3341 4498 3436 4552 ἁν-

158 4612 278 4649 eum
306 4593 644 4659 accusando,
663 4591 806 4644 illius
827 4589 1030 4644 nomini
1060 4604 1164 4644 non
1189 4589 1593 4659 pepercerit.ll.
1634 4589 1746 4644 Vox

161 4687 426 4758 ἐμπαθὴς
473 4685 614 4754 apud
672 4683 958 4754 Didymum
1013 4697 1121 4736 non
1199 4683 1475 4737 hominem
1532 4685 1754 4738 denotat

159 4775 497 4848 passionibus
537 4775 845 4839 obnoxium,
891 4771 988 4828 sed
1029 4775 1362 4843 passionibus
1402 4775 1747 4829 succumben-

158 4884 283 4926 tent.
318 4870 574 4924 Dictione
605 4868 768 4937 igitur
797 4867 1071 4921 contraria
1102 4867 1324 4938 ἀπαθής
1368 4883 1470 4922 non
1500 4885 1620 4921 eum
1657 4870 1752 4923 de-

161 4969 379 5033 signare
411 4959 681 5031 putandus
714 4967 817 5024 est,
850 4958 940 5026 qui
984 4957 1150 5011 nullis
1199 4943 1547 5027 passionibus
1583 4958 1753 5014 obno-

161 5053 281 5107 xius
316 5052 412 5113 sit,
446 5058 542 5102 aut
579 5062 855 5114 nunquaut
895 5046 960 5100 iis
988 5047 1336 5112 succumbat,
1368 5047 1462 5100 sed
1503 5062 1628 5101 eum
1659 5047 1751 5117 qui

164 5141 512 5212 passionibus
541 5137 903 5193 succumbere
928 5151 1033 5189 non
1060 5136 1217 5191 solet.
1247 5137 1400 5202 Quod
1431 5149 1611 5191 autem
1646 5153 1748 5192 vox

163 5232 420 5306 ἐμπαθὴς
452 5231 523 5284 ita
552 5238 800 5284 sumatur
826 5244 855 5281 a
889 5227 1136 5298 Didymo,
1167 5239 1446 5283 ostensum
1471 5244 1500 5283 a
1527 5245 1612 5284 me
1640 5229 1744 5284 fuit

164 5339 274 5385 not.
318 5327 386 5380 ad
432 5340 556 5393 pag.
609 5321 746 5387 t29,
787 5320 946 5391 idque
983 5322 1304 5376 conﬁrmare
1354 5321 1479 5378 licet
1527 5339 1591 5378 ex
1633 5324 1750 5392 ejus

165 5417 361 5481 verbis,
391 5430 513 5484 qua:
544 5413 598 5467 in
627 5410 1078 5467 Enarrationibus
1115 5411 1184 5464 ad
1217 5422 1372 5481 caput
1403 5428 1463 5468 ιιι
1495 5412 1750 5484 Ερίειοιω

164 5508 349 5562 Jacobi
375 5507 627 5576 legimus.
661 5500 877 5569 Pacem,
904 5501 1100 5572 inquit,
1133 5520 1290 5573 quant
1321 5511 1410 5558 dat
1443 5505 1744 5577 (mundus),

165 5602 231 5653 ad
263 5613 535 5666 corporeus
575 5605 729 5649 actus
759 5595 944 5648 invitat
981 5609 1244 5650 amatores
1285 5600 1741 5669 concupiscentiae,

164 5701 215 5750 et
245 5689 516 5762 passibiles
546 5704 636 5742 eos
677 5687 805 5754 facit
827 5699 848 5749 ζ
877 5685 1034 5742 Iesus
1062 5699 1235 5744 autem
1279 5705 1458 5745 vacem
1487 5693 1743 5761 prtebeus,

238 5832 281 5862 ⁸⁸
307 5831 427 5887 Act.
459 5848 535 5900 ix,
582 5828 667 5885 56.

1859 4593 2178 4664 αμὰρτητος
2217 4608 2320 4646 non
2348 4594 2484 4646 sumi
2526 4591 2595 4646 ibi
2621 4607 2684 4646 eo
2713 4607 2873 4646 sensu
2895 4631 2910 4654 ,
2944 4604 3102 4660 quem
3142 4589 3435 4659 reprehen-

1854 4684 1934 4738 dit
1975 4684 2338 4754 Hieronymus
2377 4685 2428 4738 in
2465 4684 2693 4752 epistola
2732 4685 2797 4737 ad
2850 4683 3283 4751 Ctesiphontem.
3336 4696 3437 4734 nec

1855 4777 1997 4831 aliud
2039 4777 2237 4832 ibidem
2286 4779 2580 4847 signiﬁcari
2609 4794 2638 4831 a
2667 4777 2914 4847 Didymo,
2957 4789 3117 4843 quam
3154 4773 3334 4826 omnia
3384 4773 3434 4824 in

1854 4869 2122 4937 baptismo
2164 4880 2384 4940 peccata
2421 4869 2630 4925 deleri?
2661 4868 2912 4936 Alioquin
2942 4864 3284 4932 Pelagianam
3339 4865 3436 4917 ἁν-

1861 4962 2211 5032 αμαρτησίαν
2234 4963 2486 5018 tribuisse
2510 4961 2771 5016 dicendus
2800 4966 2945 5013 esset
2974 4957 3226 5012 omnibus
3257 4955 3436 5023 bapti-

1861 5053 1998 5106 zatis
2032 5068 2046 5105 :
2075 5055 2218 5122 quod
2259 5069 2323 5109 ne
2354 5053 2645 5108 verisimile
2677 5051 2892 5121 quidem
2930 5058 3034 5104 est.

1931 5145 2060 5212 Qum
2093 5161 2215 5201 cum
2265 5147 2344 5202 sic
2373 5161 2432 5201 se
2465 5147 2718 5208 habeant,
2767 5144 3060 5198 immunem
3091 5155 3120 5194 a
3147 5139 3435 5210 Pelagiano

1858 5253 2046 5293 errore
2085 5239 2252 5294 fuisse
2283 5239 2568 5311 Didymum
2600 5237 2922 5295 concludere
2949 5236 3058 5307 jam
3085 5236 3295 5298 liceret,
3329 5234 3432 5286 nisi

1857 5333 2075 5399 quidam
2115 5333 2295 5387 adhuc
2339 5331 2490 5387 locus
2527 5339 2872 5400 superesset,
2911 5328 3003 5399 qui
3045 5325 3317 5396 negotium
3355 5322 3436 5375 fa-

1856 5437 2071 5478 cessere
2101 5433 2265 5492 queat
2299 5441 2313 5478 :
2345 5426 2412 5480 de
2451 5439 2557 5494 quo
2592 5424 2818 5494 proinde
2839 5437 3006 5493 pauca
3032 5420 3254 5478 dicenda
3281 5421 3426 5468 sunt.

1856 5513 2044 5568 Exstat
2093 5517 2137 5571 is
2193 5527 2334 5572 tomo
2388 5516 2458 5573 IV
2518 5519 2906 5572 Anecdotorum
2951 5512 3157 5578 Wolﬁi,
3190 5508 3278 5562 ubi
3323 5521 3421 5559 ex-

1851 5604 2074 5675 planans
2121 5607 2376 5679 Didymus
2426 5611 2526 5667 ista
2567 5611 2820 5667 Actorum
2864 5609 3026 5665 verba
3053 5609 3118 5670 ",
3155 5605 3281 5660 lltec
3307 5614 3425 5660 erat

1851 5696 2005 5766 plena
2048 5702 2284 5769 operibus
2318 5704 2464 5758 bonis
2518 5714 2569 5758 et
2607 5705 2972 5775 eleemosgnis,
3021 5705 3100 5760 sic
3136 5704 3375 5773 loquitur
3415 5721 3431 5760 :
