3774 6324
413 320 520 376 195
1821 315 1909 370 DE

2065 316 2210 372 δ’Μο
3577 322 3716 379 198

411 439 673 505 Quoniam
710 454 973 502 nonnu..t,
1025 438 1112 507 qui
1164 435 1478 506 negligenter
1533 436 1587 488 in
1631 433 1803 488 studio
1855 450 1974 500 per-
2005 450 2046 496 Α
2081 444 2298 498 tionem,
2327 442 2645 489 05tensuma
2667 449 2749 488 me
2772 432 2871 487 fuit
2896 433 2946 486 in
2971 443 3080 488 not.
3113 434 3180 489 ad
3211 449 3334 506 pag.
3364 435 3502 490 957.
3529 436 3702 503 Quis

411 533 556 597 lectae
586 532 793 584 virtutis
828 542 1118 590 versantur,
1177 528 1292 593 ﬁeri
1320 543 1467 594 posse
1493 535 1703 593 negant,
1740 535 1796 577 ut
1823 525 1977 579 homo
2081 542 2208 579 vero
2246 541 2349 579 non
2401 527 2645 588 miretur,
2685 541 2806 579 eum
2853 526 3076 596 Didyme
3121 543 3360 582 errorem
3401 529 3588 581 tribui
3643 545 3702 582 a

411 622 778 691 inculpabilem
834 621 995 674 vitam
1038 629 1192 687 agat;
1241 619 1481 686 prtrsenti
1530 617 1641 670 loco
1690 616 1978 684 Scriptura:
2081 616 2554 685 Basnagio,quem
2596 627 2778 685 aperte
2802 618 3042 686 explodit
3073 619 3186 687 ipse
3222 619 3490 690 Didymus
3535 636 3690 674 cum

410 711 676 779 confutari
722 721 961 778 possunt,
1008 728 1105 780 quo
1150 709 1346 762 Dorcas
1383 709 1540 776 plena
1576 707 1740 776 {u'sse
1782 709 1978 760 dicitur
2081 708 2130 759 itt
2164 707 2296 760 libro
2327 711 2446 760 adv.
2496 705 2834 770 Manicha’os,
2868 717 2925 760 ut
2970 710 3149 762 monui
3195 715 3383 778 pagina
3413 709 3538 778 jam
3583 712 3688 764 ci—

411 802 555 857 bonis
591 805 832 871 apetibus
864 783 1124 865 omnibus,
1153 810 1202 856 et
1229 802 1455 866 erogatis
1493 802 1545 852 in
1571 817 1820 868 pauperes
1848 799 1980 852 elee-
2083 807 2209 858 tata,
2254 808 2362 850 tum
2423 799 2595 864 capite
2643 797 2696 861 5,
2734 798 2820 861 19,
2862 797 3232 853 Enarrationis
3263 801 3316 852 in
3354 799 3686 869 Epistulam

410 895 661 963 ntosgnis.
709 895 810 958 Qui
839 896 973 948 enim
1005 896 1078 947 ita
1111 894 1270 946 vitam
1301 892 1533 955 instruit,
1577 891 1830 943 euntsinc.
1865 907 1979 943 εον·
2078 889 2299 956 primam
2349 887 2596 950 Joannis,
2649 888 2736 942 ubi
2787 888 3019 956 explicat
3065 889 3178 942 haec
3216 889 3375 943 verba
3430 907 3447 942 :
3495 883 3688 942 Totus

409 985 559 1038 dibu,-
595 987 754 1038 υῑυενε
777 1002 1090 1055 consequens
1119 995 1212 1039 εει,
2080 983 2302 1033 mundus
2343 981 2397 1033 in
2429 982 2656 1048 maligno
2696 982 2895 1048 positus
2929 991 3024 1033 est.
3071 980 3268 1035 Horum
3297 983 3438 1034 enim
3483 983 3680 1036 inter—

481 1077 549 1128 At
597 1092 664 1129 ne
698 1077 812 1130 luce
857 1077 1076 1145 quidem
1114 1090 1354 1129 censurae
1387 1073 1544 1142 digna
1575 1073 1846 1126 existimo.
1894 1071 1974 1126 Ab
2079 1074 2427 1143 pretationem
2450 1073 2529 1127 sic
2549 1073 2826 1127 exorditur
2859 1094 2871 1128 ς
2908 1093 2925 1123 ι
2960 1073 3214 1138 Mundus,
3252 1076 3429 1139 idest,
3467 1076 3680 1128 nuindi

413 1169 500 1222 illo
534 1170 674 1222 enim
726 1170 1002 1232 dicuntur,
1036 1170 1124 1236 qui
1175 1178 1358 1235 aperte
1395 1168 1597 1229 docuit,
1630 1166 1820 1234 utjant
1857 1180 1972 1216 nm-
2079 1173 2347 1218 amatores
2398 1165 2630 1234 maligno
2679 1165 2818 1218 ortui
2867 1175 2992 1218 sunt
3026 1167 3275 1234 subjecti.
3314 1165 3512 1226 Totus,
3562 1169 3674 1228 ait,

411 1263 524 1324 nui,
553 1279 654 1315 non
683 1278 832 1327 posse
857 1262 1077 1315 hominis
1111 1263 1265 1316 vitam
1298 1264 1366 1313 ad
1395 1263 1673 1328 perfectam
1697 1259 1820 1327 legis
1851 1273 1975 1311 nor-
2077 1259 2216 1323 quod
2262 1270 2447 1308 omnes
2492 1258 2592 1309 sub
2635 1269 2857 1323 peccato
2887 1257 3184 1317 nascimur,
3226 1257 3481 1324 quoniam
3543 1257 3676 1324 ipse

409 1373 550 1408 mam
578 1357 734 1424 exigi.
765 1357 1108 1426 Quapropter
1138 1369 1259 1408 cum
1292 1353 1563 1408 hominem
1595 1351 1969 1418 ineulpabilem

411 1449 572 1501 vitam
621 1459 864 1518 agentem
917 1446 1002 1499 hic
1044 1445 1323 1508 nominat,
1375 1460 1483 1499 non
1535 1459 1654 1498 eum
1701 1442 1967 1511 intelligit,

408 1539 619 1607 opinor,
667 1538 754 1606 qui
789 1536 842 1589 in
881 1537 1082 1590 nullum
1122 1550 1355 1604 unquam
1405 1550 1471 1589 ne
1515 1533 1721 1589 veniale
1758 1534 1971 1602 quidem

408 1629 490 1683 vel
533 1629 862 1682 levissimum
898 1636 1176 1697 peccaturo
1220 1626 1452 1691 labatur,
1485 1625 1577 1680 sed
1614 1626 1702 1694 qui
1736 1625 1971 1695 graviter

408 1720 622 1790 quidem
673 1734 969 1787 nunquam,
1018 1717 1302 1772 venialiter
1353 1726 1532 1770 autem
1585 1715 1750 1770 multo
1798 1717 1972 1770 rarius

2075 1356 2225 1400 ortus
2260 1347 2310 1399 in
2343 1346 2474 1399 vitio
2505 1358 2638 1400 est.)
2660 1346 2796 1413 Quid
2830 1348 3058 1416 amplius
3087 1348 3227 1416 exigi
3255 1349 3322 1400 ab
3353 1364 3416 1402 eo
3449 1358 3668 1417 potest,

2076 1437 2165 1505 qui
2192 1448 2301 1490 tum
2335 1437 2446 1491 haec
2476 1437 2735 1499 dictabat,
2768 1450 2888 1489 cum
2925 1446 3200 1504 peccatum
3232 1438 3496 1507 originale
3527 1455 3668 1494 nec-

2077 1529 2199 1582 dum
2238 1534 2564 1596 negaverant
2599 1525 2907 1595 Pelagiani?

2155 1619 2258 1675 Sed
2294 1628 2665 1688 argumentum
2698 1617 2966 1687 paulisper
2985 1618 3343 1686 expendamus
3367 1617 3660 1690 Basnagit,

2075 1716 2218 1784 quod
2265 1714 2310 1767 is
2355 1711 2508 1767 εἶπειί
2545 1713 2598 1767 in
2637 1712 2777 1766 hunc
2815 1711 2926 1764 fere
2972 1713 3206 1765 modum.
3257 1711 3404 1765 Pauli
3454 1716 3656 1778 verba,

408 1810 705 1878 delinquat,
736 1823 896 1876 quam
939 1805 1122 1861 cmteri
1153 1806 1312 1876 vulgo
1348 1806 1612 1860 homines.
1652 1806 1964 1876 Quanquam
2000 1814 2043 1870 Β
2073 1806 2298 1858 Eramus
2337 1814 2526 1856 natura
2560 1803 2659 1870 ﬁlii
2701 1802 2882 1866 ira“,
2930 1803 3002 1856 ita
3043 1803 3238 1870 accipit
3286 1802 3547 1872 Didymus
3599 1805 3653 1856 in

408 1913 566 1967 posse
607 1898 876 1951 hominem
903 1895 1130 1963 justum,
1162 1910 1282 1948 cum
1324 1895 1495 1966 gratia
1523 1897 1968 1960 extraordinaria,

407 1991 587 2044 vitare
613 1989 796 2042 omnia
846 1996 1068 2058 peccata
1114 1988 1274 2042 etiam
1308 1988 1558 2054 venialia,
1597 2003 1663 2042 ne
1692 1988 1804 2056 ipse
1851 1989 1973 2057 qui-

407 2081 526 2132 dem
563 2080 893 2149 Augustinus
923 2089 1098 2148 uegat.
1129 2077 1231 2144 Qui
1259 2079 1458 2144 dicunt,
1479 2079 1649 2146 inquit
1675 2077 1808 2131 libro
1835 2093 1872 2130 ll
1898 2076 1972 2130 De

404 2179 731 2239 peccatorum
757 2169 950 2221 meritis
976 2179 1022 2222 et
1049 2170 1351 2222 remissione
1377 2183 1493 2237 cap.
1519 2167 1573 2233 6,
1596 2183 1763 2236 segni.
1790 2168 1842 2231 7,
1865 2185 1972 2221 esse

404 2279 550 2330 posse
581 2262 633 2313 in
665 2262 762 2313 hac
797 2263 901 2313 vita
945 2261 1201 2314 hominem
1233 2261 1346 2313 sine
1377 2271 1584 2328 peccato
1607 2298 1621 2323 ,
1649 2276 1752 2312 non
1784 2269 1856 2313 est
1899 2260 1971 2313 eis

403 2355 652 2406 continuo
695 2353 909 2405 incauta
963 2353 1249 2405 temeritate
1295 2352 1665 2404 obsistendum.
1723 2350 1781 2405 Si
1833 2353 1970 2404 enim

404 2460 553 2512 posse
599 2445 988 2511 negaverimus;
1035 2453 1082 2495 et
1127 2442 1352 2495 hominis
1401 2441 1559 2494 libero
1607 2439 1848 2506 arbitrio,
1880 2442 1970 2509 qui

403 2531 502 2583 hoc
532 2530 746 2582 valendo
777 2532 996 2599 appetit,
1039 2541 1086 2582 et
1133 2530 1224 2582 Dei
1260 2532 1438 2583 virtuti
1463 2530 1540 2582 vel
1575 2531 1967 2596 misericordia',

403 2621 492 2689 qui
527 2621 622 2672 hoc
650 2619 949 2689 adjuvando
982 2621 1151 2690 eﬁicit,
1197 2620 1580 2690 derogabimus.
1611 2661 1626 2676 .
1657 2660 1672 2676 .
1705 2664 1719 2678 .
1746 2663 1758 2674 .
1795 2659 1811 2677 .
1850 2621 1913 2678 Si
1939 2640 1970 2675 a

401 2730 482 2766 me
505 2723 794 2781 quaeratur,
820 2722 995 2765 utrum
1029 2715 1182 2765 homo
1225 2715 1334 2766 sine
1362 2725 1572 2780 peccato
1599 2715 1756 2780 possit
1779 2730 1888 2767 esse
1916 2716 1968 2768 in

401 2807 498 2858 hac
526 2805 652 2867 vita,
695 2805 976 2872 conﬁtebor
1021 2821 1170 2867 posse
1205 2820 1296 2872 per
1345 2803 1444 2858 Dei
1473 2806 1724 2874 gratiam,
1758 2815 1806 2858 et
1837 2805 1969 2858 libe-

401 2911 518 2948 rum
539 2895 651 2962 ejus
692 2896 986 2948 arbitrium.
1027 2894 1138 2948 lmo
1176 2895 1383 2963 aliquos
1434 2897 1610 2964 reipsa
1663 2895 1850 2962 fuisse,
1887 2897 1967 2950 vel

399 2999 521 3038 esse
551 2985 792 3038 homines
820 2983 994 3053 justos
1029 2984 1146 3038 sine
1181 2994 1420 3053 peccato.
1467 2995 1662 3052 prteter
1692 2984 1966 3038 Christum

399 3073 704 3138 Dominum,
730 3089 793 3128 ac
834 3075 894 3130 Β.
937 3075 1243 3145 Virginem,
1281 3075 1613 3130 conﬁdenter
1641 3091 1833 3145 negare
1861 3093 1964 3129 non

397 3169 555 3220 audet
585 3167 636 3220 in
669 3166 804 3220 libro
825 3167 895 3220 De
921 3166 1229 3236 perfectione
1255 3166 1492 3234 instillat,
1520 3183 1638 3236 cap.
1671 3167 1761 3232 21,
1789 3183 1956 3234 segm.
1987 3156 2029 3213 C

396 3258 488 3312 Μ.
527 3259 648 3313 Scio
675 3259 832 3320 enim,
860 3259 1050 3328 inquit,
1093 3259 1406 3326 quibusdam
1443 3275 1551 3311 esse
1582 3260 1748 3312 visunt
1780 3277 1799 3312 :
1828 3275 1960 3328 quo-

397 3364 514 3401 rum
543 3350 604 3400 de
639 3348 733 3400 hac
772 3365 827 3401 re
871 3353 1190 3402 sententiam
1225 3367 1324 3402 non
1362 3351 1526 3402 audeo
1561 3349 1921 3418 reprehendere
1944 3389 1960 3413 ,

396 3453 692 3508 quanquam
721 3454 812 3491 nec
845 3439 1120 3507 defendere
1154 3439 1379 3492 valeam.

875 3530 1002 3582 CAP.
1045 3527 1174 3584 Vlll.
1213 3529 1284 3582 De
1312 3530 1472 3584 ctelis.

465 3619 641 3675 leos
664 3621 840 3674 anima
881 3621 1341 3690 intelligentiaque
1387 3621 1636 3690 praeditos
1661 3637 1800 3684 esse.
1826 3623 1958 3678 adeo

394 3723 578 3780 aperte
609 3721 767 3780 negat
817 3712 1071 3782 Didymus
1114 3712 1205 3766 lib.
1243 3729 1258 3766 ι
1293 3713 1365 3765 De
1398 3711 1566 3779 Trin.,
1605 3729 1724 3782 pag.
1757 3714 1846 3779 97,
1905 3722 1960 3769 et

393 3805 486 3860 lib.
538 3821 596 3868 ιι,
636 3821 755 3873 pag.
799 3803 922 3867 192,
973 3803 1175 3872 ntjure
1218 3805 1381 3859 statui
1418 3822 1572 3873 posse
1618 3807 1956 3872 existimem,

391 3897 564 3965 ipsum
613 3894 953 3964 Origenianis
993 3898 1093 3950 hac
1140 3897 1190 3950 in
1227 3913 1283 3950 re
1321 3913 1656 3965 nequaquam
1686 3897 1954 3970 sullraga-

393 3997 501 4039 tum
545 4003 688 4041 esse.
726 3987 860 4052 Quid
897 4002 1026 4055 ergo
1085 3989 1187 4042 sibi
1241 3989 1371 4052 vult,
1425 3989 1654 4056 inquies,
1708 4005 1830 4044 cum
1883 3991 1958 4043 ait

389 4075 481 4129 lib.
511 4090 572 4138 ιι,
606 4092 726 4145 pag.
767 4076 886 4137 114,
913 4078 1078 4130 cmlos
1115 4093 1143 4130 a
1182 4076 1382 4145 Spiritu
1415 4090 1606 4132 sancto
1648 4081 1957 4133 corrobora-

390 4177 468 4221 tos
517 4183 656 4230 esse,
713 4177 874 4236 atque
935 4168 1332 4234 saneti/icatos?
1366 4168 1604 4238 Respicit
1652 4171 1747 4235 ibi,
1795 4181 1955 4240 atque

388 4263 522 4316 adeo
553 4260 784 4327 explicat
823 4258 1016 4312 Psaltis
1051 4260 1176 4313 illud
1212 4277 1227 4314 :
1270 4257 1434 4314 Verbo
1464 4261 1673 4314 Domini
1708 4261 1820 4316 caeli
1862 4262 1954 4330 [ir-

387 4355 514 4405 muti
539 4363 656 4404 sunt
684 4352 753 4414 ⁵⁰,
777 4359 882 4404 etc.
921 4350 1053 4404 Eum
1079 4364 1208 4404 vero
1239 4349 1411 4403 locum
1446 4349 1614 4419 accipi
1645 4365 1799 4420 posse
1831 4365 1953 4404 cum

386 4447 451 4498 de
477 4443 733 4498 caelorum
762 4442 1091 4506 substantia,
1120 4451 1230 4495 tum
1262 4442 1327 4495 de
1355 4442 1559 4511 angelis
1582 4441 1839 4495 coriorum
1872 4442 1951 4495 in-

385 4536 542 4596 colis,
576 4536 730 4588 docet
775 4535 1001 4602 ipsemet
1043 4533 1138 4587 lib.
1178 4549 1237 4598 ιι,
1279 4548 1400 4602 pag.
1438 4533 1557 4587 Πιί.
1595 4530 1781 4601 Itaque
1824 4547 1945 4587 cum

383 4628 550 4683 cmlos
578 4625 790 4695 quidem
822 4635 977 4678 vocat
1006 4640 1084 4677 res
1117 4625 1452 4688 inanimatas,
1487 4633 1541 4677 et
1579 4634 1845 4676 creaturas
1870 4625 1946 4675 ir-

385 4718 695 4781 rationales,
726 4716 790 4769 de
832 4719 1088 4769 ctetornm
1137 4715 1436 4768 substantia
1495 4713 1765 4782 loquitur;
1819 4729 1939 4768 cum

387 4824 512 4862 vero
552 4822 645 4859 eos
685 4822 714 4857 a
754 4805 955 4873 Spiritu
1003 4803 1372 4857 sanctilicatos
1399 4802 1550 4866 dicit,
1590 4803 1814 4856 alteram
1859 4816 1944 4856 se-

385 4900 570 4970 quitur
600 4896 1114 4965 interpretationem.
1150 4893 1311 4964 Lege,
1343 4907 1544 4961 quaeso,
1576 4909 1694 4962 qua“:
1749 4893 1938 4962 scripsi

382 5000 490 5045 not.
529 4990 592 5042 ad
621 5005 742 5059 pag.
775 4988 842 5042 87
874 4997 928 5041 et
979 4985 1099 5040 114.

557 5077 815 5151 [XLVl’il]
849 5077 978 5132 Car.
1013 5077 1103 5130 IX.
1149 5075 1223 5128 De
1255 5085 1463 5142 peccato
1499 5075 1763 5145 originali.

448 5171 595 5223 Inter
617 5179 840 5221 caeteros
863 5181 1101 5230 errores,
1129 5181 1264 5234 quos
1298 5165 1578 5235 Didymum
1610 5166 1662 5219 in
1707 5165 1945 5220 Enarra-

378 5261 623 5320 tionibus,
673 5269 836 5324 atque
884 5257 940 5310 in
988 5257 1126 5310 libro
1160 5257 1280 5311 adv.
1332 5256 1650 5311 Manicharos
1697 5257 1943 5313 docuisse

377 5349 686 5418 suspicatur
717 5335 952 5400 Iacobus
1000 5346 1294 5427 Basnagius
1319 5388 1333 5411 ,
1371 5349 1511 5403 hunc
1544 5349 1704 5404 etiam
1755 5365 1944 5404 recen-

377 5452 478 5507 set,
511 5441 653 5508 quod
696 5450 961 5509 peccatum
991 5441 1245 5507 originale
1279 5457 1489 5509 negasse
1526 5443 1783 5496 videatur.
1832 5441 1938 5496 Sed

378 5531 629 5602 injustam
689 5531 848 5602 plane
885 5546 948 5585 ac
995 5531 1183 5586 falsam
1225 5545 1345 5586 esse
1387 5531 1686 5601 huiusmodi
1719 5548 1938 5590 accusa-

448 5727 496 5760 ⁸⁸
537 5727 676 5785 Psal.
703 5745 875 5793 xxxii,
912 5730 964 5786 6.
1041 5733 1083 5764 “
1123 5731 1319 5802 Ephcs.
1356 5747 1414 5801 ιι,
1444 5733 1494 5787 3.

2077 1896 2214 1950 libro
2247 1896 2363 1947 adv.
2400 1893 2746 1956 Manicheam,
2785 1902 2843 1946 ut
2885 1907 3066 1946 vocem
3115 1903 3303 1945 natura
3337 1894 3657 1962 signiﬁcare

2076 1987 2219 2041 dicat
2255 2001 2388 2039 vere.
2417 2002 2436 2035 ι
2467 1985 2536 2036 At
2570 1981 2751 2052 φύσει,
2781 1982 2975 2050 inquit,
3014 1997 3346 2051 nequaquam
3374 1982 3655 2052 signiﬁcat

2075 2091 2208 2129 uere.
2242 2083 2297 2128 et
2321 2073 2608 2142 Apostolus
2643 2073 2826 2138 voluit,
2857 2088 2952 2127 nos
2977 2073 3066 2128 Dei
3096 2073 3386 2127 vindictam
3426 2076 3498 2128 ob
3525 2090 3653 2143 pec-

2074 2175 2254 2220 catum
2306 2163 2567 2231 originale
2617 2165 2842 2229 mereri;
2880 2166 3019 2234 quod
3060 2173 3234 2218 tamen
3276 2164 3344 2218 ibi
3383 2165 3646 2235 Didymus

2075 2275 2178 2311 non
2213 2265 2625 2320 commemorat,
2658 2257 2880 2325 ideoque
2927 2266 3206 2325 peccatum
3246 2256 3512 2325 originale
3550 2271 3648 2310 ne-

2072 2365 2227 2421 gasse
2258 2351 2487 2404 videtur.
2534 2368 2552 2400 ι

2143 2439 2246 2493 Sed
2301 2438 2656 2508 HierOnymus
2705 2452 2916 2506 quoque
2973 2440 3111 2494 libro
3162 2455 3177 2492 ι
3234 2439 3526 2493 Comment.
3571 2437 3642 2494 In

2074 2531 2365 2600 Epistolam
2400 2535 2467 2584 ad
2511 2531 2759 2600 Ephesios
2799 2548 2917 2602 cap.
2957 2548 3018 2596 tl,
3047 2549 3108 2587 ea
3158 2532 3306 2586 Pauli
3355 2535 3519 2588 verba
3560 2537 3642 2590 sic

2072 2625 2314 2694 exponit,
2340 2635 2397 2677 ut
2428 2639 2600 2693 neque
2633 2627 2838 2695 peccati
2877 2625 3152 2693 originalis
3184 2625 3510 2679 mentionem
3557 2625 3636 2679 la-

2079 2717 2206 2778 ciat,
2242 2727 2296 2768 et
2323 2717 2638 2771 vocabulum
2680 2715 2838 2785 φύσει
2880 2716 3184 2786 ambiguum
3227 2733 3348 2772 esse
3381 2717 3636 2782 allirmet,

2073 2815 2128 2859 ut
2156 2807 2290 2860 verti
2331 2807 2492 2860 etiam
2526 2808 2691 2876 possit
2719 2824 2952 2875 prorsus,
2981 2809 3093 2862 sive
3122 2810 3353 2862 omnino.
3383 2809 3636 2878 Nunquid

2070 2913 2197 2967 ergo
2236 2897 2620 2968 Hieronymum
2658 2913 2871 2968 quoque
2907 2900 3046 2954 inter
3079 2916 3172 2955 eos
3205 2902 3629 2964 numerabimus,

2070 2990 2162 3058 qui
2199 2999 2303 3041 tam
2349 2991 2578 3058 turpiter
2611 2999 2900 3056 errarunt,
2953 3002 3014 3046 ut
3046 3001 3321 3060 peccatum
3369 2991 3632 3061 originale

2073 3095 2175 3134 non
2209 3079 2562 3149 agnoverint?

2273 3172 2400 3225 CAP.
2439 3170 2506 3224 X.
2547 3171 2622 3226 De
2648 3189 2944 3226 animarum
2970 3174 3414 3242 pratexsistentta.

2131 3261 2453 3332 Origeniano
2503 3265 2568 3318 de
2606 3266 2906 3320 animarum
2961 3267 3386 3336 pratexsistentia
3439 3281 3626 3323 errore

2065 3354 2316 3409 inlectum
2351 3356 2516 3411 fuisse
2549 3357 2855 3426 Didymum,
2887 3359 3022 3413 adeo
3058 3359 3202 3412 clare
3236 3367 3462 3413 testatur
3491 3359 3626 3413 mul-

2063 3444 2133 3497 tis
2168 3443 2220 3497 in
2265 3443 2394 3499 locis
2433 3445 2830 3516 Hieronymus,
2869 3458 2927 3502 ut
2971 3448 3217 3502 dubitare
3258 3450 3474 3504 omnino
3518 3465 3625 3503 non

2062 3533 2237 3596 liceat,
2280 3536 2409 3605 quin
2457 3537 2570 3606 ipse
2613 3552 2644 3592 a
2677 3550 2863 3593 sancto
2907 3538 3148 3604 doctore,
3190 3549 3245 3594 ut
3279 3555 3453 3609 pravae
3484 3539 3623 3594 illius

2061 3626 2318 3681 doctrina:
2381 3635 2637 3698 patronus
2711 3629 2926 3686 habitus
2999 3630 3179 3684 fuerit.
3245 3631 3311 3686 Ut
3365 3632 3502 3685 enim
3559 3647 3620 3687 ea

2059 3729 2374 3788 przeleream
2409 3735 2528 3790 quat
2560 3721 2626 3775 de
2671 3721 2895 3791 Didymo
2936 3724 3150 3791 scripsit
3185 3723 3271 3777 ille
3298 3724 3388 3778 lib.
3426 3739 3441 3777 I
3495 3725 3612 3777 adv.

2064 3810 2333 3880 Ruﬁnum,
2358 3828 2525 3883 segm.
2557 3813 2610 3878 6,
2641 3823 2695 3869 et
2726 3813 2818 3868 lib.
2856 3829 2916 3881 ιι,
2963 3829 3131 3882 segm.
3167 3815 3255 3880 16,
3301 3831 3362 3870 ac
3399 3815 3489 3870 lib.
3534 3829 3617 3879 ιιι,

2057 3917 2226 3972 segm.
2254 3903 2341 3969 12,
2378 3906 2505 3973 quid
2537 3907 2773 3976 apertius
2808 3906 2891 3960 his
2925 3921 3042 3975 quae
3072 3907 3295 3976 legimus
3350 3923 3513 3976 segni.
3548 3908 3614 3964 28

2059 3991 2178 4047 libri
2218 3995 2401 4049 tertii?
2429 3996 2679 4050 Ruﬁnum
2715 3997 2784 4052 ibi
2813 3998 2891 4052 sic
2919 3999 3204 4066 all0quilur
3237 4016 3251 4051 :
3290 3998 3427 4052 Hinc
3455 4011 3526 4052 est
3569 4010 3614 4052 et

2057 4085 2150 4138 illa
2182 4097 2270 4138 tua
2301 4103 2498 4141 arcana
2524 4088 2862 4159 interrogatio
2883 4130 2898 4156 ,
2929 4107 3092 4161 quare
3110 4092 3415 4146 moriantur
3442 4093 3615 4160 infan-

2057 4188 2149 4242 tes,
2181 4193 2297 4229 cum
2329 4189 2543 4246 propter
2575 4193 2804 4248 peccata,
2833 4197 3055 4251 corpora
3080 4185 3387 4250 acceperint.
3427 4182 3614 4237 Exstat

2056 4266 2185 4318 liber
2215 4266 2426 4336 Didymi
2452 4269 2520 4322 ad
2549 4278 2618 4332 te,
2643 4286 2741 4340 quo
2771 4271 3062 4324 sciscitanti
3088 4271 3179 4324 tibi
3210 4273 3489 4340 respondit,
3511 4289 3614 4326 non

2055 4375 2140 4412 eos
2167 4358 2330 4411 ntulta
2355 4375 2610 4427 peccasse,
2640 4371 2686 4414 et
2711 4362 2826 4416 ideo
2848 4379 3121 4431 corporum
3155 4380 3384 4417 carceres
3419 4373 3609 4418 'antum

2054 4452 2128 4504 eis
2169 4453 2394 4521 tetigisse
2425 4453 2691 4521 sufﬁcere.
2727 4453 3064 4524 Quapropter
3087 4455 3371 4526 Didymum
3407 4459 3471 4510 ab
3501 4458 3610 4511 Ori-

2054 4545 2278 4613 genismi
2336 4543 2454 4598 labe
2495 4545 2781 4601 defendere
2823 4562 2980 4601 nemo
3015 4558 3212 4617 potest,
3255 4549 3383 4617 quin
3427 4549 3610 4616 probet

2055 4644 2145 4686 aut
2172 4635 2380 4705 Didymi
2422 4637 2644 4705 scripta,
2669 4639 2736 4692 ob
2769 4653 2888 4708 quae
2922 4639 3093 4710 ipsum
3127 4639 3482 4710 Hieronymus
3518 4656 3610 4694 ac-

2055 4738 2228 4789 cusat,
2253 4727 2319 4780 ab
2348 4725 2665 4797 Origenistis
2689 4741 2962 4800 corrupta,
2986 4730 3068 4785 vel
3097 4732 3219 4784 ticta
3243 4730 3431 4794 fuisse,
3454 4731 3606 4799 idque

2058 4814 2438 4886 llierouymum
2473 4819 2750 4889 ignorasse
2785 4835 2803 4875 :
2839 4829 2930 4874 aut
2963 4821 3016 4875 id
3062 4821 3385 4893 Hieronymo
3417 4837 3604 4892 propo-

2051 4907 2211 4959 situm
2238 4906 2426 4970 fuisse,
2457 4919 2515 4961 ut
2538 4909 2815 4980 Didymum
2841 4911 3262 4967 calumniaretur
3289 4930 3302 4966 :
3333 4922 3424 4967 aut
3458 4914 3605 4968 deni-

2050 5013 2153 5065 que
2182 4999 2325 5054 illum
2356 5000 2564 5072 Didymi
2599 4987 2832 5084 mentem
2861 5006 3026 5072 probe
3055 5021 3163 5061 non
3191 5018 3514 5071 assecutum,
3541 5022 3602 5062 ea

2050 5089 2372 5158 Origeniano
2407 5105 2568 5146 sensu
2616 5094 2756 5148 dicta
2792 5095 3154 5164 existimasse,
3193 5113 3314 5168 qua:
3347 5099 3602 5154 catholico

2045 5177 2344 5232 dictaverat
2378 5179 2651 5251 Didymus.
2687 5183 2924 5250 Quorum
2967 5188 3196 5255 primum
3231 5205 3297 5244 ne
3317 5189 3600 5246 verisimile

2043 5266 2256 5333 quidem
2317 5268 2526 5323 videtur
2574 5288 2588 5324 :
2643 5273 2870 5330 alterum
2925 5277 3029 5332 dici
3090 5292 3195 5333 non
3241 5288 3418 5348 potest
3476 5281 3594 5350 quin

2043 5357 2277 5412 maxima
2318 5361 2554 5418 maximo
2579 5363 2785 5422 doctori
2810 5405 2826 5432 ,
2850 5369 3298 5439 sanctissimeque
3319 5371 3435 5425 viro
3460 5371 3593 5441 inju-

2043 5447 2120 5500 ria
2177 5458 2378 5506 temere
2425 5453 2715 5512 inl‘eratur:
2756 5461 2971 5516 tertium
3032 5477 3159 5517 vero
3199 5462 3341 5518 nulla
3386 5464 3593 5520 omnino

2042 5539 2252 5596 ratione
2279 5544 2601 5604 conﬁrmare
2640 5547 2750 5618 jam
2793 5551 2938 5622 licet,
2971 5553 3112 5624 quod
3141 5563 3195 5610 et
3225 5555 3476 5626 pleraque
3508 5557 3593 5614 Di-
