3774 6344
106 359 205 409 197

1289 342 1857 412 COMMENTARIUS.
1894 389 1957 399 -
2001 357 2127 411 LIB.
2172 358 2234 412 ιι.

3262 359 3365 417 198

101 474 253 543 dymi
315 472 515 540 scripta
578 469 908 532 interierint,
952 479 1008 523 et
1050 470 1190 524 circa
1241 472 1443 538 quintae
1491 471 1678 539 synodi
1709 476 1754 531 Α
1784 472 2103 526 habitatores
2137 485 2291 529 terra:
2318 490 2337 527 :
2362 473 2632 543 rapientes
2668 474 2855 543 utique
2899 487 2962 528 ea
2994 488 3113 543 quae
3149 484 3362 532 terrena

103 575 372 629 tempore,
403 576 469 615 ac
498 570 616 628 post
653 575 771 613 eam
802 561 1066 629 synodum
1101 561 1483 629 quamplurimi
1506 598 1520 623 ,
1562 561 1683 628 qui-

102 656 202 708 bus
241 655 475 707 l’ortasse
507 667 570 705 ea
610 652 789 721 legere
823 653 1004 705 datum
1053 662 1191 715 erat,
1223 653 1491 715 eamdem,
1524 668 1684 719 quam

103 746 488 813 Hieronymus,
537 743 768 812 Didymo
810 751 991 794 notam
1037 740 1351 796 iuusserint.
1396 740 1526 807 Quae
1561 756 1683 794 cum

101 836 173 888 ita
200 836 334 895 sint,
362 835 413 886 in
448 833 675 887 dubium
707 832 947 885 revocari
982 846 1086 884 non
1126 841 1322 899 potest,
1348 832 1477 899 quin
1507 831 1685 898 aliqua

101 932 302 983 saltem
324 942 388 982 ex
421 927 634 995 Didymi
666 924 920 993 scriptis,
956 940 1074 993 qua:
1112 924 1524 987 interciderunt,
1567 923 1687 979 Ori-

102 1021 336 1089 geniana
366 1021 485 1075 labe
518 1020 794 1087 inquinata
826 1018 1026 1072 fuerint
1052 1035 1065 1070 :
1107 1032 1170 1071 ac
1197 1016 1324 1072 illud
1358 1027 1562 1071 tantum
1592 1032 1687 1069 no-

102 1112 185 1163 bis
227 1111 489 1179 integrum
539 1118 627 1162 est
671 1122 951 1176 quaerere,
999 1118 1178 1161 utrum
1226 1107 1529 1175 huiusmodi
1579 1106 1687 1161 sint

100 1204 270 1258 etiam
298 1218 413 1271 qua:
452 1210 768 1269 supersunt.

174 1296 373 1363 Itaque,
406 1307 467 1348 ut
499 1296 551 1348 in
584 1292 1013 1363 praeexsistentia
1053 1291 1357 1344 animarum
1402 1290 1684 1351 sistamus,

102 1387 304 1439 nullum
335 1385 455 1452 ejus
492 1386 780 1454 vestigium
832 1399 1006 1453 neque
1052 1385 1102 1435 in
1144 1382 1280 1436 libro
1332 1382 1448 1435 adv.
1500 1379 1684 1433 Mani-

101 1482 293 1541 ώσω,
344 1493 524 1546 neque
574 1478 628 1530 in
671 1476 807 1529 libro
858 1475 932 1529 De
983 1475 1186 1542 Spiritu
1230 1484 1432 1537 sancto,
1483 1488 1581 1527 nec
1630 1473 1681 1526 in

102 1568 449 1637 fragmentis,
493 1582 616 1637 qua:
670 1566 899 1636 Didymo
956 1565 1007 1619 in
1064 1563 1279 1619 Catenis
1352 1565 1682 1627 tribuuntur,

101 1660 388 1712 observare
429 1674 519 1713 me
573 1659 818 1713 memini.
858 1657 914 1710 In
966 1656 1116 1711 libris
1150 1671 1279 1711 vero
1318 1655 1395 1709 De
1430 1654 1686 1709 Trinitate

102 1750 368 1805 nonnullze
397 1750 623 1819 quidem
652 1758 947 1803 occurrunt
975 1749 1287 1811 locutiones,
1314 1763 1431 1818 qua:
1461 1748 1526 1801 ad
1568 1746 1686 1802 Ori-

1786 571 1933 626 sunt,
1978 572 2031 617 et
2068 565 2270 619 terreni
2332 565 2551 620 indutos
2608 564 2862 634 imagine.
2891 582 2909 616 ι
2970 564 3047 619 Ita
3084 564 3359 637 Didymus.

1788 652 1886 717 Qui
1921 667 2050 707 vero
2083 663 2237 707 notas
2277 654 2327 707 in
2364 654 2605 721 margine
2653 654 2847 722 adjecit
2884 675 2895 708 :
2931 653 3097 707 Caute
3122 655 3250 723 lege,
3279 657 3363 708 in-

1788 744 1922 809 quit,
1957 760 2075 796 nam
2102 725 2319 798 subdole
2337 746 2542 799 videtur
2568 746 2839 798 insinuare
2863 745 3098 798 hwresim
3122 743 3363 815 Origenis

1786 835 1850 886 de
1902 836 2319 903 pratexsistentia
2359 838 2655 890 animarum
2703 846 2825 889 ante
2852 853 3095 905 corpora,
3138 848 3184 890 et
3211 854 3365 890 mna-

1785 928 1908 979 dum
1935 928 2178 981 visibilem
2192 968 2206 981 .

1856 1020 1962 1073 Sed
2017 1021 2287 1090 equidem,
2326 1030 2386 1075 ut
2418 1034 2601 1076 verum
2638 1019 2828 1087 fatear,
2892 1034 2989 1074 cur
3016 1035 3120 1072 non
3157 1018 3367 1089 possint

1784 1111 2050 1165 catholico
2104 1112 2215 1165 lucc
2249 1127 2408 1165 sensu
2438 1112 2633 1179 accipi,
2662 1127 2769 1166 non
2799 1111 2977 1179 video.
3026 1110 3181 1165 Nulla
3212 1112 3354 1165 enim

1785 1204 1871 1256 hic
1897 1204 2361 1271 praecxsistentite,
2395 1202 2538 1256 nulla
2566 1202 2981 1272 praacedentium
3017 1212 3361 1273 peccatorum

1786 1294 2001 1358 mentio,
2053 1295 2144 1347 sed
2201 1301 2556 1361 temporanetc
2610 1293 2869 1346 duntaxat
2946 1293 3254 1346 animarum
3303 1292 3356 1345 in

1783 1385 2097 1454 corporibus
2152 1384 2497 1438 habitationis
2540 1398 2689 1438 :nec
2737 1384 2882 1437 aliud
2951 1393 3197 1453 spectare
3231 1383 3361 1438 mihi

1782 1478 1992 1531 videtur
2032 1475 2309 1546 Didymus,
2373 1475 2475 1529 nisi
2535 1485 2588 1528 ut
2632 1482 2867 1540 moneat,
2917 1491 3022 1529 non
3079 1489 3198 1530 esse
3244 1474 3362 1528 ani-

1783 1580 1901 1618 mas
1956 1579 2023 1619 ex
2079 1574 2288 1619 terrena
2337 1564 2678 1629 substantia;
2744 1564 2986 1633 alioquin
3043 1564 3359 1618 dicerentur

1786 1670 1891 1709 non
1941 1656 2174 1720 advenae,
2238 1656 2331 1710 sed
2362 1655 2699 1709 habitatrices
2725 1665 2910 1719 terrm;
2947 1670 3043 1709 eas
3089 1670 3217 1710 vero
3245 1653 3365 1707 aui—

1788 1762 1923 1811 mas,
1950 1762 2070 1816 qua:
2107 1747 2294 1799 habent
2334 1749 2746 1813 comparationem
2791 1747 2988 1813 carnis,
3040 1747 3091 1800 id
3118 1755 3220 1810 est,
3244 1760 3364 1815 quae

99 1844 387 1911 genianum
434 1844 581 1896 hunc
613 1856 854 1896 errorem
892 1840 1081 1895 referri
1126 1850 1353 1911 queant,
1385 1839 1682 1907 cnjnsmodi
1717 1814 1760 1872 Β
1794 1838 2031 1893 carnalia
2068 1837 2358 1902 desideria,
2404 1838 2790 1908 passionesque
2827 1848 3121 1902 sectantur,
3168 1840 3366 1908 indige-

99 1944 182 1988 est
212 1934 300 1987 illa
327 1949 454 2003 qum
490 1948 615 2003 pag.
664 1933 770 1987 248
805 1932 1037 2002 legitur:
1072 1930 1178 1985 Pro
1215 1941 1355 1985 terra
1385 1948 1567 1985 rursus
1590 1931 1685 1983 do-

100 2034 188 2077 nat
214 2024 447 2088 cistam;
490 2024 585 2077 sed
625 2022 865 2093 singulas
904 2021 1176 2076 catholico
1205 2035 1366 2075 sensu
1406 2022 1685 2074 commode

97 2118 267 2186 accipi
298 2132 463 2186 posse
516 2116 752 2176 ostendi,
794 2116 846 2168 ni
893 2114 1068 2179 fallor,
1106 2114 1159 2167 in
1210 2115 1371 2176 notis,
1418 2123 1475 2167 ut
1506 2114 1685 2166 videre

99 2206 220 2259 licet
252 2219 378 2273 pag.
423 2202 492 2254 87
517 2201 730 2263 ειιιιι,
766 2197 979 2271 [XLIX]
1037 2200 1137 2253 5H
1188 2208 1242 2254 et
1286 2198 1411 2263 248,
1460 2198 1685 2267 aliisque

96 2296 223 2348 locis
260 2295 333 2347 ibi
375 2292 651 2345 indicatis.
703 2292 843 2357 Quin
893 2288 977 2343 vel
1024 2288 1139 2357 ipse
1181 2289 1507 2358 Augustinus
1564 2296 1685 2356 post

95 2390 415 2440 damnatum
472 2385 586 2453 jam
640 2385 707 2438 ab
768 2383 1000 2438 Ecclesia
1060 2382 1498 2450 Origenismum,
1561 2394 1681 2435 cum

94 2478 325 2543 quadam
407 2492 473 2529 ex
522 2462 853 2541 hujusmozli"
904 2474 1260 2527 locutionibus
1320 2487 1455 2527 usus
1498 2482 1681 2536 esset,

93 2584 212 2620 eam
256 2569 309 2619 iu
355 2565 835 2618 Retractationibus
880 2564 971 2618 lib.
1016 2580 1070 2626 ι,
1127 2578 1245 2633 cap.
1290 2563 1316 2616 1
1348 2603 1362 2623 ,
1410 2563 1509 2616 sibi
1570 2564 1684 2631 qui-

96 2660 215 2709 dem
258 2673 364 2709 non
416 2656 639 2708 omnino
686 2655 925 2708 arridere
972 2654 1207 2717 indicat,
1255 2653 1345 2706 sed
1389 2663 1442 2707 ut
1492 2651 1684 2706 absur-

96 2752 215 2800 dam
261 2764 371 2801 non
412 2748 618 2815 respuit
662 2762 675 2797 :
712 2748 792 2800 sic
831 2746 971 2799 enim
1022 2759 1138 2799 eam
1164 2752 1417 2798 retractat
1462 2761 1476 2798 :
1513 2761 1531 2795 ι
1565 2744 1685 2799 Atio

97 2842 214 2895 loco
240 2858 366 2894 cum
392 2855 610 2910 agerem
638 2841 703 2893 de
728 2839 933 2902 animo,
962 2838 1071 2892 dixi
1104 2857 1116 2892 :
1146 2837 1397 2892 Securior
1418 2838 1683 2891 rediturus

98 2937 144 2985 in
172 2935 386 2987 calum.
428 2932 613 2985 [turus
650 2942 851 2995 autem,
894 2946 1053 2999 quam
1101 2930 1387 2992 rediturus,
1422 2928 1681 2984 dixissem

95 3029 343 3080 securius
367 3064 383 3086 ,
420 3034 640 3093 propter
671 3037 766 3076 eos
809 3021 898 3090 qui
940 3030 1129 3090 putant
1164 3021 1376 3075 animos
1419 3020 1684 3075 humanos

94 3132 192 3186 pro
237 3118 450 3171 meritis
478 3124 823 3184 peccatorum
853 3126 1069 3166 suorum
1103 3112 1166 3166 de
1193 3112 1333 3167 ctelo
1364 3113 1539 3181 lapsos
1570 3113 1683 3167 sive

96 3207 359 3275 deiectos,
405 3208 455 3258 in
500 3219 728 3272 corpora
762 3203 859 3256 ista
890 3203 1121 3257 detrudi.
1161 3203 1267 3257 Sed
1295 3216 1395 3273 ego
1427 3212 1676 3273 propter-

94 3316 154 3353 ea
210 3317 319 3353 non
364 3297 605 3351 dubitavi
654 3297 867 3359 dicere,
896 3296 1020 3364 quia
1071 3295 1143 3349 ita
1180 3296 1329 3359 dixi,
1373 3296 1429 3349 in
1474 3296 1681 3361 caelum,

99 3400 359 3457 tauquam
402 3388 663 3452 dicerem,
688 3387 756 3438 ad
798 3384 979 3439 Deum.
1013 3423 1027 3438 .
1066 3425 1079 3437 .
1114 3426 1129 3441 .
1165 3424 1181 3441 .
1226 3386 1287 3440 Et
1318 3386 1369 3440 in
1414 3386 1549 3441 libro
1583 3388 1683 3443 Ec-

97 3481 369 3535 clesiaste
392 3480 657 3547 scriptum
678 3487 763 3532 est
791 3494 804 3529 :
832 3476 1063 3545 Spiritus
1092 3488 1381 3532 revertatur
1402 3480 1471 3533 ad
1493 3479 1682 3547 Deum,

95 3573 185 3640 qui
209 3573 355 3623 dedit
382 3570 537 3622 illum
566 3570 633 3621 ⁸¹.
675 3587 694 3619 ι

167 3662 460 3730 Reliquum
494 3669 579 3713 est
628 3674 759 3728 ergo
794 3667 851 3712 ut
905 3660 1259 3727 qumstionem
1290 3662 1431 3717 hanc
1466 3676 1683 3717 omnem

100 3754 163 3805 ad
200 3751 591 3804 Enarra:iones
648 3750 1035 3805 contrahamus
1080 3765 1096 3804 :
1149 3751 1201 3804 in
1252 3752 1337 3807 his
1367 3753 1509 3807 enim
1538 3769 1683 3817 eum,

100 3849 168 3901 de
192 3862 300 3914 quo
326 3845 626 3913 loquimur,
659 3860 900 3898 errorem
936 3843 1175 3897 nonnulli
1207 3859 1265 3899 se
1295 3845 1571 3901 detexisse
1596 3862 1689 3900 ar-

102 3941 285 3993 bitrati
331 3948 486 3991 sunt.
514 3937 689 3991 Locus
716 3948 918 4001 autem,
943 3953 1101 4007 quem
1134 3942 1555 4008 reprehendunt,
1587 3956 1685 3997 ex-

100 4040 205 4085 stat
243 4032 402 4084 initio
431 4028 804 4082 Enarrationis
836 4031 892 4083 in
926 4031 1156 4097 primam
1191 4030 1334 4084 Petri
1367 4029 1680 4100 Epistolam,

102 4122 188 4176 ubi
211 4122 504 4190 explicatis
539 4120 846 4176 litteraliter
888 4122 975 4176 his
1000 4123 1205 4189 verbis,
1238 4125 1448 4177 advenis
1482 4126 1686 4193 disper-

100 4215 261 4268 sionis
296 4214 483 4275 Ponti,
510 4214 564 4266 in
599 4214 741 4267 hunc
785 4214 998 4268 modum
1035 4215 1209 4284 pergit
1240 4230 1255 4268 :
1292 4234 1311 4267 ‹
1340 4215 1395 4269 Si
1431 4218 1557 4284 quid
1587 4233 1684 4272 au-

102 4318 203 4361 tem
239 4321 410 4375 supra
439 4314 643 4359 textum
680 4305 766 4359 hic
818 4316 994 4375 potest
1054 4306 1298 4378 intelligi,
1341 4309 1684 4364 animadver-

102 4404 321 4453 tendum
357 4410 443 4453 est
496 4401 599 4454 hoc
627 4401 693 4452 de
725 4399 922 4452 animae
976 4401 1206 4462 ratione,
1238 4401 1389 4469 quasi
1423 4407 1678 4455 advenam

1784 1931 1867 1985 nis
1894 1930 2071 1999 potius
2093 1945 2253 2001 quam
2288 1930 2497 1985 advenis
2519 1930 2824 1986 assimilari.

1855 2022 2033 2089 Quid?
2058 2023 2198 2092 quod
2259 2023 2546 2078 absurdam
2600 2021 2853 2093 Origenis
2886 2024 2952 2078 de
2989 2024 3366 2093 prazexsisten-

1786 2116 1857 2169 tia
1892 2117 2198 2186 Opinionem
2228 2124 2419 2185 aperte
2446 2114 2641 2169 ibidem
2680 2125 2802 2185 post
2827 2117 3151 2185 paucissima
3201 2117 3363 2172 verba

1786 2222 2219 2264 commemorans
2244 2209 2524 2278 Didymus,
2562 2208 2633 2261 ita
2662 2208 2979 2276 quibusdam
3002 2224 3121 2263 eam
3156 2209 3362 2273 tribuit,

1784 2309 1843 2354 ut
1873 2300 2115 2356 indicare
2139 2301 2384 2356 videatur
2432 2304 2535 2357 sibi
2596 2303 2741 2359 illam
2793 2320 2899 2358 non
2948 2302 3210 2368 arridere,
3270 2313 3363 2358 aut

1784 2391 1857 2463 ita
1881 2400 2050 2451 certe,
2120 2400 2181 2445 ut
2235 2391 2380 2446 illam
2428 2392 2503 2447 ibi
2558 2409 2666 2447 non
2696 2395 3069 2464 amplectatur.
3106 2393 3175 2448 Ut
3219 2395 3361 2447 enim

1785 2482 1943 2551 paulo
1970 2483 2222 2551 superius
2247 2484 2504 2551 diximus,
2553 2484 2783 2540 alierens
2824 2485 2969 2539 Pauli
2996 2486 3177 2551 verba,
3215 2483 3363 2540 Sicut

1783 2573 1932 2643 elegit
1955 2591 2048 2628 nos
2077 2576 2131 2629 in
2162 2575 2275 2644 ipso
2304 2588 2425 2630 ante
2453 2578 2703 2647 originem
2732 2578 2911 2630 mundi
2934 2594 3043 2631 esse
3067 2588 3274 2631 sanctos
3293 2578 3357 2640 ",

1785 2666 1862 2720 sic
1894 2680 1956 2719 ea
1984 2667 2204 2734 exponit
2238 2685 2251 2721 :
2303 2667 2443 2721 Licet
2483 2671 2617 2722 enim
2644 2669 2873 2739 quidam.
2895 2669 3092 2732 dicant,
3116 2672 3363 2738 quoniam

1784 2774 1981 2826 semper
1999 2769 2047 2811 et
2076 2767 2196 2812 ante
2218 2760 2468 2813 mundum
2498 2761 2891 2813 rationabilium
2942 2762 3232 2815 substantia
3259 2762 3364 2826 sit;

1785 2860 2137 2905 verumtamen
2161 2853 2445 2917 prwvidens
2496 2852 2632 2906 Deus
2670 2854 2850 2921 Iidem,
2909 2863 2955 2907 et
3014 2865 3160 2907 actus
3192 2855 3360 2907 liomi-

1786 2958 1908 2995 num
2018 2944 2351 3011 prwscienter
2383 2945 2533 3015 elegit
2580 2962 2665 3000 eos
2705 2948 2759 3000 in
2784 2946 2993 3001 Christo
3038 2957 3157 3001 ante
3182 2948 3363 3001 mundi

1785 3035 2057 3105 originem.

1711 3118 1761 3214 θ’
1855 3126 1923 3179 At
1946 3126 1990 3180 si
2029 3127 2141 3181 haec
2177 3126 2248 3180 ita
2282 3139 2341 3182 se
2372 3127 2597 3194 habent,
2636 3128 2729 3198 qui
2764 3128 2822 3183 tit
2850 3144 2999 3200 ergo,
3040 3129 3279 3199 inquies,
3305 3137 3364 3183 ut

1788 3218 2145 3291 Hieronymus
2182 3218 2573 3290 Origeniannm
2606 3222 2672 3277 de
2726 3222 3153 3292 praeexsistentia
3210 3236 3364 3274 erro-

1788 3329 1899 3367 rem
1929 3313 2154 3384 Didymo
2181 3314 2421 3368 tribuat?
2450 3312 2654 3383 Nempe
2683 3313 3042 3385 Hieronymus
3063 3330 3124 3369 ea
3154 3314 3363 3385 Didymi

1785 3406 1985 3474 scripta
2021 3408 2245 3475 respicit
2296 3422 2416 3475 qua:
2461 3407 2572 3477 jam
2627 3406 2771 3462 nulla
2811 3418 2968 3474 sunt;
3006 3421 3103 3463 nos
3141 3422 3269 3463 vero
3298 3421 3363 3462 ea

1786 3494 2050 3552 duntaxat
2074 3513 2194 3569 quae
2222 3499 2397 3553 adhuc
2428 3508 2662 3555 exstant.

2073 3648 2204 3705 CAP.
2238 3649 2329 3704 XI.
2373 3649 2451 3705 De
2475 3652 2649 3706 carnis
2679 3654 3071 3709 resurrectione.

1861 3764 2227 3820 Transeamus
2288 3769 2447 3822 modo
2494 3770 2559 3821 ad
2623 3770 2805 3824 carnis
2863 3771 3359 3836 resurrectionem;

1787 3874 1911 3912 nam
1944 3859 2009 3912 de
2043 3858 2141 3912 ista
2168 3873 2382 3927 quoque
2412 3875 2689 3930 perperam
2719 3874 3002 3918 senserunt
3026 3864 3361 3935 Origenislze.

1789 3951 1865 4005 De
1896 3948 2124 4022 Didymo
2156 3960 2333 4003 autem
2363 3952 2442 4005 sic
2479 3963 2658 4009 statuo
2707 3973 2721 4008 :
2760 3956 2967 4013 nullum
2995 3968 3236 4023 exstare,
3270 3970 3364 4013 aut

1788 4041 1991 4095 nullum
2031 4051 2179 4096 certe
2238 4047 2367 4100 mihi
2412 4056 2595 4100 notum
2654 4046 3001 4115 esse/locum,
3052 4049 3104 4102 in
3162 4065 3269 4118 quo
3295 4050 3362 4103 de

1790 4135 2189 4193 resurrectione
2213 4153 2275 4191 ea
2315 4139 2561 4194 docuerit
2600 4154 2719 4209 quae
2757 4141 3005 4197 docuisse
3033 4142 3228 4197 dicitur
3252 4142 3365 4198 Ori-

1795 4241 1983 4296 genes.
2020 4225 2154 4281 Cum
2190 4230 2332 4283 enim
2387 4247 2438 4285 ιη
2468 4232 2783 4294 eanonihus,
2836 4234 2949 4287 sive
3011 4234 3357 4289 anathemati-

1788 4319 1919 4373 smis
1948 4330 2128 4373 contra
2173 4320 2443 4389 Origenem
2478 4322 2673 4377 saeculo
2708 4333 2864 4377 sexto
2895 4326 3123 4380 conditis
3155 4340 3364 4380 accuser

1791 4420 1878 4464 tur
1901 4412 2015 4479 ipse
2050 4412 2334 4483 Origenes,
2368 4422 2461 4467 aut
2489 4416 2678 4468 saltem
2702 4416 3033 4484 Origeniani,
3064 4419 3204 4487 quod
3244 4433 3366 4472 cor-

102 4510 216 4546 eam
238 4493 377 4547 velit
410 4492 656 4561 agnosci.
684 4490 836 4545 Unde
882 4490 1044 4545 etiam
1074 4492 1275 4545 dictqu
1306 4493 1553 4547 videtur:
1587 4493 1686 4547 Pe—
1716 4510 1763 4568 ι)
1793 4518 1893 4572 pus
1920 4504 2128 4557 Domini
2156 4514 2274 4572 post
2308 4506 2762 4560 resurrectionem
2792 4508 3082 4562 arthereum
3122 4519 3172 4563 et
3199 4511 3365 4578 sphae-

103 4588 343 4654 regrinus
384 4602 508 4654 ergo
551 4583 882 4655 [legendum,
926 4582 1040 4655 ego]
1074 4588 1127 4636 in
1166 4595 1329 4649 terra,
1360 4595 1410 4639 et
1467 4588 1686 4651 advena,

99 4671 229 4724 sicut
263 4687 449 4724 omnes
509 4682 684 4737 patres
738 4671 846 4724 mei
874 4671 940 4724 ⁸³.
1002 4672 1067 4724 Ει
1117 4672 1309 4726 iterum
1354 4691 1367 4726 :
1409 4672 1526 4727 Heu
1574 4676 1689 4729 me!

98 4766 351 4828 quoniam
385 4761 647 4814 incolatus
678 4778 824 4815 meus
867 4762 1207 4833 prolongatus
1234 4774 1309 4817 est
1337 4765 1404 4818 “.
1452 4768 1687 4821 Advente

98 4852 367 4920 siquidem
414 4850 550 4903 ﬁunt
601 4851 879 4904 hominum
933 4853 1128 4905 animae
1173 4852 1490 4921 corporibus
1522 4869 1686 4923 copu-

100 4945 237 5008 latae,
274 4947 406 4997 dum
467 4944 519 4997 in
575 4942 656 4996 eis
685 4944 1054 5012 temporaliter
1086 4959 1208 4999 esse
1255 4946 1682 5001 constituuntur.

101 5037 226 5090 Nam
261 5038 311 5091 si
342 5043 531 5091 essent
579 5050 649 5089 ex
680 5051 744 5089 ea
792 5034 1114 5100 substantia,
1156 5052 1283 5090 vera
1327 5052 1553 5107 corpora
1593 5052 1685 5092 es-

97 5140 213 5184 sent
242 5129 604 5183 habitatrices
660 5138 837 5183 terras.
891 5129 1131 5199 Denique
1175 5132 1372 5185 anima:
1422 5131 1683 5188 habentes

99 5224 533 5290 rompassioncm
591 5225 799 5285 carnis,
848 5235 969 5277 esse
1008 5222 1062 5275 in
1128 5224 1458 5277 habitatione
1483 5238 1681 5279 carnea

98 5322 504 5380 nuncupantur,
548 5320 603 5365 et
638 5311 930 5376 velatione,
963 5327 1271 5383 quanquam
1306 5314 1526 5368 advena!
1556 5324 1682 5368 sunt

98 5401 147 5455 in
180 5412 381 5456 terram
420 5400 585 5471 [legn,
647 5405 701 5455 in
732 5402 918 5475 terra],
975 5405 1068 5459 sed
1101 5406 1273 5475 magis
1310 5406 1683 5459 assimilantur

100 5495 383 5565 indigenis.
416 5494 572 5551 Unde
601 5506 655 5549 et
690 5506 931 5552 terrores
979 5498 1288 5552 inferuntur
1318 5497 1552 5570 [respicit
1581 5499 1680 5553 Di-

96 5588 278 5655 dymus
300 5590 615 5642 versiculum
648 5590 715 5643 l5
758 5591 942 5657 capitis
981 5606 1077 5644 vm
1124 5590 1487 5664 Apocalypsis']
1521 5608 1683 5663 super

166 5790 211 5823 "
243 5790 422 5845 Ecclc.
452 5807 551 5855 xu,
584 5791 635 5843 7.
719 5791 764 5821 ⁸³
790 5789 927 5846 Psal.
962 5807 1188 5855 xurm,
1224 5792 1310 5847 l5.

1787 4593 1959 4647 ricum
1988 4596 2225 4649 evasisse
2272 4595 2561 4661 voluerint,
2614 4612 2675 4651 ac
2738 4608 2920 4651 nostra
2965 4598 3088 4651 item
3137 4615 3364 4667 corpora

1787 4692 1910 4751 post
1944 4684 2397 4739 resurrectionem
2424 4688 2653 4739 mtherea
2696 4685 2827 4752 fore,
2863 4696 2914 4740 et
2953 4686 3046 4758 [L]
3080 4690 3363 4754 sphterica,

1793 4774 1903 4827 imo
1926 4776 2136 4827 tandem
2168 4777 2522 4829 substantiam
2574 4793 2858 4846 corporum
2918 4779 2969 4831 in
3010 4779 3233 4832 nihilum
3265 4780 3362 4833 ab~

1793 4864 1988 4918 ituram
2036 4867 2377 4931 censuerint;
2436 4868 2566 4921 nihil
2605 4868 2709 4921 tale
2773 4883 3007 4937 unquam
3044 4869 3094 4921 in
3120 4868 3225 4923 ullo
3272 4868 3365 4923 Di-

1791 4957 1938 5027 dymi
1964 4972 2129 5027 Opere
2151 4961 2397 5016 invenire
2420 4961 2565 5031 potui
2596 4980 2608 5015 :
2640 4961 2769 5030 quin
2797 4976 2826 5015 e
2852 4963 3126 5016 contrario
3149 4962 3200 5016 in
3235 4964 3363 5018 mul-

1792 5056 1843 5101 ta
1882 5049 2043 5104 incidi
2084 5050 2220 5118 loca,
2255 5054 2455 5123 quibus
2492 5054 2624 5107 satis
2660 5062 2844 5122 aperte
2870 5069 2928 5108 se
2952 5055 3231 5111 catholica:
3260 5056 3364 5111 Ec-

1790 5139 1970 5193 clesia:
2029 5140 2334 5196 doctrinam
2382 5145 2532 5212 sequi
2592 5144 2813 5199 indicat.
2895 5144 3072 5200 Unum
3129 5148 3361 5218 exempli

1788 5246 1947 5285 causa
1979 5231 2198 5301 profero
2254 5250 2318 5288 ex
2367 5235 2701 5289 Corderiana
2732 5247 2925 5291 catena
2974 5239 3028 5290 in
3080 5236 3364 5293 Joannem.

1783 5322 1968 5377 Exstat
2002 5340 2130 5377 vero
2162 5340 2283 5394 pag.
2315 5325 2434 5389 159,
2488 5328 2577 5380 ubi
2621 5328 2908 5397 exponitur
2970 5330 3268 5385 versiculus
3295 5330 3367 5384 29

1783 5417 1955 5485 quinti
1990 5418 2311 5485 capitis,qui
2347 5428 2427 5472 est
2464 5419 2806 5485 hujusmodi:
2842 5420 3032 5476 Omnes
3053 5423 3215 5488 quiin
3252 5438 3365 5475 mo-

1784 5510 2036 5560 numentis
2066 5520 2204 5567 sunt,
2237 5510 2448 5563 audient
2505 5528 2673 5565 vocem
2710 5511 2840 5566 Filii
2874 5514 2987 5569 D’ei.
3029 5515 3238 5586 Didymi
3260 5529 3361 5567 au-

1785 5604 1894 5651 tem
1920 5601 2078 5653 verba
2114 5600 2302 5655 Latine
2328 5618 2356 5655 a
2396 5602 2654 5658 Cortlcrio
2687 5606 2764 5659 sic
2790 5620 2946 5661 versa
2983 5615 3109 5662 sunt
3136 5626 3147 5661 :
3191 5604 3357 5673 Illud,

1389 5792 1432 5823 "
1462 5792 1601 5849 Psal.
1626 5810 1771 5863 cxtx,
1890 5797 1934 5827 ³⁸
1967 5796 2160 5868 Ephcs.
2200 5818 2233 5865 l,
2272 5800 2325 5868 4,
