3708 6348
428 326 528 387 199

1868 319 1957 375 DE
1993 317 2253 376 DIDYMO

3591 306 3676 363 230

426 464 449 500 s
484 447 675 501 Omnes
714 446 802 516 qui
858 444 915 500 in
953 443 1300 499 monumentis
1336 451 1480 508 sunt,
1505 460 1523 493 ι
1560 442 1695 494 idem
1748 448 1823 492 est
1865 455 1927 492 ac
1967 437 2011 492 si
2042 448 2091 504 Α
2118 438 2273 491 modo
2296 435 2565 504 deposna,
2612 448 2675 489 ac
2709 433 2923 488 demum
2974 433 3170 487 iterum
3211 438 3497 499 assumpta
3528 427 3579 481 in
3605 445 3671 482 re-

428 538 605 591 dicat:
642 536 835 590 Omnes
860 538 1071 591 mortui.
1094 536 1341 604 Alioquin
1370 535 1505 589 enim
1549 548 1728 586 eorum
1754 530 1845 599 qui
1866 548 1899 583 a
1933 530 2013 599 fe-

430 630 500 682 ris
521 632 691 698 igneae
715 630 1007 696 consumpti
1047 637 1192 694 sunt,
1241 642 1459 696 corpora
1509 640 1610 678 non
1669 631 2013 692 resurgerem.

446 716 631 771 Verum
660 718 1080 788 quandoquidem
1115 716 1347 770 omnium
1389 714 1691 767 mortalium
1726 711 1908 780 futura
1948 712 2015 762 sit

434 809 765 875 resurrectio,
814 808 891 861 illi
942 808 1100 862 etiam
1148 822 1352 870 eorum,
1385 805 1475 875 qui
1539 803 1593 856 in
1652 802 2018 857 monumentis

437 912 581 965 Slllll,
610 917 822 954 numero
861 901 1123 953 censendi.
1161 898 1313 964 Quod
1338 898 1383 951 si
1410 896 1784 950 contentiosius
1811 906 2022 949 contra-

438 989 637 1051 dicunt,
668 988 933 1041 sciendum
961 990 1048 1054 iis,
1091 989 1223 1041 sicut
1267 987 1355 1057 qui
1400 986 1534 1039 bona
1570 984 1811 1054 malaque
1833 1000 2019 1051 perpe-

442 1090 670 1147 trarunt,
701 1097 803 1133 non
828 1091 946 1134 sunt
974 1096 1218 1146 corpora,
1241 1094 1357 1148 qua:
1387 1079 1442 1131 in
1471 1078 1817 1131 monumentis
1840 1091 2021 1129 recon-

442 1175 553 1226 dita
578 1182 721 1237 sunt,
753 1173 825 1225 sic
855 1189 1015 1242 neque
1051 1170 1270 1225 Verbum
1307 1170 1689 1239 prohibiturum
1719 1170 1855 1237 ipsos
1895 1186 2026 1238 quo-

446 1265 615 1319 minus
648 1278 863 1327 corpora
907 1281 1001 1316 sua
1033 1263 1138 1333 igni
1190 1264 1355 1315 aliaue
1402 1262 1602 1314 ratione
1648 1262 1920 1328 absumpta
1946 1269 2026 1313 re-

450 1366 680 1409 sumant.
708 1355 843 1421 Quid
874 1355 1116 1409 clarius?
1162 1352 1277 1407 Non
1310 1353 1564 1418 anherea,
1608 1367 1712 1406 non
1760 1352 2024 1420 sphrerica

445 1457 818 1514 assumpturos
848 1462 947 1499 nos
983 1460 1106 1500 esse
1131 1445 1261 1499 dicit
1291 1460 1539 1513 corpora,
1595 1444 1690 1497 sed
1732 1443 1801 1496 τὰ
1829 1443 1960 1513 πυρὶ
1990 1441 2023 1513 ἢ

446 1536 619 1599 ἄλλως
648 1536 1017 1605 ἁναλωθέντα,
1068 1537 1118 1591 id
1147 1546 1232 1592 est
1264 1552 1324 1590 ea
1357 1537 1470 1607 ipsa
1510 1551 1630 1605 qua:
1673 1545 1803 1590 ante
1825 1538 2028 1589 obitum

448 1631 807 1694 habebamus,
834 1630 937 1684 etsi
976 1631 1112 1683 forte
1149 1628 1217 1682 ab
1251 1628 1398 1699 igne,
1433 1637 1529 1682 ant
1560 1627 1666 1682 alia
1710 1639 2031 1682 ouacunoue

452 1723 666 1777 ratione
687 1723 974 1788 absumpta
1011 1721 1234 1776 fuerint.

2117 528 2477 585 surrectione.

2188 617 2291 672 Sed
2320 618 2493 687 pergit
2515 616 2655 686 loqui
2682 614 2941 686 Didymus
2967 616 3020 669 in
3050 618 3193 669 hutic
3214 616 3428 669 modum
3457 630 3472 666 :
3500 611 3560 667 Si
3584 616 3676 680 quit

2116 727 2235 764 vero
2261 712 2370 763 Itwc
2398 725 2462 762 ex
2508 725 2729 777 persona
2759 708 2979 761 Davidis
3017 708 3121 760 dici
3183 708 3453 774 opinatur,
3496 706 3676 757 desinat

2117 818 2227 856 sese
2255 800 2631 868 simpliciorum
2652 800 2920 853 sententia:
2941 799 3004 853 de
3028 799 3401 852 resurrectione
3422 812 3676 863 opponere.

2122 894 2370 960 Quamuis
2392 894 2527 946 enim
2553 892 2608 944 lii
2646 892 3001 945 demonstrare
3030 895 3097 943 ad
3141 890 3348 943 oculum
3380 906 3486 942 non
3511 891 3676 955 possim

2120 984 2260 1053 quod
2288 983 2506 1036 credunt
2523 995 2545 1046 ,'
2601 982 2684 1047 pie
2726 990 2899 1033 tamen
2946 997 3000 1034 se
3025 989 3231 1048 gerunt,
3262 996 3377 1033 cum
3406 980 3563 1032 aiunt
3587 996 3676 1032 car-

2124 1091 2238 1129 nem
2287 1090 2575 1144 resurgere,
2616 1084 2668 1126 ut
2703 1072 2937 1142 spiritale
2987 1082 3037 1127 et
3072 1072 3466 1139 incorruptibile
3523 1089 3676 1138 carpta

2124 1168 2221 1220 sit.
2253 1167 2384 1218 sicut
2417 1166 2552 1219 enim
2575 1175 2812 1217 mortuus
2841 1164 2930 1233 qui
2954 1165 3198 1234 resurgit,
3218 1175 3331 1233 post
3365 1168 3676 1218 resurrectio

2129 1274 2244 1311 nem
2268 1257 2410 1312 vivus
2439 1265 2534 1321 est,
2560 1273 2661 1309 non
2689 1272 2805 1310 vero
2829 1265 3104 1320 mortuus;
3130 1258 3202 1308 ita
3223 1272 3345 1311 caro
3396 1258 3676 1311 resuscitat:

2127 1359 2240 1417 post
2272 1348 2705 1401 resurrectionem
2736 1346 2974 1412 spiritale
3021 1358 3067 1400 et
3100 1347 3501 1416 incorruptibile
3523 1363 3676 1414 corpu:

2129 1446 2234 1492 est.
2264 1436 2401 1490 Huic
2436 1447 2615 1491 autem
2644 1437 2763 1489 loco
2787 1450 2892 1488 non
2917 1437 3191 1491 dissimilis
3221 1447 3304 1491 est
3339 1438 3503 1499 alter,
3538 1438 3619 1504 qui
3650 1454 3675 1489 ιι

2129 1530 2390 1583 extremis
2422 1528 2863 1583 enarrationibus
2906 1526 3121 1595 legitur,
3173 1540 3225 1583 et
3255 1538 3341 1583 est
3373 1529 3669 1595 hnjusmodi

2135 1640 2154 1672 ι
2180 1620 2451 1689 Scriptum
2475 1622 2783 1692 namquede
2809 1621 3109 1691 hnjusmodi
3134 1621 3293 1689 justis
3312 1630 3394 1675 est
3415 1621 3671 1688 (Daan:

2130 1710 2227 1780 5):
2262 1709 2562 1781 Fulgebunt
2613 1711 2748 1765 sicut
2778 1713 2990 1766 claritas
3042 1712 3379 1780 ﬁrmamenti,
3422 1720 3474 1763 et
3528 1712 3675 1763 intelli

533 1811 786 1882 Superest
818 1812 999 1882 itaque
1022 1820 1257 1875 tantum,
1290 1817 1349 1864 ut
1372 1808 1577 1878 potiora
1605 1809 1850 1878 quaedam
1878 1808 2042 1878 Didy-
2074 1809 2116 1866 Β
2143 1815 2318 1876 gentes
2363 1816 2514 1859 erunt
2546 1806 2677 1859 sicut
2706 1815 2872 1859 astra.
2926 1804 3213 1875 Propterea
3254 1819 3493 1873 namque
3544 1815 3675 1858 sanet

456 1903 528 1957 mi
560 1905 674 1957 loca
728 1904 914 1958 lectori
946 1902 1263 1967 exhibeam,
1291 1910 1349 1956 ut
1375 1900 1621 1971 judicare
1649 1910 1832 1967 cueat,
1862 1912 2043 1957 utrum

456 1995 753 2049 orthodoxa
787 1994 915 2059 sint,
949 2008 1138 2049 necne.

526 2086 766 2141 Primum
802 2087 1026 2141 desumo
1051 2100 1115 2140 ex
1149 2083 1351 2138 Hiceta:
1375 2093 1565 2139 catena
1592 2084 1646 2136 in
1670 2081 1888 2149 Jobum,
1916 2098 2040 2154 pag.

460 2177 583 2239 187,
619 2176 809 2231 Grmca
866 2187 1046 2232 tamen
1079 2175 1244 2232 verba
1304 2175 1562 2229 amittens
1589 2175 1873 2230 brevitatis
1889 2190 2028 2246 ergo

460 2284 525 2323 ac
554 2284 617 2322 ea
647 2268 837 2322 Latine
872 2277 1108 2335 tantum,
1150 2267 1243 2322 sed
1292 2266 1543 2332 ﬁdeliter,
1594 2275 1647 2320 et
1674 2268 1740 2320 ad
1772 2267 1988 2321 verbum
2014 2282 2044 2320 a

462 2376 547 2416 me
569 2374 825 2415 conversa
858 2359 1113 2415 ail‘erens.
1159 2359 1411 2428 Explicat
1456 2359 1526 2413 ibi
1560 2359 1814 2431 Didymus
1843 2373 2042 2413 nonmn

463 2455 840 2525 decimamque
876 2453 1202 2508 versiculum
1238 2452 1453 2522 septimi
1501 2453 1716 2520 capitis,
1747 2453 1833 2507 ubi
1858 2452 2043 2507 Graeca

464 2547 745 2601 translatio
791 2548 903 2601 lnec
941 2546 1102 2600 habet
1153 2562 1168 2599 :
1212 2544 1274 2600 Si
1295 2546 1433 2598 enim
1458 2546 1610 2598 homo
1646 2546 1963 2601 descenderit
1990 2546 2042 2598 in

463 2636 750 2704 infernum,
789 2653 891 2689 non
923 2635 1145 2704 amplius
1169 2634 1430 2699 ascendet,
1480 2649 1641 2704 neque
1686 2636 2045 2689 reverteturin

464 2726 731 2799 propriam
768 2726 1003 2790 domum,
1052 2740 1213 2795 neque
1238 2732 1479 2794 agnoscet
1505 2740 1622 2777 eum
1656 2725 1879 2793 amplius
1900 2724 2044 2778 locus

465 2819 601 2888 ejus.
640 2818 770 2886 Quae
799 2820 925 2871 dum
963 2820 1206 2887 exponit,
1242 2819 1319 2872 sic
1363 2816 1598 2885 loquitur
1632 2833 1646 2869 :
1676 2817 1783 2870 Alii
1822 2834 1940 2871 vero
1969 2820 2046 2871 di-

466 2922 585 2965 cunt
616 2926 635 2963 :
669 2909 791 2963 Non
817 2921 869 2962 ut
913 2922 1055 2979 neget
1084 2911 1511 2965 resurrectionem
1566 2906 1798 2980 (Johns),
1828 2909 1938 2963 hac
1964 2909 2045 2961 di-

471 3007 537 3057 cit
567 3018 585 3057 :
616 3002 705 3056 sed
736 3004 810 3056 ita
848 3003 1082 3070 loquitur
1113 3004 1337 3071 primum
1369 3003 1575 3073 quidem
1621 3012 1674 3053 ut
1701 3000 1933 3053 homines
1958 3016 2046 3052 ca-

471 3097 631 3148 ducos
665 3110 777 3147 esse
798 3109 859 3146 ac
880 3094 1073 3146 debiles
1100 3097 1336 3146 ostendat
1368 3108 1387 3146 :
1419 3093 1604 3146 deinde
1626 3091 1749 3159 quia
1776 3092 1862 3159 qui
1890 3089 2045 3143 semel

2145 1907 2493 1967 resurgentes
2530 1913 2563 1952 a
2610 1897 2835 1953 mortuis
2898 1913 3020 1953 cum
3057 1896 3454 1965 incorruptibili
3496 1905 3550 1950 et
3600 1898 3676 1965 spi.

2146 1989 2325 2043 rituali
2369 2004 2619 2058 corpore,
2666 1988 2798 2044 solis
2846 1998 2900 2043 et
2947 1990 3103 2055 lunae,
3139 1999 3192 2042 et
3244 1989 3488 2044 siderum
3539 1986 3676 2058 gloria

2146 2092 2550 2150 comparantur.
2577 2099 2596 2134 ι
2658 2080 2819 2137 Hisce
2869 2094 3048 2137 autem
3084 2083 3135 2136 in
3182 2082 3313 2137 locis
3337 2080 3454 2154 [LI]
3485 2084 3604 2134 dum
3628 2097 3675 2136 re

2148 2176 2482 2245 surgentium
2549 2190 2774 2245 corpora
2861 2176 3121 2245 spiritalia
3187 2186 3233 2231 et
3293 2174 3676 2240 incorruptibilit

2155 2279 2335 2331 vocat,
2362 2268 2582 2337 respicit
2611 2273 2727 2323 sine
2774 2270 2936 2323 dubio
2982 2267 3130 2321 Pauli
3163 2268 3320 2321 verba
3362 2285 3377 2321 :
3420 2266 3671 2321 Seminatu

2148 2377 2336 2428 corpus
2371 2360 2619 2423 animule,
2668 2370 2898 2429 resurget
2923 2376 3109 2429 corpus
3135 2360 3365 2428 spiritale
3381 2361 3453 2416 ³⁸.
3483 2359 3676 2429 ltetnqm

2146 2450 2239 2503 illa
2275 2467 2288 2503 :
2327 2450 2391 2503 Et
2419 2453 2610 2505 mortui
2645 2460 2914 2522 resurgent
2939 2450 3226 2520 incorrupti
3256 2452 3325 2506 ⁵⁷.

2218 2542 2590 2614 SuSpicionem
2640 2554 2819 2598 tamen
2867 2544 3049 2609 alicui,
3083 2560 3147 2598 ne
3189 2546 3317 2613 quid
3357 2543 3672 2598 dissimu.em

2148 2649 2365 2688 movere
2403 2643 2578 2703 potest
2602 2635 2742 2703 quod
2776 2650 2986 2688 carnem
3010 2649 3039 2688 a
3072 2651 3286 2703 corpore
3322 2635 3491 2689 veluti
3528 2635 3675 2688 distin

2147 2741 2309 2796 gnere
2334 2728 2574 2780 videatur
2607 2727 2880 2797 Didymus,
2912 2730 3035 2781 dum
3068 2730 3162 2796 ait,
3195 2745 3403 2781 carnem
3432 2745 3676 2797 resurgere

2148 2828 2202 2870 ut
2252 2816 2488 2885 spiritale
2538 2828 2589 2871 et
2644 2819 3037 2887 incorruptibile
3083 2837 3268 2888 corpus
3326 2822 3419 2873 sit.
3461 2819 3676 2875 Joannen

2146 2912 2290 2964 enitn
2321 2910 2834 2982 Jerosolymitannm
2867 2913 3144 2981 redarguit
3185 2912 3563 2983 Hieronymus,
3582 2927 3676 2980 QUOl

2148 3004 2213 3056 de
2250 3012 2584 3057 mortuorum
2622 3006 3017 3059 resurrectione
3069 3006 3311 3074 loquens,
3340 3007 3590 3074 corporis,
3613 3022 3676 3057 n01

2148 3094 2318 3146 carnis
2346 3094 2609 3149 vocabulo
2640 3112 2771 3150 usus
2803 3107 2949 3150 esset
2978 3115 2991 3149 :
3027 3112 3090 3151 ex
3132 3112 3241 3167 quo
3275 3098 3462 3160 infert,
3496 3114 3609 3150 eum
3644 3099 3676 3148 ἀι

471 3197 705 3240 mortuus
731 3196 824 3249 est,
852 3186 905 3238 in
935 3184 1067 3237 hanc
1099 3184 1487 3254 corruptibtlem
1513 3186 1675 3237 vitam
1698 3199 1799 3236 non
1828 3195 2044 3237 reverte-
2070 3178 2111 3235 C
2147 3186 2542 3240 resurrectione
2602 3188 2740 3241 idem
2790 3204 2911 3243 cum
2970 3188 3198 3260 Origene
3268 3192 3532 3244 sensisse.
3579 3192 3676 3241 Alia

473 3288 578 3344 tur,
615 3295 773 3350 neque
798 3278 1074 3347 quisquam
1104 3277 1273 3343 ipsum
1323 3277 1512 3330 uidebit
1552 3292 1611 3329 ea
1638 3275 1913 3344 facientem
1932 3290 2048 3344 qua:

472 3371 646 3439 facere
670 3378 1028 3424 consueverat.
1058 3368 1243 3440 Itaque
1264 3370 1427 3424 verbis
1458 3370 1586 3431 illis,
1631 3386 1650 3419 ι
1678 3367 1798 3423 Non
1826 3369 2048 3436 amplius

472 3464 714 3517 ascendet
738 3478 802 3515 ex
832 3460 1059 3528 inferno,
1086 3477 1104 3512 ι
1161 3460 1526 3531 canjungenda
1569 3470 1688 3512 sunt
1736 3462 1886 3512 verba
1915 3458 2047 3522 hwc,

482 3575 500 3607 ε
530 3554 595 3608 1η
624 3555 886 3621 prapriam
950 3555 1161 3606 domum
1207 3569 1309 3605 non
1359 3562 1659 3605 revertetur.
1687 3570 1706 3602 ι
1759 3549 1827 3604 Ut
1870 3568 2049 3604 sensus

475 3650 583 3702 sit:
607 3646 851 3715 Resurget
874 3645 1102 3715 quidem,
1160 3661 1262 3698 non
1293 3653 1572 3697 revertetur
1608 3654 1780 3696 tamen
1822 3644 1878 3696 in
1901 3658 2051 3696 suam

475 3734 706 3788 domum.
737 3732 839 3788 Sed
878 3732 1160 3803 probabilis
1181 3735 1388 3803 quidem
1425 3746 1496 3786 est
1521 3732 1630 3785 haec
1658 3733 2049 3801 interpretatio;

476 3826 643 3881 verior
685 3837 860 3878 autem
916 3835 991 3879 est
1042 3827 1187 3894 prior
1229 3824 1344 3888 illa,
1392 3825 1530 3894 quod
1562 3838 1741 3891 nempe
1780 3824 2050 3893 ignorabat

473 3916 883 3988 justus(.lobus)
930 3918 1047 3988 quae
1073 3916 1325 3985 pertinent
1373 3917 1440 3969 ad
1495 3916 1945 3970 resurrectionem.
1975 3914 2052 3969 lta

478 4008 757 4078 Didymus,
791 4007 943 4073 nihil,
973 4017 1029 4061 ut
1063 4009 1276 4078 opinor,
1316 4006 1608 4073 allii-muns
1635 4008 1775 4077 quod
1798 4006 2054 4061 Ecclesia:

480 4100 741 4153 doctrinae
788 4101 853 4152 de
898 4114 1188 4167 corporum
1243 4098 1640 4154 resurrectione
1688 4100 2049 4154 adversetur:

479 4191 579 4245 etsi
608 4204 672 4244 ex
701 4190 929 4254 duabus,
958 4205 1092 4257 quas
1120 4189 1341 4253 indicat,
1370 4190 1903 4259 interpretationibus
1931 4204 2053 4245 eam

485 4281 742 4350 amplecti
776 4281 1047 4347 videatur,
1070 4296 1190 4351 qua:
1224 4281 1401 4335 minus
1433 4283 1727 4350 probabilis
1750 4292 1853 4336 est.

552 4373 704 4427 Alter
752 4373 907 4427 locns
956 4372 1151 4442 legitur
1181 4382 1311 4426 tom.
1338 4371 1401 4425 IV
1433 4373 1818 4427 Anecdotorum
1848 4372 2049 4428 Wolﬁi.

481 4465 651 4520 Alfert
703 4466 772 4520 ihi
825 4465 1082 4536 Didymus
1128 4481 1193 4520 ex
1252 4481 1396 4521 vers.
1444 4464 1515 4520 26
1562 4466 1756 4535 capitis
1802 4482 1841 4523 ιι
1891 4467 2055 4521 Acto-

1174 4556 1396 4622 Insuper
1430 4566 1479 4611 et
1526 4574 1647 4611 caro
1697 4575 1809 4612 mea
1858 4560 2058 4629 requie-

482 4658 587 4701 scet
612 4647 746 4715 (sive
771 4646 1049 4715 habitabit)
1078 4647 1129 4700 in
1167 4663 1255 4711 spe
1279 4662 1298 4699 :
1329 4661 1438 4699 tum
1475 4647 1586 4702 hrec
1609 4647 1901 4717 subjungit,
1937 4664 2056 4717 quae

485 4737 665 4793 Woltii
700 4738 1105 4791 translationem
1131 4753 1159 4791 a
1194 4754 1279 4791 me
1310 4739 1505 4794 alicubi
1544 4739 1772 4795 ﬁdeliter
1800 4742 2057 4795 emenda-

483 4842 590 4884 tum
628 4846 861 4901 sequens
913 4830 1102 4885 affero.
1164 4832 1427 4896 Quoniam
1479 4831 1655 4897 Jesus,
1700 4833 1756 4885 in
1804 4843 2055 4900 quantum

482 4937 699 4977 mortem
731 4926 909 4989 subiit,
965 4941 1195 4989 carnem,
1244 4941 1401 4990 quam
1457 4925 1643 4979 salutis
1671 4935 1863 4980 nostra:
1894 4941 2056 4981 causa

482 4573 601 4611 rum
659 4556 819 4611 verba
875 4556 1066 4611 Psaltis
1110 4578 1122 4613 :

484 5025 855 5082 assumpserat,
879 5015 1142 5082 deposuit,
1172 5026 1225 5067 ut
1256 5031 1369 5067 eam
1396 5016 1548 5068 tertia
1580 5014 1663 5067 die
1689 5028 1754 5068 ea:
1782 5026 1946 5067 morte
1970 5030 2054 5067 re-

488 5106 793 5168 suscitaret;
844 5107 1026 5160 merito
1055 5109 1189 5160 lianc
1211 5107 1291 5160 sui
1325 5108 1487 5176 ipsius
1528 5123 1732 5159 carnem
1762 5106 1814 5159 in
1850 5124 1935 5175 spe
1963 5106 2058 5159 Ita-

486 5198 674 5251 Ditasse
696 5200 851 5262 dicit;
900 5202 961 5252 ob
988 5200 1421 5266 exspectationem
1472 5198 1666 5252 scilicet
1700 5197 1834 5269 [sive
1890 5198 2055 5270 spent]

481 5288 895 5346 resurrectionis.
934 5286 1202 5341 Hactenus
1234 5288 1486 5358 Didymus
1516 5287 1646 5341 nihil
1674 5287 1801 5341 dicit
1833 5302 1935 5341 non
1965 5302 2056 5340 or-

478 5378 779 5431 .thodoxum
839 5396 851 5433 :
884 5378 1026 5430 nulla
1069 5378 1157 5433 hic
1217 5380 1418 5432 mentio
1450 5380 1697 5443 aetherei,
1733 5379 2057 5446 Sphaeririve

483 5471 749 5538 corporis,
778 5471 869 5524 sed
892 5470 1051 5524 unius
1091 5480 1293 5523 tantum
1326 5472 1675 5539 ejusdemque
1706 5472 1909 5535 carnis,
1941 5488 2059 5541 quae

486 5563 718 5634 primum
750 5578 779 5615 a
834 5562 1059 5617 Domino
1088 5571 1361 5632 assumpta
1418 5560 1604 5628 fuerit,
1643 5571 1753 5618 tum
1802 5567 2061 5634 quodam-

558 5761 646 5819 ⁸⁸1
684 5762 807 5817 Cor.
838 5780 926 5830 xv,
966 5765 1053 5818 Η.
1131 5764 1321 5819 "ibid.
1354 5765 1441 5820 5‘3.

2152 3276 2361 3344 inquit,
2413 3278 2606 3342 carnis,
2668 3279 2779 3333 alia
2826 3281 3060 3349 corporis
3109 3281 3341 3349 deﬁnitio
3396 3293 3521 3337 est:
3558 3284 3676 3336 omni

2151 3380 2275 3420 caro
2303 3376 2378 3420 est
2414 3384 2619 3438 corpus,
2655 3386 2757 3423 non
2788 3387 2938 3424 omne
2975 3387 3161 3440 corpus
3199 3383 3271 3423 est
3310 3389 3459 3425 caro.
3494 3373 3619 3426 Caro
3638 3389 3676 3423 es

2149 3458 2357 3524 proprie
2384 3462 2500 3528 qua:
2527 3460 2779 3528 sanguine
2800 3501 2814 3521 ,
2856 3462 3017 3524 venis,
3052 3462 3273 3520 ossibus.
3304 3464 3573 3532 nervisque
3598 3480 3675 3514 con

2151 3550 2446 3619 stringitur.
2487 3549 2689 3620 Corpus
2712 3569 3007 3623 quanquam
3041 3564 3088 3607 et
3123 3571 3250 3607 caro
3289 3555 3524 3617 dicatur,
3559 3556 3672 3607 inter

2152 3644 2276 3693 dum
2336 3652 2509 3696 tamen
2557 3642 2877 3709 (ethereum,
2932 3643 3007 3697 uel
3060 3662 3267 3698 aereum
3326 3649 3676 3701 nominatur...

2166 3730 2337 3795 Vides,
2374 3750 2466 3787 nos
2505 3735 2796 3805 intelligere
2825 3736 3140 3790 subtilitates
3176 3747 3393 3802 uestras,
3429 3750 3479 3793 et
3509 3755 3676 3791 arcana

2151 3840 2268 3894 qua:
2304 3826 2360 3879 in
2391 3827 2665 3894 cubiculis,
2696 3839 2744 3882 et
2790 3831 2925 3883 inter
2954 3832 3208 3899 perfectos
3240 3832 3578 3898 loquimini...
3611 3830 3673 3882 Pa

2155 3924 2221 3969 tet
2252 3932 2414 3986 quare
2450 3920 2703 3987 corporis,
2733 3930 2779 3973 et
2827 3937 2927 3974 non
2970 3924 3145 3975 carnis
3179 3926 3598 3975 resnrrectimiem
3632 3922 3675 3972 di

2152 4008 2289 4058 xeris
2319 4021 2338 4060 :
2368 4007 2563 4062 scilicet
2596 4020 2651 4062 ut
2696 4026 2788 4063 nos
2824 4013 2978 4065 rudes
3032 4029 3236 4066 carnem
3286 4024 3333 4066 te
3364 4016 3537 4066 dicere
3576 4028 3676 4077 pum

2154 4112 2325 4150 remus
2352 4099 2406 4151 in
2439 4114 2671 4167 corpore,
2714 4111 2760 4154 et
2796 4102 2851 4155 lii
2894 4103 2986 4170 qui
3042 4104 3254 4172 perfecti
3291 4115 3439 4165 sunt,
3475 4104 3676 4171 intellig:

2156 4199 2265 4241 rent
2293 4205 2502 4243 carnem
2529 4191 2581 4243 in
2604 4207 2816 4260 corpore
2864 4194 3147 4263 denegari..
3191 4193 3256 4248 In
3277 4193 3520 4264 Symbalo
3535 4195 3676 4264 ﬁdet.

2155 4296 2304 4334 omne
2337 4279 2625 4337 Christiani
2665 4285 2922 4354 dogmatis
2978 4298 3381 4353 sacramentum,
3422 4288 3596 4342 carnis
3630 4300 3675 4339 re

2156 4373 2491 4427 surrectione
2524 4374 2874 4428 concluditur.
2926 4374 2989 4429 Et
3016 4387 3073 4429 tu
3101 4378 3359 4431 intantum
3386 4381 3447 4432 in
3477 4379 3676 4446 corporis

2159 4469 2208 4514 et
2235 4462 2421 4514 iterum
2449 4464 2707 4531 corporis,
2733 4473 2783 4518 et
2818 4466 2973 4519 tertia
3016 4469 3271 4536 corporis,
3297 4478 3343 4521 et
3372 4485 3535 4536 usque
3558 4468 3676 4521 noris

2160 4554 2393 4619 corporis
2421 4553 2495 4606 uel
2523 4569 2780 4620 sermone,
2807 4555 2883 4609 vel
2921 4572 3136 4611 numero
3170 4560 3493 4623 immoraris,
3527 4576 3608 4613 nec
3636 4575 3676 4611 se

2162 4644 2262 4698 mel
2318 4645 2597 4698 nominans
2630 4661 2860 4700 carnem.
2905 4647 3028 4704 Haec
3079 4649 3446 4722 Hieronymus
3489 4653 3676 4704 aduersu

2160 4736 2442 4806 Joannem,
2477 4753 2598 4807 quae
2635 4739 2689 4793 in
2734 4740 3020 4811 Didymum
3059 4743 3221 4796 etiam
3255 4743 3545 4797 convenire
3573 4758 3676 4812 poss

2161 4841 2382 4886 censeat
2401 4832 2547 4901 quis.

2233 4918 2435 4977 Verum
2455 4931 2741 4995 antequam
2760 4924 3043 4997 Didymum
3061 4926 3303 4991 damnes,
3317 4925 3508 4995 lector,
3523 4941 3675 4996 :eqmn

2160 5024 2267 5079 eet,
2299 5015 2479 5070 uthch
2509 5019 3676 5087 quoqueauimadvertas:primo,resuscitaio

2166 5120 2284 5159 rum
2307 5120 2532 5175 corpora
2551 5122 2651 5161 nec
2671 5123 2852 5170 aerea,
2870 5124 2967 5163 nec
2988 5108 3243 5171 aetherea,
3270 5124 3373 5163 nec
3398 5109 3671 5177 spluericaa

2164 5194 2285 5265 ipso
2321 5196 2409 5252 hic
2434 5197 2561 5262 dici,
2592 5212 2693 5252 nec
2724 5198 2873 5263 alibi,
2900 5198 3044 5266 quod
3080 5198 3281 5263 sciam;
3337 5199 3587 5262 secundo,
3611 5198 3675 5249 ha?

2165 5286 2335 5342 multo
2356 5304 2481 5343 ante
2514 5290 2748 5344 dictasse
2776 5288 3085 5360 Didymum,
3114 5304 3273 5361 quam
3307 5289 3552 5344 subtilem
3572 5290 3669 5341 ista!

2164 5380 2346 5435 carnis
2383 5397 2411 5434 a
2434 5396 2663 5453 corpore
2690 5384 3089 5439 distinctionem
3118 5385 3451 5455 exposuisset
3471 5383 3675 5447 Hierony

2166 5486 2304 5537 mus,
2326 5487 2746 5545 suspectumque
2778 5475 3099 5531 reddidisset
3127 5478 3355 5545 corporis
3384 5472 3670 5529 vocabulum

2168 5564 2351 5633 tertio,
2396 5567 2515 5624 ideo
2551 5567 2784 5625 fortasse
2828 5570 3071 5638 corporis
3116 5569 3312 5637 potius,
3352 5583 3509 5638 quam
3548 5564 3675 5621 carni

2090 4520 2133 4575 D
