3708 6304
183 310 272 366 ‘20!

1332 325 1903 383 COMMENTARIUS.
1946 364 2014 372 —
2050 336 2180 394 LIB.
2221 340 2286 394 ll.

3298 361 3405 416 202

181 433 385 486 nomine
418 449 573 488 usum
604 451 725 492 esse
764 439 1068 510 theologum
1112 454 1380 512 nostrum,
1412 449 1551 517 quod
1596 447 1735 501 Pan-
1764 449 1812 504 Α
1842 453 2081 510 turbatos
2122 458 2287 513 fuisse
2322 463 2396 515 ait
2420 464 2558 531 apud
2590 464 2841 521 Wolliitm
2884 478 3029 527 tomo
3072 474 3138 529 IV
3170 478 3403 532 Anecdo-

178 524 255 574 lus
279 524 441 577 citato
476 525 530 578 in
574 525 693 581 loco
721 528 937 598 dixerit,
969 548 1194 603 resurget
1248 552 1431 604 corpus
1480 539 1730 604 spiritale.

176 612 442 668 Postremo
473 618 855 685 simpliciorum
890 627 1207 681 sententiam
1238 629 1448 684 defendi
1483 631 1568 686 hic
1599 647 1626 685 a
1654 632 1739 687 Di-

176 705 357 773 dyino;
399 704 727 775 Origeuistis
774 722 954 768 autent
1000 715 1053 769 in
1097 733 1245 773 more
1275 719 1505 788 positum
1545 720 1731 784 fuisse.

173 805 227 849 ut
256 812 356 849 non
393 797 629 867 seipsos,
657 802 749 856 sed
776 805 1082 861 Catholicos
1112 810 1426 878 simplicium
1459 813 1611 868 titulo
1637 816 1735 868 do-

174 897 373 951 narent,
401 898 460 941 ut
492 893 697 946 centies
728 895 928 950 indicat
964 897 1344 971 llieronymus.

234 975 379 1032 Nunc
409 980 533 1033 bina
571 983 675 1037 alia
706 988 978 1043 coronidis
1026 989 1146 1045 loco
1185 993 1492 1050 exscribere
1520 1010 1728 1065 possem

175 1063 366 1135 Didymi
394 1068 459 1123 de
482 1077 877 1130 resurrectione
893 1076 1191 1147 fragmenta
1218 1085 1284 1137 ab
1311 1063 1731 1157 llierongmoal-

174 1157 267 1211 lata
300 1160 348 1213 in
390 1163 616 1229 epistola
664 1167 790 1232 Hi),
818 1171 887 1222 ad
918 1171 1233 1227 Minervium
1269 1188 1316 1230 et
1347 1179 1725 1234 Alexandrum.

176 1248 269 1304 Sed
294 1266 417 1306 cum
442 1257 597 1312 valde
636 1258 790 1328 longa
824 1263 954 1328 sint,
987 1264 1234 1334 nihilque
1284 1268 1335 1323 in
1371 1270 1450 1324 eis
1496 1273 1724 1339 dicatur,

173 1344 300 1410 quod
327 1360 385 1400 se
426 1359 573 1403 recte
605 1366 710 1406 non
740 1353 956 1421 habeat,
1010 1359 1178 1414 satius
1207 1360 1344 1415 duco
1374 1362 1462 1417 illa
1506 1376 1727 1433 praeter-

176 1437 405 1503 mittere;
459 1442 592 1496 satis
665 1447 808 1499 enim
858 1462 924 1502 ex
974 1449 1058 1503 his
1113 1466 1232 1520 quae
1285 1454 1541 1511 hactenus
1593 1460 1721 1522 dixi,

174 1537 407 1582 constare
438 1529 670 1596 videtur,
703 1544 920 1592 rectene
946 1537 1207 1609 Didymus
1238 1544 1302 1597 de
1330 1548 1508 1600 carnis
1543 1562 1723 1602 resur-

175 1618 400 1673 rectione
430 1624 687 1689 senserit,
719 1640 786 1680 an
813 1642 990 1685 secus.

285 1729 410 1784 Car.
437 1731 550 1787 XII.
582 1735 659 1789 De
696 1753 968 1824 pa’narum
1010 1744 1236 1808 reprobis
1278 1747 1595 1817 inﬂictarum

784 1820 1089 1866 aternitate.

230 1888 372 1952 Quod
406 1906 534 1946 vero
588 1898 821 1963 pertinet
854 1901 919 1952 ad
963 1917 1236 1969 prunarum
1285 1906 1614 1965 daemonibus
1658 1929 1720 1969 ac

172 1978 394 2045 reprobis
445 1980 768 2038 indictarum
818 1993 1195 2058 aeternitatem,
1241 1996 1371 2052 nihil
1433 2001 1495 2053 iis
1527 2003 1721 2057 addere

170 2080 369 2121 necesse
397 2084 502 2131 est,
563 2088 679 2142 quae
702 2076 810 2145 jam
838 2079 944 2133 dixi
983 2096 1103 2152 pag.
1136 2085 1258 2147 151.
1308 2097 1443 2153 uot.,
1494 2090 1719 2161 aliisque

168 2157 211 2207 in
239 2160 373 2211 notis
401 2161 595 2215 ibidem
627 2165 896 2223 indicatis.
922 2170 1050 2225 Nam
1084 2175 1234 2242 plura
1280 2180 1496 2246 quidem
1525 2157 1711 2237 aliain

161 2245 357 2318 Didymi
396 2255 615 2322 Scriptis
641 2257 818 2313 inveni
852 2262 990 2329 loca,
1023 2265 1073 2317 in
1119 2245 1313 2335 quibus
1346 2270 1537 2326 inferni
1592 2289 1715 2344 sup-

156 2343 302 2409 plicia
332 2356 537 2400 aeterna
563 2350 801 2418 diceret;
838 2356 930 2408 sed
968 2371 1035 2410 ne
1086 2375 1248 2412 unum
1276 2364 1490 2429 quidem
1536 2366 1715 2422 hacte-

157 2449 248 2487 nus
275 2438 470 2504 reperi,
509 2440 596 2493 ubi
636 2456 698 2494 ea
734 2448 1063 2513 sempiterna
1095 2449 1211 2503 fore
1249 2453 1598 2511 inliciuretur.

602 2531 731 2587 CAP.
765 2533 896 2589 Xlll.
924 2536 999 2591 De
1031 2540 1252 2609 angelis.

216 2615 345 2670 Cum
406 2618 548 2674 haud
602 2636 769 2691 pauca
824 2628 890 2681 de
938 2631 1142 2696 angelis
1185 2632 1239 2686 in
1290 2632 1522 2706 Didyme
1570 2639 1707 2707 loca,

152 2720 309 2775 eaque
331 2721 427 2763 aut
456 2713 952 2783 animadversionis,
980 2729 1068 2774 aut
1101 2736 1342 2779 censura:
1370 2727 1529 2797 digna
1557 2731 1707 2787 vide-

151 2800 266 2863 rim,
302 2814 483 2871 opera:
511 2806 744 2873 pretium
777 2809 1062 2865 eritsimul
1095 2812 1183 2867 hic
1204 2816 1408 2880 omnia,
1442 2820 1528 2873 vel
1558 2833 1707 2879 certe

152 2892 421 2955 potissima
457 2892 646 2949 lectori
675 2897 936 2966 indicare,
967 2916 1076 2972 quo
1102 2902 1315 2960 facilius
1337 2907 1512 2964 valeat
1540 2911 1707 2983 ipsius

150 2977 240 3029 hac
264 2979 332 3033 de
359 2995 421 3034 re
450 2985 599 3037 omni
625 2986 965 3054 opinationes
987 3006 1333 3062 cognoscere.

208 3068 386 3125 l'rimo
421 3071 605 3142 itaque
661 3076 834 3146 ipsum
883 3080 935 3135 in
982 3098 1044 3137 ea
1094 3084 1260 3142 fuisse
1301 3091 1545 3159 suspicor
1584 3096 1700 3165 opi-

147 3158 314 3222 nione,
348 3173 411 3217 ut
444 3166 621 3234 angeli
653 3183 756 3222 non
787 3171 934 3225 omni
967 3176 1186 3230 omnino
1215 3194 1439 3247 corpore
1462 3177 1701 3241 destituti

143 3250 261 3312 sint,
305 3254 401 3307 sed
453 3270 705 3326 respectu
753 3275 993 3317 nostrum
1030 3272 1404 3326 tantummodo
1455 3275 1703 3332 dicantur

140 3342 441 3411 incorporei.
480 3348 677 3404 Verum
729 3357 862 3409 satis
901 3357 965 3411 de
998 3358 1100 3414 hoc
1134 3360 1247 3415 dixi
1281 3364 1332 3417 in
1364 3366 1591 3435 epistola
1634 3370 1700 3424 ad

141 3436 606 3500 prteclarissimum
641 3447 920 3511 praesulem
965 3448 1225 3506 Joannem
1266 3457 1578 3516 A‘rchintum
1603 3461 1699 3533 la).

201 3529 472 3593 Secundo,
493 3533 662 3588 bonos
690 3538 912 3605 angelos
938 3542 1227 3607 proborum
1260 3546 1555 3615 hominum,
1586 3568 1700 3606 ma-

138 3618 207 3670 los
235 3635 357 3674 vero
390 3624 761 3692 improborum
793 3631 1043 3687 custodes
1069 3646 1190 3689 esse
1218 3638 1397 3705 docet,
1425 3641 1472 3694 si
1512 3653 1699 3698 auctor

138 3707 238 3773 ipse
265 3711 553 3780 fragmenti
579 3726 684 3783 est,
719 3723 860 3787 quod
890 3726 989 3777 sub
1034 3724 1150 3793 ejus
1178 3731 1395 3786 nomine
1427 3736 1693 3803 scriptum

138 3801 294 3863 reneri
324 3802 377 3854 in
414 3803 657 3862 Naniano
687 3811 872 3866 codice
897 3814 1031 3870 alias
1064 3831 1094 3869 a
1127 3834 1209 3872 me
1257 3836 1377 3892 pag.
1416 3822 1522 3876 277
1546 3801 1695 3881 inter

139 3895 272 3937 unus
308 3902 632 3947 memorato.
672 3894 801 3950 Nam
836 3902 1026 3970 pagina
1064 3905 1168 3960 528
1196 3905 1310 3973 ejus
1340 3911 1541 3967 codicis
1583 3915 1695 3971 haec

136 3974 221 4042 legi
238 3979 515 4050 ςΔιδύμου.
541 3982 675 4057 [ιιι]
694 3988 829 4052 Τοὺς
848 3992 944 4060 μὲν
960 3993 1145 4062 ἁγίους
1157 4003 1478 4070 φωταγωγοὶ
1491 4006 1693 4073 φυλάτ-

134 4080 294 4118 τωσιν
330 4072 585 4138 ἄγγελοι·
631 4077 758 4141 τοὺς
788 4078 846 4132 δε
886 4083 1120 4150 φαύλους
1170 4092 1448 4155 σκοτεινοί,
1487 4096 1537 4147 id
1566 4109 1688 4152 est:

139 4154 346 4224 Didymi.
381 4159 611 4216 Sanctos
634 4168 838 4234 quidem
873 4173 1168 4228 custodiunt
1207 4179 1378 4246 angeli
1411 4154 1693 4247 lucis,ma-

136 4248 201 4301 los
232 4267 343 4306 tero
369 4258 550 4325 angeli
575 4261 927 4320 tenebrarum.

192 4339 387 4411 Tertio,
419 4350 709 4415 quemdam
738 4353 805 4407 ab
830 4356 943 4423 ipso
971 4361 1280 4432 angelorum
1306 4366 1549 4422 ordinem
1583 4370 1685 4423 ad-

133 4435 331 4491 missum
370 4455 498 4495 esse
546 4445 824 4514 suspicor,
864 4452 952 4519 qui
994 4453 1047 4507 in
1099 4455 1379 4524 Scriptura
1416 4475 1684 4521 vocentur
1710 4479 1762 4541 υ
1854 4465 2125 4537 Attamen,
2157 4482 2217 4526 ut
2247 4488 2436 4530 verum
2483 4478 2678 4548 fatear,
2711 4485 2797 4537 vix

151 4524 195 4548 ι·
228 4546 298 4548 μμ
367 4532 407 4548 γ’
437 4547 468 4548 η
518 4532 555 4548 ﬁ
677 4537 691 4548 ¹
897 4541 931 4548 ³-
975 4543 986 4548 ⁸

132 4524 326 4593 iam,
357 4532 480 4587 sive
511 4532 745 4602 Secuta,
792 4548 851 4594 ut
880 4541 986 4596 dixi
1020 4560 1140 4616 pag.
1177 4548 1301 4615 155,
1333 4562 1442 4605 not.
1478 4552 1550 4609 De
1577 4570 1681 4625 qua

132 4617 359 4683 opinione
384 4622 611 4693 legenda
636 4637 761 4682 sunt
779 4644 897 4699 quae
925 4634 1141 4701 scripsit
1173 4635 1469 4697 Cotelerius
1498 4617 1641 4699 tonio
1664 4644 1681 4697 l

136 4705 329 4763 Petrum
361 4716 799 4787 apostolieorum,
824 4738 943 4794 pag.
978 4724 1104 4789 403,
1134 4736 1248 4781 not.
1274 4727 1361 4791 l8,
1383 4739 1437 4783 et
1463 4746 1513 4800 p.
1550 4732 1675 4787 406.

190 4798 404 4867 Quarto,
430 4804 709 4864 daemones
742 4812 810 4866 ab
835 4813 1125 4870 immundis
1155 4816 1436 4885 spiritibus
1464 4798 1678 4876 idistin-

130 4903 265 4951 ruere
300 4895 526 4950 videtur
560 4898 615 4953 in
639 4899 776 4955 libro
806 4902 882 4957 De
924 4902 1131 4975 Spiritu
1168 4920 1370 4974 sancto,
1402 4926 1550 4966 num.
1586 4914 1671 4969 56.

131 4979 191 5031 ιιιί
214 4985 344 5037 enim
378 4986 616 5056 primum
641 4992 898 5049 vocabulo
937 4998 1151 5064 spiritus
1173 5004 1560 5071 nuncupariait
1581 5024 1673 5061 su-

130 5086 284 5131 prrnas
300 5078 744 5150 rationabilesque
762 5086 993 5151 virtutes,
1015 5088 1063 5140 id
1084 5098 1166 5142 est
1183 5099 1399 5145 sanctos
1414 5094 1629 5163 angelos
1652 5115 1666 5150 :

130 5160 293 5219 deinde
316 5169 611 5225 rationales
638 5188 840 5244 quoque
879 5177 1014 5231 alias
1042 5190 1330 5248 creaturas,
1357 5195 1404 5235 et
1440 5185 1505 5238 de
1539 5186 1671 5240 bono

130 5251 173 5301 ξι
195 5258 377 5312 malum
405 5273 589 5327 sponte
618 5268 831 5333 propria
873 5269 1192 5336 proﬂuentes
1238 5275 1415 5327 vocari
1451 5278 1668 5345 spiritus

128 5346 342 5403 pessimos
371 5358 429 5402 et
458 5352 675 5417 spiritus
706 5353 1025 5411 immundos.
1093 5358 1229 5413 Tum
1269 5360 1484 5418 demum
1535 5365 1666 5420 sub-

125 5430 289 5505 iungit,
337 5442 559 5508 spiritus
599 5460 798 5515 quoque
838 5447 1096 5502 daemones
1138 5451 1194 5505 in
1246 5451 1539 5523 Evangeliis
1572 5474 1664 5526 ap-

127 5527 299 5588 pelleri.

185 5619 389 5689 Quinto,
440 5627 655 5698 angelos
698 5642 969 5701 apostatas
1008 5635 1059 5689 in
1102 5645 1297 5693 terram
1335 5654 1365 5694 e
1401 5642 1536 5697 ctelo
1568 5644 1660 5699 de-

183 5735 251 5802 (a)
274 5736 456 5794 Exstat
490 5741 651 5796 infra.

419 5831 685 5897 PATROL.
733 5835 850 5897 Gn.
895 5838 1195 5901 XXXIX.

1843 551 2013 596 torum
2071 564 2190 618 pag.
2245 552 2313 605 26
2365 554 2472 618 (ad
2512 570 2652 611 vers.
2702 558 2770 613 58
2812 563 2999 629 capitis
3050 583 3123 621 vn
3172 570 3401 625 Actuom

1845 645 2019 701 apost.
2058 637 2215 709 infra)
2253 659 2266 695 :
2304 642 2434 697 Cum
2481 647 2577 713 ibi,
2627 649 2799 720 inquit
2846 652 3059 724 (nempe
3110 659 3163 711 in
3218 663 3400 731 coelo),

1841 724 2012 776 adhuc
2047 739 2214 782 essent
2254 735 2427 801 angeli
2458 747 2731 805 apostatte,
2765 751 2916 796 terra:
2956 748 3199 815 affectant
3226 754 3403 822 aﬁixe-

1839 824 1955 865 rant
1986 830 2095 870 :ea:
2131 836 2232 889 quo
2281 822 2413 877 illud
2458 842 2787 886 consecutum
2836 846 2944 899 est,
2996 849 3053 892 ut
3101 857 3127 893 e
3168 845 3293 898 caelo
3343 847 3397 899 in

1837 914 2029 958 terram
2070 910 2469 979 projicerentur.
2517 919 2689 976 Simili
2723 928 2882 979 modo
2913 927 3140 987 lrenmus
3190 933 3282 989 lib.
3321 951 3395 1000 tv,

1838 1007 1961 1062 cap.
1994 995 2100 1053 1‘6:
2137 1001 2316 1070 Angeli
2345 1006 2549 1070 quidem
2589 1006 2920 1081 transgi’essi,
2952 1017 3147 1088 inquit,
3188 995 3395 1078 decide;

1836 1094 1961 1138 runt
1996 1090 2049 1140 in
2079 1098 2292 1147 terram.
2324 1096 2519 1165 Atque,
2551 1110 2608 1153 ut
2648 1103 2781 1158 alios
2818 1117 3153 1177 praeteream,
3200 1113 3397 1169 Panta-

1835 1177 1954 1232 leon
1998 1181 2257 1239 diaconus
2295 1199 2455 1258 atque
2494 1190 2892 1267 Chartopliylax
2941 1200 2992 1253 in
3040 1201 3108 1256 5‘2.
3159 1203 3394 1261 Naniano

1832 1271 2019 1327 codice
2074 1291 2191 1346 pag.
2230 1280 2352 1344 187,
2392 1284 2547 1338 Κατὰ
2608 1286 2702 1339 τοῦ
2765 1289 3069 1345 ἀποστὰτου
3123 1296 3240 1367 (ait)
3302 1301 3395 1352 καὶ

1832 1365 2065 1436 πονηροῦ
2108 1368 2320 1424 Σατανᾶ
2343 1389 2356 1401 ⁸
2390 1374 2483 1427 τοῦ
2521 1376 2598 1440 ὡς
2630 1379 2881 1453 ἀστραπὴ
2934 1385 2998 1436 ἐκ
3037 1384 3128 1439 τοῦ
3160 1390 3389 1461 οὐρανοῦ

1829 1453 1965 1523 πρὸς
1995 1455 2093 1526 τὴν
2136 1458 2239 1528 γῆν
2263 1466 2732 1531 κατασπασθέντος
2783 1472 2879 1524 σὺν
2920 1476 3028 1538 τοῖς
3066 1477 3393 1551 ἀκαθάρτοις

1828 1546 1921 1598 καὶ
1976 1554 2229 1621 πονηροῖς
2274 1555 2435 1609 αὑτοῦ
2470 1559 2788 1631 πνεύμασιν,
2822 1566 2873 1620 id
2914 1579 3016 1633 est,
3041 1570 3233 1627 Contra
3265 1592 3389 1644 apo-

1825 1647 2013 1691 statant
2050 1650 2098 1693 et
2149 1644 2343 1699 malum
2372 1645 2649 1717 Satanam,
2692 1656 2780 1723 qui
2811 1666 2868 1709 ut
2894 1657 3072 1728 fulgur
3105 1678 3132 1715 e
3168 1664 3292 1718 ctelo
3334 1668 3391 1719 in

1826 1738 2017 1784 terram
2047 1732 2308 1790 detractus
2323 1749 2399 1793 est
2417 1756 2521 1795 una
2550 1760 2667 1797 cum
2694 1748 2979 1804 immundis
3000 1755 3112 1807 suis
3135 1757 3387 1827 malisque

1752 1808 1794 1863 Β
1823 1821 2106 1888 spiritibus.
2125 1825 2194 1880 At
2212 1842 2333 1883 cum
2366 1830 2669 1903 Didymum,
2702 1847 2810 1893 tum
2835 1841 2968 1897 alios
2998 1843 3069 1898 ita
3104 1844 3383 1917 loquentes

1825 1910 1956 1965 nihil
1997 1913 2139 1969 aliud
2169 1929 2443 1989 spectasse
2483 1926 2826 1994 crediderim,
2870 1946 3027 1998 quam
3055 1939 3195 2004 quod
3218 1936 3384 1995 lsaias

1820 2002 1896 2057 ait
1927 2020 2044 2075 cap.
2081 2024 2191 2075 xw,
2224 2026 2363 2066 vers.
2395 2014 2461 2067 12
2491 2033 2504 2069 :
2551 2016 2821 2082 Quomodo
2861 2002 3094 2080 cecidisti
3133 2030 3194 2082 de
3232 2033 3379 2096 caelo,

1821 2090 2031 2166 Lucifer
2052 2100 2142 2154 γ...
2176 2106 2422 2158 corruisti
2465 2108 2517 2161 in
2572 2120 2781 2164 terram.
2834 2112 2933 2168 Ubi
2972 2126 3150 2172 tamen
3200 2124 3379 2176 statim

1819 2185 2096 2257 subjunglt
2138 2197 2395 2262 propheta
2433 2217 2445 2251 :
2491 2198 2854 2258 Verumtamen
2892 2208 2961 2260 ad
3013 2210 3273 2279 infernum
3300 2220 3382 2269 de-

1817 2277 2038 2333 tralteris
2087 2283 2140 2335 in
2185 2287 2503 2355 profundum
2534 2290 2657 2346 laci.
2702 2294 2827 2350 iltec
2882 2298 3023 2353 enim
3084 2307 3259 2358 omnia
3315 2309 3381 2361 de

1817 2367 2027 2425 diabolo
2079 2374 2345 2432 intellecta
2398 2380 2563 2436 fuisse
2606 2400 2633 2438 a
2675 2385 2895 2458 Didymo
2956 2402 3171 2447 constat
3214 2410 3280 2449 ex
3314 2397 3381 2451 iis

1814 2476 1932 2529 quae
1962 2462 2138 2533 legere
2181 2468 2304 2523 licet
2334 2471 2383 2523 iu
2427 2485 2617 2527 catena
2645 2478 2698 2530 in
2729 2478 2983 2534 Joannem
3016 2484 3081 2537 ad
3131 2500 3249 2554 cap.
3292 2502 3374 2553 nt,

1812 2570 1952 2612 vers.
1981 2559 2066 2623 15,
2096 2575 2217 2629 pag.
2249 2562 2335 2618 94.

1882 2649 2066 2715 Sexto,
2111 2652 2175 2706 de
2226 2655 2430 2725 angelis
2472 2657 2755 2715 rebellibus
2793 2679 2895 2718 non
2933 2666 3064 2721 satis
3095 2678 3242 2725 recte
3272 2671 3374 2726 aliv

1809 2740 1928 2794 cubi
1964 2741 2108 2810 loqui
2144 2745 2310 2799 videri
2347 2758 2542 2815 potest,
2575 2750 2698 2805 dum
2732 2753 2797 2808 de
2831 2754 2895 2810 iis
2926 2766 2983 2812 ut
3026 2759 3080 2812 in
3129 2761 3213 2813 via
3242 2762 3369 2816 olim

1808 2833 2193 2890 exsistentibus
2242 2839 2369 2907 egit.
2421 2839 2661 2912 Namque
2714 2845 2765 2899 in
2797 2844 3261 2919 Enarrationibus,
3303 2857 3369 2910 ad

1811 2924 2131 2980 versiculum
2163 2927 2196 2982 9
2225 2928 2476 2998 Epistulae
2505 2931 2654 2989 Juda:
2696 2938 2808 2993 haac
2844 2938 3068 3009 legimus
3098 2961 3111 2998 :
3146 2942 3259 2999 Nec
3295 2958 3372 3002 est

1805 3015 2044 3072 diabolus
2087 3029 2291 3075 terrena
2327 3025 2653 3089 substantia;
2696 3030 2877 3083 habuit
2918 3033 3055 3086 enim
3084 3036 3369 3103 aliquando

1730 3142 1773 3200 (η
1805 3107 2036 3161 divinam
2085 3110 2327 3181 gloriam,
2381 3123 2429 3169 et
2481 3127 2719 3171 sanctam
2777 3119 2872 3174 Dei
2918 3123 3207 3192 scientiam,
3249 3130 3367 3183 licet

1754 3181 1775 3200 λ

1754 3181 1775 3201 ’
1806 3212 2077 3251 conuersus
2135 3199 2199 3252 de
2242 3204 2603 3272 magnitudine
2646 3217 2791 3262 tanta
2822 3212 3084 3268 ceciderit.
3127 3214 3181 3270 In
3230 3219 3366 3274 libro

1802 3296 1979 3342 autem
2020 3288 2096 3343 De
2140 3289 2340 3360 Spiritu
2372 3306 2573 3362 sancto,
2618 3300 2883 3369 num.12,
2924 3316 3202 3373 postquam
3234 3325 3365 3364 sau-

1801 3379 1915 3425 ctos
1971 3373 2187 3441 angelos
2264 3387 2470 3434 natura:
2525 3384 2794 3438 mutabilis
2865 3401 2983 3443 esse
3038 3391 3361 3457 aliirinavit,

1802 3462 1912 3517 hac
1942 3464 2104 3520 verba
2129 3468 2273 3521 addit
2306 3485 2319 3522 :
2352 3469 2492 3525 Licet
2519 3473 2569 3526 in
2604 3474 2922 3533 beatitudine
2948 3491 2995 3535 et
3017 3487 3362 3540 sanctimonia

1797 3567 2134 3621 perseverent.
2156 3558 2231 3613 Ac
2259 3563 2415 3628 paulo
2436 3575 2557 3633 post
2579 3568 2877 3639 subjungit,
2902 3572 2945 3626 si
2975 3590 3134 3628 unum
3171 3578 3358 3632 saltem

1798 3646 2041 3716 angelum
2071 3652 2450 3718 convertibilis,
2479 3655 2527 3709 id
2551 3666 2634 3710 est
2673 3661 2946 3717 mutabilis
2996 3677 3197 3720 naturze
3239 3684 3361 3724 esse

1796 3739 2209 3808 ostenderimus,
2233 3745 2423 3799 merito
2449 3748 2551 3801 dici
2588 3764 2746 3817 posse
2771 3767 2960 3809 omnes
2998 3759 3219 3813 omnino
3263 3777 3357 3814 an-

1796 3829 1942 3899 gelos
1987 3847 2105 3887 esse
2151 3836 2422 3892 mutabilis
2458 3850 2681 3906 naturae,
2713 3843 2851 3907 licet,
2883 3846 3075 3916 inquit,
3106 3867 3209 3904 non
3253 3854 3357 3906 sint

1795 3924 2024 3977 conversi
2059 3924 2113 3978 in
2147 3927 2463 3984 beatitudine
2492 3946 2886 4000 perseverantes.
2925 3939 2994 3994 At
3020 3943 3061 3996 si
3082 3943 3228 4013 juxta
3262 3945 3354 4000 Di-

1793 4014 2008 4084 dymum
2056 4019 2230 4090 angeli
2270 4025 2360 4091 qui
2397 4040 2504 4079 non
2558 4042 2871 4095 peccavere,
2927 4032 2981 4087 in
3028 4035 3357 4096 beatitudine

1792 4118 2225 4173 perseverarunt,
2253 4113 2401 4181 sequi
2434 4115 2666 4181 videtur,
2704 4129 2760 4172 ut
2799 4135 2891 4176 eos
2919 4126 3007 4193 qui
3042 4140 3352 4192 peccarttnl,

1791 4209 1853 4249 ex
1884 4198 2212 4256 beatitudine
2245 4204 2511 4262 excidisse
2544 4210 2961 4279 existimaverit,
2998 4217 3223 4289 ideoque
3263 4238 3358 4275 an-

1790 4286 1942 4353 gelis,
1977 4305 2098 4343 cum
2138 4293 2193 4347 in
2234 4297 2317 4348 via
2363 4299 2539 4355 adhuc
2569 4305 2923 4375 exsistebant,
2966 4286 3350 4369 beatitudinem

1791 4377 2062 4434 tribuerit.

2844 4486 2895 4540 in
2920 4491 3154 4546 animum
3193 4494 3349 4549 indu-

1796 4572 1919 4611 cere
1950 4574 2109 4630 queo,
2136 4563 2418 4636 Didymum
2451 4569 2502 4623 in
2538 4585 2598 4625 ea
2633 4573 2797 4630 fuisse
2827 4583 3111 4649 sententia,
3144 4594 3203 4639 ut
3250 4602 3351 4642 an-

1788 4647 1889 4715 geli
1937 4653 2152 4720 reprobi
2197 4655 2449 4714 beatilica
2487 4660 2582 4717 Dei
2618 4664 2822 4721 visione
2865 4647 3151 4739 aliquando
3194 4679 3347 4745 potiti

1786 4740 1915 4805 sint,
1955 4757 2058 4813 qua
2086 4751 2422 4814 postmodum
2458 4754 2650 4820 privati
2683 4757 2901 4814 fuerint.
2936 4761 3067 4817 Nam
3107 4775 3162 4820 et
3191 4740 3345 4823 allata

1784 4828 1901 4885 loca
1932 4842 2078 4888 recto
2108 4850 2268 4891 sensu
2305 4840 2437 4894 satis
2475 4845 2754 4899 commode
2791 4851 2983 4917 exponi
3017 4866 3172 4920 posse
3202 4872 3344 4923 reor,

1783 4936 1882 4976 nec
1911 4923 2035 4978 alibi
2061 4942 2305 4995 usquam,
2346 4931 2487 5000 quod
2518 4934 2708 5001 sciam,
2748 4937 3004 5004 ejusmodi
3037 4945 3341 5014 Opinionem

1781 5023 1997 5067 δεουιυε
2023 5026 2125 5070 ρει.

1848 5101 2001 5168 Quod
2047 5108 2239 5163 attinet
2273 5110 2454 5177 itaque
2496 5114 2564 5169 ad
2594 5120 2827 5185 primum
2870 5121 3065 5191 locum,
3093 5132 3341 5199 equidem

1777 5209 1897 5249 cum
1930 5198 2135 5252 videam
2170 5200 2582 5261 Enarrationum
2621 5211 2911 5270 editionem
2942 5221 3149 5276 mendis
3178 5225 3344 5279 refer-

1775 5293 1884 5339 tam
1925 5301 2065 5352 esse,
2090 5299 2149 5345 ut
2180 5293 2421 5351 dicebam
2462 5302 2729 5370 Superius,
2755 5305 2869 5360 sive
2894 5309 2963 5362 ob
2994 5318 3339 5384 typograplio-

1774 5392 1890 5431 rum
1917 5379 2195 5447 incuriam,
2237 5385 2349 5442 sive
2394 5392 2535 5458 quod
2586 5395 2779 5452 unicus
2824 5397 2913 5454 ille
2945 5404 3110 5457 codex
3144 5422 3335 5462 manu-

1772 5471 2022 5540 scriptns,
2049 5489 2115 5529 ex
2150 5492 2257 5546 quo
2301 5481 2530 5547 primum
2558 5485 2833 5556 impressa:
2864 5502 3007 5559 sunt,
3045 5499 3332 5559 mendosus

1770 5558 1943 5627 foret;
1984 5565 2207 5629 proinde
2251 5571 2501 5640 conjicio,
2533 5574 2781 5630 Latinum
2823 5584 3127 5637 earumdem
3162 5584 3333 5640 Enar-

1769 5652 2029 5707 rationum
2079 5657 2426 5717 interoretein
2474 5681 2578 5721 non
2626 5671 2912 5740 scripsisse
2952 5674 3178 5729 divinam
3211 5679 3330 5748 glo-

2989 5864 3023 5923 7
