3708 6310
318 322 424 378 203

1744 308 1829 360 DE
1866 305 2124 360 DlDVMO

3433 305 3537 359 ΞΜ.

322 434 476 493 riam,
504 429 617 493 sed,
654 427 878 481 divinam
908 428 1126 497 gratiam
1152 442 1169 489 ;
1213 433 1321 479 tum
1374 440 1469 492 pro
1500 423 1730 476 dictione
1756 438 1878 489 grao
1909 428 1950 479 Α
1982 429 2153 471 tamen
2177 418 2366 470 detenti
2401 417 2651 483 supplicio
2682 418 2981 484 resipiscent
3005 416 3141 469 unde
3166 416 3481 471 ceciderunt.
3515 437 3532 467 ι

323 528 448 574 tiam
481 519 759 587 irrepsisse
796 532 984 572 vocem
1026 516 1246 585 gloriam
1277 530 1295 567 :
1323 530 1427 583 quo
1473 513 1600 567 nihil.
1642 512 1873 575 facilius,

324 625 443 663 cum
468 610 521 662 in
548 608 798 661 vestustis
823 606 1147 660 membranis
1168 604 1576 673 compendiarizc
1602 602 1878 669 utriusque

327 702 469 754 vocis
510 700 784 764 scriptum
815 712 1000 765 parum
1036 713 1065 749 a
1100 712 1157 750 se
1200 696 1425 748 invicem
1457 694 1653 756 absint,
1700 702 1757 744 ut
1800 692 1878 745 sic

327 792 535 861 loquar,
570 805 632 843 ac
670 788 823 842 valde
855 788 1057 841 similes
1096 788 1222 839 sint.
1264 784 1414 849 Quod
1456 784 1499 837 si
1542 780 1877 835 retinendum

327 883 547 937 omnino
608 882 725 949 quis
773 879 901 932 velit
956 876 1265 930 vocabulum
1308 874 1546 941 gloriam,
1601 872 1879 940 Didymum

328 974 517 1025 divina:
558 970 737 1039 gloria:
779 968 991 1022 nomine
1027 982 1129 1019 non
1162 963 1459 1019 beatificam
1487 962 1743 1015 visionem
1792 960 1884 1012 de-

330 1062 572 1130 signasse
602 1058 951 1128 respondebo,
986 1056 1077 1111 sed
1108 1054 1444 1122 splendorem
1476 1052 1658 1121 gratiae
1694 1066 1756 1103 ac
1788 1049 1885 1102 do-

331 1168 523 1206 norum
564 1148 1048 1218 supernatat-alium
1099 1146 1309 1199 Satanae
1344 1159 1372 1195 a
1403 1142 1690 1195 Conditore
1724 1141 1887 1194 colla-

336 1254 530 1296 torum.
564 1238 696 1293 Nam
740 1254 836 1291 vox
867 1238 1011 1300 δόξα,
1060 1237 1170 1290 sive
1202 1234 1368 1303 gloria
1404 1249 1544 1300 saepe
1582 1247 1611 1284 a
1663 1232 1886 1301 Didyme

336 1333 405 1384 ita
434 1330 711 1397 accipitur,
748 1337 804 1380 nt
824 1326 1113 1379 claritatem
1136 1324 1581 1392 splendoremque
1600 1322 1883 1391 significet,

336 1424 467 1474 sicut
520 1420 642 1473 alibi
702 1418 1176 1471 monuimusznec
1226 1414 1438 1483 proprie
1490 1414 1659 1467 sancti
1714 1414 1887 1479 angeli

335 1500 491 1582 [ιλιι]
516 1510 764 1563 dicuntur
793 1508 974 1560 habere
1001 1506 1231 1558 divinam
1265 1504 1578 1574 gloriam,id
1617 1514 1697 1558 est
1726 1503 1889 1557 beati-

336 1605 487 1655 licam
519 1600 803 1653 visioncm'
842 1597 932 1650 ced
988 1596 1093 1664 {rni
1141 1596 1313 1649 divina
1345 1595 1533 1665 gloria,
1567 1603 1659 1648 aut
1712 1594 1890 1649 notius

335 1690 522 1743 cmlesti
554 1689 739 1757 gloria.

1984 510 2054 559 lta
2088 507 2398 575 Basnagius.
2430 506 2531 559 Sed
2580 507 2842 573 integrum
2878 506 3081 575 Didymi
3117 506 3289 558 locum
3339 507 3541 559 exscri-

1984 600 2109 651 bere
2141 613 2315 664 operze
2343 597 2571 664 pretium
2603 606 2704 650 est.
2734 597 2973 662 Explicat
3014 597 3083 649 ibi
3114 607 3392 649 enarrator
3424 614 3544 651 ver-

1986 690 2183 743 siculos
2218 688 2305 750 10,
2340 688 2400 740 ll
2459 704 2521 740 ac
2558 687 2624 739 l2
2673 689 2863 755 capitis
2902 689 3079 756 primi,
3114 688 3163 741 in
3192 689 3387 756 quibus
3430 690 3541 741 haec.

1987 782 2126 835 inter
2158 790 2345 834 caetera
2377 781 2623 848 leguntur
2664 796 2677 831 :
2718 780 2792 833 De
2834 799 2933 850 qua
2972 782 3139 833 salute
3186 782 3541 849 eaquisierunt

1986 882 2136 940 atque
2163 872 2378 924 scrutati
2410 883 2528 924 sunt
2562 872 2892 939 prop/tetra...
2918 873 3102 934 quibus
3142 874 3418 925 revelatum
3443 884 3545 935 est,

1986 963 2123 1032 quod
2159 981 2259 1017 non
2299 965 2446 1032 ipsis,
2487 962 2629 1015 vobis
2659 975 2828 1015 autem
2869 964 3230 1016 ministrabant
3270 965 3401 1023 Ita’c,
3430 982 3546 1031 qua:

1990 1071 2123 1107 nunc
2178 1056 2486 1107 annuntiata
2532 1064 2649 1106 sunt
2691 1054 2897 1107 vobis...
2943 1055 2996 1107 in
3032 1071 3146 1123 qua:
3179 1058 3547 1122 concupiscunt

1990 1146 2159 1215 angeli
2198 1148 2507 1214 prospicere.
2548 1144 2822 1199 Postrema
2851 1155 3025 1199 autem
3052 1148 3162 1199 haec
3192 1147 3346 1199 verba
3376 1148 3444 1198 ita
3478 1150 3550 1199 in-

1994 1245 2320 1304 terpretatur
2350 1253 2363 1288 :
2405 1255 2422 1285 ι
2460 1235 2547 1288 Sic
2581 1236 2887 1303 exponitur,
2923 1236 2965 1288 si
2992 1236 3113 1304 quis
3137 1237 3548 1299 existimaverit,

1992 1328 2260 1397 gntesitant
2306 1344 2337 1379 a
2382 1328 2638 1394 prophetis
2672 1327 2888 1379 salutem
2925 1328 2975 1380 in
3026 1327 3127 1381 fine
3171 1342 3288 1381 esse
3324 1330 3548 1381 mundi;

1994 1419 2133 1485 quod
2160 1418 2211 1469 in
2242 1417 2509 1478 omnibus,
2543 1418 2670 1469 etin
2702 1432 2911 1469 summo
2931 1426 3014 1471 est
3043 1419 3310 1486 appetitu;
3336 1420 3552 1486 quando

1996 1508 2160 1577 ipsius
2192 1508 2403 1575 quidem
2450 1521 2611 1560 causa
2657 1507 2756 1560 alia
2798 1516 2988 1560 cuncta
3030 1505 3179 1568 liunl,
3212 1507 3384 1575 ipsum
3424 1522 3561 1561 vero

1996 1599 2144 1666 cujus
2178 1615 2337 1654 causa
2361 1600 2553 1652 nullius
2582 1600 2773 1668 agitur.
2807 1618 2825 1649 ι
2862 1596 3191 1668 [.llendosam
3229 1600 3311 1650 hic
3340 1614 3450 1650 esse
3478 1598 3556 1649 le-

1998 1694 2213 1745 ctionem
2237 1691 2559 1759 perspicuum
2590 1700 2662 1744 est
2692 1705 2710 1742 :
2742 1708 2809 1743 an
2842 1691 3057 1743 delenda
3099 1706 3192 1742 vox
3219 1690 3405 1758 cujus?
3438 1688 3558 1760 (0)]

407 1780 461 1834 In
527 1780 694 1835 altero
753 1789 927 1833 autem
985 1777 1133 1843 loco,
1198 1792 1354 1844 quem
1412 1776 1653 1845 superius
1714 1774 1893 1843 attigi-
1923 1770 1966 1829 Β
2001 1800 2019 1831 ι
2054 1782 2165 1835 Νοιι
2194 1785 2288 1835 abs
2322 1798 2379 1835 re
2418 1792 2499 1835 est
2528 1784 2687 1835 etiam
2732 1781 2950 1850 intelligi
2992 1782 3056 1834 de
3094 1782 3292 1833 sanctis
3326 1781 3557 1849 angelis,

338 1886 475 1939 mus,
519 1871 635 1924 ideo
664 1880 874 1925 sanctos
899 1869 1115 1938 angelos
1155 1868 1208 1920 in
1235 1868 1546 1920 beatitudine
1572 1881 1893 1934 perseverare

338 1966 434 2027 ait,
458 1975 513 2016 ut
536 1971 682 2031 puto,
722 1960 861 2030 quod
894 1968 988 2013 aut
1033 1959 1149 2012 illos
1182 1966 1385 2026 spectet
1416 1966 1676 2025 quatenus
1708 1957 1761 2008 in
1798 1972 1894 2023 pa-

342 2056 464 2119 tria,
500 2070 607 2108 non
640 2055 694 2106 in
735 2054 815 2107 via
841 2052 1186 2115 exsistentes;
1215 2059 1307 2103 aut
1335 2064 1428 2117 per
1458 2049 1892 2117 anticipationem

343 2148 565 2215 loquens
623 2143 989 2197 beatitudinem
1043 2150 1197 2195 vocet
1243 2155 1361 2194 eum
1421 2148 1639 2205 statum,
1692 2140 1741 2192 in
1792 2154 1897 2207 quo

342 2244 498 2291 erant
539 2252 660 2289 cum
713 2234 885 2287 adhuc
928 2242 1110 2286 essent
1149 2232 1203 2284 in
1245 2231 1358 2295 via;
1386 2240 1477 2283 aut
1508 2230 1721 2284 demum
1771 2231 1897 2299 quia

346 2328 512 2382 creati
568 2336 691 2380 sunt
750 2326 803 2379 in
860 2324 1175 2377 beatitudine
1227 2322 1561 2389 imperfecta,
1618 2330 1676 2374 ut
1744 2322 1901 2375 docet

348 2422 405 2475 S.
434 2421 686 2474 Thomas.
726 2418 779 2471 In
820 2416 1003 2471 eadem
1044 2432 1171 2469 sane
1213 2415 1347 2468 libro
1390 2415 1463 2467 De
1491 2413 1686 2482 Spiritu
1726 2424 1901 2466 sancto

348 2526 493 2561 num.
547 2507 635 2569 61,
673 2514 868 2559 statum
906 2520 969 2557 ex
1000 2518 1105 2573 quo
1130 2503 1327 2558 excidit
1356 2501 1605 2567 Satanas,
1632 2516 1903 2570 exponens

350 2600 604 2668 Didymus
662 2598 831 2665 inquit
876 2615 889 2649 :
938 2594 1083 2648 Unde
1139 2606 1184 2647 et
1231 2593 1572 2647 convertibilis
1628 2594 1900 2663 (Satanas)

350 2705 499 2758 atque
538 2688 825 2755 mutabilis,
850 2704 877 2742 e
903 2688 1175 2741 sanctitate
1205 2686 1393 2741 decidit
1425 2696 1575 2754 atque
1613 2687 1821 2740 virtute.
1840 2684 1906 2739 Et

354 2783 402 2833 in
452 2778 886 2831 Enarrationibus
932 2779 997 2831 ad
1044 2786 1202 2845 caput
1251 2792 1265 2829 ι
1322 2776 1491 2845 Epist.
1542 2775 1559 2829 Ι
1604 2775 1790 2829 Petri:
1840 2775 1907 2828 In

351 2874 612 2940 inﬁnitum
653 2872 917 2924 beatorum
970 2868 1285 2937 permanebit
1336 2866 1631 2921 Itwreditas.
1684 2870 1762 2921 Ac
1815 2868 1906 2921 de-

352 2977 497 3017 mum
527 2962 582 3015 in
612 2960 750 3013 libro
777 2958 1021 3012 adversus
1054 2955 1369 3009 Maniclucos
1401 2972 1518 3025 cap.
1552 2956 1603 3020 1,
1638 2956 1907 3011 diabolum

352 3061 510 3105 vocat
538 3049 816 3118 principem
847 3046 1126 3107 malorum,
1164 3054 1212 3099 et
1242 3048 1463 3113 primum
1512 3047 1600 3115 qui
1657 3064 1689 3099 a
1719 3047 1906 3100 virtute

1996 1884 2051 1928 et
2095 1874 2411 1941 simpliciter
2466 1874 2674 1927 cunctis
2720 1873 2890 1926 beatis
2938 1871 3285 1924 rationalibus
3336 1871 3437 1923 hoc
3484 1872 3565 1923 di-

1997 1974 2160 2029 ctum,
2194 1979 2311 2017 cum
2342 1978 2527 2017 omnes
2575 1965 2866 2033 appetitum
2898 1962 3127 2015 habeant
3153 1962 3462 2030 prospicere
3494 1976 3559 2015 ea

1997 2072 2113 2127 quae
2175 2057 2225 2108 in
2278 2056 2381 2107 line
2442 2053 2619 2107 saeculi
2675 2063 2800 2106 sunt
2850 2055 3074 2120 agenda.
3112 2053 3166 2105 Si
3217 2067 3342 2105 vero
3394 2052 3562 2105 alium

1998 2146 2277 2215 quemdam
2310 2152 2507 2198 statum
2535 2143 2773 2196 fecerunt
2795 2144 3005 2195 beatum
3034 2142 3151 2210 (per
3170 2156 3233 2194 ea
3256 2157 3376 2209 qum
3408 2156 3565 2195 reve-

2000 2238 2104 2292 lata
2134 2248 2255 2293 sunt
2300 2252 2329 2290 a
2364 2235 2563 2304 Spiritu
2589 2244 2775 2289 sancto
2817 2234 2893 2287 eis
2929 2234 3018 2301 qui
3052 2232 3401 2301 Evangelium
3440 2246 3564 2283 sus-

2000 2327 2276 2396 ceperunt)
2330 2336 2524 2393 praeter
2552 2339 2673 2378 eum
2708 2324 2798 2391 qui
2835 2323 3022 2376 ductus
3066 2332 3147 2377 est
3187 2320 3343 2392 μέθυ,
3384 2322 3561 2375 dictus

2000 2416 2134 2487 est];
2162 2416 2438 2470 dicendum
2479 2424 2560 2468 est
2592 2424 2645 2469 et
2668 2416 3050 2482 concupiscere
3091 2413 3143 2466 in
3187 2427 3307 2466 eum
3345 2412 3561 2481 prospi-

2002 2524 2123 2564 cere
2150 2508 2385 2577 angelos,
2417 2508 2507 2575 qui
2541 2508 2593 2560 in
2625 2507 3050 2574 transgressione
3080 2505 3307 2573 quadam
3356 2504 3567 2557 inventi

2002 2609 2145 2656 sunt.
2185 2599 2316 2652 Nam
2350 2599 2473 2653 licet
2503 2599 2720 2668 quidam
2755 2612 2939 2651 eorum
2984 2598 3133 2665 pravi
3168 2596 3293 2659 sint,
3322 2606 3571 2648 attamen

2004 2692 2203 2748 detenti
2262 2692 2542 2762 supplicio,
2606 2691 2979 2761 resipiscentes
3034 2691 3176 2745 unde
3240 2691 3571 2744 ceciderunt

2008 2785 2167 2854 (quod
2200 2785 2357 2838 etiam
2401 2784 2658 2838 studiosis
2705 2782 3011 2836 hominibus
3063 2781 3571 2848 compromittitur),

2009 2875 2278 2929 habebunt
2314 2874 2636 2929 desiderium
2674 2872 2755 2927 vel
2797 2887 2892 2942 per
2936 2871 3195 2926 fenestras
3240 2887 3302 2925 ea
3335 2872 3587 2938 respice-r

2009 2979 2085 3018 re.
2130 2984 2149 3017 ι
2191 2966 2383 3019 Totum
2436 2964 2578 3018 hunc
2629 2964 2801 3019 locum
2850 2964 3022 3029 attuli,
3070 2972 3125 3015 ut
3163 2963 3338 3015 videat
3375 2962 3587 3022 lector,

2009 3069 2130 3108 eum
2157 3053 2351 3107 alicubi
2387 3053 2540 3106 valde
2573 3053 2861 3107 obscurum
2890 3068 3031 3114 esse,
3066 3053 3179 3105 sive
3210 3052 3260 3103 id
3293 3066 3357 3104 ex
3392 3049 3582 3103 Latini

356 3140 542 3209 defecit
583 3154 602 3192 .°
643 3154 763 3207 cap.
806 3150 932 3191 vero
964 3134 1031 3188 12
1077 3152 1091 3189 :
1141 3131 1377 3198 Factus,
1416 3134 1624 3204 inquit,
1668 3144 1723 3188 ut
1783 3146 1909 3188 esset

2099 3144 2317 3212 erpretis
2338 3142 2578 3198 barbarie
2607 3144 2948 3213 repetendum
2976 3143 3064 3205 sit,
3094 3144 3205 3195 sive
3232 3157 3295 3195 ex
3327 3150 3581 3195 vetusto-

359 3232 539 3295 bonus,
569 3238 867 3299 potestatem
900 3228 1105 3281 virtutis
1155 3226 1415 3296 capienda:
1463 3226 1813 3295 imperfectam
1865 3236 1913 3280 et

359 3338 597 3376 mancam
646 3320 861 3375 servavit
906 3317 1225 3389 (diabolus);
1278 3326 1583 3387 potestatem
1638 3334 1753 3372 vero
1802 3319 1915 3372 vitii

359 3410 671 3478 suscipiendi
700 3408 767 3461 ad
796 3418 971 3461 actum
1000 3408 1262 3468 perduxit.

435 3500 694 3570 Septimo,
734 3496 895 3553 Verbi
923 3498 1345 3551 incarnationem
1378 3511 1482 3550 non
1516 3498 1663 3565 prius
1690 3496 1915 3565 angelis,

363 3609 521 3663 quam
568 3592 719 3648 nobis
761 3601 939 3647 notam
973 3605 1092 3645 esse
1130 3591 1348 3663 factam,
1397 3590 1504 3644 imo
1537 3606 1651 3644 eam
1688 3607 1783 3660 per
1821 3606 1919 3646 nos

363 3660 563 3750 angelis
593 3684 887 3737 innotuisse
914 3684 1066 3737 docet
1104 3660 1201 3736 lib:
1228 3697 1283 3736 ιιι
1327 3681 1399 3735 De
1430 3685 1593 3749 Trin.,
1636 3699 1757 3753 pag.
1792 3684 1915 3738 592.

363 3771 513 3837 Quod
546 3781 721 3825 tamen
757 3771 1113 3841 explicatione
1153 3771 1327 3839 aliqua
1361 3770 1602 3841 indigere
1632 3787 1788 3827 nemo
1814 3789 1917 3827 non

363 3864 526 3923 videt,
560 3879 627 3917 ne
656 3862 783 3917 illud
818 3874 1201 3931 consequatur,
1243 3872 1300 3915 ut
1328 3864 1495 3916 beata:
1522 3864 1726 3933 Virgini
1751 3879 1813 3919 ac
1835 3879 1921 3933 pa-

364 3954 616 4017 storibus,
680 3954 873 4021 quibus
922 3953 1216 4007 Salvatoris
1276 3953 1528 4007 nativitas
1592 3954 1658 4009 ab
1716 3954 1921 4023 angelis

367 4046 608 4097 nuntiata
640 4055 742 4108 est,
772 4046 920 4114 prius
952 4054 1129 4098 notam
1172 4046 1337 4099 fuisse
1375 4045 1799 4101 incarnationem
1825 4062 1919 4101 vo-

368 4136 529 4189 luerit
553 4135 827 4205 Didymus,
860 4150 1022 4203 quam
1050 4134 1282 4189 Gabrieli
1312 4136 1653 4207 archangelo,
1675 4148 1728 4191 et
1756 4152 1921 4207 angev

367 4226 453 4289 lis,
490 4227 577 4293 qui
612 4225 905 4279 Salvatoris
941 4226 1224 4279 adventum
1262 4225 1440 4280 Maria:
1480 4226 1603 4297 ipsi,
1636 4242 1699 4282 ac
1740 4240 1925 4297 pasto-

368 4316 516 4369 ribus
545 4315 952 4368 annuntiarunt.
986 4313 1211 4369 Sanctus
1234 4314 1467 4371 Thomas
1493 4332 1620 4371 sane
1643 4318 1857 4388 angelos
1894 4332 1925 4372 a

2015 3253 2129 3291 rum
2159 3238 2583 3300 amanuensium,
2608 3238 2719 3290 sive
2751 3251 2817 3290 ex
2850 3236 3294 3305 typographorum
3338 3235 3595 3287 mendisa

2015 3328 2342 3397 Quocunque
2393 3339 2569 3381 autent
2627 3327 2783 3381 modo
2834 3342 2892 3381 se
2939 3342 3023 3380 res
3061 3327 3271 3391 habeat,
3320 3326 3585 3393 equidem

2015 3434 2157 3488 aegre
2185 3420 2419 3471 adducor
2460 3427 2516 3471 ut
2548 3420 2764 3471 credam
2807 3418 3090 3484 genuinam
3124 3433 3244 3471 esse
3288 3418 3587 3470 lectionem

2016 3509 2258 3563 vocabuli
2286 3510 2658 3576 resipiscentes.
2693 3507 2878 3562 Nonne
2914 3508 3078 3560 multo
3104 3507 3417 3561 concinnior
3445 3521 3587 3559 sen-

2019 3601 2180 3655 tentia
2211 3600 2333 3664 erit,
2366 3602 2409 3653 si
2440 3600 2722 3668 legerimus
2762 3615 2775 3650 :
2817 3600 3142 3667 respicientes
3194 3600 3327 3650 unde
3375 3598 3592 3649 cecide-

2020 3690 2180 3743 runt?
2207 3690 2337 3756 Quis
2370 3706 2603 3759 unquam
2637 3689 2838 3741 audivit
2884 3688 3184 3754 hujusmodi
3225 3688 3591 3751 locutionem,

2021 3780 2371 3847 resipiscentes
2410 3779 2547 3831 unde
2579 3779 2912 3830 ceciderunt?
2941 3786 3031 3831 aut
3072 3778 3323 3845 quidnam
3358 3778 3593 3829 tandem

2020 3868 2194 3921 valet?
2230 3868 2492 3921 Caeterum
2549 3866 2661 3919 sive
2716 3866 3037 3934 respicientes
3091 3863 3245 3935 [μιν]
3294 3865 3595 3934 legendum

2021 3958 2111 4021 sit,
2154 3959 2259 4012 sive
2311 3958 2683 4024 resipiscentes,
2714 3956 2903 4010 falsum
2941 3958 3157 4011 omnino
3200 3963 3280 4009 est
3332 3956 3475 4024 quod
3512 3956 3600 4009 ait

2021 4047 2337 4116 Basnagius.
2371 4046 2623 4117 Didymus
2649 4048 2792 4101 enim
2836 4061 2934 4100 nec
2973 4047 3038 4101 de
3064 4044 3365 4100 hominibus
3394 4059 3603 4114 repro-

2021 4139 2127 4201 bis,
2154 4154 2255 4193 nec
2284 4139 2349 4193 de
2373 4138 2699 4193 daemonibus
2741 4139 2996 4206 loquitur,
3032 4139 3121 4191 sed
3158 4139 3224 4191 de
3259 4137 3601 4205 quibusdam

2025 4231 2229 4300 angelis
2261 4231 2446 4299 lapsis,
2479 4231 2671 4298 quibus
2707 4229 2848 4284 Deus
2880 4229 3209 4298 paenitentiae
3238 4228 3413 4281 locum
3454 4244 3605 4283 con-

2024 4324 2265 4388 cesserit,
2299 4338 2363 4377 eo
2411 4324 2551 4390 quod
2608 4322 2783 4375 minus
2835 4320 3126 4390 peccarint,
3162 4320 3271 4374 sive
3306 4318 3362 4371 in
3410 4328 3608 4373 trans-

371 4406 629 4475 principio
656 4420 765 4460 sua:
800 4405 1145 4459 beatitudinis
1176 4407 1511 4475 praescivisse
1537 4407 1691 4461 docet
1725 4417 1921 4479 myste-
1953 4456 1997 4511 Β
2024 4416 2283 4483 gressione
2303 4416 2527 4483 quadam
2562 4415 2751 4467 inventi
2774 4413 2899 4465 sint.

370 4497 508 4548 rium
541 4495 949 4559 incarnationis,
978 4496 1150 4563 quoad
1193 4497 1547 4551 substantiam
1586 4506 1783 4565 tamen,
1815 4515 1920 4553 non

368 4599 494 4635 vero
545 4584 719 4652 quoad
771 4598 956 4637 oumes
998 4585 1446 4639 circumstantias.
1487 4586 1614 4651 Qua:
1657 4590 1922 4643 sententia

370 4675 524 4728 facile
551 4689 672 4727 cum
700 4674 908 4745 Didymi
942 4676 1118 4730 verbis
1141 4676 1417 4730 conciliari
1446 4689 1641 4745 potest.

439 4785 662 4850 Octavo,
695 4788 760 4841 de
796 4787 998 4858 angelis
1031 4786 1191 4856 lapsis
1222 4790 1428 4844 duobus
1466 4791 1518 4844 in
1548 4791 1680 4846 locis
1706 4791 1926 4860 loquens

375 4879 645 4949 Didymus,
676 4879 972 4948 aliquorum
1001 4881 1445 4950 resipiscentiam,
1471 4885 1924 4948 emendationem,

374 4986 434 5022 ac
474 4971 695 5024 salutem
752 4987 846 5040 per
885 4972 1155 5026 Christum
1184 4974 1249 5027 ab
1270 4974 1348 5028 eis
1387 4974 1664 5029 obtentam
1692 4991 1929 5031 comme-

376 5073 567 5115 morat.
598 5062 810 5116 Primus
843 5063 991 5118 locus
1035 5074 1211 5119 exstat
1261 5065 1435 5133 capite
1494 5066 1518 5120 l
1557 5067 1929 5122 Enarrationis

376 5155 427 5204 in
459 5152 741 5218 Epistolam
766 5152 793 5206 Ι
824 5153 988 5218 Petri,
1021 5164 1074 5209 et
1099 5171 1125 5208 a
1166 5156 1429 5226 Basnagio
1458 5166 1585 5211 tom.
1613 5157 1934 5211 lLectt.An-

377 5245 503 5312 tiqq.
529 5244 726 5297 Canisii
767 5260 887 5313 pag.
918 5245 1016 5299 l99
1039 5285 1053 5309 ,
1083 5247 1161 5300 sic
1190 5248 1526 5316 redarguitnr
1558 5265 1571 5278 ο
1616 5267 1633 5298 ι
1677 5247 1932 5302 Homines

375 5349 587 5399 pravos,
619 5341 673 5386 et
688 5333 797 5399 jam
823 5344 1022 5388 aeterno
1047 5336 1328 5390 damnatos
1365 5338 1627 5407 supplicio
1669 5337 1933 5405 paeniten-

378 5424 507 5475 tiam
546 5421 669 5474 olim
712 5432 947 5485 acturos,
982 5432 1043 5477 ut
1076 5434 1129 5477 et
1165 5424 1452 5488 dzemonas,
1478 5427 1704 5479 credidit
1745 5426 1931 5495 (Didy-

376 5512 536 5582 mus).
567 5509 708 5564 Nam
730 5511 868 5578 licet,
896 5513 1089 5583 inquit,
1110 5514 1323 5583 quidam
1344 5516 1513 5585 angeli
1537 5520 1641 5570 sint
1661 5518 1826 5585 pravi,
1850 5525 1934 5570 at-

2099 4505 2261 4559 Multo
2307 4506 2449 4559 enim
2479 4504 2674 4558 clarius
2709 4504 2759 4557 id
2792 4504 2962 4571 ipsum
2996 4498 3261 4553 allirmare
3290 4498 3511 4553 videtur
3547 4498 3608 4553 in

2028 4598 2197 4653 altero
2213 4598 2328 4652 loco
2368 4598 2457 4667 qui
2482 4606 2654 4651 exstat
2680 4599 2731 4650 in
2759 4596 2941 4649 eadem
2962 4593 3330 4654 Enarratione,
3350 4606 3471 4659 cap.
3509 4606 3607 4655 ιιι,

2029 4692 2095 4744 ad
2129 4691 2240 4745 haec
2274 4690 2415 4743 Petri
2451 4689 2612 4743 verba
2642 4705 2655 4741 :
2690 4688 2791 4752 Qui
2819 4697 2892 4739 est
2927 4688 2981 4739 in
3011 4687 3221 4738 dextera
3260 4683 3370 4746 Dei,
3401 4683 3614 4751 deglu-

2031 4782 2159 4835 tiens
2191 4792 2429 4846 mortem,
2474 4789 2531 4833 ut
2577 4780 2696 4833 vita’
2741 4788 2947 4831 ceterum
2989 4777 3216 4831 hteredes
3253 4776 3612 4844 efficerentur,

2029 4873 2287 4943 profectus
2315 4874 2369 4925 in
2392 4872 2563 4936 ctelos,
2588 4871 2831 4938 subjectis
2856 4870 2954 4923 sibi
2982 4868 3201 4938 angelis,
3238 4876 3283 4920 et
3315 4868 3617 4931 potestati—

2033 4966 2148 5028 bus,
2186 4973 2235 5017 et
2288 4964 2577 5017 virtutibus.
2643 4961 2715 5015 Ea
2768 4961 2911 5014 enim
2951 4961 3030 5015 sic
3081 4960 3295 5028 exponit
3331 4971 3346 5009 :
3384 4974 3404 5007 ι
3442 4958 3621 5012 Sicut

2032 5070 2130 5125 per
2162 5054 2355 5108 Filium
2384 5053 2495 5117 Dei,
2529 5053 2669 5122 quod
2697 5051 2925 5106 Verbum
2949 5060 3049 5116 est,
3086 5066 3177 5104 seu
3213 5049 3386 5111 Ratio,
3417 5063 3597 5103 essen

2037 5148 2167 5200 tiam
2195 5153 2385 5200 cuncta
2416 5144 2716 5208 rationalia,
2745 5152 2798 5197 et
2820 5152 2877 5196 ut
2904 5152 3105 5205 essent,
3142 5140 3486 5203 habuerunt;
3530 5142 3624 5194 sic

2035 5252 2130 5307 per
2159 5251 2279 5289 eum
2310 5237 2547 5291 omnium
2570 5250 2756 5290 eorum
2789 5233 2935 5287 salus
2964 5232 3151 5285 eﬂ‘ecta
3180 5240 3279 5283 est.
3314 5228 3416 5293 Qui
3453 5232 3625 5283 enim

2040 5327 2285 5399 [fortasse
2321 5326 2609 5395 legendum,
2638 5326 2759 5394 quia
2794 5320 2960 5393 enim]
3001 5336 3103 5375 non
3146 5318 3625 5385 substantialiter,

2035 5418 2128 5472 sed
2187 5417 2502 5487 acquisitive
2554 5416 2889 5470 sanctitatem
2926 5412 3142 5476 habent,
3180 5425 3297 5463 cum
3332 5420 3633 5465 creaturae

2038 5520 2161 5567 sunt
2193 5510 2419 5583 [videtur
2442 5511 2733 5583 legendum,
2761 5507 2912 5581 sint],
2942 5508 3064 5579 jure
3086 5506 3325 5579 purgatio
3347 5504 3499 5559 facta
3534 5517 3636 5561 est

443 5680 519 5754 (α)
552 5682 684 5740 Vide
716 5692 867 5741 notas
894 5684 959 5741 ad
994 5685 1133 5741 hunc
1162 5684 1335 5741 locum
1368 5685 1418 5739 in
1450 5701 1582 5740 nova
1612 5688 1920 5743 recensione
1954 5686 2110 5742 infra.
2146 5685 2279 5742 Eutr
