3774 6374
156 436 241 489 905
1227 412 1796 479 COMMENTARIUS.
1827 415 1903 459 '—
1945 418 2076 473 LIB.
2122 417 2188 472 11.

3239 426 3345 480 206

158 559 271 611 circa
316 560 497 606 cuncta
539 548 635 602 hoc
669 547 828 599 modo
858 546 1107 620 habentia
1146 545 1462 599 bonitatem.
1518 543 1667 597 Unde
1697 550 1741 602 Α
1773 556 1893 603 nus,
1919 551 1974 593 ut
2000 550 2228 595 testatur
2253 540 2474 596 Photins
2505 541 2556 595 in
2584 543 2903 599 Bibliotheca
2926 546 3046 599 cod.
3080 561 3343 601 ccxsxm.

158 647 285 699 etiam
310 639 510 695 sublimi
538 651 626 691 ore
649 635 943 707 [legendum
968 646 1112 701 pulo,
1137 633 1529 703 sublimiorem]
1554 648 1665 687 eor

159 734 401 788 rectionem
458 727 769 794 suscipiunt.
824 716 1322 789 Paei‘ﬁcavit'enim
1373 720 1528 774 Jesus
1585 734 1673 787 per

158 823 412 891 sanguinem
436 819 601 872 crucis
636 832 749 869 sua:
782 831 897 883 quae
928 815 981 866 in
1017 812 1177 875 caelis,
1212 823 1260 866 et
1280 818 1412 880 ’quw
1450 813 1501 863 in
1536 818 1673 862 terra

158 916 319 976 sunt”,
355 927 506 965 omne
550 909 743 963 bellum
781 908 1065 961 tlestrueus
1111 914 1166 958 et
1219 903 1523 957 tumultum.
1554 900 1673 954 Mox

158 1007 317 1062 etenim
350 1005 397 1057 in
430 1004 683 1059 descensu
711 1000 847 1069 ejus,
884 1008 938 1052 et
963 996 1240 1052 nativitate
1279 995 1415 1048 facta
1458 996 1523 1047 de
1551 991 1672 1045 Vir-

160 1103 253 1171 giae
297 1099 483 1152 dictum
543 1103 623 1148 est
676 1109 691 1144 :
742 1091 923 1146 Gloria
966 1090 1020 1142 in
1070 1088 1290 1142 excelsis
1349 1087 1474 1147 Deo,
1513 1095 1561 1137 et
1618 1085 1675 1135 in

159 1204 266 1243 terra
291 1189 469 1255 pax".
500 1177 848 1239 Cencorditer
891 1190 1065 1236 autem
1118 1188 1175 1233 et
1223 1179 1276 1232 in
1321 1176 1674 1247 prtcsentibus

160 1284 314 1336 dictant
337 1289 433 1342 est,
466 1277 614 1345 quia,
654 1289 776 1329 cum
816 1272 1204 1327 resurrexisset
1253 1286 1305 1324 al
1338 1268 1585 1328 mortuis,
1620 1275 1676 1321 et

160 1374 324 1427 sederet
358 1373 406 1426 in
431 1371 650 1425 dextera
703 1369 756 1421 in
787 1367 1036 1427 excelsis,
1067 1367 1332 1434 profectus
1371 1365 1425 1415 in
1468 1361 1671 1426 caelum,

158 1468 328 1535 subjecti
360 1473 474 1519 sunt
502 1462 673 1530 angeli
704 1462 775 1523 ei,
806 1467 1079 1527 potestates
1128 1468 1281 1522 atque
1308 1456 1537 1507 virtutes.
1564 1453 1677 1507 Sic-

158 1569 201 1612 ut
234 1560 355 1612 enim
401 1558 642 1611 homines
680 1553 1015 1607 abStinentes
1074 1565 1103 1602 a
1159 1549 1412 1618 peccatis,
1451 1544 1671 1612 subjecti

159 1662 278 1713 situt;
305 1650 367 1703 ita
393 1658 445 1704 et
472 1647 757 1716 superiora
784 1643 1061 1696 rationalia
1096 1631 1337 1695 correcta
1365 1634 1674 1706 spontaneis

156 1741 307 1810 culpis,
332 1749 440 1808 quae
464 1737 623 1810 [1e90,
653 1734 812 1805 quas]
842 1734 1062 1787 forsitan
1101 1725 1426 1793 habuerunt,
1460 1728 1507 1782 ei
1544 1727 1673 1781 sub-

155 1833 260 1901 jecta
286 1841 416 1897 sunt,
446 1824 727 1897 completa
746 1819 1144 1896 dispensatione
1168 1824 1350 1877 habita
1382 1818 1480 1891 pro
1501 1819 1675 1873 salute

1773 636 2069 687 Accusatus
2093 643 2175 687 est
2198 633 2253 685 S.
2284 633 2516 689 Isidorus
2542 634 2831 698 Pelusiota,
2859 652 2956 705 pro
2979 652 3083 704 quo
3112 637 3345 705 Stepha-

1776 742 1900 780 num
1943 724 2213 781 Gobarum
2249 726 2587 791 Tritheitam,
2623 738 2681 782 ut
2716 730 2816 783 hoc
2856 729 2990 801 [LV]
3039 730 3105 800 ab
3146 745 3210 783 eo
3246 729 3348 783 cri-

1776 832 1895 870 men
1941 817 2248 885 depelleret,
2292 820 2574 887 scripsisse
2615 820 2843 872 allirmat
2886 820 3078 872 ibidem
3124 819 3347 873 Photius

1776 908 1894 960 cod.
1922 907 2048 961 232.
2087 908 2385 962 Accusatus
2430 921 2513 964 est
2556 911 2612 962 S.
2652 910 2882 965 Joannes
2931 912 3347 981 Chrysostomus

1779 1011 1807 1048 a
1834 994 2130 1063 Theophila
2155 997 2538 1051 Alexandrino.
2560 999 2837 1067 Theophili
2868 1015 2992 1054 vero
3010 1000 3145 1053 liber
3164 1012 3348 1053 contra

1776 1072 2195 1156 Chrys‘os’tom'um
2240 1088 2493 1156 Scriptus,
2532 1090 2721 1143 Latine
2773 1106 3062 1145 conversus
3093 1101 3176 1144 est
3216 1106 3244 1143 a
3284 1092 3341 1146 S.

1777 1176 2373 1249 Hiero‘nymo,'eju5que
2400 1182 2769 1257 translationis
2804 1184 3160 1253 fragmentum
3191 1182 3349 1236 affert

1776 1270 2064 1323 Faeundus
2100 1270 2505 1325 Hermianensis
2558 1271 2659 1326 lib.‘
2687 1268 2764 1334 vt,
2810 1288 2926 1340 cap.
2959 1272 3012 1325 5.
3052 1273 3348 1327 Accusatus

1776 1362 1875 1415 fuit
1904 1362 2153 1430 denique,
2191 1377 2256 1415 ne
2298 1362 2488 1417 Omnes
2530 1378 2861 1431 enumerem,
2898 1365 2956 1420 S.
2986 1363 3220 1419 Hilarius
3266 1364 3350 1419 Pi-

1777 1453 2082 1507 ctaviensis.
2246 1458 2247 1461 ‘
2886 1447 2889 1451 ’
2976 1476 2979 1479 ι
3028 1452 3029 1455 “

1845 1544 1977 1600 Cum
2008 1546 2188 1612 itaque
2212 1560 2398 1600 omnes
2442 1546 2605 1600 hosce
2655 1548 2719 1602 de
2763 1547 3099 1617 Origenismo
3149 1548 3343 1618 injuria

1779 1647 2059 1691 accusatos
2088 1637 2253 1692 luisse
2285 1653 2442 1691 nemo
2484 1638 2595 1707 jam
2630 1634 2857 1703 dubitet,
2921 1641 3180 1709 suspicari
3233 1641 3347 1694 for-

1780 1737 1924 1782 tasse
1960 1728 2099 1797 quis
2143 1739 2343 1798 posset,
2412 1730 2692 1801 Didymum
2728 1745 2940 1799 quoque
2979 1732 3246 1785 immerito
3283 1733 3348 1784 de

1777 1816 1964 1871 eodem
2003 1804 2310 1872 accusatum
2339 1818 2537 1882 fuisse;
2573 1834 2696 1872 nam
2741 1830 2865 1874 ante
2911 1830 3121 1873 sextum
3155 1820 3345 1874 Eccle-

158 1890 439 1978 cttnclontni.
472 1890 863 1975 Possibile'es't
892 1911 1083 1968 autem
1115 1890 1672 1981 aliquos‘liujusmodi
1708 1890 1749 1948 Β
1778 1900 2149 1961 sitc’saaculum
2171 1908 2351 1963 nullus
2376 1910 2595 1963 omnino
2623 1910 2875 1987 scriptor,
2899 1921 3091 1979 praeter
3122 1909 3179 1963 S.
3221 1910 3347 1962 Hie-

156 2014 413 2084 spontaneis
435 2010 703 2081 passionis
724 2008 1086 2063 voluntatibus
1109 1998 1439 2058 abstinentes
1467 1996 1668 2066 dicere,

158 2109 249 2173 quia
275 2121 366 2159 non
393 2106 612 2159 omnino
637 2100 864 2154 mutatio
900 2098 1039 2152 facta
1071 2094 1404 2165 significatur
1430 2095 1673 2149 subdito-

157 2214 247 2250 nun
277 2197 567 2252 animalium
605 2194 969 2263 superiorum.
1010 2208 1029 2241 ι
1070 2188 1339 2243 Hactenus
1394 2188 1672 2257 Didymus.

158 2292 234 2355 Qui
259 2291 373 2344 adeo
396 2280 679 2358 perspicue
708 2284 797 2338 hic
829 2282 1087 2349 loquitur,
1120 2288 1179 2333 ut
1210 2278 1393 2347 negari
1421 2279 1531 2346 jam
1568 2290 1673 2329 non

156 2381 304 2445 possit,
332 2380 449 2445 quin
481 2380 696 2446 aliquos
724 2373 939 2442 angelos
967 2379 1372 2441 spontanearum
1403 2366 1677 2437 culparum

157 2482 267 2527 reos.
297 2467 457 2521 salvos
492 2480 590 2535 per
624 2463 805 2518 Iesum
834 2461 1105 2515 Christum
1141 2458 1456 2513 factosesse
1488 2456 1676 2511 existi-

156 2558 357 2622 maverit,
388 2572 448 2611 ac
472 2565 724 2625 purgatos
761 2560 923 2621 atque
948 2558 1241 2604 correctos.
1366 2544 1369 2547 λ

211 2649 274 2703 Ex
300 2649 388 2702 hoc
411 2658 588 2700 tamen
621 2647 886 2698 duntaxat
915 2642 1029 2695 loco
1066 2642 1188 2710 jure
1222 2637 1411 2693 inferri
1448 2652 1556 2691 non
1586 2649 1681 2705 po-

158 2746 257 2803 test,
279 2748 329 2791 ut
349 2738 553 2805 opinor,
584 2735 883 2790 ei'omtt'em
911 2728 1220 2799 Origenia‘ni
1255 2728 1560 2799 systematis
1586 2726 1679 2781 ab-

158 2828 417 2883 surditalem
441 2828 726 2895 probatam
766 2822 949 2875 fuisse.
987 2819 1121 2873 Nam
1152 2818 1325 2889 primo
1358 2832 1464 2872 non
1491 2817 1555 2871 de
1575 2817 1681 2870 dae-

159 2921 361 2974 monibus
391 2921 516 2989 agit,
552 2920 649 2974 sed
692 2918 758 2970 de
799 2915 1001 2982 angelis
1031 2912 1213 2981 lapsis,
1244 2924 1436 2979 nempe
1481 2924 1584 2962 non
1615 2908 1681 2960 de

158 3012 360 3065 omnibus
404 3010 567 3079 lapsis
604 3006 833 3076 angelis,
880 3005 971 3059 sed
1013 3004 1078 3057 de
1109 3001 1448 3071 quibusdam.
1480 2999 1681 3053 Deinde

161 3116 239 3153 non
269 3101 324 3155 de
362 3101 588 3170 peccatis
629 3095 967 3155 mortalibus.
996 3093 1065 3147 ob
1108 3105 1228 3160 qua!
1267 3089 1459 3144 inferni
1495 3102 1681 3156 pceuas

161 3193 424 3257 meruerint,
471 3193 683 3246 videtur
722 3188 893 3257 loqui,
924 3186 1015 3241 sed
1051 3186 1115 3238 de
1142 3183 1314 3251 culpis
1346 3179 1677 3234 venialibus:

162 3294 205 3336 ιιι
235 3286 428 3353 proinde
468 3284 693 3338 tertium
726 3279 992 3349 quoddam
1026 3275 1334 3345 angelorum
1381 3286 1550 3343 genus
1587 3272 1681 3325 ad-

161 3378 333 3432 misisse
361 3376 618 3439 videatnr,
648 3373 742 3442 qui
778 3370 938 3425 medii
978 3370 1084 3424 sint
1112 3370 1251 3422 inter
1280 3372 1494 3421 sanctos
1518 3377 1681 3431 ange-

132 3467 241 3531 .los,
266 3476 314 3523 et
343 3468 546 3539 angelos
578 3464 868 3532 reprobos,
900 3463 1016 3516 sive
1049 3464 1342 3513 daemones.
1374 3456 1429 3511 ln
1467 3455 1682 3523 scriptis

161 3573 280 3625 sane,
316 3574 423 3629 qua:
455 3559 614 3614 hodie
653 3563 964 3625 supersunt,
996 3565 1220 3622 quaeque
1273 3551 1389 3618 ipse
1441 3546 1681 3617 legerim,

164 3666 376 3720 nusquam
419 3651 640 3711 indicat,
668 3648 725 3702 ni
760 3646 938 3708 fallor,
969 3643 1132 3699 ullam
1161 3656 1225 3697 ex
1262 3639 1504 3709 reprobis
1530 3651 1684 3692 crea-

166 3744 271 3797 turis
296 3745 353 3798 ab
382 3744 567 3798 inferni
609 3740 791 3812 poenis
824 3738 1103 3792 liberatam
1149 3735 1335 3796 fuisse,
1366 3741 1459 3785 aut
1487 3730 1684 3785 libera-

165 3840 250 3882 tum
274 3833 326 3885 iri
354 3852 366 3887 :
391 3835 511 3903 quin
546 3848 577 3887 e
610 3828 892 3886 contrario
925 3826 1119 3893 saepius
1151 3824 1329 3887 docet,
1363 3831 1419 3875 ut
1441 3821 1684 3890 superius

165 3921 267 3986 dixi,
302 3925 637 3991 reproborum
687 3918 945 3989 supplicia
992 3916 1107 3970 fore
1156 3914 1504 3983 sempiterna.
1561 3910 1684 3965 Ideo

165 4022 308 4065 autem
338 4014 383 4067 in
412 4015 546 4068 hanc
582 4014 652 4067 de
692 4008 1002 4077 angelorum
1045 4004 1397 4074 quorumdam
1433 4001 1685 4056 emenda-

167 4102 283 4159 tione
304 4106 605 4162 sententiam
637 4103 928 4171 Didymum
964 4097 1184 4159 venisse
1213 4095 1461 4164 conjicio,
1496 4104 1556 4148 ut
1580 4110 1686 4148 ma-

168 4194 231 4261 gis
273 4200 521 4268 magisque
575 4210 701 4251 sese
756 4191 1061 4246 Manicbzcis
1123 4197 1417 4258 opponeret
1470 4206 1485 4241 :
1553 4186 1685 4240 mihi

169 4286 278 4340 enim
306 4290 454 4356 ipsius
496 4286 883 4342 Enarrationcs
916 4280 1115 4351 legenti
1154 4279 1241 4332 vix
1276 4278 1379 4331 alia
1417 4280 1485 4332 de
1524 4293 1686 4331 causa

170 4390 277 4445 opus
292 4379 404 4433 illud
434 4377 811 4445 composuisse
841 4375 1071 4438 videtur,
1105 4386 1264 4441 quam
1293 4378 1349 4422 ut
1376 4369 1685 4438 pestiferam

172 4464 350 4520 istorum
374 4470 616 4523 haeresim
645 4466 971 4522 confutaret.
1013 4462 1143 4517 Cum
1187 4460 1366 4527 itaque
1396 4456 1687 4512 Catholicis

1784 2012 2088 2067 runymum,
2112 1998 2250 2051 haue
2279 1999 2327 2052 ci
2350 2007 2527 2051 notam
2555 2001 2775 2064 inussit,
2801 2002 2849 2053 ni
2881 1999 3035 2053 fallor
3061 2000 3345 2065 :'sed'con-

1779 2099 1861 2144 tra
1897 2080 2046 2143 multi
2076 2088 2301 2144 summis
2328 2107 2448 2146 eum
2479 2093 2726 2145 laudibus
2778 2094 3112 2159 extulerunt,
3136 2102 3205 2146 ‘ut
3238 2080 3341 2147 So-

1785 2192 2001 2248 crates,‘
2044 2181 2395 2247 Sozomenus,
2445 2184 2836 2238 Theodoretus.
2900 2174 3093 2239 Mirum
3166 2176 3341 2241 autem

1776 2275 1945 2328 videri
1990 2272 2195 2342 potest,
2239 2275 2380 2342 quod
2442 2274 2706 2342 nusquam
2755 2292 2874 2329 eum
2930 2280 3347 2346 reprehenderit

1780 2381 2005 2437 magnus
2038 2366 2127 2419 ille
2158 2366 2585 2431 Origenismrum
2644 2368 2987 2422 adversarius
3021 2369 3080 2422 S.
3112 2370 3349 2438 Epipha-

1782 2458 1924 2521 nius,
1954 2472 2127 2526 neque
2160 2458 2211 2510 in
2236 2457 2475 2525 Epistola
2500 2460 2566 2510 ad
2597 2458 2851 2511 Joannem
2880 2461 3170 2528 episcopum
3196 2461 3350 2514 Jero-

1784 2538 2158 2617 solgmitanum
2190 2549 2310 2617 (etsi
2346 2546 2396 2601 in
2422 2563 2483 2601 ea
2513 2549 2579 2602 de
2625 2548 2946 2619 Origenistis
2980 2551 3202 2619 loquens
3232 2551 3347 2605 llu-

1788 2640 1979 2701 linum,
1996 2638 2066 2691 ac
2092 2637 2388 2691 Palladium
2418 2638 2673 2705 incuset),
2701 2653 2874 2707 neque
2901 2639 2950 2693 iu
2983 2638 3240 2703 Panario,
3260 2640 3350 2695 ubi

1783 2732 1849 2785 de
1877 2716 2126 2784 omnibus
2153 2730 2469 2795 hmresibus,
2497 2745 2559 2783 ac
2606 2732 2887 2799 prtecipuis
2936 2747 3122 2785 earum
3167 2743 3350 2800 patro-

1783 2824 1867 2876 nis
1889 2824 2192 2876 sermonem
2235 2823 2414 2885 habet.
2456 2838 2630 2892 neque
2668 2824 2718 2875 in
2752 2824 2857 2877 ullo
2880 2824 2986 2877 alio
3003 2840 3182 2892 opere.
3204 2824 3345 2890 Quin

1784 2913 1911 2967 illud
1940 2915 2101 2967 etiam
2133 2912 2542 2966 admirationem
2609 2913 2842 2980 aliquam
2903 2915 3101 2971 habere
3150 2928 3348 2985 potest,

1784 3006 1925 3073 quod
1954 2992 2127 3074 neque
2158 3004 2488 3073 Augustinus
2536 3004 2587 3057 in
2651 3004 2789 3059 libro
2834 3004 2912 3058 De
2952 3007 3234 3062 hwresibus
3263 3009 3353 3063 Di-

1785 3096 2001 3167 dymunt
2064 3105 2350 3162 memoret,
2392 3111 2491 3150 nec
2537 3095 2783 3151 Gelasius
2821 3101 3123 3167 apocrypha
3162 3116 3357 3155 recen-

1786 3202 1913 3242 sens
1981 3203 2141 3257 opera
2203 3187 2366 3240 ullum
2426 3185 2644 3256 Didymi
2696 3202 2829 3255 Opus
2864 3192 3122 3251 nominet,
3178 3205 3355 3259 neque

1789 3277 2117 3347 Theophilus
2158 3278 2556 3332 Alexandrinus
2592 3277 3046 3348 Origenistarum,
3089 3291 3139 3333 et
3163 3279 3355 3351 Orige-

1785 3370 1930 3425 niani
1962 3371 2271 3441 systetnatis
2298 3371 2605 3431 damnator,
2639 3372 2967 3425 mentionem
3016 3372 3224 3443 Didymi
3256 3390 3355 3428 un-

1785 3478 1945 3534 quam
1970 3463 2133 3517 faciat
2173 3464 2225 3516 in
2252 3462 2495 3532 epistolis
2526 3472 2715 3515 contra
2747 3461 3030 3532 Origenem
3056 3476 3216 3534 atque
3234 3466 3353 3520 Ori-

1786 3555 2026 3625 genistas
2050 3555 2291 3623 scriptis,
2321 3568 2382 3608 ac
2413 3554 2465 3607 in
2494 3552 2793 3607 Nitrienses
2822 3555 3036 3623 quidem
3063 3556 3356 3611 monachos

1789 3647 2098 3711 invehatur,
2133 3646 2401 3698 neminem
2440 3659 2566 3697 vero
2616 3656 3020 3709 commemoret,
3050 3662 3205 3715 quem
3229 3647 3354 3703 Ori-

1786 3737 2031 3807 genianis
2062 3736 2334 3790 erroribus
2383 3749 2412 3788 a
2442 3735 2664 3804 Didymo
2688 3736 2944 3789 imbutum
2974 3736 3217 3791 aﬂirmct.
3243 3738 3356 3792 lmo

1786 3844 1854 3883 ne
1884 3828 1937 3882 in
1965 3828 2169 3900 synodo
2202 3828 2441 3897 quidem,
2477 3843 2638 3895 quant
2677 3828 2729 3881 in
2787 3827 2955 3881 Nitria
2995 3832 3060 3883 ad
3105 3831 3357 3885 condem-

1787 3921 2001 3976 nandos
2034 3920 2368 3987 Origenislas
2422 3920 2612 3973 habuit
2664 3918 2779 3988 ipse
2844 3919 3192 3990 Theophilus,
3248 3922 3352 3976 ulla

1788 4012 1998 4082 Didymi
2032 4012 2232 4065 mentio
2258 4008 2393 4062 facta
2425 4020 2537 4064 est:
2569 4020 2622 4063 ut
2643 4026 2707 4063 ex
2737 4027 2799 4063 eo
2826 4012 3036 4079 colligo,
3064 4015 3204 4082 quod
3236 4014 3358 4069 Hie-

1788 4117 2043 4173 ronymus
2070 4102 2123 4155 in
2166 4101 2389 4172 epistola
2418 4101 2519 4155 155
2548 4104 2613 4153 ad
2646 4100 3030 4164 Ctesiphontem
3061 4121 3183 4175 pag.
3218 4106 3357 4159 1023

1797 4204 1853 4249 et
1875 4194 2143 4264 sequenti,
2170 4194 2366 4248 multos
2395 4208 2739 4259 enumerans,
2772 4211 2835 4250 ac
2863 4197 3165 4260 nominans,
3197 4201 3354 4267 quiin

1788 4301 1853 4342 eo
1869 4286 2099 4342 concilio
2115 4286 2349 4339 damnati
2364 4294 2508 4350 sunt,
2528 4285 2808 4356 Didymum
2824 4303 2927 4341 non
2948 4302 3353 4344 commemorat.

1859 4378 1930 4431 At
1956 4378 2207 4448 quamvis
2241 4376 2356 4431 bmc
2384 4377 2454 4429 ita
2488 4392 2545 4431 se
2576 4377 2830 4441 habeant,
2857 4381 2900 4432 si
2930 4382 3143 4447 probari
3177 4392 3357 4436 tamen

1796 4480 1981 4540 posset
2015 4470 2157 4539 quod
2186 4468 2451 4522 Baronius
2501 4478 2555 4522 et
2599 4467 2803 4523 Natalis
2854 4471 3159 4526 Alexander
3187 4475 3357 4537 aiunt,

173 4557 271 4613 illud
289 4562 524 4628 objicere,
558 4577 626 4616 ac
659 4560 916 4615 dictitare
944 4571 1049 4611 non
1080 4564 1358 4610 cessarent
1390 4550 1680 4614 Manichaai,

1798 4563 2076 4618 Melaniam
2105 4566 2367 4619 seniorem
2388 4546 2729 4635 Origenianis
2754 4564 3031 4618 erroribus
3059 4579 3087 4616 a
3136 4564 3359 4634 Didymo

172 4649 392 4706 (laniones
417 4669 530 4708 esse
561 4665 756 4707 natura
797 4649 990 4712 malos,
1020 4647 1180 4717 idque
1211 4647 1465 4716 Didymus
1496 4644 1688 4699 falsum

172 4752 265 4793 esse
293 4748 559 4799 ostendere
601 4743 803 4805 vellet;
841 4756 906 4796 eo
948 4742 1207 4794 adductus
1246 4746 1348 4799 est,
1383 4746 1441 4790 ut
1468 4737 1689 4799 diceret,

174 4829 342 4897 aliquos
369 4837 573 4903 quidem
618 4851 685 4890 ex
713 4834 916 4903 angelis
955 4833 1143 4901 lapsis,
1178 4831 1318 4901 quod
1357 4830 1551 4894 minus,
1597 4838 1689 4881 aut

173 4924 405 4979 venialiter
426 4927 784 4995 peccaverint,
815 4926 1099 4979 damnatos
1148 4938 1250 4975 non
1280 4936 1419 4985 esse,
1447 4920 1540 4974 sed
1575 4933 1689 4988 pte-

175 5012 370 5070 aitentite
392 5017 560 5072 locum
593 5016 844 5072 relictum
871 5017 950 5070 eis
982 5014 1178 5079 fuisse;
1202 5013 1338 5066 alios
1362 5028 1513 5076 vero,
1546 5010 1688 5078 quod

175 5104 422 5158 mortaliter
460 5108 823 5176 peccaverint,
851 5116 905 5161 et
947 5105 1006 5169 ἐξ
1035 5104 1240 5166 οἰκείας
1266 5103 1487 5173 γνώμης
1513 5101 1691 5155 ἀδόκι-

178 5207 250 5259 μοι
270 5196 349 5246 καὶ
363 5196 587 5268 βέϐηλοι.
610 5208 671 5251 ut
691 5199 805 5268 ipse
823 5196 913 5250 lib.
939 5213 976 5250 tt
1002 5196 1079 5250 De
1100 5196 1271 5260 Trin.,
1302 5209 1419 5262 cap.
1442 5193 1495 5261 6,
1515 5209 1566 5261 p.
1592 5194 1689 5247 148

178 5280 387 5352 loquitur,
403 5288 519 5343 facti
535 5288 985 5358 fuerint,l:eternis
1000 5286 1273 5357 suppliciis
1288 5285 1582 5339 cruciatum
1602 5286 1688 5342 iri.

261 5375 369 5430 Cn.
396 5379 526 5435 XIV.
558 5381 635 5435 De
662 5379 986 5450 Origenismo
1015 5379 1301 5447 generatim
1333 5385 1578 5445 spectato.

234 5462 393 5524 Places
416 5473 585 5538 quarti
609 5472 790 5527 saeculi
821 5471 1007 5525 Patres
1032 5470 1095 5525 de
1117 5467 1455 5540 Origenismo
1480 5483 1694 5524 accusa-

184 5557 423 5621 tosluisse,
454 5563 605 5630 pauci
633 5572 757 5617 sunt
786 5560 1016 5630 theologi
1038 5562 1127 5629 qui
1162 5563 1431 5631 ignorent.
1458 5563 1694 5615 Accusa-

186 5650 254 5695 tus
278 5646 362 5700 fuit
395 5650 448 5704 S.
474 5652 764 5723 Gregorius
798 5652 1092 5723 Nysseuus,
1132 5669 1291 5722 quem
1323 5653 1390 5707 ab
1421 5654 1520 5707 hac
1571 5660 1693 5705 nota

186 5732 384 5791 defendit
408 5742 462 5795 S.
485 5743 782 5798 Germanus
808 5743 1114 5812 patriarcha
1142 5741 1695 5812 Constantinopolita-

242 5845 282 5878 ⁸⁸
304 5850 484 5910 Coloss.
515 5874 551 5923 ι,
580 5858 671 5912 20.
747 5860 790 5892 ⁸⁹
816 5859 944 5915 Luc.
973 5875 1031 5925 tt,
1059 5859 1137 5913 14.

1804 4655 2068 4709 imbutam
2101 4654 2288 4717 fuisse,
2321 4656 2496 4710 nullus
2517 4657 2626 4721 jam
2653 4655 3045 4722 relinqueretur
3069 4654 3132 4707 de
3152 4654 3358 4723 Didymi

1797 4749 2142 4817 Origenismo
2168 4748 2448 4803 dubitandi
2487 4749 2656 4803 locus.
2689 4749 2793 4804 Sed
2827 4759 3006 4801 utrum
3059 4749 3107 4800 id
3158 4747 3361 4803 elllcaei

1794 4841 1974 4909 aliquo
2006 4850 2327 4911 argumento
2360 4840 2664 4895 confirmari
2690 4842 2878 4908 possit,
2925 4839 3064 4891 haud
3098 4839 3231 4891 scio.

1863 4930 2001 4996 Quid
2028 4944 2155 5000 ergo
2187 4931 2421 4993 tandem,
2458 4930 2689 4998 inquies,
2707 4930 3048 4982 statuendum
3073 4930 3191 4982 est?
3213 4928 3362 4983 Fuit-

1790 5038 1865 5077 ne
1914 5022 2168 5091 Didymus
2215 5021 2543 5091 Origenista,
2580 5020 2797 5075 annon?
2822 5020 2963 5075 Satis
3000 5021 3226 5075 fortasse
3249 5022 3359 5091 jam

1796 5112 1920 5167 alibi
1953 5114 2078 5181 quid
2132 5114 2261 5167 ntihi
2311 5113 2592 5184 probetur,
2662 5112 2917 5169 indicavi.
2975 5111 3238 5167 Nimirum
3268 5131 3365 5183 pro

1797 5205 2089 5271 compertis
2116 5204 2229 5257 haec
2284 5213 2489 5256 tantum
2539 5202 2785 5257 habenda
2833 5204 3104 5269 existimo,
3156 5221 3272 5275 quae
3297 5222 3365 5260 ex

1798 5305 2025 5348 veterum
2054 5296 2372 5348 testimoniis
2398 5305 2650 5349 constant
2677 5295 2729 5348 in
2790 5305 3032 5350 extremo
3082 5298 3181 5350 huc
3219 5298 3366 5351 volu-

1798 5387 2004 5441 minea
2046 5401 2133 5440 mc
2190 5387 2368 5443 editis.
2425 5385 2640 5450 Primo,
2699 5386 2947 5456 Origcnis
3005 5389 3362 5441 eruditionem

1799 5492 2066 5531 summum
2097 5478 2150 5530 in
2184 5476 2400 5530 modum
2426 5477 2722 5530 mirabatur
2754 5478 3029 5546 Didymus.
3074 5478 3204 5539 Quis
3237 5492 3365 5529 vero

1798 5583 1915 5622 eam
1946 5582 2050 5621 non
2082 5568 2348 5621 miretur‘l
2380 5568 2652 5629 Secundo,
2697 5568 2748 5619 in
2778 5567 2844 5620 iis
2866 5568 3113 5620 omnibus
3143 5582 3261 5635 quae
3295 5567 3365 5623 ad

1797 5660 2192 5714 sanctissimam
2224 5660 2542 5714 Trinitatem
2571 5668 2849 5727 spectant,
2881 5660 3210 5712 orthodoxus
3247 5658 3364 5713 sine

1798 5753 1957 5807 dubio
1983 5752 2206 5819 exstitit,
2242 5753 2356 5823 ipso
2385 5753 2436 5806 id
2464 5751 2664 5806 fatente
2690 5750 3030 5810 llteronvmo.
3056 5750 3147 5804 sed
3176 5747 3363 5820 Orige-
