3774 6330
394 382 497 438 ’ἒο7

1832 375 1920 430 DE
1960 372 2212 429 DIDYMO

3512 368 3617 424 208

398 498 483 551 nis
534 504 708 549 tamen
763 494 937 563 quoad
988 493 1103 548 haec
1166 500 1534 563 pr0pugnalor
1579 491 1955 561 apertis-simus
1984 493 2027 549 A
2060 489 2129 544 tis
2162 486 2427 555 conjicere
2459 484 2605 540 licet.
2640 483 2694 538 ld
2729 498 2912 539 autem
2934 524 2948 549 ,
2980 482 3029 563 si
3062 484 3138 539 sic
3174 498 3231 537 se
3261 482 3444 546 habet,
3476 484 3615 539 haud

400 586 519 650 fuit,
549 585 689 653 quod
714 596 835 636 eum
864 583 931 637 de
958 582 1218 637 Trinitate
1247 581 1511 637 catholice
1570 581 1804 637 sensisse
1829 594 1955 634 con-

399 678 663 733 tenderet.
701 676 901 741 Tertio,
941 675 990 728 in
1023 674 1089 728 iis
1117 689 1232 743 qua:
1262 682 1474 728 exstant
1508 672 1722 741 scriptis
1772 672 1953 741 plures

400 767 618 820 adhibet
644 763 959 828 locutiones,
991 778 1124 829 quas
1184 772 1338 815 antea
1381 762 1638 830 Origenes
1666 774 1959 829 usurpave-

401 869 504 920 rat,
553 871 781 925 quaeque
834 854 1051 908 etiamsi
1100 853 1423 907 catholicum
1489 866 1707 907 sensum
1766 852 1961 906 habere

400 957 621 1015 queant,
650 954 768 1014 post
796 944 1001 1013 Didymi
1059 952 1232 997 tamen
1284 942 1487 996 obitum
1527 948 1789 1010 suspecta:
1842 954 1963 995 eva-

402 1050 608 1103 serunt,
644 1049 754 1092 tum
788 1036 997 1091 scilicet
1018 1050 1139 1089 cum
1183 1049 1369 1087 earum
1425 1033 1710 1087 nonnullas
1741 1031 1957 1102 quidem

403 1142 433 1180 a
464 1126 789 1197 Pelagianis,
827 1124 961 1178 alias
992 1138 1123 1177 vero
1146 1123 1212 1177 ab
1237 1122 1680 1191 Origenianorum
1710 1134 1957 1175 errorum

402 1220 643 1291 patronis
672 1230 837 1287 pravo
871 1230 1029 1271 sensu
1071 1214 1311 1268 adhiberi
1354 1222 1690 1282 compertum
1737 1220 1840 1268 est.
1867 1212 1965 1266 De-

407 1316 567 1382 nique
589 1328 708 1367 cum
735 1310 931 1366 sacculo
961 1310 1150 1379 quinto
1198 1308 1447 1362 maximae.
1496 1306 1835 1362 auctoritatis
1882 1306 1967 1361 vir

405 1407 780 1476 ilieronymus,
821 1411 875 1458 et
914 1417 943 1456 a
973 1410 1126 1456 sexto
1157 1399 1374 1463 saeculo,
1399 1399 1510 1453 sive
1558 1412 1589 1453 a
1641 1398 1846 1466 quinta;
1878 1411 1967 1468 sy-

407 1497 527 1551 nodi
556 1504 793 1565 tempore
820 1507 989 1563 usque
1014 1492 1077 1545 ad
1110 1492 1249 1545 hanc
1300 1500 1513 1543 aetatem
1573 1488 1666 1543 alii
1719 1488 1959 1558 plurimi,

405 1604 635 1659 quorum
692 1586 852 1641 verba
888 1587 940 1641 in
991 1597 1214 1640 veterum
1268 1581 1311 1635 Τ
1313 1583 1622 1648 estimoniis,
1678 1581 1745 1636 de
1776 1582 1971 1651 quibus

406 1680 566 1734 modo
601 1678 867 1740 dicebam,
906 1678 1007 1747 legi
1064 1683 1306 1745 possunt,
1354 1674 1633 1743 Didymum
1691 1685 1749 1727 ut
1782 1672 1972 1742 Orige-

409 1770 605 1825 nistam
643 1769 953 1831 habuerim,
981 1768 1088 1821 imo
1108 1766 1449 1820 anathemate
1490 1764 1839 1833 perculerint,
1869 1765 1971 1818 du-

2058 580 2235 643 magni
2277 580 2374 632 hac
2408 578 2460 630 in
2493 592 2551 631 re
2585 576 2867 645 Nicephori
2905 562 3201 629 auctoritas
3227 574 3483 628 momenti
3507 585 3604 630 est.

2059 670 2211 738 Apud
2238 668 2521 739 Evagrium
2576 668 2719 721 enim
2777 666 2877 736 legi
2936 654 3179 735 profecto
3206 665 3364 720 debet
3394 666 3465 719 τὰ
3493 666 3623 736 περὶ

2060 759 2282 825 τούτων,
2312 774 2413 813 non
2450 772 2577 812 vero
2596 756 2743 827 παρὰ
2768 754 2990 820 τούτων,
3016 766 3106 809 aut
3131 756 3198 809 τὰ
3227 756 3378 828 παρὰ
3395 755 3615 809 τούτων.

2061 853 2273 908 Etenim
2314 851 2359 906 si
2398 852 2547 923 παρὰ
2576 851 2799 912 τούτων.
2833 860 2926 906 aut
2951 850 3020 903 τὰ
3037 849 3187 921 παρὰ
3214 848 3416 902 τούτων
3446 850 3620 919 legere

2061 947 2182 1014 quis
2208 944 2356 1009 velit,
2410 954 2501 996 aut
2521 944 2752 997 hiulcarn
2785 944 2877 1006 ibi,
2913 954 3007 998 aut
3038 942 3393 1013 inelegantem
3435 944 3621 1000 reddet

2064 1035 2358 1104 Nicephori
2391 1036 2713 1089 orationem.

2137 1128 2294 1182 Solus
2329 1142 2455 1198 ergo
2479 1126 2633 1181 nobis
2660 1127 2817 1181 modo
2865 1125 3191 1195 relinquitur
3240 1125 3621 1199 Hieronymus,

2064 1236 2221 1291 quem
2266 1230 2415 1275 certo
2439 1229 2649 1274 constet
2672 1234 2776 1273 non
2828 1219 3052 1272 aliorum
3098 1218 3245 1280 ﬁdei,
3283 1234 3378 1279 seu
3441 1234 3625 1273 narra-

2065 1313 2197 1367 tioni
2233 1313 2498 1375 innisum,
2536 1326 2635 1365 nec
2664 1310 2983 1380 fragmentis
3020 1327 3049 1364 e
3082 1310 3308 1380 Didytno
3334 1313 3623 1381 escerptis,

2066 1420 2096 1460 e
2124 1405 2319 1474 quibus
2368 1418 2507 1473 saepe
2550 1419 2677 1458 vera
2735 1403 2969 1458 auctoris
3020 1404 3285 1459 sententia
3333 1404 3514 1473 colligi
3540 1420 3629 1458 ne-

2067 1498 2206 1567 quit,
2241 1496 2518 1566 Didymum
2568 1505 2625 1549 ut
2674 1493 3033 1565 Origenistam
3086 1495 3410 1560 traduxisse,
3429 1497 3528 1550 sed
3564 1511 3624 1550 ex

2068 1588 2201 1658 ipsis
2234 1587 2441 1657 Didymi
2500 1587 2776 1655 operibus,
2831 1587 3005 1655 iisque
3061 1586 3311 1656 genuinis
3358 1586 3519 1655 (nihil
3548 1597 3629 1642 est

2069 1682 2211 1734 enim
2242 1694 2337 1733 cur
2378 1681 2445 1733 de
2479 1678 2579 1732 hoc
2636 1677 2962 1738 dubitemus)
3019 1678 3417 1732 accusationem
3464 1693 3622 1732 suam

2072 1770 2490 1840 deprompsisse.
2531 1768 2645 1824 Etsi
2667 1771 2810 1823 enim
2834 1769 3069 1838 quandiu
3107 1769 3159 1823 in
3183 1768 3319 1823 vivis
3343 1769 3441 1822 fuit
3468 1769 3629 1840 Didy-

410 1861 570 1915 bilari
602 1859 793 1914 merito
833 1874 936 1912 non
992 1866 1186 1933 potest.
1234 1857 1363 1926 quin
1392 1856 1504 1925 ipse
1553 1858 1692 1917 inter
1716 1856 1967 1927 Origeni-
1999 1843 2040 1899 Β
2069 1878 2208 1924 mus,
2235 1863 2441 1931 magnis
2486 1875 2607 1914 eum
2666 1860 2915 1915 laudibus
2969 1860 3240 1923 extulerit,
3273 1875 3336 1914 ac
3373 1860 3627 1915 videntem

411 1961 524 2006 stas
552 1950 912 2004 numerandus
937 1951 1030 2003 sit.

484 2044 589 2099 Sed
614 2060 720 2114 quo
749 2058 930 2109 sensu,
960 2051 1017 2097 ut
1047 2042 1118 2096 ita
1146 2041 1341 2109 dicam,
1375 2040 1537 2096 fuerit
1571 2040 1897 2112 Origenista,
1919 2042 1972 2096 id

413 2146 524 2201 est,
555 2150 675 2189 cum
713 2144 793 2188 tot
818 2135 925 2188 sint
954 2148 1167 2187 errores
1213 2132 1430 2199 Origeni
1491 2132 1697 2198 tributi,
1752 2133 1971 2201 quibus-

415 2243 535 2280 nam
572 2227 858 2281 adhaeserit
887 2225 1165 2295 Didymus,
1202 2224 1341 2278 haud
1367 2223 1480 2277 scio
1504 2239 1571 2276 an
1615 2233 1728 2277 tuto
1761 2223 1971 2277 deﬁniri

417 2327 600 2386 queat.
633 2316 765 2370 Nam
802 2317 854 2369 in
881 2315 1097 2383 scriptis
1125 2314 1365 2383 quidem,
1393 2330 1511 2384 quae
1537 2325 1844 2383 supersunt,
1883 2314 1973 2367 vix

416 2408 517 2463 ulla
556 2407 658 2461 alia
684 2415 832 2461 certo
879 2414 1102 2474 apparet
1158 2403 1480 2474 Origeniana
1531 2404 1734 2472 opinio,
1784 2413 1975 2472 praeter

414 2517 554 2564 eam,
591 2513 750 2567 quam
780 2499 957 2567 capite
984 2497 1252 2567 superiori
1302 2497 1480 2562 attuli,
1517 2499 1583 2553 de
1629 2498 1833 2568 angelis
1854 2499 1976 2568 qui-

416 2591 667 2656 husdam,
698 2603 925 2659 quorum
952 2587 1139 2656 lapsus
1168 2586 1430 2654 ejusmodi
1469 2587 1647 2651 fuerit,
1676 2597 1732 2640 ut
1758 2586 1975 2640 aeternis

416 2682 694 2752 suppliciis
726 2695 831 2734 non
867 2680 1051 2734 statim
1084 2693 1206 2734 cum
1234 2680 1477 2749 reprobis
1512 2679 1718 2748 angelis
1740 2678 1976 2732 damnati

415 2774 547 2836 sint,
583 2772 675 2826 sed
701 2771 1031 2829 omnitentize
1052 2769 1204 2824 locus
1231 2770 1309 2824 eis
1344 2785 1632 2825 concessus
1682 2770 1862 2824 fuerit.
1900 2769 1977 2825 Ex

418 2864 671 2917 omnibus
723 2870 901 2915 autem
957 2859 1237 2916 veteribus
1267 2860 1640 2930 scriptoribus,
1688 2860 1779 2929 qui
1814 2859 1976 2931 Didy-

421 2969 564 3007 mum
598 2952 920 3019 Origenismi
946 2960 1297 3015 accusarunt,
1359 2967 1427 3006 ne
1475 2966 1610 3007 unus
1652 2951 1864 3020 quidem
1895 2961 1979 3006 est

417 3047 507 3116 qui
532 3046 645 3101 loca
673 3046 846 3113 aliqua
876 3059 941 3099 ex
973 3043 1196 3113 Didyme
1218 3044 1553 3113 deprompta,
1593 3053 1754 3114 atque
1795 3042 1977 3112 Orige-

422 3137 688 3189 nictarutn
711 3134 1074 3204 blasphemias
1106 3133 1437 3189 continentia
1496 3135 1651 3189 nobis
1679 3134 1973 3204 reliquerit,
2004 3170 2047 3229 ο

417 3227 577 3300 [LVI]
605 3229 710 3282 imo
734 3242 803 3282 ne
816 3241 953 3282 unus
979 3225 1193 3295 quidem
1210 3236 1291 3282 est
1314 3225 1379 3297 (si
1408 3224 1788 3298 Hieronymum
1820 3242 1978 3283 exce-

420 3320 584 3388 peris,
616 3319 680 3372 de
703 3333 809 3387 quo
842 3333 964 3371 mox
1006 3316 1203 3387 dicam)
1244 3316 1338 3385 qui
1396 3331 1491 3372 eos
1547 3318 1735 3371 saltem
1768 3317 1979 3389 Didymi

424 3410 589 3464 libros
620 3409 995 3474 nominavet-it,
1028 3410 1080 3464 in
1113 3410 1309 3477 quibus
1326 3408 1539 3464 easdem
1566 3408 1925 3480 blasphemiae
1946 3427 1977 3465 a

423 3501 646 3569 Didytno
672 3500 850 3554 doceri
883 3499 1294 3556 existimaverit.
1998 3567 2005 3575 ο

489 3588 685 3644 Fateor
717 3589 959 3658 quidem,
988 3588 1040 3642 in
1092 3587 1283 3643 Latina
1326 3588 1537 3658 Evagrii
1570 3587 1869 3644 scholastici
1898 3589 1978 3642 in-

421 3686 799 3753 terpretatione
823 3683 922 3737 lib.
957 3699 1029 3746 tv,
1055 3698 1173 3753 cap.
1206 3681 1293 3746 38,
1322 3682 1420 3753 legi
1450 3699 1465 3739 :
1498 3682 1797 3737 Retalerunt
1821 3683 1979 3735 etiam

421 3777 577 3829 iidem
619 3774 801 3829 Patres
832 3774 1023 3827 multas
1048 3774 1183 3828 alias
1210 3775 1440 3844 Didymi,
1470 3772 1701 3843 Evagrii,
1727 3791 1790 3827 ac
1822 3772 1981 3827 Thec-

420 3867 537 3919 dori
571 3866 936 3933 blasphemias,
976 3882 1105 3933 quas
1135 3865 1367 3919 studiose
1403 3865 1683 3919 admodum
1715 3881 1778 3919 ea:
1800 3882 1980 3918 eorum

421 3957 565 4007 libris
593 3966 972 4024 excerpserunt.
999 3955 1105 4010 Sed
1138 3956 1297 4009 verba
1330 3957 1463 4025 haec,
1488 3973 1551 4010 ea:
1592 3973 1769 4011 eorum
1811 3958 1978 4020 libris,

422 4050 487 4101 de
508 4062 604 4100 suo
623 4048 826 4102 addidit
854 4045 1073 4101 Latinus
1098 4048 1383 4116 interpres,
1410 4064 1531 4102 cum
1559 4050 1609 4102 in
1645 4048 1831 4103 Graeco
1855 4048 1978 4102 fon-

424 4147 499 4198 te,
529 4152 593 4191 es
624 4151 731 4205 quo
750 4136 921 4192 locum
956 4136 1108 4190 attuli
1141 4152 1260 4206 pag.
1312 4137 1440 4202 485,
1471 4153 1574 4192 non
1624 4139 1901 4208 legantur;
1935 4141 1981 4196 is

422 4228 562 4281 enim
587 4228 748 4281 habet
770 4244 784 4279 :
806 4226 887 4280 Τὰ
902 4227 1028 4298 περὶ
1054 4229 1257 4280 τούτων
1285 4226 1685 4298 ἐκλεξαμένοις,
1723 4244 1827 4282 non
1857 4245 1981 4285 vero

422 4318 574 4391 παρὰ
609 4317 835 4381 τούτων,
897 4329 955 4372 ιιι
1020 4317 1240 4389 proinde
1298 4320 1612 4375 vertendum
1670 4320 1845 4390 potius
1876 4322 1977 4377 sit:

420 4413 508 4479 qui
530 4412 763 4465 studiose
788 4410 1069 4464 admodum
1085 4427 1200 4481 qua:
1214 4411 1283 4464 ad
1304 4411 1439 4465 hanc
1479 4428 1585 4465 rem
1616 4410 1751 4483 [aut,
1768 4428 1884 4482 qua:
1912 4414 1979 4466 ad

2069 1953 2390 2021 prophetam,
2419 1961 2464 2004 et
2499 1950 2776 2020 Didymum
2811 1951 3087 2013 videntem,
3129 1958 3183 2004 et
3202 1952 3381 2003 oculos
3429 1952 3628 2004 haben-

2073 2055 2173 2098 tem
2203 2060 2402 2112 sponsa:
2448 2042 2511 2096 de
2549 2041 2762 2096 Cantica
2811 2042 3171 2107 canticorum,
3216 2050 3271 2095 et
3320 2043 3627 2111 magistrum

2072 2153 2221 2191 suum
2247 2152 2368 2189 eum
2399 2134 2701 2203 appellarit,
2752 2133 3045 2203 paucisque
3108 2142 3228 2201 post
3280 2133 3397 2202 ejus
3423 2133 3628 2188 obitum

2074 2228 2228 2281 annis
2250 2234 2486 2279 sanctum
2513 2225 2790 2294 Didymum
2816 2224 2993 2293 ipsum
3028 2224 3340 2287 nominarit,
3383 2224 3491 2279 imo
3516 2223 3631 2292 plu-

2073 2321 2225 2375 ribus
2254 2320 2410 2373 annis
2437 2327 2560 2387 post
2603 2318 2832 2386 scriptos
2880 2317 2932 2371 in
2969 2316 3218 2370 Ruﬁnum
3260 2316 3430 2370 libros
3461 2315 3628 2385 Didy-

2075 2427 2219 2465 mum
2246 2423 2552 2464 memorans
2578 2422 2637 2461 se
2670 2406 2811 2460 illius
2845 2406 3079 2460 amicum
3115 2403 3281 2459 fuisse
3322 2402 3489 2456 veluti
3520 2402 3631 2471 glo-

2074 2503 2244 2556 riatus
2266 2500 2424 2554 fuerit
2454 2500 2535 2553 his
2594 2496 2770 2551 verbis
2803 2513 2817 2549 :
2852 2493 3017 2563 Cujus
3060 2509 3219 2559 nuper
3256 2492 3515 2545 amicitiis
3547 2491 3630 2543 usi

2074 2608 2289 2649 sumus:
2316 2593 2367 2646 in
2396 2591 2547 2645 libris
2588 2598 2765 2643 tamen
2812 2596 2994 2641 contra
3048 2585 3299 2654 Ruﬁnum
3327 2584 3488 2640 editis
3528 2599 3631 2639 non

2083 2685 2241 2739 modo
2268 2683 2551 2750 Didymum
2580 2678 2909 2749 Origeniano
2933 2687 3224 2749 sysletnate
3251 2677 3630 2746 praeexsisten-

2079 2775 2165 2830 tiae
2185 2773 2484 2828 animarum
2508 2770 2769 2826 imbutum
2797 2769 2965 2823 fuisse
2994 2766 3245 2831 afﬁrmat,
3269 2782 3452 2821 verum
3467 2768 3630 2821 etiam

2077 2865 2242 2921 libros
2276 2863 2495 2927 indicat,
2533 2861 2587 2916 in
2646 2861 2845 2931 quibus
2905 2857 3209 2926 hujusmodi
3254 2868 3489 2928 systema
3521 2859 3637 2928 ipse

2078 2954 2335 3024 Didymus
2359 2960 2575 3007 secutus
2617 2949 2813 3013 fuerat,
2833 2947 3302 3003 commentariolos
3327 2948 3538 3003 scilicet
3580 2948 3632 3001 in

2078 3043 2324 3114 Origenis
2351 3043 2515 3097 libros
2546 3042 2622 3096 De
2649 3041 2943 3108 principiis,
2986 3055 3015 3092 a
3060 3039 3284 3094 Socrate
3323 3039 3485 3093 etiam
3524 3053 3636 3092 me-

2080 3145 2338 3200 moratos,
2363 3144 2417 3189 et
2454 3134 2648 3188 librum
2675 3133 2741 3187 ad
2771 3132 3018 3186 Ruﬁnum
3039 3131 3115 3186 De
3140 3140 3302 3185 morte
3325 3130 3633 3199 infantium.

2080 3227 2210 3295 Quis
2230 3236 2411 3281 autem
2462 3238 2661 3294 negare
2711 3223 2872 3288 ausit,
2913 3221 3389 3292 locupletissimum
3444 3230 3633 3275 testem

2078 3335 2198 3376 esse
2231 3319 2636 3390 Hieronymum,
2668 3316 3007 3385 maximaque
3061 3315 3346 3386 pollentem
3400 3315 3635 3369 auctori-

2081 3412 2229 3467 tate?

2148 3503 2216 3556 At
2260 3500 2482 3555 Ruﬁnus
2511 3497 2892 3569 Aquileiensis,
2923 3497 3154 3567 inquies,
3191 3496 3474 3552 manifeste
3497 3496 3635 3553 indi-

2080 3603 2167 3648 cat
2189 3591 2326 3646 libro
2373 3606 2413 3645 tt
2458 3589 2843 3646 Invectivarum
2895 3588 3008 3642 sive
3062 3588 3326 3657 Apologia:
3364 3602 3514 3641 num.
3546 3587 3633 3652 45,

2080 3684 2350 3739 immerito
2378 3682 2659 3754 Didymum
2681 3682 2748 3736 ab
2775 3680 3102 3751 Hieronymo
3138 3680 3270 3733 inter
3308 3679 3519 3748 eosgui
3557 3680 3637 3730 dio

2078 3794 2229 3832 versa
2248 3777 2311 3829 ab
2342 3774 2592 3828 Ecclesiis
2614 3773 2853 3837 doceant,
2890 3772 3158 3826 collocari.
3193 3771 3407 3826 Fateor.
3437 3769 3632 3823 Verum

2081 3879 2371 3937 antequam
2405 3866 2629 3921 solemni
2668 3864 2874 3936 judicio
2916 3863 3174 3935 Origenes
3206 3864 3548 3919 Alexandriae
3573 3880 3635 3918 ac

2082 3963 2264 4016 Romae
2292 3960 2764 4023 condemnaretur,
2795 3958 2910 4012 haec
2955 3957 3172 4027 scripsit
3215 3955 3461 4023 Ruﬁnus,
3494 3958 3634 4026 quod

2081 4057 2135 4109 in
2166 4070 2229 4109 ea
2256 4064 2364 4108 tum
2393 4062 2537 4107 esset
2588 4050 2863 4119 opinione,
2907 4057 2965 4103 ut
3015 4058 3266 4105 censeret
3287 4049 3636 4118 quaestionem

2082 4148 2148 4202 de
2176 4146 2472 4200 animarum
2498 4142 2920 4213 praeexsistentia
2943 4142 3010 4196 ad
3033 4142 3187 4196 ﬁdem
3217 4158 3321 4196 non
3344 4143 3634 4209 pertinere,

2081 4237 2175 4291 sed
2209 4249 2326 4289 esse
2351 4234 2718 4302 adiaphoram.
2754 4231 2811 4287 1d
2856 4232 2999 4285 enim
3031 4241 3216 4300 aperte
3254 4229 3481 4284 allirmat
3515 4245 3634 4283 cum

2081 4326 2231 4393 alibi,
2273 4336 2382 4379 tum
2423 4325 2659 4380 maxime
2718 4326 2769 4379 in
2820 4323 3091 4392 Apologia,
3129 4322 3242 4377 sive
3296 4321 3537 4388 Epistula
3570 4321 3636 4374 ad

2083 4417 2423 4471 Anastasium
2456 4431 2667 4485 papam,
2695 4414 2784 4469 ubi
2811 4414 2878 4467 de
2921 4411 3194 4467 erroribus
3239 4411 3289 4465 in
3321 4410 3552 4480 Origene
3572 4411 3639 4465 ab

421 4504 541 4575 hos]
563 4503 883 4572 spectabant,
905 4501 1189 4571 selegerunt
1209 4518 1229 4557 :
1260 4501 1363 4566 vel,
1398 4519 1515 4573 qua:
1547 4503 1611 4557 de
1652 4504 1731 4557 his
1792 4504 1981 4558 retule-
2010 4501 2056 4557 D
2090 4508 2419 4579 Hieronymo
2450 4506 2791 4577 reprehensis
2833 4505 3078 4573 loquens,
3122 4501 3397 4557 catholica:
3422 4501 3637 4571 quidem

424 4607 542 4650 runt
575 4599 790 4666 (nempe
815 4603 907 4647 aut
935 4596 998 4648 de
1026 4595 1268 4665 Didymo,
1303 4594 1550 4665 Evagrio,
1596 4610 1659 4649 ac
1697 4595 1980 4653 Theodoro

424 4688 819 4757 Mopsuesteno,
847 4695 941 4739 aut
972 4686 1035 4739 de
1060 4687 1141 4739 his
1194 4686 1538 4755 blaspbetniis
1569 4703 1583 4742 :
1620 4687 1867 4757 ambigua
1896 4695 1982 4743 est

424 4782 565 4834 enim
594 4795 695 4834 vox
723 4779 935 4847 Graeca)
970 4777 1276 4845 selegerant.

490 4870 686 4925 Fateor
720 4872 879 4927 etiam
911 4871 1089 4924 multis
1126 4879 1247 4938 post
1274 4869 1490 4941 Evagrii
1526 4880 1736 4925 aetatem
1772 4872 1981 4928 saeculis

423 4976 484 5015 ea
516 4964 797 5032 scripsisse
827 4962 1213 5032 Nicephorum,
1249 4977 1366 5030 quae
1422 4961 1628 5016 Latinae
1659 4964 1782 5017 huic
1816 4964 1982 5033 ipsius

425 5054 639 5122 Evagrii
672 5056 958 5109 verborum
989 5054 1416 5123 interpretationi
1456 5065 1813 5109 consentanea
1836 5065 1980 5110 sunt.

423 5142 556 5197 Nam
589 5146 640 5197 in
672 5146 1005 5208 testimonio,
1034 5148 1174 5215 quod
1205 5146 1379 5199 attulit
1420 5162 1538 5215 pag.
1597 5148 1697 5201 £96
1745 5163 1810 5201 ex
1845 5147 1983 5203 libro

423 5251 558 5296 xvn,
586 5250 701 5304 cap.
738 5236 828 5301 27,
867 5238 946 5292 sic
1006 5237 1237 5307 loquitur
1288 5237 1615 5308 Nicephorus
1650 5258 1663 5294 :
1693 5240 1850 5312 Παρὰ
1876 5239 1983 5293 τῶν

423 5324 607 5387 κακῶς
667 5325 1088 5395 συγγραφέντων
1160 5327 1387 5390 ἐκείνοις
1442 5328 1855 5399 ἁπολεξάμενοι,
1885 5330 1985 5385 hoc

423 5423 526 5476 est,
552 5412 685 5466 Cum
709 5416 849 5483 ipsas
874 5415 1221 5483 blasphemias
1268 5433 1331 5493 eg:
1362 5419 1448 5481 iis,
1474 5435 1590 5486 qua:
1619 5435 1886 5489 perperam
1919 5420 1983 5472 ab

423 5502 531 5554 illis
567 5503 817 5573 (Didyme
847 5517 1059 5572 nempe,
1105 5503 1331 5573 Evagrio
1370 5516 1425 5558 et
1455 5505 1756 5578 Theodoro)
1788 5510 1985 5578 scripta

424 5593 658 5661 fuerant,
684 5594 1024 5664 collegissent.
1086 5593 1282 5649 Verum
1353 5597 1516 5651 citata
1577 5597 1789 5668 Evagrii
1824 5602 1987 5654 verba

427 5696 536 5747 [me
555 5683 719 5736 oculis
754 5682 840 5736 hic
876 5682 1147 5745 habuisse,
1178 5682 1285 5737 imo
1315 5682 1428 5740 fere
1457 5686 1808 5755 exscripsisse
1837 5688 1985 5743 vide-

431 5781 520 5826 tur
546 5771 899 5843 Nicephorus,
923 5786 980 5830 ut
1002 5792 1067 5831 ex
1100 5775 1384 5846 utriusque
1413 5776 1545 5833 locis
1569 5778 1708 5833 inter
1727 5792 1785 5833 se
1807 5778 1968 5836 colla-

2085 4599 2339 4655 Ecclesiae
2398 4599 2647 4669 dogmata
2698 4611 2819 4653 esse
2862 4594 3142 4665 proﬁtetur
3186 4601 3241 4648 et
3282 4606 3464 4646 veram
3498 4605 3640 4645 verm

2087 4692 2269 4747 Carnis
2307 4689 2781 4753 resurrectionem,
2810 4695 2865 4741 et
2889 4700 3169 4756 poenarum
3205 4682 3397 4737 inferni
3424 4682 3640 4736 aeterni—

2089 4794 2284 4847 tatem;
2316 4783 2407 4836 sed
2451 4780 2589 4850 quod
2645 4787 2851 4849 spectat
2904 4778 2970 4831 ad
3014 4776 3314 4830 animarum
3358 4773 3639 4842 originem,

2088 4883 2199 4928 tres
2219 4874 2294 4927 ait
2315 4888 2433 4927 esse
2460 4870 2772 4935 sententias,
2802 4884 2921 4937 qua;
2971 4868 3115 4922 salva
3148 4866 3249 4919 ﬁde
3271 4863 3480 4918 delendi
3518 4879 3641 4932 pos-

2088 4968 2225 5020 sint:
2260 4966 2487 5035 primam
2515 4963 2721 5018 scilicet
2747 4963 2811 5016 de
2840 4962 3034 5015 animae
3077 4957 3359 5015 diﬁ'usione
3410 4972 3504 5027 per
3536 4966 3642 5009 tra—

2087 5059 2310 5121 ducem;
2342 5056 2587 5118 alteram,
2621 5053 2761 5122 quod
2784 5053 3022 5122 formatis
3061 5052 3115 5105 in
3147 5060 3292 5103 utero
3338 5048 3640 5113 corporibus

2088 5150 2227 5203 Deus
2264 5149 2495 5218 quotidie
2525 5148 2684 5215 faciat
2732 5148 2958 5211 animus,
3005 5155 3052 5199 et
3103 5144 3387 5212 infundat;
3434 5141 3640 5196 tertiam

2088 5239 2516 5309 Origenis,quod
2576 5239 2742 5307 factas
2794 5238 2901 5299 iam
2960 5236 3105 5301 aliut,
3151 5236 3206 5287 id
3240 5242 3338 5297 est,
3378 5244 3503 5286 tunc
3527 5250 3643 5286 cum

2090 5332 2263 5384 omnia
2292 5330 2432 5384 Deus
2458 5330 2649 5383 creavit
2699 5346 2762 5383 ex
2800 5328 2986 5391 nihilo,
3029 5343 3167 5381 nunc
3199 5342 3285 5380 eas
3314 5325 3518 5394 judicio
3552 5340 3644 5377 suo

2088 5423 2343 5489 dispenset
2371 5422 2422 5475 in
2444 5438 2673 5489 corpore.
2716 5420 2793 5474 Ex
2832 5424 3005 5475 tribus
3038 5428 3218 5473 autem
3269 5418 3418 5472 hisce
3445 5416 3645 5484 opinio-

2092 5514 2248 5567 nibus
2274 5529 2435 5582 quam
2486 5515 2636 5584 Sequi
2688 5514 2897 5577 debeat,
2947 5527 3005 5566 se
3057 5512 3306 5581 ignorare
3352 5509 3639 5579 subjungit.

2090 5602 2424 5672 Quapropter
2456 5605 2648 5657 mirum
2681 5620 2784 5657 non
2814 5613 2917 5665 est,
2976 5604 3019 5656 si
3048 5602 3325 5672 Didymum
3374 5614 3638 5667 nunquam

2090 5693 2362 5747 contraria
2384 5693 2662 5746 catholicae
2695 5692 2948 5747 Ecclesia:
2968 5690 3147 5764 [LVII]
3167 5690 3509 5760 dogmatibus
3535 5699 3641 5743 tra-

2091 5780 2291 5837 didisse
2322 5782 2395 5835 ait
2422 5780 2669 5851 Ruﬁnus,
2694 5784 2793 5840 etsi
2824 5783 3077 5855 Didymus
3123 5786 3235 5855 ipse
3261 5783 3506 5854 Origenis
3530 5783 3639 5853 cpi-
