3708 6304
179 279 271 335 909

1266 290 1837 350 COMMENTARIUS.
1876 325 1944 338 -—
1982 293 2109 351 LIB.
2152 294 2222 349 II.

3281 294 3388 350 210

181 396 366 450 nionem
393 397 453 452 de
477 400 775 456 animarum
808 406 1233 473 prmexsistcntia
1265 420 1356 466 aut
1391 413 1711 478 defenderit,
1744 424 1785 477 Α
1816 417 2157 485 Origenismo
2201 414 2425 470 infectos
2458 429 2580 471 esse
2603 417 2879 482 censebat,
2909 415 3156 472 ﬁdelibus
3183 414 3391 471 denun-

177 498 262 542 aut
302 488 472 542 saltem
520 506 627 547 non
679 498 903 551 omnino
937 498 1341 568 improbabilem
1370 518 1493 560 esse
1542 506 1707 562 duxe-

177 579 262 634 rit.

237 670 369 738 Quod
384 681 551 726 autem
572 672 625 728 in
651 675 838 730 eodem
863 680 1099 733 secundo
1122 680 1279 748 libro,
1299 698 1466 755 segm.
1491 684 1544 752 8,
1571 702 1705 756 que-

176 763 298 816 ritur
321 761 550 831 Ruﬁnus,
578 766 984 839 Hieronymum,
1035 774 1161 827 dum
1196 774 1478 844 Origenem
1520 794 1584 833 ac
1626 779 1713 834 Di-

176 855 370 923 dymum
392 860 681 928 redarguit,
708 876 819 915 reos
842 879 933 915 nec
962 864 1328 935 interrogatos,
1365 887 1454 924 nec
1498 888 1711 940 respon-

172 945 330 999 dentes
354 950 731 1017 condemnare;
756 962 805 1006 et
831 971 935 1009 non
963 956 1132 1010 solum
1181 974 1283 1012 non
1326 963 1707 1031 respondentes,

172 1040 253 1091 sed
272 1055 353 1092 nec
376 1054 683 1108 prasentes;
714 1054 764 1099 et
802 1062 904 1100 non
930 1048 1099 1102 solum
1136 1068 1236 1104 non
1278 1067 1577 1121 prcescntes,
1620 1058 1711 1111 sed

168 1138 213 1182 et
247 1138 491 1196 mortuos;
523 1144 569 1187 et
593 1151 696 1189 non
717 1136 889 1191 solum
924 1151 1178 1207 mortuos,
1219 1145 1311 1198 sed
1356 1154 1405 1199 et
1455 1162 1541 1200 eos
1580 1164 1710 1217 quos

168 1238 347 1290 semper
363 1233 479 1278 ante
498 1224 842 1293 laudaverat;
864 1241 911 1285 et
932 1248 1033 1285 non
1062 1234 1231 1287 solum
1254 1252 1340 1289 eos
1371 1254 1499 1307 quos
1522 1238 1711 1293 lauda-

167 1322 311 1373 verat.
333 1314 420 1366 sed
444 1325 490 1368 e:
517 1331 624 1380 eos,
646 1334 775 1385 quos
798 1331 1002 1374 secutus
1024 1322 1219 1390 fuerat,
1246 1336 1291 1379 et
1313 1329 1591 1398 magistros
1620 1331 1711 1384 Ita-

163 1403 371 1457 baerat:
401 1407 606 1462 videtur
642 1410 699 1464 id
738 1412 956 1481 quidem
1003 1414 1227 1483 alicujus
1269 1430 1389 1472 esse
1436 1421 1706 1488 ponderis.

163 1497 249 1548 sed
275 1496 397 1551 tanti
426 1513 534 1553 non
559 1509 667 1566 est,
700 1513 760 1557 ut
797 1516 949 1559 certo
988 1509 1235 1563 ostendat
1278 1511 1559 1583 Didymum
1609 1532 1705 1570 no-

162 1595 318 1640 strum
345 1592 490 1656 (nam
520 1592 584 1646 de
606 1590 837 1663 Origene
868 1598 1010 1668 loqui
1046 1601 1148 1655 mei
1183 1618 1289 1657 non
1330 1614 1413 1659 est
1454 1606 1707 1679 instituti)

159 1680 222 1733 sb
246 1682 382 1733 omni
407 1681 736 1755 Origeniano
757 1701 943 1744 errore
966 1691 1199 1746 alienum
1236 1692 1402 1750 fuisse
1436 1714 1449 1750 :
1480 1695 1710 1754 fortasse

158 1770 289 1824 enim
308 1778 780 1833 commentariolos
806 1780 1036 1851 Didymi,
1060 1798 1195 1851 quos
1212 1785 1465 1853 diximus,
1493 1787 1710 1843 librum-

156 1878 252 1930 que
277 1866 344 1917 ad
384 1864 632 1934 Ruﬁnum
676 1871 909 1924 nondum
939 1872 1141 1942 legerat
1176 1874 1554 1948 Hieronymus,
1588 1896 1706 1936 cum

156 1954 340 2024 deipso
373 1957 597 2028 Didymo
623 1970 879 2031 tanquam
919 1965 985 2020 de
1033 1967 1281 2039 theologo
1341 1971 1487 2025 omni
1547 1988 1707 2028 exce-

153 2048 319 2116 ptione
348 2050 540 2119 majori
573 2052 784 2110 loeutus
834 2063 936 2124 est,
970 2057 1226 2112 videntem
1256 2060 1560 2128 prophetam
1586 2076 1707 2119 eum

154 2157 473 2210 nuncupans.

212 2231 524 2304 Quanquam
570 2236 700 2290 mihi
729 2237 795 2291 de
830 2236 1032 2294 diﬁicili
1084 2240 1185 2296 hac
1232 2243 1530 2312 quaestione
1561 2247 1709 2315 engi-

154 2327 275 2378 tanti
304 2325 429 2378 illud
472 2327 528 2380 in
572 2336 806 2383 mentem
837 2332 1003 2397 venit,
1044 2331 1147 2385 alia
1186 2333 1348 2388 etiam
1397 2350 1495 2389 nos
1550 2349 1708 2403 posse

151 2417 227 2469 vis
253 2418 521 2482 incedere,
554 2432 627 2475 ac
650 2434 716 2475 eo
741 2421 955 2477 tandem
993 2425 1292 2492 pervenire,
1331 2434 1391 2481 ut
1422 2437 1476 2482 et
1512 2426 1703 2483 Hiero-

150 2521 379 2578 nymum,
409 2519 463 2563 et
506 2508 788 2578 Ruﬁnum,
821 2521 877 2568 et
914 2511 1047 2569 alios
1083 2513 1293 2586 Didymi
1345 2531 1467 2572 cum
1526 2518 1709 2574 lauda-

150 2611 300 2662 tores,
331 2610 444 2655 tum
478 2603 897 2673 vituperatores,
930 2614 985 2659 et
1024 2605 1196 2675 ipsum
1224 2623 1419 2679 magna
1455 2625 1521 2665 ex
1557 2620 1709 2679 parte

148 2690 416 2764 Didymum
446 2710 552 2748 non
576 2695 697 2751 sine
722 2696 1194 2754 verisimilitudine
1240 2708 1502 2756 tueamur.
1541 2702 1709 2757 Nimio

149 2799 252 2838 rum
284 2800 409 2839 cum
438 2783 799 2858 Hieronymus
824 2789 892 2843 ab
923 2788 1009 2852 iis.
1055 2804 1190 2858 quos
1215 2792 1534 2860 Origenismi
1574 2794 1709 2847 insi-

148 2876 322 2941 malst,
354 2875 685 2947 Origeniana
711 2879 961 2950 dogmata
994 2896 1098 2936 non
1126 2881 1322 2951 palam.
1351 2884 1443 2937 sed
1488 2884 1704 2937 clancu-

148 2967 246 3021 lum
276 2970 630 3025 disseminata
664 2972 830 3028 fuisse
878 2974 1107 3029 afﬁrmet
1158 2975 1374 3044 saepius,
1429 2976 1707 3048 Didymum

145 3072 263 3112 vero
286 3074 457 3129 usque
502 3062 570 3115 ad
618 3076 819 3117 annum
872 3062 1071 3118 Christi
1121 3066 1705 3134 quadringentesimum

146 3164 407 3219 nunquam
438 3165 545 3205 non
581 3154 1078 3222 commendaverit;
1112 3156 1317 3210 idcirco
1347 3157 1614 3227 suspicor,
1640 3175 1707 3213 ne

148 3237 194 3290 in
223 3240 286 3293 iis
333 3241 556 3309 quidem
602 3242 812 3314 Didymi
858 3246 1095 3315 scriptis,
1136 3261 1255 3317 qua:
1296 3249 1702 3316 interciderunt,

145 3328 533 3402 Origenismum
567 3336 639 3389 ita
667 3336 814 3392 clare
862 3339 1204 3408 prmdicatnm
1264 3339 1449 3406 fuisse,
1482 3351 1538 3396 ut
1587 3342 1704 3396 nul-

147 3424 218 3478 lus
259 3425 544 3481 catholica:
589 3431 1025 3498 interpretationi
1084 3431 1234 3487 locus
1290 3432 1702 3503 relinqueretur,

145 3518 233 3570 etsi
266 3519 451 3573 multa:
483 3518 538 3572 in
576 3519 643 3574 iis
682 3534 1030 3577 occurrerent
1076 3524 1371 3580 locutiones
1418 3527 1702 3598 Origenia-

150 3622 238 3660 ηπ.
271 3608 326 3661 Id
358 3610 405 3662 si
442 3624 631 3663 verum
658 3626 779 3666 esse
806 3628 1090 3681 ponamus,
1120 3624 1267 3671 recte
1292 3619 1471 3671 omnia
1504 3634 1561 3673 se
1606 3621 1706 3674 ha-

148 3699 352 3753 bebunt.
378 3698 519 3754 Nam
545 3704 743 3771 primo,
773 3704 1053 3772 desperata
1090 3721 1193 3761 non
1221 3707 1323 3763 crit
1346 3708 1554 3779 Didymi
1579 3727 1707 3766 cau-

147 3801 214 3850 sa.
257 3791 300 3843 si
331 3791 471 3845 nihil
503 3806 629 3846 eum
679 3794 915 3849 dictasse
944 3810 1281 3863 censeamus,
1336 3801 1477 3869 quod
1521 3802 1706 3857 ortho-

150 3879 271 3933 doso
297 3895 462 3937 sensu
495 3884 670 3952 accipi
707 3900 813 3939 non
847 3897 1029 3956 posset
1074 3905 1088 3942 :
1138 3889 1191 3943 in
1221 3889 1358 3945 libro
1406 3902 1583 3947 autem
1628 3894 1706 3950 De

148 3985 294 4028 parte
319 3975 611 4044 infantium
656 3992 757 4031 non
796 3987 903 4031 tam
928 3994 993 4032 ex
1026 3993 1148 4045 sua,
1180 3996 1340 4051 quant
1371 3998 1436 4037 ex
1461 3983 1709 4054 Origenis

149 4068 419 4132 sententia,
452 4068 526 4122 de
556 4083 657 4137 qua
686 4084 714 4121 a
743 4066 938 4125 Ruﬁno
977 4070 1339 4143 interrogatus
1389 4074 1585 4144 fuerat,
1630 4078 1707 4131 lo-

149 4170 311 4213 cnurm
341 4174 485 4216 esse.
517 4160 788 4228 Secundo,
816 4165 1010 4218 mirum
1041 4181 1147 4219 non
1176 4166 1302 4233 erit,
1341 4167 1386 4221 si
1423 4168 1705 4240 Didymum

150 4246 492 4321 Hieronymus
520 4253 869 4309 aliirmaverit
897 4258 1217 4325 apertissime
1243 4259 1293 4311 in
1313 4257 1553 4330 Origenis
1578 4262 1709 4317 scita

149 4342 410 4396 concedere
444 4359 465 4397 :
496 4358 620 4398 cum
644 4346 786 4398 enim
820 4344 999 4415 plures
1034 4347 1333 4404 locutiones
1363 4353 1429 4404 ab
1480 4350 1710 4421 Origene

150 4430 421 4498 sdbibitas,
450 4433 643 4503 quales
667 4435 719 4489 in
760 4434 911 4492 libris
949 4437 1017 4493 de
1065 4436 1331 4496 Trinitate
1373 4456 1472 4496 nos
1500 4442 1711 4497 iuveni-

152 4537 274 4587 mus,
329 4524 384 4579 in
433 4499 670 4597 Didymo
718 4528 1031 4597 reperisset,
1089 4546 1226 4601 quas
1269 4532 1338 4586 ab
1391 4533 1713 4604 Origenistis
1744 4499 1789 4555 Β

152 4626 300 4680 pravo
335 4630 505 4670 sensu
548 4619 891 4687 pronuntiari
948 4631 1205 4691 noverat;
1254 4622 1539 4695 Didyntum
1586 4642 1714 4681 vero

156 4705 307 4773 ipsum
338 4708 394 4762 in
418 4702 489 4763 iis'
518 4724 638 4779 qua:
660 4712 726 4765 ad
753 4710 1071 4769 Trinitatem
1099 4724 1363 4784 spectant,
1389 4719 1712 4774 acerrimum

155 4791 388 4867 Origeuis
419 4799 766 4856 defensorem
792 4816 911 4858 esse
937 4812 1243 4873 constaret;
1273 4806 1405 4861 nihil
1427 4808 1711 4875 dubitavit,

154 4889 263 4955 quin
293 4905 463 4958 pravo
489 4905 652 4946 sensu
682 4893 884 4949 dictata
928 4897 1105 4950 forent
1150 4912 1485 4969 quascunque
1518 4900 1572 4954 in
1621 4898 1712 4953 Di-

156 4981 279 5048 dymi
324 4985 589 5053 operibus
635 4985 917 5056 sapicbant
956 4987 1360 5058 Origenismum
1417 5009 1432 5045 :
1488 5006 1552 5046 ex
1609 5008 1714 5061 quo

156 5068 336 5127 factum
362 5084 468 5139 est,
504 5084 565 5131 ut
606 5078 720 5145 ipse
756 5087 942 5149 utpote
992 5095 1206 5136 summo
1257 5082 1538 5138 catholicae
1592 5083 1715 5138 fidei

161 5165 259 5220 zelo
284 5167 655 5225 inflammatus
687 5186 790 5227 non
834 5172 993 5227 modo
1024 5170 1420 5243 Origenismum
1460 5175 1715 5230 radicitus

163 5259 579 5330 exstirpandum,
622 5273 785 5331 atque
841 5263 909 5319 ab
954 5264 1275 5335 Epiphanio,
1337 5280 1367 5320 a
1420 5265 1716 5336 Theophilo

161 5348 527 5415 Alexandrino.
552 5362 609 5407 et
634 5368 661 5406 a
685 5353 927 5408 Romano
958 5356 1210 5426 episcopo
1254 5356 1307 5411 in
1351 5357 1540 5427 primis
1585 5373 1714 5412 con-

164 5442 501 5497 demnandum
529 5455 766 5510 curaret,
814 5461 999 5501 verum
1025 5448 1187 5503 etiam
1227 5463 1433 5516 omnes,
1488 5465 1711 5519 quorum

165 5535 466 5590 auctoritate
522 5549 643 5591 sese
715 5539 1001 5594 tuebantur
1057 5539 1411 5613 Origenistze,
1472 5558 1713 5601 ouosnue

222 5707 267 5744 “
301 5710 456 5771 Rom.
496 5731 609 5783 vm,
637 5718 693 5773 ὅ.
1554 5684 1573 5711 Γ

1822 508 1999 571 tiaret,
2039 522 2145 577 quo
2183 507 2270 562 isti
2320 506 2527 569 facilius
2569 506 2669 561 sibi
2697 507 2764 561 ab
2793 522 2977 562 errore
3021 521 3212 561 cavere
3261 520 3390 574 pos-

1819 607 1958 651 sent.
1984 596 2186 662 Tertio,
2222 596 2560 651 excusandus
2604 598 2656 650 in
2700 610 2766 652 eo
2796 597 2899 651 erit
2950 597 3200 660 Rufinus,
3245 595 3389 666 quod

1818 702 1959 758 aegre
1985 686 2173 753 ferret,
2210 703 2333 741 eum
2367 697 2472 742 tam
2504 697 2690 757 aperte
2722 698 2780 743 ut
2816 688 3203 743 lteterodoxum
3236 687 3390 740 dam-

1820 780 1958 841 nari,
1985 779 2074 847 qui
2105 778 2505 847 Origeuismum
2532 787 2717 849 aperte
2745 793 2850 833 non
2890 779 3255 848 praedicasset,
3282 777 3390 831 imo

1820 873 1983 925 multa
2017 870 2354 940 Origeniame
2390 872 2648 927 doctrinm
2690 872 2867 941 capita
2916 870 3256 942 apertissime
3300 883 3390 923 re“

1812 961 2054 1030 iecisset.
2091 963 2328 1033 Denique
2364 976 2431 1017 ne
2460 963 2588 1018 illud
2623 964 2839 1032 quidem
2874 962 3209 1031 mirabimur,
3244 961 3388 1031 quod

1820 1052 2102 1124 Didymum
2149 1054 2238 1108 alii
2286 1054 2522 1123 quidem,
2564 1056 2773 1110 tametsi
2821 1055 2888 1110 ab
2933 1054 3252 1123 Origeniana
3292 1052 3390 1107 do.

1817 1146 1996 1200 ctrina
2046 1145 2226 1210 alieni,
2284 1147 2516 1202 maxime
2560 1146 2913 1213 laudaverint,
2972 1146 3061 1201 alii
3102 1160 3231 1202 vero
3262 1158 3386 1201 eum

1818 1243 2007 1289 contra
2036 1235 2476 1305 vituperaverint.

2267 1392 2396 1447 CAP.
2435 1390 2547 1446 XV.
2598 1392 2674 1446 De
2710 1392 2919 1461 nuptiis.

1888 1504 2040 1561 IIunc
2067 1513 2326 1575 praeterea
2355 1506 2579 1577 Didytno
2621 1520 2861 1561 errorem
2918 1508 3102 1561 tribuit
3152 1504 3388 1562 Jacobus

1815 1596 2111 1669 Basnagius
2161 1598 2214 1652 in
2254 1596 2824 1665 Animadversionibus,
2880 1613 3001 1668 pag.
3070 1597 3191 1664 I99,
3246 1598 3386 1666 quod

1815 1691 2031 1760 nuptias
2053 1690 2262 1745 Veteris
2289 1688 2617 1745 Testamenti
2649 1698 2888 1758 tempore
2908 1689 3076 1742 malas
3099 1688 3263 1742 fuisse
3292 1691 3387 1741 do-

1738 1781 1782 1836 B
1812 1781 2004 1837 cuerit.
2047 1779 2255 1835 Revera
2301 1789 2479 1835 autem
2513 1780 2565 1833 in
2608 1780 2744 1835 libro
2772 1779 3022 1833 adversus
3061 1777 3386 1832 Manichwos

1810 1888 1928 1943 cap.
1953 1872 2007 1939 9,
2032 1872 2103 1927 ita
2128 1873 2193 1927 de
2214 1872 2416 1941 nuptiis
2443 1871 2679 1940 loquitur
2699 1870 2975 1939 theologus
2996 1879 3197 1935 noster,
3228 1878 3304 1935 ut,
3339 1868 3386 1922 si

1807 1966 2104 2020 oscitanter
2128 1964 2333 2035 legatur
2361 1963 2450 2018 ille
2480 1963 2649 2027 locus,
2678 1961 2846 2016 videri
2869 1962 3123 2032 possitita
3150 1963 3387 2016 sensisse

1808 2067 1867 2112 ut
1892 2057 2003 2112 vult
2034 2055 2352 2126 Basnagius.
2381 2054 2453 2110 At
2504 2054 2637 2108 mihi
2669 2054 2883 2124 quidem
2914 2053 3029 2122 ejus
3064 2052 3222 2107 verba
3270 2067 3388 2123 per-

1807 2148 2061 2220 pendenti
2098 2148 2175 2218 (id
2203 2150 2346 2203 enim
2395 2146 2700 2216 theologum
2733 2154 2991 2215 prmstare
3025 2154 3259 2215 oportet,
3292 2144 3386 2213 qui

1809 2242 1874 2295 de
1923 2239 2240 2311 theologicis
2298 2239 2552 2309 Operibus
2596 2237 2855 2307 judicium
2897 2237 3059 2302 ferre,
3113 2236 3387 2304 multoque

1810 2333 1982 2402 magis
2017 2333 2109 2402 qui
2141 2348 2203 2387 ea
2258 2331 2653 2401 reprehendere
2719 2331 2869 2401 velit)
2930 2332 3145 2385 videtur
3191 2329 3387 2396 injuste

1809 2426 2055 2481 accusari
2092 2424 2349 2496 Didymus
2395 2439 2427 2479 a
2472 2423 2757 2495 Basnagio.
2801 2422 2974 2477 Tuum
3014 2423 3138 2488 erit,
3192 2423 3383 2485 lector,

1805 2518 2067 2589 judicare,
2107 2529 2228 2573 uter
2254 2517 2465 2588 Didymi
2496 2525 2728 2571 mentem
2752 2525 3034 2570 assecutus
3063 2516 3151 2581 sit,
3188 2514 3387 2569 Basna-

1809 2606 1947 2676 gius,
1972 2622 2038 2660 an
2056 2620 2175 2674 ego.
2200 2604 2305 2660 Sed
2326 2620 2410 2660 res
2430 2604 2591 2660 altius
2616 2602 2822 2676 [LVIII]
2842 2605 3123 2674 repetenda
3152 2608 3232 2660 est
3280 2620 3387 2674 quo

1809 2697 2034 2752 clariora
2064 2697 2172 2752 sint
2192 2711 2310 2765 quae
2338 2696 2533 2750 dicturi
2556 2710 2763 2751 sumus.

1880 2788 2024 2844 inter
2050 2798 2247 2844 caetera
2301 2789 2485 2859 itaque
2529 2798 2871 2858 argumenta,
2905 2787 3100 2856 quibus
3131 2800 3383 2841 exsecra-

1810 2882 1945 2937 biles
1988 2881 2270 2937 Manichzei
2320 2880 2630 2947 utebantur,
2679 2881 2947 2949 quoddam
2999 2888 3120 2935 erat
3166 2894 3231 2933 ex
3279 2878 3386 2933 illis

1812 2974 2106 3043 Scriptura:
2136 2972 2267 3028 locis
2294 2970 2603 3037 deductum,
2646 2970 2699 3025 in
2744 2970 2938 3038 quibus
2992 2987 3115 3024 caro
3160 2969 3383 3037 peccati,

1812 3073 1902 3118 aut
1926 3079 2115 3133 corpus
2142 3062 2340 3133 peccati
2364 3061 2677 3117 nominatur
2704 3078 2717 3115 :
2747 3061 2871 3115 inde
2897 3061 3039 3116 enim
3065 3060 3387 3131 colligebant

1814 3155 2205 3211 admittendam
2258 3168 2379 3210 esse
2441 3166 2661 3209 carnem
2717 3162 2929 3219 natura,
2977 3162 3030 3207 et
3080 3152 3387 3207 necessario

1815 3249 2032 3301 malum.
2058 3246 2209 3302 Hanc
2238 3247 2504 3302 rationem
2540 3258 2598 3302 ut
2632 3248 2867 3302 inﬁrmet
2895 3246 3172 3316 Didymus,
3199 3254 3386 3300 osten-

1816 3342 1892 3395 dit
1918 3358 2125 3395 carnem
2158 3344 2358 3412 peccati
2388 3342 2492 3396 dici
2528 3356 2631 3395 non
2677 3355 2743 3395 ex
2779 3355 2844 3395 eo
2886 3340 3027 3409 quod
3079 3349 3266 3393 natura
3316 3338 3388 3392 sit

1818 3430 1979 3495 mala,
2013 3430 2105 3485 sed
2136 3430 2275 3498 quod
2309 3429 2472 3484 homo
2500 3429 2613 3499 ipsa
2647 3444 2811 3483 carne
2851 3428 3105 3482 abutatur
3157 3430 3222 3482 ad
3265 3443 3389 3499 pec-

1816 3523 2065 3576 candum.
2104 3521 2217 3576 Hoc
2255 3521 2628 3576 demonstrato
2659 3522 2833 3576 locum
2878 3520 3025 3574 Pauli
3073 3520 3247 3585 aﬂ‘ert,
3298 3520 3387 3575 ubi

1818 3612 1961 3666 Deus
1988 3612 2183 3665 dicitur
2210 3612 2413 3665 misisse
2435 3608 2636 3664 Filium
2660 3628 2815 3666 suum
2844 3612 2895 3665 in
2916 3612 3258 3665 similitudine
3277 3627 3390 3663 car-

1817 3705 1897 3758 nis
1939 3704 2139 3771 peccati
2173 3703 2239 3757 ‘°.
2274 3702 2396 3757 Ideo
2429 3712 2609 3757 autem
2640 3702 2840 3759 Christi
2867 3718 3084 3758 carnem
3113 3717 3389 3771 nuncupa-

1818 3807 1926 3850 tam
1958 3797 2032 3850 ait
2064 3795 2458 3851 similitudinem
2492 3795 2666 3851 earnis
2695 3796 2914 3863 peccati,
2952 3795 3074 3864 quia
3120 3795 3219 3850 etsi
3249 3804 3391 3849 esset

1816 3904 1943 3944 vera
1979 3903 2125 3954 caro,
2175 3904 2304 3957 non,
2350 3898 2410 3943 ut
2455 3888 2707 3944 volebant
2751 3887 3054 3953 Manichaei,
3106 3886 3387 3951 simulata,

1818 3997 1924 4037 non
1954 3990 2075 4037 erat
2107 3989 2285 4038 tamen
2333 3996 2397 4036 ex
2435 3982 2601 4038 coitu.
2638 3981 2789 4049 Quod
2830 3984 2873 4036 si
2908 3996 3102 4049 corpus
3135 3995 3199 4034 ex
3242 3979 3389 4034 coitu

1818 4087 2133 4149 conceptum
2167 4076 2484 4145 sumpsisset
2520 4075 2790 4144 Salvator,
2835 4075 3177 4131 existimatus
3208 4071 3390 4142 utique

1818 4180 1986 4237 esset,
2016 4170 2207 4241 inquit,
2236 4170 2486 4241 originali
2520 4180 2735 4238 peccato
2771 4180 2825 4224 et
2857 4170 2967 4239 ipse
2994 4170 3275 4224 obnoxius.

1888 4258 1983 4316 liis
2008 4260 2300 4331 przemissis
2329 4262 2441 4315 haec
2470 4259 2677 4323 subdit,
2707 4272 2826 4329 qua:
2850 4274 2913 4313 ex
2950 4257 3198 4313 Turriani
3223 4258 3390 4312 inter-

1819 4353 2124 4422 pretatione
2149 4350 2315 4406 all‘ero
2346 4368 2360 4406 :
2396 4369 2414 4402 ‹
2449 4348 2506 4405 Si
2532 4364 2659 4404 vero
2683 4350 2938 4414 dixerint,
2966 4349 3023 4404 Si
3048 4366 3169 4403 caro
3193 4349 3389 4419 peccati

1818 4454 1895 4498 est
1927 4460 2043 4513 qua:
2070 4459 2135 4497 ea:
2161 4443 2521 4512 conjunctione
2550 4443 2644 4497 viri
2664 4455 2713 4497 et
2744 4442 2953 4512 femina:
2981 4454 3104 4498 nata
3136 4450 3233 4509 est,
3270 4459 3386 4496 ma-

1817 4539 1885 4592 ιω
1910 4545 2029 4591 sunt
2065 4536 2295 4606 nuptiw;
2334 4536 2554 4591 audiant
2586 4535 2695 4600 isti,
2731 4534 2876 4606 quod
2921 4545 3048 4589 ante
3097 4534 3387 4589 adventum

1818 4628 2133 4697 Salvatoris,
2172 4630 2261 4699 qui
2287 4629 2510 4684 abstulit
2542 4640 2823 4700 peccatum
2856 4627 3067 4692 mundi,
3110 4627 3155 4681 si
3199 4639 3389 4680 omnes

1817 4723 2085 4787 homines,
2115 4722 2256 4778 sicut
2283 4720 2386 4777 alia
2417 4736 2537 4777 cum
2574 4730 2795 4793 peccato
2825 4720 3079 4791 agebant,
3113 4718 3191 4773 sic
3225 4718 3387 4772 etiam

1817 4814 2027 4883 nuptias
2048 4828 2169 4869 cum
2213 4823 2435 4882 peccato
2484 4814 2776 4869 habebant.
2819 4811 2977 4867 Unde
3023 4810 3274 4865 similiter
3324 4809 3391 4863 de

1815 4908 2135 4977 corporibus
2163 4922 2231 4963 ex
2275 4905 2543 4961 connubio
2594 4906 2734 4962 natis
2778 4905 3184 4974 intelligendum
3237 4910 3321 4959 est
3370 4920 3386 4957 :

1833 5000 1939 5070 juia
1968 5009 2089 5069 post
2121 5007 2401 5069 peccatum
2429 4997 2571 5053 facta
2606 4998 2709 5053 fuit
2748 4996 3053 5067 coniunctio
3094 4997 3225 5051 Adae
3264 5012 3387 5051 cum

1818 5089 1949 5156 Eva,
1978 5090 2182 5145 idcirco
2210 5090 2347 5145 dicta
2377 5098 2461 5145 est
2501 5104 2625 5143 caro
2677 5088 2874 5158 peccati
2920 5086 3123 5159 [malim
3172 5098 3387 5147 vertere.

1819 5182 1959 5237 dicta
1986 5189 2113 5236 sunt
2136 5198 2258 5235 caro
2279 5179 2619 5253 peccati].....
2658 5181 3036 5236 Verumtamen
3066 5195 3161 5249 per
3185 5180 3389 5233 adven-

1820 5281 1930 5325 tum
1960 5270 2183 5336 Christi,
2208 5271 2347 5326 sicut
2377 5270 2445 5326 ab
2479 5271 2598 5325 aliis
2627 5270 2788 5325 rebus
2814 5268 3049 5325 ablatura
3078 5279 3163 5325 est
3199 5282 3390 5340 pecca-

1821 5367 1955 5426 tum,
1982 5360 2061 5415 sic
2082 5361 2243 5416 etiam
2270 5375 2302 5415 a
2329 5361 2548 5431 nuptiis.
2578 5359 2761 5431 Itaque
2795 5376 2940 5415 nunc
2966 5361 3055 5432 qui
3089 5361 3385 5416 secundum

1820 5450 2169 5522 Evangelium
2197 5453 2406 5520 vivunt,
2438 5453 2640 5508 habere
2668 5462 2896 5523 possunt
2927 5452 3262 5507 honorabiles
3292 5466 3389 5503 nu-

1818 5545 1956 5613 ptias
1978 5554 2024 5599 et
2053 5554 2222 5599 torum
2255 5547 2739 5604 immaculatum....
2776 5548 2850 5603 Ex
2880 5563 2986 5618 quo
3019 5548 3078 5602 ﬁt
3115 5555 3173 5601 ut
3217 5558 3390 5613 neque
