3708 6308
306 230 423 297 ειι

325 432 500 499 magis
528 433 766 504 physice.
803 440 988 496 Divina
1017 448 1257 513 quzedam
1291 468 1375 506 res
1402 466 1484 508 est
1513 458 1809 524 virginitas,
1832 473 1885 515 et

300 515 307 521 ’
332 532 585 592 tanquam
619 530 667 581 in
702 531 988 590 virtutibus
1012 540 1239 594 exsistit.
1268 538 1323 597 Si
1346 526 1466 614 quis
1495 548 1653 618 igitur
1676 557 1885 619 nuptias

326 630 446 667 cum
500 618 807 683 virginitate
854 627 1160 696 conferens,
1223 634 1367 703 ipsas
1419 626 1558 694 dicat
1604 655 1883 709 peccatum

324 724 466 776 esse,
505 728 608 765 non
646 716 887 771 absolute
931 730 1054 775 sunt
1086 736 1363 791 peccatum
1418 747 1433 783 :
1492 709 1699 786 malum.

324 815 428 853 non
463 808 861 873 comparatione
887 813 1009 865 boui
1040 816 1238 871 nmium
1269 829 1384 887 est;
1410 802 1677 897 Siquidem
1706 803 1800 895 per
1827 843 1886 882 se

328 890 431 944 tale
457 901 558 946 est.
602 914 621 946 ι
680 895 948 954 Hactenus
994 904 1249 974 Didymus
1296 928 1309 961 :
1356 890 1514 980 quem
1562 890 1886 987 pravo:th

324 994 483 1036 sensu
511 984 743 1040 dictasse
773 991 1021 1058 equidem
1059 1010 1371 1061 persuasum
1404 1015 1508 1053 non
1537 984 1726 1057 habeo.

399 1072 529 1125 Nam
556 1077 748 1143 primo,
786 1082 906 1149 quis
929 1085 1113 1137 credat
1138 1100 1281 1152 eum,
1310 1090 1399 1157 qui
1444 1103 1730 1161 perpetuus
1775 1095 1885 1150 bla-

326 1166 653 1222 nichtcorum
690 1172 1029 1227 adversarius
1061 1175 1181 1240 fuit,
1228 1182 1438 1247 nuptias
1483 1185 1785 1259 damnasse,
1828 1197 1885 1240 ut

324 1258 600 1314 Manicbari
635 1262 923 1329 faciebant,
961 1268 1118 1337 idque
1158 1270 1207 1322 in
1242 1286 1307 1325 eo
1361 1272 1496 1328 libro
1546 1292 1702 1344 quem
1746 1280 1882 1332 scri-

324 1352 426 1415 psit
456 1354 703 1406 adversus
734 1354 1093 1413 Manichwos.’
1121 1362 1387 1426 Secundo,
1419 1376 1633 1421 sanctos
1677 1367 1885 1423 Veteris

323 1437 647 1496 Testamenti
684 1448 885 1501 sanctis
932 1447 1062 1503 Novi
1106 1451 1429 1507 Testamenti
1482 1458 1712 1523 aequales
1764 1475 1883 1516 esse

323 1529 434 1581 vult
479 1530 752 1602 Didymus,
790 1538 947 1605 idque
991 1540 1105 1593 inse
1134 1547 1362 1611 probare
1400 1547 1588 1603 nititur
1622 1551 1674 1605 in
1709 1551 1885 1606 Euar-

322 1621 631 1675 rationibus.
660 1628 724 1677 At
755 1629 874 1697 quis
901 1634 1068 1684 nescit
1092 1632 1373 1704 plerosque
1397 1637 1584 1693 saltem
1615 1657 1644 1695 e
1680 1648 1882 1700 sanctis

329 1708 531 1792 Vetusti
563 1713 888 1772 Testameuti
932 1722 1061 1775 viris
1095 1740 1260 1779 uxore
1291 1742 1393 1782 non
1423 1732 1694 1786 caruisse?
1751 1734 1885 1788 Ter-
1917 1734 1959 1787 B

324 1804 418 1867 tio,
446 1803 689 1859 Graacum
722 1809 875 1878 hujus
924 1811 1025 1865 loci
1064 1824 1268 1869 textum
1317 1832 1419 1872 non
1459 1822 1677 1878 omnino
1714 1825 1887 1880 since-

324 1910 438 1947 rum
478 1898 545 1950 ad
574 1914 671 1952 nos
700 1902 1004 1966 pervenisse
1038 1908 1378 1974 perspicuum
1406 1900 1507 1965 'est
1553 1930 1567 1965 :
1617 1929 1739 1968 nam
1796 1917 1884 1970 ubi

322 1984 621 2043 Turrianus
650 1991 842 2044 vertit:
871 1993 1104 2047 Audiam
1126 1997 1236 2063 isti,
1275 1999 1414 2068 quod
1450 2010 1572 2055 ante
1610 2004 1887 2058 adventum

320 2076 632 2145 Saluatoris,
653 2083 741 2152 qui
772 2082 985 2137 abstulit
1014 2100 1279 2155 peccatum
1304 2092 1512 2157 mundi,
1533 2094 1581 2145 si
1604 2110 1776 2148 omnes
1801 2094 1889 2149 Ito-

322 2171 484 2225 mines
506 2182 559 2228 et
575 2174 777 2245 reliqua
800 2195 813 2244 ;
838 2178 1200 2248 quid,qua:so,
1226 2172 1453 2237 sibivult
1478 2185 1661 2239 vocula
1691 2186 1777 2241 illa
1799 2188 1845 2241 si
1863 2188 1889 2242 ?

321 2278 501 2319 nonne
531 2267 835 2336 perplexam
879 2271 1075 2338 reddit,
1110 2273 1216 2327 imo
1270 2273 1500 2328 biulcam
1548 2278 1885 2333 orationem?

322 2352 520 2409 Eadem
559 2366 733 2411 tamen
762 2359 1034 2414 estGrmci
1066 2361 1228 2415 etiam
1266 2373 1441 2418 textus
1486 2364 1659 2419 lectio.
1699 2365 1887 2435 Itaque

322 2459 443 2498 meo
470 2447 685 2515 quidem
722 2449 926 2517 judicio
956 2464 1240 2522 corruptus
1265 2465 1364 2521 cst,
1399 2471 1462 2509 ac
1511 2457 1797 2511 mendosus
1820 2472 1883 2511 ea

320 2540 435 2608 ipsa
486 2543 537 2595 in
593 2554 762 2613 parte,
820 2563 923 2615 qua
974 2550 1207 2603 maxime
1265 2550 1511 2603 innititur
1564 2549 1878 2620 Basnagius.

318 2630 541 2697 Quarto,
602 2635 646 2688 si
695 2639 908 2705 nuptias
937 2648 1060 2693 ante
1114 2639 1314 2695 Christi
1366 2643 1650 2697 adventum
1713 2645 1884 2700 malas

320 2720 487 2776 fuisse
522 2724 768 2791 opinatus
816 2726 1004 2780 luisset
1036 2727 1310 2798 Didymus,
1363 2732 1617 2785 continuo
1660 2733 1882 2787 alteram

318 2814 718 2882 responsionem
754 2832 855 2870 non
886 2818 1178 2874 addidisset
1221 2839 1235 2874 :
1282 2820 1340 2875 Si
1383 2825 1499 2891 quis
1523 2828 1726 2891 nuptias
1766 2840 1880 2877 cum

318 2904 614 2973 virginitate
648 2908 936 2975 conferens,
973 2910 1110 2975 ipsas
1148 2912 1290 2964 dicat
1329 2925 1594 2981 peccatum
1628 2931 1756 2980 esse,
1781 2933 1883 2970 non

318 2994 551 3049 absolute
580 3008 700 3050 sunt
729 3011 1013 3067 peccatum,
1048 3011 1150 3055 etc.
1198 3001 1499 3069 Postremo,
1536 3008 1676 3075 quod
1721 3016 1880 3077 caput

318 3095 427 3152 est,
456 3090 693 3155 postulat
738 3092 982 3159 mquitas,
1025 3102 1082 3145 ut
1127 3104 1234 3147 tam
1267 3096 1434 3163 turpis
1467 3112 1619 3152 error
1655 3098 1880 3170 Didymo

318 3195 423 3231 non
457 3181 743 3249 tribuatur,
768 3183 869 3237 nisi
912 3184 1097 3239 saltem
1125 3186 1177 3240 in
1204 3187 1377 3242 allatis
1409 3188 1605 3258 verbis,
1639 3192 1759 3246 licet
1786 3192 1883 3247 ali-

318 3269 441 3322 cubi
468 3272 757 3338 mendosis,
789 3276 1067 3342 perspicue
1094 3276 1138 3331 is
1181 3287 1453 3347 appareat.
1504 3280 1695 3335 Verum
1719 3281 1762 3336 si
1798 3294 1881 3338 at-

321 3370 465 3415 tente
492 3362 695 3431 singula
724 3347 933 3435 Didymi
980 3368 1141 3421 verba
1191 3370 1626 3438 expenderimus,
1675 3374 1878 3429 nullum

320 3454 672 3519 inveniemus,
696 3458 836 3525 quod
860 3472 979 3511 eum
1006 3460 1365 3514 condemnare
1388 3477 1484 3517 nos
1529 3474 1703 3533 cogat.
1746 3466 1878 3520 Dum

316 3548 459 3601 enim
493 3550 591 3613 ait,
628 3548 857 3618 Nuptias
888 3566 1004 3603 cum
1032 3561 1240 3619 peccato
1273 3553 1549 3620 habebant,
1584 3556 1714 3610 nihil
1736 3559 1880 3613 aliud

317 3638 557 3703 denotat,
587 3650 645 3693 ut
672 3652 819 3709 puto,
845 3642 945 3695 nisi
981 3652 1260 3711 peccatum
1297 3644 1579 3714 originale,
1619 3650 1758 3716 quod
1788 3664 1883 3718 per

317 3731 590 3786 Christum
624 3732 855 3787 deletum
894 3745 998 3798 est,
1031 3750 1094 3790 ac
1125 3736 1353 3791 deletur.
1407 3736 1464 3792 Si
1511 3738 1654 3793 enim
1704 3744 1882 3797 verbis

320 3822 467 3877 hisce
501 3824 852 3892 indicaretur,
881 3826 1048 3881 malas
1071 3827 1197 3881 olim
1227 3824 1396 3882 fuisse
1426 3843 1613 3885 omnes
1642 3833 1878 3901 nuptias,

316 3925 635 3984 sequeretur
666 3925 721 3969 ut
744 3919 903 3971 verba
934 3918 1092 3972 etiam
1118 3934 1238 3988 qua:
1271 3921 1513 3988 proxime
1534 3924 1879 3993 antecedunt,

316 4003 437 4057 Alia
471 4022 585 4057 cum
609 4017 819 4073 peccato
846 4009 1085 4076 agebant,
1111 4010 1479 4079 signiﬁcarent
1516 4013 1686 4067 malas
1716 4014 1883 4071 fuisse

316 4098 586 4167 quaslibet
618 4099 828 4153 illorum
858 4101 1097 4155 omnium
1126 4102 1389 4169 actiones,
1416 4104 1505 4171 qui
1534 4115 1657 4159 ante
1681 4106 1879 4161 Christi

318 4190 604 4244 adventum
646 4190 848 4246 fuere:
891 4208 996 4261 quo
1045 4194 1180 4247 nihil
1226 4210 1332 4248 non
1390 4198 1549 4249 modo
1595 4198 1880 4252 absurdius

316 4282 611 4350 excogitari
655 4292 853 4351 p0test,
912 4284 1003 4338 sed
1042 4299 1109 4339 ne
1154 4285 1379 4355 Didymo
1436 4286 1653 4355 quidem
1708 4292 1876 4358 magis

1767 252 1852 305 DE
1896 252 2151 327 atomo

298 355 604 453 .peccattnln
650 362 719 447 sit
762 355 1089 423 coniugium.
1132 360 1301 417 Aliter
1347 366 1509 419 etiam
1537 368 1658 435 ,dici
1712 382 1886 440 potest
1914 380 1958 434 Α
1990 376 2040 428 ἱιι
2068 378 2394 444 Abrahamo,
2441 382 2668 453 aliisque
2716 390 2922 446 sanctis
2972 409 3039 447 ex
3091 394 3289 452 Christi

1418 747 1433 783 :
1492 733 1685 786 malum
1734 739 1919 809 enim‘

3452 281 3565 334 2l2

3345 408 3567 456 venturi

1993 467 2200 520 meritis
2232 484 2244 517 :
2280 472 2394 536 sed,
2430 482 2485 525 ut
2517 489 2617 542 ego
2640 491 2853 541 censeo,
2888 484 3087 537 nullam
3123 487 3281 541 aliam
3314 492 3385 545 ob
3430 508 3569 545 can—

1991 570 2105 609 sam
2142 574 2201 611 ea
2232 561 2390 615 verba
2436 564 2630 634 adjecit
2672 567 2949 639 Didymus,
3000 576 3099 629 nisi
3140 588 3197 631 ut
3237 581 3401 634 alium
3451 582 3570 635 Ma-

1992 647 2318 715 nichaeorum
2365 670 2602 709 errorem
2646 658 2936 726 refelleret,
2979 666 3068 734 qui
3106 670 3321 737 nuptias
3369 687 3569 725 omnes

1980 734 2103 797 sive
2136 737 2187 789 in
2216 735 2419 803 Veteri,
2448 742 2563 797 sive
2595 745 2646 798 in
2681 746 2830 801 Novo
2864 734 3210 809 Testamento
3241 758 3413 811 malas
3442 773 3571 813 esse

1991 828 2278 884 docebant.
2309 832 2401 885 llis
2423 835 2744 902 praemissis,
2770 838 2975 905 judicet
3002 843 3191 909 lector,
3224 858 3405 901 utrum
3430 849 3568 903 alla-

1993 925 2078 972 tus
2108 919 2315 990 Didymi
2348 923 2497 979 locus
2528 927 2721 981 merito
2751 942 3037 986 accusetur
3070 949 3099 987 a
3130 934 3418 1008 Basnagio.

2199 1080 2323 1135 CAP.
2366 1082 2501 1138 XVI.
2546 1084 2619 1139 De
2656 1086 2895 1155 Epistula
2926 1094 3151 1165 secunda
3191 1094 3354 1152 Petri.

2065 1191 2367 1250 Secundam
2414 1196 2559 1251 Petri
2612 1200 2892 1264 epistolam
2955 1204 3007 1257 in
3056 1206 3567 1266 deuterocanonicis

1993 1282 2288 1352 Scripturis
2331 1289 2601 1355 numerari
2646 1301 2844 1345 norunt
2895 1294 3146 1364 theologi.
3185 1295 3370 1367 Itaque
3413 1302 3461 1352 si
3494 1301 3565 1355 de

1991 1390 2051 1427 ea
2087 1380 2188 1431 hoc
2231 1388 2435 1439 tantum
2468 1382 2688 1443 dixisset
2721 1384 2994 1457 Didymus,
3023 1387 3184 1455 ipsam
3218 1406 3319 1443 non
3343 1408 3459 1445 esse
3508 1393 3568 1446 in

1991 1466 2216 1534 Conone,
2262 1472 2607 1541 excusatione
2635 1474 2827 1544 dignus
2862 1476 3039 1531 foret:
3077 1480 3301 1534 necdum
3330 1484 3482 1537 enim
3508 1484 3564 1537 in

1994 1556 2389 1629 Scripturarum
2439 1561 2710 1631 canonem
2757 1568 2823 1620 ab
2868 1570 3139 1635 omnibus,
3180 1588 3279 1627 nec
3318 1574 3562 1629 solemni

1994 1652 2313 1726 universalis
2365 1654 2615 1723 Ecclesiae
2644 1658 2858 1723 decreto
2904 1660 3072 1715 relata
3115 1663 3309 1719 fuerat.
3354 1664 3564 1720 Verum

1989 1742 2156 1810 ipsam
2184 1755 2440 1821 przeterea
2467 1746 2714 1815 falsatum
2737 1751 2887 1825 dicit.
2911 1751 3006 1805 His
3035 1755 3177 1809 enim
3203 1756 3383 1812 verbis
3404 1772 3571 1811 enaro

1990 1834 2250 1889 rationem
2297 1838 2351 1889 in
2381 1839 2513 1891 hanc
2558 1840 2829 1907 epistolam
2859 1843 3171 1901 concludit:
3210 1845 3331 1901 Non
3361 1860 3437 1902 est
3461 1850 3569 1919 igi-

1990 1930 2077 1975 tur
2129 1924 2512 1994 ignorandum,
2569 1939 2872 1996 prwsentem
2902 1933 3176 2000 epistolam
3237 1953 3345 1990 esse
3388 1937 3569 2005 falsa-

1989 2021 2096 2067 tam
2125 2030 2144 2067 :
2190 2030 2305 2083 qua:
2330 2015 2451 2071 licet
2502 2018 2817 2087 publicetur,
2864 2036 2965 2076 non
3012 2034 3185 2079 tamen
3234 2026 3291 2080 in
3341 2024 3569 2084 Canens

1987 2111 2081 2157 est.

2054 2193 2333 2264 Adjectam
2370 2193 2532 2252 fuisse
2573 2200 2640 2254 ab
2664 2197 2841 2270 aliquo
2878 2201 3020 2257 hanc
3044 2202 3340 2259 clausulam
3369 2207 3566 2276 suspi-

1986 2293 2142 2337 catur
2168 2283 2487 2361 Basnagius.
2513 2287 2675 2357 Cuius
2704 2290 3010 2361 opinionem
3039 2293 3268 2349 libenter
3298 2297 3559 2365 equidem

1988 2371 2366 2443 amplecterer,
2402 2377 2446 2449 si
2508 2394 2718 2433 nossem
2776 2396 2878 2450 qua
2917 2384 3125 2436 ratione
3175 2396 3323 2439 certo
3351 2386 3565 2441 conﬁr-

1986 2465 2120 2517 mari
2164 2465 2353 2533 possit.
2396 2464 2522 2531 Sed,
2559 2484 2678 2521 cum
2715 2468 2767 2524 id
2816 2471 3075 2541 ignorem,
3121 2473 3249 2529 illud
3288 2477 3568 2532 duntaxat

1987 2563 2099 2609 tuto
2139 2555 2237 2610 hac
2278 2558 2329 2610 in
2382 2572 2437 2610 re
2468 2568 2707 2615 statuere
2749 2576 2905 2639 posse
2937 2564 3063 2617 mibi
3098 2568 3302 2634 videor,
3346 2570 3567 2639 episto-

1985 2646 2089 2700 lam
2136 2647 2275 2703 hanc
2317 2659 2373 2701 ut
2414 2664 2694 2705 sacrarum
2736 2638 3137 2723 scripturarum
3185 2659 3405 2725 librum,
3458 2672 3564 2716 aut

1985 2742 2188 2803 partem
2215 2736 2450 2805 agnitam
2486 2753 2516 2789 a
2540 2738 2764 2809 Didymo
2799 2740 2989 2797 fuisse.
3017 2742 3071 2798 ln
3110 2745 3260 2800 libris
3298 2750 3440 2802 enim
3478 2750 3565 2804 De

1988 2824 2243 2879 Trinitate
2276 2827 2433 2881 Petro
2463 2830 2658 2896 saepius
2695 2845 2814 2886 eam
2860 2836 3066 2903 tribuit,
3106 2847 3161 2892 et
3208 2839 3381 2894 instar
3417 2841 3568 2896 alio-

1986 2929 2106 2967 rum
2163 2914 2460 2985 Scriptura:
2498 2919 2757 2975 librorum
2808 2924 2974 2990 citat;
3018 2928 3069 2979 in
3107 2926 3563 2987 Enarratianibns

1938 3061 1949 3079 θ
1985 3020 2115 3058 vero
2150 3006 2319 3073 ipsam
2348 3023 2559 3079 quoque
2584 3027 2687 3066 una
2728 3028 2849 3067 cum
2884 3016 3003 3071 aliis
3027 3016 3318 3075 Catholicis
3339 3024 3561 3091 episto-

1983 3094 2050 3152 lis
2084 3097 2466 3166 interpretatur
2495 3120 2508 3156 :
2540 3117 2603 3157 ac
2638 3104 2851 3159 demum
2888 3109 2939 3161 in
2965 3109 3140 3165 allatis
3190 3115 3367 3169 verbis
3412 3130 3564 3185 opus

1981 3188 2299 3256 publicatum
2351 3191 2494 3245 illam
2530 3208 2821 3266 nuncupat.
2861 3199 2997 3266 Quid
3054 3211 3232 3256 autem
3285 3205 3561 3261 librorum

1980 3278 2363 3347 publicatorum
2390 3284 2644 3340 vocabulo
2685 3288 2945 3359 designet,
2974 3291 3271 3363 intelligere
3308 3296 3435 3351 licet
3488 3313 3563 3353 ex

1982 3370 2049 3425 iis
2093 3386 2210 3440 quae
2272 3374 2318 3427 is
2370 3376 2593 3431 dictavit
2654 3380 2710 3432 in
2751 3385 3148 3440 cemmentariis
3175 3388 3229 3439 in
3278 3392 3428 3453 Acta,
3484 3393 3562 3445 ad

1981 3475 2121 3514 vers.
2178 3462 2243 3515 59
2273 3467 2461 3533 capitis
2494 3482 2610 3521 VIII.
2663 3469 2737 3524 Ibi
2784 3472 2924 3525 enim
2960 3486 3244 3544 postquam
3272 3478 3561 3536 Enochum

1984 3552 2297 3606 translatum
2346 3556 2507 3612 fuisse
2546 3559 2701 3627 dixit,
2755 3562 2806 3616 id
2850 3575 2933 3618 est
2979 3583 3047 3620 ex
3090 3570 3210 3622 loco
3268 3571 3319 3623 in
3368 3571 3563 3627 locum

1982 3644 2238 3710 delatum,
2288 3647 2557 3716 subjuugit
2622 3667 2637 3704 :
2694 3650 2953 3716 Quoniam
2986 3674 3099 3710 vero
3132 3659 3189 3711 ὲν
3236 3662 3356 3724 ταῖς
3401 3662 3566 3733 δεδη-

1985 3737 2365 3807 μοσιευμέναις
2394 3738 2616 3808 βίϐλοις,
2656 3744 2705 3796 id
2739 3754 2840 3809 est,
2873 3746 2924 3799 in
2955 3748 3098 3801 libris
3121 3750 3416 3815 publicatis,
3443 3769 3563 3807 non

1984 3831 2292 3896 exprimitur
2329 3846 2431 3901 quo
2458 3831 2500 3884 is
2525 3836 2808 3900 pervenerit
2832 3852 2851 3899 ;
2904 3837 2954 3888 in
2985 3840 3287 3908 apocrypltis
3326 3840 3562 3908 dicitur,

1982 3937 2097 3973 eum
2153 3923 2205 3974 in
2247 3923 2554 3990 paradisum
2610 3926 2917 3978 translatum
2946 3944 3075 3981 esse.

2053 4012 2189 4077 Quid
2220 4024 2396 4066 autem
2430 4014 2531 4068 sibi
2585 4016 2708 4069 velit
2754 4017 3029 4087 Didymus,
3080 4035 3202 4073 cum
3250 4035 3367 4075 eam
3419 4022 3562 4092 Epi-

1986 4103 2175 4156 stolam
2230 4102 2479 4170 falsatum
2510 4120 2628 4160 esse
2663 4105 2889 4160 ailirmat
2916 4147 2930 4172 ,
2978 4110 3184 4165 nescire
3231 4127 3317 4166 me
3352 4110 3555 4167 fateor.

1984 4196 2287 4265 Exprobrat
2317 4199 2529 4266 quidem
2570 4201 2682 4268 ipse
2718 4202 2983 4257 luereticis
3024 4204 3159 4258 libro
3221 4220 3259 4258 ιι
3308 4205 3385 4258 De
3427 4205 3562 4259 Tri-

1988 4288 2169 4353 nitate,
2222 4290 2363 4355 quod
2404 4288 2553 4357 plura
2602 4289 2892 4359 Scriptura:
2930 4293 3047 4347 loca
3089 4295 3406 4363 depravare,
3448 4311 3560 4352 seu

318 4372 673 4425 contrarium.
720 4371 853 4429 Nam
913 4384 967 4429 et
1018 4386 1235 4431 sanctos
1287 4375 1499 4433 Veteris
1553 4379 1801 4436 Testame

2047 4381 2184 4433 lsare
2211 4381 2387 4433 conati
2422 4382 2564 4446 sint;
2607 4384 2734 4450 quin
2764 4384 2926 4437 etiam
2960 4385 3283 4454 exemplaria
3322 4387 3401 4440 sic
3432 4388 3556 4456 fal-

317 4462 503 4515 Iaudat
534 4461 586 4514 in
623 4464 872 4518 omnibus
912 4466 1003 4534 qui
1053 4475 1268 4521 exstant
1315 4467 1501 4532 libris;
1557 4480 1610 4525 et
1663 4487 1875 4528 onmem

315 4553 490 4623 quoad
527 4556 626 4629 hoc
661 4554 1049 4611 dubitationem
1083 4558 1272 4614 tollunt
1312 4575 1430 4629 qua:
1467 4562 1518 4615 in
1568 4562 1876 4617 Enarratio-

315 4645 465 4699 nibus
496 4646 561 4699 ad
592 4656 752 4716 caput
787 4663 801 4700 ι
830 4647 1079 4715 Epistolae
1110 4649 1130 4703 Ι
1159 4649 1303 4704 Petri
1354 4652 1574 4707 disserit
1621 4654 1734 4722 ipse
1787 4657 1876 4709 Di-

315 4735 505 4805 dymus
535 4736 601 4790 de
626 4736 826 4806 duplici
861 4736 1062 4793 Christi
1106 4744 1360 4808 adventu,
1397 4742 1637 4796 sensibili
1683 4743 1876 4809 altera,

315 4826 485 4881 altero
516 4827 859 4898 intelligibili,
903 4829 1054 4898 cujus
1084 4832 1373 4901 participes
1403 4832 1569 4888 fuisse
1603 4833 1762 4905 [LIX]
1803 4835 1876 4888 ait

314 4930 533 4973 sanctos
565 4917 781 4975 Veteris
813 4921 1166 4977 Testamenti.
1201 4924 1405 4988 Quibus
1437 4925 1631 4978 similia
1660 4925 1794 4978 libro
1819 4941 1876 4979 nt

317 5010 393 5062 De
437 5008 581 5065 Trin.
618 5026 739 5081 cap.
770 5012 862 5077 28,
895 5014 1137 5080 dictavit,
1193 5032 1314 5085 pag.
1351 5016 1474 5071 512.
1541 5016 1691 5082 Quod
1749 5033 1877 5073 vero

315 5099 591 5170 subiungit
618 5101 893 5173 Didymus,
934 5122 1025 5172 per
1068 5106 1267 5160 Christi
1310 5108 1583 5161 adventum
1630 5109 1765 5161 sicut
1809 5108 1873 5161 ab

317 5196 434 5246 aliis
466 5196 634 5261 rebus,
670 5197 743 5249 sic
773 5215 804 5250 a
837 5201 1031 5267 nuptiis
1066 5200 1297 5256 ablatum
1344 5220 1451 5256 esse
1486 5214 1773 5271 peccatum,
1825 5205 1876 5257 id

316 5301 529 5355 quoque
574 5288 639 5341 de
678 5299 901 5356 peccato
969 5292 1213 5359 originali
1268 5294 1667 5363 intelligendum
1723 5306 1871 5364 puto.

318 5378 538 5431 Dcmum
575 5392 694 5446 qua:
729 5380 874 5434 addit
904 5384 967 5435 de
995 5384 1382 5438 honorabilibus
1412 5386 1622 5453 nuptiis,
1671 5402 1778 5440 non
1812 5402 1875 5441 eo

317 5480 582 5536 spectant,
621 5480 677 5524 ut
706 5472 904 5541 nuptiae
942 5474 994 5526 in
1029 5472 1207 5527 Veteri
1258 5473 1605 5530 Testamento
1649 5477 1876 5529 honora-

316 5557 441 5611 biles
483 5574 604 5615 esse
646 5576 747 5617 non
778 5573 1019 5631 possent,
1052 5564 1152 5618 etsi
1186 5566 1417 5619 nondum
1457 5566 1521 5619 ad
1557 5568 1874 5621 sacramenti

318 5650 626 5720 dignitatem
658 5665 884 5724 evectze;
926 5656 1267 5713 honorabiles
1313 5658 1453 5713 enim
1506 5660 1677 5731 reipsa
1724 5660 1875 5717 fuere

1981 4479 2100 4522 sata
2127 4471 2177 4523 in
2209 4467 2640 4526 Ortbodoxorum
2683 4488 2872 4528 manus
2907 4478 3116 4530 venisse
3158 4480 3551 4547 conqueritur;

1980 4577 2245 4630 nusquam
2274 4573 2449 4616 tamen
2484 4573 2572 4616 aut
2601 4564 2734 4631 ipse,
2761 4574 2853 4618 aut
2878 4564 3014 4619 ullus
3046 4566 3182 4620 alius
3210 4582 3240 4621 e
3267 4570 3558 4626 veteribus

1979 4651 2229 4706 Patribus
2261 4654 2497 4721 scripsit,
2545 4653 2839 4709 Ecclesiam
2878 4657 3102 4711 sinceris
3130 4658 3547 4727 Scripturarum

1979 4744 2376 4811 exemplaribus
2431 4744 2740 4798 destitutam
2784 4745 2981 4800 luisse.
3036 4746 3304 4802 Credibile
3353 4749 3553 4819 itaque

1979 4845 2085 4884 non
2120 4831 2345 4895 videtur,
2374 4832 2511 4886 hanc
2546 4846 2663 4886 esse
2688 4833 2892 4903 Didymi
2933 4844 3189 4900 mentem,
3226 4838 3546 4905 utgenuina

1978 4923 2224 4977 secundae
2260 4923 2403 4978 Petri
2440 4924 2677 4993 epistola:
2726 4926 3049 4996 exemplaria
3090 4930 3283 4983 amissa
3318 4929 3444 4983 velit
3474 4934 3553 4987 ab

1978 5014 2237 5068 Ecclesia.
2270 5017 2339 5068 At
2385 5016 2427 5069 si
2474 5017 2524 5069 id
2579 5017 2753 5086 reipsa
2787 5018 3061 5083 voluisset,
3109 5021 3338 5075 absurda
3381 5022 3555 5091 plane

1978 5114 2119 5159 esset
2151 5105 2293 5159 illius
2328 5107 2614 5161 sententia.

1977 5217 2104 5270 CAP.
2136 5216 2299 5274 XVII.
2338 5217 2415 5271 De
2442 5218 2655 5289 Didymi
2700 5220 2845 5289 {ama
2887 5231 2997 5286 post
3037 5222 3231 5276 obitum
3261 5222 3409 5276 valde
3449 5223 3556 5278 σὺ·

2640 5305 2867 5344 scuram.

2049 5375 2192 5432 Satis
2226 5378 2335 5446 jam
2380 5393 2442 5433 ea
2489 5394 2607 5451 quae
2650 5382 2701 5435 in
2760 5381 2970 5453 Didymi
3015 5383 3231 5454 scriptis
3264 5394 3353 5438 aut
3394 5383 3553 5453 jure,

1975 5479 2069 5523 aut
2097 5471 2291 5540 injuria
2339 5476 2663 5544 reprehensa
2694 5475 2869 5542 fuere,
2903 5481 3165 5546 persecuti
3194 5493 3399 5532 sumus.
3429 5478 3553 5533 Su-

1976 5575 2157 5629 perest
2186 5580 2330 5619 nunc
2375 5577 2604 5633 tantum,
2643 5579 2699 5622 ut
2744 5569 2809 5624 de
2853 5571 2997 5625 illius
3034 5571 3433 5626 existimatione
3476 5589 3553 5628 ac

1978 5655 2119 5710 fama
2149 5672 2488 5729 summopere
2531 5671 2650 5731 post
2693 5663 2896 5718 obitum
2928 5663 3211 5719 obscurata
3254 5664 3546 5733 dicamus;
