3774 6356
275 304 381 360 215

1716 306 1802 360 DE
1840 305 2093 361 DlDYIllO

3396 298 3552 357 216

276 431 455 477 exstat
488 430 595 478 act.
650 423 684 476 5
711 424 953 493 septima:
995 424 1207 495 synodi,
1245 425 1494 492 allirmat,
1543 440 1573 479 a
1624 423 1837 479 Nicarna
1869 430 1914 485 Α
1944 434 2173 492 coeptam
2200 436 2320 478 esse
2344 432 2505 490 atque
2533 418 2863 478 absolutam;
2892 416 2948 480 ’5,
2980 416 3208 480 Menam,
3244 416 3309 470 ad
3338 428 3547 484 quem

277 516 448 583 prima
494 514 697 585 synodo
747 516 1058 570 damnatunt
1108 516 1274 570 fuisse
1318 516 1527 580 Arium,
1584 515 1834 578 Aetium,

276 603 616 671 Eunonrium,
652 613 797 659 etc.:
844 615 1076 659 attamen
1113 621 1211 661 nec
1258 606 1464 670 Aetius,
1507 620 1607 660 nec
1654 603 1836 659 Euno-

277 696 418 750 mius
461 710 491 748 a
521 695 752 750 concilio
785 696 999 751 Nieaeno
1044 697 1443 751 commemorati
1475 705 1629 758 sunt;
1660 696 1836 765 impli-

275 789 381 841 cite
405 801 533 857 ergo
571 796 775 840 tantum
820 787 1059 841 damnati
1102 787 1170 841 ab
1213 787 1303 841 illo
1331 788 1435 841 dici
1470 796 1715 856 possunt.
1750 784 1837 839 Si-

276 879 389 932 mili
426 878 584 933 modo
629 878 764 933 liber
807 879 1037 933 Diurnus
1081 877 1447 933 Romanorum
1497 878 1832 947 pontiﬁcum,

275 969 512 1041 synodus
563 968 1014 1039 pseudoseptima,
1070 984 1134 1024 ac
1185 967 1408 1024 Pbotius
1465 968 1754 1024 Diodorum
1805 984 1833 1022 a

276 1060 465 1129 quinta
496 1058 701 1130 synodo
727 1059 1035 1114 damnatum
1064 1059 1234 1123 aiunt,
1266 1057 1366 1113 etsi
1406 1056 1671 1113 Diodorus
1708 1073 1836 1113 nus-

278 1166 434 1220 quam
459 1165 490 1204 a
530 1150 717 1219 quinta
754 1149 955 1221 synodo
984 1149 1312 1204 nominetur.
1363 1148 1430 1203 Et
1476 1148 1837 1218 Hieronymus

279 1240 331 1294 in
376 1240 597 1309 epistola
623 1240 690 1294 ad
722 1238 1121 1294 Pammachium
1147 1251 1196 1293 et
1231 1239 1441 1293 Avitum
1478 1239 1546 1293 de
1586 1238 1835 1294 Patribus

279 1331 506 1385 Nicmnis
559 1330 796 1385 scribit:
851 1329 1095 1384 Latenter
1146 1329 1418 1399 Origenem
1476 1331 1669 1398 fontem
1724 1332 1837 1384 Arii

278 1432 663 1489 percusserunt.
695 1422 889 1487 Quidni
920 1437 1048 1492 ergo
1092 1421 1270 1491 plures
1318 1436 1384 1475 ex
1438 1422 1503 1475 iis
1542 1422 1631 1492 qui
1668 1420 1834 1491 Didy-

280 1527 424 1564 mum
456 1526 484 1563 a
517 1510 702 1580 quinta
731 1510 936 1581 synodo
964 1510 1377 1563 condemnatum
1407 1509 1615 1574 dicunt,
1649 1509 1719 1563 ita
1750 1509 1835 1562 in-

282 1600 445 1670 telligi
473 1610 743 1671 poterunt,
777 1610 834 1655 ut
864 1600 1117 1669 implicite
1147 1616 1211 1655 ac
1242 1600 1463 1653 latenter
1491 1600 1560 1655 ab
1589 1614 1653 1654 ea
1683 1599 1837 1654 dam-

279 1703 462 1746 natum
490 1693 773 1758 voluerint,
802 1708 907 1747 non
929 1706 1057 1747 vero
1087 1692 1357 1762 explicito,
1401 1708 1462 1745 ac
1485 1691 1837 1746 nominatim?

1943 516 2141 583 scripta
2185 524 2268 569 est
2312 512 2537 582 epistola
2588 512 2794 564 adnexa
2831 509 3080 561 tractatui
3126 523 3157 560 a
3196 507 3549 562 Justiniano

1942 605 2185 658 adversus
2255 602 2528 672 Origenem
2587 601 2811 669 scripto,
2870 600 3068 653 obiisse
3116 608 3243 651 ante
3284 598 3545 652 initium

1942 696 2145 764 quintae
2176 693 2387 765 synodi.
2437 691 2564 746 Haec
2594 701 2770 743 tamen
2818 705 2921 743 non
2953 703 3018 743 eo
3046 688 3318 753 adnotavi,
3358 687 3545 755 quod

1942 800 2213 847 censeam,
2247 783 2536 852 Origenem
2581 782 2634 834 in
2691 780 2879 849 quinta
2931 780 3134 849 synodo
3188 778 3544 832 damnatum

1943 893 2046 931 non
2080 876 2266 940 luisse,
2297 883 2350 928 et
2376 888 2582 928 canone
2610 888 2690 935 ιι,
2719 886 2816 941 pro
2849 885 2979 926 voce
3022 870 3297 939 Origenem
3326 871 3545 941 legen-

1941 970 2067 1023 dum
2108 960 2235 1024 esse
2282 965 2612 1030 Dioscorum,
2661 973 2720 1019 ut
2764 964 3016 1033 opinatur
3044 961 3371 1028 Halloisius;
3411 961 3543 1017 sed

1940 1063 2080 1133 quod
2115 1062 2343 1132 probare
2378 1059 2684 1122 videantur,
2710 1056 2991 1127 Didymum
3021 1070 3052 1110 a
3082 1056 3267 1126 quinta
3295 1054 3541 1126 synodo

1940 1152 2271 1210 tecumenica
2301 1150 2614 1207 damnatum
2646 1162 2752 1203 non
2796 1160 2935 1210 esse,
2968 1146 3084 1212 sed,
3130 1145 3175 1201 si
3218 1145 3539 1200 damnatus

1940 1254 2044 1311 est,
2086 1244 2153 1299 ab
2180 1242 2283 1297 alio
2311 1239 2539 1297 concilio
2566 1239 2880 1294 damnatum
2928 1236 3114 1295 fuisse.
3142 1235 3282 1291 XIV.
3314 1236 3541 1297 Roma-

1942 1350 2040 1390 nos
2083 1332 2369 1389 Pontiﬁces
2418 1328 2693 1401 Vigilium,
2758 1325 3082 1397 Pelagiuml
3130 1336 3186 1382 et
3230 1326 3295 1391 ll,
3328 1342 3388 1381 ac
3446 1326 3530 1381 S.

1942 1428 2258 1495 Gregorium
2302 1423 2550 1492 Magnum
2584 1423 2785 1490 quinta:
2816 1421 3005 1490 synodi
3047 1431 3195 1490 gesta
3248 1420 3533 1488 probasse

1941 1521 2203 1574 duntaxat
2256 1518 2431 1585 quoad
2484 1518 2645 1569 trium
2695 1514 3050 1582 capitulorum
3104 1514 3527 1566 damnationem

1942 1610 2217 1667 contendit
2248 1608 2480 1662 Fabrius
2510 1606 2563 1658 in
2606 1604 2903 1660 Prodromo
2948 1603 3190 1657 Velitari.
3226 1602 3532 1655 Postremo

1944 1704 2001 1756 S.
2048 1700 2334 1763 Maximus,
2388 1698 2449 1752 S.
2500 1696 2735 1753 Joannes
2791 1696 3172 1759 Damascenus,
3237 1691 3295 1748 S.
3350 1691 3523 1756 Nico,

279 1783 371 1837 XI.
418 1783 702 1837 Liberatus
737 1785 993 1839 diaconus
1032 1783 1086 1837 in
1119 1782 1393 1837 Breviario
1423 1798 1542 1853 cap.
1569 1782 1661 1847 25,
1704 1782 1837 1837 Cas-

1961 1791 2267 1847 l‘heodull‘us
2292 1788 2716 1852 Aurelianensis,
2743 1786 2799 1840 S.
2830 1786 3063 1840 Thomas
3088 1785 3350 1853 Aquinas,
3382 1782 3524 1836 alii-

281 1876 525 1929 siodorus
551 1875 603 1928 itt
632 1873 835 1928 Divinis
880 1873 1183 1929 lectionibus
1210 1889 1327 1943 cap.
1358 1874 1410 1937 1,
1447 1872 1697 1928 Nicolaus
1734 1872 1755 1925 l
1785 1874 1835 1928 in

279 1965 497 2030 epistola
554 1965 622 2017 ad
668 1962 974 2018 Micltaelem
1011 1965 1395 2032 imperatorem,
1440 1964 1743 2019 Eustratius
1785 1966 1836 2017 in

287 2054 409 2108 Vita
465 2056 631 2109 sancti
680 2055 944 2126 Eutychii,
1002 2055 1142 2125 apud
1196 2056 1571 2111 Bollandianos
1621 2068 1749 2111 tom.
1817 2056 1838 2110 Ι

280 2147 499 2216 Aprilis,
529 2164 652 2217 pag.
676 2148 799 2216 554,
827 2162 920 2203 seu
949 2164 1066 2217 cap.
1097 2148 1152 2216 5,
1177 2165 1324 2204 num.
1359 2148 1446 2215 19,
1490 2150 1687 2219 aliique
1712 2146 1837 2203 Ori-

280 2254 468 2309 genem
524 2242 736 2310 quidem
776 2257 806 2296 a
841 2243 1025 2313 quinta
1080 2244 1283 2314 synodo
1312 2242 1624 2297 damnatum
1674 2242 1840 2297 fuisse

283 2333 519 2397 tradunt,
552 2333 828 2403 Didymum
859 2348 984 2388 vero
1014 2349 1119 2389 non
1153 2335 1450 2389 nominant.
1485 2334 1597 2389 lmo
1626 2334 1841 2390 Cassio-

282 2425 446 2478 dorus
472 2439 575 2478 non
604 2424 961 2481 mediocribus
986 2427 1157 2495 ipsum
1190 2427 1436 2482 laudibus
1471 2427 1835 2497 prosequitur.

284 2513 396 2568 XII.
440 2518 588 2570 Adeo
616 2517 842 2570 obscura
873 2527 953 2572 est
990 2519 1104 2572 haec
1139 2518 1203 2573 de
1251 2518 1462 2589 Didymi
1508 2519 1839 2574 condemna—

285 2607 430 2661 tione
464 2607 710 2671 historia,
760 2618 819 2661 ut
867 2608 997 2663 nihil
1028 2611 1161 2665 certi
1202 2610 1268 2666 de
1309 2612 1429 2681 ejus
1457 2619 1717 2681 tempore,
1773 2612 1840 2667 de

284 2697 463 2762 modo,
496 2698 563 2753 de
609 2699 918 2754 auctoribus
963 2700 1175 2756 deliniri
1224 2716 1381 2770 posse
1415 2702 1703 2757 videatur:
1750 2701 1839 2756 alii

284 2789 429 2841 enim
460 2788 514 2841 in
560 2788 666 2843 line
699 2790 869 2858 quinti
916 2791 1151 2858 concilii,
1208 2792 1297 2846 alii
1345 2793 1500 2848 initio
1530 2794 1841 2848 damnatum

285 2878 509 2933 volunt:
565 2879 655 2934 alii
710 2895 813 2935 non
865 2879 1171 2951 Didymum,
1206 2884 1301 2937 sed
1347 2883 1555 2954 Didymi
1604 2885 1838 2954 scripta:

283 2968 373 3022 alii
410 2983 514 3022 non
545 2983 575 3021 a
619 2969 801 3036 quinta
831 2969 1052 3038 synodo,
1093 2970 1187 3024 sed
1217 2970 1288 3025 ab
1317 2970 1423 3039 alio
1461 2972 1843 3027 Constantino-

283 3056 523 3127 politano
566 3058 793 3113 concilio
840 3069 965 3113 ante
1011 3059 1255 3129 quintam
1302 3061 1563 3131 synodum
1619 3062 1840 3117 habito:

285 3149 369 3203 alii
406 3165 510 3203 non
545 3164 576 3204 a
606 3150 852 3214 concilio,
881 3151 974 3206 sed
1008 3167 1037 3205 a
1063 3149 1368 3207 Iustiniano
1394 3154 1509 3222 ipso
1535 3155 1846 3208 damnatum

285 3241 651 3310 suspicantur,
687 3242 779 3311 qui
812 3243 1047 3297 edictum
1095 3258 1249 3297 suum
1294 3260 1323 3297 a
1357 3245 1599 3315 pluribus
1638 3246 1850 3315 episco-

287 3332 385 3399 pis,
416 3332 468 3385 in
498 3333 724 3387 concilio
749 3342 1047 3388 tamennon
1068 3337 1430 3407 congregatis,
1451 3338 1849 3409 subscriptione

288 3424 618 3490 probandum
647 3425 932 3479 curaverit.
965 3424 1102 3480 Xlll.
1138 3425 1369 3481 Tantum
1409 3430 1580 3495 abest,
1613 3443 1669 3483 ut
1712 3444 1848 3484 con-

287 3523 392 3570 stet
422 3514 703 3585 Didymum
740 3532 770 3570 a
805 3518 990 3586 quinta
1023 3520 1227 3590 synodo
1257 3521 1567 3575 damnatum
1613 3536 1752 3585 esse,
1795 3532 1853 3576 ιιι

288 3619 357 3659 ne
386 3605 559 3675 ipsum
601 3608 816 3676 quidem
861 3606 1147 3680 Origenem
1183 3612 1596 3666 condemnatum
1647 3612 1715 3667 ab
1759 3612 1850 3668 illa

289 3691 454 3748 fuisse
508 3706 762 3751 censeant
809 3696 1107 3754 Halloixius
1178 3709 1236 3756 et
1285 3699 1512 3756 Fabrius
1556 3718 1572 3756 :
1625 3716 1851 3771 quorum

290 3786 612 3841 sententiam
637 3788 737 3843 etsi
768 3805 911 3845 nunc
951 3807 1055 3846 non
1093 3795 1407 3863 amplectar,
1439 3803 1618 3848 tamen
1644 3796 1758 3850 haec
1787 3812 1855 3852 ex

291 3874 487 3932 Fabrio
530 3880 841 3936 adnotabo:
887 3881 938 3947 1,
978 3880 1341 3940 Iustinianum
1378 3887 1755 3956 imperatorem
1801 3889 1854 3943 in

292 3966 485 4021 litteris
537 3967 675 4023 datis
717 3970 783 4024 ad
838 3971 1079 4039 quintam
1130 3973 1390 4044 synodum
1441 3983 1634 4043 quarto
1679 3973 1859 4030 Nonas

295 4057 442 4121 Maii,
478 4058 529 4112 id
559 4069 644 4113 est
698 4074 762 4115 eo
796 4062 910 4131 ipso
939 4063 1047 4128 die,
1093 4079 1200 4135 quo
1242 4075 1418 4133 empta
1457 4076 1543 4121 est
1594 4069 1855 4137 synodus,

296 4150 499 4203 hortari
528 4150 742 4219 quidem
767 4151 960 4209 Patres
988 4164 1045 4209 ut
1072 4155 1174 4208 tria
1202 4155 1434 4225 capitula
1459 4156 1712 4210 damnent
1739 4197 1754 4222 ,
1791 4159 1859 4212 de

296 4238 528 4306 Origene
559 4249 759 4306 autem,
792 4258 857 4297 ac
895 4242 1212 4313 Origenistis
1240 4244 1371 4297 nihil
1400 4244 1608 4310 dicere;
1646 4244 1701 4297 2.
1739 4245 1857 4313 epi-

294 4330 487 4384 stolam
518 4329 806 4387 Justiniani
840 4336 908 4387 ad
931 4336 1185 4405 synodum
1215 4335 1857 4404 Constantinopolitanam

296 4425 363 4477 de
393 4421 643 4494 Origene,
662 4425 883 4496 ejusque
904 4428 1261 4483 sectatoribus
1277 4430 1451 4482 datam
1472 4443 1591 4483 esse
1621 4443 1761 4482 anno
1783 4428 1854 4481 25

224 4551 233 4565 ,
297 4514 504 4583 imperii
531 4514 853 4583 Justiniani;
894 4520 1156 4588 synodum
1184 4534 1319 4575 vero
1349 4520 1590 4589 quintam
1622 4536 1763 4576 anno
1785 4520 1853 4574 27

1938 1896 2043 1950 que
2084 1879 2263 1951 plures
2315 1877 2597 1947 Didymum
2633 1885 2691 1929 ut
2741 1870 2928 1946 [LXII]
2968 1874 3245 1927 doctorem
3292 1871 3522 1936 citant;

1938 1970 2171 2026 Joannes
2217 1981 2347 2023 vero
2394 1969 2462 2022 de
2511 1965 2771 2021 Columna
2820 1975 3061 2019 sanctum
3114 1963 3397 2026 doctorem,
3458 1971 3527 2015 et

1939 2064 2112 2119 Guido
2135 2063 2370 2117 Terrena
2401 2061 2664 2114 doctorem
2692 2056 2991 2112 Graecorum
3040 2057 3330 2110 maaimum
3382 2069 3518 2108 eum

1939 2162 2155 2216 vocant,
2182 2161 2239 2205 ut
2264 2157 2473 2205 constat
2506 2163 2573 2203 ex
2612 2163 2797 2203 eorum
2831 2146 3006 2200 verbis
3047 2160 3169 2214 pag.
3211 2143 3313 2198 497
3345 2158 3376 2196 a
3418 2156 3517 2196 me

1943 2246 2153 2302 allatis:
2202 2244 2530 2298 Trithemius
2591 2256 2718 2296 vero
2780 2241 2882 2294 vita
2955 2240 3266 2307 praeclarum
3315 2238 3449 2293 dicit
3487 2256 3505 2292 :

1943 2339 2050 2392 imo
2095 2337 2148 2390 in
2180 2335 2332 2390 Actis
2389 2342 2750 2389 sacrosanctae
2802 2338 2859 2385 et
2907 2330 3253 2385 oecumenicze
3314 2330 3511 2400 synodi

1941 2427 2265 2484 Florentius:
2298 2439 2403 2481 non
2438 2425 2697 2496 allegatur
2725 2433 2955 2489 tantum,
2991 2437 3173 2477 verum
3206 2422 3369 2475 etiam
3393 2438 3518 2474 ma-

1941 2537 2072 2591 gnus
2100 2519 2351 2589 Didymus
2379 2526 2735 2587 nuncupatur.

2012 2610 2138 2665 Haec
2175 2620 2301 2666 sunt
2330 2608 2666 2679 potissimum
2718 2620 2837 2676 quae
2876 2616 2931 2662 et
2973 2615 3165 2661 contra
3200 2605 3514 2676 Didymum,

1943 2712 1998 2756 et
2021 2716 2118 2771 pro
2148 2701 2371 2771 Didymo
2402 2698 2641 2754 breviter
2685 2697 2994 2767 attingenda
3050 2706 3198 2751 ratus
3241 2711 3382 2751 sum.
3427 2696 3511 2751 Ex

1944 2794 2030 2849 bis
2052 2792 2309 2862 judicium
2338 2790 2475 2845 ferat
2512 2789 2711 2855 lector;
2748 2804 2871 2843 nam
2907 2803 3006 2857 ego
3051 2787 3265 2857 quidem
3308 2787 3361 2840 iu
3403 2788 3511 2842 ob.

1944 2900 2101 2940 scura
2135 2883 2290 2948 adeo,
2323 2881 2631 2951 dillicilique
2655 2882 2951 2950 quaestione
2976 2890 3123 2935 tanto
3171 2878 3514 2933 auctoritatis

1948 2974 2181 3044 pondere
2208 2986 2291 3026 me
2318 2972 2488 3042 premi
2523 2972 2698 3026 sentio
2730 2975 2797 3024 ab
2843 2971 2909 3024 iis
2939 2972 3029 3041 qui
3062 2970 3284 3040 Didytno
3313 2968 3512 3024 adver-

1902 3118 1914 3136 ,
1949 3066 2050 3120 sati
2077 3073 2225 3127 sunt,
2261 3072 2318 3118 ut
2340 3078 2405 3117 ne
2432 3063 2643 3119 hiscere
2681 3064 2895 3131 quidem
2928 3065 3176 3117 audeam.

2021 3160 2203 3215 Finem
2234 3160 2417 3228 itaque
2447 3159 2659 3213 tandem
2708 3159 2793 3212 his
2825 3157 2976 3212 libris
3021 3157 3258 3226 impono.
3295 3154 3352 3209 Si
3384 3154 3514 3223 quid

1950 3261 2128 3307 autem
2156 3251 2209 3305 in
2251 3251 2318 3304 iis
2359 3264 2465 3304 non
2512 3248 2644 3303 satis
2671 3259 2825 3301 caute
2861 3257 2953 3300 aut
2979 3261 3105 3301 vere
3137 3245 3337 3300 dixisse
3360 3244 3515 3298 vide—

1949 3344 2150 3410 bimur,
2184 3343 2325 3397 docti
2354 3342 2418 3395 ab
2464 3342 2661 3411 aliquo,
2709 3340 2864 3409 facile
2906 3349 2951 3392 et
2982 3339 3221 3403 libenter,
3252 3347 3311 3391 ut
3340 3334 3513 3391 Marc:

1950 3434 2110 3489 Tullii
2144 3433 2320 3488 verbis
2360 3444 2503 3496 utar,
2537 3431 2847 3485 sententiam
2888 3431 3346 3489 commutabimus.
3390 3426 3518 3480 Non

1955 3526 2090 3579 enim
2121 3540 2305 3593 parum
2339 3538 2603 3591 cognosse,
2662 3522 2749 3575 sed
2787 3522 2843 3574 in
2892 3536 3074 3589 parum
3114 3520 3317 3588 cognito
3360 3518 3518 3571 stulte

1952 3627 1998 3671 et
2019 3616 2109 3669 diu
2136 3630 2505 3685 perseverasse,
2547 3624 2696 3679 turpe
2740 3622 2813 3667 est
2843 3627 2861 3665 :
2906 3619 3177 3679 propterea
3207 3608 3343 3678 quod
3379 3607 3516 3660 alte-

1954 3722 2068 3760 rum
2106 3703 2369 3758 communi
2408 3701 2672 3754 hominum
2712 3699 3030 3767 inﬁrmitati,
3068 3697 3291 3749 alterunt
3335 3695 3518 3761 singu-

1953 3800 2056 3852 lari
2080 3794 2481 3864 uniuscujusque
2506 3792 2624 3847 vitio
2651 3801 2723 3844 est
2751 3791 3077 3842 attributum.
3119 3785 3224 3842 Sed
3260 3784 3516 3839 Romamn

1956 3890 2008 3943 in
2049 3888 2237 3959 primis
2286 3885 2540 3941 Ecclesia:
2569 3880 2931 3937 Ecclesiarum
2964 3878 3201 3931 omnium
3250 3875 3518 3944 magistra:

1950 3976 2153 4048 judicio
2183 3989 2306 4029 cum
2344 3975 2478 4039 haec,
2519 3981 2628 4027 tum
2676 3969 2778 4023 alia
2816 3980 3151 4037 quaecunque
3188 3964 3354 4029 edidi,
3387 3961 3513 4017 sub-

1949 4068 2089 4135 jecta
2126 4066 2266 4121 volo.
2308 4066 2385 4121 Tu
2415 4079 2563 4131 vero,
2604 4060 2799 4133 prmsul
2841 4058 3188 4129 amplissime,
3222 4064 3383 4111 tenue
3417 4056 3523 4108 hoc

1956 4159 2353 4221 munusculum,
2392 4166 2451 4211 ut
2482 4170 2616 4210 meae
2651 4155 2703 4209 in
2741 4163 2793 4209 te
2829 4152 3182 4208 observantia:
3208 4160 3522 4204 monumen-

1957 4256 2091 4314 tum,
2116 4262 2179 4302 ac
2202 4246 2397 4301 veteris
2419 4246 2671 4299 amicitia:
2698 4251 2895 4298 nostra:
2920 4240 3132 4310 pignus,
3165 4237 3391 4305 benigne
3420 4247 3520 4287 cx-

1959 4340 2076 4407 cipe
2122 4357 2137 4392 :
2178 4336 2222 4391 si
2275 4337 2418 4390 enim
2462 4335 2559 4390 tibi
2607 4335 2739 4397 haec,
2794 4331 3187 4402 qualiacunque
3234 4328 3361 4393 sint,
3415 4338 3521 4378 non

1962 4426 2300 4497 displicuisse
2336 4439 2660 4494 cognovero,
2695 4421 2829 4477 nihil
2864 4421 2977 4492 jam
3019 4420 3126 4474 erit
3155 4431 3251 4472 cur
3285 4412 3522 4483 suscepti

1962 4533 2048 4573 me
2078 4517 2278 4572 laboris
2308 4518 2587 4587 poeniteat.

325 4667 2264 4694 =__________________________.-,

640 4843 1320 4962 VETERUM
1382 4845 1563 4957 DE
1623 4842 2188 4956 DIDYMO
2252 4837 3183 4955 TESTIMONIA.

1225 5316 1475 5386 Didymus
1503 5318 1609 5386 ipse
1625 5316 1717 5370 lib.
1750 5315 1824 5370 De
1854 5314 2056 5383 Spiritu
2094 5321 2301 5376 sancto,
2337 5326 2482 5364 nam.
2505 5308 2539 5363 5

374 5408 524 5476 Quod
554 5415 735 5489 autem
767 5408 835 5462 ab
859 5409 978 5461 aliis
1003 5410 1247 5489 capiatur
1273 5409 1506 5479 Spiritus
1532 5417 1750 5463 sanctus
1774 5416 1829 5462 et
1863 5421 1968 5460 non
1994 5404 2097 5459 alia
2147 5403 2350 5473 capiat,
2407 5409 2463 5456 et
2516 5414 2680 5466 nunc,
2720 5409 2774 5456 et
2807 5399 2860 5454 in
2898 5397 3176 5454 Sectamm
3226 5393 3524 5463 volumine,

303 5490 464 5552 prout
493 5479 787 5550 potuimus,
815 5480 1200 5548 expressimus.

1745 5571 1812 5626 Et
1832 5587 1974 5625 num.
2006 5570 2097 5623 2|.

379 5669 611 5737 Spiritus
650 5678 867 5723 sanctus
899 5705 917 5737 .
943 5705 956 5718 .
992 5707 1006 5720 .
1040 5666 1208 5720 dictus
1251 5676 1333 5720 est
1362 5667 1595 5733 Spiritus
1617 5665 1937 5737 sapientite.
2072 5670 2122 5713 et
2157 5657 2500 5737 natura_eju_s
2551 5656 2682 5737 nihil
2731 5664 2813 5710 est
2851 5655 3014 5737 aliud
3044 5695 3059 5723 ,
3121 5654 3223 5710 nisi
3278 5651 3508 5722 Spiritus

307 5727 542 5795 veniatis
565 5754 610 5793 et
634 5740 865 5807 Spiritus
894 5736 990 5792 Dei
1025 5753 1041 5789 :
1076 5738 1142 5792 de
1181 5737 1378 5807 quibus
1405 5727 1515 5810 jam
1546 5727 1958 5791 abundanterin
1989 5735 2255 5787 Sectarum
2288 5729 2561 5783 volumine
2592 5727 3004 5797 disputavimus.
