3774 6316
122 362 211 416 273

1205 361 1293 418 DE
1331 364 1703 421 TRINITATE
1740 366 1940 420 LIBER
1982 364 2261 420 PRIMUS.

3245 361 3352 415 2τᾶ

123 496 284 546 sror,"
324 477 472 533 ἀλλ’
524 480 693 535 ἅτινα
738 476 817 551 ἦν
838 499 938 549 μοι
971 481 1172 549 κέρδη,
1210 485 1396 537 ταῦτα
1438 486 1674 555 ἡγοῦμαι

1797 487 2075 540 hensibilis.
2111 485 2211 539 Sed
2242 499 2359 554 quae
2384 483 2511 537 mihi
2539 482 2744 551 fuerunt
2777 480 2829 551 3
2858 479 3028 543 lucra,
3067 478 3173 533 haec
3206 484 3354 532 artu-

128 572 213 624 διὰ
254 570 359 621 τὸν
401 571 668 636 Χριστὸν
714 571 943 640 ζημίαν.
1015 573 1197 627 Ἀλλὰ
1244 575 1539 644 μενοῦνγε
1587 577 1683 629 καὶ

126 664 353 733 ἠγοῦμαι
389 663 595 715 πάντα
622 664 832 731 ζημίαν
865 661 1017 718 εἶναι
1042 665 1141 719 διὰ
1166 668 1229 718 τὸ
1256 666 1551 737 ὑπερέχον
1578 668 1687 735 τῆς

132 755 385 822 γνώσεως
458 755 656 819 Ἰησοῦ
720 754 791 825 [1
844 756 919 828 bj
976 758 1234 824 Χριστοῦ
1306 758 1413 812 τοῦ
1468 759 1687 825 Κυρίου

130 844 272 913 ἡμῶν
295 862 307 874 ο
341 843 417 896 δι’
451 845 532 897 ὃν
574 844 647 898 τὰ
685 848 883 901 πάντα
916 847 1261 917 ἐζημιώθην,
1303 850 1401 903 καὶ
1432 849 1687 918 ἠγοῦμαι

118 939 375 990 νιν-(ὐεαλα
402 932 585 1002 εἶναι,
610 939 710 991 ἵνα
751 940 1011 1009 Χριστὸν
1040 940 1313 1007 κερδήσω
1333 959 1345 971 ’
1397 940 1684 1010 Ῥωμαίοις

230 1029 295 1080 El
334 1028 459 1097 μὲν
503 1037 612 1100 γὰρ
648 1034 682 1085 ὁ
716 1031 1042 1100 ἐρχόμενος
1068 1032 1260 1085 ἄλλον
1316 1034 1549 1099 Ἰησοῦν
1577 1049 1681 1097 κη’

121 1122 331 1183 ρύσσει,
384 1119 465 1172 ὃν
521 1122 631 1173 οὐκ
667 1119 1063 1190 ἐκηρύξαμεν,
1118 1120 1155 1189 ἢ
1196 1120 1437 1189 Πνεῦμα
1482 1120 1687 1187 ἕτερον

130 1210 454 1279 λαμῖὰνετε,
510 1212 544 1265 ὃ
579 1213 691 1267 οὐκ
736 1212 996 1267 ἐλάϐετε.
1040 1209 1187 1284 Ἀρα
1223 1212 1279 1265 δὲ
1317 1213 1413 1265 καὶ
1457 1212 1594 1281 πρὸς
1633 1214 1684 1265 τί

128 1302 323 1365 ἀηδὼν,
365 1308 463 1358 καί
500 1301 596 1359 οἷα
625 1307 957 1376 διανοηθεὶς,
978 1305 1313 1375 ἀκραιφνοῦς
1359 1305 1685 1373 θεογνωσίας

128 1389 409 1465 τὶθιςλῖδια
451 1398 758 1468 γέγραφεν,
812 1396 1118 1468 Κορινθίοις
1163 1396 1260 1467 μὲν
1309 1396 1369 1448 τὸ
1412 1396 1679 1466 δεύτερον,

128 1486 188 1536 ὅτε
209 1504 264 1552 γε
292 1489 339 1538 εξ
361 1488 443 1557 τῷ
476 1488 595 1558 Υἱῷ
617 1507 700 1553 τις
727 1488 1059 1557 καταλλαγῇ,
1086 1488 1165 1558 τῷ
1194 1486 1313 1557 Θεῷ
1342 1486 1680 1557 κατηλλάγη’

128 1578 201 1629 καὶ
222 1580 295 1630 ὅτι
329 1581 387 1631 ἐν
415 1582 647 1653 Χριστῷ
679 1581 718 1647 ή
760 1581 894 1652 πρὸς
935 1581 1026 1632 τὸν
1058 1579 1189 1633 Θεὸν
1214 1581 1535 1647 σύμϐασις,
1568 1578 1684 1629 ἐστὶ

131 1668 199 1719 τοῦ
224 1670 452 1739 κόσμους
496 1670 651 1740 Ἔχει
682 1670 764 1723 δέ’
801 1670 896 1734 Ὠς
925 1668 1014 1721 ὅτι
1056 1667 1199 1733 Θεὸς
1226 1664 1302 1736 ἦν
1342 1667 1411 1720 ἐν
1455 1665 1683 1733 Χριστῷ

130 1760 324 1826 ιέςμον
370 1761 832 1815 καταλλάσσων
880 1759 1072 1824 ἐαυτῷ
1094 1801 1107 1816 .
1154 1758 1241 1827 μὴ
1297 1757 1680 1826 λογιζόμενος

1789 587 1959 629 tratus
1990 593 2102 629 sum
2140 587 2348 644 propter
2390 575 2658 629 Christum
2703 572 3036 625 detrimenta.
3084 567 3357 623 Verumta-

1790 683 1904 719 men
1927 668 2167 719 existimo
2188 666 2361 719 omnia
2378 666 2742 717 detrimentum
2762 678 2871 715 esse
2888 671 3097 730 propter
3126 662 3327 712 emincn
3341 692 3357 702 ο

1789 770 1887 811 tem
1904 758 2171 811 scientiam
2199 757 2325 810 Jesu
2353 757 2545 810 Christi
2578 755 2788 808 Domini
2814 756 2976 807 nostri
2996 750 3357 821 (16):;2ropter

1787 867 1933 920 quem
1961 852 2132 903 omnia
2154 850 2514 903 detrimentum
2545 849 2664 917 feci,
2691 859 2737 900 et
2765 848 2991 899 arbitror
3015 854 3067 897 ut
3104 855 3352 901 stercora,

1789 954 1842 995 ut
1889 940 2154 996 Christum
2207 943 2561 1010 lucrifaciarn.
2614 943 2690 994 Ad
2744 940 3015 992 Romanos
3066 950 3191 989 vero
3243 934 3352 1003 (17)

1789 1032 2084 1085 scribens:
2130 1029 2269 1084 Nam
2326 1032 2371 1084 si
2418 1034 2460 1083 is
2514 1033 2602 1099 qui
2658 1031 2814 1088 venit.
2867 1030 3031 1081 alium
3087 1024 3351 1079 Christum

1786 1126 2056 1186 prardicat,
2086 1140 2236 1189 quem
2275 1140 2375 1176 non
2414 1122 2831 1192 prtcdicarimns,
2876 1132 2964 1172 aut
2993 1119 3155 1170 alium
3186 1114 3351 1181 Spiri-

1788 1227 1897 1268 tum
1944 1216 2200 1284 accipitis,
2240 1232 2385 1285 quem
2430 1232 2533 1267 non
2585 1215 2874 1283 accepistis.
2920 1211 3183 1276 Quidnam
3227 1222 3355 1259 vero

1787 1309 2079 1375 spectabat,
2127 1321 2179 1361 et
2207 1307 2385 1375 qualia
2418 1307 2707 1375 cogitabat,
2758 1323 2877 1355 cum
2929 1317 3111 1355 rmsus
3144 1313 3353 1366 genua—

1789 1416 1870 1453 na:
1925 1415 1988 1453 ac
2045 1414 2184 1453 vera:
2236 1400 2324 1453 Dei
2386 1401 2704 1469 cognitionis
2761 1396 2973 1463 proliria
3021 1391 3237 1459 scripsit
3287 1390 3357 1441 ad

1786 1492 2096 1546 Corinthios
2154 1490 2266 1561 (18)
2311 1492 2362 1544 in
2410 1492 2645 1545 secunda
2692 1489 2925 1556 Epistula
2968 1484 3262 1546 allirmaus,
3305 1479 3350 1531 si

1786 1584 1907 1651 quis
1944 1582 2077 1636 Filio
2110 1583 2492 1636 reconciliatus
2547 1580 2731 1646 fuerit,
2787 1581 2895 1632 Deo
2946 1573 3350 1629 reconciliatum

1786 1689 1938 1738 esse;
1994 1683 2045 1726 et
2087 1675 2267 1728 mundi
2305 1689 2425 1727 cum
2464 1671 2573 1725 Deo
2618 1670 3106 1725 reconciliationem
3146 1678 3267 1717 esse
3300 1662 3349 1713 in

1786 1764 2036 1817 Christo?
2071 1763 2194 1817 Hzcc
2238 1772 2417 1817 autem
2458 1764 2610 1817 habet
2645 1764 2756 1832 (19)
2793 1782 2805 1816 :
2842 1761 3102 1826 Quoniam
3142 1755 3350 1824 quidem

130 1851 295 1916 αὐτοῖς
341 1853 414 1905 τὰ
456 1852 905 1921 παραπτώματα
953 1850 1171 1914 αὐτῶν,
1209 1852 1309 1905 καὶ
1338 1852 1583 1921 θέμενος
1613 1852 1674 1903 ἐν

1797 1855 1925 1909 Deus
1954 1868 2063 1909 erat
2104 1859 2156 1909 in
2184 1854 2395 1910 Christo
2436 1858 2687 1908 mundum
2719 1853 3062 1908 reconcilians
3101 1849 3196 1902 sibi
3230 1846 3351 1913 ipsi.

130 1942 243 2009 ἡμῖν
268 1944 369 1995 τὸν
389 1948 590 2013 λόγον
618 1944 726 2011 τῆς
754 1942 1161 2011 καταλλαγῆς.
1204 1941 1385 2010 ’Υπὲρ
1420 1942 1680 2009 Χριστοῦ

131 2030 219 2088 οὖν·
256 2039 672 2106 πρεσϐεύομεν
703 2039 783 2103 ὡς
828 2036 937 2090 τοῦ
990 2037 1139 2090 Θεοῦ
1182 2037 1681 2106 παρακαλοῦντος

129 2126 183 2177 δι’
206 2129 379 2195 ἡμῶν.
428 2131 697 2198 Δεόμεθα
736 2130 885 2199 ὑπὲρ
918 2130 1174 2198 Χριστοῦ
1199 2146 1213 2160 ’
1268 2127 1682 2197 καταλλάγητε

135 2218 193 2283 τῷ
215 2218 342 2284 Θεῷ.
375 2222 489 2275 Καὶ
513 2222 701 2285 πάλιν,
723 2221 797 2286 ὡς
820 2222 994 2275 πάντα
1019 2221 1089 2274 τὰ
1120 2220 1272 2276 ἄλλα.
1308 2262 1321 2276 .
1365 2262 1379 2275 .
1425 2262 1439 2275 .
1482 2222 1517 2274 ἃ
1541 2237 1682 2292 παρ-

133 2314 194 2371 εὶς
233 2314 526 2382 ἐκήρυττεν
576 2313 793 2383 μεγάλα
826 2315 867 2345 ⁸⁸
899 2313 1110 2383 αὐχῶν,
1143 2315 1224 2367 ὅτι
1262 2314 1356 2367 καὶ
1391 2312 1453 2365 τὸ
1493 2312 1680 2365 δοκοῦν

136 2404 451 2457 ἐπονείδιστον
466 2401 612 2458 εἶναι
643 2406 860 2476 Χριστῷ
880 2406 967 2458 διὰ
987 2405 1083 2477 τὴν
1115 2405 1491 2477 φιλάνθρωπον
1516 2404 1679 2458 αὑτοῦ

131 2494 423 2563 οἰκονομίαν,
456 2499 646 2550 πᾶσαν
677 2496 925 2551 εὔκλειαν
954 2500 1047 2550 καὶ
1073 2497 1263 2569 ῥώμην
1297 2498 1449 2569 βρύει
1488 2497 1617 2564 ἐγὼ.
1662 2536 1677 2551 .

139 2622 150 2635 .
179 2624 190 2637 .
222 2586 363 2640 τοῦτο
390 2589 567 2641 ποιῶν
613 2590 673 2653 ἐξ
700 2590 860 2660 ἔργου
882 2607 895 2618 ·
938 2590 1026 2643 ἵνα
1062 2591 1154 2642 καὶ
1184 2592 1212 2643 ὁ
1251 2592 1316 2642 ὲκ
1343 2588 1437 2642 τοῦ
1472 2588 1678 2653 ἐνδόξου

136 2675 303 2740 πάθους
327 2679 421 2749 τὴν
455 2681 724 2751 ἀγένητον
756 2682 847 2735 καὶ
879 2683 1156 2753 ἀκήρατον
1188 2683 1284 2734 καὶ
1325 2720 1340 2735 .
1380 2721 1394 2735 .
1440 2720 1454 2734 .
1487 2720 1500 2734 .
1548 2723 1561 2736 .
1608 2721 1621 2734 .
1663 2721 1676 2734 .

137 2765 328 2839 θεότητσ.
364 2774 437 2843 μὴ
469 2774 829 2827 κατοπτεύων
860 2776 904 2806 ¹⁰
936 2775 1158 2845 Γραφὴν
1205 2775 1257 2828 ὑ.
1300 2816 1312 2827 .
1351 2817 1366 2831 .
1423 2811 1437 2827 .
1482 2813 1497 2829 .
1533 2816 1547 2829 .
1592 2813 1606 2826 .

140 2900 151 2910 -
216 2903 229 2915 .
299 2904 311 2915 .
387 2903 401 2917 .
482 2905 497 2919 .
580 2904 597 2916 .
674 2906 688 2919 .
771 2905 787 2919 .
879 2866 1061 2933 οφλοι·
1101 2865 1287 2933 ἔλεγεν
1316 2865 1373 2918 δὲ
1398 2866 1573 2918 τοιάδε
1606 2870 1676 2902 ἰ·

141 2955 233 3006 Οὐκ
258 2956 452 3025 ἔκρινα
473 2957 583 3011 τοῦ
610 2956 829 3011 ειδέναι
855 2976 909 3011 τι
937 2958 1006 3011 ὲν
1029 2957 1193 3027 ὑμῖν,
1239 2960 1291 3011 εὶ
1308 2958 1394 3027 μὴ
1438 2958 1681 3024 Ἰησοῦν

140 3042 371 3109 Χριστὸν,
396 3047 493 3099 καὶ
519 3046 741 3099 τοῦτον
761 3046 1217 3115 ἐσταυρωμένον
1236 3063 1249 3076 ·
1288 3047 1575 3117 Ῥωμαίοις
1598 3049 1672 3103 δέ·

140 3139 454 3205 Δικαιοσύνη
490 3138 561 3192 δὲ
586 3138 736 3192 Θεοῦ
765 3138 863 3191 διὰ
886 3139 1144 3205 πίστεως
1185 3140 1377 3207 Ἰησοῦ
1419 3142 1677 3207 Χριστοῦ
1704 3168 1746 3224 C

142 3231 207 3292 εἰς
232 3228 442 3298 πάντας
478 3231 580 3285 καὶ
616 3230 717 3284 ἐπὶ
747 3230 978 3296 πάντας
1015 3231 1157 3297 τοὺς
1189 3233 1584 3298 πιστεύοντας
1630 3234 1677 3265 ’⁵

144 3320 1677 3387 φησὶ..............ἀπὸ

144 3408 250 3463 Θεοῦ
292 3413 510 3477 ἕκαστος
560 3416 627 3466 ’⁵.
678 3415 946 3479 Γαλάταις
990 3415 1045 3469 δέ
1074 3433 1088 3447 ⁸
1148 3415 1422 3481 Εἱὸότες,
1464 3415 1555 3469 ὅτι
1606 3418 1677 3469 οὑ

143 3498 425 3557 ἔικαιοῦται
476 3506 794 3573 ἄνθρωπος
844 3506 913 3570 ἐξ
960 3507 1148 3575 ἔργων
1192 3510 1404 3576 νόμου.
1452 3507 1559 3560 ἐὰν
1590 3508 1677 3576 μὴ

147 3587 221 3641 διὰ
252 3593 490 3660 πίστεως
544 3595 743 3662 Ἰησοῦ
773 3596 1029 3662 Χριστοῦ
1049 3637 1063 3658 ,
1097 3596 1195 3648 καὶ
1237 3596 1408 3665 ἡμεῖς
1437 3599 1521 3661 εις
1577 3598 1679 3663 Ἰη-

145 3681 269 3733 acim
304 3686 553 3752 Χριστὸν
604 3687 1071 3756 ἐπιστεύσαμεν,
1121 3688 1222 3741 ἵνα
1282 3686 1677 3756 δικαιωθῶμεν

148 3772 199 3824 ἐκ
233 3777 463 3845 πίστεως
496 3779 781 3847 Χριστοῦ,
818 3780 917 3833 καὶ
959 3782 1069 3833 οὐκ
1110 3779 1180 3844 ἐξ
1214 3779 1403 3849 ἔργων
1447 3781 1635 3848 νόμου
1660 3799 1672 3811 ·

149 3864 215 3915 ἔτι
241 3868 299 3932 ἐξ
326 3870 377 3940 [2
404 3871 457 3943 a]
503 3874 698 3942 ἔργων
718 3874 899 3941 νόμου
924 3874 996 3925 οὐ
1026 3871 1482 3936 δικαιωθήσεται
1509 3871 1677 3926 πᾶσα

152 3957 291 4028 σάρξ.
326 3964 624 4035 Ἑξηγεῖται
664 3965 721 4019 δὲ
765 3966 859 4019 καὶ
896 3966 1144 4037 ἑτέρωθι,
1190 3967 1273 4019 ὃτι
1313 3966 1461 4018 Οὔτε
1516 3982 1674 4034 περι-

208 4204 299 4275 (16)
346 4209 465 4264 Jesu
523 4212 725 4270 Christi
776 4213 983 4268 Domini
1037 4215 1219 4267 nostri.
1274 4213 1458 4269 Graeca
1509 4211 1675 4265 editio

158 4274 317 4356 habet:
338 4281 561 4356 Χριστοῦ
593 4283 773 4355 Ἰησοῦ
796 4285 889 4337 τοῦ
919 4286 1124 4356 Κυρίου
1147 4301 1269 4354 μου,
1298 4284 1350 4337 id
1368 4292 1453 4336 est
1478 4281 1674 4336 Christi

159 4344 255 4397 Jesu
283 4344 468 4403 Domini
492 4356 613 4409 mei.

214 4416 305 4496 (17)
327 4420 398 4496 {id
430 4421 692 4479 Romanos
720 4442 859 4479 vero.
890 4424 1175 4494 Didymum
1202 4422 1461 4496 memoria
1484 4421 1672 4496 fefellit

161 4481 239 4560 hoc
263 4481 305 4539 in
338 4490 472 4555 loco;
508 4512 606 4550 nec
633 4498 779 4551 enim
812 4481 1031 4549 exstatit
1072 4496 1185 4549 haec
1231 4493 1285 4546 in
1329 4492 1563 4560 Epistola
1603 4492 1669 4545 ad

164 4548 389 4612 Romanos
412 4548 762 4633 AscriptaISed
786 4548 839 4617 in
874 4548 1200 4619 secundaad
1236 4548 1509 4623 Corinth.,
1545 4577 1667 4629 cap.

165 4635 367 4703 1_|._\_'ers.
398 4631 443 4684 4.
481 4631 538 4688 In
576 4636 716 4689 libro
764 4650 979 4703 quoque
1028 4636 1106 4688 De
1147 4636 1352 4702 Spiritu
1386 4642 1568 4686 sancto
1615 4634 1669 4703 iu

164 4693 323 4773 uiuite“
342 4712 563 4757 erratum
632 4693 905 4769 labiturf
938 4722 1060 4758 nam
1112 4693 1260 4758 num.
1311 4704 1344 4757 5
1411 4704 1571 4773 (pag.
1611 4702 1669 4762 5.

171 4764 325 4846 IIoui.“
354 4774 564 4836 Opermn
602 4775 661 4829 S.
696 4764 1004 4846 Hieronymi
1036 4775 1292 4828 editionis
1323 4764 1669 4846 Veronevnsis)

168 4825 321 4914 Igilii“?
350 4856 369 4914 _:
394 4825 431 4890 ἰ
455 4846 527 4898 Ad
574 4825 1149 4914 Corinthiosdquoque
1190 4847 1328 4897 idem
1376 4844 1619 4896 scribens

173 4895 524 4980 δοίηενῑηιιιιίι,
555 4918 867 4968 contristare
903 4895 1155 4980 Spirit'um
1182 4928 1453 4967 sanctum:
1494 4931 1510 4963 ι
1553 4928 1671 4980 quin

172 4975 312 5053 tamen
329 4975 465 5033 verba
490 4975 539 5037 in
563 4983 797 5053 Episwla
816 4975 1053 5039 invenies
1074 4987 1138 5037 ad
1166 4986 1424 5051 Ephesios
1446 4975 1671 5051 scripta,

172 5050 263 5122 ςξψο
290 5059 501 5122 IV.__vers.
532 5050 625 5118 3t),
665 5071 768 5107 non
797 5071 923 5109 Vero
971 5057 1020 5107 iu
1059 5050 1313 5122 Epistolis
1361 5056 1424 5106 ad
1473 5050 1667 5105 Coriu-

177 5108 547 5197 ξδξξίξεγδθιιιιιετο
580 5108 761 5178 autem
810 5108 907 5197 11,
942 5142 1060 5195 pag.
1105 5108 1209 5197 119
1245 5141 1272 5175 ιι
1323 5123 1489 5197 Paulo
1528 5124 1670 5177 dicta

179 5188 268 5264 ςεξς
289 5190 350 5238 ait
375 5191 419 5241 in
462 5196 603 5248 Aetis
638 5188 1289 5264 apostoloru'm'quwlam
1321 5194 1506 5256 Verba,
1549 5208 1669 5261 qua:

179 5246 353 5333 ipes.
394 5246 525 5315 sunt
549 5246 943 5333 patimini
969 5246 1081 5319 υηδ
1126 5246 1246 5317 iis.
1282 5246 1580 5333 ειηεηιιέτε·
1616 5246 1667 5321 is

184 5327 254 5405 ξιιξ
291 5327 691 5405 interpretatione
745 5336 1105 5402 Hieronymus
1154 5334 1467 5395 debuisset,
1526 5332 1571 5385 si
1619 5335 1669 5387 id

179 5392 321 5472 35W")
356 5392 493 5472 loret,
521 5407 658 5472 quod
686 5408 925 5459 nonnulli
954 5392 1136 5458 nescio
1159 5404 1355 5472 quibus
1383 5392 1671 5469 argumen-

180 5456 415 5542 inducti
454 5456 794 5534 censuerunt,
825 5491 947 5527 eum
992 5456 1253 5542 aliqua‘in
1296 5456 1669 5525 transferendo

183 5534 231 5606 ξε)
255 5527 359 5606 libro
385 5527 631 5598 addidisse
652 5584 666 5606 ,
702 5527 795 5598 aui
822 5527 1130 5603 abstulisse.
1168 5554 1264 5597 aut
1305 5545 1618 5596 imumtasse
1651 5556 1666 5594 :

371 5622 477 5661 eum
515 5591 723 5675 fecisse,
775 5616 825 5667 in
862 5591 1388 5667 ailllltlltllﬂilldlﬂ‘el‘e

184 5670 391 5777 ‘a‘lsintlnelu
410 5688 632 5752 exceptis
661 5670 813 5747 locis,
842 5686 895 5765 in
926 5686 1122 5777 quibusI
1150 5685 1216 5777 isI,
1246 5686 1335 5753 qui
1366 5698 1431 5777 ex
1462 5670 1563 5777 tilia
1614 5670 1668 5763 in

186 5738 312 5820 fita—iu.
352 5738 553 5820 linguam
610 5738 1292 5817 convertit,'vocabulutit
1337 5753 1550 5819 aliquod
1612 5754 1665 5804 in

302 5804 481 5887 latione,
505 5804 601 5893 quo
617 5804 1031 5882 sle'iiiéiitis'nou
1048 5804 1309 5891 utetur,
1486 5822 1667 5879 decla-

1782 1966 1884 2001 non
1912 1961 2154 2013 reputans
2184 1952 2288 2003 illis
2316 1952 2504 2004 delicta
2537 1952 2794 2016 ipsorum,
2834 1958 2880 2001 et
2908 1962 3100 2015 ponens
3133 1946 3183 1997 in
3208 1942 3352 1995 nobis

1782 2041 1990 2094 verbum
2043 2043 2505 2095 reconciliationis.
2554 2041 2657 2093 l'ro
2710 2041 2915 2093 Christo
2948 2054 3067 2108 ergo
3100 2035 3350 2105 legatione

1783 2133 2055 2200 fungimur
2089 2141 2338 2197 tanquam
2384 2133 2489 2185 Deo
2548 2134 2855 2186 exhortante
2890 2146 2982 2198 per
3023 2145 3138 2182 nos.
3192 2124 3351 2180 Obse-

1782 2242 1988 2278 cramus
2014 2242 2108 2293 pro
2141 2224 2350 2279 Christo
2387 2241 2404 2279 :
2438 2225 2852 2279 reconciliamini
2893 2224 3022 2277 Deo.
3049 2222 3115 2275 Et
3138 2234 3347 2277 rursus.

1783 2320 1973 2371 utalia
2002 2320 2203 2371 omnia.
2240 2358 2295 2373 ..
2330 2359 2343 2373 .
2378 2360 2390 2372 .
2425 2360 2437 2372 .
2480 2356 2494 2371 .
2527 2357 2539 2369 .
2578 2359 2591 2372 .
2621 2356 2634 2369 .
2667 2360 2680 2373 .
2717 2356 2732 2370 .
2765 2360 2777 2372 .
2808 2358 2821 2372 .
2855 2357 2871 2371 .
2905 2354 2918 2368 .
2953 2351 2969 2368 .
3003 2354 3017 2369 .
3072 2312 3349 2374 omittens,

1782 2427 2108 2481 magnopere
2147 2411 2498 2480 gloriabatur,
2544 2426 2607 2465 ac
2654 2410 2985 2479 pradicabat
3016 2406 3147 2460 illud
3186 2405 3348 2458 etiam

1781 2503 1924 2570 quod
1952 2502 2173 2557 Christo
2210 2513 2433 2571 propter
2460 2501 2746 2571 benignam
2778 2501 2893 2568 ejus
2922 2497 3349 2551 Iucarnationem

1782 2593 2200 2662 ignominiosum
2245 2607 2365 2644 esse
2413 2593 2644 2655 videtur,
2694 2590 2922 2659 gloriam
2973 2587 3349 2653 undequaque,

1781 2700 1844 2737 ac
1871 2685 1976 2736 vim
2004 2684 2167 2738 veluti
2199 2682 2493 2737 effundere.
2529 2721 2543 2736 .
2582 2721 2596 2737 .
2632 2720 2647 2735 .
2681 2723 2694 2735 .
2730 2720 2744 2734 .
2780 2718 2795 2733 .
2834 2724 2849 2737 .
2881 2720 2896 2734 .
2932 2719 2946 2732 .
2982 2717 2998 2732 .
3034 2716 3049 2733 .
3092 2718 3107 2731 .
3141 2714 3155 2730 .
3189 2712 3205 2729 .
3235 2712 3251 2729 .
3286 2716 3301 2732 .
3334 2711 3349 2725 ι

1780 2782 1838 2826 ιιι
1861 2773 1973 2843 (20)
1998 2774 2161 2827 etiam
2194 2774 2284 2841 qui
2312 2773 2362 2826 in
2396 2772 2629 2841 gloriosa
2666 2770 2918 2826 Passione
2947 2770 3239 2823 increatam
3258 2804 3273 2830 ,
3300 2774 3353 2818 et

1782 2866 2167 2931 immortalem,
2196 2876 2295 2918 et..
2334 2906 2349 2921 .
2390 2905 2402 2917 .
2437 2904 2450 2918 .
2489 2904 2503 2917 .
2538 2904 2551 2918 .
2593 2905 2606 2918 .
2639 2902 2655 2915 .
2696 2904 2710 2918 .
2753 2903 2768 2919 .
2808 2902 2821 2916 .
2856 2900 2873 2916 .
2911 2903 2924 2916 .
2960 2861 3214 2917 deitatem
3246 2873 3350 2911 non

1781 2959 2048 3028 agnoscit,
2076 2957 2435 3027 Scripturam.
2472 2995 2485 3012 .
2518 2995 2534 3010 .
2567 2996 2581 3010 .
2622 2996 2635 3011 .
2671 2994 2686 3011 .
2726 2996 2739 3010 .
2776 2996 2789 3009 .
2827 2992 2844 3008 .
2878 2996 2893 3011 .
2928 2995 2943 3008 .
2978 2996 2993 3010 .
3029 2952 3349 3009 .Aitautem

1781 3052 1832 3105 in
1867 3051 2011 3105 hunc
2044 3052 2258 3103 modum
2296 3068 2308 3103 :
2338 3048 2459 3103 Non
2484 3048 2723 3119 judicavi
2748 3047 2861 3119 (2|)
2885 3064 2963 3102 me
2992 3047 3124 3101 scire
3152 3044 3350 3115 aliquid

1779 3144 1914 3197 inter
1941 3160 2050 3206 vos,
2088 3144 2189 3196 nisi
2229 3142 2411 3197 .t'esum
2448 3142 2736 3206 Christum,
2770 3153 2816 3196 et
2856 3146 2994 3194 hunc
3019 3140 3344 3208 cruciﬁxum.

1778 3237 1859 3287 Ad
1897 3234 2167 3290 Romanos
2198 3251 2324 3289 vero
2363 3238 2607 3291 scribens
2639 3237 2716 3289 ait
2753 3234 3011 3291 :Justitia
3037 3232 3147 3303 (2'2)
3176 3241 3351 3285 autem

1780 3327 1879 3381 Dei
1912 3346 2004 3394 per
2032 3329 2185 3395 ﬁdem
2221 3326 2349 3381 Jesu
2377 3326 2593 3391 Christi,
2620 3327 2674 3381 in
2700 3344 2896 3391 omnes,
2932 3336 2981 3380 et
3006 3340 3160 3394 super
3176 3340 3351 3378 omnes

1779 3421 3350 3489 credentes........iuquit................

1778 3511 1835 3582 4
1887 3530 1912 3562 ιι
1949 3511 2057 3563 Duo
2100 3512 2493 3580 unusquisque.
2559 3512 2640 3563 Ad
2697 3509 2915 3563 Galatas
2968 3522 3097 3561 vero
3130 3526 3142 3562 :
3171 3506 3353 3561 Scien-

1780 3618 1854 3656 tes
1875 3605 1988 3671 (23)
2033 3605 2171 3671 quod
2201 3621 2302 3655 non
2326 3604 2654 3669 iustiﬁcatur
2677 3604 2911 3654 homoex
2940 3602 3179 3667 operibus
3202 3598 3349 3667 legis,

1783 3699 1881 3749 nisi
1908 3714 1995 3762 per
2024 3698 2180 3764 ﬁdem
2201 3696 2328 3749 Jesu
2358 3694 2589 3758 Christi;
2611 3705 2657 3747 et
2692 3710 2783 3745 nos
2811 3695 2864 3745 in
2887 3692 3148 3745 Christum
3171 3692 3350 3745 Jesum

1782 3786 2123 3847 credidimus,
2155 3785 2579 3853 utjustiﬁcemur
2610 3798 2673 3836 ea:
2705 3783 2808 3849 ﬁde
2833 3782 3048 3845 Christi,
3070 3793 3115 3834 et
3162 3798 3264 3834 non
3288 3798 3352 3833 ea;

1783 3878 2018 3942 operibus
2052 3875 2181 3944 legis
2210 3877 2369 3943 :quia
2408 3893 2475 3928 ea:
2514 3876 2751 3944 operibus
2794 3875 2918 3943 legis
2959 3891 3059 3926 non
3086 3873 3352 3941 justi/icu-

1781 3967 1921 4019 bitur
1975 3968 2143 4019 omnis
2184 3982 2327 4018 caro.
2383 3965 2522 4019 Alibi
2572 3979 2701 4017 vero
2749 3966 2909 4018 etiam
2958 3964 3037 4016 sic
3074 3962 3291 4029 exponit
3333 3979 3345 4014 :

1784 4222 1953 4271 retur,
1982 4208 2272 4280 aliquando
2312 4209 2523 4279 cogitur
2568 4211 2823 4280 adjicere.
2854 4209 3128 4280 Caeterum
3170 4207 3259 4273 qui
3291 4207 3343 4257 in

1781 4290 2024 4334 veterum
2089 4278 2308 4332 Patrum
2370 4278 2602 4334 lectione
2638 4278 2865 4334 'versati
2898 4288 3060 4341 sunt,
3127 4286 3343 4336 norunt,

1782 4366 2163 4417 nommnquam
2230 4349 2533 4414 huiusmodi
2600 4352 2652 4404 in
2720 4350 2824 4404 illis
2881 4362 3094 4417 quoque
3155 4346 3345 4417 menda

1778 4416 2087 4483 occurrere,
2122 4434 2183 4471 ac
2221 4422 2519 4486 praesertim
2550 4421 2603 4474 in
2637 4416 2916 4475 Cletnente
2961 4416 3347 4471 Alexandrino.

1778 4490 1958 4555 Quare
2009 4505 2113 4541 non
2170 4499 2253 4542 est
2300 4506 2395 4543 cur
2444 4493 2721 4554 miremur,
2777 4491 2821 4542 si
2875 4503 3052 4541 οίειῑιιε
3110 4499 3348 4553 quoque,

1708 4536 1746 4588 Ι)
1775 4536 1866 4625 «Tui
1904 4560 2217 4612 memoriter
2241 4559 2424 4612 oumia
2460 4536 2680 4621 citavhat,
2707 4536 2781 4613 ,ac
2818 4575 2913 4625 per
2949 4536 3191 4611 notarios
3218 4536 3352 4609 seri:

1772 4629 1904 4685 bere
1956 4631 2269 4697 cogebatur,
2335 4630 2621 4697 aliquando
2677 4632 2728 4683 in
2776 4646 2839 4685 ea
2898 4628 3141 4681 inciderit
3176 4641 3188 4675 :
3223 4625 3351 4677 illud

1773 4702 1955 4769 potius
1988 4703 2180 4751 mirmu
2217 4713 2595 4767 sumuwpere.
2635 4710 2799 4767 atque
2840 4702 2973 4751 adeo
3020 4698 3187 4748 instar
3226 4710 3351 4769 pro-

1774 4766 1902 4838 digii
1932 4779 2035 4831 est,
2071 4771 2242 4837 ipsum
2277 4780 2383 4821 tam
2418 4766 2582 4822 multa
2616 4766 2893 4822 sacrorum
2933 4768 3191 4819 librorum
3230 4766 3347 4817 loca

1776 4840 2034 4892 memoria
2062 4840 2369 4901 retinuisse,
2401 4850 2562 4908 atque
2594 4841 2644 4892 in
2672 4847 2944 4908 promptu,
2972 4838 3188 4908 quoties
3223 4849 3351 4887 usus

1772 4919 1936 4971 esset,
1975 4911 2246 4971 habuisse,
2283 4925 2443 4976 quam
2476 4906 2749 4963 'muha‘in
2780 4910 2882 4962 hoc
2912 4922 3077 4976 opere
3107 4906 3350 4975 allegau-

1777 4990 1894 5042 tur;
1928 4995 2045 5046 quae
2073 4990 2194 5032 sunt
2221 4980 2649 5032 intuimerabilia.

1843 5043 1960 5116 (18)
2000 5049 2080 5100 Ad
2118 5049 2435 5101 Corinthios.
2475 5047 2616 5117 Lege
2644 5049 2680 5101 ll
2725 5050 2790 5100 ad
2835 5046 2961 5101 Cor.
3002 5062 3056 5111 ν,
3086 5043 3271 5107 18,.19
3298 5053 3352 5097 et

1772 5119 1879 5177 20;
1925 5134 2020 5171 nec
2043 5120 2186 5171 enim
2234 5119 2382 5170 Pauli
2416 5122 2577 5170 verba
2610 5120 2696 5173 hic
2727 5119 2941 5186 allegat,
2978 5118 3071 5171 sed
3106 5131 3348 5170 sensum.

1844 5189 1956 5256 (l9)
2005 5187 2198 5240 Habet.
2231 5188 2266 5239 Il
2293 5189 2416 5241 Cor.
2447 5203 2500 5250 ν,
2532 5189 2595 5242 l9
2615 5199 2669 5242 et
2692 5192 2782 5241 ‘20.

1844 5260 1958 5326 t‘20)
2003 5257 2090 5311 Ut.
2140 5260 2214 5310 Ea
2254 5260 2445 5311 omitto
2486 5259 2537 5311 in
2586 5259 2966 5320 translatione,
3018 5272 3248 5327 quorum
3298 5262 3352 5307 el.

1773 5329 1951 5389 lectio,
1993 5339 2047 5382 et
2087 5328 2353 5381 sententia
2407 5328 2630 5383 incerta.
2712 5330 3019 5397 Legendum
3077 5330 3346 5384 fortasse,

1769 5399 2113 5471 ἐγνωσμένον
2150 5397 2306 5471 τοῦτο
2345 5397 2598 5471 ποιῷνῗὲξ
2638 5399 2834 5471 ἔργων.

1843 5464 1964 5538 (τι)
1993 5468 2113 5522 Non
2144 5469 2405 5538 judicavi.
2452 5470 2472 5523 l
2503 5470 2629 5524 Cor.
2663 5464 2724 5534 ιι,
2756 5471 2812 5533 2,
2855 5470 2943 5524 ubi
2975 5468 3161 5523 Graeca
3186 5464 3354 5520 editio

1772 5540 1927 5594 habet
1959 5556 1971 5590 :
1998 5542 2058 5609 οὐ
2098 5540 2207 5609 γὰρ
2230 5538 2441 5609 ἔκρινα.

1843 5610 1954 5677 (2'2)
1990 5608 2230 5661 Justuia.
2288 5608 2445 5662 Rom.
2492 5624 2575 5673 ιιι,
2603 5610 2690 5662 22.

1842 5671 1953 5747 (ὶὸ)
2010 5680 2264 5733 Scietttes.
2313 5679 2491 5733 Galat.
2549 5671 2609 5740 ιι.
2671 5681 2759 5743 16,
2804 5679 2894 5731 ubi
2950 5678 3134 5731 Gra'ca
3188 5671 3355 5747 editio

1774 5745 1980 5802 habet:
2020 5750 2110 5819 Et;
2148 5750 2380 5818 Χριστὸν
2410 5749 2661 5819 νἰησοῦν.
2716 5750 2779 5803 Et
2808 5750 2965 5815 paulo
3009 5756 3128 5819 post
3156 5763 3168 5796 :
3201 5745 3344 5800 Διύτε

1770 5820 1831 5873 οὐ
1858 5816 2277 5889 δικαιωῡήτεται
2311 5819 2369 5883 ἐξ
2393 5816 2570 5891 ἔργων
2600 5821 2762 5889 νόμον
2790 5819 2938 5870 πᾶσα
2966 5816 3122 5886 σάρξ.
