3774 6304
377 344 489 402 ΞἿΒ

1617 343 1854 400 DlDYMI
1896 342 2357 399 ALEXANDHINI

3532 335 3679 394 276

370 458 567 528 Neque
606 457 717 529 (24)
762 460 1088 539 circumcisio
1119 461 1318 530 aliquid
1348 462 1504 529 valet,
1555 479 1715 530 neque
1744 480 1951 531 prazpu-
1979 511 1985 523 γ

2125 462 2200 529 μή
2252 479 2305 514 τι
2353 460 2570 529 ἰσχύει,
2621 458 2757 512 οὔτε
2800 456 3201 524 ἀκροϐυστία,
3242 454 3406 509 ἀλλὰ
3456 454 3670 525 καινὴ

378 550 511 605 tium
544 590 556 602 .
588 552 678 604 sed
721 550 849 616 ﬁdes
901 568 1030 605 nova
1056 595 1071 619 ,
1120 570 1237 619 quia
1283 571 1374 622 per
1409 549 1719 608 charitatem
1758 558 1953 623 agitur.

383 643 517 695 Cum
547 640 734 697 'antem
774 643 932 712 hujus
978 644 1080 698 loci
1129 645 1266 713 (ἓὸ)
1300 659 1493 699 sensus
1539 647 1846 699 reconditus
1886 646 1957 700 sit

383 746 448 784 ac
484 731 808 800 profundus,
852 732 1058 787 idcirco
1085 732 1438 802 explicandus
1475 745 1579 787 est.
1633 733 1744 788 Hoc
1776 733 1957 804 itaque

386 824 583 878 docere
616 824 746 889 vult,
784 822 983 879 Christi
1008 825 1241 879 adventu
1272 823 1405 895 (9.6)
1439 839 1631 879 novam
1668 826 1954 895 quamdam

386 923 442 967 et
495 914 707 967 unicam
759 913 915 968 ﬁdem
972 924 1303 983 compertam
1351 914 1603 969 omnibus
1650 915 1957 970 hominibus

387 1001 585 1057 factam
619 1018 781 1058 esse:
820 1003 976 1074 juxta
1017 1019 1176 1073 quam
1228 1004 1406 1058 nullus
1462 1020 1636 1073 neque
1682 1003 1959 1059 Judaismo

392 1110 568 1164 neque
630 1094 958 1151 Hellenismo
1018 1096 1169 1151 locus
1224 1096 1447 1151 relictus
1507 1106 1608 1151 est.
1676 1095 1799 1151 Haec
1863 1112 1958 1151 au-

389 1197 1959 1245 tem...............et.............

382 1277 535 1346 juxta
561 1278 688 1332 illud
728 1278 841 1349 (27)
872 1297 887 1333 :
920 1277 1054 1332 Ecce
1082 1288 1253 1333 vetera
1281 1282 1632 1345 transierunt,
1658 1296 1788 1333 nova
1820 1280 1960 1349 facta

388 1380 511 1425 sunt
547 1372 741 1425 omnia.
788 1372 853 1425 Et
893 1382 971 1427 ut.
1005 1411 1019 1425 .
1055 1412 1071 1427 .
1105 1411 1120 1425 .
1156 1412 1171 1424 .
1208 1411 1223 1425 .
1256 1408 1273 1424 .
1305 1372 1555 1439 quidem.
1590 1410 1605 1425 .
1640 1412 1653 1424 .
1686 1416 1699 1428 .
1731 1412 1745 1425 .
1788 1411 1804 1425 .
1844 1411 1857 1424 .
1893 1412 1905 1425 .
1943 1414 1955 1426 .

389 1463 559 1518 Deum
605 1478 1960 1521 noscens.......................

388 1555 559 1609 eluxit
595 1570 724 1610 vero
773 1557 827 1610 in
882 1556 1106 1611 salutari
1141 1556 1409 1611 doctrina.
1449 1593 1463 1608 .
1500 1596 1515 1611 .
1548 1595 1563 1609 .
1601 1590 1616 1609 .
1648 1594 1665 1610 .
1699 1595 1714 1610 .
1748 1597 1763 1610 .
1798 1595 1811 1609 .
1846 1595 1859 1609 .
1898 1594 1912 1609 .
1945 1594 1958 1607 .

389 1648 507 1703 Lux
545 1664 705 1716 vera,
748 1659 803 1705 et
835 1648 1003 1704 libera
1048 1648 1249 1714 Filius;
1296 1661 1368 1705 et.
1405 1690 1420 1704 .
1453 1690 1468 1705 .
1506 1691 1521 1705 .
1557 1690 1571 1703 .
1606 1692 1621 1707 .
1655 1689 1670 1704 .
1705 1687 1721 1702 .
1755 1688 1769 1702 .
1802 1689 1815 1703 .
1850 1685 1866 1701 .
1900 1692 1914 1705 .
1944 1687 1960 1702 .

394 1779 411 1794 .
447 1778 462 1793 .
496 1780 514 1795 .
551 1783 564 1795 .
600 1783 612 1796 .
652 1782 668 1796 .
700 1778 717 1795 .
759 1742 1082 1810 quibusdam
1125 1742 1368 1812 ipsorum
1415 1744 1716 1813 ignoratum
1766 1749 1965 1811 myste-

2055 554 2259 618 πίστις
2309 551 2384 605 δι’
2437 549 2673 620 ἀγάπης
2718 547 3137 617 ἐνεργουμένη.
3194 548 3301 601 Τοῦ
3357 548 3415 600 δὲ
3477 548 3673 615 λόγου

2058 643 2414 714 βαθύνοντος,
2465 643 2555 695 τὸν
2607 638 2731 693 νοῦν
2774 639 3164 693 ἁναπτυκτέον.
3218 638 3509 691 Διδάεκειν
3550 639 3671 708 μὲν

2056 732 2148 789 οῦν
2180 735 2468 806 βούλεται,
2513 734 2588 796 ὡς
2611 735 2645 803 ἡ
2682 730 2918 804 Χριστοῦ
2957 732 3245 800 ἐπιφάνεια
3284 732 3486 801 καινήν
3527 747 3673 783 τινα

2057 827 2149 881 καὶ
2178 827 2276 899 τὴν
2328 828 2503 896 μόνην
2527 824 2711 878 πίστιν
2757 824 2960 878 ἅπασιν
2990 823 3296 895 ἀνθρώποις
3338 821 3615 893 ὲξεύρετο
3644 837 3668 854 ·

2059 920 2079 950 ⁷
2111 918 2231 972 καθ’
2262 918 2328 988 ἣν
2353 918 2471 970 οὐδὲ
2495 921 2622 988 μίαν
2650 913 2833 986 χώραν
2856 914 2978 967 οὔτε
3018 914 3353 984 Ἰουδαϊσμῷ.
3388 954 3403 967 .
3442 953 3457 966 .
3510 951 3531 967 .
3577 956 3591 969 .
3645 953 3667 969 .

2058 1012 2274 1083 ηνισμῷ
2308 1012 2329 1043 ⁸
2359 1010 2766 1065 καταλέλοιπεν.
2810 1007 2959 1077 Αὕτη
2995 1008 3051 1060 δὲ
3098 1025 3211 1077 νοη.
3256 1049 3270 1061 .
3316 1045 3331 1059 .
3378 1049 3392 1061 .
3440 1046 3455 1061 .
3505 1048 3523 1061 .
3573 1047 3590 1061 .
3644 1044 3672 1061 .

2059 1096 3669 1161 ενκα“ι........,.....⁹κατὰτὸ,Ἰδοὺ

2059 1196 2832 1264 τὰάρχ...........
2898 1192 3574 1261 καινάγ........
3648 1227 3667 1241 .

2062 1286 2276 1340 πάντα.
2314 1286 2591 1339 ίθΚαὶῖνα
2621 1286 2794 1338 συνελ.
2830 1323 2843 1338 .
2887 1325 2903 1339 .
2947 1322 2961 1339 .
3002 1321 3018 1338 .
3059 1321 3075 1336 .
3121 1324 3135 1337 .
3176 1321 3190 1337 .
3234 1323 3250 1337 .
3294 1322 3308 1334 .
3352 1323 3365 1338 .
3416 1282 3527 1354 μὲν
3568 1283 3669 1335 ὀτ.

2065 1374 3667 1446 ....,.......¹¹Θεὺνειδὼςνόμ....ιυς.

2066 1469 3350 1540 ....τελει...τὴνπερι..........
3404 1467 3665 1519 .¹²σιν.

2077 1563 2407 1635 Ἀνέλαμψεν
2435 1562 2491 1616 δὲ
2521 1564 2599 1625 εἰς
2633 1578 2887 1632 σωτηριο.
2928 1600 2942 1614 .
2976 1600 2990 1613 .
3031 1560 3205 1613 διδασ.
3239 1598 3253 1612 .
3289 1600 3303 1613 .
3340 1598 3354 1612 .
3395 1599 3410 1611 .
3446 1598 3460 1611 .
3502 1597 3520 1611 .
3568 1599 3583 1612 .
3646 1601 3665 1613 .

2067 1656 2111 1686 ¹³
2142 1653 2261 1717 Φῶς
2297 1652 2359 1705 τὸ
2385 1651 2635 1722 ἀληθινὸν
2679 1652 2773 1703 καὶ
2809 1648 3109 1720 ἐλεύθερον,
3154 1651 3182 1701 ὁ
3212 1647 3367 1711 Υἱόςο
3407 1647 3509 1700 καὶ
3554 1666 3665 1702 πα.

2070 1787 2083 1799 .
2122 1786 2135 1797 .
2168 1782 2183 1797 .
2222 1783 2235 1796 .
2280 1783 2295 1797 .
2335 1781 2349 1797 .
2384 1780 2399 1795 .
2445 1781 2458 1793 .
2498 1780 2513 1795 .
2556 1741 2598 1771 ⁸³
2625 1758 2767 1795 τισιν
2790 1739 2968 1793 αὐτῶν
2993 1739 3348 1809 ἀγνοούμενον
3376 1756 3472 1809 μυ.
3516 1778 3534 1791 .
3581 1780 3597 1792 .

389 1829 557 1895 rium,
614 1841 833 1900 propter
879 1841 1148 1886 recentem
1206 1832 1263 1887 in
1318 1831 1449 1901 ipsis
1503 1830 1845 1900 polythcismi
1894 1844 1960 1883 ex

2125 1876 2179 1893 ..
2213 1876 2226 1889 .
2267 1834 2354 1888 διὰ
2397 1832 2494 1905 τὴν
2534 1831 2751 1885 ἔναυλον
2796 1833 2853 1884 ὲν
2888 1832 2931 1862 ¹⁸
2978 1832 3160 1894 αὐτοῖς
3195 1807 3298 1901 τῆς
3351 1807 3668 1895 τιολυθείιις

392 1917 629 1990 ,λΕεγριο
668 1921 1010 1977 memoriam.
1047 1922 1397 1977 Venerandus
1442 1921 1622 1990 itaque
1666 1922 1755 1975 Dei
1800 1919 1966 1974 Filius

391 2012 668 2082 propriam
705 2022 953 2069 naturam
988 2015 1290 2069 libertatem
1329 2029 1360 2070 e
1403 2013 1540 2070 caelo
1569 2014 1770 2068 habere
1814 2014 1967 2068 testi-

393 2102 583 2167 ﬁcans,
612 2118 710 2159 nec
738 2118 1004 2168 sororem,
1047 2116 1105 2159 ut
1141 2105 1222 2159 sic
1248 2106 1447 2170 dicam,
1499 2104 1573 2158 illi
1604 2119 1724 2159 esse
1750 2112 1965 2159 creatu-

394 2207 536 2246 ram.
583 2190 859 2261 Quidquid
909 2193 1053 2247 enim
1100 2192 1415 2262 productum
1450 2201 1535 2246 est
1565 2190 1699 2261 (28),
1751 2205 1966 2246 servum

393 2297 477 2342 est
507 2286 622 2355 ejus
648 2302 680 2342 a
726 2302 832 2356 quo
865 2289 1183 2359 productum
1209 2298 1314 2354 est,
1354 2297 1410 2344 et
1437 2286 1698 2359 quidquid
1724 2296 1967 2342 creatum

394 2390 507 2446 est,
552 2381 816 2437 creatoris
859 2396 1074 2436 servum
1120 2392 1222 2436 est.
1247 2422 1261 2435 .
1294 2419 1308 2435 .
1342 2420 1355 2433 .
1398 2419 1413 2435 .
1453 2421 1467 2434 .
1506 2419 1520 2435 .
1557 2401 1571 2437 .'
1605 2420 1619 2435 .
1649 2382 1724 2435 ait
1767 2380 1833 2434 ad
1871 2378 1969 2434 Pe-

395 2484 537 2527 trum
566 2492 579 2528 :
607 2471 769 2544 Reges
795 2473 907 2545 (29)
940 2482 1093 2527 terra:
1125 2490 1156 2527 a
1183 2475 1369 2543 quibus
1412 2474 1670 2540 accipiunt
1715 2474 1969 2526 tributum

395 2567 472 2622 vel
498 2568 749 2622 censum?
782 2584 814 2620 a
853 2569 978 2636 ﬁliis
1010 2568 1140 2632 suis,
1174 2584 1241 2621 an
1271 2568 1336 2620 ab
1364 2566 1589 2621 alienis?
1616 2564 1857 2635 Cumque
1881 2564 1969 2619 ille

396 2659 766 2729 respondisset
791 2676 806 2712 :
836 2660 913 2712 Ab
930 2659 1117 2713 alienis
1144 2676 1162 2723 ;
1188 2659 1319 2712 dixit
1342 2658 1421 2710 illi
1443 2657 1630 2711 Iesus:
1658 2655 1799 2727 Ergo
1823 2655 1970 2708 liberi

394 2761 517 2805 sunt
548 2751 668 2820 ﬁlii.
714 2749 783 2804 Ut
817 2760 992 2805 autem
1024 2767 1126 2804 non
1154 2752 1570 2804 scandalizemus
1599 2766 1716 2813 eos,
1752 2752 1878 2802 vade
1903 2749 1970 2801 ad

394 2856 565 2905 mare,
610 2850 660 2893 et
693 2843 840 2894 mille
867 2841 1101 2904 hamum,
1136 2848 1185 2894 et
1232 2856 1348 2893 eum
1389 2840 1603 2908 piscem,
1650 2838 1738 2907 qui
1771 2837 1971 2905 primus

396 2932 712 2996 ascenderit,
732 2930 875 2995 tolle,
905 2943 951 2985 et
977 2943 1158 2997 aperto
1182 2947 1268 2984 ore
1290 2930 1404 2999 ejus
1433 2931 1660 2983 invenies
1687 2938 1931 2982 staterem
1955 2944 1969 2981 :

395 3025 549 3079 illum
579 3040 809 3086 sumens,
840 3025 908 3077 da
945 3025 1018 3077 eis
1047 3040 1140 3092 pro
1179 3040 1281 3089 me,
1322 3034 1371 3077 et
1410 3033 1477 3077 te.
1511 3063 1526 3077 .
1554 3060 1571 3077 .
1606 3060 1621 3075 .
1658 3065 1670 3077 .
1708 3060 1724 3076 .
1757 3061 1772 3077 .
1804 3063 1817 3076 .
1854 3063 1868 3076 .
1902 3061 1916 3074 .
1954 3060 1970 3075 .

397 3116 617 3186 quidem
672 3117 738 3172 de
795 3116 900 3171 his.
955 3114 993 3168 li
1060 3131 1209 3169 vero.
1244 3155 1259 3169 .
1296 3154 1309 3166 .
1346 3156 1358 3168 .
1395 3154 1409 3167 .
1444 3153 1459 3168 .
1492 3155 1508 3170 .
1545 3155 1558 3168 .
1590 3132 1696 3170 non
1761 3124 1976 3170 cessant
2001 3143 2043 3200 α

396 3210 597 3263 adhuc.

926 3302 977 3374 5
1021 3301 1171 3359 CAP.
1208 3302 1335 3357 Vlll.

397 3393 479 3449 De
500 3394 564 3448 iis
589 3394 702 3465 (50)
725 3396 814 3466 qui
844 3415 875 3451 a
912 3395 1073 3450 Patre
1101 3394 1150 3449 F
1156 3396 1304 3450 ilium
1340 3394 1538 3463 factum
1571 3410 1681 3449 esse
1734 3392 1979 3463 fabulan-

569 3478 675 3531 tur,
709 3478 763 3519 ut
800 3468 966 3537 ipsius
999 3469 1237 3521 minister
1269 3474 1402 3520 esset
1429 3468 1483 3520 in
1516 3467 1802 3519 creatione.

475 3557 793 3627 Blaspbeme
848 3574 967 3614 sese
1006 3566 1337 3629 Opponentes
1373 3556 1483 3630 (51)
1512 3559 1590 3613 sic
1626 3556 1931 3611 fabulantur
1960 3571 1976 3610 :

400 3648 583 3714 Pater,
613 3650 881 3719 inquiunt,
910 3651 1103 3705 Filium
1150 3651 1294 3715 fecit,
1330 3652 1473 3721 quod
1512 3650 1614 3705 sibi
1665 3649 1979 3704 utilissimus

401 3743 621 3798 futurus
655 3755 839 3811 esset;
872 3745 1051 3814 utipsi
1089 3760 1280 3813 nempe
1308 3744 1374 3797 ad
1418 3744 1646 3798 aliarum
1701 3751 1975 3798 creatura-

400 3849 523 3888 rum
554 3836 919 3892 conditionem
955 3837 1267 3893 inserviret.
1301 3837 1406 3891 Sed
1436 3850 1776 3906 nequaquam
1802 3834 1977 3888 anim-

403 3927 734 3992 advertunt,
769 3944 837 3983 ex
886 3930 987 3984 hac
1041 3929 1252 3984 illorum
1285 3928 1577 3998 sophistica
1615 3926 1980 3982 ratiocinatio.

403 4032 474 4071 ne
507 4016 636 4073 illud
669 4020 928 4089 consequi
958 4062 975 4087 ,
1008 4030 1066 4074 ut
1100 4021 1152 4074 in
1190 4020 1354 4074 Deum
1381 4029 1435 4073 et
1464 4018 1664 4073 invidia
1689 4058 1704 4083 ,
1772 4028 1829 4073 et
1884 4018 1979 4071 de-

404 4110 560 4175 sidia,
596 4120 650 4167 et
688 4111 791 4166 alia
847 4111 1154 4180 hujnsmodi
1193 4151 1208 4176 ,
1242 4126 1362 4181 quae
1395 4124 1578 4166 crassa
1604 4125 1668 4165 ac
1721 4110 1979 4164 materia-

407 4201 478 4256 lia
517 4212 663 4267 sunt,
726 4204 1067 4261 inducantur.
1104 4202 1330 4274 Oportet
1382 4203 1526 4257 enim
1563 4241 1578 4256 .
1608 4239 1624 4255 .
1662 4240 1677 4255 .
1713 4239 1729 4255 .
1770 4241 1784 4256 .
1824 4201 1975 4255 vide-

404 4309 518 4360 re;
575 4310 699 4349 nam
759 4296 804 4351 si
868 4296 1129 4366 praeclara
1191 4310 1278 4349 res
1337 4295 1541 4350 creatio
1594 4304 1677 4349 est
1715 4294 1798 4363 (ut
1851 4308 1981 4347 sane

404 4394 529 4450 est,
599 4402 665 4443 ac
732 4388 926 4443 divina:
996 4389 1261 4442 duntaxat
1334 4387 1981 4457 magniﬁcentissimmque

404 4487 614 4533 natura:
675 4479 892 4549 propria
1040 4480 1167 4549 ique
1223 4478 1321 4533 soli
1375 4488 1698 4533 reservata:
1763 4493 1832 4532 ne
1890 4478 1986 4532 de-

2066 1926 2125 1990 ἐξ
2174 1925 2450 1992 Αἰγύπτου
2503 1924 2742 1993 μνήμην.
2795 1918 3238 1992 Προσμαρτυρῶν
3266 1918 3445 1973 τοίνυν
3494 1923 3528 1973 ὀ
3582 1938 3669 1973 σεο

2066 2017 2198 2080 πτδς
2218 2016 2351 2069 Θεοῦ
2379 2015 2503 2078 Υἱὸς
2528 2017 2594 2086 τῇ
2621 2014 2796 2085 οἰκείᾳ
2829 2012 2987 2081 φύσει
3013 2012 3073 2065 τὸ
3097 2011 3301 2065 ἄνωθεν
3333 2011 3663 2081 ἐλεύθερον,

2067 2111 2162 2164 καὶ
2182 2109 2257 2180 μὴ
2285 2107 2516 2179 ἀδελφὴν
2543 2102 2652 2160 οἷον
2677 2105 2821 2175 ἔχειν
2843 2106 2941 2176 τὴν
2965 2104 3160 2157 κτίσιν.
3190 2104 3379 2156 Δοῦλον
3404 2103 3521 2174 γὰρ
3550 2106 3667 2156 πᾶν

2072 2202 2132 2253 τὸ
2176 2196 2453 2271 παραχθὲν
2489 2194 2582 2249 τοῦ
2632 2193 3064 2264 παραγαγόντος.
3097 2192 3142 2223 ¹⁹
3185 2192 3294 2244 Καὶ
3326 2191 3387 2242 τὸ
3429 2190 3667 2242 κτισθὲν

2071 2294 2826 2348 κτίσ.............
2875 2284 3316 2356 ..ἐτρον·Οὶ²⁰
3360 2282 3667 2346 βασιλεῖς

2071 2385 2180 2454 τῆς
2198 2384 2348 2454 γῆς.
2387 2419 2403 2438 .
2438 2423 2452 2436 .
2491 2423 2505 2436 .
2541 2421 2557 2437 .
2592 2423 2606 2436 .
2643 2425 2656 2438 .
2695 2423 2709 2437 .
2751 2380 2981 2449 ἦνσον;
3012 2377 3131 2432 ἀπὸ
3157 2379 3199 2409 ²¹
3227 2376 3343 2429 τῶν
3362 2375 3515 2428 υἱῶν
3539 2377 3665 2428 αὺ-

2069 2475 2810 2533 τῶν...........²⁸
2867 2474 3378 2541 Ἀποκρινομ....
3431 2506 3508 2523 ..
3563 2468 3667 2519 Ἐκ

2070 2569 2206 2623 τῶν.
2239 2609 2254 2623 .
2294 2608 2309 2623 .
2355 2610 2369 2625 .
2401 2609 2413 2622 .
2460 2608 2475 2622 .
2511 2605 2528 2622 .
2565 2606 2583 2622 .
2628 2606 2642 2621 .
2687 2605 2701 2620 .
2746 2604 2762 2620 .
2800 2604 2816 2619 .
2843 2562 3075 2631 εὐθεροί
3117 2562 3164 2592 ’³
3213 2563 3370 2613 εἰσιν·
3399 2562 3453 2613 οὶ
3482 2562 3615 2613 vlo:
3646 2575 3663 2589 ο

2072 2651 3523 2719 Ἵναδ.................²δρευθεὶς
3571 2652 3665 2715 εις

2072 2751 2413 2806 θάλασσαν.
2454 2788 2468 2802 .
2507 2788 2522 2803 .
2558 2786 2574 2801 .
2608 2784 2626 2803 .
2668 2786 2683 2801 .
2727 2784 2743 2801 .
2787 2781 2803 2799 .
2852 2782 2866 2797 .
2901 2784 2916 2799 .
2960 2780 2978 2797 .
3009 2760 3115 2796 τον
3144 2743 3189 2774 ’³
3243 2741 3416 2811 ἰχθὺν
3467 2734 3663 2807 ἆρονο

2072 2843 2843 2899 καὶ.............
2897 2834 3403 2905 ,ραοηέκεῖνον
3449 2830 3668 2885 λαϐὼν

2078 2923 3664 2995 .............ὲν¹⁷περὶτούτων.οἱ....

2078 3018 3190 3082 ...............αύονταιέτι.

2736 3299 2889 3351 ΚΕΦ.
2921 3297 2991 3353 H'.

2088 3394 2145 3467 [Ξ
2192 3391 2245 3465 b]
2293 3392 2455 3467 Hepl_
2502 3391 2619 3467 τῷγ-
2668 3389 3165 3467 μυβονξογούντωιρ
3225 3385 3314 3466 ὅςι
3365 3388 3397 3439 ὁ
3433 3385 3667 3467 ,Πατὴρ

2120 3456 2503 3531 ἐποῖησέτὸν
2518 3462 2653 3515 Flor
2669 3456 2769 3515 ἐπὶ
2797 3458 2869 3527 τῇ
2897 3456 3191 3527 ὑπουργία
3216 3456 3323 3522 τῆς
3350 3456 3629 3522 κτίσεως.

2154 3556 2495 3625 Βλασφήμως
2552 3552 2934 3620 ἁντεξὰγοντες
2985 3550 3078 3602 καὶ
3110 3544 3664 3619 διαμυθολογοῦντες,

2085 3650 2218 3718 φασὶ
2265 3648 2357 3701 τὸν
2404 3646 2623 3717 Πατέρα
2672 3644 2998 3716 πεποιῆσθαι
3045 3641 3173 3695 Υἱὸν
3214 3638 3665 3711 χρειωδέστατον,

2083 3742 2177 3794 ἐπὶ
2220 3740 2278 3793 τὸ
2322 3741 2612 3811 ὑπουργεῖν
2649 3737 2793 3807 αὑτῷ
2828 3736 2963 3810 πρὸς
3003 3734 3071 3788 τὰ
3102 3731 3263 3785 λοιπὰ
3289 3730 3394 3783 τῶν
3428 3729 3669 3799 κτισμά-

2083 3849 2211 3886 των.
2242 3834 2355 3885 Οὐκ
2378 3831 2459 3885 ἔτι
2487 3828 2873 3891 κατανοοῦντες
2894 3828 2935 3892 ’⁵,
2963 3826 3037 3889 ὡς
3071 3826 3363 3896 ἐξήρτηται
3394 3820 3555 3874 τοῦτο
3591 3861 3606 3874 .
3649 3858 3662 3871 .

2153 3965 2165 3977 .
2213 3966 2225 3979 .
2268 3923 2387 3977 οῦδε
2434 3919 2784 3993 στοχαστικοῦ
2820 3919 2996 3973 αὐτῶν
3030 3917 3188 3985 λόγου
3218 3914 3405 3984 φθόνος
3431 3913 3453 3943 ⁵
3484 3929 3542 3963 τε
3573 3910 3668 3963 καὶ

2091 4013 2250 4077 ὄκνος
2283 4014 2377 4067 κα)⁵
2405 4014 2568 4083 ἕτερα
2601 4011 2761 4065 ama
2782 4027 2794 4040 ·
2827 4011 2907 4063 δεῖ
2933 4008 3042 4078 γὰρ
3076 4006 3271 4073 δήπου
3302 4003 3395 4056 καὶ
3427 4002 3623 4060 ταῦτα
3648 4002 3666 4031 ⁸

2087 4110 2239 4179 ὁρᾷν.
2275 4108 2338 4158 Εἰ
2366 4105 2473 4176 γὰρ
2505 4104 2664 4158 καλὸν
2696 4103 2758 4156 τὸ
2793 4102 3143 4173 δημιουργεῖν
3169 4099 3187 4169 (
3220 4096 3408 4164 ὥσπερ
3435 4090 3531 4147 οὖν
3564 4110 3667 4145 κα.-

2087 4199 2197 4259 λδν,
2228 4200 2322 4252 καὶ
2352 4199 2509 4270 μόνον
2540 4197 2689 4259 ἴδιον,
2724 4194 2817 4249 κα).
2854 4193 3010 4265 μόνον
3045 4191 3318 4261 ἐξαίρετον
3346 4188 3445 4256 τῆς
3476 4184 3667 4252 θεῖκῆς

2089 4291 2319 4360 ἀφθόνου
2372 4289 2605 4360 φύσεως,
2647 4289 2712 4342 ἶν’
2746 4287 2859 4357 ἔχοι
2891 4287 2985 4338 καὶ
3029 4282 3135 4337 ὑπὸ
3173 4279 3266 4334 τοῦ
3310 4276 3667 4347 δοξάζηται),

2088 4382 2313 4438 ἀνθότου
2351 4382 2425 4453 μὴ
2463 4382 2639 4435 πάντα
2675 4380 2740 4433 δι’
2769 4377 2962 4432 ἑαυτοῦ
2998 4376 3209 4430 ἔκτισεν
3232 4414 3246 4439 ,
3288 4372 3400 4428 ἀλλ’
3440 4367 3556 4424 οἷον
3592 4371 3668 4422 εῖ-

2093 4495 2211 4541 πως
2243 4475 2624 4546 κατώκνησεν;
2655 4474 2719 4526 Ei
2760 4471 2816 4524 δὲ
2862 4471 2954 4524 καὶ
2992 4469 3135 4540 μέγα
3176 4470 3289 4529 τοῖς
3325 4462 3669 4533 κτιζομένοις

479 4676 592 4745 (24)
642 4674 846 4746 Neque.
891 4672 1150 4746 Galatsv,
1197 4673 1250 4737 6,
1291 4674 1378 4729 ubi
1423 4673 1607 4729 Graeca
1656 4673 1822 4746 editio
1869 4688 1975 4729 non

2125 4672 2246 4746 αινὰ
2265 4672 2453 4746 γέγονε
2479 4670 2676 4723 πάντα.

407 4748 571 4803 habet
599 4744 803 4812 vocem,
848 4746 1029 4816 καινή,
1077 4744 1128 4798 id
1152 4756 1255 4809 est,
1308 4762 1457 4810 nova,
1511 4761 1669 4816 quam
1721 4744 1978 4814 Didymus

406 4818 785 4888 explicationis
810 4832 973 4871 causa
996 4814 1271 4884 'adjecisse
1312 4817 1543 4888 videtur.
1594 4814 1667 4868 Ita
1702 4831 1834 4869 sane
1873 4830 1986 4888 non

408 4884 534 4943 raro
573 4890 754 4942 facere
803 4896 1203 4942 consueverunt
1245 4892 1456 4940 veteres
1506 4884 1719 4948 Patres,
1775 4899 1840 4938 ac
1871 4886 1989 4954 ipse

410 4960 668 5027 Didymus
700 4959 849 5013 alibi.

483 5025 592 5097 (Q5)
629 5028 776 5081 Loci.
834 5027 971 5093 Vox,
1003 5029 1181 5097 λόγος,
1213 5043 1318 5080 non
1353 5041 1479 5079 raro
1510 5025 1649 5094 apud
1682 5025 1988 5097 Didymum,

409 5112 465 5154 et
493 5095 628 5153 alios
678 5097 970 5167 Scriptura:
1006 5095 1175 5153 locum
1219 5097 1492 5164 designat,
1546 5106 1604 5148 ut
1653 5095 1834 5149 videre
1867 5096 1991 5150 licet

411 5172 573 5221 etiam
631 5169 683 5221 in
730 5169 845 5234 ejus
903 5168 1038 5221 libro
1091 5169 1168 5222 De
1203 5168 1401 5235 Spiritu
1455 5176 1671 5230 sancto,
1726 5175 1889 5235 atque
1936 5168 1988 5220 in

417 5239 855 5307 Enarrntionibus
889 5239 942 5290 in
974 5238 1235 5307 Epistolas
1269 5236 1577 5291 catholicas.

486 5306 598 5377 (26)
640 5307 895 5377 Adventu.
936 5308 990 5361 In
1018 5306 1228 5369 Graeco,
1262 5308 1573 5377 ἐπιφάνεια,
1610 5308 1796 5370 idest,
1823 5323 1988 5375 appa-

414 5376 691 5443 ritio,’sen
722 5376 1090 5431 manifestatio
1127 5398 1140 5432 :
1173 5394 1281 5445 quo
1308 5380 1525 5431 nomine
1549 5378 1751 5433 Christi
1783 5378 1988 5431 adven-

412 5449 612 5503 tumin
644 5447 961 5517 Scripturis,
1000 5456 1054 5502 et
1100 5464 1129 5502 a
1180 5447 1432 5502 Patribus
1483 5449 1777 5518 designari,
1832 5461 1990 5500 nemo

415 5520 644 5574 iunorat.

438 5538 796 5659 ἓῐξὲςῗιὶυωια
826 5588 976 5641 illud.
1017 5588 1059 5642 ll
1095 5586 1221 5659 Cor.
1246 5602 1320 5659 έν,
1350 5586 1436 5650 l7,
1464 5588 1571 5659 ubi
1609 5586 1797 5659 Grmca
1827 5585 1991 5659 editio

418 5656 625 5730 habet;
664 5662 744 5714 Τὰ
778 5661 979 5730 ἀρχαῖα
1052 5657 1328 5728 παρῆλθεν
1352 5673 1364 5686 ·
1440 5657 1547 5710 ἰδοὺ
1573 5658 1787 5730 ⁸γᾴγονε
1831 5656 1994 5708 καινὰ

415 5733 487 5799 τὰ
538 5729 736 5783 πάντα.
788 5727 1047 5799 Didymus
1099 5727 1299 5799 uester
1341 5741 1508 5794 segni.
1564 5727 1777 5799 lb'iiya.
1805 5740 1995 5799 rursus

418 5798 563 5857 hunc
591 5802 767 5855 locum
803 5793 906 5855 sic'
937 5800 1091 5856 allert
1122 5816 1137 5853 :
1171 5798 1253 5854 Τὰ
1281 5793 1483 5869 ἀρχαῖα
1532 5796 1807 5868 παρῆλθεν
1832 5813 1844 5827 ο
1886 5793 1994 5848 ἰδοὺ

2155 4731 2633 4814 (9.8)Ῥνοάυειιιηι
2661 4744 2771 4814 _esl.
2817 4736 2973 4805 Apud
3023 4734 3242 4814 Graecos
3279 4731 3477 4812 _Patres
3523 4747 3667 4814 ’ξαρ-

2085 4801 2518 4883 dyécv'saepeest
2540 4810 2847 4883 producere,
2866 4801 2963 4859 seu
2986 4806 3246 4883 condere:
3279 4802 3461 4883 itaque
3498 4801 3664 4883 621:9-

2084 4870 2365 4956 ίπᾶρακτον
2399 4870 2585 4936 dicunt
2621 4879 2763 4956 quod
2796 4892 2885 4942 per
2932 4891 2985 4927 se
3019 4875 3336 4956 productum
3382 4871 3473 4924 sit.
3520 4870 3664 4956 Quin

2083 4947 2357 5008 Lai-ianus
2413 4947 2653 5019 quoque
2688 4947 2775 5019 illa
2836 4960 2966 5019 voce
2996 4947 3118 5019 _|ioc
3157 4957 3319 5019 sensu
3353 4956 3502 5019 usus
3555 4950 3664 4993 est.

2087 5025 2340 5095 Didymus
2365 5011 2491 5076 vero
2512 5011 3117 5095 eadem_signilicatione
3138 5014 3274 5068 dixit
3294 5011 3459 5064 etiam
3486 5028 3665 5080 παρα-

2088 5087 2826 5167 φέρέξννςιπαρᾳῑεοιξίξειν·
2937 5154 2999 5167 η.
3074 5152 3143 5167 ,υ
3226 5149 3353 5167 ,ηρ
3433 5148 3555 5167 ne
3616 5150 3628 5167 ,

2162 5148 2716 5233 {29)IReges.'AMat'th.
2768 5170 2898 5221 xvn,
2937 5154 3028 5233 24,
3074 5152 3146 5206 25
3190 5149 3375 5233 e'tmﬂﬁ:
3431 5148 3664 5233 Qumﬂin

2089 5221 2278 5290 codice
2308 5221 2526 5299 liiélegi
2560 5236 2855 5299 nequeunt,
2883 5226 3080 5299 partim
3118 5239 3183 5277 ex
3207 5221 3423 5299 _Bibli_is,
3448 5221 3665 5299 .partim

2089 5289 2156 5361 ex
2190 5289 2504 5369 conjectura
2527 5289 2769 5369 supplevi
2798 5289 2848 5349 in
2881 5289 3326 5369 interpretatione
3344 5289 3557 5369 Latina.

2159 5361 2390 5444 (50)'De
2412 5374 2502 5444 iis.
2527 5361 2773 5438 Cupitum
2796 5361 3117 5444 argumenta
3151 5365 3221 5417 ita
3256 5361 3432 5429 posui,
3459 5368 3519 5412 ut
3538 5366 3665 5413 sunt

2089 5444 2144 5500 in
2166 5433 2381 5497 ‘codice.
2410 5441 2542 5496 Vide
2582 5433 2762 5492 notam
2795 5433 3099 5510 5_,pag_._l.
3370 5499 3380 5510 .
3490 5498 3502 5509 ν
3588 5498 3598 5508 ,

2170 5516 2283 5584 (51)
2313 5512 2434 5567 Sese
2457 5520 2786 5584 opponentes.
2826 5497 3164 5584 Ἀντὲξᾴιγειν
3202 5499 3417 5584 ρςορτὶο
3456 5497 3667 5584 signiti-

2100 5570 2207 5650 cat,
2235 5570 2421 5651 copias
2456 5570 2703 5651 adversus
2734 5570 3193 5651 hostes_educere.
3243 5570 3371 5651 Quae
3397 5582 3665 5651 _mox‘se-

2093 5642 2332 5721 qnuutur
2364 5666 2533 5720 usque
2563 5649 2628 5702 ad
2664 5648 2823 5700 linem
2860 5644 3016 5709 hujus
3053 5642 3335 5721 segmenti,
3395 5642 3665 5694 incertum

2093 5715 2351 5797 pleraque
2373 5715 2573 5779 habent
2607 5732 2845 5782 sensum,
2869 5722 3048 5783 utpote
3082 5715 3289 5767 mutila.
