3774 6324
358 360 466 416 279
1609 363 1847 418 morm
1882 361 2357 417 ALEXANDRINI
3544 347 3684 402 280

359 497 452 533 me
479 488 527 533 et
548 479 829 549 peregrinis
854 480 1101 534 doctrinis
1124 482 1469 547 abducamur,
1516 499 1692 554 neque
1743 501 1924 538 vocum
1954 489 1987 546 Α

2108 500 2158 547 ις
2179 476 2547 547 διδαχαῖςμὴ
2573 474 3024 544 παραφέρεσθαι,
3054 469 3272 541 φεύγειν
3300 468 3357 521 δὲ
3384 467 3531 529 τὰς
3564 482 3684 515 κε-

358 571 643 626 ιτιαηὶιαιεε
676 570 789 639 (45)
820 570 1089 639 fugiamus
1127 592 1140 626 :
1191 574 1504 628 heterodoxi
1543 590 1574 630 e
1630 574 1928 643 Scripturis

2108 575 2361 641 φωνίαςο
2407 572 2453 623 οἱ
2506 566 2797 638 ἑτερόδοξοι
2832 565 3093 633 συστῆσαι
3129 562 3236 615 ἀπὸ
3275 559 3547 630 Γραφᾶη
3600 554 3689 607 τὰ

332 673 473 717 "sua:
506 659 743 731 ipsorum
771 670 933 714 secta:
966 662 1215 731 dogmata
1244 663 1474 731 probare
1526 665 1844 729 nescientes,
1875 676 1929 719 et

2108 684 2131 728 ς
2163 663 2457 735 θρησκείας
2501 662 2678 714 αὐτῶν
2707 656 3036 730 ἀποροῦντες
3058 695 3071 716 ,
3100 655 3193 707 καὶ
3220 654 3293 715 ὡς
3340 652 3405 705 ἂν
3440 650 3513 703 οἱ
3565 665 3686 716 μξο

364 748 616 821 tanquam
649 752 762 821 (46)
794 753 930 807 ebrii
956 769 1256 809 sermonem
1283 755 1540 810 habentes
1598 757 1664 810 de
1691 772 1931 824 unaqua-

2108 773 2252 818 οντες
2298 754 2423 824 τῇδε
2470 754 2689 805 κάκεῖσε
2724 751 2813 801 τὸν
2865 750 2949 816 ἐφ’
2981 748 3196 815 ἑκάστῳ
3240 744 3398 812 λόγον
3442 742 3686 809 διαριο

361 857 467 913 que
496 858 555 897 re
578 843 682 898 hae
707 854 869 913 atque
893 844 1013 899 illac
1045 846 1203 899 veluti
1251 848 1512 914 jactatum
1564 858 1617 901 et
1668 848 1930 901 vacillan-

2114 847 2340 916 ούμενον
2372 845 2615 915 ἔχοντες,
2663 844 2893 913 διάφορα
2930 840 3239 909 σοφίσματα
3283 834 3683 901 συνταγέντα

365 946 493 997 tem,
524 935 671 989 varia
720 935 1050 1003 sophismata
1077 936 1143 990 ab
1168 937 1293 1006 ipsis
1322 939 1462 992 malo
1504 938 1733 992 artiﬁcio
1783 954 1931 993 com-

2112 940 2223 1000 τοῖς
2250 938 2591 1005 κακοτέχνως
2621 934 2713 987 καὶ
2740 933 2881 986 κατὰ
2910 932 3042 984 πολὺ
3075 928 3441 1001 μελετηθέντα
3500 940 3681 994 προ-

363 1025 584 1098 posita,
631 1036 687 1081 et
744 1026 834 1081 diu
887 1027 1222 1097 multumque
1284 1030 1540 1084 meditata
1606 1030 1871 1099 objiciunt
1916 1052 1929 1086 :

2110 1029 2340 1091 λλουσιν,
2375 1030 2431 1080 ὲν
2456 1021 2537 1090 οἷς
2566 1028 2679 1077 ἐστι
2712 1025 2879 1077 ταῦτα
2904 1041 2917 1053 ·
2948 1024 3028 1075 Τὰ
3057 1022 3345 1091 σύμπαντα
3372 1015 3510 1078 οὖν,
3552 1029 3685 1083 φηο

364 1117 659 1187 cuiusmodi
685 1124 809 1171 sunt
838 1118 978 1171 ista:
1021 1118 1207 1173 Nonne
1242 1135 1392 1187 ergo,
1430 1120 1698 1189 inquiunt,
1754 1121 1931 1174 omnia

2108 1137 2143 1181 θ,
2180 1119 2279 1170 οὐκ
2316 1118 2460 1171 ἔστιν
2501 1119 2565 1169 ἐκ
2601 1117 2693 1169 τοῦ
2735 1114 2900 1179 Θεοῦ;
2940 1109 3033 1184 Οἷς
3072 1112 3430 1183 ἀποκριτέον·
3493 1106 3683 1159 Ἀλλ’

367 1214 492 1261 sunt
521 1221 586 1260 ex
618 1206 765 1261 Deo?
800 1208 1003 1274 Quibus
1030 1209 1459 1275 respondendum
1503 1222 1584 1263 est
1616 1229 1633 1262 ι
1672 1211 1775 1264 Sed
1830 1226 1934 1265 non

2130 1209 2424 1279 γεννητῶς,
2452 1208 2526 1269 ὡς
2564 1210 2592 1261 ὁ
2623 1208 2749 1271 Υἱός
2769 1225 2783 1238 ·
2810 1208 2917 1260 οὐδ’
2947 1202 3370 1279 ἐκπορευτικῶς,
3403 1199 3597 1254 καθὰ
3623 1200 3677 1229 ²¹

368 1309 464 1364 per
502 1296 991 1364 generationemmt
1042 1297 1246 1352 Filius:
1281 1314 1454 1366 neque
1501 1314 1596 1367 per
1638 1294 1937 1369 processio-

2129 1300 2351 1369 Πνεῦμα
2380 1300 2473 1352 τοῦ
2498 1300 2633 1352 Θεοῦ
2658 1316 2669 1327 ’
2696 1299 2816 1352 οὐδὲ
2844 1298 3099 1351 τοιούτων
3128 1298 3272 1348 ἐστὶν
3299 1292 3675 1365 ἐνεργειῶν,

369 1401 513 1452 nem,
540 1394 598 1441 ut
652 1385 885 1457 Spiritus
914 1387 1005 1440 Dei
1046 1406 1058 1439 :
1097 1404 1268 1457 neque
1328 1389 1454 1443 talia
1506 1402 1821 1458 Operantur,
1847 1401 1939 1444 aut

2112 1390 2251 1444 οὕτω
2275 1391 2647 1462 περιϐλέπτων
2675 1380 2956 1461 η’ὴξιώθη
2988 1391 3316 1442 συστάσεων.
3362 1427 3376 1440 .
3421 1427 3438 1440 .
3502 1425 3519 1438 .
3581 1424 3598 1435 .
3655 1421 3672 1435 .

372 1488 481 1531 tam
507 1477 741 1533 illustres
766 1479 1117 1532 obtinuerunt
1157 1480 1624 1536 conlirmationes.
1654 1518 1670 1534 .
1710 1520 1724 1535 .
1759 1520 1774 1534 .
1803 1523 1817 1536 .
1849 1484 1940 1536 de-

2108 1497 2158 1531 ra
2186 1496 2198 1508 '
2244 1480 2379 1531 Πότε
2415 1475 2505 1532 οὖν
2539 1480 2567 1529 ὁ
2619 1479 2743 1541 Υἱὸς
2774 1480 2818 1508 ⁸³
2854 1477 3115 1547 ἐγεννήθη
3159 1518 3173 1531 .
3218 1514 3231 1527 .
3275 1515 3289 1529 .
3335 1514 3349 1527 .
3388 1516 3403 1536 ,
3442 1514 3460 1529 .
3524 1516 3545 1528 .
3595 1514 3613 1526 .
3658 1491 3675 1534 ;

371 1562 497 1618 inde
520 1564 690 1617 aiunt:
719 1562 1074 1629 Quandonam
1103 1564 1273 1622 Filius
1296 1568 1508 1635 genitus
1562 1575 1664 1631 est,
1690 1577 1781 1620 aut
1816 1568 1939 1635 Spi-

2108 1568 2200 1632 ὅτε,
2231 1569 2319 1621 ὅτε
2350 1570 2377 1621 ὁ
2419 1569 2609 1638 Πατὴρ
2637 1568 2683 1598 ’δ
2722 1568 2820 1620 οὐκ
2852 1566 3134 1636 ἐγεννήθη.
3174 1566 3236 1618 Et
3271 1564 3376 1635 γὰρ
3408 1565 3526 1617 καὶ
3577 1602 3598 1617 .
3648 1596 3673 1616 .

372 1656 509 1709 ritus
559 1655 1044 1733 processitt'l‘unc
1074 1656 1124 1726 7
1150 1671 1315 1725 quum
1356 1657 1518 1710 Pater
1564 1660 1778 1725 genitus
1836 1674 1939 1711 non

2108 1700 2117 1713 .
2161 1698 2173 1713 .
2214 1701 2228 1714 .
2273 1698 2287 1712 .
2329 1700 2343 1713 .
2383 1700 2396 1713 .
2435 1698 2450 1713 .
2494 1699 2509 1713 .
2547 1700 2561 1713 .
2600 1701 2614 1714 .
2664 1662 2781 1730 μετ’
2826 1658 3005 1721 αὑτὸν,
3040 1658 3134 1710 καὶ
3167 1658 3212 1689 ’⁵
3252 1656 3326 1718 ὡς
3365 1655 3676 1724 ἀθέμιτον

373 1747 476 1800 fuit
502 1738 636 1814 (ιῆ.
671 1745 728 1800 Si
767 1748 911 1801 enim
973 1757 1063 1802 et.
1094 1786 1108 1801 .
1141 1788 1155 1802 .
1184 1788 1198 1802 .
1230 1790 1243 1802 .
1271 1788 1285 1802 .
1311 1786 1328 1803 .
1370 1784 1424 1802 ..
1471 1758 1591 1819 post
1636 1749 1833 1819 ipsum,
1890 1760 1944 1804 et

2138 1754 2363 1822 ζητεῖν.
2407 1790 2421 1805 .
2458 1792 2470 1804 .
2505 1790 2520 1805 .
2556 1792 2570 1805 .
2604 1790 2618 1805 .
2655 1790 2670 1804 .
2713 1791 2726 1805 .
2765 1791 2780 1804 .
2814 1788 2830 1805 .
2869 1792 2883 1805 .
2938 1750 3048 1821 γὰρ
3076 1750 3134 1801 ὲν
3175 1749 3324 1817 τόπῳ
3358 1748 3403 1777 ²⁶
3438 1746 3673 1813 ἐπειδὴ

375 1835 541 1891 utfas
591 1840 694 1890 non
737 1838 1137 1907 estinquirere.
1178 1879 1193 1893 .
1235 1879 1249 1893 .
1278 1881 1291 1894 .
1323 1879 1337 1892 .
1375 1877 1391 1893 .
1434 1879 1447 1893 .
1496 1841 1638 1893 enim
1688 1858 1739 1895 ιιι
1794 1842 1947 1899 loco:
1985 1849 1987 1877 ῖ

2108 1841 3473 1916 ήτεπεριορ............ήσαςκαὶὸ²⁷
3511 1856 3670 1906 γεν-

375 1930 632 1996 quoniam
661 1944 853 1997 neque.
887 1970 902 1984 .
937 1967 953 1983 .
988 1969 1003 1982 .
1042 1968 1056 1982 .
1084 1969 1100 1982 .
1134 1970 1149 1984 .
1186 1969 1200 1982 .
1236 1968 1250 1983 .
1280 1970 1293 1984 .
1337 1970 1352 1985 .
1381 1969 1394 1983 .
1418 1969 1431 1983 .
1485 1931 1575 1999 qui
1630 1934 1834 1999 genuit,
1899 1944 1954 1989 et

2108 1938 2237 2007 ιθεὶς
2282 1934 2456 1999 οὕτως
2507 1934 3366 1990 οὐδ...............
3428 1932 3668 2000 χρόνῳ.

377 2020 467 2087 qui
495 2029 781 2090 generatus
815 2028 932 2088 est;
969 2022 1039 2074 ita
1098 2037 1270 2091 neque
1295 2062 1309 2076 .
1360 2061 1376 2077 .
1410 2064 1424 2077 .
1460 2061 1475 2077 .
1502 2061 1518 2078 .
1556 2062 1570 2076 .
1598 2064 1610 2077 .
1649 2064 1662 2076 .
1690 2034 1951 2096 tempore:

2108 2029 2186 2092 εὸς
2218 2029 2325 2098 γὰρ
2355 2027 2428 2080 ὢν
2459 2030 2505 2066 ’⁸
2538 2029 2565 2078 ὁ
2607 2026 2729 2088 Υἱὸς
2768 2025 2863 2077 καὶ
2897 2025 3086 2093 Λόγος,
3110 2022 3205 2076 τοῦ
3240 2060 3257 2076 .
3295 2063 3310 2076 .
3349 2065 3367 2082 .
3402 2059 3420 2077 .
3460 2063 3478 2075 .
3524 2060 3546 2076 .
3585 2059 3609 2077 .
3642 2062 3668 2078 .

378 2125 503 2164 cum
535 2109 682 2163 enim
717 2110 855 2164 Deus
884 2111 953 2165 sit
985 2110 1160 2166 Filius
1205 2121 1259 2166 et
1286 2112 1544 2168 Verbum.
1581 2154 1594 2167 .
1632 2155 1646 2168 .
1677 2154 1690 2167 .
1724 2154 1737 2168 .
1772 2154 1787 2168 .
1813 2155 1826 2167 .
1853 2154 1865 2167 .
1900 2154 1952 2169 ..

2108 2159 2124 2175 .
2157 2161 2173 2176 .
2207 2160 2221 2173 .
2260 2159 2274 2174 .
2314 2159 2329 2174 .
2364 2146 2379 2175 .
2410 2136 2471 2172 το
2512 2119 2645 2173 ἀλλα
2689 2117 2781 2171 τοῦ
2815 2118 2985 2169 ποιεῖν
3020 2117 3064 2148 ²⁹
3110 2115 3369 2178 ὡσαύτως
3429 2116 3539 2167 καὶ
3593 2113 3671 2167 τὸ

381 2201 636 2257 similiter
664 2202 775 2273 (l8)
811 2212 866 2257 et
896 2203 1154 2272 Spiritus.
1190 2247 1202 2259 .
1236 2243 1252 2258 .
1299 2245 1313 2258 .
1346 2247 1359 2259 .
1382 2246 1396 2261 .
1432 2247 1447 2262 .
1481 2247 1494 2262 .
1549 2205 1834 2274 Quomodo
1862 2224 1959 2261 au-

2109 2211 2282 2283 νεῦμα
2440 2252 2453 2267 .
2499 2253 2514 2265 .
2553 2249 2566 2264 .
2613 2251 2627 2264 .
2662 2248 2677 2264 .
2717 2250 2730 2264 .
2772 2248 2834 2264 ..
2872 2248 2887 2264 .
2934 2208 3058 2271 Πῶς
3102 2207 3193 2271 δὲ,
3239 2209 3422 2277 φησιν,
3480 2208 3667 2273 ἐγεν-

379 2300 514 2357 tem.
551 2294 822 2360 inquiunt,
855 2298 1067 2367 genitus
1097 2300 1225 2353 est?
1258 2300 1327 2354 At
1384 2301 1507 2367 hoc,
1536 2303 1637 2357 etsi
1700 2303 1958 2377 scriptum

383 2388 457 2442 sit
478 2385 547 2441 de
581 2386 719 2441 Filio
752 2388 969 2457 quidem
1001 2408 1014 2443 :
1055 2390 1138 2443 Ex
1167 2401 1312 2445 utero
1345 2391 1478 2463 (49),
1514 2402 1633 2446 ante
1660 2391 1961 2458 Luciferum

382 2479 537 2549 genui
567 2490 646 2542 te;
678 2480 743 2535 de
770 2480 973 2549 Spiritu
1003 2492 1194 2537 sancto
1223 2494 1399 2537 autem
1420 2504 1433 2539 :
1452 2484 1679 2551 Spiritus
1708 2503 1739 2538 a
1766 2484 1961 2553 me(50)

382 2576 650 2639 procedit;
675 2582 728 2627 et
752 2572 918 2627 David
950 2574 1060 2643 (51)
1093 2575 1163 2627 ita
1188 2575 1403 2644 psallat:
1437 2574 1602 2630 Verbo
1618 2575 1832 2630 Domini
1850 2576 1963 2630 ctrli

386 2660 581 2731 ﬁrmati
614 2671 754 2729 sunt,
789 2673 836 2716 et
860 2664 1050 2731 spiritu
1075 2666 1183 2719 oris
1217 2665 1330 2734 ejus
1380 2683 1556 2721 omnes
1603 2668 1818 2720 virtutes
1872 2686 1961 2721 eo—

388 2769 505 2805 rum
540 2748 689 2824 (52);
732 2754 786 2808 et
820 2754 987 2811 Jolms
1010 2757 1176 2811 dicat:
1205 2755 1434 2825 Spiritus
1483 2760 1692 2813 divinus
1734 2760 1843 2830 (55)
1877 2762 1964 2827 qui

389 2844 514 2912 fecit
540 2859 640 2907 me,
664 2856 710 2897 et
744 2845 905 2912 ﬂatus
933 2842 1314 2915 Omnipotentis
1339 2848 1528 2901 docens
1548 2865 1666 2915 me;
1696 2859 1749 2903 et
1783 2846 1967 2903 Domi-

391 2948 497 2988 nus
522 2933 637 3001 ipse
664 2934 858 2988 doceat
885 2953 898 2987 :
923 2933 1152 3003 Spiritus
1186 2939 1417 2992 veritatis
1451 2938 1585 3009 (54),
1636 2941 1777 3007 quia
1813 2940 1967 2994 Patre

2060 2302 2233 2373 νήθη;
2279 2302 2325 2333 ⁸ο
2368 2302 2537 2354 Τοῦτο
2566 2301 2613 2353 εἰ
2657 2300 2751 2353 καὶ
2797 2298 3010 2370 ἐγράφη
3045 2298 3171 2368 περὶ
3214 2298 3309 2367 μὲν
3336 2295 3430 2348 τοῦ
3462 2296 3617 2348 Υῐοῦ
3641 2308 3664 2328 ’

2063 2393 2121 2466 [5
2172 2394 2226 2466 b]
2270 2395 2363 2447 Ἐκ
2386 2393 2645 2461 γαστρός
2667 2391 2779 2459 πρὸ
2830 2391 3170 2459 Ἑωσφόρου
3199 2388 3501 2457 ἐγέννησα
3537 2403 3663 2439 σε’

2065 2480 2191 2557 περὶ
2236 2484 2293 2537 δὲ
2330 2483 2424 2537 τοῦ
2465 2485 2621 2552 ἁγίου
2667 2483 3005 2552 Πνεύματος·
3036 2481 3275 2549 Πνεῦμα
3315 2480 3448 2548 παρ’
3493 2478 3663 2549 ἐμοῦ

2062 2577 2476 2644 ἐκπορεύεταιο
2530 2577 2623 2629 καὶ
2667 2576 2716 2627 εἱ
2763 2572 2925 2627 Δαυῒδ
2961 2571 3182 2642 «petiu-
3216 2571 3299 2635 Τῷ
3326 2572 3486 2640 λόγῳ
3523 2573 3661 2624 Κυ-

2057 2667 2196 2735 ρίου
2232 2669 2284 2719 οἱ
2323 2666 2568 2733 οὐρανοὶ
2606 2662 3077 2732 ἐστερεώθησαν,
3114 2661 3209 2713 καὶ
3239 2658 3317 2724 τῷ
3345 2661 3662 2728 πνεύματι

2064 2756 2170 2810 τοῦ
2208 2758 2507 2824 στόματος
2544 2756 2729 2809 αὑτοῦ
2771 2753 2959 2808 πᾶσαι
3001 2757 3058 2807 al
3097 2750 3381 2820 δυνάμεις
3405 2749 3655 2804 αὐτῶν·

2066 2847 2160 2899 κα)⁸
2199 2849 2247 2899 εἰ
2278 2846 2424 2915 λέγει
2452 2848 2479 2897 ό
2519 2845 2640 2898 ’1ώὸ
2664 2860 2676 2872 ·
2714 2824 2954 2913 Πνεῦμα
2978 2843 3137 2896 θεῖον
3163 2842 3229 2895 τὸ
3259 2840 3530 2910 ποιῆσαν
3546 2856 3657 2910 με,

2067 2940 2224 3006 πνοὴ
2267 2938 2335 2992 δὲ
2371 2938 2856 3006 Παντοκράτορος
2903 2939 2941 3004 τ)
2980 2934 3356 2989 διδάσκουσὰ
3400 2951 3472 3003 με
3497 2950 3515 2965 ⁸
3553 2933 3659 2986 καὶ

390 3026 651 3093 procedit;
693 3041 756 3080 ac
800 3026 1002 3083 Paulus
1059 3029 1277 3083 demum
1343 3030 1551 3084 scribat
1606 3030 1740 3101 (55),
1792 3032 1965 3101 ipsum

2108 3032 2349 3103 [Κύριος
2391 3032 2628 3089 διδασκει
2654 3046 2668 3060 ·
2724 3032 2790 3085 Τὸ
2844 3029 3085 3099 Πνεῦμα
3130 3027 3239 3095 τῆς
3275 3027 3569 3092 ἀληθείας
3616 3022 3653 3077 ὃ

393 3127 518 3168 esse
554 3113 820 3185 Spiritum
870 3116 984 3179 Dei,
1035 3118 1177 3172 sicut
1227 3119 1540 3173 hominibus
1597 3128 1678 3172 est
1729 3122 1966 3189 ipsorum

2108 3125 2227 3192 ἀρὰ
2255 3124 2361 3177 τοῦ
2385 3123 2611 3191 Πατρός
2638 3122 3021 3190 ἐκπορεύεται
3039 3138 3053 3152 ο
3085 3120 3177 3172 καὶ
3202 3120 3251 3171 εἰ
3280 3117 3489 3181 Παῦλος
3510 3116 3656 3187 γρά-

393 3206 625 3277 spiritus
655 3225 669 3262 :
714 3219 892 3264 tamen
917 3225 1135 3265 omnem
1172 3218 1408 3266 mentem
1438 3211 1649 3266 excedit
1678 3211 1811 3283 (56‘.
1836 3212 1969 3279 Quia

2114 3230 2182 3279 ει,
2219 3213 2442 3284 Πνεῦμα
2479 3209 2618 3266 εἶναι
2658 3212 2789 3266 αὐτὸ
2834 3211 2929 3265 τοῦ
2970 3209 3125 3277 Θεοῦ,
3153 3209 3227 3272 ὡς
3250 3208 3562 3280 ἀνθρώποις
3588 3206 3655 3260 τὸ

401 3388 542 3444 idem
587 3387 794 3453 valent;
833 3388 1136 3457 signiﬁcant
1183 3391 1389 3445 scilicet
1441 3389 1732 3457 Scripturae
1780 3391 1976 3456 locant,

401 3459 779 3530 testimonium,
810 3460 1197 3530 auctoritatem,
1224 3460 1533 3528 capitulum.
1557 3470 1665 3514 etc.
1696 3461 1844 3527 Quod
1867 3477 1984 3530 Spe-

404 3538 514 3583 ctat
542 3528 623 3598 ad
645 3542 828 3581 vocem
868 3528 1162 3598 ἀπόδειξις,
1194 3546 1318 3593 eam
1347 3544 1489 3598 saepe
1507 3531 1609 3583 hoc
1632 3546 1792 3584 sensu
1825 3528 1980 3584 usur-

2082 3392 2215 3446 citat
2251 3392 2389 3445 infra
2422 3392 2534 3459 ipse
2569 3391 2823 3460 Didymus
2862 3389 2958 3446 lib.
2992 3406 3054 3453 ιι,
3083 3404 3202 3456 cap.
3227 3388 3279 3460 2,
3310 3400 3478 3460 segm.
3508 3389 3652 3444 52a.

2084 3463 2340 3532 Vulgatns
2370 3458 2497 3516 vero
2532 3458 2795 3530 interpres
2824 3460 2983 3513 habet
3029 3478 3042 3513 :
3074 3463 3196 3529 quia
3236 3458 3462 3525 Spiritus
3503 3478 3539 3513 α
3563 3462 3652 3530 [α-

2083 3534 2158 3585 cie
2186 3549 2297 3584 mea
2318 3532 2627 3593 egredietur.

406 3605 585 3668 patam
614 3597 851 3671 invenies
896 3597 1051 3663 infra,
1095 3612 1151 3671 ut
1189 3616 1273 3654 ex.
1320 3617 1403 3671 gr.
1427 3597 1606 3669 isegm.
1632 3601 1701 3654 54
1731 3601 1779 3655 b.
1804 3602 1873 3655 At
1894 3606 1985 3656 αε-

408 3668 840 3739 monstrationem
868 3683 1080 3739 quoque
1113 3668 1420 3735 signiﬁcare
1454 3671 1540 3725 bic
1575 3681 1768 3739 potest.

480 3736 592 3809 (l5)
619 3735 930 3809 l_nanitntes.
961 3737 1037 3809 Ex
1070 3743 1238 3809 prima
1270 3743 1336 3793 ad
1360 3742 1498 3794 'l‘itn.
1534 3735 1606 3805 vi,
1632 3742 1724 3794 20.

483 3807 596 3877 (46)
628 3805 921 3878 Tanquam.
982 3805 1083 3863 Pro
1112 3810 1187 3872 ὡς
1216 3810 1281 3863 ἂν
1335 3814 1406 3873 οἱ,
1467 3811 1646 3865 malim
1680 3812 1853 3878 legere
1908 3811 1983 3874 ὡς

411 3879 479 3953 διν
505 3879 709 3953 εἱηεευ
741 3877 959 3953 ὡσανεί.
984 3878 1120 3953 __Pro
1154 3880 1624 3953 διαριπτούμενον,
1682 3877 1801 3945 lego
1826 3880 1983 3953 διαρ-

428 3946 795 4020 ξιπτούμενον1
862 3948 1102 4020 Similem
1153 3946 1313 4017 por'ro
1358 3946 1614 4020 Didymus
1663 3946 1982 4003 sententiam

451 3976 792 4017 ιπίυυμενυν.
863 3976 1102 4002 IDIIIIIICIII
1153 3976 1313 4017 μυΓΙύ
1358 3976 1485 4020 υιυ]
1499 3976 1614 4004 "HIS
1663 3976 1981 4003 5CI|lCIIlIiIIII

413 3976 576 4089 liabet
605 4020 740 4089 apud
772 4016 1030 4089 Joannem
1058 4018 1445 4089 Damascennm
1472 4022 1522 4073 in
1542 4019 1838 4084 Parallelis,
1861 4036 1981 4089 pag.

412 4087 517 4166 Z917
546 4104 558 4139 :
595 4087 660 4166 ᾼὶ
688 4087 797 4166 0:37:
809 4086 1037 4166 2111061.;
1068 4088 1237 4166 δόξαι,
1277 4091 1468 4166 inquit,
1630 4089 1836 4166 μυρίῳν
1859 4086 1987 4166 ψεῦ-

413 4155 667 4228 δολογιῷν
704 4155 1031 4225 βαδίζοῦσαι,
1065 4159 1191 4227 μίαν
1220 4160 1313 4211 καὶ
1350 4155 1447 4228 τὴν
1473 4155 1640 4228 αὐτὴν
1661 4155 1757 4225 τῆς
1782 4155 1986 4212 ἑαυτῶν

416 4227 771 4298 ἱατηχήσεως
803 4229 901 4280 οὐκ
942 4228 1121 4297 ἔχουσι
1166 4227 1451 4298 διήγησινο
1495 4227 1612 4295 qua:
1666 4231 1743 4280 sic
1789 4238 1982 4298 verto:

422 4295 600 4352 Falsa:
621 4295 911 4361 ’opiniones,
942 4295 1056 4349 cum
1082 4314 1169 4363 per
1194 4295 1435 4351 sexcenta
1464 4307 1714 4365 vagentur
1730 4296 1987 4365 falsarum

423 4366 878 4419 ratiocinationum
899 4378 1207 4428 commenta,
1235 4384 1395 4419 unam
1430 4368 1761 4436 eamdemque
1792 4368 1991 4420 doctri-

423 4451 506 4489 na:
529 4451 638 4487 sua!
663 4438 1046 4488 enarrationem
1078 4454 1179 4489 non
1210 4436 1420 4490 habent.

497 4505 608 4576 (47)
641 4504 857 4576 Genitus
887 4522 990 4556 non
1020 4506 1140 4573 fuit.
1176 4506 1438 4559 Praeclara
1481 4505 1789 4574 responsio!
1822 4521 1982 4575 qnam

423 4574 707 4646 Didymnm
740 4590 803 4628 ex
822 4574 1079 4643 Gregorio
1107 4577 1462 4641 Nazianzeno,
1499 4577 1681 4644 paucis
1708 4574 1993 4630 anteillius

2154 3602 2266 3671 (5i)
2300 3590 2485 3654 David.
2544 3599 2766 3652 Davidis
2818 3613 3011 3671 nomen
3041 3611 3107 3652 ne
3135 3596 3298 3671 semel
3337 3596 3649 3671 quidemin

2086 3668 2198 3727 toto
2249 3672 2433 3725 codice
2474 3671 2737 3738 integrum
2770 3668 3043 3732 scribitur,
3095 3668 3187 3721 sed
3245 3668 3650 3738 compendiaria

2085 3757 2298 3809 semper
2344 3742 2569 3804 ratione,
2593 3736 2608 3738 “
2633 3755 2823 3803 nempe
2866 3738 2990 3809 Δαδ.
3018 3740 3086 3790 At
3123 3752 3243 3790 cum
3277 3736 3560 3809 δείξω.Δῆ
3601 3738 3650 3788 lt.

2087 3804 2292 3864 scribat
2343 3811 2595 3863 librarius
2629 3808 2916 3860 Δαυῖτικόν
2934 3822 3052 3859 cum
3077 3824 3133 3866 υ,
3164 3822 3267 3859 non
3299 3822 3417 3858 cum
3454 3804 3504 3874 β,
3549 3821 3649 3874 ego

2086 3882 2282 3944 ubique
2313 3881 2523 3947 scripsi,
2560 3878 2741 3931 Δαυϊδ.
2784 3878 2950 3931 [tecte
2982 3886 3159 3930 tamen
3189 3875 3445 3947 scribitur
3486 3876 3649 3928 etiam

2085 3951 2266 4015 Δαϐίδ,
2324 3944 2444 4003 cum
2484 3949 2799 4001 Hebraicam
2832 3948 3064 4000 litteram
3107 3961 3204 4000 vau
3230 3944 3400 3999 Graeci
3436 3956 3650 3998 veteres

2084 4032 2139 4074 et
2176 4036 2270 4090 per
2294 4038 2324 4072 υ
2360 4029 2415 4073 et
2463 4033 2558 4087 per
2597 4016 2627 4088 β
2668 4016 2943 4090 efferrent,
2974 4026 3031 4069 ut
3062 4024 3282 4090 apparet
3310 4014 3389 4080 vel
3420 4027 3487 4067 ex
3528 4015 3648 4084 ipso

2088 4085 2305 4144 nomine
2330 4085 2615 4157 ram-quod
2651 4087 2991 4157 reddiderunt
3029 4102 3124 4153 per
3155 4085 3280 4154 βαυ.

2160 4158 2270 4229 (52)
2334 4152 2567 4229 Virtutes
2616 4154 2951 4229 αυτηορ-μὴ.
3005 4152 3357 4229 institvere.
3388 4153 3442 4206 6.
3499 4152 3653 4208 Hunc

2090 4224 2265 4283 locum
2321 4244 2461 4295 s:epe
2504 4228 2696 4292 allegat
2765 4226 3022 4294 Didymus
3079 4226 3133 4277 in
3184 4224 3535 4295 (hocmopere,
3590 4238 3653 4277 ac

2090 4314 2301 4368 semper
2322 4294 2474 4366 legit:
2504 4298 2675 4350 πᾶσαι
2705 4298 2759 4348 αἱ
2775 4296 3031 4368 δυνάμεις
3064 4294 3264 4358 αὐτῶν,
3292 4294 3340 4368 id
3358 4304 3455 4368 est
3480 4309 3653 4346 omnes

2090 4364 2303 4422 virtutes
2334 4364 2716 4432 e6rum.Quam
2738 4367 3018 4419 lectionem
3045 4376 3262 4418 secutus
3287 4364 3450 4416 videri
3480 4371 3655 4430 potest

2091 4435 2382 4508 Nyssenns.
2400 4440 2546 4508 quod
2574 4439 2631 4508 in
2656 4436 2900 4508 oratione
2926 4434 3273 4508 catechetica.
3292 4446 3413 4508 cap.
3435 4434 3490 4495 4,
3515 4434 3653 4508 scri-

2093 4501 2286 4578 pderit:
2314 4508 2375 4559 Ei
2390 4501 2468 4571 δὲ,
2490 4504 2671 4568 καθὼς
2692 4505 2838 4572 λέγει
2854 4501 3458 4578 Δαϐιδεὲστερεώθησαν
3474 4502 3549 4578 τῷ
3574 4501 3653 4578 λάξ

2095 4569 2176 4647 γῳ
2189 4577 2281 4630 τοῦ
2299 4569 2503 4647 Κυρίον
2523 4578 2572 4628 οἱ
2588 4569 2825 4647 οῦρανοὶ,
2841 4574 2939 4647 καὶ
2954 4575 3007 4626 αἱ
3030 4569 3300 4647 δῦνάμεις.
3314 4569 3491 4623 αὐτῶν
3502 4569 3561 4623 ἕν

424 4638 630 4724 obitum
672 4646 827 4724 annis
882 4638 1152 4724 {diurni-to,
1177 4638 1569 4724 _tle5ttttt_|isisse
1616 4647 1871 4724 existimo
1896 4665 1909 4700 :
1938 4648 1987 4724 _i_s_

2108 4638 2235 4700 Πνεύ
2245 4664 2381 4724 pater
2391 4638 2498 4724 :10?)
2514 4638 3256 4724 Θεοῦτὴν,σιξστασινιὲσχρνχ
3271 4638 3399 4724 ἄρα,
3422 4658 3478 4719 κἶ
3500 4658 3550 4720 τ.
3571 4638 3651 4724 λζ,

426 4716 567 4770 enim
603 4715 848 4769 oratione
899 4714 988 4777 55,
1028 4730 1130 4783 qua
1176 4717 1539 4770 Ennomianos
1574 4717 1787 4775 rel'ellit,
1830 4716 1989 4770 simili

426 4785 585 4857 plane
615 4785 848 4857 _ratione
892 4786 966 4857 ait
999 4804 1011 4838 :
1044 4786 1178 4838 Πότε
1217 4788 1245 4838 ὁ
1292 4786 1418 4850 Υἱὸς
1450 4786 1772 4857 γεγέννηται
1784 4802 1796 4849 ;
1864 4787 1993 4839 Ὅτε

427 4856 458 4907 ὁ
489 4855 679 4925 Πατὴρ
700 4856 1131 4927 οὺ-γεγέννηται,
1158 4858 1204 4909 id
1229 4868 1307 4909 est
1326 4875 1336 4909 :
1356 4855 1701 4920 Quandonam
1724 4855 1895 4911 Filius
1915 4873 2003 4927 ge-

428 4927 568 4979 nitus
598 4923 711 4995 est?
743 4923 876 4978 Cum
900 4923 1061 4979 Pater
1080 4928 1282 4995 genitus
1315 4944 1416 4979 non
1445 4937 1539 4979 est.

504 4996 615 5065 (48)
656 4993 925 5050 Similiter.
999 4997 1051 5049 In
1082 4993 1315 5059 ‘codice,
1369 4996 1444 5059 ὡς
1495 4996 1693 5061 αὔτως,
1764 4998 2001 5050 divisim.

433 5064 646 5126 Scribe,
701 5067 746 5119 si
804 5067 998 5132 placet,
1039 5066 1693 5134 conjunctitn,tbaatitw;'
1735 5068 1805 5119 ita
1859 5068 2003 5119 enim

432 5136 594 5201 vulgo
619 5150 759 5187 nunc
796 5137 1060 5189 scribunt.
1099 5135 1210 5205 Ego
1248 5148 1424 5191 tamen
1456 5140 1774 5205 scripturam
1804 5137 2004 5190 codicis

432 5206 655 5276 retinui,
708 5214 816 5276 tum
857 5207 979 5272 quia
1036 5210 1105 5260 ita
1140 5222 1350 5276 semper
1387 5208 1573 5261 scribit
1616 5206 1902 5269 librarius,
1948 5206 2001 5259 id

436 5276 578 5341 quod
626 5274 675 5323 in
710 5273 891 5327 multis
920 5276 1081 5328 etiam
1113 5277 1232 5329 aliis
1256 5273 1385 5330 inss.
1418 5278 1689 5331 codicibus
1714 5275 2002 5330 observare

435 5358 525 5398 tne
565 5344 803 5414 memini,
836 5355 944 5414 tum
994 5346 1117 5414 quia
1160 5346 1444 5414 aliquando
1471 5348 1659 5400 saltem
1688 5346 2003 5400 aveteribns

438 5414 511 5467 ita
542 5413 796 5479 scriptum
829 5413 990 5469 fuisse
1014 5413 1267 5479 constat,
1313 5430 1367 5468 ut
1407 5418 1457 5468 in
1494 5418 1582 5470 illo
1619 5413 1798 5468 Musa:i
1845 5430 2003 5467 versu

439 5483 577 5549 apud
607 5481 931 5536 Clementem
962 5484 1375 5537 Alexandrinum
1401 5488 1451 5535 in
1473 5496 1621 5540 sexto
1644 5484 2001 5538 Stromatnm:

449 5550 550 5616 Ὧς
659 5553 846 5624 αὔτως
872 5553 968 5606 καὶ
999 5555 1204 5621 φύλλα
1232 5556 1363 5622 φύει
1394 5552 1659 5624 ζείδωρος
1688 5553 1933 5622 ἄρουρα.

511 5622 624 5692 (49)
647 5622 730 5676 Ex
748 5637 910 5677 utero.
936 5624 1075 5677 Psal.
1107 5639 1217 5687 clx,
1250 5640 1390 5677 vers.
1421 5625 1473 5677 ὅ.

512 5692 625 5760 (50)
656 5692 885 5759 Spiritus
915 5712 946 5746 a
981 5711 1081 5747 me.
1122 5692 1358 5762 Respicit
1390 5694 1490 5747 Isa.
1524 5709 1647 5759 LVII,
1688 5696 1775 5760 lli,
1802 5696 1892 5749 ubi
1927 5694 2001 5749 le-

441 5759 586 5872 gitur
611 5759 635 5815 7:
682 5763 905 5834 Πνεῦμα
929 5765 1035 5833 γὰρ
1077 5763 1204 5834 παρ’
1233 5759 1376 5833 ’ἐμοῦ
1406 5764 1764 5829 ἐξελεύσεται,
1799 5766 1847 5817 id
1895 5776 1997 5829 est,

446 5862 460 5872 .
488 5833 670 5872 Inritus
697 5836 829 5872 ani»:
884 5856 912 5872 η
962 5852 1039 5872 nm
1073 5839 1225 5872 nrihil
1260 5852 1269 5861 -
1294 5850 1397 5872 mm
1432 5839 1588 5872 suntin
1641 5836 1811 5872 lnmnn
1857 5837 1995 5872 Inlnn

446 5832 670 5901 Spiritus
697 5832 839 5888 enim
884 5856 913 5889 α
942 5832 1039 5890 nte
1073 5832 1225 5889 exibit
1252 5832 1397 5905 {quo
1432 5839 1588 5891 modo
1630 5836 1813 5901 locum
1856 5837 1995 5891 hunc

2100 4720 2152 4772 id
2190 4709 2312 4773 est:
2344 4718 2404 4771 Si
2440 4729 2632 4780 autem,
2662 4709 2731 4768 ut"
2752 4714 2877 4766 dicit
2902 4713 3090 4779 David,
3131 4709 3530 4765 Verbo'Domini
3558 4711 3653 4776 ﬁr-

2100 4790 2227 4840 mati
2265 4799 2381 4840 sunt
2432 4786 2542 4839 creti
2582 4798 2628 4838 et
2660 4801 2840 4839 eorum
2880 4783 3093 4836 virtutes
3141 4784 3427 4835 consistunt
3476 4781 3529 4832 in
3566 4781 3653 4833 Det

2099 4856 2302 4924 Spiritu
2328 4873 2345 4909 :
2376 4873 2518 4924 ergo,
2550 4866 2654 4909 etc.
2685 4854 2881 4924 Verum
2914 4853 3162 4924 Clemens
3187 4851 3581 4924 Alexandrinus
3605 4853 3652 4902 in

2101 4921 2451 4992 Protreptico,
2503 4925 2829 4993 Theophilus
2864 4923 2913 4974 in
2944 4921 3547 4993 libris'adAutolycum,
3605 4931 3650 4973 et

2101 4997 2188 5048 alii
2223 4996 2405 5065 legunt
2435 5037 2447 5050 .
2482 4994 2663 5050 Omnis
2694 4996 2853 5065 virtus
2895 4993 3177 5065 earum.Et
3206 4992 3280 5045 ita
3317 4993 3652 5045 habentcum

2101 5063 2294 5119 omn
2314 5068 2497 5129 editio,
2529 5077 2638 5117 tum
2672 5063 2893 5127 Vulgata
2937 5063 3236 5117 translatio.

2178 5136 2287 5206 (55)
2322 5136 2551 5206 Spiritus
2586 5134 2811 5206 diuinas.
2855 5130 2970 5206 _Job
3027 5149 3218 5206 χχχιιι,
3250 5132 3305 5184 4.
3327 5130 3454 5206 “Sic
3499 5129 3650 5206 habet

2101 5198 2287 5260 Cra-ca
2330 5198 2491 5258 etiam
2532 5205 2716 5257 editio.
2772 5202 3027 5269 Vulgatus
3077 5205 3235 5255 habet
3274 5198 3542 5261 :Spiritns
3566 5198 3651 5251 Det

2102 5276 2224 5343 fecit
2258 5292 2355 5334 me,
2389 5284 2437 5327 et
2467 5273 2799 5341 Spirttculum
2838 5270 3217 5343 Qntnipotentis
3262 5271 3538 5337 viviﬁcavit
3558 5286 3649 5321 me.

2172 5344 2281 5412 (54)
2311 5340 2535 5411 Spiritus
2557 5346 2806 5412 veritatis.
2832 5340 2985 5412 Joan.
3016 5358 3102 5406 xv,
3129 5342 3217 5412 Q6.

2332 5415 2528 5467 Paulus
2558 5410 2808 5465 scributJ
2833 5411 2898 5464 ad
2929 5413 3051 5466 Cor.
3088 5428 3145 5476 tl,
3175 5411 3257 5468 ll.
3284 5410 3534 5475 Sensum,
3556 5422 3649 5461 non

2101 5486 2267 5539 verba
2297 5487 2381 5538 hic
2424 5486 2571 5537 citat.

2177 5554 2286 5624 (56)
2320 5555 2556 5609 Excedit.
2590 5553 2812 5607 Locutio
2857 5550 3058 5603 Biblica
3103 5566 3168 5624 et:
3216 5549 3382 5624 Epist.
3426 5548 3491 5601 ad
3524 5546 3647 5599 Phil.

2103 5620 2193 5691 tv,
2218 5626 2268 5677 7.
2292 5625 2436 5687 Verti
2465 5625 2625 5677 etiam
2656 5632 2834 5692 posset
2862 5640 2874 5673 :
2900 5630 3071 5673 tamen
3113 5622 3191 5673 sic
3238 5620 3412 5692 omnia
3444 5626 3648 5669 mentem

2098 5697 2369 5749 excedunt.
2404 5694 2536 5747 Cum
2591 5690 2734 5747 enim
2780 5706 2967 5746 manca
2996 5692 3069 5746 sit
3114 5690 3306 5755 oratio,
3332 5702 3523 5744 sensus
3552 5701 3647 5739 non

2099 5777 2179 5821 est
2197 5766 2413 5821 omnino
2440 5772 2639 5819 certus.
