3708 6348
107 362 191 418 28!

1178 361 1266 417 DE
1304 362 1686 418 TRIMTATE
1725 363 1923 418 LIBER
1968 362 2243 419 PRIMUS.

3227 359 3340 420 289.

108 476 293 532 αἰτῶψ
331 476 480 545 ὅμως
524 474 666 529 οὕτω
708 477 890 531 πάντα
925 478 1050 531 νοῦν
1100 480 1451 551 ὑπερόαίνει·
1511 483 1591 535 ὅτι
1632 484 1660 534 6

1842 498 1904 534 ιιι]
1940 483 2215 550 apostolus
2244 481 2541 536 Corinthiis
2578 479 2771 536 scribit
2803 498 2816 532 :
2853 477 2958 532 Deo
3001 489 3173 531 autem
3221 480 3334 548 (57)

108 570 247 631 αὐτὸς
282 566 571 630 ἀπόστολος
600 566 912 638 Κορινθίοις
938 570 1138 640 γράφει
1157 588 1170 601 ο
1203 571 1288 635 Τῷ
1319 571 1387 623 δὲ
1416 570 1536 635 Θεῷ
1562 572 1660 641 χά-

106 681 204 731 ρις,
242 657 317 723 τῷ
354 657 609 712 πάντοτε
648 661 1061 729 θριαμϐεύοντι
1104 661 1262 731 ἡμᾶς
1304 663 1374 717 ἐν
1412 663 1491 728 τῷ
1526 666 1657 732 Χρι-

112 750 233 816 στῷ,
271 754 365 803 καὶ
400 749 513 816 τῆν
545 751 747 819 ὀσμὴν
770 750 884 820 τῆς
931 753 1207 823 γνώσεως
1250 755 1659 823 φανερώσαντι

112 848 172 899 δι’
206 843 361 913 ἡμῶν
383 862 398 876 ·
427 844 503 907 ὡς
536 845 609 915 μὴ
650 844 833 914 πάσης
860 844 961 915 τῆς
995 845 1246 913 γνώσεως
1272 848 1438 917 ἡμᾶς,
1471 847 1559 900 διὰ
1598 846 1661 899 τὸ

112 938 385 1009 ἀχώρητον,
422 936 537 989 ἀλλ’
563 930 675 989 οἶόν
700 954 843 1000 τινος
868 938 1181 1008 meum;
1205 939 1236 1007 ἢ
1270 937 1443 1009 αὔρας
1472 938 1659 1009 ὥσπερ

116 1030 473 1101 μετασχόντας.
520 1030 630 1083 Καὶ
679 1030 878 1082 πάλινο
930 1030 1242 1100 Βλέπομεν
1294 1031 1363 1084 δὲ
1432 1032 1505 1084 δι’
1555 1033 1659 1085 ἐσ-

110 1125 305 1189 όπτρου
346 1121 445 1173 καὶ
478 1123 549 1174 ἐν
569 1123 868 1192 αἰνίγματι
893 1123 963 1175 τὰ
994 1124 1122 1194 περὶ
1154 1123 1339 1176 αὐτοῦ.
1374 1124 1484 1176 Καὶ
1519 1123 1662 1194 μάλα

111 1213 328 1275 εἰκότως·
362 1213 519 1276 Δόξα
689 1215 911 1281 Κυρίου
953 1218 1200 1283 κρύπτει
1221 1216 1407 1284 λόγον
1431 1215 1572 1269 κατὰ
1601 1216 1661 1269 τὸ

112 1306 231 1356 θεῖον
258 1306 438 1374 ῥητὸν,
470 1305 842 1375 ὑπερκειμένη
876 1307 1137 1377 ἀφράοτῳ
1163 1310 1255 1362 καὶ
1281 1308 1493 1379 ἀπείρῳ
1521 1308 1661 1385 λόγῳ

112 1398 269 1466 πάσης
316 1396 625 1466 αξσθήσεως
674 1396 940 1467 γενητῆς’
982 1398 1043 1450 οὐ
1089 1398 1177 1452 διὰ
1213 1398 1274 1451 τὸ
1322 1399 1662 1452 ἀϐάστακτον

114 1490 285 1557 μόνον,
310 1488 425 1540 ἀλλ’
460 1490 543 1541 ὅτι
569 1489 633 1541 τὸ
676 1488 1001 1560 προαιώνιον
1040 1492 1136 1543 καὶ
1177 1491 1285 1562 πρὸ
1323 1492 1504 1563 πάσης
1545 1492 1661 1544 κτί-

111 1597 251 1642 σεως,
296 1582 344 1632 ει
390 1581 464 1651 μὴ
511 1581 616 1633 ὑπὸ
656 1581 892 1652 Γραφῶν
942 1582 1228 1654 δεδήλωτο,
1274 1583 1317 1613 ⁹¹
1369 1586 1436 1654 τῇ
1487 1583 1661 1636 κτίσει

108 1675 243 1741 imm
267 1711 282 1724 .
308 1711 322 1724 .
354 1713 369 1726 .
413 1712 428 1725 .
473 1675 570 1726 καὶ
607 1674 767 1728 πάλιν
792 1677 906 1738 τοῖς
936 1675 1119 1738 αὐτοῖς
1140 1675 1202 1728 τὸ
1228 1674 1477 1746 δεύτερον
1504 1678 1547 1708 ³³
1583 1678 1662 1739 εἰς

105 1764 1146 1832 τοῦτοπαγκαλο..........ειο
1200 1766 1399 1835 Ἡμεῖς
1438 1766 1507 1819 δὲ
1550 1769 1662 1820 οὐκ

1762 574 1977 643 gratias,
2010 574 2098 641 qui
2121 588 2319 639 semper
2351 568 2634 637 triumphat
2668 586 2761 623 nos
2794 570 2848 621 in
2877 566 3108 629 Christo,
3135 577 3183 620 et
3205 569 3337 621 odo-

1763 680 1867 717 rem
1897 664 2205 732 cognitionis
2222 662 2573 730 manifestavit
2627 677 2718 729 per
2756 675 2894 713 nos:
2941 662 3083 729 quod
3132 660 3340 715 scilicet

1763 772 1872 810 non
1899 756 2081 810 omnis
2116 754 2614 824 cognitionis,quia
2645 770 2764 808 eam
2819 769 3016 821 capere
3050 768 3155 806 non
3215 769 3341 823 pos-

1763 864 1970 910 sumus.
2011 849 2307 916 participes
2338 850 2466 902 l'acti
2498 850 2693 911 simus,
2729 850 2821 903 sed
2850 848 3015 901 veluti
3055 848 3337 918 cujusdam

1761 939 2061 1004 simulacri,
2122 950 2216 994 aut
2252 956 2397 995 aura;
2449 941 2584 1013 (58).
2642 941 2707 995 Et
2742 940 3229 996 rursus:Videmus
3284 943 3343 1012 8

1762 1045 1934 1086 autem
1961 1033 2072 1101 (59)
2091 1049 2182 1097 per
2205 1034 2491 1100 speculum,
2520 1042 2568 1086 et
2591 1033 2646 1086 in
2674 1034 2950 1103 a’nigmate
2996 1049 3116 1102 quae
3139 1035 3203 1088 de
3224 1034 3342 1103 ipso

1764 1125 2029 1177 novimus.
2059 1125 2122 1177 Et
2146 1125 2338 1177 metito
2358 1125 2573 1194 quidem
2602 1142 2615 1177 :
2646 1141 2766 1178 nam
2786 1126 2939 1194 juxta
2967 1126 3201 1178 divinam
3225 1139 3345 1178 Seu-

1762 1216 1990 1271 tentiam
2022 1214 2205 1269 Gloria
2227 1215 2557 1286 Domini(60)
2571 1217 2703 1270 celat
2729 1217 2957 1281 verbum,
2987 1228 3037 1271 et
3062 1216 3340 1281 ineﬂaliili,

1762 1317 1924 1375 atque
1940 1305 2148 1359 inﬁnita
2167 1306 2373 1359 ratione
2386 1322 2598 1361 omnem
2614 1317 2852 1360 creatum
2865 1323 3082 1362 sensum
3097 1307 3342 1362 excedit:

1764 1411 1869 1450 non
1894 1395 2053 1448 modo
2075 1394 2202 1463 quia
2234 1394 2359 1449 ferri
2388 1411 2491 1448 non
2520 1405 2715 1464 potest,
2746 1396 2837 1449 sed
2866 1398 3027 1450 etiam
3054 1398 3177 1466 quia
3203 1397 3345 1464 quod

1764 1498 1847 1542 est
1888 1499 2012 1541 ante
2057 1486 2255 1541 saecula
2293 1496 2347 1540 et
2380 1498 2507 1540 ante
2532 1502 2747 1541 onmem
2784 1500 3113 1551 creaturam,
3155 1489 3254 1543 nisi
3314 1503 3346 1542 a

1765 1577 2060 1646 Scripturis
2085 1577 2487 1631 manifestatum
2512 1577 2720 1639 fuisset,
2748 1593 2777 1630 a
2798 1590 3046 1633 creatura
3070 1581 3350 1648 ignarare-

1766 1679 1870 1723 tur.
1890 1669 1955 1721 Et
1970 1684 2160 1722 rursus
2174 1669 2363 1721 iisdem
2377 1667 2671 1721 Corinthiis
2686 1670 2923 1723 secundo
2943 1670 3190 1723 scribens
3212 1671 3265 1739 (6
3278 1671 3347 1735 l),

1763 1759 1830 1812 ad
1871 1758 1973 1812 hoc
2006 1759 2489 1827 pulcherrime.....
2543 1758 2655 1812 Nos
2694 1770 2866 1812 autem
2914 1776 3015 1812 non
3045 1761 3098 1812 in
3131 1760 3347 1813 immen-

102 1862 185 1924 εἰς
218 1861 287 1911 τὰ
312 1859 540 1927 ἄμετρα
579 1859 627 1891 ’³
660 1860 1117 1929 καυχησόμεθαο
1157 1857 1343 1931 [ἀλλὰ
1382 1859 1559 1931 acadd
1598 1859 1665 1912 τὸ

1842 1866 1882 1902 m
1914 1849 2410 1919 gloriabimur,sed
2452 1852 2737 1904 secundum
2788 1867 3087 1904 mensuram
3131 1854 3345 1920 regultr,

101 1944 304 2013 μέτρον
341 1944 447 1997 τοῦ
491 1946 782 2011 κανόνος,
828 1941 900 2001 οὗ
940 1944 1215 2013 ἐμέρισεν
1254 1943 1396 2011 ἡμῖν
1438 1948 1471 1998 ό
1521 1943 1665 2009 Θεὸς

106 2035 123 2107 [
144 2036 372 2104 μέτρου,
398 2036 711 2104 ἐφικέσθαι
754 2036 893 2105 ἄχρι
937 2038 1035 2091 καὶ
1086 2036 1315 2109 further].
1353 2038 1463 2089 Ka‘t
1503 2039 1560 2089 ὲν
1597 2040 1663 2109 τῇ

307 2128 364 2180 δὲ
416 2128 702 2198 Ἐπιστολῇ
744 2145 935 2198 φησιν·
969 2129 1043 2183 ΕΖ
1077 2128 1191 2201 τ[ις
1224 2128 1393 2183 δοκεῖ
1410 2128 1529 2183 ειδέ
1547 2113 1666 2201 ]ναι

101 2236 173 2283 τι,
196 2221 353 2272 οὔπω
380 2222 645 2287 ἔγνωκεν
668 2219 862 2286 καθὼς
892 2220 936 2251 ’⁸
970 2219 1066 2273 δεῖ
1089 2221 1334 2289 γνῶναι.
1375 2258 1389 2273 .
1430 2258 1445 2274 .
1472 2238 1502 2273 τ
1539 2257 1555 2273 .
1595 2261 1610 2274 .
1648 2259 1665 2277 .

102 2353 116 2367 .
153 2353 168 2365 .
203 2353 216 2367 .
250 2353 264 2365 .
297 2313 480 2384 αιρορὰ
508 2316 609 2384 τῆς
633 2315 939 2384 γεννήσεως
967 2314 1011 2346 ’⁷
1054 2313 1149 2366 καὶ
1174 2315 1273 2384 τῆς
1298 2313 1571 2382 ὲκπορεύσ
1599 2351 1615 2366 .
1648 2352 1664 2367 .

102 2446 115 2458 .
145 2443 160 2455 .
190 2444 205 2456 .
232 2448 245 2459 .
279 2447 293 2459 .
324 2446 340 2458 .
378 2405 455 2467 ὡς
478 2406 508 2457 6
549 2406 750 2476 τρόπος
792 2408 1086 2475 ἄγνωστος,
1133 2404 1275 2457 οὕτω
1310 2404 1367 2476 [4
1398 2403 1477 2475 α]
1520 2404 1667 2475 καὶὴ

96 2495 342 2565 διαφορά·
375 2496 491 2565 εἴγε
522 2497 587 2568 δὴ
617 2499 725 2568 ἄρα
763 2498 881 2564 ἐξὸν
911 2497 1043 2550 αὐτὸ
1066 2496 1223 2550 τοῦτο
1246 2495 1483 2558 ἀκούειν,
1508 2495 1540 2564 ἢ
1577 2495 1671 2547 λα-

98 2589 220 2641 λεῖν.
273 2590 346 2641 Τὸ
400 2590 509 2661 γὰρ
546 2591 725 2653 αἰτίας
773 2592 882 2642 τῶν
932 2590 1072 2662 ὑπὲρ
1128 2592 1311 2643 πᾶσαν
1354 2588 1532 2642 αἰτίαν
1578 2588 1672 2641 καὶ

98 2679 270 2748 νόησιν
295 2680 629 2747 ἀποδιδόναι,
656 2681 926 2752 τολμηρόν
945 2698 957 2709 ·
982 2680 1044 2733 τὸ
1066 2681 1122 2733 δὲ
1151 2678 1452 2750 θαυμάζειν
1477 2681 1535 2732 τὸ
1555 2680 1673 2732 Θεῖ-

99 2786 171 2829 av,
210 2770 297 2821 καὶ
324 2770 494 2838 φόϐον
528 2766 667 2824 εἶναι
699 2770 794 2839 τὴν
837 2770 963 2840 περὶ
1001 2767 1166 2822 αὑτοῦ
1198 2768 1406 2820 ἔννοιαν
1436 2765 1672 2838 φοϐερὰν

98 2862 359 2928 νομίζειν,
391 2859 657 2929 ἀσφαλές.
711 2859 891 2913 Θέλων
937 2854 1051 2923 οὗν,
1100 2858 1286 2929 φησιν,
1328 2857 1615 2926 ἐγέννησεν
1646 2858 1674 2909 6

96 2951 242 3012 Θεᾷ,
274 2952 308 3021 ἢ
362 2952 438 3020 μὴ
482 2951 689 3015 θέλωνς
730 2951 869 3003 Ἀλλ’
917 2952 1063 3021 ἡμᾶς
1099 2951 1221 3021 χρὴ-
1256 2952 1540 3020 προειπεῖν
1583 2948 1673 3000 τὸν

101 3044 289 3095 σκοπὸν
316 3042 520 3100 αὐτῶν.
548 3044 643 3097 καὶ
667 3042 841 3105 οὕτως
880 3040 1297 3112 ἀποκρίνασθαι.
1344 3041 1401 3093 '0
1426 3036 1518 3094 οὖν
1550 3056 1676 3092 σκο-

220 3136 366 3185 ὲστιν
386 3174 401 3197 ,
428 3134 519 3185 ἵνα
549 3133 685 3206 πρὸς
709 3133 1009 3203 ἀκεραίους
1039 3131 1147 3184 ἀπὸ
1180 3130 1445 3200 ἑκατέρας
1478 3130 1675 3196 λέξεως

1764 1956 1867 2011 qua
1890 1942 2113 2008 partitus
2160 1953 2235 1995 est
2273 1942 2420 1995 nobis
2471 1941 2634 2005 Deus,
2683 1959 2981 1995 mensuram
3020 1945 3348 2013 pertingendi

1767 2050 1930 2104 usque
1963 2035 2030 2086 ad
2063 2050 2170 2087 vos.
2210 2034 2264 2087 In
2299 2035 2472 2102 prima
2508 2049 2638 2088 vero
2695 2034 2933 2103 Epistula
2960 2035 3071 2088 ait:
3119 2035 3179 2089 Si
3232 2037 3349 2105 quia

1767 2125 1865 2180 sibi
1896 2126 2006 2193 (62)
2029 2127 2235 2180 videtur
2253 2128 2387 2181 scire
2416 2127 2640 2197 aliquid,
2666 2129 2892 2180 nondum
2908 2128 3139 2196 cognovit
3167 2144 3350 2197 quem-

1768 2217 2049 2270 admodum
2086 2230 2317 2286 oporteat
2351 2236 2466 2273 eum
2517 2221 2667 2273 scire.
2709 2218 2929 2273 Frustra
2990 2236 3115 2274 vero
3152 2222 3350 2290 quaeri-

1768 2318 1860 2365 tur
1883 2310 1994 2382 (65)
2045 2313 2339 2366 discrimen
2386 2315 2780 2383 generationis,
2841 2324 2893 2369 et
2953 2318 3345 2384 processionis,

1770 2401 1926 2470 cujus
1960 2410 2105 2456 stcut
2142 2404 2336 2457 modus
2365 2414 2451 2458 est
2482 2405 2722 2474 ignotus,
2784 2406 2865 2461 sic
2918 2414 2975 2459 et
3025 2407 3350 2473 diiiereutia,

1770 2492 1816 2545 si
1842 2498 2022 2546 tamen
2052 2493 2155 2547 boc
2176 2495 2351 2563 ipsum
2389 2495 2579 2549 audire
2614 2497 2758 2559 licet,
2796 2506 2890 2550 aut
2947 2497 3167 2563 dicere;
3229 2513 3352 2551 nam

1771 2597 1958 2637 eorum
1985 2599 2178 2638 causas
2204 2584 2453 2651 reddere,
2487 2602 2608 2653 qua:
2634 2602 2850 2642 onmem
2878 2602 3124 2651 causam,
3162 2599 3216 2642 et
3268 2589 3352 2641 iu-

1776 2674 2128 2744 telligentiam
2158 2686 2445 2744 superant,
2478 2680 2703 2732 audacis
2731 2688 2814 2733 est
2841 2696 2854 2732 :
2886 2679 3227 2732 divinitatem
3264 2695 3354 2729 vc-

1773 2780 1835 2819 ro
1865 2766 2151 2831 admirari,
2183 2779 2239 2821 et
2286 2768 2538 2822 timorem
2593 2770 2685 2823 Dei
2731 2769 2784 2823 in
2835 2784 2899 2824 eo
2945 2771 3184 2838 positum
3233 2784 3353 2823 esse

1773 2857 2109 2923 existimare,
2153 2867 2213 2912 ut
2244 2874 2369 2914 cum
2403 2861 2600 2913 timore
2628 2859 2697 2914 de
2724 2861 2841 2928 ipso
2876 2862 3201 2930 cogitemus,
3263 2871 3353 2913 tu-

1778 2959 1889 3002 tum
1917 2958 2020 3003 est.
2061 2948 2311 3018 Nunquid
2349 2964 2479 3018 ergo
2511 2949 2645 3018 (64),
2705 2950 2984 3020 inquiunt,
3014 2950 3205 3004 volens
3256 2965 3351 3020 ge-

1777 3042 1896 3095 nuit
1932 3041 2096 3105 Deus,
2128 3056 2199 3095 an
2232 3041 2465 3096 nolens?
2497 3042 2604 3096 Sed
2638 3057 2737 3097 nos
2795 3043 2964 3111 prius,
3025 3043 3242 3111 quinam
3283 3041 3355 3095 sit

1780 3132 1993 3187 illorum
2028 3148 2245 3203 scopus,
2267 3134 2449 3187 dicere
2476 3143 2706 3201 oportet,
2730 3144 2839 3188 tum
2873 3134 3219 3203 respondere.
3249 3133 3354 3187 Eo-

97 3223 186 3292 τὴν
226 3224 499 3278 ἀντίθεσιν
545 3224 828 3278 ποιῶνται.
870 3225 1034 3276 Ἧντε
1074 3223 1183 3294 γὰρ
1212 3222 1514 3293 δράζωνται
1552 3221 1669 3283 τοῦ,

1848 3240 1896 3277 ιιι
1924 3240 2050 3294 ergo
2082 3240 2277 3292 scopus
2308 3233 2410 3287 est,
2441 3232 2497 3278 ut
2527 3236 2716 3280 contra
2748 3226 3023 3294 simplices
3046 3225 3155 3294 (65)
3187 3223 3360 3280 bomia

96 3317 178 3381 Μὴ
205 3316 373 3368 θέλων
398 3317 690 3386 ἐγέννησεν
730 3316 746 3386 (
772 3315 944 3379 οὐδεὶς
972 3316 1027 3368 δὲ
1053 3316 1234 3376 αὐτοῖς
1258 3312 1415 3367 τοῦτο
1453 3314 1680 3385 ἀποκρίο

100 3425 241 3459 νεῖαι
262 3412 302 3475 ξ,
334 3408 589 3477 λέγουσιν
610 3426 623 3437 ν
656 3409 770 3461 Οὐκ
807 3404 919 3471 οὖν,
958 3407 986 3459 ὃ
1027 3406 1100 3476 μὴ
1129 3405 1270 3458 Θέλει
1296 3404 1323 3455 ὁ
1356 3404 1508 3468 Θεὸς,
1553 3405 1683 3456 ὑπο-

101 3500 241 3567 μένει
269 3501 542 3568 γεννήσας
580 3500 673 3551 τὸν
706 3498 857 3559 Υἰὺν,
893 3499 1107 3568 φύσεως
1142 3497 1385 3563 ἀνάγκης
1416 3499 1494 3559 εἰς
1520 3494 1679 3548 τοῦτο

100 3593 291 3643 ἄκοντα
314 3592 484 3643 αὐτὸν
512 3590 882 3662 περιαγούσης
902 3609 915 3622 ⁸
944 3592 1008 3661 ἦν
1037 3608 1097 3643 τε
1116 3590 1242 3661 δοθῇ
1270 3592 1455 3651 αὐτοῖς
1480 3589 1559 3653 τὸ,
1585 3589 1683 3641 Θέ-

101 3683 195 3733 law
222 3685 542 3753 ἐγέννησεν,
582 3682 878 3750 ἐπάγουσιν
901 3700 914 3713 ο
962 3684 1102 3753 Ἄρα
1130 3701 1194 3751 γε
1226 3686 1260 3755 ἡ
1300 3682 1553 3752 γέννησις
1583 3680 1678 3733 τοῦ

102 3773 215 3825 Tia-3
247 3774 482 3843 ἑῇπται
528 3775 627 3844 τῆς
660 3776 931 3847 πατρικῆς
977 3775 1277 3847 Θελήσεως,
1312 3774 1680 3846 δημιουγικῶς

103 3860 318 3933 ὕπαρξιν
368 3863 523 3933 αὐτῴ
562 3863 933 3934 παρεχούσης.
995 3864 1057 3917 Ἡ
1106 3865 1163 3918 δὲ
1209 3864 1499 3937 ἀπόκρισις
1541 3863 1679 3936 αὕτη

104 3958 423 4027 sbventa-.11
478 3958 761 4025 τυγχάνει.
804 3958 914 4027 Τῆς
967 3956 1237 4028 θελήσεως
1280 3958 1387 4030 γὰρ
1442 3959 1533 4010 καὶ
1583 3957 1681 4027 τῆς

105 4051 448 4119 stabile-sia;
508 4052 606 4103 καὶ
667 4050 847 4118 πάσης
902 4050 1110 4112 ἐννοίας
1159 4048 1478 4121 προτερεύει
1534 4049 1562 4101 ὃ
1621 4065 1682 4101 τε

105 4145 359 4213 γεννήτας
424 4142 562 4205 Θεὸς
636 4141 734 4194 καὶ
798 4142 1025 4213 Πατὴρ,
1090 4141 1153 4194 τό
1210 4158 1269 4193 τε
1341 4138 1683 4211 ἀπαύγασμα

167 4390 272 4457 (5T)
311 4387 655 4457 Deoﬂcutem.
689 4386 729 4440 ll
772 4386 839 4439 ad
873 4384 996 4440 Cor.
1025 4402 1087 4450 ιι,
1116 4384 1204 4447 14,
1233 4384 1320 4437 ubi
1354 4384 1540 4457 Gragca
1566 4384 1685 4457 edi-

1786 3328 1882 3367 nes
1907 3330 1971 3368 ex
2001 3314 2257 3367 utralibet
2298 3316 2652 3382 responsione
2703 3317 3061 3383 objectionem
3130 3316 3353 3370 ducant.

1782 3404 1915 3457 Nam
1947 3405 1992 3458 si
2033 3404 2363 3472 respondeas
2392 3404 2524 3475 (66):
2558 3406 2757 3461 Nolens
2786 3409 2971 3476 genuit
3011 3405 3031 3465 (
3060 3422 3217 3459 nemo
3255 3421 3359 3459 au-

1780 3505 1885 3550 tem
1919 3495 2049 3564 ipsis
2072 3497 2151 3550 sic
2204 3498 2550 3568 respondet);
2600 3500 2826 3552 dicunt:
2865 3500 3004 3568 Ergo
3048 3500 3195 3568 quod
3248 3513 3355 3551 nou

1780 3585 1892 3638 vult
1924 3585 2084 3651 Deus,
2123 3586 2329 3655 patitur
2368 3585 2563 3641 Filium
2626 3603 2919 3656 generans,
2968 3588 3208 3641 naturali
3264 3602 3356 3641 ne-

1784 3677 2035 3731 cessitate
2068 3678 2244 3744 ipsum
2274 3679 2503 3731 invitum
2537 3679 2602 3731 ad
2637 3678 2740 3733 hoc
2771 3688 3021 3747 cogente.
3068 3679 3164 3731 Sin
3223 3692 3358 3731 vero

1784 3771 1917 3839 ipsis
1947 3770 2286 3839 reposueris:
2316 3768 2519 3823 Volens
2551 3770 2758 3839 genuit;
2787 3768 3026 3825 inferunt
3054 3788 3067 3822 :
3102 3769 3241 3837 Ergo
3265 3767 3358 3823 Fi-

1779 3862 1836 3916 lii
1877 3863 2153 3931 generatio
2202 3878 2270 3915 ex
2314 3861 2490 3915 Patris
2539 3861 2817 3917 voluntate
2857 3861 3078 3930 pendet,
3107 3875 3227 3929 qua:
3262 3875 3355 3916 ex.

1778 3955 2081 4011 sistentiam
2145 3954 2244 4024 ipsi
2288 3970 2385 4025 per
2435 3956 2767 4009 creationem
2815 3956 2927 4008 dat.
2978 3953 3210 4007 Maxime
3260 3968 3360 4007 au-

1781 4057 1886 4101 tem
1944 4045 2189 4101 liberalis
2241 4057 2322 4100 est
2375 4047 2478 4100 ista
2551 4046 2887 4116 responsio:
2935 4061 3061 4100 nam
3116 4045 3361 4100 volunta-

1783 4151 1913 4208 tem,
1960 4149 2016 4196 et
2045 4141 2408 4207 uoluntatem,
2464 4151 2520 4197 et
2565 4158 2780 4196 onmem
2834 4142 3216 4212 cogitationem
3266 4156 3362 4195 au-

1860 4384 1970 4457 (65)
2017 4383 2244 4457 Frustra
2298 4403 2421 4440 vero
2467 4390 2746 4456 qmrritur.
2801 4385 2928 4439 Tria
2962 4388 3074 4440 bare
3100 4386 3359 4442 vocabula

114 4460 195 4519 tio,
218 4454 387 4543 quam
408 4456 824 4537 _Vulgatus_int.
882 4458 1127 4525 sequitur
1179 4456 1339 4509 habet
1366 4471 1380 4507 :
1416 4453 1517 4524 τῆς
1546 4453 1686 4522 γνώ-
1716 4490 1762 4547 D
1788 4453 1967 4547 addidi
1995 4472 2058 4547 ex
2091 4456 2421 4547 conjectura,
2465 4453 2534 4510 ne
2570 4458 2748 4512 hiulca
2779 4468 2925 4513 esset
2956 4458 3257 4523 translatio,
3305 4467 3363 4511 ut

114 4544 225 4590 πως
262 4527 439 4581 αὑτοῦ
478 4527 824 4598 φανεροῦντι.

171 4600 275 4663 (58)
340 4600 451 4650 Aut
497 4594 666 4654 anne.
722 4597 964 4665 Respicit
992 4610 1199 4659 vocem,
1238 4596 1404 4665 ὀσμή,
1453 4610 1483 4648 a
1519 4594 1684 4649 Paulo

113 4671 441 4721 adhibitam:
488 4666 631 4736 αὖρα
672 4668 817 4720 enim
871 4668 957 4720 hic
1011 4668 1150 4719 idem
1215 4667 1481 4736 signiﬁcat
1525 4675 1685 4731 atque

115 4740 259 4807 ὀσμή,
320 4740 378 4791 id
404 4747 516 4800 est,
550 4734 795 4801 adorem,
832 4752 1044 4802 auram,
1075 4737 1188 4790 sive
1209 4734 1480 4789 elIluvium
1511 4736 1687 4788 odori-

114 4812 262 4861 ierum
274 4849 289 4861 .
1356 4828 1360 4831 '

172 4879 274 4948 (59)
349 4876 604 4929 Videmus
654 4888 848 4948 autem,
883 4874 955 4928 Es
993 4874 1007 4926 I
1040 4875 1109 4948 ad
1144 4873 1269 4948 Cor.
1319 4889 1438 4948 x_tit_,
1475 4873 1561 4948 i2,
1596 4874 1682 4927 ubi

115 4945 278 5000 Graeca
312 4948 487 5000 editio
517 4948 677 5016 habet
704 4965 718 4999 :
742 4947 1018 5015 Βλέπομεν
1052 4945 1162 5016 γὰρ
1180 4946 1303 5016 ἄρτι
1330 4945 1394 4996 δι’
1417 4945 1682 5016 ἐσόπτρου

118 5020 161 5069 ἐν
180 5020 489 5087 αἰνίγματι.
509 5015 766 5087 Didymus
785 5031 909 5069 vero
933 5015 1302 5087 explicationis
1322 5030 1485 5067 causa
1512 5015 1680 5087 addit:

116 5089 171 5139 τὰ
202 5084 561 5159 αὑτοῦ,
612 5084 669 5141 id
713 5096 816 5152 est,
851 5103 965 5156 qua:
992 5089 1055 5139 de
1107 5086 1220 5155 ipso
1264 5087 1473 5154 cognita
1524 5084 1683 5138 habe-

120 5174 227 5211 ωδε,

177 5231 275 5300 (60)
306 5226 501 5281 Gloria
523 5228 760 5300 Domini.
804 5226 1055 5300 Proverb.
1090 5242 1217 5291 xxv,
1247 5226 1303 5289 2,
1332 5226 1419 5280 ubi
1456 5240 1549 5294 pro
1576 5224 1685 5278 Κυ-

126 5300 233 5366 ρίου.
256 5296 492 5367 legitur,
522 5296 684 5359 Θεοῦ,
712 5301 759 5349 id
793 5310 877 5351 est
906 5299 1021 5353 Dei.

180 5374 277 5435 ιω)
328 5366 599 5424 Scriberis.
662 5369 702 5421 Il
733 5368 857 5422 Cor.
896 5385 947 5431 ιι,
1008 5369 1094 5421 15.
1125 5368 1254 5434 Quae
1297 5368 1447 5421 uncis
1470 5366 1681 5422 inclusa

128 5453 225 5494 sunt
258 5460 317 5495 ιιι
376 5440 595 5507 Gneco,
631 5439 869 5508 supplevi
902 5455 967 5493 ex
999 5438 1186 5494 Graeca
1218 5437 1513 5492 Bibliorutn
1562 5438 1681 5491 edi-

128 5518 262 5565 tione.

186 5584 281 5647 (δὲ)
346 5580 406 5635 Si
454 5582 573 5649 quis
624 5579 756 5649 sibi.
800 5578 819 5631 Ι
870 5578 936 5649 ad
997 5582 1250 5641 Corinth,
1304 5593 1422 5640 VIII,
1477 5578 1547 5649 2,7
1590 5578 1681 5633 ubi

127 5646 285 5705 (ἔπειτα
324 5646 490 5704 οιιὶιώ
522 5666 644 5720 pro,
701 5647 855 5702 οὔπω
911 5648 1164 5716 ἔγνωκεν,
1216 5649 1375 5720 habet
1424 5648 1682 5702 εοὺδὲπω

128 5722 255 5775 οὐδὲν
284 5719 648 5791 ἕγνωκεζδειά
676 5720 1077 5785 νοεοιιι,οὑδέν,
1105 5735 1208 5791 non
1226 5719 1380 5773 modo
1400 5720 1677 5789 Didymus,

134 5803 291 5848 terum
317 5800 484 5850 etiam
516 5790 783 5864 Vulgatus
810 5791 1077 5860 interpres
1097 5790 1307 5845 videtur
1334 5805 1439 5846 non
1465 5791 1679 5860 legisse.

1788 4528 1977 4586 codex,
2003 4528 2101 4578 hoc
2134 4526 2184 4577 in
2211 4526 2348 4579 loco.

1860 4594 1971 4661 (64)
2011 4594 2263 4664 Nunquid
2287 4612 2429 4664 ergo.
2456 4597 2645 4650 Aﬂinia
2682 4595 2976 4651 Catiiolicis
3014 4594 3197 4659 objicit
3248 4597 3356 4649 Eu-

1786 4668 1998 4717 nomius
2034 4665 2084 4717 in
2122 4665 2424 4734 fragmento
2459 4668 2865 4734 Disputatiouis,
2899 4668 3042 4732 quad
3075 4677 3250 4720 exstat
3287 4679 3362 4719 to-

1788 4748 1874 4802 Iuo
1909 4736 2083 4801 primo
2110 4735 2319 4802 Antiqq.
2356 4735 2520 4790 Lectt.
2558 4737 2758 4790 Canisii
2791 4752 2805 4788 :
2839 4736 2907 4788 ibi
2938 4737 3079 4788 enim
3114 4736 3308 4802 legitur
3337 4748 3358 4788 :

1785 4801 2061 4865 (ienuitne,
2126 4801 2546 4869 annou?Aiuut,
2599 4804 2803 4859 Genuit.
2858 4804 2944 4856 Ex
2976 4805 3357 4869 substantiuue,

1784 4888 1854 4924 an
1878 4889 1941 4925 ea:
1974 4874 2403 4928 voluntate?etc.
2440 4874 2635 4928 Verum
2668 4878 2767 4927 hoc
2799 4875 3142 4939 Arianorum,
3182 4875 3361 4928 Euno-

1788 4942 2200 5014 inianorutuque
2224 4955 2601 5011 argumentqu
2641 4945 2820 5010 solvit,
2853 4954 2909 4996 ut
2944 4944 3262 5014 Nyssenum,
3294 4961 3357 4999 ac

1785 5009 2205 5082 Nazianzemim,
2269 5009 2509 5082 aliosque
2576 5009 2814 5067 vetustos
2873 5009 3062 5066 Patres
3132 5026 3356 5078 taceant,

1786 5080 2209 5152 (Augustinus
2254 5080 2464 5152 quoque
2514 5085 2568 5137 in
2644 5085 2780 5137 libro
2831 5094 3013 5137 contra
3073 5100 3359 5138 sermonem

1782 5151 2126 5212 Arianorum,
2153 5151 2299 5205 nunt.
2335 5153 2390 5207 2.

1855 5219 1965 5296 (65)
1990 5219 2281 5296 Simplices.
2310 5223 2489 5296 podex
2522 5223 2701 5285 habet,
2726 5222 3003 5296 ἀκερέους.
3038 5223 3208 5296 Lego,
3233 5224 3361 5277 ἁκε-

1788 5290 1993 5359 ραὶους.
2028 5291 2246 5345 Veteres
2272 5295 2414 5345 enim
2442 5295 2686 5347 librarios
2717 5297 2785 5349 ob
2812 5290 2927 5347 soni
2956 5295 3358 5346 similitudinmu

1783 5376 1925 5428 swpe
1956 5379 2013 5413 αι
2048 5362 2098 5414 in
2131 5379 2157 5412 ε
2186 5372 2440 5429 mutasse,
2470 5376 2523 5418 et
2551 5367 2664 5417 vice
2686 5380 2859 5428 versu,
2894 5365 3160 5417 neminem
3204 5362 3359 5426 latet,

1783 5433 1876 5498 qui
1910 5430 2129 5500 Griecos
2157 5432 2367 5486 calamo
2394 5445 2645 5488 exaratos
2673 5437 2885 5488 codices
2920 5434 3227 5500 inspexerit.

1855 5501 1975 5574 (66)Δ
2024 5499 2084 5555 Si
2117 5506 2447 5574 respondeas.
2476 5505 2578 5558 Pro
2601 5504 2926 5574 δρᾲζωνται,
2978 5499 3092 5572 lege
3121 5502 3360 5574 δρὰξωνο

1780 5585 1891 5625 ται.
1936 5571 2002 5624 Et
2039 5572 2197 5640 paulo
2231 5584 2349 5636 post
2379 5590 2473 5643 pro
2516 5575 2615 5627 οὐκ
2638 5571 2757 5639 οὖν,
2802 5578 2934 5643 lege,
2969 5576 3012 5626 si
3039 5571 3212 5641 inagis
3241 5573 3361 5640 pla-

1781 5651 1888 5706 cet,
1917 5642 2244 5712 coniunctim
2284 5642 2498 5700 οὐκοῦν.
2531 5647 2640 5715 ligo
2671 5642 2874 5699 codicis
2892 5644 3213 5712 scripturam
3242 5654 3361 5695 mu-

1785 5717 1999 5767 tandam
2021 5730 2124 5767 non
2150 5717 2353 5782 putavi.
