  <div class='ocr_page' id='page_1' title='image "/cluster/home/n/w/nwhite01/storage/ocr_20150623/39/hvd.32044019207778/151.png"; bbox 0 0 3708 6308; ppageno 0'>
   <div class='ocr_carea' id='block_1_1' title="bbox 342 330 450 390">
    <p class='ocr_par' dir='ltr' id='par_1_1' title="bbox 342 330 450 390">
     <span class='ocr_line' id='line_1_1' title="bbox 342 330 450 390; baseline -0.046 0"><span class='ocrx_word' id='word_1_1' title='bbox 342 330 450 390; x_wconf 74' lang='lat'><strong>9.87</strong></span> 
     </span>
    </p>
   </div>
   <div class='ocr_carea' id='block_1_2' title="bbox 1573 297 3561 375">
    <p class='ocr_par' dir='ltr' id='par_1_2' title="bbox 1573 297 3561 375">
     <span class='ocr_line' id='line_1_2' title="bbox 1573 297 3561 375; baseline -0.015 1"><span class='ocrx_word' id='word_1_2' title='bbox 1573 319 1812 375; x_wconf 80' lang='lat' dir='ltr'><strong>DlDYMl</strong></span> <span class='ocrx_word' id='word_1_3' title='bbox 1850 310 2320 374; x_wconf 70' lang='lat' dir='ltr'><strong>ALEXANDRINI</strong></span> <span class='ocrx_word' id='word_1_4' title='bbox 3521 297 3561 347; x_wconf 63' lang='grc' dir='ltr'><strong>ιε</strong></span> 
     </span>
    </p>
   </div>
   <div class='ocr_carea' id='block_1_3' title="bbox 345 409 1935 514">
    <p class='ocr_par' dir='ltr' id='par_1_3' title="bbox 345 439 1925 514">
     <span class='ocr_line' id='line_1_3' title="bbox 345 439 1925 514; baseline -0.011 -8"><span class='ocrx_word' id='word_1_5' title='bbox 345 460 442 506; x_wconf 76' lang='lat' dir='ltr'><strong>tua</strong></span> <span class='ocrx_word' id='word_1_6' title='bbox 488 453 681 514; x_wconf 78' lang='lat' dir='ltr'><strong>priesta</strong></span> <span class='ocrx_word' id='word_1_7' title='bbox 720 445 896 499; x_wconf 77' lang='lat' dir='ltr'><strong>decori</strong></span> <span class='ocrx_word' id='word_1_8' title='bbox 937 459 1048 497; x_wconf 83' lang='lat' dir='ltr'><strong>meo</strong></span> <span class='ocrx_word' id='word_1_9' title='bbox 1096 442 1360 496; x_wconf 74' lang='lat' dir='ltr'><strong>virtutem.</strong></span> <span class='ocrx_word' id='word_1_10' title='bbox 1405 440 1468 494; x_wconf 86' lang='lat' dir='ltr'><strong>Et</strong></span> <span class='ocrx_word' id='word_1_11' title='bbox 1513 440 1563 493; x_wconf 91' lang='lat' dir='ltr'><strong>in</strong></span> <span class='ocrx_word' id='word_1_12' title='bbox 1603 454 1711 493; x_wconf 82' lang='lat' dir='ltr'><strong>xvn</strong></span> <span class='ocrx_word' id='word_1_13' title='bbox 1750 456 1765 493; x_wconf 90' lang='lat'>:</span> <span class='ocrx_word' id='word_1_14' title='bbox 1803 439 1925 492; x_wconf 87' lang='lat' dir='ltr'><strong>Sat-</strong></span> 
     </span>
    </p>
   </div>
   <div class='ocr_carea' id='block_1_4' title="bbox 2058 409 3562 514">
    <p class='ocr_par' dir='ltr' id='par_1_4' title="bbox 2063 409 3562 514">
     <span class='ocr_line' id='line_1_4' title="bbox 2063 409 3562 514; baseline -0.016 -31"><span class='ocrx_word' id='word_1_15' title='bbox 2063 450 2193 502; x_wconf 85' lang='grc' dir='ltr'>χων.</span> <span class='ocrx_word' id='word_1_16' title='bbox 2237 428 2361 480; x_wconf 74' lang='grc' dir='ltr'>οὔτε</span> <span class='ocrx_word' id='word_1_17' title='bbox 2433 424 2539 496; x_wconf 83' lang='grc' dir='ltr'>μὴν</span> <span class='ocrx_word' id='word_1_18' title='bbox 2596 420 2935 491; x_wconf 79' lang='grc' dir='ltr'>ἀνεθελὴτως</span> <span class='ocrx_word' id='word_1_19' title='bbox 2990 416 3100 469; x_wconf 77' lang='grc' dir='ltr'>ὢν·</span> <span class='ocrx_word' id='word_1_20' title='bbox 3142 413 3314 514; x_wconf 48' lang='grc' dir='ltr'>οὖτυξ</span> <span class='ocrx_word' id='word_1_21' title='bbox 3356 409 3500 514; x_wconf 48' lang='lat' dir='ltr'><strong>obde</strong></span> <span class='ocrx_word' id='word_1_22' title='bbox 3534 426 3562 459; x_wconf 86' lang='grc' dir='ltr'><strong>τ</strong></span> 
     </span>
    </p>
   </div>
   <div class='ocr_carea' id='block_1_5' title="bbox 344 530 1921 612">
    <p class='ocr_par' dir='ltr' id='par_1_5' title="bbox 344 530 1921 612">
     <span class='ocr_line' id='line_1_5' title="bbox 344 530 1921 612; baseline -0.01 -14"><span class='ocrx_word' id='word_1_23' title='bbox 344 559 467 599; x_wconf 79' lang='lat' dir='ltr'><strong>cum</strong></span> <span class='ocrx_word' id='word_1_24' title='bbox 487 542 599 612; x_wconf 63' lang='lat'><strong>(84)</strong></span> <span class='ocrx_word' id='word_1_25' title='bbox 627 556 707 592; x_wconf 88' lang='lat' dir='ltr'><strong>me</strong></span> <span class='ocrx_word' id='word_1_26' title='bbox 740 537 919 607; x_wconf 78' lang='lat' dir='ltr'><strong>faciet,</strong></span> <span class='ocrx_word' id='word_1_27' title='bbox 959 534 1209 604; x_wconf 87' lang='lat' dir='ltr'><strong>quoniam</strong></span> <span class='ocrx_word' id='word_1_28' title='bbox 1238 532 1397 587; x_wconf 84' lang='lat' dir='ltr'><strong>voluit</strong></span> <span class='ocrx_word' id='word_1_29' title='bbox 1432 548 1532 587; x_wconf 84' lang='lat' dir='ltr'><strong>me.</strong></span> <span class='ocrx_word' id='word_1_30' title='bbox 1565 530 1697 584; x_wconf 86' lang='lat' dir='ltr'><strong>Nam</strong></span> <span class='ocrx_word' id='word_1_31' title='bbox 1730 546 1921 600; x_wconf 89' lang='lat' dir='ltr'><strong>quem-</strong></span> 
     </span>
    </p>
   </div>
   <div class='ocr_carea' id='block_1_6' title="bbox 348 624 1919 697">
    <p class='ocr_par' dir='ltr' id='par_1_6' title="bbox 348 624 1919 697">
     <span class='ocr_line' id='line_1_6' title="bbox 348 624 1919 697; baseline -0.008 -8"><span class='ocrx_word' id='word_1_32' title='bbox 348 634 658 697; x_wconf 79' lang='lat' dir='ltr'><strong>admodum,</strong></span> <span class='ocrx_word' id='word_1_33' title='bbox 687 646 807 684; x_wconf 87' lang='lat' dir='ltr'><strong>cum</strong></span> <span class='ocrx_word' id='word_1_34' title='bbox 864 628 936 683; x_wconf 90' lang='lat' dir='ltr'><strong>sit</strong></span> <span class='ocrx_word' id='word_1_35' title='bbox 979 637 1033 683; x_wconf 89' lang='lat' dir='ltr'><strong>et</strong></span> <span class='ocrx_word' id='word_1_36' title='bbox 1063 626 1382 681; x_wconf 76' lang='lat' dir='ltr'><strong>immortalis</strong></span> <span class='ocrx_word' id='word_1_37' title='bbox 1430 624 1594 679; x_wconf 88' lang='lat' dir='ltr'><strong>Pater</strong></span> <span class='ocrx_word' id='word_1_38' title='bbox 1639 634 1689 679; x_wconf 92' lang='lat' dir='ltr'><strong>et</strong></span> <span class='ocrx_word' id='word_1_39' title='bbox 1729 625 1919 690; x_wconf 83' lang='lat' dir='ltr'><strong>bonus,</strong></span> 
     </span>
    </p>
   </div>
   <div class='ocr_carea' id='block_1_7' title="bbox 350 718 1923 787">
    <p class='ocr_par' dir='ltr' id='par_1_7' title="bbox 350 718 1923 787">
     <span class='ocr_line' id='line_1_7' title="bbox 350 718 1923 787; baseline -0.007 -9"><span class='ocrx_word' id='word_1_40' title='bbox 350 727 463 781; x_wconf 86' lang='lat' dir='ltr'><strong>volt</strong></span> <span class='ocrx_word' id='word_1_41' title='bbox 505 726 618 779; x_wconf 74' lang='lat' dir='ltr'><strong>lucc</strong></span> <span class='ocrx_word' id='word_1_42' title='bbox 659 737 806 787; x_wconf 86' lang='lat' dir='ltr'><strong>esse,</strong></span> <span class='ocrx_word' id='word_1_43' title='bbox 840 730 893 775; x_wconf 93' lang='lat' dir='ltr'><strong>et</strong></span> <span class='ocrx_word' id='word_1_44' title='bbox 918 721 1031 775; x_wconf 65' lang='lat' dir='ltr'><strong>haec</strong></span> <span class='ocrx_word' id='word_1_45' title='bbox 1061 730 1143 773; x_wconf 90' lang='lat' dir='ltr'><strong>est</strong></span> <span class='ocrx_word' id='word_1_46' title='bbox 1171 718 1375 781; x_wconf 89' lang='lat' dir='ltr'><strong>volens,</strong></span> <span class='ocrx_word' id='word_1_47' title='bbox 1406 718 1536 785; x_wconf 88' lang='lat' dir='ltr'><strong>quin</strong></span> <span class='ocrx_word' id='word_1_48' title='bbox 1570 718 1760 771; x_wconf 88' lang='lat' dir='ltr'><strong>horum</strong></span> <span class='ocrx_word' id='word_1_49' title='bbox 1791 732 1923 770; x_wconf 29' lang='lat' dir='ltr'><strong>caut-</strong></span> 
     </span>
    </p>
   </div>
   <div class='ocr_carea' id='block_1_8' title="bbox 350 806 1923 880">
    <p class='ocr_par' dir='ltr' id='par_1_8' title="bbox 350 806 1923 880">
     <span class='ocr_line' id='line_1_8' title="bbox 350 806 1923 880; baseline -0.006 -10"><span class='ocrx_word' id='word_1_50' title='bbox 350 832 488 879; x_wconf 87' lang='lat' dir='ltr'><strong>sam,</strong></span> <span class='ocrx_word' id='word_1_51' title='bbox 527 823 587 869; x_wconf 91' lang='lat' dir='ltr'><strong>ut</strong></span> <span class='ocrx_word' id='word_1_52' title='bbox 629 812 708 868; x_wconf 90' lang='lat' dir='ltr'><strong>sic</strong></span> <span class='ocrx_word' id='word_1_53' title='bbox 744 813 955 880; x_wconf 85' lang='lat' dir='ltr'><strong>loquar,</strong></span> <span class='ocrx_word' id='word_1_54' title='bbox 987 810 1315 864; x_wconf 76' lang='lat' dir='ltr'><strong>voluntatem</strong></span> <span class='ocrx_word' id='word_1_55' title='bbox 1357 808 1575 872; x_wconf 87' lang='lat' dir='ltr'><strong>habeat,</strong></span> <span class='ocrx_word' id='word_1_56' title='bbox 1626 815 1718 861; x_wconf 91' lang='lat' dir='ltr'><strong>aut</strong></span> <span class='ocrx_word' id='word_1_57' title='bbox 1768 806 1923 861; x_wconf 85' lang='lat' dir='ltr'><strong>invo-</strong></span> 
     </span>
    </p>
   </div>
   <div class='ocr_carea' id='block_1_9' title="bbox 351 900 1924 972">
    <p class='ocr_par' dir='ltr' id='par_1_9' title="bbox 351 900 1924 972">
     <span class='ocr_line' id='line_1_9' title="bbox 351 900 1924 972; baseline -0.006 -12"><span class='ocrx_word' id='word_1_58' title='bbox 351 907 583 961; x_wconf 86' lang='lat' dir='ltr'><strong>luntarie</strong></span> <span class='ocrx_word' id='word_1_59' title='bbox 623 906 691 960; x_wconf 89' lang='lat' dir='ltr'><strong>sit</strong></span> <span class='ocrx_word' id='word_1_60' title='bbox 726 905 883 966; x_wconf 89' lang='lat' dir='ltr'><strong>talis;</strong></span> <span class='ocrx_word' id='word_1_61' title='bbox 921 904 999 958; x_wconf 90' lang='lat' dir='ltr'><strong>sic</strong></span> <span class='ocrx_word' id='word_1_62' title='bbox 1030 917 1205 972; x_wconf 88' lang='lat' dir='ltr'><strong>neque</strong></span> <span class='ocrx_word' id='word_1_63' title='bbox 1234 900 1600 970; x_wconf 71' lang='lat' dir='ltr'><strong>generationis</strong></span> <span class='ocrx_word' id='word_1_64' title='bbox 1641 914 1799 953; x_wconf 90' lang='lat' dir='ltr'><strong>causa</strong></span> <span class='ocrx_word' id='word_1_65' title='bbox 1842 909 1924 953; x_wconf 88' lang='lat' dir='ltr'><strong>est</strong></span> 
     </span>
    </p>
   </div>
   <div class='ocr_carea' id='block_1_10' title="bbox 352 992 1923 1061">
    <p class='ocr_par' dir='ltr' id='par_1_10' title="bbox 352 992 1923 1061">
     <span class='ocr_line' id='line_1_10' title="bbox 352 992 1923 1061; baseline -0.004 -11"><span class='ocrx_word' id='word_1_66' title='bbox 352 1000 619 1054; x_wconf 88' lang='lat' dir='ltr'><strong>voluntas.</strong></span> <span class='ocrx_word' id='word_1_67' title='bbox 658 996 909 1051; x_wconf 80' lang='lat' dir='ltr'><strong>Nostrum</strong></span> <span class='ocrx_word' id='word_1_68' title='bbox 949 1004 1129 1048; x_wconf 91' lang='lat' dir='ltr'><strong>autem</strong></span> <span class='ocrx_word' id='word_1_69' title='bbox 1165 1004 1266 1057; x_wconf 88' lang='lat' dir='ltr'><strong>est,</strong></span> <span class='ocrx_word' id='word_1_70' title='bbox 1312 992 1555 1061; x_wconf 68' lang='lat' dir='ltr'><strong>qua‘dam</strong></span> <span class='ocrx_word' id='word_1_71' title='bbox 1596 992 1811 1061; x_wconf 85' lang='lat' dir='ltr'><strong>quidem</strong></span> <span class='ocrx_word' id='word_1_72' title='bbox 1860 1007 1923 1044; x_wconf 77' lang='lat' dir='ltr'><strong>ex</strong></span> 
     </span>
    </p>
   </div>
   <div class='ocr_carea' id='block_1_11' title="bbox 354 1085 1926 1158">
    <p class='ocr_par' dir='ltr' id='par_1_11' title="bbox 354 1085 1926 1158">
     <span class='ocr_line' id='line_1_11' title="bbox 354 1085 1926 1158; baseline -0.004 -13"><span class='ocrx_word' id='word_1_73' title='bbox 354 1091 447 1145; x_wconf 88' lang='lat' dir='ltr'><strong>Dei</strong></span> <span class='ocrx_word' id='word_1_74' title='bbox 484 1090 817 1158; x_wconf 76' lang='lat' dir='ltr'><strong>operatione,</strong></span> <span class='ocrx_word' id='word_1_75' title='bbox 855 1087 1097 1155; x_wconf 62' lang='lat' dir='ltr'><strong>quaedam</strong></span> <span class='ocrx_word' id='word_1_76' title='bbox 1134 1101 1263 1138; x_wconf 91' lang='lat' dir='ltr'><strong>vero</strong></span> <span class='ocrx_word' id='word_1_77' title='bbox 1312 1100 1380 1139; x_wconf 76' lang='lat' dir='ltr'><strong>ex</strong></span> <span class='ocrx_word' id='word_1_78' title='bbox 1423 1094 1606 1139; x_wconf 87' lang='lat' dir='ltr'><strong>nostra</strong></span> <span class='ocrx_word' id='word_1_79' title='bbox 1652 1085 1926 1138; x_wconf 90' lang='lat' dir='ltr'><strong>voluntate</strong></span> 
     </span>
    </p>
   </div>
   <div class='ocr_carea' id='block_1_12' title="bbox 351 1178 1925 1242">
    <p class='ocr_par' dir='ltr' id='par_1_12' title="bbox 351 1178 1925 1242">
     <span class='ocr_line' id='line_1_12' title="bbox 351 1178 1925 1242; baseline -0.003 -5"><span class='ocrx_word' id='word_1_80' title='bbox 351 1183 554 1237; x_wconf 86' lang='lat' dir='ltr'><strong>habere</strong></span> <span class='ocrx_word' id='word_1_81' title='bbox 583 1196 598 1233; x_wconf 89' lang='lat'><strong>:</strong></span> <span class='ocrx_word' id='word_1_82' title='bbox 636 1195 733 1234; x_wconf 92' lang='lat' dir='ltr'><strong>nec</strong></span> <span class='ocrx_word' id='word_1_83' title='bbox 758 1179 901 1232; x_wconf 89' lang='lat' dir='ltr'><strong>enim</strong></span> <span class='ocrx_word' id='word_1_84' title='bbox 936 1187 1116 1232; x_wconf 90' lang='lat' dir='ltr'><strong>nostra</strong></span> <span class='ocrx_word' id='word_1_85' title='bbox 1148 1179 1443 1241; x_wconf 84' lang='lat' dir='ltr'><strong>voluntate,</strong></span> <span class='ocrx_word' id='word_1_86' title='bbox 1488 1178 1581 1230; x_wconf 90' lang='lat' dir='ltr'><strong>sed</strong></span> <span class='ocrx_word' id='word_1_87' title='bbox 1616 1178 1729 1242; x_wconf 90' lang='lat' dir='ltr'><strong>Dei,</strong></span> <span class='ocrx_word' id='word_1_88' title='bbox 1764 1178 1925 1232; x_wconf 88' lang='lat' dir='ltr'><strong>habe-</strong></span> 
     </span>
    </p>
   </div>
   <div class='ocr_carea' id='block_1_13' title="bbox 353 1266 1928 1335">
    <p class='ocr_par' dir='ltr' id='par_1_13' title="bbox 353 1266 1928 1335">
     <span class='ocr_line' id='line_1_13' title="bbox 353 1266 1928 1335; baseline -0.003 -11"><span class='ocrx_word' id='word_1_89' title='bbox 353 1286 472 1325; x_wconf 88' lang='lat' dir='ltr'><strong>mus</strong></span> <span class='ocrx_word' id='word_1_90' title='bbox 500 1280 558 1324; x_wconf 92' lang='lat' dir='ltr'><strong>ut</strong></span> <span class='ocrx_word' id='word_1_91' title='bbox 589 1278 900 1324; x_wconf 88' lang='lat' dir='ltr'><strong>constemus</strong></span> <span class='ocrx_word' id='word_1_92' title='bbox 931 1282 998 1321; x_wconf 82' lang='lat' dir='ltr'><strong>ex</strong></span> <span class='ocrx_word' id='word_1_93' title='bbox 1041 1266 1244 1331; x_wconf 86' lang='lat' dir='ltr'><strong>anima,</strong></span> <span class='ocrx_word' id='word_1_94' title='bbox 1280 1277 1335 1320; x_wconf 90' lang='lat' dir='ltr'><strong>et</strong></span> <span class='ocrx_word' id='word_1_95' title='bbox 1366 1280 1611 1335; x_wconf 89' lang='lat' dir='ltr'><strong>corpore,</strong></span> <span class='ocrx_word' id='word_1_96' title='bbox 1655 1279 1711 1320; x_wconf 87' lang='lat' dir='ltr'><strong>et</strong></span> <span class='ocrx_word' id='word_1_97' title='bbox 1758 1276 1818 1321; x_wconf 90' lang='lat' dir='ltr'><strong>ut</strong></span> <span class='ocrx_word' id='word_1_98' title='bbox 1842 1283 1928 1320; x_wconf 87' lang='lat' dir='ltr'><strong>ra-</strong></span> 
     </span>
    </p>
   </div>
   <div class='ocr_carea' id='block_1_14' title="bbox 355 1357 1926 1429">
    <p class='ocr_par' dir='ltr' id='par_1_14' title="bbox 355 1357 1926 1429">
     <span class='ocr_line' id='line_1_14' title="bbox 355 1357 1926 1429; baseline -0.003 -15"><span class='ocrx_word' id='word_1_99' title='bbox 355 1361 579 1416; x_wconf 84' lang='lat' dir='ltr'><strong>tionales</strong></span> <span class='ocrx_word' id='word_1_100' title='bbox 612 1362 781 1415; x_wconf 90' lang='lat' dir='ltr'><strong>simus</strong></span> <span class='ocrx_word' id='word_1_101' title='bbox 828 1377 842 1413; x_wconf 89' lang='lat'><strong>:</strong></span> <span class='ocrx_word' id='word_1_102' title='bbox 884 1360 976 1429; x_wconf 84' lang='lat' dir='ltr'><strong>qui</strong></span> <span class='ocrx_word' id='word_1_103' title='bbox 1008 1360 1154 1413; x_wconf 89' lang='lat' dir='ltr'><strong>enim</strong></span> <span class='ocrx_word' id='word_1_104' title='bbox 1202 1357 1431 1414; x_wconf 90' lang='lat' dir='ltr'><strong>necdum</strong></span> <span class='ocrx_word' id='word_1_105' title='bbox 1476 1358 1583 1412; x_wconf 91' lang='lat' dir='ltr'><strong>ullo</strong></span> <span class='ocrx_word' id='word_1_106' title='bbox 1627 1358 1785 1413; x_wconf 91' lang='lat' dir='ltr'><strong>modo</strong></span> <span class='ocrx_word' id='word_1_107' title='bbox 1835 1372 1926 1411; x_wconf 82' lang='lat' dir='ltr'><strong>ex-</strong></span> 
     </span>
    </p>
   </div>
   <div class='ocr_carea' id='block_1_15' title="bbox 350 1452 1928 1520">
    <p class='ocr_par' dir='ltr' id='par_1_15' title="bbox 350 1452 1928 1520">
     <span class='ocr_line' id='line_1_15' title="bbox 350 1452 1928 1520; baseline -0.001 -14"><span class='ocrx_word' id='word_1_108' title='bbox 350 1452 696 1517; x_wconf 87' lang='lat' dir='ltr'><strong>sistebamus,</strong></span> <span class='ocrx_word' id='word_1_109' title='bbox 739 1452 1012 1520; x_wconf 89' lang='lat' dir='ltr'><strong>quomodo</strong></span> <span class='ocrx_word' id='word_1_110' title='bbox 1064 1460 1375 1520; x_wconf 88' lang='lat' dir='ltr'><strong>poteramus</strong></span> <span class='ocrx_word' id='word_1_111' title='bbox 1425 1452 1559 1505; x_wconf 87' lang='lat' dir='ltr'><strong>velle</strong></span> <span class='ocrx_word' id='word_1_112' title='bbox 1611 1462 1703 1505; x_wconf 88' lang='lat' dir='ltr'><strong>aut</strong></span> <span class='ocrx_word' id='word_1_113' title='bbox 1750 1452 1928 1505; x_wconf 85' lang='lat' dir='ltr'><strong>nolle?</strong></span> 
     </span>
    </p>
   </div>
   <div class='ocr_carea' id='block_1_16' title="bbox 352 1542 1927 1613">
    <p class='ocr_par' dir='ltr' id='par_1_16' title="bbox 352 1542 1927 1613">
     <span class='ocr_line' id='line_1_16' title="bbox 352 1542 1927 1613; baseline 0.001 -18"><span class='ocrx_word' id='word_1_114' title='bbox 352 1543 579 1613; x_wconf 79' lang='lat' dir='ltr'><strong>Propria</strong></span> <span class='ocrx_word' id='word_1_115' title='bbox 630 1554 810 1597; x_wconf 89' lang='lat' dir='ltr'><strong>autem</strong></span> <span class='ocrx_word' id='word_1_116' title='bbox 866 1542 1293 1613; x_wconf 82' lang='lat' dir='ltr'><strong>voluntate(85)</strong></span> <span class='ocrx_word' id='word_1_117' title='bbox 1347 1543 1629 1605; x_wconf 87' lang='lat' dir='ltr'><strong>habemus,</strong></span> <span class='ocrx_word' id='word_1_118' title='bbox 1679 1554 1735 1597; x_wconf 90' lang='lat' dir='ltr'><strong>ut</strong></span> <span class='ocrx_word' id='word_1_119' title='bbox 1802 1545 1927 1597; x_wconf 86' lang='lat' dir='ltr'><strong>boni</strong></span> 
     </span>
    </p>
   </div>
   <div class='ocr_carea' id='block_1_17' title="bbox 351 1635 1929 1704">
    <p class='ocr_par' dir='ltr' id='par_1_17' title="bbox 351 1635 1929 1704">
     <span class='ocr_line' id='line_1_17' title="bbox 351 1635 1929 1704; baseline 0.001 -16"><span class='ocrx_word' id='word_1_120' title='bbox 351 1635 525 1689; x_wconf 89' lang='lat' dir='ltr'><strong>simus</strong></span> <span class='ocrx_word' id='word_1_121' title='bbox 564 1645 662 1689; x_wconf 90' lang='lat' dir='ltr'><strong>aut</strong></span> <span class='ocrx_word' id='word_1_122' title='bbox 706 1635 857 1699; x_wconf 87' lang='lat' dir='ltr'><strong>mali,</strong></span> <span class='ocrx_word' id='word_1_123' title='bbox 906 1636 1009 1704; x_wconf 77' lang='lat'><strong>12</strong></span> <span class='ocrx_word' id='word_1_124' title='bbox 1056 1645 1113 1690; x_wconf 88' lang='lat' dir='ltr'><strong>et</strong></span> <span class='ocrx_word' id='word_1_125' title='bbox 1150 1636 1292 1691; x_wconf 89' lang='lat' dir='ltr'><strong>docti</strong></span> <span class='ocrx_word' id='word_1_126' title='bbox 1332 1649 1399 1689; x_wconf 79' lang='lat' dir='ltr'><strong>ex</strong></span> <span class='ocrx_word' id='word_1_127' title='bbox 1456 1636 1656 1699; x_wconf 89' lang='lat' dir='ltr'><strong>studio,</strong></span> <span class='ocrx_word' id='word_1_128' title='bbox 1711 1647 1805 1688; x_wconf 90' lang='lat' dir='ltr'><strong>aut</strong></span> <span class='ocrx_word' id='word_1_129' title='bbox 1846 1637 1929 1689; x_wconf 85' lang='lat' dir='ltr'><strong>iii-</strong></span> 
     </span>
    </p>
   </div>
   <div class='ocr_carea' id='block_1_18' title="bbox 354 1725 1925 1797">
    <p class='ocr_par' dir='ltr' id='par_1_18' title="bbox 354 1725 1925 1797">
     <span class='ocr_line' id='line_1_18' title="bbox 354 1725 1925 1797; baseline 0.004 -19"><span class='ocrx_word' id='word_1_130' title='bbox 354 1725 501 1779; x_wconf 83' lang='lat' dir='ltr'><strong>docti</strong></span> <span class='ocrx_word' id='word_1_131' title='bbox 543 1739 610 1780; x_wconf 79' lang='lat' dir='ltr'><strong>ex</strong></span> <span class='ocrx_word' id='word_1_132' title='bbox 661 1725 892 1796; x_wconf 77' lang='lat' dir='ltr'><strong>ignavia.</strong></span> <span class='ocrx_word' id='word_1_133' title='bbox 944 1727 1025 1781; x_wconf 90' lang='lat' dir='ltr'><strong>Ad</strong></span> <span class='ocrx_word' id='word_1_134' title='bbox 1069 1727 1171 1782; x_wconf 89' lang='lat' dir='ltr'><strong>hoc</strong></span> <span class='ocrx_word' id='word_1_135' title='bbox 1221 1736 1404 1782; x_wconf 89' lang='lat' dir='ltr'><strong>autem</strong></span> <span class='ocrx_word' id='word_1_136' title='bbox 1450 1727 1740 1796; x_wconf 89' lang='lat' dir='ltr'><strong>capitulum</strong></span> <span class='ocrx_word' id='word_1_137' title='bbox 1765 1728 1925 1797; x_wconf 84' lang='lat'><strong>(86):</strong></span> 
     </span>
    </p>
   </div>
   <div class='ocr_carea' id='block_1_19' title="bbox 2034 501 3563 592">
    <p class='ocr_par' dir='ltr' id='par_1_19' title="bbox 2034 501 3563 592">
     <span class='ocr_line' id='line_1_19' title="bbox 2034 501 3563 592; baseline -0.016 -16"><span class='ocrx_word' id='word_1_138' title='bbox 2034 501 2291 592; x_wconf 63' lang='grc' dir='ltr'>γεννῆσαι</span> <span class='ocrx_word' id='word_1_139' title='bbox 2329 521 2362 589; x_wconf 85' lang='grc' dir='ltr'>ἡ</span> <span class='ocrx_word' id='word_1_140' title='bbox 2411 516 2663 588; x_wconf 82' lang='grc' dir='ltr'>βούλησις</span> <span class='ocrx_word' id='word_1_141' title='bbox 2706 512 2876 566; x_wconf 76' lang='grc' dir='ltr'>αἰτία.</span> <span class='ocrx_word' id='word_1_142' title='bbox 2920 508 3057 579; x_wconf 79' lang='grc' dir='ltr'>Περὶ</span> <span class='ocrx_word' id='word_1_143' title='bbox 3094 508 3239 577; x_wconf 75' lang='grc' dir='ltr'><strong>ἡμᾶς</strong></span> <span class='ocrx_word' id='word_1_144' title='bbox 3269 503 3358 569; x_wconf 85' lang='grc' dir='ltr'><strong>δὲ,</strong></span> 
     </span>
    </p>
   </div>
   <div class='ocr_carea' id='block_1_20' title="bbox 2040 591 3571 682">
    <p class='ocr_par' dir='ltr' id='par_1_20' title="bbox 2040 591 3571 682">
     <span class='ocr_line' id='line_1_20' title="bbox 2040 591 3571 682; baseline -0.014 -17"><span class='ocrx_word' id='word_1_145' title='bbox 2040 591 2138 682; x_wconf 81' lang='grc' dir='ltr'><strong>μὲν</strong></span> <span class='ocrx_word' id='word_1_146' title='bbox 2177 613 2241 663; x_wconf 82' lang='grc' dir='ltr'>ἐκ</span> <span class='ocrx_word' id='word_1_147' title='bbox 2268 610 2366 679; x_wconf 81' lang='grc' dir='ltr'><strong>τῆς</strong></span> <span class='ocrx_word' id='word_1_148' title='bbox 2403 608 2496 661; x_wconf 79' lang='grc' dir='ltr'>τοῦ</span> <span class='ocrx_word' id='word_1_149' title='bbox 2539 604 2674 659; x_wconf 82' lang='grc' dir='ltr'>Θεοῦ</span> <span class='ocrx_word' id='word_1_150' title='bbox 2721 601 3033 673; x_wconf 72' lang='grc' dir='ltr'>ἐνεργείας,</span> <span class='ocrx_word' id='word_1_151' title='bbox 3064 597 3186 652; x_wconf 79' lang='grc' dir='ltr'>τινὰ</span> <span class='ocrx_word' id='word_1_152' title='bbox 3208 597 3264 650; x_wconf 80' lang='grc' dir='ltr'><strong>δὲ</strong></span> <span class='ocrx_word' id='word_1_153' title='bbox 3294 596 3359 647; x_wconf 83' lang='grc' dir='ltr'><strong>ὲκ</strong></span> <span class='ocrx_word' id='word_1_154' title='bbox 3408 591 3519 645; x_wconf 81' lang='grc' dir='ltr'><strong>τοῦ</strong></span> <span class='ocrx_word' id='word_1_155' title='bbox 3549 594 3571 643; x_wconf 84' lang='grc' dir='ltr'>ἑ</span> 
     </span>
    </p>
   </div>
   <div class='ocr_carea' id='block_1_21' title="bbox 2032 685 3573 774">
    <p class='ocr_par' dir='ltr' id='par_1_21' title="bbox 2032 685 3573 774">
     <span class='ocr_line' id='line_1_21' title="bbox 2032 685 3573 774; baseline -0.014 -17"><span class='ocrx_word' id='word_1_156' title='bbox 2032 706 2162 774; x_wconf 75' lang='grc' dir='ltr'>ἡμῖν</span> <span class='ocrx_word' id='word_1_157' title='bbox 2202 702 2508 770; x_wconf 78' lang='grc' dir='ltr'><strong>θελήματος</strong></span> <span class='ocrx_word' id='word_1_158' title='bbox 2537 698 2701 768; x_wconf 75' lang='grc' dir='ltr'>ἔχειν.</span> <span class='ocrx_word' id='word_1_159' title='bbox 2747 696 2857 749; x_wconf 73' lang='grc' dir='ltr'>Καὶ</span> <span class='ocrx_word' id='word_1_160' title='bbox 2885 695 2993 763; x_wconf 84' lang='grc' dir='ltr'><strong>γὰρ</strong></span> <span class='ocrx_word' id='word_1_161' title='bbox 3022 692 3082 744; x_wconf 83' lang='grc' dir='ltr'><strong>οὑ</strong></span> <span class='ocrx_word' id='word_1_162' title='bbox 3119 689 3370 760; x_wconf 81' lang='grc' dir='ltr'><strong>βουλήσει</strong></span> <span class='ocrx_word' id='word_1_163' title='bbox 3422 685 3535 755; x_wconf 81' lang='grc' dir='ltr'>μὲν</span> <span class='ocrx_word' id='word_1_164' title='bbox 3569 702 3573 715; x_wconf 76' lang='grc' dir='ltr'><strong>ι</strong></span> 
     </span>
    </p>
   </div>
   <div class='ocr_carea' id='block_1_22' title="bbox 2032 780 3575 863">
    <p class='ocr_par' dir='ltr' id='par_1_22' title="bbox 2032 780 3575 863">
     <span class='ocr_line' id='line_1_22' title="bbox 2032 780 3575 863; baseline -0.016 -12"><span class='ocrx_word' id='word_1_165' title='bbox 2032 796 2263 859; x_wconf 75' lang='grc' dir='ltr'>ἑαυτῶν,</span> <span class='ocrx_word' id='word_1_166' title='bbox 2298 794 2437 849; x_wconf 85' lang='grc' dir='ltr'>ἀλλὰ</span> <span class='ocrx_word' id='word_1_167' title='bbox 2462 795 2527 863; x_wconf 69' lang='grc' dir='ltr'><strong>τῇ</strong></span> <span class='ocrx_word' id='word_1_168' title='bbox 2554 791 2647 844; x_wconf 83' lang='grc' dir='ltr'><strong>τοῦ</strong></span> <span class='ocrx_word' id='word_1_169' title='bbox 2670 789 2806 843; x_wconf 84' lang='grc' dir='ltr'><strong>Θεοῦ</strong></span> <span class='ocrx_word' id='word_1_170' title='bbox 2833 785 3090 856; x_wconf 82' lang='grc' dir='ltr'><strong>κτώμεθα</strong></span> <span class='ocrx_word' id='word_1_171' title='bbox 3117 784 3179 836; x_wconf 83' lang='grc' dir='ltr'><strong>τὸ</strong></span> <span class='ocrx_word' id='word_1_172' title='bbox 3203 780 3550 835; x_wconf 71' lang='grc' dir='ltr'><strong>συνεστάναι</strong></span> <span class='ocrx_word' id='word_1_173' title='bbox 3574 816 3575 823; x_wconf 55' lang='grc' dir='ltr'><strong>η</strong></span> 
     </span>
    </p>
   </div>
   <div class='ocr_carea' id='block_1_23' title="bbox 2033 870 3580 959">
    <p class='ocr_par' dir='ltr' id='par_1_23' title="bbox 2033 870 3580 959">
     <span class='ocr_line' id='line_1_23' title="bbox 2033 870 3580 959; baseline -0.017 -13"><span class='ocrx_word' id='word_1_174' title='bbox 2033 889 2211 959; x_wconf 77' lang='grc' dir='ltr'>ψυχῆς</span> <span class='ocrx_word' id='word_1_175' title='bbox 2260 889 2353 941; x_wconf 76' lang='grc' dir='ltr'><strong>καὶ</strong></span> <span class='ocrx_word' id='word_1_176' title='bbox 2386 885 2660 955; x_wconf 81' lang='grc' dir='ltr'>σώματος,</span> <span class='ocrx_word' id='word_1_177' title='bbox 2707 882 2801 934; x_wconf 74' lang='grc' dir='ltr'><strong>καὶ</strong></span> <span class='ocrx_word' id='word_1_178' title='bbox 2838 880 2899 931; x_wconf 84' lang='grc' dir='ltr'><strong>τὸ</strong></span> <span class='ocrx_word' id='word_1_179' title='bbox 2936 874 3074 930; x_wconf 81' lang='grc' dir='ltr'>εἶναι</span> <span class='ocrx_word' id='word_1_180' title='bbox 3116 874 3345 942; x_wconf 73' lang='grc' dir='ltr'>λογικοί.</span> <span class='ocrx_word' id='word_1_181' title='bbox 3397 870 3475 923; x_wconf 86' lang='grc' dir='ltr'><strong>Οἱ</strong></span> <span class='ocrx_word' id='word_1_182' title='bbox 3528 885 3580 934; x_wconf 66' lang='grc' dir='ltr'>γι</span> 
     </span>
    </p>
   </div>
   <div class='ocr_carea' id='block_1_24' title="bbox 2032 959 3581 1041">
    <p class='ocr_par' dir='ltr' id='par_1_24' title="bbox 2032 959 3581 1041">
     <span class='ocr_line' id='line_1_24' title="bbox 2032 959 3581 1041; baseline -0.01 -12"><span class='ocrx_word' id='word_1_183' title='bbox 2032 977 2315 1030; x_wconf 65' lang='grc' dir='ltr'>οὐπώποτε</span> <span class='ocrx_word' id='word_1_184' title='bbox 2360 976 2510 1038; x_wconf 75' lang='grc' dir='ltr'>ὄντες</span> <span class='ocrx_word' id='word_1_185' title='bbox 2561 973 2678 1036; x_wconf 83' lang='grc' dir='ltr'>πῶς</span> <span class='ocrx_word' id='word_1_186' title='bbox 2710 973 2930 1041; x_wconf 70' lang='grc' dir='ltr'>εἴχομεν</span> <span class='ocrx_word' id='word_1_187' title='bbox 2963 965 3314 1039; x_wconf 84' lang='grc' dir='ltr'>βούλεσθαιῆ</span> <span class='ocrx_word' id='word_1_188' title='bbox 3367 961 3457 1033; x_wconf 78' lang='grc' dir='ltr'><strong>μὴ</strong></span> <span class='ocrx_word' id='word_1_189' title='bbox 3510 959 3581 1023; x_wconf 56' lang='grc' dir='ltr'><strong>βῆ</strong></span> 
     </span>
    </p>
   </div>
   <div class='ocr_carea' id='block_1_25' title="bbox 2032 1050 3584 1137">
    <p class='ocr_par' dir='ltr' id='par_1_25' title="bbox 2032 1050 3584 1137">
     <span class='ocr_line' id='line_1_25' title="bbox 2032 1050 3584 1137; baseline -0.011 -18"><span class='ocrx_word' id='word_1_190' title='bbox 2032 1066 2253 1131; x_wconf 83' lang='grc' dir='ltr'>λεσθαι;</span> <span class='ocrx_word' id='word_1_191' title='bbox 2295 1064 2622 1137; x_wconf 78' lang='grc' dir='ltr'>Προαιρέσει</span> <span class='ocrx_word' id='word_1_192' title='bbox 2660 1063 2716 1116; x_wconf 83' lang='grc' dir='ltr'><strong>δὲ</strong></span> <span class='ocrx_word' id='word_1_193' title='bbox 2791 1062 2896 1131; x_wconf 71' lang='grc' dir='ltr'>ἰδίᾳ</span> <span class='ocrx_word' id='word_1_194' title='bbox 2956 1060 3150 1129; x_wconf 77' lang='grc' dir='ltr'>ἔχομεν</span> <span class='ocrx_word' id='word_1_195' title='bbox 3201 1057 3263 1109; x_wconf 81' lang='grc' dir='ltr'><strong>τὸ</strong></span> <span class='ocrx_word' id='word_1_196' title='bbox 3319 1050 3476 1107; x_wconf 82' lang='grc' dir='ltr'>εἶναι</span> <span class='ocrx_word' id='word_1_197' title='bbox 3535 1068 3584 1102; x_wconf 74' lang='grc' dir='ltr'>χι</span> 
     </span>
    </p>
   </div>
   <div class='ocr_carea' id='block_1_26' title="bbox 2032 1142 3649 1227">
    <p class='ocr_par' dir='ltr' id='par_1_26' title="bbox 2032 1142 3649 1227">
     <span class='ocr_line' id='line_1_26' title="bbox 2032 1142 3649 1227; baseline -0.012 -16"><span class='ocrx_word' id='word_1_198' title='bbox 2032 1156 2155 1219; x_wconf 78' lang='grc' dir='ltr'>λοὺς</span> <span class='ocrx_word' id='word_1_199' title='bbox 2210 1157 2241 1227; x_wconf 80' lang='grc' dir='ltr'>ἢ</span> <span class='ocrx_word' id='word_1_200' title='bbox 2298 1154 2531 1217; x_wconf 77' lang='grc' dir='ltr'>κακούς·</span> <span class='ocrx_word' id='word_1_201' title='bbox 2602 1151 2969 1223; x_wconf 82' lang='grc' dir='ltr'>ὲπιστήμονάς</span> <span class='ocrx_word' id='word_1_202' title='bbox 3024 1167 3084 1203; x_wconf 84' lang='grc' dir='ltr'>τε</span> <span class='ocrx_word' id='word_1_203' title='bbox 3140 1149 3257 1201; x_wconf 58' lang='grc' dir='ltr'><strong>κατ’</strong></span> <span class='ocrx_word' id='word_1_204' title='bbox 3307 1142 3587 1211; x_wconf 77' lang='grc' dir='ltr'>ἐπιτηδειι</span> <span class='ocrx_word' id='word_1_205' title='bbox 3648 1176 3649 1179; x_wconf 60' lang='grc' dir='ltr'><strong>η</strong></span> 
     </span>
    </p>
   </div>
   <div class='ocr_carea' id='block_1_27' title="bbox 2032 1235 3590 1318">
    <p class='ocr_par' dir='ltr' id='par_1_27' title="bbox 2032 1235 3590 1318">
     <span class='ocr_line' id='line_1_27' title="bbox 2032 1235 3590 1318; baseline -0.015 -11"><span class='ocrx_word' id='word_1_206' title='bbox 2032 1265 2192 1318; x_wconf 84' lang='grc' dir='ltr'>τητα,</span> <span class='ocrx_word' id='word_1_207' title='bbox 2237 1248 2270 1317; x_wconf 87' lang='grc' dir='ltr'><strong>ἢ</strong></span> <span class='ocrx_word' id='word_1_208' title='bbox 2332 1248 2774 1317; x_wconf 79' lang='grc' dir='ltr'><strong>ἀνεπιστήμονας</strong></span> <span class='ocrx_word' id='word_1_209' title='bbox 2832 1244 2973 1298; x_wconf 85' lang='grc' dir='ltr'><strong>κατὰ</strong></span> <span class='ocrx_word' id='word_1_210' title='bbox 3037 1240 3330 1315; x_wconf 77' lang='grc' dir='ltr'>ρᾳθυμίαν.</span> <span class='ocrx_word' id='word_1_211' title='bbox 3394 1235 3590 1303; x_wconf 70' lang='grc' dir='ltr'>Ἐληλι</span> 
     </span>
    </p>
   </div>
   <div class='ocr_carea' id='block_1_28' title="bbox 2035 1328 3593 1405">
    <p class='ocr_par' dir='ltr' id='par_1_28' title="bbox 2035 1328 3593 1405">
     <span class='ocr_line' id='line_1_28' title="bbox 2035 1328 3593 1405; baseline -0.009 -16"><span class='ocrx_word' id='word_1_212' title='bbox 2035 1336 2161 1390; x_wconf 86' lang='grc' dir='ltr'>Οασι</span> <span class='ocrx_word' id='word_1_213' title='bbox 2197 1338 2254 1390; x_wconf 78' lang='grc' dir='ltr'>δὲ</span> <span class='ocrx_word' id='word_1_214' title='bbox 2303 1339 2394 1390; x_wconf 79' lang='grc' dir='ltr'>ἐπὶ</span> <span class='ocrx_word' id='word_1_215' title='bbox 2432 1337 2493 1389; x_wconf 81' lang='grc' dir='ltr'><strong>τὸ</strong></span> <span class='ocrx_word' id='word_1_216' title='bbox 2528 1337 2823 1405; x_wconf 80' lang='grc' dir='ltr'>κεφάλαιον</span> <span class='ocrx_word' id='word_1_217' title='bbox 2861 1333 3021 1388; x_wconf 81' lang='grc' dir='ltr'>τοῦτο</span> <span class='ocrx_word' id='word_1_218' title='bbox 3060 1331 3134 1403; x_wconf 83' lang='grc'><strong>[5</strong></span> <span class='ocrx_word' id='word_1_219' title='bbox 3172 1330 3237 1401; x_wconf 80' lang='lat' dir='ltr'><strong>b]</strong></span> <span class='ocrx_word' id='word_1_220' title='bbox 3286 1329 3392 1383; x_wconf 78' lang='grc' dir='ltr'><strong>οὐκ</strong></span> <span class='ocrx_word' id='word_1_221' title='bbox 3465 1328 3593 1395; x_wconf 66' lang='grc' dir='ltr'><strong>ἀτρξ</strong></span> 
     </span>
    </p>
   </div>
   <div class='ocr_carea' id='block_1_29' title="bbox 2036 1421 3559 1503">
    <p class='ocr_par' dir='ltr' id='par_1_29' title="bbox 2036 1421 3559 1503">
     <span class='ocr_line' id='line_1_29' title="bbox 2036 1421 3559 1503; baseline -0.009 -19"><span class='ocrx_word' id='word_1_222' title='bbox 2036 1434 2122 1484; x_wconf 88' lang='grc' dir='ltr'>κεῖ</span> <span class='ocrx_word' id='word_1_223' title='bbox 2164 1430 2479 1502; x_wconf 85' lang='grc' dir='ltr'>Θεωρήματι</span> <span class='ocrx_word' id='word_1_224' title='bbox 2529 1429 2962 1503; x_wconf 86' lang='grc' dir='ltr'>παραδεχόμενοι</span> <span class='ocrx_word' id='word_1_225' title='bbox 3009 1426 3093 1491; x_wconf 81' lang='grc' dir='ltr'>τὸ,</span> <span class='ocrx_word' id='word_1_226' title='bbox 3130 1421 3323 1489; x_wconf 84' lang='grc' dir='ltr'><em>Οὗτός</em></span> <span class='ocrx_word' id='word_1_227' title='bbox 3366 1423 3559 1475; x_wconf 81' lang='grc' dir='ltr'>ἐστιν</span> 
     </span>
    </p>
   </div>
   <div class='ocr_carea' id='block_1_30' title="bbox 2044 1510 3661 1594">
    <p class='ocr_par' dir='ltr' id='par_1_30' title="bbox 2044 1510 3661 1594">
     <span class='ocr_line' id='line_1_30' title="bbox 2044 1510 3661 1594; baseline -0.011 -15"><span class='ocrx_word' id='word_1_228' title='bbox 2044 1526 2176 1590; x_wconf 78' lang='grc' dir='ltr'><strong>Υἱός</strong></span> <span class='ocrx_word' id='word_1_229' title='bbox 2208 1543 2327 1593; x_wconf 83' lang='grc' dir='ltr'><strong>μου</strong></span> <span class='ocrx_word' id='word_1_230' title='bbox 2376 1529 2407 1577; x_wconf 83' lang='grc' dir='ltr'>ὁ</span> <span class='ocrx_word' id='word_1_231' title='bbox 2450 1524 2779 1594; x_wconf 76' lang='grc' dir='ltr'><strong>ἀγαπητὸς,</strong></span> <span class='ocrx_word' id='word_1_232' title='bbox 2805 1522 2874 1573; x_wconf 83' lang='grc' dir='ltr'>ἐν</span> <span class='ocrx_word' id='word_1_233' title='bbox 2903 1513 2951 1585; x_wconf 83' lang='grc' dir='ltr'>ᾧ</span> <span class='ocrx_word' id='word_1_234' title='bbox 2998 1518 3335 1583; x_wconf 70' lang='grc' dir='ltr'><strong>εὐδόκησαο</strong></span> <span class='ocrx_word' id='word_1_235' title='bbox 3384 1513 3528 1566; x_wconf 70' lang='grc' dir='ltr'>ἐπεὶ</span> <span class='ocrx_word' id='word_1_236' title='bbox 3576 1510 3598 1563; x_wconf 79' lang='lat'>5</span> <span class='ocrx_word' id='word_1_237' title='bbox 3660 1580 3661 1585; x_wconf 15' lang='grc' dir='ltr'><strong>η</strong></span> 
     </span>
    </p>
   </div>
   <div class='ocr_carea' id='block_1_31' title="bbox 2037 1602 3599 1686">
    <p class='ocr_par' dir='ltr' id='par_1_31' title="bbox 2037 1602 3599 1686">
     <span class='ocr_line' id='line_1_31' title="bbox 2037 1602 3599 1686; baseline -0.012 -17"><span class='ocrx_word' id='word_1_238' title='bbox 2037 1615 2260 1669; x_wconf 74' lang='grc' dir='ltr'>αὐτόθεν</span> <span class='ocrx_word' id='word_1_239' title='bbox 2299 1611 2445 1684; x_wconf 74' lang='grc' dir='ltr'>εἶχον</span> <span class='ocrx_word' id='word_1_240' title='bbox 2485 1616 2583 1686; x_wconf 79' lang='grc' dir='ltr'><strong>τῆς</strong></span> <span class='ocrx_word' id='word_1_241' title='bbox 2610 1614 2777 1684; x_wconf 81' lang='grc' dir='ltr'><strong>ὀρθῆς</strong></span> <span class='ocrx_word' id='word_1_242' title='bbox 2810 1611 3045 1673; x_wconf 79' lang='grc' dir='ltr'>πίστεως</span> <span class='ocrx_word' id='word_1_243' title='bbox 3080 1610 3330 1678; x_wconf 83' lang='grc' dir='ltr'>ἄγκυραν</span> <span class='ocrx_word' id='word_1_244' title='bbox 3370 1602 3599 1673; x_wconf 72' lang='grc' dir='ltr'>βεϐαία·</span> 
     </span>
    </p>
   </div>
   <div class='ocr_carea' id='block_1_32' title="bbox 2036 1692 3665 1776">
    <p class='ocr_par' dir='ltr' id='par_1_32' title="bbox 2036 1692 3665 1776">
     <span class='ocr_line' id='line_1_32' title="bbox 2036 1692 3665 1776; baseline -0.012 -16"><span class='ocrx_word' id='word_1_245' title='bbox 2036 1707 2172 1760; x_wconf 73' lang='lat' dir='ltr'><strong>Novi.</strong></span> <span class='ocrx_word' id='word_1_246' title='bbox 2214 1706 2271 1760; x_wconf 86' lang='grc' dir='ltr'>δὲ</span> <span class='ocrx_word' id='word_1_247' title='bbox 2320 1708 2643 1776; x_wconf 81' lang='grc' dir='ltr'>φάσκουσιν,</span> <span class='ocrx_word' id='word_1_248' title='bbox 2674 1704 2867 1767; x_wconf 84' lang='grc' dir='ltr'>ὅτιτὸ,</span> <span class='ocrx_word' id='word_1_249' title='bbox 2914 1704 3018 1756; x_wconf 78' lang='grc' dir='ltr'><em>Ἐν</em></span> <span class='ocrx_word' id='word_1_250' title='bbox 3051 1693 3098 1766; x_wconf 85' lang='grc' dir='ltr'><strong>ᾧ</strong></span> <span class='ocrx_word' id='word_1_251' title='bbox 3132 1697 3488 1764; x_wconf 76' lang='grc' dir='ltr'><strong>εὐδόκησα,</strong></span> <span class='ocrx_word' id='word_1_252' title='bbox 3527 1692 3604 1744; x_wconf 81' lang='grc' dir='ltr'><strong>δεὲ</strong></span> <span class='ocrx_word' id='word_1_253' title='bbox 3664 1714 3665 1727; x_wconf 62' lang='grc' dir='ltr'><strong>ι</strong></span> 
     </span>
    </p>
   </div>
   <div class='ocr_carea' id='block_1_33' title="bbox 357 1878 3608 1954">
    <p class='ocr_par' dir='ltr' id='par_1_33' title="bbox 357 1878 3608 1954">
     <span class='ocr_line' id='line_1_33' title="bbox 357 1878 3608 1954; baseline 0 -18"><span class='ocrx_word' id='word_1_254' title='bbox 357 1882 543 1949; x_wconf 84' lang='lat' dir='ltr'><strong>Itaque</strong></span> <span class='ocrx_word' id='word_1_255' title='bbox 576 1881 829 1940; x_wconf 86' lang='lat' dir='ltr'><strong>librarius</strong></span> <span class='ocrx_word' id='word_1_256' title='bbox 871 1898 1058 1937; x_wconf 90' lang='lat' dir='ltr'><strong>vocem</strong></span> <span class='ocrx_word' id='word_1_257' title='bbox 1094 1884 1316 1951; x_wconf 85' lang='lat' dir='ltr'><strong>omisit,</strong></span> <span class='ocrx_word' id='word_1_258' title='bbox 1364 1894 1419 1939; x_wconf 91' lang='lat' dir='ltr'><strong>et</strong></span> <span class='ocrx_word' id='word_1_259' title='bbox 1465 1886 1927 1951; x_wconf 83' lang='lat' dir='ltr'><strong>compendiariam</strong></span> <span class='ocrx_word' id='word_1_260' title='bbox 1962 1894 2004 1949; x_wconf 90' lang='lat' dir='ltr'><strong>B</strong></span> <span class='ocrx_word' id='word_1_261' title='bbox 2033 1896 2397 1941; x_wconf 86' lang='lat' dir='ltr'><strong>consentanea</strong></span> <span class='ocrx_word' id='word_1_262' title='bbox 2434 1897 2577 1942; x_wconf 89' lang='lat' dir='ltr'><strong>sunt.</strong></span> <span class='ocrx_word' id='word_1_263' title='bbox 2621 1885 2760 1953; x_wconf 86' lang='lat' dir='ltr'><strong>Quin</strong></span> <span class='ocrx_word' id='word_1_264' title='bbox 2804 1882 3142 1954; x_wconf 78' lang='lat' dir='ltr'><strong>Augustinus</strong></span> <span class='ocrx_word' id='word_1_265' title='bbox 3168 1881 3343 1954; x_wconf 78' lang='lat' dir='ltr'><strong>ipse._</strong></span> <span class='ocrx_word' id='word_1_266' title='bbox 3367 1878 3484 1954; x_wconf 66' lang='lat' dir='ltr'><strong>qui</strong></span> <span class='ocrx_word' id='word_1_267' title='bbox 3530 1885 3608 1954; x_wconf 61' lang='lat' dir='ltr'><strong>l3!</strong></span> 
     </span>
    </p>
   </div>
   <div class='ocr_carea' id='block_1_34' title="bbox 358 1954 1931 2027">
    <p class='ocr_par' dir='ltr' id='par_1_34' title="bbox 358 1954 1931 2027">
     <span class='ocr_line' id='line_1_34' title="bbox 358 1954 1931 2027; baseline 0.003 -21"><span class='ocrx_word' id='word_1_268' title='bbox 358 1954 677 2019; x_wconf 87' lang='lat' dir='ltr'><strong>scripturam</strong></span> <span class='ocrx_word' id='word_1_269' title='bbox 715 1954 814 2015; x_wconf 85' lang='grc' dir='ltr'><strong>Κε,</strong></span> <span class='ocrx_word' id='word_1_270' title='bbox 856 1969 973 2027; x_wconf 69' lang='lat' dir='ltr'><strong>qua:</strong></span> <span class='ocrx_word' id='word_1_271' title='bbox 997 1954 1215 2027; x_wconf 77' lang='lat' dir='ltr'><strong>legenda</strong></span> <span class='ocrx_word' id='word_1_272' title='bbox 1242 1956 1334 2027; x_wconf 89' lang='lat' dir='ltr'><strong>hic</strong></span> <span class='ocrx_word' id='word_1_273' title='bbox 1357 1966 1461 2019; x_wconf 90' lang='lat' dir='ltr'><strong>est,</strong></span> <span class='ocrx_word' id='word_1_274' title='bbox 1494 1955 1689 2027; x_wconf 77' lang='grc' dir='ltr'>Κύριε,</span> <span class='ocrx_word' id='word_1_275' title='bbox 1725 1957 1931 2010; x_wconf 88' lang='lat' dir='ltr'><strong>numeri</strong></span> 
     </span>
    </p>
   </div>
   <div class='ocr_carea' id='block_1_35' title="bbox 362 2024 1937 2144">
    <p class='ocr_par' dir='ltr' id='par_1_35' title="bbox 362 2024 1937 2144">
     <span class='ocr_line' id='line_1_35' title="bbox 362 2024 1937 2144; baseline 0.004 -69"><span class='ocrx_word' id='word_1_276' title='bbox 362 2034 545 2144; x_wconf 63' lang='lat' dir='ltr'><strong>rietadin</strong></span> <span class='ocrx_word' id='word_1_277' title='bbox 597 2038 715 2077; x_wconf 88' lang='lat' dir='ltr'><strong>esse</strong></span> <span class='ocrx_word' id='word_1_278' title='bbox 754 2025 981 2093; x_wconf 89' lang='lat' dir='ltr'><strong>putavit.</strong></span> <span class='ocrx_word' id='word_1_279' title='bbox 1023 2024 1189 2079; x_wconf 87' lang='lat' dir='ltr'><strong>Biblia</strong></span> <span class='ocrx_word' id='word_1_280' title='bbox 1239 2026 1440 2080; x_wconf 82' lang='lat' dir='ltr'><strong>habent</strong></span> <span class='ocrx_word' id='word_1_281' title='bbox 1489 2024 1788 2097; x_wconf 67' lang='grc' dir='ltr'>παρέσχου,</span> <span class='ocrx_word' id='word_1_282' title='bbox 1842 2042 1937 2093; x_wconf 90' lang='lat' dir='ltr'><strong>pro</strong></span> 
     </span>
     <span class='ocr_line' id='line_1_36' title="bbox 363 2108 667 2144; baseline 0 0"><span class='ocrx_word' id='word_1_283' title='bbox 363 2108 476 2144; x_wconf 86' lang='grc' dir='ltr'><strong>παο</strong></span> <span class='ocrx_word' id='word_1_284' title='bbox 518 2108 667 2144; x_wconf 77' lang='grc' dir='ltr'>σγου.</span> 
     </span>
    </p>
   </div>
   <div class='ocr_carea' id='block_1_36' title="bbox 363 2108 667 2162">
    <p class='ocr_par' dir='ltr' id='par_1_36' title="bbox 363 2108 667 2162">
     <span class='ocr_line' id='line_1_37' title="bbox 363 2108 667 2162; baseline 0.003 -18"><span class='ocrx_word' id='word_1_285' title='bbox 363 2108 439 2145; x_wconf 89' lang='grc' dir='ltr'><strong>πα</strong></span> <span class='ocrx_word' id='word_1_286' title='bbox 448 2108 667 2162; x_wconf 84' lang='grc' dir='ltr'>ρασχου.</span> 
     </span>
    </p>
   </div>
   <div class='ocr_carea' id='block_1_37' title="bbox 434 2162 1937 2231">
    <p class='ocr_par' dir='ltr' id='par_1_37' title="bbox 434 2162 1937 2231">
     <span class='ocr_line' id='line_1_38' title="bbox 434 2162 1937 2231; baseline 0.003 -17"><span class='ocrx_word' id='word_1_287' title='bbox 434 2162 546 2230; x_wconf 70' lang='grc'><strong>(84)</strong></span> <span class='ocrx_word' id='word_1_288' title='bbox 595 2162 834 2217; x_wconf 85' lang='lat' dir='ltr'><strong>Salvum.</strong></span> <span class='ocrx_word' id='word_1_289' title='bbox 896 2162 1035 2217; x_wconf 81' lang='lat' dir='ltr'><strong>Psal.</strong></span> <span class='ocrx_word' id='word_1_290' title='bbox 1095 2180 1241 2231; x_wconf 81' lang='lat' dir='ltr'><strong>xvtt,</strong></span> <span class='ocrx_word' id='word_1_291' title='bbox 1291 2180 1433 2219; x_wconf 88' lang='lat' dir='ltr'><strong>vers.</strong></span> <span class='ocrx_word' id='word_1_292' title='bbox 1479 2164 1568 2230; x_wconf 73' lang='lat'><strong>22,</strong></span> <span class='ocrx_word' id='word_1_293' title='bbox 1616 2167 1705 2220; x_wconf 90' lang='lat' dir='ltr'><strong>ubi</strong></span> <span class='ocrx_word' id='word_1_294' title='bbox 1751 2165 1937 2221; x_wconf 57' lang='lat' dir='ltr'><strong>Graeca</strong></span> 
     </span>
    </p>
   </div>
   <div class='ocr_carea' id='block_1_38' title="bbox 362 2233 1937 2307">
    <p class='ocr_par' dir='ltr' id='par_1_38' title="bbox 362 2233 1937 2307">
     <span class='ocr_line' id='line_1_39' title="bbox 362 2233 1937 2307; baseline 0.004 -23"><span class='ocrx_word' id='word_1_295' title='bbox 362 2233 530 2307; x_wconf 82' lang='lat' dir='ltr'><strong>editio</strong></span> <span class='ocrx_word' id='word_1_296' title='bbox 575 2234 768 2307; x_wconf 83' lang='lat' dir='ltr'><strong>habet,</strong></span> <span class='ocrx_word' id='word_1_297' title='bbox 820 2233 1049 2305; x_wconf 73' lang='grc' dir='ltr'><strong>ἠθέλησέ</strong></span> <span class='ocrx_word' id='word_1_298' title='bbox 1093 2252 1179 2304; x_wconf 91' lang='grc' dir='ltr'><strong>με,</strong></span> <span class='ocrx_word' id='word_1_299' title='bbox 1229 2252 1327 2305; x_wconf 91' lang='lat' dir='ltr'><strong>pro</strong></span> <span class='ocrx_word' id='word_1_300' title='bbox 1369 2236 1632 2306; x_wconf 73' lang='grc' dir='ltr'>ἠθέλησέν</span> <span class='ocrx_word' id='word_1_301' title='bbox 1684 2253 1770 2307; x_wconf 86' lang='grc' dir='ltr'>με.</span> <span class='ocrx_word' id='word_1_302' title='bbox 1834 2238 1937 2291; x_wconf 84' lang='lat' dir='ltr'><strong>Sed</strong></span> 
     </span>
    </p>
   </div>
   <div class='ocr_carea' id='block_1_39' title="bbox 366 2302 1933 2374">
    <p class='ocr_par' dir='ltr' id='par_1_39' title="bbox 366 2302 1933 2374">
     <span class='ocr_line' id='line_1_40' title="bbox 366 2302 1933 2374; baseline 0.003 -19"><span class='ocrx_word' id='word_1_303' title='bbox 366 2302 658 2374; x_wconf 78' lang='lat' dir='ltr'><strong>discrimen</strong></span> <span class='ocrx_word' id='word_1_304' title='bbox 696 2302 857 2370; x_wconf 80' lang='lat' dir='ltr'><strong>istud,</strong></span> <span class='ocrx_word' id='word_1_305' title='bbox 882 2302 1021 2374; x_wconf 86' lang='lat' dir='ltr'><strong>quod</strong></span> <span class='ocrx_word' id='word_1_306' title='bbox 1051 2302 1248 2371; x_wconf 81' lang='lat' dir='ltr'><strong>passim</strong></span> <span class='ocrx_word' id='word_1_307' title='bbox 1277 2302 1590 2360; x_wconf 55' lang='lat' dir='ltr'><strong>occurrit&#39;iu</strong></span> <span class='ocrx_word' id='word_1_308' title='bbox 1622 2302 1722 2360; x_wconf 80' lang='lat' dir='ltr'><strong>hoc</strong></span> <span class='ocrx_word' id='word_1_309' title='bbox 1748 2322 1933 2373; x_wconf 89' lang='lat' dir='ltr'><strong>opere,</strong></span> 
     </span>
    </p>
   </div>
   <div class='ocr_carea' id='block_1_40' title="bbox 367 2372 1937 2438">
    <p class='ocr_par' dir='ltr' id='par_1_40' title="bbox 367 2372 1937 2438">
     <span class='ocr_line' id='line_1_41' title="bbox 367 2372 1937 2438; baseline 0.003 -13"><span class='ocrx_word' id='word_1_310' title='bbox 367 2372 517 2425; x_wconf 87' lang='lat' dir='ltr'><strong>tiihili</strong></span> <span class='ocrx_word' id='word_1_311' title='bbox 553 2374 878 2438; x_wconf 83' lang='lat' dir='ltr'><strong>faciendum,</strong></span> <span class='ocrx_word' id='word_1_312' title='bbox 900 2372 1051 2428; x_wconf 51' lang='lat' dir='ltr'><strong>&#39;cum</strong></span> <span class='ocrx_word' id='word_1_313' title='bbox 1082 2376 1258 2428; x_wconf 84' lang='lat' dir='ltr'><strong>littera</strong></span> <span class='ocrx_word' id='word_1_314' title='bbox 1303 2394 1352 2436; x_wconf 87' lang='grc' dir='ltr'>ν.</span> <span class='ocrx_word' id='word_1_315' title='bbox 1397 2378 1559 2430; x_wconf 89' lang='lat' dir='ltr'><strong>etiam</strong></span> <span class='ocrx_word' id='word_1_316' title='bbox 1592 2389 1716 2429; x_wconf 88' lang='lat' dir='ltr'><strong>ante</strong></span> <span class='ocrx_word' id='word_1_317' title='bbox 1745 2372 1937 2430; x_wconf 81' lang='lat' dir='ltr'><strong>censo-</strong></span> 
     </span>
    </p>
   </div>
   <div class='ocr_carea' id='block_1_41' title="bbox 367 2444 1935 2515">
    <p class='ocr_par' dir='ltr' id='par_1_41' title="bbox 367 2444 1935 2515">
     <span class='ocr_line' id='line_1_42' title="bbox 367 2444 1935 2515; baseline 0.004 -22"><span class='ocrx_word' id='word_1_318' title='bbox 367 2454 608 2503; x_wconf 86' lang='lat' dir='ltr'><strong>nantem,</strong></span> <span class='ocrx_word' id='word_1_319' title='bbox 663 2444 871 2515; x_wconf 85' lang='lat' dir='ltr'><strong>Didymi</strong></span> <span class='ocrx_word' id='word_1_320' title='bbox 907 2460 1020 2499; x_wconf 67' lang='lat' dir='ltr'><strong>aevo</strong></span> <span class='ocrx_word' id='word_1_321' title='bbox 1059 2445 1357 2514; x_wconf 88' lang='lat' dir='ltr'><strong>hujusmodi</strong></span> <span class='ocrx_word' id='word_1_322' title='bbox 1396 2447 1575 2501; x_wconf 86' lang='lat' dir='ltr'><strong>verbis</strong></span> <span class='ocrx_word' id='word_1_323' title='bbox 1619 2447 1778 2513; x_wconf 81' lang='lat' dir='ltr'><strong>vulgo</strong></span> <span class='ocrx_word' id='word_1_324' title='bbox 1813 2448 1935 2500; x_wconf 83' lang='lat' dir='ltr'><strong>addi</strong></span> 
     </span>
    </p>
   </div>
   <div class='ocr_carea' id='block_1_42' title="bbox 367 2515 1940 2585">
    <p class='ocr_par' dir='ltr' id='par_1_42' title="bbox 367 2515 1940 2585">
     <span class='ocr_line' id='line_1_43' title="bbox 367 2515 1940 2585; baseline 0.005 -22"><span class='ocrx_word' id='word_1_325' title='bbox 367 2515 725 2585; x_wconf 79' lang='lat' dir='ltr'><strong>consueverit,</strong></span> <span class='ocrx_word' id='word_1_326' title='bbox 762 2524 817 2566; x_wconf 89' lang='lat' dir='ltr'><strong>ut</strong></span> <span class='ocrx_word' id='word_1_327' title='bbox 854 2523 997 2582; x_wconf 87' lang='lat' dir='ltr'><strong>patet</strong></span> <span class='ocrx_word' id='word_1_328' title='bbox 1024 2516 1321 2585; x_wconf 76' lang='lat' dir='ltr'><strong>legentibus</strong></span> <span class='ocrx_word' id='word_1_329' title='bbox 1350 2516 1681 2572; x_wconf 86' lang='lat' dir='ltr'><strong>Clementem</strong></span> <span class='ocrx_word' id='word_1_330' title='bbox 1707 2517 1940 2572; x_wconf 85' lang='lat' dir='ltr'><strong>Alexan-</strong></span> 
     </span>
    </p>
   </div>
   <div class='ocr_carea' id='block_1_43' title="bbox 369 2582 898 2653">
    <p class='ocr_par' dir='ltr' id='par_1_43' title="bbox 369 2582 898 2653">
     <span class='ocr_line' id='line_1_44' title="bbox 369 2582 898 2653; baseline 0.006 -17"><span class='ocrx_word' id='word_1_331' title='bbox 369 2582 625 2653; x_wconf 48' lang='lat' dir='ltr'><strong>drinumL</strong></span> <span class='ocrx_word' id='word_1_332' title='bbox 638 2584 898 2653; x_wconf 86' lang='lat' dir='ltr'><strong>aliosque.</strong></span> 
     </span>
    </p>
   </div>
   <div class='ocr_carea' id='block_1_44' title="bbox 439 2650 1934 2726">
    <p class='ocr_par' dir='ltr' id='par_1_44' title="bbox 439 2650 1934 2726">
     <span class='ocr_line' id='line_1_45' title="bbox 439 2650 1934 2726; baseline 0.004 -20"><span class='ocrx_word' id='word_1_333' title='bbox 439 2652 552 2723; x_wconf 82' lang='grc'><strong>(85)</strong></span> <span class='ocrx_word' id='word_1_334' title='bbox 594 2650 1125 2726; x_wconf 67' lang='lat' dir='ltr'><strong>Propridvoluntate.</strong></span> <span class='ocrx_word' id='word_1_335' title='bbox 1170 2658 1244 2711; x_wconf 86' lang='lat' dir='ltr'><strong>De</strong></span> <span class='ocrx_word' id='word_1_336' title='bbox 1275 2657 1376 2711; x_wconf 84' lang='lat' dir='ltr'><strong>hac</strong></span> <span class='ocrx_word' id='word_1_337' title='bbox 1400 2658 1609 2726; x_wconf 87' lang='lat' dir='ltr'><strong>Didymi</strong></span> <span class='ocrx_word' id='word_1_338' title='bbox 1643 2657 1934 2721; x_wconf 85' lang='lat' dir='ltr'><strong>locutione,</strong></span> 
     </span>
    </p>
   </div>
   <div class='ocr_carea' id='block_1_45' title="bbox 369 2724 1942 2797">
    <p class='ocr_par' dir='ltr' id='par_1_45' title="bbox 369 2724 1942 2797">
     <span class='ocr_line' id='line_1_46' title="bbox 369 2724 1942 2797; baseline 0.002 -19"><span class='ocrx_word' id='word_1_339' title='bbox 369 2724 595 2791; x_wconf 84' lang='lat' dir='ltr'><strong>aliisque</strong></span> <span class='ocrx_word' id='word_1_340' title='bbox 642 2724 909 2797; x_wconf 61' lang='lat' dir='ltr'><strong>nonnullis</strong></span> <span class='ocrx_word' id='word_1_341' title='bbox 957 2726 1223 2797; x_wconf 82' lang='lat' dir='ltr'><strong>alliuibus.</strong></span> <span class='ocrx_word' id='word_1_342' title='bbox 1264 2742 1384 2797; x_wconf 62' lang='lat' dir='ltr'><strong>quae</strong></span> <span class='ocrx_word' id='word_1_343' title='bbox 1424 2724 1736 2796; x_wconf 69' lang='lat' dir='ltr'><strong>pestiferum</strong></span> <span class='ocrx_word' id='word_1_344' title='bbox 1792 2729 1942 2783; x_wconf 87' lang='lat' dir='ltr'><strong>Pela-</strong></span> 
     </span>
    </p>
   </div>
   <div class='ocr_carea' id='block_1_46' title="bbox 369 2794 1943 2868">
    <p class='ocr_par' dir='ltr' id='par_1_46' title="bbox 369 2794 1943 2868">
     <span class='ocr_line' id='line_1_47' title="bbox 369 2794 1943 2868; baseline 0.006 -24"><span class='ocrx_word' id='word_1_345' title='bbox 369 2796 653 2868; x_wconf 75' lang='lat' dir='ltr'><strong>gianorum</strong></span> <span class='ocrx_word' id='word_1_346' title='bbox 719 2805 810 2846; x_wconf 90' lang='lat' dir='ltr'><strong>aut</strong></span> <span class='ocrx_word' id='word_1_347' title='bbox 869 2794 1437 2864; x_wconf 67' lang='lat' dir='ltr'><strong>Seiuipelagiandrunr</strong></span> <span class='ocrx_word' id='word_1_348' title='bbox 1485 2800 1675 2865; x_wconf 87' lang='lat' dir='ltr'><strong>dogma</strong></span> <span class='ocrx_word' id='word_1_349' title='bbox 1754 2814 1943 2868; x_wconf 80' lang='lat' dir='ltr'><strong>sapere</strong></span> 
     </span>
    </p>
   </div>
   <div class='ocr_carea' id='block_1_47' title="bbox 370 2864 1943 2935">
    <p class='ocr_par' dir='ltr' id='par_1_47' title="bbox 370 2864 1943 2935">
     <span class='ocr_line' id='line_1_48' title="bbox 370 2864 1943 2935; baseline 0.004 -19"><span class='ocrx_word' id='word_1_350' title='bbox 370 2864 540 2935; x_wconf 75' lang='lat' dir='ltr'><strong>videri</strong></span> <span class='ocrx_word' id='word_1_351' title='bbox 593 2872 846 2932; x_wconf 91' lang='lat' dir='ltr'><strong>possunt,</strong></span> <span class='ocrx_word' id='word_1_352' title='bbox 897 2881 1197 2920; x_wconf 88' lang='lat' dir='ltr'><strong>sermonem</strong></span> <span class='ocrx_word' id='word_1_353' title='bbox 1254 2868 1456 2929; x_wconf 84' lang='lat' dir='ltr'><strong>habui,</strong></span> <span class='ocrx_word' id='word_1_354' title='bbox 1502 2864 1761 2935; x_wconf 84' lang='lat' dir='ltr'><strong>quantum</strong></span> <span class='ocrx_word' id='word_1_355' title='bbox 1815 2864 1943 2922; x_wconf 77' lang='lat' dir='ltr'><strong>tunc</strong></span> 
     </span>
    </p>
   </div>
   <div class='ocr_carea' id='block_1_48' title="bbox 381 2934 1944 3005">
    <p class='ocr_par' dir='ltr' id='par_1_48' title="bbox 381 2934 1944 3005">
     <span class='ocr_line' id='line_1_49' title="bbox 381 2934 1944 3005; baseline 0.003 -19"><span class='ocrx_word' id='word_1_356' title='bbox 381 2934 512 3005; x_wconf 85' lang='lat' dir='ltr'><strong>satis</strong></span> <span class='ocrx_word' id='word_1_357' title='bbox 539 2948 659 2987; x_wconf 89' lang='lat' dir='ltr'><strong>esse</strong></span> <span class='ocrx_word' id='word_1_358' title='bbox 687 2936 893 3005; x_wconf 70' lang='lat' dir='ltr'><strong>censui,</strong></span> <span class='ocrx_word' id='word_1_359' title='bbox 932 2937 1072 2990; x_wconf 86' lang='lat' dir='ltr'><strong>ineo</strong></span> <span class='ocrx_word' id='word_1_360' title='bbox 1099 2938 1377 3004; x_wconf 90' lang='lat' dir='ltr'><strong>opusculo,</strong></span> <span class='ocrx_word' id='word_1_361' title='bbox 1418 2934 1559 3005; x_wconf 81' lang='lat' dir='ltr'><strong>quod</strong></span> <span class='ocrx_word' id='word_1_362' title='bbox 1594 2939 1802 2992; x_wconf 90' lang='lat' dir='ltr'><strong>duobus</strong></span> <span class='ocrx_word' id='word_1_363' title='bbox 1834 2940 1944 2992; x_wconf 83' lang='lat' dir='ltr'><strong>fere</strong></span> 
     </span>
    </p>
   </div>
   <div class='ocr_carea' id='block_1_49' title="bbox 373 3002 1943 3071">
    <p class='ocr_par' dir='ltr' id='par_1_49' title="bbox 373 3002 1943 3071">
     <span class='ocr_line' id='line_1_50' title="bbox 373 3002 1943 3071; baseline 0.003 -15"><span class='ocrx_word' id='word_1_364' title='bbox 373 3004 567 3058; x_wconf 84' lang='lat' dir='ltr'><strong>abhinc</strong></span> <span class='ocrx_word' id='word_1_365' title='bbox 612 3004 767 3057; x_wconf 89' lang='lat' dir='ltr'><strong>annis</strong></span> <span class='ocrx_word' id='word_1_366' title='bbox 799 3002 1033 3059; x_wconf 86' lang='lat' dir='ltr'><strong>Venetiis</strong></span> <span class='ocrx_word' id='word_1_367' title='bbox 1076 3002 1239 3071; x_wconf 85' lang='lat' dir='ltr'><strong>edidi,</strong></span> <span class='ocrx_word' id='word_1_368' title='bbox 1289 3002 1523 3061; x_wconf 43' lang='lat' dir='ltr'><strong>[Ollio-XI</strong></span> <span class='ocrx_word' id='word_1_369' title='bbox 1566 3006 1725 3061; x_wconf 77' lang='lat' dir='ltr'><strong>Nova:</strong></span> <span class='ocrx_word' id='word_1_370' title='bbox 1768 3009 1943 3063; x_wconf 83' lang='lat' dir='ltr'><strong>Colle-</strong></span> 
     </span>
    </p>
   </div>
   <div class='ocr_carea' id='block_1_50' title="bbox 375 3074 2014 3169">
    <p class='ocr_par' dir='ltr' id='par_1_50' title="bbox 375 3074 2014 3169">
     <span class='ocr_line' id='line_1_51' title="bbox 375 3074 2014 3169; baseline 0.003 -42"><span class='ocrx_word' id='word_1_371' title='bbox 375 3075 569 3128; x_wconf 90' lang='lat' dir='ltr'><strong>ctionls</strong></span> <span class='ocrx_word' id='word_1_372' title='bbox 598 3074 959 3141; x_wconf 76' lang='lat' dir='ltr'><strong>Calogeranae,</strong></span> <span class='ocrx_word' id='word_1_373' title='bbox 992 3093 1129 3169; x_wconf 46' lang='lat' dir='ltr'><strong>pag.2</strong></span> <span class='ocrx_word' id='word_1_374' title='bbox 1156 3079 1245 3140; x_wconf 73' lang='grc'><strong>84,</strong></span> <span class='ocrx_word' id='word_1_375' title='bbox 1276 3087 1469 3160; x_wconf 67' lang='lat' dir='ltr'><strong>uetera</strong></span> <span class='ocrx_word' id='word_1_376' title='bbox 1509 3080 1569 3169; x_wconf 78' lang='lat' dir='ltr'><strong>in</strong></span> <span class='ocrx_word' id='word_1_377' title='bbox 1620 3078 1764 3169; x_wconf 62' lang='lat' dir='ltr'><strong>aliud</strong></span> <span class='ocrx_word' id='word_1_378' title='bbox 1805 3088 1941 3169; x_wconf 71' lang='lat' dir='ltr'><strong>tetn-</strong></span> <span class='ocrx_word' id='word_1_379' title='bbox 1969 3110 2014 3169; x_wconf 63' lang='grc' dir='ltr'>ρ</span> 
     </span>
    </p>
   </div>
   <div class='ocr_carea' id='block_1_51' title="bbox 377 3149 1939 3217">
    <p class='ocr_par' dir='ltr' id='par_1_51' title="bbox 377 3149 1939 3217">
     <span class='ocr_line' id='line_1_52' title="bbox 377 3149 1939 3217; baseline 0.004 -22"><span class='ocrx_word' id='word_1_380' title='bbox 377 3159 477 3212; x_wconf 86' lang='lat' dir='ltr'><strong>pus</strong></span> <span class='ocrx_word' id='word_1_381' title='bbox 538 3159 864 3217; x_wconf 85' lang='lat' dir='ltr'><strong>reservans:</strong></span> <span class='ocrx_word' id='word_1_382' title='bbox 900 3160 997 3199; x_wconf 87' lang='lat' dir='ltr'><strong>nec</strong></span> <span class='ocrx_word' id='word_1_383' title='bbox 1045 3150 1187 3201; x_wconf 88' lang='lat' dir='ltr'><strong>enim</strong></span> <span class='ocrx_word' id='word_1_384' title='bbox 1235 3150 1413 3201; x_wconf 84' lang='lat' dir='ltr'><strong>omnia</strong></span> <span class='ocrx_word' id='word_1_385' title='bbox 1471 3149 1668 3217; x_wconf 82' lang='lat' dir='ltr'><strong>ubique</strong></span> <span class='ocrx_word' id='word_1_386' title='bbox 1715 3149 1939 3202; x_wconf 88' lang='lat' dir='ltr'><strong>dicenda</strong></span> 
     </span>
    </p>
   </div>
   <div class='ocr_carea' id='block_1_52' title="bbox 374 3216 1939 3281">
    <p class='ocr_par' dir='ltr' id='par_1_52' title="bbox 374 3216 1939 3281">
     <span class='ocr_line' id='line_1_53' title="bbox 374 3216 1939 3281; baseline 0.001 -14"><span class='ocrx_word' id='word_1_387' title='bbox 374 3222 501 3268; x_wconf 85' lang='lat' dir='ltr'><strong>sunt</strong></span> <span class='ocrx_word' id='word_1_388' title='bbox 538 3232 551 3267; x_wconf 87' lang='lat'><strong>:</strong></span> <span class='ocrx_word' id='word_1_389' title='bbox 587 3228 748 3279; x_wconf 89' lang='lat' dir='ltr'><strong>quam</strong></span> <span class='ocrx_word' id='word_1_390' title='bbox 781 3216 849 3268; x_wconf 90' lang='lat' dir='ltr'><strong>ob</strong></span> <span class='ocrx_word' id='word_1_391' title='bbox 884 3233 996 3268; x_wconf 72' lang='lat' dir='ltr'><strong>rem</strong></span> <span class='ocrx_word' id='word_1_392' title='bbox 1032 3218 1097 3271; x_wconf 90' lang='lat' dir='ltr'><strong>de</strong></span> <span class='ocrx_word' id='word_1_393' title='bbox 1128 3235 1189 3273; x_wconf 88' lang='lat' dir='ltr'><strong>ea</strong></span> <span class='ocrx_word' id='word_1_394' title='bbox 1232 3234 1371 3272; x_wconf 91' lang='lat' dir='ltr'><strong>nunc</strong></span> <span class='ocrx_word' id='word_1_395' title='bbox 1400 3216 1665 3271; x_wconf 75' lang='lat' dir='ltr'><strong>locutidue</strong></span> <span class='ocrx_word' id='word_1_396' title='bbox 1699 3228 1939 3281; x_wconf 90' lang='lat' dir='ltr'><strong>tantum,</strong></span> 
     </span>
    </p>
   </div>
   <div class='ocr_carea' id='block_1_53' title="bbox 375 3286 1938 3358">
    <p class='ocr_par' dir='ltr' id='par_1_53' title="bbox 375 3286 1938 3358">
     <span class='ocr_line' id='line_1_54' title="bbox 375 3286 1938 3358; baseline 0.003 -23"><span class='ocrx_word' id='word_1_397' title='bbox 375 3299 534 3358; x_wconf 76' lang='lat' dir='ltr'><strong>quain</strong></span> <span class='ocrx_word' id='word_1_398' title='bbox 557 3286 643 3339; x_wconf 90' lang='lat' dir='ltr'><strong>hic</strong></span> <span class='ocrx_word' id='word_1_399' title='bbox 669 3286 817 3358; x_wconf 72' lang='lat' dir='ltr'><strong>habet</strong></span> <span class='ocrx_word' id='word_1_400' title='bbox 856 3286 1132 3358; x_wconf 87' lang='lat' dir='ltr'><strong>Didymus,</strong></span> <span class='ocrx_word' id='word_1_401' title='bbox 1164 3304 1329 3358; x_wconf 86' lang='lat' dir='ltr'><strong>pauca</strong></span> <span class='ocrx_word' id='word_1_402' title='bbox 1355 3290 1568 3341; x_wconf 84' lang='lat' dir='ltr'><strong>addam.</strong></span> <span class='ocrx_word' id='word_1_403' title='bbox 1602 3290 1677 3341; x_wconf 89' lang='lat' dir='ltr'><strong>Ac</strong></span> <span class='ocrx_word' id='word_1_404' title='bbox 1709 3290 1938 3356; x_wconf 90' lang='lat' dir='ltr'><strong>primum</strong></span> 
     </span>
    </p>
   </div>
   <div class='ocr_carea' id='block_1_54' title="bbox 376 3354 1943 3426">
    <p class='ocr_par' dir='ltr' id='par_1_54' title="bbox 376 3354 1943 3426">
     <span class='ocr_line' id='line_1_55' title="bbox 376 3354 1943 3426; baseline 0.005 -23"><span class='ocrx_word' id='word_1_405' title='bbox 376 3354 591 3422; x_wconf 86' lang='lat' dir='ltr'><strong>quidem</strong></span> <span class='ocrx_word' id='word_1_406' title='bbox 627 3370 692 3408; x_wconf 82' lang='lat' dir='ltr'><strong>ex</strong></span> <span class='ocrx_word' id='word_1_407' title='bbox 723 3355 1126 3425; x_wconf 78' lang='lat' dir='ltr'><strong>Pelagianorum</strong></span> <span class='ocrx_word' id='word_1_408' title='bbox 1162 3354 1386 3413; x_wconf 72' lang='lat' dir='ltr'><strong>historia</strong></span> <span class='ocrx_word' id='word_1_409' title='bbox 1419 3360 1667 3411; x_wconf 89' lang='lat' dir='ltr'><strong>omnibus</strong></span> <span class='ocrx_word' id='word_1_410' title='bbox 1697 3354 1943 3426; x_wconf 83' lang='lat' dir='ltr'><strong>comper-</strong></span> 
     </span>
    </p>
   </div>
   <div class='ocr_carea' id='block_1_55' title="bbox 378 3427 1945 3497">
    <p class='ocr_par' dir='ltr' id='par_1_55' title="bbox 378 3427 1945 3497">
     <span class='ocr_line' id='line_1_56' title="bbox 378 3427 1945 3497; baseline 0.006 -23"><span class='ocrx_word' id='word_1_411' title='bbox 378 3433 488 3475; x_wconf 90' lang='lat' dir='ltr'><strong>tuin</strong></span> <span class='ocrx_word' id='word_1_412' title='bbox 536 3434 651 3497; x_wconf 82' lang='lat' dir='ltr'><strong>est,</strong></span> <span class='ocrx_word' id='word_1_413' title='bbox 705 3436 826 3497; x_wconf 89' lang='lat' dir='ltr'><strong>post</strong></span> <span class='ocrx_word' id='word_1_414' title='bbox 875 3427 1080 3497; x_wconf 84' lang='lat' dir='ltr'><strong>Didymi</strong></span> <span class='ocrx_word' id='word_1_415' title='bbox 1124 3430 1326 3483; x_wconf 87' lang='lat' dir='ltr'><strong>obitum</strong></span> <span class='ocrx_word' id='word_1_416' title='bbox 1372 3430 1631 3481; x_wconf 81' lang='lat' dir='ltr'><strong>duntaxat</strong></span> <span class='ocrx_word' id='word_1_417' title='bbox 1677 3428 1945 3483; x_wconf 65' lang='lat' dir='ltr'><strong>lucreseos</strong></span> 
     </span>
    </p>
   </div>
   <div class='ocr_carea' id='block_1_56' title="bbox 377 3494 1944 3567">
    <p class='ocr_par' dir='ltr' id='par_1_56' title="bbox 377 3494 1944 3567">
     <span class='ocr_line' id='line_1_57' title="bbox 377 3494 1944 3567; baseline 0.004 -22"><span class='ocrx_word' id='word_1_418' title='bbox 377 3494 707 3567; x_wconf 47' lang='lat' dir='ltr'><strong>suasvirus,</strong></span> <span class='ocrx_word' id='word_1_419' title='bbox 754 3494 1175 3563; x_wconf 83' lang='lat' dir='ltr'><strong>ingratissimum</strong></span> <span class='ocrx_word' id='word_1_420' title='bbox 1228 3500 1335 3552; x_wconf 87' lang='lat' dir='ltr'><strong>Deo</strong></span> <span class='ocrx_word' id='word_1_421' title='bbox 1374 3498 1645 3567; x_wconf 79' lang='lat' dir='ltr'><strong>Pelagium</strong></span> <span class='ocrx_word' id='word_1_422' title='bbox 1692 3514 1944 3551; x_wconf 88' lang='lat' dir='ltr'><strong>evomere</strong></span> 
     </span>
    </p>
   </div>
   <div class='ocr_carea' id='block_1_57' title="bbox 378 3564 1944 3639">
    <p class='ocr_par' dir='ltr' id='par_1_57' title="bbox 378 3564 1944 3639">
     <span class='ocr_line' id='line_1_58' title="bbox 378 3564 1944 3639; baseline 0.003 -22"><span class='ocrx_word' id='word_1_423' title='bbox 378 3564 643 3639; x_wconf 68' lang='lat' dir='ltr'><strong>cmpisse;</strong></span> <span class='ocrx_word' id='word_1_424' title='bbox 680 3566 933 3639; x_wconf 72' lang='lat' dir='ltr'><strong>deinceps</strong></span> <span class='ocrx_word' id='word_1_425' title='bbox 970 3583 1095 3621; x_wconf 87' lang='lat' dir='ltr'><strong>vero</strong></span> <span class='ocrx_word' id='word_1_426' title='bbox 1123 3570 1325 3639; x_wconf 88' lang='lat' dir='ltr'><strong>aliquot</strong></span> <span class='ocrx_word' id='word_1_427' title='bbox 1368 3580 1488 3632; x_wconf 88' lang='lat' dir='ltr'><strong>post</strong></span> <span class='ocrx_word' id='word_1_428' title='bbox 1508 3564 1695 3621; x_wconf 56' lang='lat' dir='ltr'><strong>&#39;annos</strong></span> <span class='ocrx_word' id='word_1_429' title='bbox 1728 3570 1944 3639; x_wconf 82' lang='lat' dir='ltr'><strong>scriptis</strong></span> 
     </span>
    </p>
   </div>
   <div class='ocr_carea' id='block_1_58' title="bbox 378 3636 1945 3708">
    <p class='ocr_par' dir='ltr' id='par_1_58' title="bbox 378 3636 1945 3708">
     <span class='ocr_line' id='line_1_59' title="bbox 378 3636 1945 3708; baseline 0.004 -23"><span class='ocrx_word' id='word_1_430' title='bbox 378 3643 566 3687; x_wconf 85' lang='lat' dir='ltr'><strong>contra</strong></span> <span class='ocrx_word' id='word_1_431' title='bbox 608 3636 913 3690; x_wconf 66' lang='lat' dir='ltr'><strong>hazreticuin</strong></span> <span class='ocrx_word' id='word_1_432' title='bbox 952 3636 1227 3694; x_wconf 82' lang='lat' dir='ltr'><strong>hominem</strong></span> <span class='ocrx_word' id='word_1_433' title='bbox 1269 3654 1505 3708; x_wconf 83' lang='lat' dir='ltr'><strong>pugnare</strong></span> <span class='ocrx_word' id='word_1_434' title='bbox 1556 3640 1787 3706; x_wconf 71' lang='lat' dir='ltr'><strong>cmpisse</strong></span> <span class='ocrx_word' id='word_1_435' title='bbox 1822 3638 1945 3691; x_wconf 84' lang='lat' dir='ltr'><strong>Hie-</strong></span> 
     </span>
    </p>
   </div>
   <div class='ocr_carea' id='block_1_59' title="bbox 382 3708 1938 3776">
    <p class='ocr_par' dir='ltr' id='par_1_59' title="bbox 382 3708 1938 3776">
     <span class='ocr_line' id='line_1_60' title="bbox 382 3708 1938 3776; baseline 0.003 -21"><span class='ocrx_word' id='word_1_436' title='bbox 382 3717 664 3776; x_wconf 82' lang='lat' dir='ltr'><strong>ronymum</strong></span> <span class='ocrx_word' id='word_1_437' title='bbox 698 3718 857 3774; x_wconf 89' lang='lat' dir='ltr'><strong>atque</strong></span> <span class='ocrx_word' id='word_1_438' title='bbox 899 3708 1289 3776; x_wconf 80' lang='lat' dir='ltr'><strong>Augustinum;</strong></span> <span class='ocrx_word' id='word_1_439' title='bbox 1323 3725 1387 3763; x_wconf 88' lang='lat' dir='ltr'><strong>ac</strong></span> <span class='ocrx_word' id='word_1_440' title='bbox 1417 3718 1527 3761; x_wconf 91' lang='lat' dir='ltr'><strong>tum</strong></span> <span class='ocrx_word' id='word_1_441' title='bbox 1554 3709 1789 3776; x_wconf 87' lang='lat' dir='ltr'><strong>denique</strong></span> <span class='ocrx_word' id='word_1_442' title='bbox 1820 3711 1938 3762; x_wconf 77' lang='lat' dir='ltr'><strong>exi-</strong></span> 
     </span>
    </p>
   </div>
   <div class='ocr_carea' id='block_1_60' title="bbox 384 3773 1942 3850">
    <p class='ocr_par' dir='ltr' id='par_1_60' title="bbox 384 3773 1942 3850">
     <span class='ocr_line' id='line_1_61' title="bbox 384 3773 1942 3850; baseline 0.002 -24"><span class='ocrx_word' id='word_1_443' title='bbox 384 3774 508 3850; x_wconf 49' lang='lat' dir='ltr'><strong>tniale</strong></span> <span class='ocrx_word' id='word_1_444' title='bbox 539 3773 688 3850; x_wconf 82' lang='lat' dir='ltr'><strong>illud,</strong></span> <span class='ocrx_word' id='word_1_445' title='bbox 848 3773 1111 3850; x_wconf 70' lang='lat' dir='ltr'><strong>superbia:</strong></span> <span class='ocrx_word' id='word_1_446' title='bbox 1142 3782 1357 3850; x_wconf 89' lang='lat' dir='ltr'><strong>plenum</strong></span> <span class='ocrx_word' id='word_1_447' title='bbox 1390 3781 1601 3847; x_wconf 85' lang='lat' dir='ltr'><strong>dogma,</strong></span> <span class='ocrx_word' id='word_1_448' title='bbox 1646 3773 1787 3847; x_wconf 81' lang='lat' dir='ltr'><strong>quod</strong></span> <span class='ocrx_word' id='word_1_449' title='bbox 1832 3779 1942 3850; x_wconf 89' lang='lat' dir='ltr'><strong>ipsa</strong></span> 
     </span>
    </p>
   </div>
   <div class='ocr_carea' id='block_1_61' title="bbox 380 3843 1946 3915">
    <p class='ocr_par' dir='ltr' id='par_1_61' title="bbox 380 3843 1946 3915">
     <span class='ocr_line' id='line_1_62' title="bbox 380 3843 1946 3915; baseline 0.004 -20"><span class='ocrx_word' id='word_1_450' title='bbox 380 3843 702 3915; x_wconf 70' lang='lat' dir='ltr'><strong>Christiana:</strong></span> <span class='ocrx_word' id='word_1_451' title='bbox 730 3843 1003 3915; x_wconf 82' lang='lat' dir='ltr'><strong>religionis</strong></span> <span class='ocrx_word' id='word_1_452' title='bbox 1032 3843 1373 3904; x_wconf 78' lang='lat' dir='ltr'><strong>fundamenta</strong></span> <span class='ocrx_word' id='word_1_453' title='bbox 1408 3843 1709 3903; x_wconf 63' lang='lat' dir='ltr'><strong>convellere</strong></span> <span class='ocrx_word' id='word_1_454' title='bbox 1742 3843 1946 3902; x_wconf 76' lang='lat' dir='ltr'><strong>niteba-</strong></span> 
     </span>
    </p>
   </div>
   <div class='ocr_carea' id='block_1_62' title="bbox 382 3914 1943 3987">
    <p class='ocr_par' dir='ltr' id='par_1_62' title="bbox 382 3914 1943 3987">
     <span class='ocr_line' id='line_1_63' title="bbox 382 3914 1943 3987; baseline 0.002 -22"><span class='ocrx_word' id='word_1_455' title='bbox 382 3920 489 3977; x_wconf 86' lang='lat' dir='ltr'><strong>tur,</strong></span> <span class='ocrx_word' id='word_1_456' title='bbox 536 3914 879 3987; x_wconf 81' lang='lat' dir='ltr'><strong>anathemate</strong></span> <span class='ocrx_word' id='word_1_457' title='bbox 924 3920 989 3971; x_wconf 89' lang='lat' dir='ltr'><strong>ab</strong></span> <span class='ocrx_word' id='word_1_458' title='bbox 1033 3919 1339 3974; x_wconf 88' lang='lat' dir='ltr'><strong>Innocentio</strong></span> <span class='ocrx_word' id='word_1_459' title='bbox 1383 3919 1625 3973; x_wconf 76' lang='lat' dir='ltr'><strong>Romano</strong></span> <span class='ocrx_word' id='word_1_460' title='bbox 1672 3920 1943 3987; x_wconf 88' lang='lat' dir='ltr'><strong>pontitice,</strong></span> 
     </span>
    </p>
   </div>
   <div class='ocr_carea' id='block_1_63' title="bbox 380 3985 1945 4057">
    <p class='ocr_par' dir='ltr' id='par_1_63' title="bbox 380 3985 1945 4057">
     <span class='ocr_line' id='line_1_64' title="bbox 380 3985 1945 4057; baseline 0.006 -23"><span class='ocrx_word' id='word_1_461' title='bbox 380 3991 543 4057; x_wconf 84' lang='lat' dir='ltr'><strong>atque</strong></span> <span class='ocrx_word' id='word_1_462' title='bbox 593 3985 661 4037; x_wconf 89' lang='lat' dir='ltr'><strong>ab</strong></span> <span class='ocrx_word' id='word_1_463' title='bbox 720 3987 967 4041; x_wconf 84' lang='lat' dir='ltr'><strong>universa</strong></span> <span class='ocrx_word' id='word_1_464' title='bbox 1014 3990 1254 4046; x_wconf 80' lang='lat' dir='ltr'><strong>Ecclesia</strong></span> <span class='ocrx_word' id='word_1_465' title='bbox 1317 3992 1619 4057; x_wconf 89' lang='lat' dir='ltr'><strong>perculsum</strong></span> <span class='ocrx_word' id='word_1_466' title='bbox 1674 3985 1829 4044; x_wconf 78' lang='lat' dir='ltr'><strong>esse.</strong></span> <span class='ocrx_word' id='word_1_467' title='bbox 1877 3988 1945 4043; x_wconf 90' lang='lat' dir='ltr'><strong>lis</strong></span> 
     </span>
    </p>
   </div>
   <div class='ocr_carea' id='block_1_64' title="bbox 383 4052 1942 4127">
    <p class='ocr_par' dir='ltr' id='par_1_64' title="bbox 383 4052 1942 4127">
     <span class='ocr_line' id='line_1_65' title="bbox 383 4052 1942 4127; baseline 0.004 -22"><span class='ocrx_word' id='word_1_468' title='bbox 383 4052 565 4127; x_wconf 87' lang='lat' dir='ltr'><strong>itaque</strong></span> <span class='ocrx_word' id='word_1_469' title='bbox 619 4058 950 4123; x_wconf 80' lang='lat' dir='ltr'><strong>temporibus</strong></span> <span class='ocrx_word' id='word_1_470' title='bbox 1002 4075 1164 4125; x_wconf 80' lang='lat' dir='ltr'><strong>opera</strong></span> <span class='ocrx_word' id='word_1_471' title='bbox 1223 4052 1331 4115; x_wconf 73' lang='lat' dir='ltr'><strong>sua</strong></span> <span class='ocrx_word' id='word_1_472' title='bbox 1368 4061 1604 4112; x_wconf 88' lang='lat' dir='ltr'><strong>dictabat</strong></span> <span class='ocrx_word' id='word_1_473' title='bbox 1662 4058 1942 4127; x_wconf 84' lang='lat' dir='ltr'><strong>Didymus,</strong></span> 
     </span>
    </p>
   </div>
   <div class='ocr_carea' id='block_1_65' title="bbox 383 4123 1948 4199">
    <p class='ocr_par' dir='ltr' id='par_1_65' title="bbox 383 4123 1948 4199">
     <span class='ocr_line' id='line_1_66' title="bbox 383 4123 1948 4199; baseline 0.006 -26"><span class='ocrx_word' id='word_1_474' title='bbox 383 4123 578 4199; x_wconf 82' lang='lat' dir='ltr'><strong>quibus</strong></span> <span class='ocrx_word' id='word_1_475' title='bbox 614 4128 861 4199; x_wconf 72' lang='lat' dir='ltr'><strong>nonnulli</strong></span> <span class='ocrx_word' id='word_1_476' title='bbox 916 4123 1144 4192; x_wconf 82' lang='lat' dir='ltr'><strong>Patres,</strong></span> <span class='ocrx_word' id='word_1_477' title='bbox 1200 4142 1255 4183; x_wconf 92' lang='lat' dir='ltr'><strong>ut</strong></span> <span class='ocrx_word' id='word_1_478' title='bbox 1309 4130 1637 4199; x_wconf 83' lang='lat' dir='ltr'><strong>Augustinus</strong></span> <span class='ocrx_word' id='word_1_479' title='bbox 1687 4123 1823 4181; x_wconf 70' lang='lat' dir='ltr'><strong>libro</strong></span> <span class='ocrx_word' id='word_1_480' title='bbox 1872 4128 1948 4182; x_wconf 85' lang='lat' dir='ltr'><strong>De</strong></span> 
     </span>
    </p>
   </div>
   <div class='ocr_carea' id='block_1_66' title="bbox 381 4192 1945 4267">
    <p class='ocr_par' dir='ltr' id='par_1_66' title="bbox 381 4192 1945 4267">
     <span class='ocr_line' id='line_1_67' title="bbox 381 4192 1945 4267; baseline 0.005 -24"><span class='ocrx_word' id='word_1_481' title='bbox 381 4192 840 4267; x_wconf 75' lang='lat' dir='ltr'><strong>prtedestinatione</strong></span> <span class='ocrx_word' id='word_1_482' title='bbox 859 4210 1179 4262; x_wconf 80' lang='lat' dir='ltr'><strong>sanctorum,</strong></span> <span class='ocrx_word' id='word_1_483' title='bbox 1212 4215 1328 4267; x_wconf 89' lang='lat' dir='ltr'><strong>cap.</strong></span> <span class='ocrx_word' id='word_1_484' title='bbox 1365 4192 1511 4261; x_wconf 52' lang='lat' dir='ltr'><strong>x&#39;xiv,</strong></span> <span class='ocrx_word' id='word_1_485' title='bbox 1538 4200 1945 4261; x_wconf 87' lang='lat' dir='ltr'><strong>animadvertit,</strong></span> 
     </span>
    </p>
   </div>
   <div class='ocr_carea' id='block_1_67' title="bbox 386 4265 1948 4339">
    <p class='ocr_par' dir='ltr' id='par_1_67' title="bbox 386 4265 1948 4339">
     <span class='ocr_line' id='line_1_68' title="bbox 386 4265 1948 4339; baseline 0.005 -26"><span class='ocrx_word' id='word_1_486' title='bbox 386 4276 493 4314; x_wconf 92' lang='lat' dir='ltr'><strong>non</strong></span> <span class='ocrx_word' id='word_1_487' title='bbox 523 4265 941 4339; x_wconf 71' lang='lat' dir='ltr'><strong>satisaccurate</strong></span> <span class='ocrx_word' id='word_1_488' title='bbox 972 4270 1036 4321; x_wconf 92' lang='lat' dir='ltr'><strong>de</strong></span> <span class='ocrx_word' id='word_1_489' title='bbox 1063 4271 1232 4337; x_wconf 86' lang='lat' dir='ltr'><strong>gratia</strong></span> <span class='ocrx_word' id='word_1_490' title='bbox 1271 4265 1360 4323; x_wconf 84' lang='lat' dir='ltr'><strong>Dei</strong></span> <span class='ocrx_word' id='word_1_491' title='bbox 1385 4309 1400 4331; x_wconf 89' lang='lat'><strong>,</strong></span> <span class='ocrx_word' id='word_1_492' title='bbox 1452 4269 1671 4339; x_wconf 82' lang='lat' dir='ltr'><strong>ejusque</strong></span> <span class='ocrx_word' id='word_1_493' title='bbox 1716 4270 1948 4321; x_wconf 86' lang='lat' dir='ltr'><strong>necessi-</strong></span> 
     </span>
    </p>
   </div>
   <div class='ocr_carea' id='block_1_68' title="bbox 386 4331 1945 4406">
    <p class='ocr_par' dir='ltr' id='par_1_68' title="bbox 386 4331 1945 4406">
     <span class='ocr_line' id='line_1_69' title="bbox 386 4331 1945 4406; baseline 0.006 -25"><span class='ocrx_word' id='word_1_494' title='bbox 386 4340 496 4384; x_wconf 87' lang='lat' dir='ltr'><strong>tate</strong></span> <span class='ocrx_word' id='word_1_495' title='bbox 522 4331 699 4406; x_wconf 77' lang='lat' dir='ltr'><strong>locuti</strong></span> <span class='ocrx_word' id='word_1_496' title='bbox 730 4346 874 4398; x_wconf 89' lang='lat' dir='ltr'><strong>sunt,</strong></span> <span class='ocrx_word' id='word_1_497' title='bbox 910 4339 1032 4403; x_wconf 89' lang='lat' dir='ltr'><strong>quia</strong></span> <span class='ocrx_word' id='word_1_498' title='bbox 1064 4331 1188 4393; x_wconf 68' lang='lat' dir='ltr'><strong>cum</strong></span> <span class='ocrx_word' id='word_1_499' title='bbox 1224 4339 1272 4392; x_wconf 92' lang='lat' dir='ltr'><strong>ei</strong></span> <span class='ocrx_word' id='word_1_500' title='bbox 1321 4331 1555 4392; x_wconf 79' lang='lat' dir='ltr'><strong>nondum</strong></span> <span class='ocrx_word' id='word_1_501' title='bbox 1587 4331 1623 4391; x_wconf 70' lang='grc' dir='ltr'>ἐι</span> <span class='ocrx_word' id='word_1_502' title='bbox 1680 4354 1945 4406; x_wconf 88' lang='lat' dir='ltr'><strong>quoquam</strong></span> 
     </span>
    </p>
   </div>
   <div class='ocr_carea' id='block_1_69' title="bbox 384 4402 1942 4479">
    <p class='ocr_par' dir='ltr' id='par_1_69' title="bbox 384 4402 1942 4479">
     <span class='ocr_line' id='line_1_70' title="bbox 384 4402 1942 4479; baseline 0.003 -26"><span class='ocrx_word' id='word_1_503' title='bbox 384 4414 569 4467; x_wconf 84' lang='lat' dir='ltr'><strong>aperte</strong></span> <span class='ocrx_word' id='word_1_504' title='bbox 600 4402 794 4479; x_wconf 85' lang='lat' dir='ltr'><strong>bellum</strong></span> <span class='ocrx_word' id='word_1_505' title='bbox 826 4402 1081 4460; x_wconf 86' lang='lat' dir='ltr'><strong>indictum</strong></span> <span class='ocrx_word' id='word_1_506' title='bbox 1113 4419 1277 4470; x_wconf 85' lang='lat' dir='ltr'><strong>esset,</strong></span> <span class='ocrx_word' id='word_1_507' title='bbox 1310 4414 1539 4463; x_wconf 74' lang='lat' dir='ltr'><strong>securius</strong></span> <span class='ocrx_word' id='word_1_508' title='bbox 1583 4402 1942 4479; x_wconf 76' lang='lat' dir='ltr'><strong>loquebantur,</strong></span> 
     </span>
    </p>
   </div>
   <div class='ocr_carea' id='block_1_70' title="bbox 385 4450 2022 4546">
    <p class='ocr_par' dir='ltr' id='par_1_70' title="bbox 385 4450 2022 4546">
     <span class='ocr_line' id='line_1_71' title="bbox 385 4450 2022 4546; baseline 0.005 -24"><span class='ocrx_word' id='word_1_509' title='bbox 385 4450 505 4546; x_wconf 63' lang='lat' dir='ltr'><strong>eam</strong></span> <span class='ocrx_word' id='word_1_510' title='bbox 542 4477 916 4546; x_wconf 82' lang='lat' dir='ltr'><strong>necessitatem</strong></span> <span class='ocrx_word' id='word_1_511' title='bbox 963 4450 1360 4546; x_wconf 73' lang='lat' dir='ltr'><strong>Stippiinetidaiii</strong></span> <span class='ocrx_word' id='word_1_512' title='bbox 1413 4481 1591 4546; x_wconf 89' lang='lat' dir='ltr'><strong>potius</strong></span> <span class='ocrx_word' id='word_1_513' title='bbox 1636 4450 1773 4541; x_wconf 51' lang='grc' dir='ltr'><strong>ἔξω,</strong></span> <span class='ocrx_word' id='word_1_514' title='bbox 1824 4452 1944 4530; x_wconf 81' lang='lat' dir='ltr'><strong>cuni</strong></span> <span class='ocrx_word' id='word_1_515' title='bbox 1980 4450 2022 4505; x_wconf 74' lang='grc' dir='ltr'>θ</span> 
     </span>
    </p>
   </div>
   <div class='ocr_carea' id='block_1_71' title="bbox 384 4544 1946 4617">
    <p class='ocr_par' dir='ltr' id='par_1_71' title="bbox 384 4544 1946 4617">
     <span class='ocr_line' id='line_1_72' title="bbox 384 4544 1946 4617; baseline 0.01 -23"><span class='ocrx_word' id='word_1_516' title='bbox 384 4544 454 4595; x_wconf 86' lang='lat' dir='ltr'><strong>de</strong></span> <span class='ocrx_word' id='word_1_517' title='bbox 502 4544 708 4596; x_wconf 85' lang='lat' dir='ltr'><strong>arbitrii</strong></span> <span class='ocrx_word' id='word_1_518' title='bbox 765 4545 977 4617; x_wconf 85' lang='lat' dir='ltr'><strong>viribus</strong></span> <span class='ocrx_word' id='word_1_519' title='bbox 1022 4544 1199 4603; x_wconf 68' lang='lat' dir='ltr'><strong>sermo</strong></span> <span class='ocrx_word' id='word_1_520' title='bbox 1255 4544 1430 4611; x_wconf 70' lang='lat' dir='ltr'><strong>esset,</strong></span> <span class='ocrx_word' id='word_1_521' title='bbox 1489 4565 1649 4617; x_wconf 89' lang='lat' dir='ltr'><strong>quam</strong></span> <span class='ocrx_word' id='word_1_522' title='bbox 1718 4560 1946 4617; x_wconf 73' lang='lat' dir='ltr'><strong>aperte.</strong></span> 
     </span>
    </p>
   </div>
   <div class='ocr_carea' id='block_1_72' title="bbox 384 4616 1938 4686">
    <p class='ocr_par' dir='ltr' id='par_1_72' title="bbox 384 4616 1938 4686">
     <span class='ocr_line' id='line_1_73' title="bbox 384 4616 1938 4686; baseline 0.005 -23"><span class='ocrx_word' id='word_1_523' title='bbox 384 4626 672 4680; x_wconf 82' lang='lat' dir='ltr'><strong>expresse,</strong></span> <span class='ocrx_word' id='word_1_524' title='bbox 710 4629 772 4670; x_wconf 84' lang='lat' dir='ltr'><strong>ac</strong></span> <span class='ocrx_word' id='word_1_525' title='bbox 809 4616 1093 4671; x_wconf 82' lang='lat' dir='ltr'><strong>manifesto</strong></span> <span class='ocrx_word' id='word_1_526' title='bbox 1133 4618 1329 4686; x_wconf 87' lang='lat' dir='ltr'><strong>ubique</strong></span> <span class='ocrx_word' id='word_1_527' title='bbox 1360 4616 1763 4673; x_wconf 79' lang='lat' dir='ltr'><strong>insinuaudain.</strong></span> <span class='ocrx_word' id='word_1_528' title='bbox 1794 4619 1938 4683; x_wconf 87' lang='lat' dir='ltr'><strong>Qua-</strong></span> 
     </span>
    </p>
   </div>
   <div class='ocr_carea' id='block_1_73' title="bbox 385 4688 1949 4760">
    <p class='ocr_par' dir='ltr' id='par_1_73' title="bbox 385 4688 1949 4760">
     <span class='ocr_line' id='line_1_74' title="bbox 385 4688 1949 4760; baseline 0.002 -25"><span class='ocrx_word' id='word_1_529' title='bbox 385 4694 608 4760; x_wconf 76' lang='lat' dir='ltr'><strong>propter</strong></span> <span class='ocrx_word' id='word_1_530' title='bbox 650 4700 774 4760; x_wconf 77' lang='lat' dir='ltr'><strong>cum</strong></span> <span class='ocrx_word' id='word_1_531' title='bbox 813 4688 1076 4741; x_wconf 84' lang='lat' dir='ltr'><strong>dicentem</strong></span> <span class='ocrx_word' id='word_1_532' title='bbox 1121 4689 1404 4760; x_wconf 89' lang='lat' dir='ltr'><strong>Didymum</strong></span> <span class='ocrx_word' id='word_1_533' title='bbox 1451 4690 1718 4753; x_wconf 89' lang='lat' dir='ltr'><strong>audimus,</strong></span> <span class='ocrx_word' id='word_1_534' title='bbox 1762 4706 1853 4741; x_wconf 86' lang='lat' dir='ltr'><strong>nos</strong></span> <span class='ocrx_word' id='word_1_535' title='bbox 1886 4704 1949 4739; x_wconf 76' lang='lat' dir='ltr'><strong>ea:</strong></span> 
     </span>
    </p>
   </div>
   <div class='ocr_carea' id='block_1_74' title="bbox 385 4754 1948 4822">
    <p class='ocr_par' dir='ltr' id='par_1_74' title="bbox 385 4754 1948 4822">
     <span class='ocr_line' id='line_1_75' title="bbox 385 4754 1948 4822; baseline 0.004 -19"><span class='ocrx_word' id='word_1_536' title='bbox 385 4755 597 4820; x_wconf 77' lang='lat' dir='ltr'><strong>propria</strong></span> <span class='ocrx_word' id='word_1_537' title='bbox 626 4754 896 4821; x_wconf 82' lang='lat' dir='ltr'><strong>electione,</strong></span> <span class='ocrx_word' id='word_1_538' title='bbox 920 4774 1009 4811; x_wconf 80' lang='lat' dir='ltr'><strong>seu</strong></span> <span class='ocrx_word' id='word_1_539' title='bbox 1028 4754 1289 4812; x_wconf 71' lang='lat' dir='ltr'><strong>voluntate</strong></span> <span class='ocrx_word' id='word_1_540' title='bbox 1308 4759 1517 4822; x_wconf 82' lang='lat' dir='ltr'><strong>habere,</strong></span> <span class='ocrx_word' id='word_1_541' title='bbox 1555 4771 1609 4812; x_wconf 87' lang='lat' dir='ltr'><strong>ut</strong></span> <span class='ocrx_word' id='word_1_542' title='bbox 1638 4759 1756 4812; x_wconf 88' lang='lat' dir='ltr'><strong>boni</strong></span> <span class='ocrx_word' id='word_1_543' title='bbox 1788 4762 1948 4810; x_wconf 76' lang='lat' dir='ltr'><strong>simus</strong></span> 
     </span>
    </p>
   </div>
   <div class='ocr_carea' id='block_1_75' title="bbox 386 4824 1951 4895">
    <p class='ocr_par' dir='ltr' id='par_1_75' title="bbox 386 4824 1951 4895">
     <span class='ocr_line' id='line_1_76' title="bbox 386 4824 1951 4895; baseline 0.004 -20"><span class='ocrx_word' id='word_1_544' title='bbox 386 4824 462 4876; x_wconf 82' lang='lat' dir='ltr'><strong>vel</strong></span> <span class='ocrx_word' id='word_1_545' title='bbox 519 4824 667 4889; x_wconf 87' lang='lat' dir='ltr'><strong>mali,</strong></span> <span class='ocrx_word' id='word_1_546' title='bbox 720 4829 905 4895; x_wconf 89' lang='lat' dir='ltr'><strong>quidni</strong></span> <span class='ocrx_word' id='word_1_547' title='bbox 956 4828 1091 4882; x_wconf 88' lang='lat' dir='ltr'><strong>hanc</strong></span> <span class='ocrx_word' id='word_1_548' title='bbox 1142 4829 1257 4895; x_wconf 84' lang='lat' dir='ltr'><strong>ejus</strong></span> <span class='ocrx_word' id='word_1_549' title='bbox 1310 4832 1633 4883; x_wconf 86' lang='lat' dir='ltr'><strong>sententiain</strong></span> <span class='ocrx_word' id='word_1_550' title='bbox 1685 4830 1951 4882; x_wconf 89' lang='lat' dir='ltr'><strong>catholico</strong></span> 
     </span>
    </p>
   </div>
   <div class='ocr_carea' id='block_1_76' title="bbox 387 4897 1948 4969">
    <p class='ocr_par' dir='ltr' id='par_1_76' title="bbox 387 4897 1948 4969">
     <span class='ocr_line' id='line_1_77' title="bbox 387 4897 1948 4969; baseline 0.004 -24"><span class='ocrx_word' id='word_1_551' title='bbox 387 4908 548 4947; x_wconf 80' lang='lat' dir='ltr'><strong>sensu</strong></span> <span class='ocrx_word' id='word_1_552' title='bbox 602 4897 973 4969; x_wconf 84' lang='lat' dir='ltr'><strong>accipiamus,</strong></span> <span class='ocrx_word' id='word_1_553' title='bbox 1053 4909 1109 4951; x_wconf 91' lang='lat' dir='ltr'><strong>ut</strong></span> <span class='ocrx_word' id='word_1_554' title='bbox 1149 4902 1342 4954; x_wconf 66' lang='lat' dir='ltr'><strong>divina:</strong></span> <span class='ocrx_word' id='word_1_555' title='bbox 1397 4900 1583 4969; x_wconf 63' lang='lat' dir='ltr'><strong>gratim</strong></span> <span class='ocrx_word' id='word_1_556' title='bbox 1634 4899 1948 4961; x_wconf 84' lang='lat' dir='ltr'><strong>necessitas,</strong></span> 
     </span>
    </p>
   </div>
   <div class='ocr_carea' id='block_1_77' title="bbox 389 4966 1948 5038">
    <p class='ocr_par' dir='ltr' id='par_1_77' title="bbox 389 4966 1948 5038">
     <span class='ocr_line' id='line_1_78' title="bbox 389 4966 1948 5038; baseline 0.003 -22"><span class='ocrx_word' id='word_1_557' title='bbox 389 4966 653 5038; x_wconf 77' lang='lat' dir='ltr'><strong>quatn_in</strong></span> <span class='ocrx_word' id='word_1_558' title='bbox 705 4967 824 5020; x_wconf 90' lang='lat' dir='ltr'><strong>aliis</strong></span> <span class='ocrx_word' id='word_1_559' title='bbox 873 4969 1093 5035; x_wconf 85' lang='lat' dir='ltr'><strong>hujusce</strong></span> <span class='ocrx_word' id='word_1_560' title='bbox 1132 4971 1311 5038; x_wconf 91' lang='lat' dir='ltr'><strong>operis</strong></span> <span class='ocrx_word' id='word_1_561' title='bbox 1350 4966 1480 5023; x_wconf 72' lang='lat' dir='ltr'><strong>locis</strong></span> <span class='ocrx_word' id='word_1_562' title='bbox 1517 4970 1792 5034; x_wconf 77' lang='lat' dir='ltr'><strong>agnoscit,</strong></span> <span class='ocrx_word' id='word_1_563' title='bbox 1845 4984 1948 5021; x_wconf 92' lang='lat' dir='ltr'><strong>non</strong></span> 
     </span>
    </p>
   </div>
   <div class='ocr_carea' id='block_1_78' title="bbox 388 5035 1945 5111">
    <p class='ocr_par' dir='ltr' id='par_1_78' title="bbox 388 5035 1945 5111">
     <span class='ocr_line' id='line_1_79' title="bbox 388 5035 1945 5111; baseline 0.004 -26"><span class='ocrx_word' id='word_1_564' title='bbox 388 5035 705 5111; x_wconf 76' lang='lat' dir='ltr'><strong>excludatur</strong></span> <span class='ocrx_word' id='word_1_565' title='bbox 746 5040 850 5111; x_wconf 87' lang='lat' dir='ltr'><strong>hic,</strong></span> <span class='ocrx_word' id='word_1_566' title='bbox 899 5041 991 5093; x_wconf 88' lang='lat' dir='ltr'><strong>sed</strong></span> <span class='ocrx_word' id='word_1_567' title='bbox 1023 5035 1497 5111; x_wconf 77' lang='lat' dir='ltr'><strong>subiiitelligatur?</strong></span> <span class='ocrx_word' id='word_1_568' title='bbox 1547 5044 1621 5093; x_wconf 85' lang='lat' dir='ltr'><strong>De</strong></span> <span class='ocrx_word' id='word_1_569' title='bbox 1661 5040 1751 5091; x_wconf 88' lang='lat' dir='ltr'><strong>illa</strong></span> <span class='ocrx_word' id='word_1_570' title='bbox 1800 5039 1945 5091; x_wconf 88' lang='lat' dir='ltr'><strong>enim</strong></span> 
     </span>
    </p>
   </div>
   <div class='ocr_carea' id='block_1_79' title="bbox 390 5104 1948 5175">
    <p class='ocr_par' dir='ltr' id='par_1_79' title="bbox 390 5104 1948 5175">
     <span class='ocr_line' id='line_1_80' title="bbox 390 5104 1948 5175; baseline 0.003 -20"><span class='ocrx_word' id='word_1_571' title='bbox 390 5104 652 5169; x_wconf 87' lang='lat' dir='ltr'><strong>doctrina,</strong></span> <span class='ocrx_word' id='word_1_572' title='bbox 684 5122 785 5175; x_wconf 89' lang='lat' dir='ltr'><strong>qua</strong></span> <span class='ocrx_word' id='word_1_573' title='bbox 820 5110 1079 5162; x_wconf 85' lang='lat' dir='ltr'><strong>bonarum</strong></span> <span class='ocrx_word' id='word_1_574' title='bbox 1114 5104 1384 5164; x_wconf 74' lang='lat' dir='ltr'><strong>aetionum</strong></span> <span class='ocrx_word' id='word_1_575' title='bbox 1421 5110 1537 5162; x_wconf 63' lang='lat' dir='ltr'><strong>alite</strong></span> <span class='ocrx_word' id='word_1_576' title='bbox 1566 5112 1763 5161; x_wconf 78' lang='lat' dir='ltr'><strong>ordinis</strong></span> <span class='ocrx_word' id='word_1_577' title='bbox 1792 5121 1948 5160; x_wconf 83' lang='lat' dir='ltr'><strong>natu-</strong></span> 
     </span>
    </p>
   </div>
   <div class='ocr_carea' id='block_1_80' title="bbox 391 5175 1946 5247">
    <p class='ocr_par' dir='ltr' id='par_1_80' title="bbox 391 5175 1946 5247">
     <span class='ocr_line' id='line_1_81' title="bbox 391 5175 1946 5247; baseline 0.004 -23"><span class='ocrx_word' id='word_1_578' title='bbox 391 5175 522 5225; x_wconf 82' lang='lat' dir='ltr'><strong>ralis</strong></span> <span class='ocrx_word' id='word_1_579' title='bbox 584 5190 704 5229; x_wconf 89' lang='lat' dir='ltr'><strong>esse</strong></span> <span class='ocrx_word' id='word_1_580' title='bbox 761 5178 1033 5244; x_wconf 85' lang='lat' dir='ltr'><strong>dicuntur,</strong></span> <span class='ocrx_word' id='word_1_581' title='bbox 1087 5182 1205 5233; x_wconf 74' lang='lat' dir='ltr'><strong>alia:</strong></span> <span class='ocrx_word' id='word_1_582' title='bbox 1252 5181 1453 5234; x_wconf 82' lang='lat' dir='ltr'><strong>ordinis</strong></span> <span class='ocrx_word' id='word_1_583' title='bbox 1512 5180 1946 5247; x_wconf 78' lang='lat' dir='ltr'><strong>supernaturatis,</strong></span> 
     </span>
    </p>
   </div>
   <div class='ocr_carea' id='block_1_81' title="bbox 394 5248 1952 5319">
    <p class='ocr_par' dir='ltr' id='par_1_81' title="bbox 394 5248 1952 5319">
     <span class='ocr_line' id='line_1_82' title="bbox 394 5248 1952 5319; baseline 0.004 -24"><span class='ocrx_word' id='word_1_584' title='bbox 394 5258 572 5319; x_wconf 80' lang='lat' dir='ltr'><strong>meum</strong></span> <span class='ocrx_word' id='word_1_585' title='bbox 624 5262 728 5319; x_wconf 68' lang='lat' dir='ltr'><strong>non</strong></span> <span class='ocrx_word' id='word_1_586' title='bbox 769 5256 851 5300; x_wconf 89' lang='lat' dir='ltr'><strong>est</strong></span> <span class='ocrx_word' id='word_1_587' title='bbox 893 5248 1161 5303; x_wconf 82' lang='lat' dir='ltr'><strong>disserere</strong></span> <span class='ocrx_word' id='word_1_588' title='bbox 1198 5252 1247 5303; x_wconf 91' lang='lat' dir='ltr'><strong>in</strong></span> <span class='ocrx_word' id='word_1_589' title='bbox 1276 5267 1530 5319; x_wconf 65' lang='lat' dir='ltr'><strong>praesens.</strong></span> <span class='ocrx_word' id='word_1_590' title='bbox 1591 5250 1703 5303; x_wconf 90' lang='lat' dir='ltr'><strong>lluc</strong></span> <span class='ocrx_word' id='word_1_591' title='bbox 1745 5251 1952 5319; x_wconf 70' lang='lat' dir='ltr'><strong>accedit</strong></span> 
     </span>
    </p>
   </div>
   <div class='ocr_carea' id='block_1_82' title="bbox 392 5315 1949 5389">
    <p class='ocr_par' dir='ltr' id='par_1_82' title="bbox 392 5315 1949 5389">
     <span class='ocr_line' id='line_1_83' title="bbox 392 5315 1949 5389; baseline 0.005 -25"><span class='ocrx_word' id='word_1_592' title='bbox 392 5315 767 5389; x_wconf 10' lang='lat' dir='ltr'><strong>quodialliues</strong></span> <span class='ocrx_word' id='word_1_593' title='bbox 827 5318 1124 5373; x_wconf 83' lang='lat' dir='ltr'><strong>locutiones</strong></span> <span class='ocrx_word' id='word_1_594' title='bbox 1178 5315 1316 5389; x_wconf 79' lang='lat' dir='ltr'><strong>apud</strong></span> <span class='ocrx_word' id='word_1_595' title='bbox 1370 5323 1504 5375; x_wconf 90' lang='lat' dir='ltr'><strong>alios</strong></span> <span class='ocrx_word' id='word_1_596' title='bbox 1552 5322 1714 5373; x_wconf 86' lang='lat' dir='ltr'><strong>etiam</strong></span> <span class='ocrx_word' id='word_1_597' title='bbox 1762 5317 1949 5372; x_wconf 84' lang='lat' dir='ltr'><strong>Patres</strong></span> 
     </span>
    </p>
   </div>
   <div class='ocr_carea' id='block_1_83' title="bbox 394 5384 1950 5458">
    <p class='ocr_par' dir='ltr' id='par_1_83' title="bbox 394 5384 1950 5458">
     <span class='ocr_line' id='line_1_84' title="bbox 394 5384 1950 5458; baseline 0.001 -22"><span class='ocrx_word' id='word_1_598' title='bbox 394 5384 694 5453; x_wconf 79' lang='lat' dir='ltr'><strong>Pelagianis</strong></span> <span class='ocrx_word' id='word_1_599' title='bbox 729 5390 1057 5458; x_wconf 86' lang='lat' dir='ltr'><strong>temporibus</strong></span> <span class='ocrx_word' id='word_1_600' title='bbox 1090 5384 1418 5458; x_wconf 80' lang='lat' dir='ltr'><strong>antiquiores</strong></span> <span class='ocrx_word' id='word_1_601' title='bbox 1462 5392 1781 5445; x_wconf 85' lang='lat' dir='ltr'><strong>invenimus.</strong></span> <span class='ocrx_word' id='word_1_602' title='bbox 1828 5388 1950 5441; x_wconf 73' lang='lat' dir='ltr'><strong>Cle-</strong></span> 
     </span>
    </p>
   </div>
   <div class='ocr_carea' id='block_1_84' title="bbox 394 5457 1948 5530">
    <p class='ocr_par' dir='ltr' id='par_1_84' title="bbox 394 5457 1948 5530">
     <span class='ocr_line' id='line_1_85' title="bbox 394 5457 1948 5530; baseline 0.003 -24"><span class='ocrx_word' id='word_1_603' title='bbox 394 5457 822 5530; x_wconf 72' lang='lat' dir='ltr'><strong>inens,_exen_ipli</strong></span> <span class='ocrx_word' id='word_1_604' title='bbox 855 5474 1039 5530; x_wconf 74' lang='lat' dir='ltr'><strong>causa,</strong></span> <span class='ocrx_word' id='word_1_605' title='bbox 1092 5461 1141 5511; x_wconf 92' lang='lat' dir='ltr'><strong>in</strong></span> <span class='ocrx_word' id='word_1_606' title='bbox 1173 5457 1488 5530; x_wconf 65' lang='lat' dir='ltr'><strong>Picdagogo,</strong></span> <span class='ocrx_word' id='word_1_607' title='bbox 1516 5476 1634 5528; x_wconf 86' lang='lat' dir='ltr'><strong>pag.</strong></span> <span class='ocrx_word' id='word_1_608' title='bbox 1674 5460 1790 5522; x_wconf 83' lang='lat' dir='ltr'><strong>llS,</strong></span> <span class='ocrx_word' id='word_1_609' title='bbox 1822 5458 1948 5511; x_wconf 88' lang='lat' dir='ltr'><strong>edit.</strong></span> 
     </span>
    </p>
   </div>
   <div class='ocr_carea' id='block_1_85' title="bbox 391 5524 1953 5600">
    <p class='ocr_par' dir='ltr' id='par_1_85' title="bbox 391 5524 1953 5600">
     <span class='ocr_line' id='line_1_86' title="bbox 391 5524 1953 5600; baseline -0.001 -19"><span class='ocrx_word' id='word_1_610' title='bbox 391 5524 591 5600; x_wconf 76' lang='lat' dir='ltr'><strong>Potteri</strong></span> <span class='ocrx_word' id='word_1_611' title='bbox 628 5526 740 5600; x_wconf 73' lang='lat' dir='ltr'><strong>:_(_)&#39;i</strong></span> <span class='ocrx_word' id='word_1_612' title='bbox 773 5528 1239 5599; x_wconf 79' lang='grc' dir='ltr'>πεπιστεύκαμεν,</span> <span class='ocrx_word' id='word_1_613' title='bbox 1272 5524 1730 5600; x_wconf 64' lang='grc' dir='ltr'>ἱιιῴιίι,ἓκουσίῳ</span> <span class='ocrx_word' id='word_1_614' title='bbox 1762 5546 1953 5600; x_wconf 78' lang='grc' dir='ltr'>προαι-</span> 
     </span>
    </p>
   </div>
   <div class='ocr_carea' id='block_1_86' title="bbox 395 5596 1953 5668">
    <p class='ocr_par' dir='ltr' id='par_1_86' title="bbox 395 5596 1953 5668">
     <span class='ocr_line' id='line_1_87' title="bbox 395 5596 1953 5668; baseline 0.002 -19"><span class='ocrx_word' id='word_1_615' title='bbox 395 5598 541 5668; x_wconf 79' lang='grc' dir='ltr'>ρέσει</span> <span class='ocrx_word' id='word_1_616' title='bbox 572 5596 886 5668; x_wconf 78' lang='grc' dir='ltr'>σωζόμενοι,</span> <span class='ocrx_word' id='word_1_617' title='bbox 911 5602 960 5653; x_wconf 89' lang='lat' dir='ltr'><strong>id</strong></span> <span class='ocrx_word' id='word_1_618' title='bbox 985 5596 1228 5665; x_wconf 50' lang='lat' dir='ltr'><strong>esthui</strong></span> <span class='ocrx_word' id='word_1_619' title='bbox 1280 5596 1622 5664; x_wconf 75' lang='lat' dir='ltr'><strong>credidimus,</strong></span> <span class='ocrx_word' id='word_1_620' title='bbox 1659 5596 1953 5654; x_wconf 75' lang='lat' dir='ltr'><strong>voluntaria</strong></span> 
     </span>
    </p>
   </div>
   <div class='ocr_carea' id='block_1_87' title="bbox 394 5667 1949 5739">
    <p class='ocr_par' dir='ltr' id='par_1_87' title="bbox 394 5667 1949 5739">
     <span class='ocr_line' id='line_1_88' title="bbox 394 5667 1949 5739; baseline 0.004 -23"><span class='ocrx_word' id='word_1_621' title='bbox 394 5667 639 5739; x_wconf 72' lang='lat' dir='ltr'><strong>electione</strong></span> <span class='ocrx_word' id='word_1_622' title='bbox 666 5667 794 5723; x_wconf 73' lang='lat' dir='ltr'><strong>salvi</strong></span> <span class='ocrx_word' id='word_1_623' title='bbox 822 5671 970 5739; x_wconf 76' lang='lat' dir='ltr'><strong>facti.</strong></span> <span class='ocrx_word' id='word_1_624' title='bbox 1002 5672 1080 5724; x_wconf 84' lang='lat' dir='ltr'><strong>Ac</strong></span> <span class='ocrx_word' id='word_1_625' title='bbox 1117 5672 1168 5724; x_wconf 91' lang='lat' dir='ltr'><strong>in</strong></span> <span class='ocrx_word' id='word_1_626' title='bbox 1209 5672 1345 5724; x_wconf 86' lang='lat' dir='ltr'><strong>libro</strong></span> <span class='ocrx_word' id='word_1_627' title='bbox 1380 5672 1561 5731; x_wconf 86' lang='lat' dir='ltr'><strong>etiam,</strong></span> <span class='ocrx_word' id='word_1_628' title='bbox 1608 5673 1691 5725; x_wconf 91' lang='lat' dir='ltr'><strong>eui</strong></span> <span class='ocrx_word' id='word_1_629' title='bbox 1728 5670 1949 5723; x_wconf 89' lang='lat' dir='ltr'><strong>titulus:</strong></span> 
     </span>
    </p>
   </div>
   <div class='ocr_carea' id='block_1_88' title="bbox 397 5738 1953 5812">
    <p class='ocr_par' dir='ltr' id='par_1_88' title="bbox 397 5738 1953 5812">
     <span class='ocr_line' id='line_1_89' title="bbox 397 5738 1953 5812; baseline 0.001 -21"><span class='ocrx_word' id='word_1_630' title='bbox 397 5738 527 5811; x_wconf 75' lang='lat' dir='ltr'><strong>Quis</strong></span> <span class='ocrx_word' id='word_1_631' title='bbox 551 5739 692 5795; x_wconf 77' lang='lat' dir='ltr'><strong>dives</strong></span> <span class='ocrx_word' id='word_1_632' title='bbox 718 5741 967 5809; x_wconf 73' lang='lat' dir='ltr'><strong>salvetur,</strong></span> <span class='ocrx_word' id='word_1_633' title='bbox 1007 5757 1127 5812; x_wconf 87' lang='lat' dir='ltr'><strong>pag.</strong></span> <span class='ocrx_word' id='word_1_634' title='bbox 1153 5742 1279 5807; x_wconf 63' lang='lat'><strong>940,</strong></span> <span class='ocrx_word' id='word_1_635' title='bbox 1306 5757 1368 5796; x_wconf 87' lang='lat' dir='ltr'><strong>ea</strong></span> <span class='ocrx_word' id='word_1_636' title='bbox 1392 5743 1601 5809; x_wconf 81' lang='lat' dir='ltr'><strong>scribit,</strong></span> <span class='ocrx_word' id='word_1_637' title='bbox 1648 5757 1767 5810; x_wconf 81' lang='lat' dir='ltr'><strong>qua:</strong></span> <span class='ocrx_word' id='word_1_638' title='bbox 1806 5742 1953 5795; x_wconf 84' lang='lat' dir='ltr'><strong>hisce</strong></span> 
     </span>
    </p>
   </div>
   <div class='ocr_carea' id='block_1_89' title="bbox 2036 1949 3673 2025">
    <p class='ocr_par' dir='ltr' id='par_1_89' title="bbox 2036 1949 3673 2025">
     <span class='ocr_line' id='line_1_90' title="bbox 2036 1949 3673 2025; baseline -0.006 -16"><span class='ocrx_word' id='word_1_639' title='bbox 2036 1968 2256 2011; x_wconf 83' lang='lat' dir='ltr'><strong>strenue</strong></span> <span class='ocrx_word' id='word_1_640' title='bbox 2297 1949 2774 2025; x_wconf 42' lang='lat' dir='ltr'><strong>postmodum&#39;pro</strong></span> <span class='ocrx_word' id='word_1_641' title='bbox 2799 1949 2975 2007; x_wconf 81' lang='lat' dir='ltr'><strong>divina</strong></span> <span class='ocrx_word' id='word_1_642' title='bbox 3012 1949 3550 2025; x_wconf 22' lang='lat' dir='ltr'><strong>gratia’diinicavit,</strong></span> <span class='ocrx_word' id='word_1_643' title='bbox 3586 1949 3611 1997; x_wconf 75' lang='lat' dir='ltr'><strong>ll</strong></span> <span class='ocrx_word' id='word_1_644' title='bbox 3672 1986 3673 1989; x_wconf 60' lang='grc' dir='ltr'><strong>η</strong></span> 
     </span>
    </p>
   </div>
   <div class='ocr_carea' id='block_1_90' title="bbox 2038 2019 3675 2099">
    <p class='ocr_par' dir='ltr' id='par_1_90' title="bbox 2038 2019 3675 2099">
     <span class='ocr_line' id='line_1_91' title="bbox 2038 2019 3675 2099; baseline -0.01 -20"><span class='ocrx_word' id='word_1_645' title='bbox 2038 2026 2177 2079; x_wconf 91' lang='lat' dir='ltr'><strong>lihro</strong></span> <span class='ocrx_word' id='word_1_646' title='bbox 2212 2019 2410 2091; x_wconf 80' lang='lat' dir='ltr'><strong>tamen,</strong></span> <span class='ocrx_word' id='word_1_647' title='bbox 2449 2043 2607 2096; x_wconf 90' lang='lat' dir='ltr'><strong>quem</strong></span> <span class='ocrx_word' id='word_1_648' title='bbox 2644 2019 2826 2099; x_wconf 79' lang='lat' dir='ltr'><strong>contra</strong></span> <span class='ocrx_word' id='word_1_649' title='bbox 2857 2019 3201 2099; x_wconf 32' lang='lat' dir='ltr'><strong>Adimantum.</strong></span> <span class='ocrx_word' id='word_1_650' title='bbox 3235 2019 3612 2099; x_wconf 59' lang='lat' dir='ltr'><strong>lianiciiaruin</strong></span> <span class='ocrx_word' id='word_1_651' title='bbox 3674 2050 3675 2053; x_wconf 60' lang='grc' dir='ltr'><strong>η</strong></span> 
     </span>
    </p>
   </div>
   <div class='ocr_carea' id='block_1_91' title="bbox 2039 2088 3677 2170">
    <p class='ocr_par' dir='ltr' id='par_1_91' title="bbox 2039 2088 3677 2170">
     <span class='ocr_line' id='line_1_92' title="bbox 2039 2088 3677 2170; baseline -0.01 -20"><span class='ocrx_word' id='word_1_652' title='bbox 2039 2098 2262 2170; x_wconf 75' lang='lat' dir='ltr'><strong>Didymo</strong></span> <span class='ocrx_word' id='word_1_653' title='bbox 2304 2088 2478 2151; x_wconf 76' lang='lat' dir='ltr'><strong>adhuc</strong></span> <span class='ocrx_word' id='word_1_654' title='bbox 2517 2099 2567 2151; x_wconf 94' lang='lat' dir='ltr'><strong>in</strong></span> <span class='ocrx_word' id='word_1_655' title='bbox 2616 2096 2767 2170; x_wconf 75' lang='lat' dir='ltr'><strong>vivis</strong></span> <span class='ocrx_word' id='word_1_656' title='bbox 2804 2105 3036 2163; x_wconf 89' lang='lat' dir='ltr'><strong>agente,</strong></span> <span class='ocrx_word' id='word_1_657' title='bbox 3099 2091 3340 2170; x_wconf 73' lang='lat' dir='ltr'><strong>scripsit,</strong></span> <span class='ocrx_word' id='word_1_658' title='bbox 3394 2088 3613 2170; x_wconf 53' lang='lat' dir='ltr'><strong>similia</strong></span> <span class='ocrx_word' id='word_1_659' title='bbox 3676 2118 3677 2129; x_wconf 58' lang='grc' dir='ltr'><strong>η</strong></span> 
     </span>
    </p>
   </div>
   <div class='ocr_carea' id='block_1_92' title="bbox 2035 2160 3618 2238">
    <p class='ocr_par' dir='ltr' id='par_1_92' title="bbox 2035 2160 3618 2238">
     <span class='ocr_line' id='line_1_93' title="bbox 2035 2160 3618 2238; baseline -0.009 -18"><span class='ocrx_word' id='word_1_660' title='bbox 2035 2160 2198 2235; x_wconf 76' lang='lat' dir='ltr'><strong>atque</strong></span> <span class='ocrx_word' id='word_1_661' title='bbox 2246 2168 2523 2238; x_wconf 87' lang='lat' dir='ltr'><strong>Didymus,</strong></span> <span class='ocrx_word' id='word_1_662' title='bbox 2576 2167 2797 2238; x_wconf 87' lang='lat' dir='ltr'><strong>protulit</strong></span> <span class='ocrx_word' id='word_1_663' title='bbox 2836 2160 2954 2232; x_wconf 77' lang='lat' dir='ltr'><strong>cap.</strong></span> <span class='ocrx_word' id='word_1_664' title='bbox 3000 2178 3187 2216; x_wconf 76' lang='lat' dir='ltr'><strong>xxvu:</strong></span> <span class='ocrx_word' id='word_1_665' title='bbox 3228 2160 3404 2215; x_wconf 85' lang='lat' dir='ltr'><strong>Simul</strong></span> <span class='ocrx_word' id='word_1_666' title='bbox 3470 2161 3618 2209; x_wconf 71' lang='lat' dir='ltr'><strong>clian</strong></span> 
     </span>
    </p>
   </div>
   <div class='ocr_carea' id='block_1_93' title="bbox 2036 2236 3613 2306">
    <p class='ocr_par' dir='ltr' id='par_1_93' title="bbox 2036 2236 3613 2306">
     <span class='ocr_line' id='line_1_94' title="bbox 2036 2236 3613 2306; baseline -0.008 -16"><span class='ocrx_word' id='word_1_667' title='bbox 2036 2239 2257 2290; x_wconf 84' lang='lat' dir='ltr'><strong>ostendit</strong></span> <span class='ocrx_word' id='word_1_668' title='bbox 2313 2236 2528 2306; x_wconf 80' lang='lat' dir='ltr'><strong>(inquit</strong></span> <span class='ocrx_word' id='word_1_669' title='bbox 2570 2236 2716 2305; x_wconf 82' lang='lat' dir='ltr'><strong>ipse.)</strong></span> <span class='ocrx_word' id='word_1_670' title='bbox 2767 2238 2820 2289; x_wconf 89' lang='lat' dir='ltr'><strong>in</strong></span> <span class='ocrx_word' id='word_1_671' title='bbox 2872 2241 3336 2306; x_wconf 75' lang='lat' dir='ltr'><strong>nostrapotestate</strong></span> <span class='ocrx_word' id='word_1_672' title='bbox 3378 2244 3529 2286; x_wconf 79' lang='lat' dir='ltr'><strong>esse.</strong></span> <span class='ocrx_word' id='word_1_673' title='bbox 3585 2246 3613 2277; x_wconf 77' lang='lat' dir='ltr'><strong>ii</strong></span> 
     </span>
    </p>
   </div>
   <div class='ocr_carea' id='block_1_94' title="bbox 2035 2302 3622 2377">
    <p class='ocr_par' dir='ltr' id='par_1_94' title="bbox 2035 2302 3622 2377">
     <span class='ocr_line' id='line_1_95' title="bbox 2035 2302 3622 2377; baseline -0.007 -18"><span class='ocrx_word' id='word_1_674' title='bbox 2035 2308 2111 2359; x_wconf 84' lang='lat' dir='ltr'><strong>vel</strong></span> <span class='ocrx_word' id='word_1_675' title='bbox 2137 2308 2296 2360; x_wconf 74' lang='lat' dir='ltr'><strong>inseri</strong></span> <span class='ocrx_word' id='word_1_676' title='bbox 2322 2302 2553 2360; x_wconf 76' lang='lat' dir='ltr'><strong>bonitate</strong></span> <span class='ocrx_word' id='word_1_677' title='bbox 2586 2302 2769 2371; x_wconf 75' lang='lat' dir='ltr'><strong>ipsius,</strong></span> <span class='ocrx_word' id='word_1_678' title='bbox 2803 2306 2881 2359; x_wconf 84' lang='lat' dir='ltr'><strong>vel</strong></span> <span class='ocrx_word' id='word_1_679' title='bbox 2904 2305 3078 2377; x_wconf 72' lang='lat' dir='ltr'><strong>excidi</strong></span> <span class='ocrx_word' id='word_1_680' title='bbox 3107 2302 3383 2377; x_wconf 67' lang='lat' dir='ltr'><strong>severitate</strong></span> <span class='ocrx_word' id='word_1_681' title='bbox 3409 2314 3622 2377; x_wconf 61' lang='lat' dir='ltr'><strong>increa-</strong></span> 
     </span>
    </p>
   </div>
   <div class='ocr_carea' id='block_1_95' title="bbox 2033 2370 3624 2445">
    <p class='ocr_par' dir='ltr' id='par_1_95' title="bbox 2033 2370 3624 2445">
     <span class='ocr_line' id='line_1_96' title="bbox 2033 2370 3624 2445; baseline -0.006 -15"><span class='ocrx_word' id='word_1_682' title='bbox 2033 2393 2170 2431; x_wconf 86' lang='lat' dir='ltr'><strong>mur.</strong></span> <span class='ocrx_word' id='word_1_683' title='bbox 2202 2378 2372 2443; x_wconf 80' lang='lat' dir='ltr'><strong>Quam</strong></span> <span class='ocrx_word' id='word_1_684' title='bbox 2405 2370 2762 2437; x_wconf 83' lang='lat' dir='ltr'><strong>sententiam,</strong></span> <span class='ocrx_word' id='word_1_685' title='bbox 2805 2387 2994 2429; x_wconf 75' lang='lat' dir='ltr'><strong>exorta</strong></span> <span class='ocrx_word' id='word_1_686' title='bbox 3038 2374 3291 2445; x_wconf 72' lang='lat' dir='ltr'><strong>deinceps</strong></span> <span class='ocrx_word' id='word_1_687' title='bbox 3327 2370 3624 2445; x_wconf 71' lang='lat' dir='ltr'><strong>Pelagiani</strong></span> 
     </span>
    </p>
   </div>
   <div class='ocr_carea' id='block_1_96' title="bbox 2036 2442 3647 2515">
    <p class='ocr_par' dir='ltr' id='par_1_96' title="bbox 2036 2442 3647 2515">
     <span class='ocr_line' id='line_1_97' title="bbox 2036 2442 3647 2515; baseline -0.009 -15"><span class='ocrx_word' id='word_1_688' title='bbox 2036 2442 2247 2509; x_wconf 68' lang='lat' dir='ltr'><strong>ltmresi,</strong></span> <span class='ocrx_word' id='word_1_689' title='bbox 2265 2450 2317 2500; x_wconf 90' lang='lat' dir='ltr'><strong>in</strong></span> <span class='ocrx_word' id='word_1_690' title='bbox 2346 2448 2518 2515; x_wconf 91' lang='lat' dir='ltr'><strong>primo</strong></span> <span class='ocrx_word' id='word_1_691' title='bbox 2548 2442 3255 2511; x_wconf 67' lang='lat' dir='ltr'><strong>Retractationuni,cap.22,</strong></span> <span class='ocrx_word' id='word_1_692' title='bbox 3280 2442 3617 2493; x_wconf 83' lang='lat' dir='ltr'><strong>emendavit</strong></span> <span class='ocrx_word' id='word_1_693' title='bbox 3644 2482 3647 2497; x_wconf 75' lang='grc'><strong>,</strong></span> 
     </span>
    </p>
   </div>
   <div class='ocr_carea' id='block_1_97' title="bbox 2039 2517 3647 2582">
    <p class='ocr_par' dir='ltr' id='par_1_97' title="bbox 2039 2517 3647 2582">
     <span class='ocr_line' id='line_1_98' title="bbox 2039 2517 3647 2582; baseline -0.009 -11"><span class='ocrx_word' id='word_1_694' title='bbox 2039 2518 2176 2582; x_wconf 87' lang='lat' dir='ltr'><strong>sive,</strong></span> <span class='ocrx_word' id='word_1_695' title='bbox 2212 2529 2269 2570; x_wconf 90' lang='lat' dir='ltr'><strong>ut</strong></span> <span class='ocrx_word' id='word_1_696' title='bbox 2302 2519 2478 2571; x_wconf 85' lang='lat' dir='ltr'><strong>verius</strong></span> <span class='ocrx_word' id='word_1_697' title='bbox 2511 2519 2707 2578; x_wconf 80' lang='lat' dir='ltr'><strong>dicam,</strong></span> <span class='ocrx_word' id='word_1_698' title='bbox 2735 2518 2799 2569; x_wconf 87' lang='lat' dir='ltr'><strong>ad</strong></span> <span class='ocrx_word' id='word_1_699' title='bbox 2825 2517 3148 2570; x_wconf 88' lang='lat' dir='ltr'><strong>catholicum</strong></span> <span class='ocrx_word' id='word_1_700' title='bbox 3176 2527 3397 2566; x_wconf 78' lang='lat' dir='ltr'><strong>sensum</strong></span> <span class='ocrx_word' id='word_1_701' title='bbox 3438 2520 3617 2560; x_wconf 74' lang='lat' dir='ltr'><strong>traxit</strong></span> <span class='ocrx_word' id='word_1_702' title='bbox 3644 2552 3647 2567; x_wconf 80' lang='grc'><strong>,</strong></span> 
     </span>
    </p>
   </div>
   <div class='ocr_carea' id='block_1_98' title="bbox 2041 2582 3630 2652">
    <p class='ocr_par' dir='ltr' id='par_1_98' title="bbox 2041 2582 3630 2652">
     <span class='ocr_line' id='line_1_99' title="bbox 2041 2582 3630 2652; baseline -0.008 -13"><span class='ocrx_word' id='word_1_703' title='bbox 2041 2602 2160 2639; x_wconf 88' lang='lat' dir='ltr'><strong>eam</strong></span> <span class='ocrx_word' id='word_1_704' title='bbox 2194 2588 2400 2641; x_wconf 78' lang='lat' dir='ltr'><strong>scilicet</strong></span> <span class='ocrx_word' id='word_1_705' title='bbox 2425 2588 2490 2641; x_wconf 90' lang='lat' dir='ltr'><strong>de</strong></span> <span class='ocrx_word' id='word_1_706' title='bbox 2527 2588 2803 2641; x_wconf 85' lang='lat' dir='ltr'><strong>voluntate</strong></span> <span class='ocrx_word' id='word_1_707' title='bbox 2837 2586 3116 2652; x_wconf 81' lang='lat' dir='ltr'><strong>explicans</strong></span> <span class='ocrx_word' id='word_1_708' title='bbox 3147 2601 3178 2636; x_wconf 89' lang='lat' dir='ltr'><strong>a</strong></span> <span class='ocrx_word' id='word_1_709' title='bbox 3218 2582 3630 2652; x_wconf 70' lang='lat' dir='ltr'><strong>Doniino_pnc-</strong></span> 
     </span>
    </p>
   </div>
   <div class='ocr_carea' id='block_1_99' title="bbox 2039 2648 3647 2725">
    <p class='ocr_par' dir='ltr' id='par_1_99' title="bbox 2039 2648 3647 2725">
     <span class='ocr_line' id='line_1_100' title="bbox 2039 2648 3647 2725; baseline -0.005 -18"><span class='ocrx_word' id='word_1_710' title='bbox 2039 2669 2248 2725; x_wconf 83' lang='lat' dir='ltr'><strong>parata.</strong></span> <span class='ocrx_word' id='word_1_711' title='bbox 2299 2658 2493 2709; x_wconf 83' lang='lat' dir='ltr'><strong>Verum</strong></span> <span class='ocrx_word' id='word_1_712' title='bbox 2537 2660 2784 2710; x_wconf 76' lang='lat' dir='ltr'><strong>omnibus</strong></span> <span class='ocrx_word' id='word_1_713' title='bbox 2836 2648 3104 2717; x_wconf 76' lang='lat' dir='ltr'><strong>Patrihus,</strong></span> <span class='ocrx_word' id='word_1_714' title='bbox 3154 2670 3181 2705; x_wconf 86' lang='lat' dir='ltr'><strong>a</strong></span> <span class='ocrx_word' id='word_1_715' title='bbox 3219 2652 3418 2719; x_wconf 75' lang='lat' dir='ltr'><strong>quibus</strong></span> <span class='ocrx_word' id='word_1_716' title='bbox 3461 2648 3647 2725; x_wconf 23' lang='lat' dir='ltr'><strong>Maiiilr</strong></span> 
     </span>
    </p>
   </div>
   <div class='ocr_carea' id='block_1_100' title="bbox 2040 2720 3648 2796">
    <p class='ocr_par' dir='ltr' id='par_1_100' title="bbox 2040 2720 3648 2796">
     <span class='ocr_line' id='line_1_101' title="bbox 2040 2720 3648 2796; baseline -0.007 -17"><span class='ocrx_word' id='word_1_717' title='bbox 2040 2720 2174 2780; x_wconf 68' lang='lat' dir='ltr'><strong>chtci</strong></span> <span class='ocrx_word' id='word_1_718' title='bbox 2209 2728 2503 2796; x_wconf 80' lang='lat' dir='ltr'><strong>iinpugnati</strong></span> <span class='ocrx_word' id='word_1_719' title='bbox 2546 2740 2671 2782; x_wconf 84' lang='lat' dir='ltr'><strong>sunt</strong></span> <span class='ocrx_word' id='word_1_720' title='bbox 2699 2740 2825 2779; x_wconf 90' lang='lat' dir='ltr'><strong>ante</strong></span> <span class='ocrx_word' id='word_1_721' title='bbox 2858 2726 3483 2796; x_wconf 76' lang='lat' dir='ltr'><strong>Pelagianampestem.</strong></span> <span class='ocrx_word' id='word_1_722' title='bbox 3544 2720 3648 2770; x_wconf 75' lang='lat' dir='ltr'><strong>Se-~</strong></span> 
     </span>
    </p>
   </div>
   <div class='ocr_carea' id='block_1_101' title="bbox 2042 2793 3648 2865">
    <p class='ocr_par' dir='ltr' id='par_1_101' title="bbox 2042 2793 3648 2865">
     <span class='ocr_line' id='line_1_102' title="bbox 2042 2793 3648 2865; baseline -0.007 -16"><span class='ocrx_word' id='word_1_723' title='bbox 2042 2799 2245 2865; x_wconf 90' lang='lat' dir='ltr'><strong>rapioni</strong></span> <span class='ocrx_word' id='word_1_724' title='bbox 2282 2793 2331 2849; x_wconf 92' lang='lat' dir='ltr'><strong>in</strong></span> <span class='ocrx_word' id='word_1_725' title='bbox 2364 2793 2570 2864; x_wconf 79' lang='lat' dir='ltr'><strong>primis,</strong></span> <span class='ocrx_word' id='word_1_726' title='bbox 2608 2798 2730 2851; x_wconf 89' lang='lat' dir='ltr'><strong>Tito</strong></span> <span class='ocrx_word' id='word_1_727' title='bbox 2765 2796 3044 2849; x_wconf 78' lang='lat' dir='ltr'><strong>Bostrensi</strong></span> <span class='ocrx_word' id='word_1_728' title='bbox 3072 2837 3087 2859; x_wconf 93' lang='lat'><strong>,</strong></span> <span class='ocrx_word' id='word_1_729' title='bbox 3136 2793 3361 2861; x_wconf 88' lang='lat' dir='ltr'><strong>Didymo</strong></span> <span class='ocrx_word' id='word_1_730' title='bbox 3412 2802 3648 2865; x_wconf 64' lang='lat' dir='ltr'><strong>nostra,</strong></span> 
     </span>
    </p>
   </div>
   <div class='ocr_carea' id='block_1_102' title="bbox 2043 2861 3638 2937">
    <p class='ocr_par' dir='ltr' id='par_1_102' title="bbox 2043 2861 3638 2937">
     <span class='ocr_line' id='line_1_103' title="bbox 2043 2861 3638 2937; baseline -0.005 -20"><span class='ocrx_word' id='word_1_731' title='bbox 2043 2861 2203 2933; x_wconf 78' lang='lat' dir='ltr'><strong>atque</strong></span> <span class='ocrx_word' id='word_1_732' title='bbox 2248 2861 2688 2937; x_wconf 31' lang='lat' dir='ltr'><strong>ipsi-Augustino</strong></span> <span class='ocrx_word' id='word_1_733' title='bbox 2718 2868 2847 2919; x_wconf 90' lang='lat' dir='ltr'><strong>illud</strong></span> <span class='ocrx_word' id='word_1_734' title='bbox 2882 2881 3166 2937; x_wconf 79' lang='lat' dir='ltr'><strong>conitituue</strong></span> <span class='ocrx_word' id='word_1_735' title='bbox 3212 2872 3313 2937; x_wconf 75' lang='lat' dir='ltr'><strong>est,</strong></span> <span class='ocrx_word' id='word_1_736' title='bbox 3368 2871 3454 2919; x_wconf 87' lang='lat' dir='ltr'><strong>ut.</strong></span> <span class='ocrx_word' id='word_1_737' title='bbox 3506 2861 3638 2937; x_wconf 77' lang='lat' dir='ltr'><strong>dum</strong></span> 
     </span>
    </p>
   </div>
   <div class='ocr_carea' id='block_1_103' title="bbox 2043 2934 3648 2991">
    <p class='ocr_par' dir='ltr' id='par_1_103' title="bbox 2043 2934 3648 2991">
     <span class='ocr_line' id='line_1_104' title="bbox 2043 2934 3648 2991; baseline -0.005 -4"><span class='ocrx_word' id='word_1_738' title='bbox 2043 2937 2431 2990; x_wconf 76' lang='lat' dir='ltr'><strong>exsecrandum</strong></span> <span class='ocrx_word' id='word_1_739' title='bbox 2478 2934 2750 2991; x_wconf 54' lang='lat' dir='ltr'><strong>&#39;Mauetis</strong></span> <span class='ocrx_word' id='word_1_740' title='bbox 2840 2936 3140 2989; x_wconf 85' lang='lat' dir='ltr'><strong>doctrinam</strong></span> <span class='ocrx_word' id='word_1_741' title='bbox 3217 2934 3281 2985; x_wconf 92' lang='lat' dir='ltr'><strong>de</strong></span> <span class='ocrx_word' id='word_1_742' title='bbox 3350 2934 3648 2985; x_wconf 73' lang='lat' dir='ltr'><strong>creaturis</strong></span> 
     </span>
    </p>
   </div>
   <div class='ocr_carea' id='block_1_104' title="bbox 2043 3002 3646 3072">
    <p class='ocr_par' dir='ltr' id='par_1_104' title="bbox 2043 3002 3646 3072">
     <span class='ocr_line' id='line_1_105' title="bbox 2043 3002 3646 3072; baseline -0.004 -15"><span class='ocrx_word' id='word_1_743' title='bbox 2043 3018 2253 3068; x_wconf 86' lang='lat' dir='ltr'><strong>natura,</strong></span> <span class='ocrx_word' id='word_1_744' title='bbox 2316 3024 2420 3060; x_wconf 90' lang='lat' dir='ltr'><strong>non</strong></span> <span class='ocrx_word' id='word_1_745' title='bbox 2478 3009 2728 3060; x_wconf 84' lang='lat' dir='ltr'><strong>electione</strong></span> <span class='ocrx_word' id='word_1_746' title='bbox 2787 3007 2979 3072; x_wconf 90' lang='lat' dir='ltr'><strong>malis,</strong></span> <span class='ocrx_word' id='word_1_747' title='bbox 3046 3003 3290 3058; x_wconf 81' lang='lat' dir='ltr'><strong>refellere</strong></span> <span class='ocrx_word' id='word_1_748' title='bbox 3348 3002 3646 3060; x_wconf 82' lang='lat' dir='ltr'><strong>nituntur,</strong></span> 
     </span>
    </p>
   </div>
   <div class='ocr_carea' id='block_1_105' title="bbox 2046 3074 3650 3145">
    <p class='ocr_par' dir='ltr' id='par_1_105' title="bbox 2046 3074 3650 3145">
     <span class='ocr_line' id='line_1_106' title="bbox 2046 3074 3650 3145; baseline -0.002 -20"><span class='ocrx_word' id='word_1_749' title='bbox 2046 3077 2201 3139; x_wconf 88' lang='lat' dir='ltr'><strong>paulo</strong></span> <span class='ocrx_word' id='word_1_750' title='bbox 2233 3078 2352 3144; x_wconf 91' lang='lat' dir='ltr'><strong>plus</strong></span> <span class='ocrx_word' id='word_1_751' title='bbox 2383 3095 2543 3144; x_wconf 86' lang='lat' dir='ltr'><strong>quain</strong></span> <span class='ocrx_word' id='word_1_752' title='bbox 2583 3094 2678 3145; x_wconf 86' lang='lat' dir='ltr'><strong>par</strong></span> <span class='ocrx_word' id='word_1_753' title='bbox 2708 3076 2797 3141; x_wconf 87' lang='lat' dir='ltr'><strong>sit,</strong></span> <span class='ocrx_word' id='word_1_754' title='bbox 2832 3076 3040 3130; x_wconf 88' lang='lat' dir='ltr'><strong>arbitrii</strong></span> <span class='ocrx_word' id='word_1_755' title='bbox 3084 3082 3407 3145; x_wconf 69' lang='lat' dir='ltr'><strong>potestatem</strong></span> <span class='ocrx_word' id='word_1_756' title='bbox 3452 3074 3650 3121; x_wconf 73' lang='lat' dir='ltr'><strong>extol-</strong></span> 
     </span>
    </p>
   </div>
   <div class='ocr_carea' id='block_1_106' title="bbox 2049 3139 3648 3219">
    <p class='ocr_par' dir='ltr' id='par_1_106' title="bbox 2049 3139 3648 3219">
     <span class='ocr_line' id='line_1_107' title="bbox 2049 3139 3648 3219; baseline -0.004 -22"><span class='ocrx_word' id='word_1_757' title='bbox 2049 3146 2158 3198; x_wconf 88' lang='lat' dir='ltr'><strong>lere</strong></span> <span class='ocrx_word' id='word_1_758' title='bbox 2189 3139 2491 3219; x_wconf 45' lang='lat' dir='ltr'><strong>vi&#39;deant&#39;ur.</strong></span> <span class='ocrx_word' id='word_1_759' title='bbox 2528 3139 2941 3219; x_wconf 18' lang='lat' dir='ltr'><strong>Demutn,’quod</strong></span> <span class='ocrx_word' id='word_1_760' title='bbox 2974 3139 3179 3215; x_wconf 78' lang='lat' dir='ltr'><strong>spectat</strong></span> <span class='ocrx_word' id='word_1_761' title='bbox 3209 3144 3287 3219; x_wconf 88' lang='lat' dir='ltr'><strong>ad_</strong></span> <span class='ocrx_word' id='word_1_762' title='bbox 3310 3139 3648 3219; x_wconf 63' lang='lat' dir='ltr'><strong>Didyiiiuni,</strong></span> 
     </span>
    </p>
   </div>
   <div class='ocr_carea' id='block_1_107' title="bbox 2045 3210 3650 3285">
    <p class='ocr_par' dir='ltr' id='par_1_107' title="bbox 2045 3210 3650 3285">
     <span class='ocr_line' id='line_1_108' title="bbox 2045 3210 3650 3285; baseline -0.003 -19"><span class='ocrx_word' id='word_1_763' title='bbox 2045 3231 2166 3268; x_wconf 91' lang='lat' dir='ltr'><strong>cum</strong></span> <span class='ocrx_word' id='word_1_764' title='bbox 2199 3218 2243 3268; x_wconf 92' lang='lat' dir='ltr'><strong>is</strong></span> <span class='ocrx_word' id='word_1_765' title='bbox 2269 3232 2331 3269; x_wconf 89' lang='lat' dir='ltr'><strong>ea</strong></span> <span class='ocrx_word' id='word_1_766' title='bbox 2364 3228 2683 3285; x_wconf 85' lang='lat' dir='ltr'><strong>tempestate</strong></span> <span class='ocrx_word' id='word_1_767' title='bbox 2708 3210 2970 3277; x_wconf 81' lang='lat' dir='ltr'><strong>ﬂoruerit,</strong></span> <span class='ocrx_word' id='word_1_768' title='bbox 3004 3210 3107 3284; x_wconf 78' lang='lat' dir='ltr'><strong>qua</strong></span> <span class='ocrx_word' id='word_1_769' title='bbox 3152 3214 3387 3285; x_wconf 88' lang='lat' dir='ltr'><strong>nondum</strong></span> <span class='ocrx_word' id='word_1_770' title='bbox 3431 3210 3650 3285; x_wconf 84' lang='lat' dir='ltr'><strong>Hiero-</strong></span> 
     </span>
    </p>
   </div>
   <div class='ocr_carea' id='block_1_108' title="bbox 2047 3283 3647 3355">
    <p class='ocr_par' dir='ltr' id='par_1_108' title="bbox 2047 3283 3647 3355">
     <span class='ocr_line' id='line_1_109' title="bbox 2047 3283 3647 3355; baseline -0.004 -18"><span class='ocrx_word' id='word_1_771' title='bbox 2047 3301 2239 3355; x_wconf 72' lang='lat' dir='ltr'><strong>nyinus</strong></span> <span class='ocrx_word' id='word_1_772' title='bbox 2277 3283 2533 3342; x_wconf 83' lang='lat' dir='ltr'><strong>adversus</strong></span> <span class='ocrx_word' id='word_1_773' title='bbox 2565 3304 2723 3354; x_wconf 85' lang='lat' dir='ltr'><strong>prava</strong></span> <span class='ocrx_word' id='word_1_774' title='bbox 2756 3287 3006 3353; x_wconf 76' lang='lat' dir='ltr'><strong>Origenis</strong></span> <span class='ocrx_word' id='word_1_775' title='bbox 3027 3283 3283 3354; x_wconf 83' lang='lat' dir='ltr'><strong>dogmata</strong></span> <span class='ocrx_word' id='word_1_776' title='bbox 3326 3283 3647 3355; x_wconf 71' lang='lat' dir='ltr'><strong>classicum</strong></span> 
     </span>
    </p>
   </div>
   <div class='ocr_carea' id='block_1_109' title="bbox 2045 3352 3649 3426">
    <p class='ocr_par' dir='ltr' id='par_1_109' title="bbox 2045 3352 3649 3426">
     <span class='ocr_line' id='line_1_110' title="bbox 2045 3352 3649 3426; baseline -0.002 -19"><span class='ocrx_word' id='word_1_777' title='bbox 2045 3352 2338 3419; x_wconf 80' lang='lat' dir='ltr'><strong>cecinerat,</strong></span> <span class='ocrx_word' id='word_1_778' title='bbox 2399 3360 2491 3411; x_wconf 83' lang='lat' dir='ltr'><strong>sed</strong></span> <span class='ocrx_word' id='word_1_779' title='bbox 2543 3352 2752 3426; x_wconf 83' lang='lat' dir='ltr'><strong>magnis</strong></span> <span class='ocrx_word' id='word_1_780' title='bbox 2796 3352 2991 3424; x_wconf 89' lang='lat' dir='ltr'><strong>ubique</strong></span> <span class='ocrx_word' id='word_1_781' title='bbox 3037 3352 3369 3426; x_wconf 60' lang='lat' dir='ltr'><strong>isjandibus</strong></span> <span class='ocrx_word' id='word_1_782' title='bbox 3421 3352 3505 3404; x_wconf 87' lang='lat' dir='ltr'><strong>ob</strong></span> <span class='ocrx_word' id='word_1_783' title='bbox 3556 3367 3649 3426; x_wconf 71' lang='lat' dir='ltr'><strong>ea,</strong></span> 
     </span>
    </p>
   </div>
   <div class='ocr_carea' id='block_1_110' title="bbox 2046 3422 3649 3495">
    <p class='ocr_par' dir='ltr' id='par_1_110' title="bbox 2046 3422 3649 3495">
     <span class='ocr_line' id='line_1_111' title="bbox 2046 3422 3649 3495; baseline -0.003 -18"><span class='ocrx_word' id='word_1_784' title='bbox 2046 3441 2166 3492; x_wconf 60' lang='lat' dir='ltr'><strong>qua:</strong></span> <span class='ocrx_word' id='word_1_785' title='bbox 2195 3436 2340 3480; x_wconf 86' lang='lat' dir='ltr'><strong>recte</strong></span> <span class='ocrx_word' id='word_1_786' title='bbox 2369 3422 2683 3494; x_wconf 71' lang='lat' dir='ltr'><strong>scripserai,</strong></span> <span class='ocrx_word' id='word_1_787' title='bbox 2721 3428 2802 3481; x_wconf 92' lang='lat' dir='ltr'><strong>vel</strong></span> <span class='ocrx_word' id='word_1_788' title='bbox 2833 3422 3045 3495; x_wconf 16' lang='lat' dir='ltr'><strong>abiipso</strong></span> <span class='ocrx_word' id='word_1_789' title='bbox 3089 3424 3423 3492; x_wconf 84' lang='lat' dir='ltr'><strong>Hieronymo</strong></span> <span class='ocrx_word' id='word_1_790' title='bbox 3449 3422 3649 3495; x_wconf 64' lang='lat' dir='ltr'><strong>extol-</strong></span> 
     </span>
    </p>
   </div>
   <div class='ocr_carea' id='block_1_111' title="bbox 2047 3493 3646 3566">
    <p class='ocr_par' dir='ltr' id='par_1_111' title="bbox 2047 3493 3646 3566">
     <span class='ocr_line' id='line_1_112' title="bbox 2047 3493 3646 3566; baseline -0.004 -19"><span class='ocrx_word' id='word_1_791' title='bbox 2047 3496 2273 3558; x_wconf 86' lang='lat' dir='ltr'><strong>lebatur,</strong></span> <span class='ocrx_word' id='word_1_792' title='bbox 2315 3493 2516 3551; x_wconf 86' lang='lat' dir='ltr'><strong>ideirco</strong></span> <span class='ocrx_word' id='word_1_793' title='bbox 2559 3496 2776 3566; x_wconf 86' lang='lat' dir='ltr'><strong>Origeni</strong></span> <span class='ocrx_word' id='word_1_794' title='bbox 2832 3493 2996 3551; x_wconf 88' lang='lat' dir='ltr'><strong>nimio</strong></span> <span class='ocrx_word' id='word_1_795' title='bbox 3038 3498 3158 3564; x_wconf 91' lang='lat' dir='ltr'><strong>plus</strong></span> <span class='ocrx_word' id='word_1_796' title='bbox 3204 3507 3367 3566; x_wconf 89' lang='lat' dir='ltr'><strong>quam</strong></span> <span class='ocrx_word' id='word_1_797' title='bbox 3423 3493 3646 3545; x_wconf 75' lang='lat' dir='ltr'><strong>vellem</strong></span> 
     </span>
    </p>
   </div>
   <div class='ocr_carea' id='block_1_112' title="bbox 2047 3565 3649 3689">
    <p class='ocr_par' dir='ltr' id='par_1_112' title="bbox 2047 3565 3649 3689">
     <span class='ocr_line' id='line_1_113' title="bbox 2047 3565 3649 3689; baseline -0.002 -73"><span class='ocrx_word' id='word_1_798' title='bbox 2047 3566 2355 3689; x_wconf 30' lang='lat' dir='ltr'><strong>timendum</strong></span> <span class='ocrx_word' id='word_1_799' title='bbox 2384 3577 2469 3621; x_wconf 87' lang='lat' dir='ltr'><strong>est</strong></span> <span class='ocrx_word' id='word_1_800' title='bbox 2497 3569 2637 3620; x_wconf 89' lang='lat' dir='ltr'><strong>enim</strong></span> <span class='ocrx_word' id='word_1_801' title='bbox 2664 3565 2680 3634; x_wconf 90' lang='lat'><strong>)</strong></span> <span class='ocrx_word' id='word_1_802' title='bbox 2728 3568 2977 3621; x_wconf 86' lang='lat' dir='ltr'><strong>addictus</strong></span> <span class='ocrx_word' id='word_1_803' title='bbox 3025 3567 3123 3620; x_wconf 79' lang='lat' dir='ltr'><strong>fuit</strong></span> <span class='ocrx_word' id='word_1_804' title='bbox 3153 3584 3167 3620; x_wconf 91' lang='lat'><strong>:</strong></span> <span class='ocrx_word' id='word_1_805' title='bbox 3194 3565 3452 3631; x_wconf 83' lang='lat' dir='ltr'><strong>quocirca</strong></span> <span class='ocrx_word' id='word_1_806' title='bbox 3513 3579 3649 3615; x_wconf 87' lang='lat' dir='ltr'><strong>cum</strong></span> 
     </span>
     <span class='ocr_line' id='line_1_114' title="bbox 2090 3632 3649 3689; baseline -0.004 0"><span class='ocrx_word' id='word_1_807' title='bbox 2090 3636 2424 3689; x_wconf 73' lang='lat' dir='ltr'><strong>elaaiauismi</strong></span> <span class='ocrx_word' id='word_1_808' title='bbox 2493 3638 2879 3689; x_wconf 80' lang='lat' dir='ltr'><strong>fundamenta.</strong></span> <span class='ocrx_word' id='word_1_809' title='bbox 2933 3646 2993 3689; x_wconf 89' lang='lat' dir='ltr'><strong>ut</strong></span> <span class='ocrx_word' id='word_1_810' title='bbox 3053 3636 3257 3689; x_wconf 76' lang='lat' dir='ltr'><strong>Natalis</strong></span> <span class='ocrx_word' id='word_1_811' title='bbox 3309 3632 3649 3685; x_wconf 76' lang='lat' dir='ltr'><strong>Alexander</strong></span> 
     </span>
    </p>
   </div>
   <div class='ocr_carea' id='block_1_113' title="bbox 2090 3632 3652 3704">
    <p class='ocr_par' dir='ltr' id='par_1_113' title="bbox 2090 3632 3652 3704">
     <span class='ocr_line' id='line_1_115' title="bbox 2090 3632 3652 3704; baseline -0.005 -14"><span class='ocrx_word' id='word_1_812' title='bbox 2090 3636 2424 3704; x_wconf 88' lang='lat' dir='ltr'><strong>elagiauismi</strong></span> <span class='ocrx_word' id='word_1_813' title='bbox 2493 3632 2879 3700; x_wconf 80' lang='lat' dir='ltr'><strong>fundamenta,</strong></span> <span class='ocrx_word' id='word_1_814' title='bbox 2933 3646 2993 3689; x_wconf 91' lang='lat' dir='ltr'><strong>ut</strong></span> <span class='ocrx_word' id='word_1_815' title='bbox 3053 3636 3257 3690; x_wconf 76' lang='lat' dir='ltr'><strong>Natalis</strong></span> <span class='ocrx_word' id='word_1_816' title='bbox 3309 3632 3652 3704; x_wconf 76' lang='lat' dir='ltr'><strong>Alexander</strong></span> 
     </span>
    </p>
   </div>
   <div class='ocr_carea' id='block_1_114' title="bbox 2048 3703 3653 3779">
    <p class='ocr_par' dir='ltr' id='par_1_114' title="bbox 2048 3703 3653 3779">
     <span class='ocr_line' id='line_1_116' title="bbox 2048 3703 3653 3779; baseline -0.004 -21"><span class='ocrx_word' id='word_1_817' title='bbox 2048 3721 2158 3761; x_wconf 85' lang='lat' dir='ltr'><strong>sec.</strong></span> <span class='ocrx_word' id='word_1_818' title='bbox 2185 3703 2251 3771; x_wconf 16' lang='lat'><strong>7&#39;5,</strong></span> <span class='ocrx_word' id='word_1_819' title='bbox 2277 3708 2493 3761; x_wconf 87' lang='lat' dir='ltr'><strong>dissert.</strong></span> <span class='ocrx_word' id='word_1_820' title='bbox 2534 3708 2619 3773; x_wconf 78' lang='grc'><strong>16,</strong></span> <span class='ocrx_word' id='word_1_821' title='bbox 2647 3709 2903 3771; x_wconf 86' lang='lat' dir='ltr'><strong>ostendit,</strong></span> <span class='ocrx_word' id='word_1_822' title='bbox 2946 3705 3207 3779; x_wconf 83' lang='lat' dir='ltr'><strong>Origenes</strong></span> <span class='ocrx_word' id='word_1_823' title='bbox 3248 3703 3472 3779; x_wconf 79' lang='lat' dir='ltr'><strong>jecerit,</strong></span> <span class='ocrx_word' id='word_1_824' title='bbox 3538 3704 3653 3779; x_wconf 60' lang='grc' dir='ltr'><strong>ιυὶέ</strong></span> 
     </span>
    </p>
   </div>
   <div class='ocr_carea' id='block_1_115' title="bbox 2052 3774 3650 3849">
    <p class='ocr_par' dir='ltr' id='par_1_115' title="bbox 2052 3774 3650 3849">
     <span class='ocr_line' id='line_1_117' title="bbox 2052 3774 3650 3849; baseline -0.009 -14"><span class='ocrx_word' id='word_1_825' title='bbox 2052 3791 2169 3849; x_wconf 64' lang='lat' dir='ltr'><strong>rupti</strong></span> <span class='ocrx_word' id='word_1_826' title='bbox 2221 3792 2324 3849; x_wconf 84' lang='lat' dir='ltr'><strong>non</strong></span> <span class='ocrx_word' id='word_1_827' title='bbox 2374 3787 2541 3841; x_wconf 89' lang='lat' dir='ltr'><strong>esset,</strong></span> <span class='ocrx_word' id='word_1_828' title='bbox 2609 3779 2651 3831; x_wconf 90' lang='lat' dir='ltr'><strong>si</strong></span> <span class='ocrx_word' id='word_1_829' title='bbox 2707 3779 2961 3849; x_wconf 88' lang='lat' dir='ltr'><strong>Didyums</strong></span> <span class='ocrx_word' id='word_1_830' title='bbox 2992 3774 3239 3830; x_wconf 79' lang='lat' dir='ltr'><strong>nonnulla</strong></span> <span class='ocrx_word' id='word_1_831' title='bbox 3284 3775 3347 3849; x_wconf 84' lang='lat' dir='ltr'><strong>de</strong></span> <span class='ocrx_word' id='word_1_832' title='bbox 3401 3774 3650 3825; x_wconf 82' lang='lat' dir='ltr'><strong>humani</strong></span> 
     </span>
    </p>
   </div>
   <div class='ocr_carea' id='block_1_116' title="bbox 2049 3846 3651 3916">
    <p class='ocr_par' dir='ltr' id='par_1_116' title="bbox 2049 3846 3651 3916">
     <span class='ocr_line' id='line_1_118' title="bbox 2049 3846 3651 3916; baseline -0.004 -17"><span class='ocrx_word' id='word_1_833' title='bbox 2049 3846 2259 3900; x_wconf 89' lang='lat' dir='ltr'><strong>arbitrii</strong></span> <span class='ocrx_word' id='word_1_834' title='bbox 2294 3849 2499 3901; x_wconf 85' lang='lat' dir='ltr'><strong>viribus</strong></span> <span class='ocrx_word' id='word_1_835' title='bbox 2531 3846 2952 3916; x_wconf 77' lang='lat' dir='ltr'><strong>pronuntiasset,</strong></span> <span class='ocrx_word' id='word_1_836' title='bbox 2988 3862 3107 3915; x_wconf 74' lang='lat' dir='ltr'><strong>qua:</strong></span> <span class='ocrx_word' id='word_1_837' title='bbox 3138 3857 3197 3898; x_wconf 89' lang='lat' dir='ltr'><strong>ut</strong></span> <span class='ocrx_word' id='word_1_838' title='bbox 3238 3846 3416 3897; x_wconf 89' lang='lat' dir='ltr'><strong>minus</strong></span> <span class='ocrx_word' id='word_1_839' title='bbox 3455 3857 3651 3916; x_wconf 15' lang='lat' dir='ltr'><strong>iaceo-</strong></span> 
     </span>
    </p>
   </div>
   <div class='ocr_carea' id='block_1_117' title="bbox 2051 3914 3653 3986">
    <p class='ocr_par' dir='ltr' id='par_1_117' title="bbox 2051 3914 3653 3986">
     <span class='ocr_line' id='line_1_119' title="bbox 2051 3914 3653 3986; baseline -0.004 -18"><span class='ocrx_word' id='word_1_840' title='bbox 2051 3926 2169 3970; x_wconf 92' lang='lat' dir='ltr'><strong>rate</strong></span> <span class='ocrx_word' id='word_1_841' title='bbox 2210 3919 2352 3970; x_wconf 88' lang='lat' dir='ltr'><strong>dicta</strong></span> <span class='ocrx_word' id='word_1_842' title='bbox 2389 3928 2480 3969; x_wconf 90' lang='lat' dir='ltr'><strong>aut</strong></span> <span class='ocrx_word' id='word_1_843' title='bbox 2512 3914 2801 3986; x_wconf 83' lang='lat' dir='ltr'><strong>rejicienda</strong></span> <span class='ocrx_word' id='word_1_844' title='bbox 2840 3914 3035 3981; x_wconf 89' lang='lat' dir='ltr'><strong>lorent,</strong></span> <span class='ocrx_word' id='word_1_845' title='bbox 3068 3926 3162 3970; x_wconf 89' lang='lat' dir='ltr'><strong>aut</strong></span> <span class='ocrx_word' id='word_1_846' title='bbox 3187 3914 3653 3986; x_wconf 19' lang='lat' dir='ltr'><strong>benignaiinter-</strong></span> 
     </span>
    </p>
   </div>
   <div class='ocr_carea' id='block_1_118' title="bbox 2051 3984 3650 4055">
    <p class='ocr_par' dir='ltr' id='par_1_118' title="bbox 2051 3984 3650 4055">
     <span class='ocr_line' id='line_1_120' title="bbox 2051 3984 3650 4055; baseline -0.004 -17"><span class='ocrx_word' id='word_1_847' title='bbox 2051 3988 2349 4054; x_wconf 82' lang='lat' dir='ltr'><strong>pretatione</strong></span> <span class='ocrx_word' id='word_1_848' title='bbox 2388 3984 2689 4041; x_wconf 77' lang='lat' dir='ltr'><strong>mollienda.</strong></span> <span class='ocrx_word' id='word_1_849' title='bbox 2738 3990 2888 4055; x_wconf 76' lang='lat' dir='ltr'><strong>Quod</strong></span> <span class='ocrx_word' id='word_1_850' title='bbox 2940 3999 3119 4040; x_wconf 88' lang='lat' dir='ltr'><strong>tamen</strong></span> <span class='ocrx_word' id='word_1_851' title='bbox 3174 4001 3278 4039; x_wconf 89' lang='lat' dir='ltr'><strong>non</strong></span> <span class='ocrx_word' id='word_1_852' title='bbox 3311 3998 3376 4038; x_wconf 89' lang='lat' dir='ltr'><strong>eo</strong></span> <span class='ocrx_word' id='word_1_853' title='bbox 3414 3984 3650 4036; x_wconf 78' lang='lat' dir='ltr'><strong>dictum</strong></span> 
     </span>
    </p>
   </div>
   <div class='ocr_carea' id='block_1_119' title="bbox 2050 4055 3654 4126">
    <p class='ocr_par' dir='ltr' id='par_1_119' title="bbox 2050 4055 3654 4126">
     <span class='ocr_line' id='line_1_121' title="bbox 2050 4055 3654 4126; baseline -0.003 -18"><span class='ocrx_word' id='word_1_854' title='bbox 2050 4073 2078 4126; x_wconf 75' lang='lat' dir='ltr'><strong>a</strong></span> <span class='ocrx_word' id='word_1_855' title='bbox 2118 4074 2202 4110; x_wconf 88' lang='lat' dir='ltr'><strong>me</strong></span> <span class='ocrx_word' id='word_1_856' title='bbox 2245 4058 2413 4112; x_wconf 88' lang='lat' dir='ltr'><strong>lector</strong></span> <span class='ocrx_word' id='word_1_857' title='bbox 2458 4069 2626 4125; x_wconf 91' lang='lat' dir='ltr'><strong>putet,</strong></span> <span class='ocrx_word' id='word_1_858' title='bbox 2672 4062 2813 4126; x_wconf 87' lang='lat' dir='ltr'><strong>quod</strong></span> <span class='ocrx_word' id='word_1_859' title='bbox 2867 4058 3047 4126; x_wconf 89' lang='lat' dir='ltr'><strong>aliqua</strong></span> <span class='ocrx_word' id='word_1_860' title='bbox 3092 4058 3162 4110; x_wconf 89' lang='lat' dir='ltr'><strong>sit</strong></span> <span class='ocrx_word' id='word_1_861' title='bbox 3208 4058 3259 4109; x_wconf 87' lang='lat' dir='ltr'><strong>iti</strong></span> <span class='ocrx_word' id='word_1_862' title='bbox 3311 4055 3415 4106; x_wconf 89' lang='lat' dir='ltr'><strong>hoc</strong></span> <span class='ocrx_word' id='word_1_863' title='bbox 3460 4066 3654 4126; x_wconf 75' lang='lat' dir='ltr'><strong>Opere</strong></span> 
     </span>
    </p>
   </div>
   <div class='ocr_carea' id='block_1_120' title="bbox 2050 4124 3655 4196">
    <p class='ocr_par' dir='ltr' id='par_1_120' title="bbox 2050 4124 3655 4196">
     <span class='ocr_line' id='line_1_122' title="bbox 2050 4124 3655 4196; baseline -0.006 -15"><span class='ocrx_word' id='word_1_864' title='bbox 2050 4124 2335 4193; x_wconf 83' lang='lat' dir='ltr'><strong>Pelagiana</strong></span> <span class='ocrx_word' id='word_1_865' title='bbox 2370 4124 2659 4189; x_wconf 85' lang='lat' dir='ltr'><strong>sententia,</strong></span> <span class='ocrx_word' id='word_1_866' title='bbox 2692 4124 2812 4196; x_wconf 69' lang='lat' dir='ltr'><strong>qua:</strong></span> <span class='ocrx_word' id='word_1_867' title='bbox 2832 4124 3155 4183; x_wconf 85' lang='lat' dir='ltr'><strong>catholicum</strong></span> <span class='ocrx_word' id='word_1_868' title='bbox 3190 4138 3409 4196; x_wconf 84' lang='lat' dir='ltr'><strong>sensum</strong></span> <span class='ocrx_word' id='word_1_869' title='bbox 3435 4125 3655 4196; x_wconf 71' lang='lat' dir='ltr'><strong>exclu-</strong></span> 
     </span>
    </p>
   </div>
   <div class='ocr_carea' id='block_1_121' title="bbox 2051 4194 3652 4272">
    <p class='ocr_par' dir='ltr' id='par_1_121' title="bbox 2051 4194 3652 4272">
     <span class='ocr_line' id='line_1_123' title="bbox 2051 4194 3652 4272; baseline -0.003 -23"><span class='ocrx_word' id='word_1_870' title='bbox 2051 4199 2161 4257; x_wconf 88' lang='lat' dir='ltr'><strong>dat,</strong></span> <span class='ocrx_word' id='word_1_871' title='bbox 2194 4198 2290 4252; x_wconf 84' lang='lat' dir='ltr'><strong>sed</strong></span> <span class='ocrx_word' id='word_1_872' title='bbox 2313 4215 2397 4272; x_wconf 90' lang='lat' dir='ltr'><strong>_ne</strong></span> <span class='ocrx_word' id='word_1_873' title='bbox 2422 4200 2544 4268; x_wconf 91' lang='lat' dir='ltr'><strong>quis</strong></span> <span class='ocrx_word' id='word_1_874' title='bbox 2575 4194 2849 4253; x_wconf 82' lang='lat' dir='ltr'><strong>existimet</strong></span> <span class='ocrx_word' id='word_1_875' title='bbox 2896 4214 2979 4272; x_wconf 80' lang='lat' dir='ltr'><strong>ine</strong></span> <span class='ocrx_word' id='word_1_876' title='bbox 3029 4198 3194 4272; x_wconf 85' lang='lat' dir='ltr'><strong>nimio</strong></span> <span class='ocrx_word' id='word_1_877' title='bbox 3248 4197 3299 4249; x_wconf 92' lang='lat' dir='ltr'><strong>in</strong></span> <span class='ocrx_word' id='word_1_878' title='bbox 3332 4194 3652 4272; x_wconf 67' lang='lat' dir='ltr'><strong>Dydimuni</strong></span> 
     </span>
    </p>
   </div>
   <div class='ocr_carea' id='block_1_122' title="bbox 2052 4265 3654 4337">
    <p class='ocr_par' dir='ltr' id='par_1_122' title="bbox 2052 4265 3654 4337">
     <span class='ocr_line' id='line_1_124' title="bbox 2052 4265 3654 4337; baseline -0.001 -20"><span class='ocrx_word' id='word_1_879' title='bbox 2052 4281 2238 4320; x_wconf 89' lang='lat' dir='ltr'><strong>amore</strong></span> <span class='ocrx_word' id='word_1_880' title='bbox 2276 4265 2579 4337; x_wconf 42' lang='lat' dir='ltr'><strong>abrep‘tuin,</strong></span> <span class='ocrx_word' id='word_1_881' title='bbox 2615 4285 2807 4337; x_wconf 90' lang='lat' dir='ltr'><strong>pravas</strong></span> <span class='ocrx_word' id='word_1_882' title='bbox 2836 4270 2997 4322; x_wconf 88' lang='lat' dir='ltr'><strong>etiam</strong></span> <span class='ocrx_word' id='word_1_883' title='bbox 3044 4268 3324 4336; x_wconf 88' lang='lat' dir='ltr'><strong>opiniones</strong></span> <span class='ocrx_word' id='word_1_884' title='bbox 3369 4265 3557 4328; x_wconf 88' lang='lat' dir='ltr'><strong>illius,</strong></span> <span class='ocrx_word' id='word_1_885' title='bbox 3602 4265 3654 4316; x_wconf 83' lang='lat' dir='ltr'><strong>si</strong></span> 
     </span>
    </p>
   </div>
   <div class='ocr_carea' id='block_1_123' title="bbox 2050 4338 3105 4406">
    <p class='ocr_par' dir='ltr' id='par_1_123' title="bbox 2050 4338 3105 4406">
     <span class='ocr_line' id='line_1_125' title="bbox 2050 4338 3105 4406; baseline 0.004 -17"><span class='ocrx_word' id='word_1_886' title='bbox 2050 4351 2169 4406; x_wconf 72' lang='lat' dir='ltr'><strong>quae</strong></span> <span class='ocrx_word' id='word_1_887' title='bbox 2200 4338 2327 4404; x_wconf 88' lang='lat' dir='ltr'><strong>sint,</strong></span> <span class='ocrx_word' id='word_1_888' title='bbox 2360 4340 2645 4392; x_wconf 77' lang='lat' dir='ltr'><strong>defendere</strong></span> <span class='ocrx_word' id='word_1_889' title='bbox 2685 4349 2928 4406; x_wconf 87' lang='lat' dir='ltr'><strong>paratum</strong></span> <span class='ocrx_word' id='word_1_890' title='bbox 2965 4354 3105 4393; x_wconf 85' lang='lat' dir='ltr'><strong>esse.</strong></span> 
     </span>
    </p>
   </div>
   <div class='ocr_carea' id='block_1_124' title="bbox 2122 4405 3656 4478">
    <p class='ocr_par' dir='ltr' id='par_1_124' title="bbox 2122 4405 3656 4478">
     <span class='ocr_line' id='line_1_126' title="bbox 2122 4405 3656 4478; baseline -0.002 -19"><span class='ocrx_word' id='word_1_891' title='bbox 2122 4405 2234 4478; x_wconf 83' lang='lat'><strong>(86)</strong></span> <span class='ocrx_word' id='word_1_892' title='bbox 2261 4407 2578 4476; x_wconf 83' lang='lat' dir='ltr'><strong>Capitulum.</strong></span> <span class='ocrx_word' id='word_1_893' title='bbox 2611 4405 2721 4461; x_wconf 20' lang='lat' dir='ltr'><strong>Vo’x</strong></span> <span class='ocrx_word' id='word_1_894' title='bbox 2755 4405 3656 4478; x_wconf 49' lang='grc' dir='ltr'>κεφάλαιον,ιοειιηιθςηιεηιῑαπι,</span> 
     </span>
    </p>
   </div>
   <div class='ocr_carea' id='block_1_125' title="bbox 2055 4477 3657 4548">
    <p class='ocr_par' dir='ltr' id='par_1_125' title="bbox 2055 4477 3657 4548">
     <span class='ocr_line' id='line_1_127' title="bbox 2055 4477 3657 4548; baseline 0 -22"><span class='ocrx_word' id='word_1_895' title='bbox 2055 4486 2167 4548; x_wconf 89' lang='lat' dir='ltr'><strong>aut,</strong></span> <span class='ocrx_word' id='word_1_896' title='bbox 2193 4481 2235 4531; x_wconf 88' lang='lat' dir='ltr'><strong>si</strong></span> <span class='ocrx_word' id='word_1_897' title='bbox 2275 4480 2466 4543; x_wconf 87' lang='lat' dir='ltr'><strong>mavis,</strong></span> <span class='ocrx_word' id='word_1_898' title='bbox 2497 4490 2690 4531; x_wconf 76' lang='lat' dir='ltr'><strong>textum</strong></span> <span class='ocrx_word' id='word_1_899' title='bbox 2724 4480 2810 4532; x_wconf 93' lang='lat' dir='ltr'><strong>hic</strong></span> <span class='ocrx_word' id='word_1_900' title='bbox 2838 4477 3126 4548; x_wconf 72' lang='lat' dir='ltr'><strong>Signiﬁcat,</strong></span> <span class='ocrx_word' id='word_1_901' title='bbox 3165 4488 3221 4529; x_wconf 94' lang='lat' dir='ltr'><strong>ut</strong></span> <span class='ocrx_word' id='word_1_902' title='bbox 3260 4477 3384 4529; x_wconf 88' lang='lat' dir='ltr'><strong>alibi</strong></span> <span class='ocrx_word' id='word_1_903' title='bbox 3430 4477 3657 4542; x_wconf 65' lang='lat' dir='ltr'><strong>saepius</strong></span> 
     </span>
    </p>
   </div>
   <div class='ocr_carea' id='block_1_126' title="bbox 2056 4547 3656 4618">
    <p class='ocr_par' dir='ltr' id='par_1_126' title="bbox 2056 4547 3656 4618">
     <span class='ocr_line' id='line_1_128' title="bbox 2056 4547 3656 4618; baseline -0.001 -20"><span class='ocrx_word' id='word_1_904' title='bbox 2056 4547 2156 4618; x_wconf 87' lang='lat' dir='ltr'><strong>hoc</strong></span> <span class='ocrx_word' id='word_1_905' title='bbox 2184 4549 2236 4600; x_wconf 93' lang='lat' dir='ltr'><strong>in</strong></span> <span class='ocrx_word' id='word_1_906' title='bbox 2274 4562 2455 4615; x_wconf 90' lang='lat' dir='ltr'><strong>opere.</strong></span> <span class='ocrx_word' id='word_1_907' title='bbox 2494 4548 2551 4601; x_wconf 80' lang='lat' dir='ltr'><strong>Ei</strong></span> <span class='ocrx_word' id='word_1_908' title='bbox 2609 4547 2900 4618; x_wconf 84' lang='lat' dir='ltr'><strong>respondet</strong></span> <span class='ocrx_word' id='word_1_909' title='bbox 2940 4563 3037 4601; x_wconf 82' lang='lat' dir='ltr'><strong>vox</strong></span> <span class='ocrx_word' id='word_1_910' title='bbox 3084 4548 3391 4618; x_wconf 73' lang='lat' dir='ltr'><strong>capitulum,</strong></span> <span class='ocrx_word' id='word_1_911' title='bbox 3435 4559 3584 4618; x_wconf 56' lang='lat' dir='ltr'><strong>eum</strong></span> <span class='ocrx_word' id='word_1_912' title='bbox 3620 4562 3656 4597; x_wconf 72' lang='grc' dir='ltr'>ει</span> 
     </span>
    </p>
   </div>
   <div class='ocr_carea' id='block_1_127' title="bbox 2056 4613 3657 4687">
    <p class='ocr_par' dir='ltr' id='par_1_127' title="bbox 2056 4613 3657 4687">
     <span class='ocr_line' id='line_1_129' title="bbox 2056 4613 3657 4687; baseline -0.001 -18"><span class='ocrx_word' id='word_1_913' title='bbox 2056 4613 2322 4687; x_wconf 80' lang='lat' dir='ltr'><strong>Cicerone</strong></span> <span class='ocrx_word' id='word_1_914' title='bbox 2351 4620 2401 4669; x_wconf 91' lang='lat' dir='ltr'><strong>in</strong></span> <span class='ocrx_word' id='word_1_915' title='bbox 2427 4618 2598 4687; x_wconf 89' lang='lat' dir='ltr'><strong>primo</strong></span> <span class='ocrx_word' id='word_1_916' title='bbox 2640 4613 2715 4671; x_wconf 66' lang='lat' dir='ltr'><strong>oe</strong></span> <span class='ocrx_word' id='word_1_917' title='bbox 2748 4619 2966 4684; x_wconf 79' lang='lat' dir='ltr'><strong>legibus,</strong></span> <span class='ocrx_word' id='word_1_918' title='bbox 2997 4628 3106 4670; x_wconf 92' lang='lat' dir='ltr'><strong>tum</strong></span> <span class='ocrx_word' id='word_1_919' title='bbox 3140 4626 3313 4687; x_wconf 87' lang='lat' dir='ltr'><strong>etiam</strong></span> <span class='ocrx_word' id='word_1_920' title='bbox 3339 4615 3409 4667; x_wconf 85' lang='lat' dir='ltr'><strong>ab</strong></span> <span class='ocrx_word' id='word_1_921' title='bbox 3443 4613 3657 4687; x_wconf 80' lang='lat' dir='ltr'><strong>Eccle-</strong></span> 
     </span>
    </p>
   </div>
   <div class='ocr_carea' id='block_1_128' title="bbox 2056 4685 3655 4753">
    <p class='ocr_par' dir='ltr' id='par_1_128' title="bbox 2056 4685 3655 4753">
     <span class='ocr_line' id='line_1_130' title="bbox 2056 4685 3655 4753; baseline -0.003 -14"><span class='ocrx_word' id='word_1_922' title='bbox 2056 4689 2134 4739; x_wconf 88' lang='lat' dir='ltr'><strong>sia</strong></span> <span class='ocrx_word' id='word_1_923' title='bbox 2166 4690 2219 4739; x_wconf 91' lang='lat' dir='ltr'><strong>in</strong></span> <span class='ocrx_word' id='word_1_924' title='bbox 2245 4685 2401 4739; x_wconf 91' lang='lat' dir='ltr'><strong>lloris</strong></span> <span class='ocrx_word' id='word_1_925' title='bbox 2427 4685 2735 4753; x_wconf 82' lang='lat' dir='ltr'><strong>canonicis,</strong></span> <span class='ocrx_word' id='word_1_926' title='bbox 2779 4701 2834 4742; x_wconf 89' lang='lat' dir='ltr'><strong>et</strong></span> <span class='ocrx_word' id='word_1_927' title='bbox 2861 4706 2887 4741; x_wconf 87' lang='lat' dir='ltr'><strong>a</strong></span> <span class='ocrx_word' id='word_1_928' title='bbox 2922 4688 3126 4741; x_wconf 86' lang='lat' dir='ltr'><strong>Latinis</strong></span> <span class='ocrx_word' id='word_1_929' title='bbox 3157 4686 3405 4739; x_wconf 84' lang='lat' dir='ltr'><strong>Patribus</strong></span> <span class='ocrx_word' id='word_1_930' title='bbox 3437 4686 3655 4737; x_wconf 74' lang='lat' dir='ltr'><strong>eadem</strong></span> 
     </span>
    </p>
   </div>
   <div class='ocr_carea' id='block_1_129' title="bbox 2056 4757 3656 4826">
    <p class='ocr_par' dir='ltr' id='par_1_129' title="bbox 2056 4757 3656 4826">
     <span class='ocr_line' id='line_1_131' title="bbox 2056 4757 3656 4826; baseline -0.003 -17"><span class='ocrx_word' id='word_1_931' title='bbox 2056 4757 2447 4824; x_wconf 86' lang='lat' dir='ltr'><strong>signitieatioue</strong></span> <span class='ocrx_word' id='word_1_932' title='bbox 2504 4772 2779 4825; x_wconf 83' lang='lat' dir='ltr'><strong>usurpata.</strong></span> <span class='ocrx_word' id='word_1_933' title='bbox 2850 4759 2922 4811; x_wconf 86' lang='lat' dir='ltr'><strong>Ita</strong></span> <span class='ocrx_word' id='word_1_934' title='bbox 2969 4758 3355 4826; x_wconf 85' lang='lat' dir='ltr'><strong>Hieronymus,</strong></span> <span class='ocrx_word' id='word_1_935' title='bbox 3401 4771 3495 4808; x_wconf 76' lang='lat' dir='ltr'><strong>ex.</strong></span> <span class='ocrx_word' id='word_1_936' title='bbox 3528 4770 3656 4821; x_wconf 66' lang='lat' dir='ltr'><strong>gn,</strong></span> 
     </span>
    </p>
   </div>
   <div class='ocr_carea' id='block_1_130' title="bbox 2061 4825 3657 4896">
    <p class='ocr_par' dir='ltr' id='par_1_130' title="bbox 2061 4825 3657 4896">
     <span class='ocr_line' id='line_1_132' title="bbox 2061 4825 3657 4896; baseline 0 -18"><span class='ocrx_word' id='word_1_937' title='bbox 2061 4827 2279 4894; x_wconf 81' lang='lat' dir='ltr'><strong>Dialogo</strong></span> <span class='ocrx_word' id='word_1_938' title='bbox 2329 4839 2509 4881; x_wconf 90' lang='lat' dir='ltr'><strong>contra</strong></span> <span class='ocrx_word' id='word_1_939' title='bbox 2553 4826 2940 4895; x_wconf 74' lang='lat' dir='ltr'><strong>Luciferionos,</strong></span> <span class='ocrx_word' id='word_1_940' title='bbox 2978 4846 3098 4896; x_wconf 83' lang='lat' dir='ltr'><strong>pag.</strong></span> <span class='ocrx_word' id='word_1_941' title='bbox 3142 4825 3263 4889; x_wconf 65' lang='lat'><strong>174,</strong></span> <span class='ocrx_word' id='word_1_942' title='bbox 3301 4836 3424 4896; x_wconf 89' lang='lat' dir='ltr'><strong>post</strong></span> <span class='ocrx_word' id='word_1_943' title='bbox 3473 4827 3657 4878; x_wconf 78' lang='lat' dir='ltr'><strong>allata</strong></span> 
     </span>
    </p>
   </div>
   <div class='ocr_carea' id='block_1_131' title="bbox 2056 4895 3659 4968">
    <p class='ocr_par' dir='ltr' id='par_1_131' title="bbox 2056 4895 3659 4968">
     <span class='ocr_line' id='line_1_133' title="bbox 2056 4895 3659 4968; baseline 0.002 -23"><span class='ocrx_word' id='word_1_944' title='bbox 2056 4898 2164 4968; x_wconf 88' lang='lat' dir='ltr'><strong>d_u0</strong></span> <span class='ocrx_word' id='word_1_945' title='bbox 2220 4896 2515 4966; x_wconf 76' lang='lat' dir='ltr'><strong>Scriptura:</strong></span> <span class='ocrx_word' id='word_1_946' title='bbox 2560 4900 2695 4960; x_wconf 83' lang='lat' dir='ltr'><strong>loca,</strong></span> <span class='ocrx_word' id='word_1_947' title='bbox 2742 4901 3014 4968; x_wconf 82' lang='lat' dir='ltr'><strong>sulijuugit</strong></span> <span class='ocrx_word' id='word_1_948' title='bbox 3044 4895 3221 4961; x_wconf 61' lang='lat' dir='ltr'><strong>{Quw</strong></span> <span class='ocrx_word' id='word_1_949' title='bbox 3270 4895 3487 4964; x_wconf 84' lang='lat' dir='ltr'><strong>quidem</strong></span> <span class='ocrx_word' id='word_1_950' title='bbox 3531 4897 3659 4948; x_wconf 83' lang='lat' dir='ltr'><strong>duo</strong></span> 
     </span>
    </p>
   </div>
   <div class='ocr_carea' id='block_1_132' title="bbox 2059 4966 3658 5035">
    <p class='ocr_par' dir='ltr' id='par_1_132' title="bbox 2059 4966 3658 5035">
     <span class='ocr_line' id='line_1_134' title="bbox 2059 4966 3658 5035; baseline -0.001 -15"><span class='ocrx_word' id='word_1_951' title='bbox 2059 4966 2452 5035; x_wconf 85' lang='lat' dir='ltr'><strong>Scripturarum</strong></span> <span class='ocrx_word' id='word_1_952' title='bbox 2519 4969 2749 5034; x_wconf 87' lang='lat' dir='ltr'><strong>capitula</strong></span> <span class='ocrx_word' id='word_1_953' title='bbox 2820 4966 2876 5021; x_wconf 85' lang='lat' dir='ltr'><strong>in</strong></span> <span class='ocrx_word' id='word_1_954' title='bbox 2940 4966 3243 5022; x_wconf 73' lang='lat' dir='ltr'><strong>iententiam</strong></span> <span class='ocrx_word' id='word_1_955' title='bbox 3309 4978 3658 5018; x_wconf 76' lang='lat' dir='ltr'><strong>concurrunt</strong></span> 
     </span>
    </p>
   </div>
   <div class='ocr_carea' id='block_1_133' title="bbox 2060 5036 3660 5107">
    <p class='ocr_par' dir='ltr' id='par_1_133' title="bbox 2060 5036 3660 5107">
     <span class='ocr_line' id='line_1_135' title="bbox 2060 5036 3660 5107; baseline -0.001 -19"><span class='ocrx_word' id='word_1_956' title='bbox 2060 5054 2243 5091; x_wconf 86' lang='lat' dir='ltr'><strong>unam.</strong></span> <span class='ocrx_word' id='word_1_957' title='bbox 2300 5037 2366 5091; x_wconf 84' lang='lat' dir='ltr'><strong>Et</strong></span> <span class='ocrx_word' id='word_1_958' title='bbox 2417 5054 2535 5107; x_wconf 85' lang='lat' dir='ltr'><strong>pag.</strong></span> <span class='ocrx_word' id='word_1_959' title='bbox 2581 5038 2733 5091; x_wconf 68' lang='lat'><strong>202:</strong></span> <span class='ocrx_word' id='word_1_960' title='bbox 2772 5038 2883 5091; x_wconf 85' lang='lat' dir='ltr'><strong>Nec</strong></span> <span class='ocrx_word' id='word_1_961' title='bbox 2925 5040 3022 5092; x_wconf 78' lang='lat' dir='ltr'><strong>sibi</strong></span> <span class='ocrx_word' id='word_1_962' title='bbox 3073 5037 3428 5099; x_wconf 84' lang='lat' dir='ltr'><strong>blandiantur;</strong></span> <span class='ocrx_word' id='word_1_963' title='bbox 3478 5036 3531 5086; x_wconf 80' lang='lat' dir='ltr'><strong>si</strong></span> <span class='ocrx_word' id='word_1_964' title='bbox 3585 5040 3660 5087; x_wconf 87' lang='lat' dir='ltr'><strong>de</strong></span> 
     </span>
    </p>
   </div>
   <div class='ocr_carea' id='block_1_134' title="bbox 2060 5106 3659 5175">
    <p class='ocr_par' dir='ltr' id='par_1_134' title="bbox 2060 5106 3659 5175">
     <span class='ocr_line' id='line_1_136' title="bbox 2060 5106 3659 5175; baseline -0.002 -15"><span class='ocrx_word' id='word_1_965' title='bbox 2060 5106 2451 5174; x_wconf 83' lang='lat' dir='ltr'><strong>Scriptururuin</strong></span> <span class='ocrx_word' id='word_1_966' title='bbox 2489 5106 2735 5175; x_wconf 78' lang='lat' dir='ltr'><strong>capitulis</strong></span> <span class='ocrx_word' id='word_1_967' title='bbox 2781 5110 3017 5161; x_wconf 83' lang='lat' dir='ltr'><strong>videntur</strong></span> <span class='ocrx_word' id='word_1_968' title='bbox 3061 5110 3158 5160; x_wconf 81' lang='lat' dir='ltr'><strong>sibi</strong></span> <span class='ocrx_word' id='word_1_969' title='bbox 3205 5106 3466 5175; x_wconf 72' lang='lat' dir='ltr'><strong>afﬁrmare</strong></span> <span class='ocrx_word' id='word_1_970' title='bbox 3494 5107 3659 5171; x_wconf 80' lang='lat' dir='ltr'><strong>quod</strong></span> 
     </span>
    </p>
   </div>
   <div class='ocr_carea' id='block_1_135' title="bbox 2058 5178 3655 5247">
    <p class='ocr_par' dir='ltr' id='par_1_135' title="bbox 2058 5178 3655 5247">
     <span class='ocr_line' id='line_1_137' title="bbox 2058 5178 3655 5247; baseline -0.001 -18"><span class='ocrx_word' id='word_1_971' title='bbox 2058 5178 2255 5231; x_wconf 84' lang='lat' dir='ltr'><strong>dicunt.</strong></span> <span class='ocrx_word' id='word_1_972' title='bbox 2302 5178 2366 5231; x_wconf 81' lang='lat' dir='ltr'><strong>Et</strong></span> <span class='ocrx_word' id='word_1_973' title='bbox 2404 5180 2731 5247; x_wconf 82' lang='lat' dir='ltr'><strong>Augustinus</strong></span> <span class='ocrx_word' id='word_1_974' title='bbox 2768 5181 2818 5231; x_wconf 87' lang='lat' dir='ltr'><strong>iit</strong></span> <span class='ocrx_word' id='word_1_975' title='bbox 2852 5182 3024 5247; x_wconf 83' lang='lat' dir='ltr'><strong>prium</strong></span> <span class='ocrx_word' id='word_1_976' title='bbox 3067 5178 3141 5230; x_wconf 85' lang='lat' dir='ltr'><strong>De</strong></span> <span class='ocrx_word' id='word_1_977' title='bbox 3184 5178 3465 5235; x_wconf 74' lang='lat' dir='ltr'><strong>Trmitate,</strong></span> <span class='ocrx_word' id='word_1_978' title='bbox 3510 5192 3655 5243; x_wconf 83' lang='lat' dir='ltr'><strong>cap.</strong></span> 
     </span>
    </p>
   </div>
   <div class='ocr_carea' id='block_1_136' title="bbox 2060 5247 3659 5316">
    <p class='ocr_par' dir='ltr' id='par_1_136' title="bbox 2060 5247 3659 5316">
     <span class='ocr_line' id='line_1_138' title="bbox 2060 5247 3659 5316; baseline -0.002 -17"><span class='ocrx_word' id='word_1_979' title='bbox 2060 5248 2089 5299; x_wconf 84' lang='lat'><strong>7</strong></span> <span class='ocrx_word' id='word_1_980' title='bbox 2122 5265 2134 5299; x_wconf 91' lang='lat'>:</span> <span class='ocrx_word' id='word_1_981' title='bbox 2168 5248 2248 5300; x_wconf 75' lang='lat' dir='ltr'><strong>Ex</strong></span> <span class='ocrx_word' id='word_1_982' title='bbox 2271 5266 2393 5311; x_wconf 89' lang='lat' dir='ltr'><strong>uno,</strong></span> <span class='ocrx_word' id='word_1_983' title='bbox 2434 5250 2625 5316; x_wconf 90' lang='lat' dir='ltr'><strong>inquit,</strong></span> <span class='ocrx_word' id='word_1_984' title='bbox 2658 5250 2882 5315; x_wconf 84' lang='lat' dir='ltr'><strong>capitulo</strong></span> <span class='ocrx_word' id='word_1_985' title='bbox 2915 5249 3163 5314; x_wconf 74' lang='lat' dir='ltr'><strong>Epistola:</strong></span> <span class='ocrx_word' id='word_1_986' title='bbox 3200 5247 3354 5299; x_wconf 82' lang='lat' dir='ltr'><strong>Pauli</strong></span> <span class='ocrx_word' id='word_1_987' title='bbox 3385 5250 3659 5312; x_wconf 76' lang='lat' dir='ltr'><strong>apostoli,</strong></span> 
     </span>
    </p>
   </div>
   <div class='ocr_carea' id='block_1_137' title="bbox 2058 5318 3654 5386">
    <p class='ocr_par' dir='ltr' id='par_1_137' title="bbox 2058 5318 3654 5386">
     <span class='ocr_line' id='line_1_139' title="bbox 2058 5318 3654 5386; baseline -0.003 -15"><span class='ocrx_word' id='word_1_988' title='bbox 2058 5330 2164 5372; x_wconf 89' lang='lat' dir='ltr'><strong>etc.</strong></span> <span class='ocrx_word' id='word_1_989' title='bbox 2209 5318 2317 5371; x_wconf 87' lang='lat' dir='ltr'><strong>Iloc</strong></span> <span class='ocrx_word' id='word_1_990' title='bbox 2348 5322 2461 5386; x_wconf 89' lang='lat' dir='ltr'><strong>ipso</strong></span> <span class='ocrx_word' id='word_1_991' title='bbox 2483 5336 2641 5372; x_wconf 84' lang='lat' dir='ltr'><strong>sensu</strong></span> <span class='ocrx_word' id='word_1_992' title='bbox 2676 5320 2727 5371; x_wconf 92' lang='lat' dir='ltr'><strong>in</strong></span> <span class='ocrx_word' id='word_1_993' title='bbox 2763 5322 2900 5373; x_wconf 86' lang='lat' dir='ltr'><strong>libro</strong></span> <span class='ocrx_word' id='word_1_994' title='bbox 2935 5318 3008 5371; x_wconf 84' lang='lat' dir='ltr'><strong>De</strong></span> <span class='ocrx_word' id='word_1_995' title='bbox 3036 5319 3239 5385; x_wconf 82' lang='lat' dir='ltr'><strong>Spiritu</strong></span> <span class='ocrx_word' id='word_1_996' title='bbox 3271 5326 3477 5376; x_wconf 80' lang='lat' dir='ltr'><strong>sancto,</strong></span> <span class='ocrx_word' id='word_1_997' title='bbox 3510 5332 3654 5383; x_wconf 72' lang='lat' dir='ltr'><strong>pag.</strong></span> 
     </span>
    </p>
   </div>
   <div class='ocr_carea' id='block_1_138' title="bbox 2062 5388 3655 5458">
    <p class='ocr_par' dir='ltr' id='par_1_138' title="bbox 2062 5388 3655 5458">
     <span class='ocr_line' id='line_1_140' title="bbox 2062 5388 3655 5458; baseline -0.003 -17"><span class='ocrx_word' id='word_1_998' title='bbox 2062 5388 2182 5449; x_wconf 70' lang='lat'><strong>163,</strong></span> <span class='ocrx_word' id='word_1_999' title='bbox 2208 5391 2282 5441; x_wconf 90' lang='lat' dir='ltr'><strong>ait</strong></span> <span class='ocrx_word' id='word_1_1000' title='bbox 2305 5389 2559 5458; x_wconf 82' lang='lat' dir='ltr'><strong>Didymus</strong></span> <span class='ocrx_word' id='word_1_1001' title='bbox 2593 5404 2606 5441; x_wconf 90' lang='lat'><strong>:</strong></span> <span class='ocrx_word' id='word_1_1002' title='bbox 2642 5389 3081 5441; x_wconf 75' lang='lat' dir='ltr'><strong>Existiinaoeruut</strong></span> <span class='ocrx_word' id='word_1_1003' title='bbox 3110 5388 3359 5458; x_wconf 72' lang='lat' dir='ltr'><strong>Spiritum</strong></span> <span class='ocrx_word' id='word_1_1004' title='bbox 3389 5400 3655 5458; x_wconf 75' lang='lat' dir='ltr'><strong>sanctum</strong></span> 
     </span>
    </p>
   </div>
   <div class='ocr_carea' id='block_1_139' title="bbox 2060 5455 3654 5527">
    <p class='ocr_par' dir='ltr' id='par_1_139' title="bbox 2060 5455 3654 5527">
     <span class='ocr_line' id='line_1_141' title="bbox 2060 5455 3654 5527; baseline -0.003 -16"><span class='ocrx_word' id='word_1_1005' title='bbox 2060 5461 2215 5511; x_wconf 82' lang='lat' dir='ltr'><strong>etiam</strong></span> <span class='ocrx_word' id='word_1_1006' title='bbox 2270 5462 2323 5511; x_wconf 82' lang='lat' dir='ltr'><strong>in</strong></span> <span class='ocrx_word' id='word_1_1007' title='bbox 2380 5455 2475 5510; x_wconf 71' lang='lat' dir='ltr'><strong>Iioc</strong></span> <span class='ocrx_word' id='word_1_1008' title='bbox 2528 5460 2753 5526; x_wconf 85' lang='lat' dir='ltr'><strong>capitulo</strong></span> <span class='ocrx_word' id='word_1_1009' title='bbox 2805 5460 3093 5527; x_wconf 80' lang='lat' dir='ltr'><strong>signiﬁcari</strong></span> <span class='ocrx_word' id='word_1_1010' title='bbox 3138 5473 3156 5510; x_wconf 91' lang='lat'><strong><em>:</em></strong></span> <span class='ocrx_word' id='word_1_1011' title='bbox 3195 5456 3282 5509; x_wconf 86' lang='lat' dir='ltr'><strong>ubi</strong></span> <span class='ocrx_word' id='word_1_1012' title='bbox 3344 5455 3654 5527; x_wconf 73' lang='lat' dir='ltr'><strong>Didymqu</strong></span> 
     </span>
    </p>
   </div>
   <div class='ocr_carea' id='block_1_140' title="bbox 2061 5524 3657 5599">
    <p class='ocr_par' dir='ltr' id='par_1_140' title="bbox 2061 5524 3657 5599">
     <span class='ocr_line' id='line_1_142' title="bbox 2061 5524 3657 5599; baseline -0.006 -17"><span class='ocrx_word' id='word_1_1013' title='bbox 2061 5529 2243 5582; x_wconf 67' lang='lat' dir='ltr'><strong>Grasce</strong></span> <span class='ocrx_word' id='word_1_1014' title='bbox 2268 5530 2571 5597; x_wconf 78' lang='lat' dir='ltr'><strong>scripsisse,</strong></span> <span class='ocrx_word' id='word_1_1015' title='bbox 2592 5524 2903 5599; x_wconf 57' lang='grc' dir='ltr'><strong>⁷κεῳοιλοιίιξ),</strong></span> <span class='ocrx_word' id='word_1_1016' title='bbox 2944 5524 3126 5581; x_wconf 82' lang='lat' dir='ltr'><strong>nullus</strong></span> <span class='ocrx_word' id='word_1_1017' title='bbox 3157 5528 3359 5579; x_wconf 88' lang='lat' dir='ltr'><strong>dubito.</strong></span> <span class='ocrx_word' id='word_1_1018' title='bbox 3381 5524 3457 5599; x_wconf 83' lang='lat' dir='ltr'><strong>_lu</strong></span> <span class='ocrx_word' id='word_1_1019' title='bbox 3495 5525 3657 5577; x_wconf 81' lang='lat' dir='ltr'><strong>libro</strong></span> 
     </span>
    </p>
   </div>
   <div class='ocr_carea' id='block_1_141' title="bbox 2060 5594 3653 5666">
    <p class='ocr_par' dir='ltr' id='par_1_141' title="bbox 2060 5594 3653 5666">
     <span class='ocr_line' id='line_1_143' title="bbox 2060 5594 3653 5666; baseline -0.004 -14"><span class='ocrx_word' id='word_1_1020' title='bbox 2060 5612 2238 5652; x_wconf 88' lang='lat' dir='ltr'><strong>autem</strong></span> <span class='ocrx_word' id='word_1_1021' title='bbox 2273 5594 2533 5651; x_wconf 36' lang='lat' dir='ltr'><strong>Adv-critus</strong></span> <span class='ocrx_word' id='word_1_1022' title='bbox 2559 5594 2879 5653; x_wconf 64' lang='lat' dir='ltr'><strong>Maiiicnwos</strong></span> <span class='ocrx_word' id='word_1_1023' title='bbox 2908 5616 2926 5652; x_wconf 88' lang='lat'><strong><em>:</em></strong></span> <span class='ocrx_word' id='word_1_1024' title='bbox 2959 5601 3221 5650; x_wconf 82' lang='grc' dir='ltr'>Ἱστωσαν</span> <span class='ocrx_word' id='word_1_1025' title='bbox 3257 5594 3542 5666; x_wconf 77' lang='grc' dir='ltr'>μαχόμενα</span> <span class='ocrx_word' id='word_1_1026' title='bbox 3575 5599 3653 5664; x_wconf 74' lang='grc' dir='ltr'><strong>τῇ</strong></span> 
     </span>
    </p>
   </div>
   <div class='ocr_carea' id='block_1_142' title="bbox 2061 5665 3656 5739">
    <p class='ocr_par' dir='ltr' id='par_1_142' title="bbox 2061 5665 3656 5739">
     <span class='ocr_line' id='line_1_144' title="bbox 2061 5665 3656 5739; baseline -0.003 -16"><span class='ocrx_word' id='word_1_1027' title='bbox 2061 5668 2350 5739; x_wconf 71' lang='grc' dir='ltr'>ἀκολουθίᾳ</span> <span class='ocrx_word' id='word_1_1028' title='bbox 2396 5670 2489 5721; x_wconf 78' lang='grc' dir='ltr'>τοῦ</span> <span class='ocrx_word' id='word_1_1029' title='bbox 2538 5670 2853 5737; x_wconf 77' lang='grc' dir='ltr'>κεφαλαίου.</span> <span class='ocrx_word' id='word_1_1030' title='bbox 2898 5670 3161 5731; x_wconf 80' lang='grc' dir='ltr'>λέγοντες.</span> <span class='ocrx_word' id='word_1_1031' title='bbox 3191 5709 3203 5720; x_wconf 93' lang='grc'><strong>.</strong></span> <span class='ocrx_word' id='word_1_1032' title='bbox 3320 5665 3483 5739; x_wconf 82' lang='grc' dir='ltr'>Λέγει</span> <span class='ocrx_word' id='word_1_1033' title='bbox 3526 5667 3656 5736; x_wconf 73' lang='grc' dir='ltr'><strong>γὰρ</strong></span> 
     </span>
    </p>
   </div>
   <div class='ocr_carea' id='block_1_143' title="bbox 2063 5738 3650 5811">
    <p class='ocr_par' dir='ltr' id='par_1_143' title="bbox 2063 5738 3650 5811">
     <span class='ocr_line' id='line_1_145' title="bbox 2063 5738 3650 5811; baseline -0.004 -16"><span class='ocrx_word' id='word_1_1034' title='bbox 2063 5744 2121 5795; x_wconf 83' lang='grc' dir='ltr'><strong>ἐν</strong></span> <span class='ocrx_word' id='word_1_1035' title='bbox 2180 5738 2352 5811; x_wconf 77' lang='grc' dir='ltr'>ἑτέρῳ</span> <span class='ocrx_word' id='word_1_1036' title='bbox 2401 5740 2680 5811; x_wconf 79' lang='grc' dir='ltr'>κεφαλαίῳ</span> <span class='ocrx_word' id='word_1_1037' title='bbox 2724 5744 2751 5794; x_wconf 91' lang='grc' dir='ltr'>ὁ</span> <span class='ocrx_word' id='word_1_1038' title='bbox 2797 5741 2987 5811; x_wconf 81' lang='grc' dir='ltr'><strong>Σωτήρ</strong></span> <span class='ocrx_word' id='word_1_1039' title='bbox 3014 5758 3027 5771; x_wconf 86' lang='grc'><strong>·</strong></span> <span class='ocrx_word' id='word_1_1040' title='bbox 3070 5754 3295 5807; x_wconf 72' lang='lat' dir='ltr'><strong>quorum</strong></span> <span class='ocrx_word' id='word_1_1041' title='bbox 3344 5738 3650 5791; x_wconf 85' lang='lat' dir='ltr'><strong>verborum</strong></span> 
     </span>
    </p>
   </div>
  </div>
