3774 6326
429 271 535 328 299

1684 267 1916 326 DIDYMI
1948 266 2410 323 ALEXANDRlNl

3587 265 3690 322 500

431 400 769 455 perspicuam
809 399 871 440 ac
898 385 1053 440 valde
1081 385 1416 451 manifestam
1446 383 1574 437 facit
1595 421 1610 446 ,
1642 397 1869 452 eamque
1899 385 1984 438 fu-

2104 383 2357 452 5ωμαῖστὶ
2381 381 2438 434 δὲ
2461 382 2494 450 ἠ
2525 380 2914 450 ἀπαρέμφατος
2938 380 3002 432 ἐκ
3029 379 3120 433 δύο
3138 377 3329 443 λέξεων
3358 378 3691 447 σύγκειται*

432 474 678 543 gieiidam
707 489 828 528 esse
846 475 1109 529 ostendit.
1137 472 1269 528 Nam
1299 488 1400 527 vox
1426 511 1440 536 ,
1466 468 1559 542 ἦν,
1587 473 1637 524 id
1656 479 1739 527 est
1757 474 1989 536 erat,in'-

434 565 652 620 deﬁnita
681 575 764 618 est
793 588 805 618 ;
835 565 1022 618 Latine
1048 573 1224 619 autem
1263 562 1598 626 vocabulum,
1629 577 1735 630 quo
1768 564 1988 618 verbum

433 656 691 723 indeﬁniti
725 669 846 710 esse
875 657 1129 726 temporis
1158 655 1513 724 signiﬁcatur,
1554 668 1619 706 ex
1659 654 1865 708 duabus
1893 671 1990 710 vo-

435 750 617 811 cibus,
667 745 958 816 Plusquam
1011 747 1265 815 perfectus
1311 745 1456 816 (21),
1515 746 1874 814 componitur,
1927 761 1993 801 ac

436 841 680 903 vertitur,
725 841 888 894 πλέον
928 839 961 910 ἢ
1006 839 1230 902 τέλειος.
1269 837 1452 905 Itaque
1491 835 1580 888 hic
1607 836 1803 904 exigit.
1827 843 1886 888 ut
1915 835 1994 888 in-

438 935 704 1006 telligatur
731 940 1162 1001 superaeternus.
1190 939 1282 982 aut
1313 924 1561 995 principii
1611 937 1823 992 expers.
1858 923 1990 976 Nam

436 1025 526 1093 qui
571 1034 682 1078 erat
711 1026 764 1077 in
794 1021 1047 1091 principio
1067 1058 1083 1085 ,
1115 1028 1208 1073 aut
1228 1057 1243 1083 ,
1273 1025 1332 1070 ut
1353 1015 1474 1085 quis
1501 1015 1698 1068 dixerit
1721 1053 1736 1076 ,
1771 1013 1858 1080 qui
1883 1021 1994 1066 erat

435 1113 722 1184 aliquando
760 1110 1071 1181 principium
1107 1107 1216 1177 (22)
1238 1146 1253 1170 ,
1302 1104 1569 1173 quomodo
1619 1119 1724 1157 non
1755 1103 1825 1155 ita
1857 1112 1992 1167 erat,

437 1216 495 1258 ut
528 1205 725 1258 nullam
749 1217 964 1256 causam
992 1198 1351 1270 agnosceret?
1387 1197 1494 1249 Aut
1519 1210 1708 1249 rursus
1729 1197 1995 1263 quomodo

441 1308 647 1366 tempus
678 1295 817 1363 quod
851 1292 1084 1346 nondum
1115 1289 1379 1351 exsistat,
1426 1301 1681 1341 mensura
1709 1285 1850 1340 illius
1877 1299 1996 1338 esse

437 1395 632 1456 potest,
656 1385 747 1454 qui
778 1382 1175 1452 tempusipsum
1211 1379 1497 1449 fecit(23)?
1526 1377 1655 1432 lllud
1684 1394 1698 1430 :
1731 1375 1860 1429 Erat
1895 1375 1998 1445 19

437 1475 573 1544 apud
621 1473 784 1528 Deum
805 1513 821 1538 ,
847 1471 1080 1535 ostendit
1108 1485 1226 1524 eam
1245 1509 1262 1536 ,
1307 1485 1467 1538 quam
1499 1469 1611 1539 (‘24)
1641 1466 1810 1521 Filius
1837 1466 1997 1520 habet

437 1580 558 1621 cum
593 1565 702 1620 Deo
735 1563 894 1618 Patre
914 1602 930 1627 ,
977 1571 1184 1617 natura:
1210 1559 1644 1616 communionem
1665 1599 1681 1624 ,
1709 1567 1871 1627 atque
1897 1558 1996 1610 hoc

436 1656 600 1711 etiam
638 1655 904 1720 ostendit,
937 1667 1002 1707 ex
1039 1666 1144 1721 quo
1173 1664 1364 1719 nempe
1391 1648 1528 1712 fuit,
1563 1648 1607 1702 si
1643 1646 1716 1700 ita
1742 1646 1882 1715 loqui
1915 1645 1994 1699 fas

2100 455 3693 544 ρμαεηυδςωεερι-εογιις·ἑρμηνεύεται

2091 565 2166 630 δὲ,
2238 568 2424 620 πλέον
2463 568 2500 634 ἢ
2551 565 2797 629 τέλειος.
2827 565 2989 616 Ὥστε
3038 563 3131 616 νῦν
3191 564 3420 615 ἀπαιτεῖ
3486 558 3693 626 νοηθῆ-

2092 673 2178 710 ναι
2219 655 2584 726 ὐπεράχρονος
2627 655 2659 723 ἦ
2707 654 2958 724 ἄναρχος.
3007 652 3059 704 ’0
3101 651 3208 721 γὰρ
3239 651 3323 703 ὢν
3349 653 3429 704 ἐν
3479 649 3563 717 τῇ
3598 651 3689 717 ἀρε

2095 743 2196 812 χῇ,
2221 745 2253 813 ἢ
2281 745 2345 798 ἄν
2373 761 2456 806 τις
2479 745 2620 796 εἴποι
2666 741 2721 812 [6
2753 741 2807 812 ὁ]
2839 742 2980 812 ἀρχή
3012 757 3140 793 ποτε
3164 741 3421 802 ἀναιτίως
3456 741 3572 791 οὐκ
3599 736 3687 806 ἦν.

2098 838 2168 889 Ἢ
2197 837 2356 890 πάλιν
2383 838 2411 889 ὁ
2451 836 2678 906 μηδέπωΙ
2699 833 2772 888 ὢν
2795 835 3003 904 χρόνος,
3031 834 3125 886 τοῦ
3155 834 3493 903 ποιήσαντος
3523 832 3688 884 αὐτὸν

2093 928 2210 990 πῶς
2239 923 2377 980 εἶναι
2411 927 2604 997 μέτρον
2633 926 2883 989 Spumat;
2916 925 3009 987 Τὸ,
3031 920 3142 978 Ἦν
3169 924 3319 992 πρὸς
3347 924 3465 976 τὸν
3499 923 3657 976 Θεὸν
3675 964 3688 981 ,

2094 1019 2334 1088 παριστᾷ
2357 1018 2424 1088 ἣν
2457 1018 2583 1080 Υἱὸς
2605 1015 2715 1086 ἔχει
2753 999 2885 1088 πρὸς
2910 1015 3040 1067 Θεὸν
3084 1016 3303 1086 Πατέρα
3332 1014 3572 1084 φύσεως
3615 1016 3691 1066 οξ-

2095 1108 2367 1178 κειότητα,
2404 1109 2496 1161 καὶ
2520 1107 2579 1160 τὸ
2607 1107 2698 1177 ἀφ’
2729 1102 2789 1160 οὗ
2827 1102 2916 1177 ἦν,
2967 1108 3016 1158 εί
3051 1105 3207 1176 θέμις
3254 1105 3430 1168 οὕτως
3482 1108 3687 1163 εἰπεῖν,

2093 1201 2121 1252 ὁ
2144 1200 2435 1268 αὺτογενὴς
2474 1199 2682 1268 Πατὴρ,
2711 1198 3076 1268 συνυπάρχειν
3103 1196 3254 1266 αὐτῷ
3294 1197 3388 1249 τὸν
3415 1195 3486 1260 ἐξ
3517 1194 3687 1248 αὐτοῦ

2052 1319 2056 1322 ·
2096 1293 2242 1348 Υἱόν,
2292 1290 2647 1362 Έρρωμένως
2677 1290 2733 1342 δὲ
2778 1289 2994 1359 νοηθείη
3026 1288 3090 1341 ἂν
3111 1287 3192 1352 τὸ,
3220 1284 3331 1342 Ἦν
3382 1288 3552 1356 πρὸς
3584 1288 3686 1339 τόν

2098 1382 2245 1437 Θεὸν
2270 1421 2284 1445 ,
2340 1383 2421 1434 ὅτι
2455 1379 2593 1434 κατὰ
2619 1380 2711 1431 τὸν
2739 1379 2870 1431 Θεὸν
2910 1373 2978 1448 ἦν
3005 1418 3019 1441 ,
3072 1377 3304 1447 ἄναρχος
3328 1415 3343 1438 ,
3379 1376 3685 1444 ἀγένητος,

2096 1473 2392 1544 ἅχώρητος,
2429 1469 2650 1538 ἀγαθὸς,
2687 1469 2984 1532 ἀθάνατος,
3032 1466 3426 1537 παμϐασιλείας.
3464 1467 3536 1518 Ei
3578 1467 3684 1535 γὰρ

2101 1562 2172 1634 μὴ
2216 1561 2386 1624 οὕτως
2433 1561 2545 1629 ἔχει
2591 1560 2681 1612 ἐπὶ
2731 1559 2831 1628 τῆς
2883 1558 3171 1628 βρυθείσης
3216 1557 3407 1626 σοφίας
3447 1555 3682 1623 ταύτης,

2097 1653 2194 1722 οὐχ
2220 1651 2327 1716 ἕξει
2365 1650 2470 1702 οὐδ’
2502 1650 2591 1701 ἐπὶ
2628 1650 2725 1718 τῆς
2766 1649 2950 1719 πηγῆς
2991 1648 3088 1717 τῆς
3124 1647 3402 1718 βρυσάσης
3446 1647 3558 1715 τὴν
3596 1662 3682 1697 σο⁶

437 1756 570 1814 est,
622 1747 892 1801 increatus
927 1743 1112 1809 Pater,
1151 1743 1252 1812 ipsi
1298 1740 1639 1797 coexstitisse
1676 1735 1871 1793 Filium
1902 1738 1989 1806 qui

2104 1743 2244 1812 φίαν.
2286 1743 2439 1811 Ἔχει
2469 1740 2524 1793 δὲ
2553 1740 2726 1802 οὕτως
2760 1741 2845 1792 ἐπ’
2897 1740 3118 1808 ἀμφοῖν.
3183 1736 3496 1807 Ἐπιφανὴς
3551 1737 3680 1804 γὰρ,

435 1853 500 1894 ex
541 1840 655 1907 ipso
703 1846 803 1891 est.
853 1836 991 1902 Quin
1044 1835 1204 1890 etiam
1251 1833 1464 1888 illorum
1496 1833 1804 1895 verborum,
1859 1828 1994 1883 Erat

437 1931 576 1999 apud
601 1929 763 1983 Deum
788 1968 803 1992 ,
835 1944 963 1980 sana
1002 1927 1370 1995 interpretatio
1410 1923 1583 1987 foret,
1607 1923 1650 1977 si
1683 1923 1755 1976 ita
1789 1920 1990 1975 intelli-

435 2031 738 2087 gerentur:
785 2015 921 2068 Erat
976 2015 1257 2068 secundum
1312 2013 1512 2078 Deum,
1570 2012 1622 2066 id
1684 2020 1790 2075 est,
1851 2021 1988 2076 erat,

434 2122 587 2178 aeque
617 2123 679 2160 ac
716 2106 876 2171 Deus,
905 2105 1170 2174 principio
1197 2117 1408 2167 carens,
1435 2117 1538 2155 non
1565 2100 1759 2166 factus,
1782 2100 1988 2154 incom-

434 2195 819 2267 prehensibilis
884 2195 1021 2264 (‘25),
1095 2194 1288 2258 bonus,
1350 2192 1691 2256 immortalis,
1751 2193 1990 2246 omnium

434 2307 552 2345 rex.
599 2290 710 2344 Nisi
743 2289 884 2344 enim
924 2291 975 2343 in
1016 2289 1345 2342 scaturiente
1370 2288 1470 2341 hac
1505 2286 1764 2356 sapientia
1807 2301 1892 2340 res
1919 2290 1992 2339 ita

435 2395 493 2436 se
528 2381 752 2445 habeat,
802 2395 867 2434 ne
905 2381 956 2433 in
997 2379 1142 2432 fonte
1181 2378 1392 2446 quidem
1415 2418 1428 2442 ,
1461 2389 1526 2431 ex
1567 2393 1673 2445 quo
1703 2378 1812 2445 ipsa
1841 2392 1990 2449 ema-

434 2470 557 2537 nat,
593 2471 672 2526 sic
709 2485 768 2525 se
817 2471 1054 2527 habebit.
1101 2471 1170 2523 At
1208 2471 1261 2522 in
1304 2468 1562 2522 ambobus
1593 2483 1779 2522 revera
1823 2470 1891 2521 ita
1933 2482 1993 2523 se

435 2562 644 2618 habet:
678 2576 801 2616 nam
845 2560 1068 2616 Joannis
1103 2575 1332 2630 scopus,
1373 2569 1428 2614 et
1457 2560 1715 2615 divinitus
1761 2561 1990 2616 traditus

435 2655 553 2724 ejus
581 2668 759 2709 sermo
778 2694 793 2720 ,
827 2651 1143 2719 manifestus
1164 2663 1276 2716 est,
1304 2661 1358 2704 et
1391 2652 1578 2706 ﬁrmus
1603 2688 1635 2715 ,-
1665 2667 1768 2704 non
1799 2668 1992 2719 super-

434 2761 658 2807 vacuus,
688 2746 782 2800 sed
813 2744 979 2800 solam
1007 2753 1256 2814 spectans
1283 2738 1640 2797 divinitatem.
1667 2741 1817 2803 Illud,
1849 2742 1988 2797 Deus

435 2846 548 2890 erat
591 2836 848 2901 Verbum,
899 2836 1090 2903 probat
1157 2834 1509 2890 substantiale
1557 2850 1673 2889 esse
1731 2835 1989 2900 Verbum,

437 2928 716 2996 ipsumque
741 2941 858 2982 esse
879 2925 1066 2991 Deum,
1089 2927 1228 2980 sicut
1257 2925 1398 2981 Deus
1424 2936 1507 2980 est
1538 2927 1648 2990 ille,
1674 2927 1826 2996 cujus
1853 2926 1987 2981 Ver-

2101 1836 2194 1888 καὶ
2215 1833 2444 1904 βέϐαιος,
2479 1832 2572 1885 καὶ
2592 1830 2937 1901 ἀπερίεργος,
2970 1829 3064 1882 ml.
3103 1829 3238 1898 πρὸς
3265 1829 3328 1881 τὸ
3359 1829 3513 1881 θεῖον
3538 1829 3679 1898 ὁρῶν

2102 1924 2259 1994 μόνον
2282 1924 2309 1975 ὁ
2334 1921 2550 1983 σκοπὸς,
2581 1919 2673 1972 καὶ
2695 1922 2722 1973 ὁ
2748 1917 3140 1990 θεοπαράδοτος
3172 1918 3327 1987 λόγος
3356 1917 3456 1969 τοῦ
3504 1919 3681 1969 Ἰωάν-

2097 2033 2208 2069 νου.
2241 2013 2332 2076 Τὸ,
2365 2011 2508 2077 Θεὸς
2527 2008 2603 2080 ἦν
2633 2014 2665 2064 ό
2694 2013 2902 2079 Λόγος,
2932 2009 3154 2079 συνιστᾷ
3185 2007 3246 2061 τὸ
3270 2007 3511 2078 οὑσιώδη
3541 2003 3676 2060 εἶναι

2096 2107 2187 2160 τὸν
2216 2107 2384 2173 Λόγον
2411 2105 2504 2157 καὶ
2539 2104 2668 2158 Θεὸν
2694 2099 2851 2165 εἶναι,
2883 2099 2993 2165 οἷός
3026 2103 3171 2154 ἐστιν
3195 2101 3325 2162 Θεὸς
3366 2102 3585 2161 ἐκεῖνος
3617 2092 3672 2150 οὗ

2099 2197 2271 2265 Λόγος
2300 2196 2444 2249 ἐστίν
2467 2213 2480 2225 ·
2515 2195 2608 2248 καὶ
2640 2191 2794 2257 αὖθις
2829 2193 2888 2246 τὸ
2909 2193 3162 2247 ἀναίτιον.
3215 2192 3307 2255 Τὸ,
3358 2193 3577 2244 Πάντα
3603 2189 3675 2242 δι’

2098 2287 2280 2340 αὑτοῦ
2310 2285 2560 2353 ἐγένετο,
2586 2284 2682 2337 καὶ
2717 2283 2892 2352 χωρίς
2929 2283 3112 2336 αὑτοῦ
3146 2283 3379 2352 ἐγένετο
3405 2281 3559 2335 οὐδὲ
3585 2282 3670 2343 ἓν,

2099 2379 2384 2447 ἀποφαίνει
2416 2376 2596 2440 αὑτὸν,
2618 2377 2692 2439 ὡς
2714 2377 2813 2446 ήδη
2843 2375 3057 2447 ἐλέχθη,
3093 2376 3371 2444 μονονουχὶ
3405 2375 3674 2445 δημιουρ-

2099 2472 2193 2540 γόν
2216 2487 2230 2502 ’
2266 2471 2377 2524 ἀλλ’
2405 2472 2486 2524 ὅτι
2530 2469 2621 2523 καὶ
2663 2471 2761 2522 οὐκ
2789 2468 3006 2538 ἐκτίσθη
3057 2469 3119 2520 Εἰ
3163 2468 3268 2536 γὰρ
3307 2468 3445 2537 μηδὲ
3471 2468 3534 2520 ἓν
3561 2485 3670 2520 κτι-

2101 2565 2222 2618 στὸν
2255 2563 2420 2634 χωρὶς
2449 2562 2612 2617 αὑτοῦ
2637 2561 2695 2615 τὸ
2721 2557 2859 2614 εἶναι
2886 2559 3117 2624 ἐδέξατο,
3159 2559 3315 2612 παντί
3351 2576 3457 2611 που
3487 2559 3667 2627 δῆλον,

2096 2658 2170 2720 ὡς
2203 2657 2361 2719 αὐτὸς
2383 2656 2481 2707 οὐκ
2510 2656 2744 2723 ἐγένετο,
2775 2653 2887 2706 ἀλλ’
2905 2651 3166 2722 ἐγεννήθη
3198 2651 3416 2713 θεῖκῶς.
3438 2651 3546 2703 Καὶ
3566 2650 3668 2718 γὰρ

2097 2750 2375 2818 ἀμήχανον
2407 2748 2470 2799 ἐκ
2502 2746 2574 2816 μὴ
2601 2745 2769 2798 ὄντων
2796 2746 2873 2807 είς
2902 2744 2960 2796 τὸ
2994 2739 3130 2795 εἶναι
3150 2743 3325 2812 ἥκειν,
3366 2742 3462 2794 τὸν
3488 2742 3665 2810 ὕπαρ-

2099 2839 2179 2902 ξιν
2204 2842 2315 2901 τοῖς
2341 2838 2504 2900 ὅλοις,
2526 2835 2618 2890 καὶ
2648 2840 2758 2900 τοῖς
2790 2836 3022 2905 λογικοῖς
3051 2836 3299 2888 οὑσίωσιν
3339 2836 3436 2888 καὶ
3463 2836 3660 2887 ἀθανα-

2098 2932 2218 2983 σίαν
2258 2929 2542 2982 δεδωκότα.
2567 2928 2731 2981 Οὐδὲν
2770 2927 2877 2999 γὰρ
2922 2927 3137 2980 κτιστὸν
3179 2927 3423 2990 οὐσιοῦν,
3482 2929 3516 2997 ἦ
3551 2928 3657 2980 ἀπ-

513 3060 620 3132 (21)
661 3043 962 3134 Plusquam
997 3056 1268 3134 perfectus.
1300 3056 1460 3111 Binas
1503 3057 1691 3134 hasce,
1731 3059 1984 3134 .seu_‘tres
2020 3043 2063 3084 υ
2095 3074 2254 3134 voces
2287 3060 2525 3134 Didymo
2577 3062 2834 3134 cognitas
2883 3062 3057 3134 tuisse,
3108 3062 3154 3115 is
3204 3063 3514 3126 mirabitur,
3569 3081 3656 3134 qu.

439 3127 614 3201 potius
655 3127 916 3201 dictiones
950 3128 1018 3201 ita
1060 3127 1146 3180 hic
1187 3127 1883 3201 repraesentandas‘curavi,
1927 3139 1984 3180 ut

436 3196 530 3254 eas
564 3201 678 3270 ipse
707 3214 775 3252 ex
800 3199 982 3252 codice
1005 3197 1056 3250 in
1087 3211 1202 3270 meo
1238 3196 1540 3270 apographo
1567 3196 1981 3270 delineaveram.

437 3271 568 3336 Quae
585 3266 776 3322 autem
809 3283 874 3320 ex
912 3266 1741 3336 temporisgplusquam,perfecti
1797 3268 1981 3336 appel-

440 3334 638 3393 iatione
664 3338 828 3406 infert
867 3335 1140 3406 Didymus,
1171 3334 1536 3406 frigidiuscula
1569 3350 1689 3388 esse
1727 3337 1846 3406 quis
1872 3334 1983 3390 non

438 3408 618 3461 videt?
661 3404 918 3475 Equidem
952 3404 1135 3464 miror.
1177 3404 1293 3475 viro
1322 3420 1529 3475 summa
1579 3405 1838 3466 doctrina,
1874 3422 1988 3458 ma-

439 3491 649 3547 gnoque
683 3473 898 3547 ingenio
933 3475 1152 3547 praedito
1200 3473 1700 3547 istiusmodi_nugas
1748 3475 1987 3530 arridere

439 3542 700 3616 potuisse.
736 3542 872 3611 Quin
899 3545 1058 3598 etiam
1084 3558 1282 3616 parum
1321 3543 1461 3616 sein
1506 3542 1693 3598 Latina
1717 3558 1990 3616 gramina-

443 3612 544 3671 tica
579 3615 885 3687 profecisse
909 3614 1171 3687 ostendit,
1211 3615 1668 3687 cum__de_verbo,
1713 3612 1802 3687 ἦν,
1850 3615 1982 3682 sive,

438 3696 548 3741 erat
571 3682 594 3747 ,’
625 3685 841 3754 perinde
873 3683 1325 3754 loquitnrtquasi
1346 3682 1472 3754 illud
1501 3686 1570 3737 sit
1601 3682 1749 3752 apud
1770 3685 1988 3739 Latinos

444 3751 698 3823 tetiiporis
725 3751 1002 3823 plusquam
1032 3751 1272 3821 perfecti.
1301 3752 1383 3806 Ab
1413 3753 1494 3806 his
1533 3751 1690 3820 porro
1715 3755 1988 3822 plusquam

439 3824 718 3892 perfectum
749 3825 944 3877 dicitur
979 3833 1170 3876 neutro
1203 3837 1418 3889 genere,
1453 3825 1592 3890 quod
1635 3824 1990 3878 subaudiatur

444 3908 566 3956 vox,
592 3905 788 3960 tempus
813 3911 832 3950 :
872 3893 1122 3958 Didymus
1154 3906 1330 3944 autem
1359 3892 1651 3946 masculino
1684 3894 1809 3947 illud
1837 3893 1990 3948 ell‘ert

443 3978 654 4030 genere,
681 3963 820 4030 quod
847 3963 915 4016 ad
948 3961 1299 4014 masculinum
1332 3977 1522 4014 nomen
1551 3963 1737 4032 χρόνος
1768 3964 1986 4016 referat.

444 4033 548 4085 Sed
583 4034 801 4102 hujusce
854 4032 992 4102 modi
1041 4032 1204 4084 tricas
1256 4033 1567 4102 omittamus
1606 4050 1619 4085 :
1653 4045 1813 4102 atque
1860 4033 1989 4085 illud

444 4102 619 4167 potius
671 4100 1183 4160 animadvertamus.
1226 4100 1428 4152 nullum
1471 4099 1701 4155 fortasse
1727 4099 1882 4155 aliud
1934 4103 1987 4155 in

445 4171 713 4226 veteribus
763 4169 1108 4235 scriptoribus
1139 4167 1340 4222 Grzccis
1368 4172 1666 4237 exemplum
1709 4185 1991 4225 occurrere

447 4238 648 4309 Latina:
689 4239 830 4309 vocis
869 4239 942 4289 ita
973 4238 1244 4298 adhibita,
1289 4249 1346 4290 ut
1388 4241 1609 4309 retentis
1648 4239 1922 4294 elementis
1959 4257 1990 4309 q

444 4317 499 4360 et
538 4307 579 4374 f,
621 4322 739 4376 quae
785 4306 1220 4360 Graecussermo
1259 4323 1362 4360 non
1414 4307 1602 4373 habet,
1648 4325 1818 4377 neque
1864 4306 1987 4364 vero

447 4361 653 4429 mu'tata'
682 4382 732 4428 in
771 4392 828 4437 ος
869 4377 1240 4430 terminatione
1281 4377 1468 4428 Latina
1503 4361 1825 4440 us,'Lati'nis
1867 4361 1984 4433 οἱίιέ
2017 4361 2066 4419 D

445 4447 570 4499 nino
619 4446 1146 4516 litteris-scribatur.
1195 4446 1306 4514 Ego
1353 4447 1566 4514 quidem
1623 4464 1889 4516 nunquam
1933 4451 1985 4502 in

445 4516 733 4584 quidquam
779 4515 883 4570 tale
925 4515 1082 4584 incidi
1110 4532 1124 4568 :
1155 4518 1577 4583 qu0tiescunque
1613 4515 1758 4570 enim
1801 4517 1985 4572 Latina

444 4582 700 4653 vocabula
733 4594 823 4636 aut
865 4600 928 4638 ex
975 4582 1165 4637 Latino
1215 4599 1461 4638 sermone
1493 4582 1763 4653 allegant,
1805 4601 1895 4639 aut
1931 4590 1984 4641 in

444 4652 684 4709 Graecam
713 4653 961 4725 linguam
1005 4655 1350 4725 sequioribusr
1388 4657 1596 4709 saeculis
1624 4652 1844 4710 invecta
1891 4658 1987 4710 ad-

447 4725 659 4796 hibent,
699 4723 919 4796 Graecis
962 4725 1037 4796 ul_i
1081 4724 1385 4796 __eletne_ntis
1449 4737 1840 4796 consueverunt
1889 4727 1982 4796 ta).

446 4794 524 4864 lta
565 4792 876 4847 Plutarchus
908 4793 958 4864 in
978 4791 1158 4864 ~Galba
1184 4808 1202 4844 :
1243 4793 1328 4844 Ἑν
1361 4795 1472 4856 τοῖς
1501 4794 1758 4864 ἀρχείοις,
1795 4791 1984 4864 inquit,

444 4861 481 4916 ἃ.
504 4863 814 4932 πριγκίπια
841 4861 1061 4932 καλοῦσι
1096 4863 1373 4932 Ῥωμαῖοι,
1401 4866 1452 4916 id
1477 4861 1658 4926 esi,in
1684 4861 1880 4918 ducum
1909 4879 1990 4918 ta-

447 4931 734 4986 bernaCttlis
771 4949 886 5000 qua!
928 4931 1103 4986 Latini
1151 4931 1410 5000 principia
1455 4943 1634 4985 vocant
1662 4947 1679 4984 :
1711 4945 1765 4987 et
1805 4935 1990 4988 Pollux

448 5000 536 5072 lib.
570 5018 641 5072 tv,
688 5019 804 5070 cap.
834 5003 869 5055 4
901 5021 914 5056 :
950 5002 1060 5072 Τὴν
1103 5001 1298 5072 ζώνην,
1340 5004 1405 5072 ἣν
1438 5001 1697 5072 ξΡωμαῖοι
1723 5006 1993 5070 secundm-

448 5069 701 5133 καλοῦσι,
741 5069 790 5123 id
827 5083 935 5133 est,
978 5069 1182 5132 zonam,
1215 5069 1372 5140 quam
1429 5069 1597 5123 Latini
1648 5069 1868 5126 fasciam
1907 5092 1994 5126 va-

448 5152 566 5190 eant
605 5142 918 5211 {vocabula
958 5155 1083 5211 vero
1130 5141 1394 5205 λίϐελλος,
1439 5141 1722 5211 δηνάριος,
1767 5146 1993 5210 κῆνσος,

449 5208 844 5281 σπικουλνὰτωρ,
877 5205 1224 5280 πραιτώριον,
1259 5205 1588 5280 κοδράντης,
1623 5205 1836 5281 μίλιον(
1867 5216 1997 5264 alta-

446 5293 553 5350 que
600 5280 754 5346 hujus
806 5283 1032 5350 generisv
1065 5281 1478 5350 quamplurima,
1531 5280 1732 5336 Graecis
1784 5297 1996 5350 semper

448 5347 728 5402 eleu‘centis
765 5363 792 5400 a
837 5347 1038 5402 Graecis
1067 5365 1187 5402 cum
1232 5347 1563 5413 auctoribus,
1605 5361 1713 5404 tum
1760 5347 1994 5408 librariis

447 5426 708 5487 exarata,
747 5419 996 5471 omnibus
1044 5419 1281 5487 quirhoc
1317 5420 1612 5473 studiorum
1661 5436 1854 5487 genere
1897 5423 1992 5473 de-

448 5484 732 5549 lectantur,
771 5499 893 5540 nota
944 5484 1088 5540 sunt.
1120 5486 1300 5556 Neque
1345 5503 1470 5542 vero
1525 5484 1742 5544 Latinas
1787 5491 1992 5558 aliquas

2085 3131 2521 3204 animadverterit
2575 3131 2844 3185 llutinutn‘
2883 3147 2949 3204 ac
2999 3131 3380 3204 Hieronymum
3451 3131 3652 3204 aliquo,

2085 3201 2204 3273 etsi
2239 3215 2341 3252 non
2392 3201 2564 3271 longo.
2614 3213 2848 3268 tempore
2893 3199 3020 3273 ejus
3071 3199 3249 3273 fuisse
3295 3199 3646 3273 discipulos:

2057 3268 2332 3323 .Latinam
2362 3268 2505 3324 vero'
2536 3273 2766 3339 linguam
2817 3270 2907 3340 qui
2952 3281 3076 3324 tunc
3114 3273 3164 3324 in
3217 3268 3455 3326 Oriente
3497 3289 3654 3327 exco-

2086 3340 2278 3403 lereut,
2319 3356 2422 3394 non
2463 3342 2734 3394 defuisse:
2770 3339 2892 3394 nam
2934 3352 2988 3395 et
3020 3339 3079 3395 S.
3115 3340 3476 3408 Epiphanius,
3511 3354 3569 3396 ut
3605 3345 3653 3396 in

2086 3412 2320 3480 secundo
2361 3422 2539 3464 contra
2589 3409 2833 3480 Ruﬁnum
2869 3411 3224 3480 Hieronymus
3260 3420 3512 3471 testatur.
3541 3429 3649 3467 eam

2087 3478 2337 3540 callebat,
2369 3491 2423 3533 et
2472 3477 2703 3548 Cyrillus
2749 3477 3253 3549 Jerosolymi'tanus.
3298 3497 3362 3534 ac
3395 3483 3646 3536 Gelasius

2086 3549 2344 3602 Giesarete
2389 3550 2441 3602 in
2506 3551 2783 3602 Palaestina
2834 3551 3148 3617 episcopus,
3192 3553 3236 3603 si
3279 3549 3476 3605 Photio
3525 3555 3654 3604 lides

2088 3619 2383 3671 adhibenda
2453 3628 2570 3681 est,
2637 3619 3058 3672 Ecclesiasticam
3131 3619 3308 3673 Ruﬁni
3378 3621 3651 3674 historiam

2087 3686 2270 3740 Greece
2311 3689 2720 3742 transtulerunt.
2765 3689 2942 3755 Atque
2997 3690 3110 3742 [nec
3157 3691 3295 3743 docti
3355 3691 3499 3744 illius
3561 3692 3652 3741 viri

2088 3759 2256 3824 gratia
2289 3759 2426 3810 dicta
2467 3758 2593 3814 sint.
2636 3759 2726 3827 qui
2761 3774 2882 3811 cum
2931 3760 2982 3812 in
3029 3760 3286 3827 opusculo
3319 3776 3347 3811 a
3382 3776 3468 3814 me
3515 3763 3653 3814 edito

2088 3827 2436 3897 locumhunc
2468 3827 2675 3896 Didymi
2709 3828 2997 3893 allegatum
3052 3829 3288 3897 legisset,
3331 3831 3652 3894 conjiciebat

2088 3910 2221 3968 opus
2253 3896 2378 3949 illud
2417 3907 2777 3968 pervetustum
2806 3912 2927 3952 esse
2962 3914 3066 3951 non
3104 3896 3282 3966 posse,
3331 3900 3382 3952 in
3414 3915 3524 3968 quo
3561 3899 3657 3952 La-

2091 3965 2213 4018 tinae
2247 3981 2407 4020 voces
2436 3965 2784 4021 allerrentnr.

2159 4034 2272 4103 (‘22)
2315 4036 2419 4098 Qui
2476 4046 2585 4088 erat
2631 4035 2915 4104 aliquando
2962 4037 3297 4103 principium.
3335 4036 3515 4091 Codex
3561 4039 3654 4090 hoc

2089 4103 2312 4168 inloco,
2358 4115 2414 4155 ut
2449 4103 2952 4174 equideni’opinor,
3001 4108 3129 4158 vitio
3191 4123 3292 4158 non
3342 4120 3512 4158 caret.
3551 4107 3652 4160 Esto

2089 4174 2169 4246 sic
2200 4174 2467 4246 transtuli,
2499 4177 2649 4246 quasi
2683 4175 2961 4246 legendum
2994 4176 3070 4227 sic
3100 4192 3113 4226 :
3159 4175 3216 4246 't)
3247 4177 3356 4246 γὰρ
3387 4177 3463 4227 ὢν
3492 4178 3552 4226 ὲν
3591 4177 3649 4244 τῇ

2089 4243 2269 4314 ᾁρχῇγζ
2297 4242 2328 4311 ἢ
2371 4243 2434 4314 ἄν
2457 4260 2540 4306 τις
2572 4245 2711 4296 εἴποι
2742 4242 2881 4314 ἀρχή
2915 4261 3074 4314 ποτεο
3114 4242 3528 4314 «agamnam;
3562 4242 3654 4298 οὐκ

2089 4307 2373 4383 ἦνξίΜιιῐ-ἰι
2405 4312 2629 4383 fortasse
2658 4307 2796 4381 quis,
2816 4307 3082 4376 ’ἀναιτίως
3113 4311 3205 4367 οὖν
3239 4311 3327 4383 ἦν.

2163 4382 2274 4450 (23)
2316 4379 2484 4434 Fecit.
2520 4379 2687 4436 Hane
2718 4384 2978 4436 rationem
3014 4385 3101 4437 alii
3150 4379 3314 4437 etiam
3349 4384 3538 4438 Patres
3586 4383 3654 4437 al-

2091 4451 2290 4514 ferunt,
2333 4460 2401 4503 ac
2448 4452 2758 4506 nominatim
2805 4454 3112 4506 Alexander
3157 4454 3552 4506 Alexandrinus
3607 4458 3648 4505 in

2092 4520 2263 4590 prima
2291 4529 2470 4573 contra
2497 4522 2682 4575 Arium
2710 4522 2943 4588 Epistula
2972 4524 3253 4591 encyclica.
3283 4524 3482 4578 Umnes
3511 4526 3650 4574 enim

2093 4591 2147 4643 in
2187 4605 2252 4644 eo
2293 4592 2670 4660 consentiunt,
2696 4603 2754 4644 ut
2790 4600 3008 4660 tempus
3034 4608 3061 4644 a
3098 4595 3203 4646 Deo
3237 4593 3431 4644 factum
3477 4592 3649 4645 dicen-

2093 4662 2218 4713 dum
2253 4660 2353 4722 sit,
2380 4659 2534 4727 juxta
2585 4662 2711 4713 illud
2755 4661 2899 4713 Pauli
2930 4679 2942 4713 :
2979 4659 3084 4713 Per
3120 4679 3269 4729 quem
3303 4662 3425 4729 fecit
3463 4671 3511 4713 et
3554 4677 3652 4714 ste-

2093 4729 2211 4781 culo
2235 4746 2254 4782 :
2282 4739 2334 4783 et
2365 4729 2488 4781 illud
2524 4731 2774 4784 Ecclesia:
2803 4731 2851 4782 in
2892 4732 3089 4798 hymno
3115 4748 3128 4784 :
3174 4730 3283 4783 Rea:
3312 4744 3464 4800 atque
3490 4730 3652 4798 {actor

2098 4809 2400 4868 temporum.
2440 4800 2554 4864 Quo
2602 4815 2759 4853 sensu
2815 4813 2991 4852 autent
3030 4801 3078 4852 id
3129 4801 3495 4868 accipiendum
3551 4803 3648 4862 sit,

2100 4867 2330 4921 viderint
2378 4870 2700 4936 philosophi.
2749 4869 2894 4922 Scite
2929 4867 3258 4937 Augustinus
3291 4874 3426 4921 libro
3475 4882 3648 4921 centra

2098 4954 2380 4997 sermonem
2411 4939 2748 4997 Arianorum.
2780 4953 2925 4990 Itttnt.
2953 4937 2988 4990 2
3016 4959 3026 4992 ;
3060 4937 3276 5005 Tempus
3303 4939 3518 5008 (inquit)
3548 4942 3650 4988 sine

2102 5007 2360 5074 aliquibus
2405 5019 2660 5060 creatura:
2701 5009 2920 5059 motibus
2961 5023 3064 5060 non
3093 5019 3254 5074 potest
3295 5007 3424 5072 esse,
3458 5007 3509 5059 et
3543 5012 3649 5059 ideo

2099 5093 2190 5142 per
2219 5077 2365 5128 illum
2403 5077 2488 5146 (id
2517 5089 2600 5132 est
2638 5075 2865 5142 Filium)
2915 5078 3056 5144 facta
3096 5080 3401 5145 conﬁtemur
3438 5089 3486 5129 et
3530 5090 3651 5129 tent-

2096 5162 2246 5211 pora.

2190 5211 2280 5283 ‘24)
2314 5212 2505 5284 Quam.
2537 5211 2642 5266 Pro
2669 5207 2759 5284 ἦν.
2793 5212 3125 5284 id-est,erat.
3163 5212 3252 5282 ἦν,
3280 5211 3331 5266 id
3360 5221 3648 5276 est,quam.

2192 5285 2282 5352 25)
2334 5283 2902 5352 “comprehensibilis,
2952 5284 3004 5335 id
3053 5291 3157 5346 est,
3206 5284 3539 5349 incapabtlis,
3604 5292 3652 5331 nt

2098 5363 2308 5406 veteres
2336 5352 2511 5406 Latini
2549 5353 2736 5406 Patres
2776 5354 3101 5421 loquuntur;
3151 5366 3361 5420 nempe,
3395 5354 3484 5418 qui
3520 5354 3648 5418 capi.

2095 5433 2197 5544 aaut,
2225 5423 2607 5490 comprehendi
2657 5439 2764 5478 non
2818 5433 3029 5493 potest;
3073 5422 3125 5476 id
3178 5423 3325 5476 enim
3374 5422 3514 5474 valet
3564 5434 3654 5473 vnt

2134 5509 2396 5544 ywomoc.

2134 5509 2396 5561 χωρητος.

507 5577 581 5639 (a)
603 5578 974 5647 Animadvertas
1009 5584 1172 5647 tamen
1215 5579 1361 5627 velim
1399 5579 1725 5647 Theophilum
1765 5581 2138 5647 Antecessorem
2181 5583 2599 5647 Graecosermoni
2623 5585 2759 5647 plura
2789 5583 2958 5633 Latina
3000 5580 3453 5647 vpcabuiaALatipis
3482 5582 3652 5630 litteris

448 5646 645 5709 exarata
667 5641 1004 5702 immiscuisse,
1029 5642 1274 5702 similique
1314 5642 1456 5690 modo
1475 5641 1844 5691 Constantinum
1877 5641 2178 5704 Pogonatutn
2204 5649 2260 5706 (t.
2287 5645 2373 5695 Vll
2396 5648 2594 5707 Coucil.,
2623 5641 2669 5709 ᾗ).
2695 5647 2837 5707 1155)
2869 5659 2987 5696 voce
3022 5645 3194 5696 Latina
3233 5643 3492 5694 Sancimas
3527 5653 3651 5693 usum

447 5700 615 5751 fuisse.
