  <div class='ocr_page' id='page_1' title='image "/cluster/home/n/w/nwhite01/storage/ocr_20150623/39/hvd.32044019207778/158.png"; bbox 0 0 3774 6326; ppageno 0'>
   <div class='ocr_carea' id='block_1_1' title="bbox 165 289 2294 349">
    <p class='ocr_par' dir='ltr' id='par_1_1' title="bbox 165 289 2294 349">
     <span class='ocr_line' id='line_1_1' title="bbox 165 289 2294 349; baseline -0 -3"><span class='ocrx_word' id='word_1_1' title='bbox 165 289 246 346; x_wconf 79' lang='grc'><strong>501</strong></span> <span class='ocrx_word' id='word_1_2' title='bbox 1242 289 1329 342; x_wconf 83' lang='lat' dir='ltr'><strong>DE</strong></span> <span class='ocrx_word' id='word_1_3' title='bbox 1369 289 1739 345; x_wconf 75' lang='lat' dir='ltr'><strong>TRINITATE</strong></span> <span class='ocrx_word' id='word_1_4' title='bbox 1777 292 1977 348; x_wconf 80' lang='lat' dir='ltr'><strong>LIBER</strong></span> <span class='ocrx_word' id='word_1_5' title='bbox 2018 291 2294 349; x_wconf 77' lang='lat' dir='ltr'><strong>PRIMUS.</strong></span> 
     </span>
    </p>
   </div>
   <div class='ocr_carea' id='block_1_2' title="bbox 3243 284 3349 339">
    <p class='ocr_par' dir='ltr' id='par_1_2' title="bbox 3243 284 3349 339">
     <span class='ocr_line' id='line_1_2' title="bbox 3243 284 3349 339; baseline 0 -1"><span class='ocrx_word' id='word_1_6' title='bbox 3243 284 3349 339; x_wconf 74' lang='lat'><strong>502</strong></span> 
     </span>
    </p>
   </div>
   <div class='ocr_carea' id='block_1_3' title="bbox 163 397 1686 474">
    <p class='ocr_par' dir='ltr' id='par_1_3' title="bbox 163 399 1686 474">
     <span class='ocr_line' id='line_1_3' title="bbox 163 399 1686 474; baseline 0.001 -17"><span class='ocrx_word' id='word_1_7' title='bbox 163 399 457 462; x_wconf 73' lang='grc' dir='ltr'>αθανατοῦν,</span> <span class='ocrx_word' id='word_1_8' title='bbox 493 402 525 472; x_wconf 72' lang='grc' dir='ltr'>ἢ</span> <span class='ocrx_word' id='word_1_9' title='bbox 569 401 810 469; x_wconf 75' lang='grc' dir='ltr'>λογικοὺς</span> <span class='ocrx_word' id='word_1_10' title='bbox 849 406 1020 457; x_wconf 82' lang='grc' dir='ltr'>ποιεῖν</span> <span class='ocrx_word' id='word_1_11' title='bbox 1054 403 1308 456; x_wconf 76' lang='grc' dir='ltr'>δύναταιο</span> <span class='ocrx_word' id='word_1_12' title='bbox 1337 402 1449 457; x_wconf 84' lang='grc' dir='ltr'>ἀλλ’</span> <span class='ocrx_word' id='word_1_13' title='bbox 1476 405 1541 457; x_wconf 84' lang='grc' dir='ltr'>ἐκ</span> <span class='ocrx_word' id='word_1_14' title='bbox 1586 405 1686 474; x_wconf 80' lang='grc' dir='ltr'>τῆς</span> 
     </span>
    </p>
   </div>
   <div class='ocr_carea' id='block_1_4' title="bbox 1795 397 3347 474">
    <p class='ocr_par' dir='ltr' id='par_1_4' title="bbox 1797 397 3347 474">
     <span class='ocr_line' id='line_1_4' title="bbox 1797 397 3347 474; baseline -0.006 -16"><span class='ocrx_word' id='word_1_15' title='bbox 1797 407 1917 458; x_wconf 87' lang='lat' dir='ltr'><strong>bum</strong></span> <span class='ocrx_word' id='word_1_16' title='bbox 1968 415 2051 460; x_wconf 91' lang='lat' dir='ltr'><strong>cst</strong></span> <span class='ocrx_word' id='word_1_17' title='bbox 2082 423 2096 460; x_wconf 91' lang='lat'><strong>:</strong></span> <span class='ocrx_word' id='word_1_18' title='bbox 2130 405 2256 474; x_wconf 87' lang='lat' dir='ltr'><strong>quin</strong></span> <span class='ocrx_word' id='word_1_19' title='bbox 2320 405 2478 458; x_wconf 90' lang='lat' dir='ltr'><strong>etiam</strong></span> <span class='ocrx_word' id='word_1_20' title='bbox 2534 401 2756 470; x_wconf 99' lang='lat' dir='ltr'><strong>probat,</strong></span> <span class='ocrx_word' id='word_1_21' title='bbox 2823 398 3019 452; x_wconf 90' lang='lat' dir='ltr'><strong>nullam</strong></span> <span class='ocrx_word' id='word_1_22' title='bbox 3049 397 3094 451; x_wconf 87' lang='lat' dir='ltr'><strong>ei</strong></span> <span class='ocrx_word' id='word_1_23' title='bbox 3127 412 3347 452; x_wconf 84' lang='lat' dir='ltr'><strong>causam</strong></span> 
     </span>
    </p>
   </div>
   <div class='ocr_carea' id='block_1_5' title="bbox 162 492 1686 568">
    <p class='ocr_par' dir='ltr' id='par_1_5' title="bbox 162 492 1686 568">
     <span class='ocr_line' id='line_1_5' title="bbox 162 492 1686 568; baseline 0.002 -20"><span class='ocrx_word' id='word_1_24' title='bbox 162 495 246 566; x_wconf 55' lang='grc' dir='ltr'><strong>ήδη</strong></span> <span class='ocrx_word' id='word_1_25' title='bbox 274 494 411 565; x_wconf 73' lang='grc' dir='ltr'>παρὰ</span> <span class='ocrx_word' id='word_1_26' title='bbox 433 493 524 546; x_wconf 87' lang='grc' dir='ltr'><strong>τοῦ</strong></span> <span class='ocrx_word' id='word_1_27' title='bbox 557 492 686 546; x_wconf 86' lang='grc' dir='ltr'><strong>Θεοῦ</strong></span> <span class='ocrx_word' id='word_1_28' title='bbox 709 493 766 560; x_wconf 78' lang='grc' dir='ltr'><strong>ἐξ</strong></span> <span class='ocrx_word' id='word_1_29' title='bbox 793 494 892 546; x_wconf 80' lang='grc' dir='ltr'><strong>οὐκ</strong></span> <span class='ocrx_word' id='word_1_30' title='bbox 915 494 1082 547; x_wconf 74' lang='grc' dir='ltr'>ὄντων</span> <span class='ocrx_word' id='word_1_31' title='bbox 1111 497 1482 568; x_wconf 83' lang='grc' dir='ltr'>παραχθείσης</span> <span class='ocrx_word' id='word_1_32' title='bbox 1501 497 1686 559; x_wconf 79' lang='grc' dir='ltr'><strong>οὐσίας</strong></span> 
     </span>
    </p>
   </div>
   <div class='ocr_carea' id='block_1_6' title="bbox 163 583 1682 656">
    <p class='ocr_par' dir='ltr' id='par_1_6' title="bbox 163 583 1682 656">
     <span class='ocr_line' id='line_1_6' title="bbox 163 583 1682 656; baseline 0.011 -21"><span class='ocrx_word' id='word_1_33' title='bbox 163 583 353 654; x_wconf 73' lang='grc' dir='ltr'>χρυσοῦ,</span> <span class='ocrx_word' id='word_1_34' title='bbox 385 583 415 654; x_wconf 79' lang='grc' dir='ltr'><strong>ἦ</strong></span> <span class='ocrx_word' id='word_1_35' title='bbox 451 583 710 655; x_wconf 76' lang='grc' dir='ltr'>ἀργύρου,</span> <span class='ocrx_word' id='word_1_36' title='bbox 742 583 774 653; x_wconf 76' lang='grc' dir='ltr'>ἢ</span> <span class='ocrx_word' id='word_1_37' title='bbox 805 583 1035 653; x_wconf 88' lang='grc' dir='ltr'>χαλκοῦ,</span> <span class='ocrx_word' id='word_1_38' title='bbox 1087 584 1119 655; x_wconf 76' lang='grc' dir='ltr'>ἢ</span> <span class='ocrx_word' id='word_1_39' title='bbox 1152 585 1391 655; x_wconf 82' lang='grc' dir='ltr'>σιδήρου,</span> <span class='ocrx_word' id='word_1_40' title='bbox 1438 587 1470 656; x_wconf 80' lang='grc' dir='ltr'><strong>ἢ</strong></span> <span class='ocrx_word' id='word_1_41' title='bbox 1506 586 1682 654; x_wconf 72' lang='grc' dir='ltr'>ξύλου,</span> 
     </span>
    </p>
   </div>
   <div class='ocr_carea' id='block_1_7' title="bbox 163 674 1686 750">
    <p class='ocr_par' dir='ltr' id='par_1_7' title="bbox 163 674 1686 750">
     <span class='ocr_line' id='line_1_7' title="bbox 163 674 1686 750; baseline 0.002 -23"><span class='ocrx_word' id='word_1_42' title='bbox 163 676 344 747; x_wconf 52' lang='lat' dir='ltr'><strong>item</strong></span> <span class='ocrx_word' id='word_1_43' title='bbox 395 676 710 746; x_wconf 77' lang='grc' dir='ltr'><strong>δημιουργεῖ</strong></span> <span class='ocrx_word' id='word_1_44' title='bbox 748 674 953 745; x_wconf 67' lang='grc' dir='ltr'>ἄψυχον</span> <span class='ocrx_word' id='word_1_45' title='bbox 1007 677 1099 729; x_wconf 74' lang='grc' dir='ltr'>καὶ</span> <span class='ocrx_word' id='word_1_46' title='bbox 1146 677 1338 744; x_wconf 75' lang='grc' dir='ltr'>ἄλογον</span> <span class='ocrx_word' id='word_1_47' title='bbox 1392 676 1456 750; x_wconf 89' lang='grc'><strong>[7</strong></span> <span class='ocrx_word' id='word_1_48' title='bbox 1490 683 1558 750; x_wconf 82' lang='lat' dir='ltr'><strong>aj</strong></span> <span class='ocrx_word' id='word_1_49' title='bbox 1590 680 1686 733; x_wconf 82' lang='grc' dir='ltr'><strong>ἀν-</strong></span> 
     </span>
    </p>
   </div>
   <div class='ocr_carea' id='block_1_8' title="bbox 163 765 1685 839">
    <p class='ocr_par' dir='ltr' id='par_1_8' title="bbox 163 765 1685 839">
     <span class='ocr_line' id='line_1_8' title="bbox 163 765 1685 839; baseline 0.001 -19"><span class='ocrx_word' id='word_1_50' title='bbox 163 769 351 838; x_wconf 76' lang='grc' dir='ltr'>δριάντα</span> <span class='ocrx_word' id='word_1_51' title='bbox 369 768 541 837; x_wconf 74' lang='grc' dir='ltr'>τυχὸν,</span> <span class='ocrx_word' id='word_1_52' title='bbox 575 768 608 838; x_wconf 76' lang='grc' dir='ltr'>ἦ</span> <span class='ocrx_word' id='word_1_53' title='bbox 635 783 685 818; x_wconf 87' lang='grc' dir='ltr'><strong>τι</strong></span> <span class='ocrx_word' id='word_1_54' title='bbox 712 765 898 835; x_wconf 74' lang='grc' dir='ltr'>ἕτερον</span> <span class='ocrx_word' id='word_1_55' title='bbox 921 783 934 796; x_wconf 82' lang='lat'><strong><em>°</em></strong></span> <span class='ocrx_word' id='word_1_56' title='bbox 964 767 1094 820; x_wconf 82' lang='grc' dir='ltr'>αὐτὸ</span> <span class='ocrx_word' id='word_1_57' title='bbox 1123 768 1177 822; x_wconf 81' lang='grc' dir='ltr'>δὲ</span> <span class='ocrx_word' id='word_1_58' title='bbox 1199 767 1386 821; x_wconf 75' lang='grc' dir='ltr'>οὐσίαν</span> <span class='ocrx_word' id='word_1_59' title='bbox 1423 767 1495 839; x_wconf 82' lang='grc' dir='ltr'>μὴ</span> <span class='ocrx_word' id='word_1_60' title='bbox 1525 765 1685 822; x_wconf 74' lang='grc' dir='ltr'>οὖσαν</span> 
     </span>
    </p>
   </div>
   <div class='ocr_carea' id='block_1_9' title="bbox 163 856 1688 930">
    <p class='ocr_par' dir='ltr' id='par_1_9' title="bbox 163 856 1688 930">
     <span class='ocr_line' id='line_1_9' title="bbox 163 856 1688 930; baseline 0.001 -19"><span class='ocrx_word' id='word_1_61' title='bbox 163 858 448 930; x_wconf 77' lang='grc' dir='ltr'>προοῖσαι,ἢ</span> <span class='ocrx_word' id='word_1_62' title='bbox 487 856 724 928; x_wconf 78' lang='grc' dir='ltr'>ἔμψυχον</span> <span class='ocrx_word' id='word_1_63' title='bbox 755 858 847 911; x_wconf 70' lang='grc' dir='ltr'>καὶ</span> <span class='ocrx_word' id='word_1_64' title='bbox 905 858 1126 929; x_wconf 77' lang='grc' dir='ltr'>λογικὴν</span> <span class='ocrx_word' id='word_1_65' title='bbox 1175 859 1482 923; x_wconf 79' lang='grc' dir='ltr'>ἀναδεῖξαι,</span> <span class='ocrx_word' id='word_1_66' title='bbox 1521 861 1688 930; x_wconf 81' lang='grc' dir='ltr'>μόνης</span> 
     </span>
    </p>
   </div>
   <div class='ocr_carea' id='block_1_10' title="bbox 162 950 1688 1021">
    <p class='ocr_par' dir='ltr' id='par_1_10' title="bbox 162 950 1688 1021">
     <span class='ocr_line' id='line_1_10' title="bbox 162 950 1688 1021; baseline 0.001 -20"><span class='ocrx_word' id='word_1_67' title='bbox 162 951 240 1020; x_wconf 82' lang='grc' dir='ltr'>τῆς</span> <span class='ocrx_word' id='word_1_68' title='bbox 261 950 590 1019; x_wconf 77' lang='grc' dir='ltr'>πανδυνάμου</span> <span class='ocrx_word' id='word_1_69' title='bbox 623 951 713 1003; x_wconf 69' lang='grc' dir='ltr'><strong>καὶ</strong></span> <span class='ocrx_word' id='word_1_70' title='bbox 745 950 1063 1014; x_wconf 78' lang='grc' dir='ltr'><strong>αὐτοτελοῦς</strong></span> <span class='ocrx_word' id='word_1_71' title='bbox 1100 952 1228 1020; x_wconf 79' lang='grc' dir='ltr'>μιᾶς</span> <span class='ocrx_word' id='word_1_72' title='bbox 1255 951 1440 1021; x_wconf 81' lang='grc' dir='ltr'>θεῖκῆς</span> <span class='ocrx_word' id='word_1_73' title='bbox 1474 950 1688 1019; x_wconf 80' lang='grc' dir='ltr'>φύσεως</span> 
     </span>
    </p>
   </div>
   <div class='ocr_carea' id='block_1_11' title="bbox 163 1041 1690 1112">
    <p class='ocr_par' dir='ltr' id='par_1_11' title="bbox 163 1041 1690 1112">
     <span class='ocr_line' id='line_1_11' title="bbox 163 1041 1690 1112; baseline -0.001 -16"><span class='ocrx_word' id='word_1_74' title='bbox 163 1044 267 1096; x_wconf 59' lang='lat' dir='ltr'><strong>iam</strong></span> <span class='ocrx_word' id='word_1_75' title='bbox 290 1041 372 1094; x_wconf 74' lang='grc' dir='ltr'>καὶ</span> <span class='ocrx_word' id='word_1_76' title='bbox 396 1041 669 1112; x_wconf 77' lang='grc' dir='ltr'>ἐξαίρετον</span> <span class='ocrx_word' id='word_1_77' title='bbox 697 1042 951 1111; x_wconf 78' lang='grc' dir='ltr'>τυγχάνει</span> <span class='ocrx_word' id='word_1_78' title='bbox 978 1042 1056 1096; x_wconf 75' lang='grc' dir='ltr'>ὃν.</span> <span class='ocrx_word' id='word_1_79' title='bbox 1075 1042 1395 1109; x_wconf 75' lang='grc' dir='ltr'><strong>Ἐποίησεν</strong></span> <span class='ocrx_word' id='word_1_80' title='bbox 1417 1041 1473 1094; x_wconf 86' lang='grc' dir='ltr'>δὲ</span> <span class='ocrx_word' id='word_1_81' title='bbox 1500 1041 1564 1095; x_wconf 86' lang='grc' dir='ltr'>δι’</span> <span class='ocrx_word' id='word_1_82' title='bbox 1593 1044 1690 1094; x_wconf 77' lang='grc' dir='ltr'>αὑ-</span> 
     </span>
    </p>
   </div>
   <div class='ocr_carea' id='block_1_12' title="bbox 161 1131 1688 1202">
    <p class='ocr_par' dir='ltr' id='par_1_12' title="bbox 161 1131 1688 1202">
     <span class='ocr_line' id='line_1_12' title="bbox 161 1131 1688 1202; baseline -0.001 -17"><span class='ocrx_word' id='word_1_83' title='bbox 161 1132 235 1185; x_wconf 78' lang='grc' dir='ltr'><strong>τοῦ</strong></span> <span class='ocrx_word' id='word_1_84' title='bbox 254 1135 279 1185; x_wconf 80' lang='grc' dir='ltr'><strong>ὁ</strong></span> <span class='ocrx_word' id='word_1_85' title='bbox 303 1131 497 1200; x_wconf 79' lang='grc' dir='ltr'>Πατὴρ,</span> <span class='ocrx_word' id='word_1_86' title='bbox 536 1131 612 1194; x_wconf 85' lang='grc' dir='ltr'>ὡς</span> <span class='ocrx_word' id='word_1_87' title='bbox 638 1131 751 1199; x_wconf 81' lang='grc' dir='ltr'>φῶς</span> <span class='ocrx_word' id='word_1_88' title='bbox 776 1131 843 1183; x_wconf 84' lang='grc' dir='ltr'>δι’</span> <span class='ocrx_word' id='word_1_89' title='bbox 875 1131 1073 1184; x_wconf 73' lang='grc' dir='ltr'>οἰκείου</span> <span class='ocrx_word' id='word_1_90' title='bbox 1107 1131 1559 1202; x_wconf 82' lang='grc' dir='ltr'>ἀπαυγάσματος,</span> <span class='ocrx_word' id='word_1_91' title='bbox 1595 1132 1688 1184; x_wconf 77' lang='grc' dir='ltr'>καὶ</span> 
     </span>
    </p>
   </div>
   <div class='ocr_carea' id='block_1_13' title="bbox 160 1219 1690 1291">
    <p class='ocr_par' dir='ltr' id='par_1_13' title="bbox 160 1219 1690 1291">
     <span class='ocr_line' id='line_1_13' title="bbox 160 1219 1690 1291; baseline 0.001 -18"><span class='ocrx_word' id='word_1_92' title='bbox 160 1221 219 1283; x_wconf 80' lang='grc' dir='ltr'><strong>ὡς</strong></span> <span class='ocrx_word' id='word_1_93' title='bbox 238 1222 345 1284; x_wconf 85' lang='grc' dir='ltr'>νοῦς</span> <span class='ocrx_word' id='word_1_94' title='bbox 372 1221 456 1274; x_wconf 79' lang='grc' dir='ltr'><strong>διὰ</strong></span> <span class='ocrx_word' id='word_1_95' title='bbox 474 1221 656 1288; x_wconf 75' lang='grc' dir='ltr'>λόγου.</span> <span class='ocrx_word' id='word_1_96' title='bbox 691 1221 785 1284; x_wconf 80' lang='grc' dir='ltr'>Τὸ,</span> <span class='ocrx_word' id='word_1_97' title='bbox 827 1222 922 1274; x_wconf 83' lang='grc' dir='ltr'><strong>Ἐν</strong></span> <span class='ocrx_word' id='word_1_98' title='bbox 954 1221 1114 1287; x_wconf 85' lang='grc' dir='ltr'>αὐτῷ</span> <span class='ocrx_word' id='word_1_99' title='bbox 1143 1220 1252 1290; x_wconf 73' lang='grc' dir='ltr'><strong>ζωὴ</strong></span> <span class='ocrx_word' id='word_1_100' title='bbox 1285 1219 1384 1291; x_wconf 72' lang='grc' dir='ltr'>ἦν,</span> <span class='ocrx_word' id='word_1_101' title='bbox 1415 1222 1690 1275; x_wconf 79' lang='grc' dir='ltr'>ἐπεκδιδά-</span> 
     </span>
    </p>
   </div>
   <div class='ocr_carea' id='block_1_14' title="bbox 162 1313 1687 1386">
    <p class='ocr_par' dir='ltr' id='par_1_14' title="bbox 162 1313 1687 1386">
     <span class='ocr_line' id='line_1_14' title="bbox 162 1313 1687 1386; baseline 0.002 -21"><span class='ocrx_word' id='word_1_102' title='bbox 162 1332 276 1375; x_wconf 84' lang='grc' dir='ltr'>σκει,</span> <span class='ocrx_word' id='word_1_103' title='bbox 302 1316 376 1366; x_wconf 80' lang='grc' dir='ltr'>ὅτι</span> <span class='ocrx_word' id='word_1_104' title='bbox 408 1313 566 1376; x_wconf 76' lang='grc' dir='ltr'>αὑτός</span> <span class='ocrx_word' id='word_1_105' title='bbox 587 1315 735 1366; x_wconf 76' lang='grc' dir='ltr'>ἐστιν</span> <span class='ocrx_word' id='word_1_106' title='bbox 773 1315 1042 1386; x_wconf 86' lang='grc' dir='ltr'>ἀνάρχως,</span> <span class='ocrx_word' id='word_1_107' title='bbox 1071 1317 1103 1385; x_wconf 83' lang='grc' dir='ltr'>ἡ</span> <span class='ocrx_word' id='word_1_108' title='bbox 1139 1315 1249 1385; x_wconf 78' lang='grc' dir='ltr'>ζωὴ</span> <span class='ocrx_word' id='word_1_109' title='bbox 1278 1315 1376 1385; x_wconf 78' lang='grc' dir='ltr'>τῆς</span> <span class='ocrx_word' id='word_1_110' title='bbox 1427 1317 1556 1385; x_wconf 82' lang='grc' dir='ltr'>μιᾶς</span> <span class='ocrx_word' id='word_1_111' title='bbox 1597 1318 1687 1369; x_wconf 75' lang='grc' dir='ltr'>καὶ</span> 
     </span>
    </p>
   </div>
   <div class='ocr_carea' id='block_1_15' title="bbox 161 1405 1687 1477">
    <p class='ocr_par' dir='ltr' id='par_1_15' title="bbox 161 1405 1687 1477">
     <span class='ocr_line' id='line_1_15' title="bbox 161 1405 1687 1477; baseline 0.002 -19"><span class='ocrx_word' id='word_1_112' title='bbox 161 1406 377 1458; x_wconf 75' lang='grc' dir='ltr'><strong>ἀνωτάτω</strong></span> <span class='ocrx_word' id='word_1_113' title='bbox 399 1405 611 1473; x_wconf 62' lang='grc' dir='ltr'>φύσεως</span> <span class='ocrx_word' id='word_1_114' title='bbox 633 1406 912 1475; x_wconf 77' lang='grc' dir='ltr'><strong>ὑπάρχων,</strong></span> <span class='ocrx_word' id='word_1_115' title='bbox 939 1408 1031 1459; x_wconf 70' lang='grc' dir='ltr'><strong>καὶ</strong></span> <span class='ocrx_word' id='word_1_116' title='bbox 1072 1407 1332 1477; x_wconf 76' lang='grc' dir='ltr'><strong>μηδαμῶς</strong></span> <span class='ocrx_word' id='word_1_117' title='bbox 1361 1407 1528 1460; x_wconf 74' lang='grc' dir='ltr'>ὄντων</span> <span class='ocrx_word' id='word_1_118' title='bbox 1551 1409 1687 1461; x_wconf 86' lang='grc' dir='ltr'>πάν-</span> 
     </span>
    </p>
   </div>
   <div class='ocr_carea' id='block_1_16' title="bbox 159 1495 1688 1569">
    <p class='ocr_par' dir='ltr' id='par_1_16' title="bbox 159 1495 1688 1569">
     <span class='ocr_line' id='line_1_16' title="bbox 159 1495 1688 1569; baseline 0.002 -21"><span class='ocrx_word' id='word_1_119' title='bbox 159 1515 261 1560; x_wconf 83' lang='grc' dir='ltr'>των,</span> <span class='ocrx_word' id='word_1_120' title='bbox 297 1497 452 1560; x_wconf 77' lang='grc' dir='ltr'>αἴτιος</span> <span class='ocrx_word' id='word_1_121' title='bbox 473 1495 546 1549; x_wconf 80' lang='grc' dir='ltr'>ὢν</span> <span class='ocrx_word' id='word_1_122' title='bbox 566 1497 674 1550; x_wconf 84' lang='grc' dir='ltr'>τῶν</span> <span class='ocrx_word' id='word_1_123' title='bbox 691 1497 882 1550; x_wconf 80' lang='grc' dir='ltr'>ὄντων.</span> <span class='ocrx_word' id='word_1_124' title='bbox 902 1499 995 1550; x_wconf 77' lang='grc' dir='ltr'><strong>Διὸ</strong></span> <span class='ocrx_word' id='word_1_125' title='bbox 1027 1498 1118 1551; x_wconf 76' lang='grc' dir='ltr'>καὶ</span> <span class='ocrx_word' id='word_1_126' title='bbox 1143 1499 1304 1562; x_wconf 83' lang='grc' dir='ltr'>αὑτός</span> <span class='ocrx_word' id='word_1_127' title='bbox 1337 1515 1517 1569; x_wconf 75' lang='grc' dir='ltr'>φησιν’</span> <span class='ocrx_word' id='word_1_128' title='bbox 1549 1498 1688 1568; x_wconf 74' lang='grc' dir='ltr'><strong>Ἐγώ</strong></span> 
     </span>
    </p>
   </div>
   <div class='ocr_carea' id='block_1_17' title="bbox 158 1587 1686 1661">
    <p class='ocr_par' dir='ltr' id='par_1_17' title="bbox 158 1587 1686 1661">
     <span class='ocr_line' id='line_1_17' title="bbox 158 1587 1686 1661; baseline 0.002 -21"><span class='ocrx_word' id='word_1_129' title='bbox 158 1592 248 1656; x_wconf 81' lang='grc' dir='ltr'>εἰμι</span> <span class='ocrx_word' id='word_1_130' title='bbox 288 1591 322 1656; x_wconf 77' lang='grc' dir='ltr'><strong><em>ἡ</em></strong></span> <span class='ocrx_word' id='word_1_131' title='bbox 367 1587 502 1657; x_wconf 80' lang='grc' dir='ltr'><strong>ζωή·</strong></span> <span class='ocrx_word' id='word_1_132' title='bbox 537 1589 651 1658; x_wconf 62' lang='grc' dir='ltr'><strong>ἐγώ</strong></span> <span class='ocrx_word' id='word_1_133' title='bbox 677 1591 794 1658; x_wconf 76' lang='grc' dir='ltr'>ειμι</span> <span class='ocrx_word' id='word_1_134' title='bbox 830 1589 894 1643; x_wconf 84' lang='grc' dir='ltr'>τὸ</span> <span class='ocrx_word' id='word_1_135' title='bbox 933 1587 1076 1658; x_wconf 69' lang='grc' dir='ltr'>φῶς.</span> <span class='ocrx_word' id='word_1_136' title='bbox 1115 1590 1476 1661; x_wconf 83' lang='grc' dir='ltr'>Φι&gt;.οτιμεῖται</span> <span class='ocrx_word' id='word_1_137' title='bbox 1521 1590 1577 1643; x_wconf 83' lang='grc' dir='ltr'><strong>δὲ</strong></span> <span class='ocrx_word' id='word_1_138' title='bbox 1609 1589 1686 1660; x_wconf 85' lang='grc' dir='ltr'><strong>τῷ</strong></span> 
     </span>
    </p>
   </div>
   <div class='ocr_carea' id='block_1_18' title="bbox 159 1679 1681 1751">
    <p class='ocr_par' dir='ltr' id='par_1_18' title="bbox 159 1679 1681 1751">
     <span class='ocr_line' id='line_1_18' title="bbox 159 1679 1681 1751; baseline 0.002 -19"><span class='ocrx_word' id='word_1_139' title='bbox 159 1680 340 1750; x_wconf 75' lang='grc' dir='ltr'>ἁνάρχῳ</span> <span class='ocrx_word' id='word_1_140' title='bbox 367 1679 458 1743; x_wconf 76' lang='grc' dir='ltr'>τὰς</span> <span class='ocrx_word' id='word_1_141' title='bbox 487 1680 793 1751; x_wconf 79' lang='grc' dir='ltr'>μαρτυρίας</span> <span class='ocrx_word' id='word_1_142' title='bbox 825 1681 1149 1745; x_wconf 84' lang='grc' dir='ltr'>τοσαυτάκις</span> <span class='ocrx_word' id='word_1_143' title='bbox 1187 1683 1355 1734; x_wconf 77' lang='grc' dir='ltr'>εἰπὼν</span> <span class='ocrx_word' id='word_1_144' title='bbox 1405 1683 1464 1735; x_wconf 81' lang='grc' dir='ltr'>τὸ</span> <span class='ocrx_word' id='word_1_145' title='bbox 1491 1723 1506 1746; x_wconf 92' lang='grc'><strong>,</strong></span> <span class='ocrx_word' id='word_1_146' title='bbox 1532 1679 1644 1737; x_wconf 84' lang='grc' dir='ltr'>Ἦν</span> <span class='ocrx_word' id='word_1_147' title='bbox 1669 1699 1681 1712; x_wconf 89' lang='grc'><strong>·</strong></span> 
     </span>
    </p>
   </div>
   <div class='ocr_carea' id='block_1_19' title="bbox 159 1771 1686 1844">
    <p class='ocr_par' dir='ltr' id='par_1_19' title="bbox 159 1771 1686 1844">
     <span class='ocr_line' id='line_1_19' title="bbox 159 1771 1686 1844; baseline 0.004 -23"><span class='ocrx_word' id='word_1_148' title='bbox 159 1771 228 1824; x_wconf 80' lang='grc' dir='ltr'>ἵνα</span> <span class='ocrx_word' id='word_1_149' title='bbox 251 1775 306 1840; x_wconf 82' lang='grc' dir='ltr'>τῇ</span> <span class='ocrx_word' id='word_1_150' title='bbox 338 1773 580 1842; x_wconf 80' lang='grc' dir='ltr'>συνεχείᾳ</span> <span class='ocrx_word' id='word_1_151' title='bbox 614 1773 714 1842; x_wconf 79' lang='grc' dir='ltr'><strong>τῆς</strong></span> <span class='ocrx_word' id='word_1_152' title='bbox 743 1772 996 1843; x_wconf 77' lang='grc' dir='ltr'>τοιαύτης</span> <span class='ocrx_word' id='word_1_153' title='bbox 1046 1774 1247 1844; x_wconf 84' lang='grc' dir='ltr'>φωνῆς,</span> <span class='ocrx_word' id='word_1_154' title='bbox 1307 1775 1340 1844; x_wconf 82' lang='grc' dir='ltr'>ἢ</span> <span class='ocrx_word' id='word_1_155' title='bbox 1398 1772 1686 1844; x_wconf 80' lang='grc' dir='ltr'>αἱρετικῶν</span> 
     </span>
    </p>
   </div>
   <div class='ocr_carea' id='block_1_20' title="bbox 161 1857 1688 1933">
    <p class='ocr_par' dir='ltr' id='par_1_20' title="bbox 161 1857 1688 1933">
     <span class='ocr_line' id='line_1_20' title="bbox 161 1857 1688 1933; baseline 0.001 -20"><span class='ocrx_word' id='word_1_156' title='bbox 161 1862 235 1924; x_wconf 73' lang='grc' dir='ltr'>τὰς</span> <span class='ocrx_word' id='word_1_157' title='bbox 258 1860 429 1929; x_wconf 52' lang='lat' dir='ltr'><strong>mea;</strong></span> <span class='ocrx_word' id='word_1_158' title='bbox 455 1863 625 1924; x_wconf 80' lang='grc' dir='ltr'>ἀκοὰς</span> <span class='ocrx_word' id='word_1_159' title='bbox 649 1861 888 1932; x_wconf 82' lang='grc' dir='ltr'>διανοίξῃ</span> <span class='ocrx_word' id='word_1_160' title='bbox 908 1905 923 1926; x_wconf 92' lang='grc'><strong>,</strong></span> <span class='ocrx_word' id='word_1_161' title='bbox 966 1863 998 1933; x_wconf 79' lang='grc' dir='ltr'>ἢ</span> <span class='ocrx_word' id='word_1_162' title='bbox 1053 1861 1218 1932; x_wconf 85' lang='grc' dir='ltr'>μηδὲν</span> <span class='ocrx_word' id='word_1_163' title='bbox 1255 1863 1383 1933; x_wconf 76' lang='grc' dir='ltr'>περὶ</span> <span class='ocrx_word' id='word_1_164' title='bbox 1423 1861 1515 1915; x_wconf 88' lang='grc' dir='ltr'><strong>τοῦ</strong></span> <span class='ocrx_word' id='word_1_165' title='bbox 1532 1903 1546 1928; x_wconf 91' lang='grc'><strong>,</strong></span> <span class='ocrx_word' id='word_1_166' title='bbox 1568 1857 1688 1915; x_wconf 79' lang='grc' dir='ltr'><em>Ἦν</em></span> 
     </span>
    </p>
   </div>
   <div class='ocr_carea' id='block_1_21' title="bbox 166 1949 1687 2026">
    <p class='ocr_par' dir='ltr' id='par_1_21' title="bbox 166 1949 1687 2026">
     <span class='ocr_line' id='line_1_21' title="bbox 166 1949 1687 2026; baseline 0.004 -24"><span class='ocrx_word' id='word_1_167' title='bbox 166 1952 237 2003; x_wconf 58' lang='lat' dir='ltr'><strong>ire</strong></span> <span class='ocrx_word' id='word_1_168' title='bbox 261 1955 356 2005; x_wconf 76' lang='grc' dir='ltr'><strong>οὐκ</strong></span> <span class='ocrx_word' id='word_1_169' title='bbox 387 1949 480 2021; x_wconf 77' lang='grc' dir='ltr'>ἦν,</span> <span class='ocrx_word' id='word_1_170' title='bbox 512 1955 572 2005; x_wconf 82' lang='grc' dir='ltr'><strong>ἐν</strong></span> <span class='ocrx_word' id='word_1_171' title='bbox 601 1956 666 2023; x_wconf 82' lang='grc' dir='ltr'>τῇ</span> <span class='ocrx_word' id='word_1_172' title='bbox 700 1953 967 2026; x_wconf 79' lang='grc' dir='ltr'>μελλούσῃ</span> <span class='ocrx_word' id='word_1_173' title='bbox 1004 1953 1264 2024; x_wconf 83' lang='grc' dir='ltr'>καθολικῇ</span> <span class='ocrx_word' id='word_1_174' title='bbox 1319 1954 1412 2006; x_wconf 70' lang='grc' dir='ltr'>καὶ</span> <span class='ocrx_word' id='word_1_175' title='bbox 1443 1955 1687 2024; x_wconf 87' lang='grc' dir='ltr'>ἀπαρεγ-</span> 
     </span>
    </p>
   </div>
   <div class='ocr_carea' id='block_1_22' title="bbox 159 2040 1686 2114">
    <p class='ocr_par' dir='ltr' id='par_1_22' title="bbox 159 2040 1686 2114">
     <span class='ocr_line' id='line_1_22' title="bbox 159 2040 1686 2114; baseline 0.003 -22"><span class='ocrx_word' id='word_1_176' title='bbox 159 2040 293 2110; x_wconf 80' lang='grc' dir='ltr'>κλίτῳ</span> <span class='ocrx_word' id='word_1_177' title='bbox 337 2040 615 2110; x_wconf 74' lang='grc' dir='ltr'>διαγνώσει</span> <span class='ocrx_word' id='word_1_178' title='bbox 671 2041 939 2112; x_wconf 64' lang='grc' dir='ltr'>πρόφασις</span> <span class='ocrx_word' id='word_1_179' title='bbox 982 2042 1350 2114; x_wconf 81' lang='grc' dir='ltr'>ὑπολειφθείη.</span> <span class='ocrx_word' id='word_1_180' title='bbox 1389 2042 1480 2106; x_wconf 86' lang='grc' dir='ltr'><strong>Τὸ,</strong></span> <span class='ocrx_word' id='word_1_181' title='bbox 1512 2044 1621 2096; x_wconf 79' lang='grc' dir='ltr'><strong>Καὶ</strong></span> <span class='ocrx_word' id='word_1_182' title='bbox 1650 2047 1686 2113; x_wconf 75' lang='grc' dir='ltr'>ἡ</span> 
     </span>
    </p>
   </div>
   <div class='ocr_carea' id='block_1_23' title="bbox 159 2131 1688 2204">
    <p class='ocr_par' dir='ltr' id='par_1_23' title="bbox 159 2131 1688 2204">
     <span class='ocr_line' id='line_1_23' title="bbox 159 2131 1688 2204; baseline 0.002 -18"><span class='ocrx_word' id='word_1_183' title='bbox 159 2133 246 2200; x_wconf 61' lang='lat' dir='ltr'><strong>(ton</strong></span> <span class='ocrx_word' id='word_1_184' title='bbox 275 2131 344 2204; x_wconf 72' lang='grc' dir='ltr'>ἦν</span> <span class='ocrx_word' id='word_1_185' title='bbox 373 2137 435 2187; x_wconf 83' lang='grc' dir='ltr'>τὸ</span> <span class='ocrx_word' id='word_1_186' title='bbox 467 2135 594 2204; x_wconf 58' lang='grc' dir='ltr'>ειν-ῶς</span> <span class='ocrx_word' id='word_1_187' title='bbox 644 2135 767 2188; x_wconf 76' lang='grc' dir='ltr'>τῶν</span> <span class='ocrx_word' id='word_1_188' title='bbox 814 2135 1159 2204; x_wconf 73' lang='grc' dir='ltr'>ἀνθρώπων,</span> <span class='ocrx_word' id='word_1_189' title='bbox 1196 2137 1504 2190; x_wconf 82' lang='grc' dir='ltr'>ὲκπαιδεύει</span> <span class='ocrx_word' id='word_1_190' title='bbox 1536 2134 1688 2202; x_wconf 82' lang='grc' dir='ltr'>αὖθις</span> 
     </span>
    </p>
   </div>
   <div class='ocr_carea' id='block_1_24' title="bbox 159 2225 1688 2300">
    <p class='ocr_par' dir='ltr' id='par_1_24' title="bbox 159 2225 1688 2300">
     <span class='ocr_line' id='line_1_24' title="bbox 159 2225 1688 2300; baseline 0.003 -22"><span class='ocrx_word' id='word_1_191' title='bbox 159 2225 212 2278; x_wconf 73' lang='grc' dir='ltr'>τὰ</span> <span class='ocrx_word' id='word_1_192' title='bbox 237 2227 374 2282; x_wconf 71' lang='grc' dir='ltr'>αὑτά.</span> <span class='ocrx_word' id='word_1_193' title='bbox 397 2229 562 2299; x_wconf 75' lang='grc' dir='ltr'>Φησὶν</span> <span class='ocrx_word' id='word_1_194' title='bbox 585 2229 698 2299; x_wconf 81' lang='grc' dir='ltr'><strong>γάρ</strong></span> <span class='ocrx_word' id='word_1_195' title='bbox 718 2247 730 2257; x_wconf 78' lang='grc'><em>’</em></span> <span class='ocrx_word' id='word_1_196' title='bbox 773 2227 920 2300; x_wconf 79' lang='grc' dir='ltr'><strong>Δΰτη</strong></span> <span class='ocrx_word' id='word_1_197' title='bbox 953 2230 987 2298; x_wconf 76' lang='grc' dir='ltr'>ἡ</span> <span class='ocrx_word' id='word_1_198' title='bbox 1021 2228 1280 2299; x_wconf 79' lang='grc' dir='ltr'>ἀγένητος</span> <span class='ocrx_word' id='word_1_199' title='bbox 1310 2227 1422 2298; x_wconf 83' lang='grc' dir='ltr'><strong>ζωὴ</strong></span> <span class='ocrx_word' id='word_1_200' title='bbox 1441 2271 1454 2292; x_wconf 91' lang='grc'><strong>,</strong></span> <span class='ocrx_word' id='word_1_201' title='bbox 1491 2229 1688 2282; x_wconf 80' lang='grc' dir='ltr'>σύστα-</span> 
     </span>
    </p>
   </div>
   <div class='ocr_carea' id='block_1_25' title="bbox 161 2318 1689 2392">
    <p class='ocr_par' dir='ltr' id='par_1_25' title="bbox 161 2318 1689 2392">
     <span class='ocr_line' id='line_1_25' title="bbox 161 2318 1689 2392; baseline 0 -18"><span class='ocrx_word' id='word_1_202' title='bbox 161 2321 325 2390; x_wconf 79' lang='grc' dir='ltr'>σιςτῆς</span> <span class='ocrx_word' id='word_1_203' title='bbox 350 2321 577 2390; x_wconf 76' lang='grc' dir='ltr'>γενητῆς</span> <span class='ocrx_word' id='word_1_204' title='bbox 598 2318 904 2392; x_wconf 81' lang='grc' dir='ltr'>ἀνθρώπων</span> <span class='ocrx_word' id='word_1_205' title='bbox 931 2321 1143 2388; x_wconf 79' lang='grc' dir='ltr'>φύσεως</span> <span class='ocrx_word' id='word_1_206' title='bbox 1177 2322 1428 2391; x_wconf 80' lang='grc' dir='ltr'>ὑπάρχει.</span> <span class='ocrx_word' id='word_1_207' title='bbox 1460 2321 1550 2386; x_wconf 87' lang='grc' dir='ltr'>Τὸ,</span> <span class='ocrx_word' id='word_1_208' title='bbox 1579 2321 1689 2374; x_wconf 80' lang='lat' dir='ltr'><strong>Kal</strong></span> 
     </span>
    </p>
   </div>
   <div class='ocr_carea' id='block_1_26' title="bbox 158 2411 1689 2480">
    <p class='ocr_par' dir='ltr' id='par_1_26' title="bbox 158 2411 1689 2480">
     <span class='ocr_line' id='line_1_26' title="bbox 158 2411 1689 2480; baseline 0.003 -18"><span class='ocrx_word' id='word_1_209' title='bbox 158 2411 209 2462; x_wconf 80' lang='grc' dir='ltr'>τὸ</span> <span class='ocrx_word' id='word_1_210' title='bbox 248 2411 358 2480; x_wconf 65' lang='grc' dir='ltr'><strong>φῶς</strong></span> <span class='ocrx_word' id='word_1_211' title='bbox 392 2413 458 2464; x_wconf 78' lang='grc' dir='ltr'>ἐν</span> <span class='ocrx_word' id='word_1_212' title='bbox 481 2411 556 2480; x_wconf 79' lang='grc' dir='ltr'>τῇ</span> <span class='ocrx_word' id='word_1_213' title='bbox 587 2415 809 2478; x_wconf 77' lang='grc' dir='ltr'>σκοτίῃ</span> <span class='ocrx_word' id='word_1_214' title='bbox 836 2412 1050 2480; x_wconf 59' lang='grc' dir='ltr'>φαίνει,</span> <span class='ocrx_word' id='word_1_215' title='bbox 1081 2413 1177 2465; x_wconf 80' lang='grc' dir='ltr'><strong>καὶ</strong></span> <span class='ocrx_word' id='word_1_216' title='bbox 1231 2414 1268 2479; x_wconf 76' lang='grc' dir='ltr'>ἡ</span> <span class='ocrx_word' id='word_1_217' title='bbox 1301 2412 1512 2464; x_wconf 76' lang='grc' dir='ltr'>σκοτιά</span> <span class='ocrx_word' id='word_1_218' title='bbox 1544 2413 1689 2466; x_wconf 82' lang='grc' dir='ltr'>αὐτὸ</span> 
     </span>
    </p>
   </div>
   <div class='ocr_carea' id='block_1_27' title="bbox 159 2500 1692 2572">
    <p class='ocr_par' dir='ltr' id='par_1_27' title="bbox 159 2500 1692 2572">
     <span class='ocr_line' id='line_1_27' title="bbox 159 2500 1692 2572; baseline 0.001 -20"><span class='ocrx_word' id='word_1_219' title='bbox 159 2502 214 2552; x_wconf 81' lang='grc' dir='ltr'>σὺ</span> <span class='ocrx_word' id='word_1_220' title='bbox 237 2501 556 2567; x_wconf 76' lang='grc' dir='ltr'>κατέλαϐεν,</span> <span class='ocrx_word' id='word_1_221' title='bbox 584 2502 688 2554; x_wconf 80' lang='grc' dir='ltr'><strong>οὐκ</strong></span> <span class='ocrx_word' id='word_1_222' title='bbox 709 2502 956 2569; x_wconf 84' lang='grc' dir='ltr'>ἀνέχεται</span> <span class='ocrx_word' id='word_1_223' title='bbox 984 2501 1091 2554; x_wconf 81' lang='grc' dir='ltr'><strong>τῶν</strong></span> <span class='ocrx_word' id='word_1_224' title='bbox 1115 2501 1405 2572; x_wconf 79' lang='grc' dir='ltr'>αἱρετικῶν</span> <span class='ocrx_word' id='word_1_225' title='bbox 1423 2500 1692 2572; x_wconf 81' lang='grc' dir='ltr'>δοξασμά-</span> 
     </span>
    </p>
   </div>
   <div class='ocr_carea' id='block_1_28' title="bbox 158 2588 1690 2661">
    <p class='ocr_par' dir='ltr' id='par_1_28' title="bbox 158 2588 1690 2661">
     <span class='ocr_line' id='line_1_28' title="bbox 158 2588 1690 2661; baseline 0.001 -22"><span class='ocrx_word' id='word_1_226' title='bbox 158 2603 258 2641; x_wconf 83' lang='grc' dir='ltr'>των.</span> <span class='ocrx_word' id='word_1_227' title='bbox 291 2588 536 2660; x_wconf 66' lang='grc' dir='ltr'>Κρυφίως</span> <span class='ocrx_word' id='word_1_228' title='bbox 551 2589 665 2660; x_wconf 74' lang='grc' dir='ltr'>γὰρ</span> <span class='ocrx_word' id='word_1_229' title='bbox 693 2590 786 2642; x_wconf 78' lang='grc' dir='ltr'>καὶ</span> <span class='ocrx_word' id='word_1_230' title='bbox 819 2588 954 2657; x_wconf 85' lang='grc' dir='ltr'>ἄγαν</span> <span class='ocrx_word' id='word_1_231' title='bbox 976 2589 1211 2661; x_wconf 81' lang='grc' dir='ltr'>δριμέως</span> <span class='ocrx_word' id='word_1_232' title='bbox 1234 2588 1401 2659; x_wconf 81' lang='grc' dir='ltr'>δηλοῖ,</span> <span class='ocrx_word' id='word_1_233' title='bbox 1430 2589 1504 2652; x_wconf 86' lang='grc' dir='ltr'>ὼς</span> <span class='ocrx_word' id='word_1_234' title='bbox 1523 2589 1690 2659; x_wconf 82' lang='grc' dir='ltr'>ὅνπερ</span> 
     </span>
    </p>
   </div>
   <div class='ocr_carea' id='block_1_29' title="bbox 159 2677 1688 2752">
    <p class='ocr_par' dir='ltr' id='par_1_29' title="bbox 159 2677 1688 2752">
     <span class='ocr_line' id='line_1_29' title="bbox 159 2677 1688 2752; baseline -0.001 -20"><span class='ocrx_word' id='word_1_235' title='bbox 159 2677 305 2742; x_wconf 80' lang='grc' dir='ltr'>ἀντις</span> <span class='ocrx_word' id='word_1_236' title='bbox 351 2681 672 2752; x_wconf 63' lang='grc' dir='ltr'>προχρὼιον</span> <span class='ocrx_word' id='word_1_237' title='bbox 720 2679 928 2749; x_wconf 83' lang='grc' dir='ltr'>χρόνον,</span> <span class='ocrx_word' id='word_1_238' title='bbox 972 2681 1005 2750; x_wconf 82' lang='grc' dir='ltr'>ἢ</span> <span class='ocrx_word' id='word_1_239' title='bbox 1052 2679 1338 2749; x_wconf 65' lang='grc' dir='ltr'>ἀκαριαέαν</span> <span class='ocrx_word' id='word_1_240' title='bbox 1391 2679 1561 2749; x_wconf 77' lang='grc' dir='ltr'>ῥοπὴν</span> <span class='ocrx_word' id='word_1_241' title='bbox 1588 2717 1603 2742; x_wconf 87' lang='grc'><strong>,</strong></span> <span class='ocrx_word' id='word_1_242' title='bbox 1655 2678 1688 2748; x_wconf 81' lang='grc' dir='ltr'><strong>ἢ</strong></span> 
     </span>
    </p>
   </div>
   <div class='ocr_carea' id='block_1_30' title="bbox 161 2769 1692 2843">
    <p class='ocr_par' dir='ltr' id='par_1_30' title="bbox 161 2769 1692 2843">
     <span class='ocr_line' id='line_1_30' title="bbox 161 2769 1692 2843; baseline -0.001 -19"><span class='ocrx_word' id='word_1_243' title='bbox 161 2771 437 2840; x_wconf 81' lang='grc' dir='ltr'>προαιὼνιον</span> <span class='ocrx_word' id='word_1_244' title='bbox 459 2773 634 2826; x_wconf 76' lang='grc' dir='ltr'>αἰῶνα</span> <span class='ocrx_word' id='word_1_245' title='bbox 667 2771 931 2843; x_wconf 76' lang='grc' dir='ltr'>ὑπολάϐῃ,</span> <span class='ocrx_word' id='word_1_246' title='bbox 971 2771 1150 2841; x_wconf 81' lang='grc' dir='ltr'>φαίνει</span> <span class='ocrx_word' id='word_1_247' title='bbox 1181 2770 1363 2832; x_wconf 86' lang='grc' dir='ltr'>ἀῖδίως</span> <span class='ocrx_word' id='word_1_248' title='bbox 1390 2771 1464 2833; x_wconf 84' lang='grc' dir='ltr'>ὼς</span> <span class='ocrx_word' id='word_1_249' title='bbox 1493 2769 1692 2841; x_wconf 79' lang='grc' dir='ltr'>ἀχώρι-</span> 
     </span>
    </p>
   </div>
   <div class='ocr_carea' id='block_1_31' title="bbox 163 2861 1690 2934">
    <p class='ocr_par' dir='ltr' id='par_1_31' title="bbox 163 2861 1690 2934">
     <span class='ocr_line' id='line_1_31' title="bbox 163 2861 1690 2934; baseline 0.001 -20"><span class='ocrx_word' id='word_1_250' title='bbox 163 2878 259 2914; x_wconf 84' lang='grc' dir='ltr'>στον</span> <span class='ocrx_word' id='word_1_251' title='bbox 286 2864 608 2934; x_wconf 82' lang='grc' dir='ltr'>ἀπαύγασμα</span> <span class='ocrx_word' id='word_1_252' title='bbox 648 2862 744 2916; x_wconf 85' lang='grc' dir='ltr'><strong>τοῦ</strong></span> <span class='ocrx_word' id='word_1_253' title='bbox 773 2861 927 2924; x_wconf 85' lang='grc' dir='ltr'>Θεοῦ,</span> <span class='ocrx_word' id='word_1_254' title='bbox 964 2862 1057 2916; x_wconf 70' lang='grc' dir='ltr'>καὶ</span> <span class='ocrx_word' id='word_1_255' title='bbox 1109 2861 1302 2914; x_wconf 71' lang='grc' dir='ltr'>οὔποτε</span> <span class='ocrx_word' id='word_1_256' title='bbox 1351 2861 1538 2914; x_wconf 76' lang='grc' dir='ltr'>σκοτία</span> <span class='ocrx_word' id='word_1_257' title='bbox 1593 2863 1690 2915; x_wconf 80' lang='grc' dir='ltr'><strong>ἀν-</strong></span> 
     </span>
    </p>
   </div>
   <div class='ocr_carea' id='block_1_32' title="bbox 161 2954 1690 3028">
    <p class='ocr_par' dir='ltr' id='par_1_32' title="bbox 161 2954 1690 3028">
     <span class='ocr_line' id='line_1_32' title="bbox 161 2954 1690 3028; baseline 0.001 -22"><span class='ocrx_word' id='word_1_258' title='bbox 161 2956 382 3028; x_wconf 83' lang='grc' dir='ltr'>υπαρξίας</span> <span class='ocrx_word' id='word_1_259' title='bbox 402 2956 531 3011; x_wconf 77' lang='grc' dir='ltr'>αὐτὸ</span> <span class='ocrx_word' id='word_1_260' title='bbox 557 2955 881 3010; x_wconf 77' lang='grc' dir='ltr'>κατέλαϐεν.</span> <span class='ocrx_word' id='word_1_261' title='bbox 911 2954 1003 3019; x_wconf 85' lang='grc' dir='ltr'><strong>Τὸ,</strong></span> <span class='ocrx_word' id='word_1_262' title='bbox 1031 2955 1085 3006; x_wconf 89' lang='grc' dir='ltr'><strong><em>Ὀ</em></strong></span> <span class='ocrx_word' id='word_1_263' title='bbox 1113 2955 1553 3022; x_wconf 75' lang='grc' dir='ltr'>παντοκράτωρ,</span> <span class='ocrx_word' id='word_1_264' title='bbox 1571 2955 1690 3007; x_wconf 80' lang='grc' dir='ltr'>οὐδὲ</span> 
     </span>
    </p>
   </div>
   <div class='ocr_carea' id='block_1_33' title="bbox 162 3046 1691 3120">
    <p class='ocr_par' dir='ltr' id='par_1_33' title="bbox 162 3046 1691 3120">
     <span class='ocr_line' id='line_1_33' title="bbox 162 3046 1691 3120; baseline 0 -21"><span class='ocrx_word' id='word_1_265' title='bbox 162 3049 406 3120; x_wconf 72' lang='grc' dir='ltr'>ἑρμηνείας</span> <span class='ocrx_word' id='word_1_266' title='bbox 430 3051 622 3104; x_wconf 83' lang='grc' dir='ltr'>δεῖται.</span> <span class='ocrx_word' id='word_1_267' title='bbox 649 3048 899 3101; x_wconf 79' lang='grc' dir='ltr'>Δείκνυσι</span> <span class='ocrx_word' id='word_1_268' title='bbox 925 3047 1032 3118; x_wconf 80' lang='grc' dir='ltr'>γὰρ</span> <span class='ocrx_word' id='word_1_269' title='bbox 1057 3046 1364 3117; x_wconf 77' lang='grc' dir='ltr'>ἀδιαίρετον</span> <span class='ocrx_word' id='word_1_270' title='bbox 1388 3046 1529 3116; x_wconf 79' lang='grc' dir='ltr'>ἔχειν</span> <span class='ocrx_word' id='word_1_271' title='bbox 1557 3048 1691 3118; x_wconf 85' lang='grc' dir='ltr'>πρὸς</span> 
     </span>
    </p>
   </div>
   <div class='ocr_carea' id='block_1_34' title="bbox 160 3136 1690 3212">
    <p class='ocr_par' dir='ltr' id='par_1_34' title="bbox 160 3136 1690 3212">
     <span class='ocr_line' id='line_1_34' title="bbox 160 3136 1690 3212; baseline 0.001 -23"><span class='ocrx_word' id='word_1_272' title='bbox 160 3139 230 3191; x_wconf 69' lang='grc' dir='ltr'><strong>τὸν</strong></span> <span class='ocrx_word' id='word_1_273' title='bbox 252 3140 366 3192; x_wconf 80' lang='grc' dir='ltr'>Θεὸν</span> <span class='ocrx_word' id='word_1_274' title='bbox 392 3141 607 3212; x_wconf 83' lang='grc' dir='ltr'>Πατέρα</span> <span class='ocrx_word' id='word_1_275' title='bbox 638 3141 738 3193; x_wconf 75' lang='grc' dir='ltr'>καὶ</span> <span class='ocrx_word' id='word_1_276' title='bbox 767 3139 830 3191; x_wconf 77' lang='grc' dir='ltr'><strong>τὸ</strong></span> <span class='ocrx_word' id='word_1_277' title='bbox 853 3139 1004 3206; x_wconf 74' lang='grc' dir='ltr'>ἅγιον</span> <span class='ocrx_word' id='word_1_278' title='bbox 1025 3136 1248 3208; x_wconf 82' lang='grc' dir='ltr'>Πνεῦμα</span> <span class='ocrx_word' id='word_1_279' title='bbox 1272 3138 1433 3190; x_wconf 79' lang='grc' dir='ltr'>αὐτοῦ</span> <span class='ocrx_word' id='word_1_280' title='bbox 1465 3137 1562 3208; x_wconf 85' lang='grc' dir='ltr'>τὴν</span> <span class='ocrx_word' id='word_1_281' title='bbox 1596 3138 1690 3207; x_wconf 89' lang='grc' dir='ltr'>βα-</span> 
     </span>
    </p>
   </div>
   <div class='ocr_carea' id='block_1_35' title="bbox 163 3229 1684 3302">
    <p class='ocr_par' dir='ltr' id='par_1_35' title="bbox 163 3229 1684 3302">
     <span class='ocr_line' id='line_1_35' title="bbox 163 3229 1684 3302; baseline 0 -18"><span class='ocrx_word' id='word_1_282' title='bbox 163 3229 348 3290; x_wconf 80' lang='grc' dir='ltr'>σιλείαν,</span> <span class='ocrx_word' id='word_1_283' title='bbox 378 3234 466 3286; x_wconf 73' lang='grc' dir='ltr'><strong>καὶ</strong></span> <span class='ocrx_word' id='word_1_284' title='bbox 500 3229 640 3286; x_wconf 81' lang='grc' dir='ltr'>εἶναι</span> <span class='ocrx_word' id='word_1_285' title='bbox 664 3231 762 3284; x_wconf 76' lang='grc' dir='ltr'><strong>ἐπὶ</strong></span> <span class='ocrx_word' id='word_1_286' title='bbox 804 3231 1042 3284; x_wconf 77' lang='grc' dir='ltr'>πάντων</span> <span class='ocrx_word' id='word_1_287' title='bbox 1063 3234 1230 3285; x_wconf 84' lang='grc' dir='ltr'>Θεόν.</span> <span class='ocrx_word' id='word_1_288' title='bbox 1278 3229 1349 3302; x_wconf 85' lang='lat'><strong>[7</strong></span> <span class='ocrx_word' id='word_1_289' title='bbox 1379 3230 1446 3302; x_wconf 78' lang='grc' dir='ltr'><strong>ὁ]</strong></span> <span class='ocrx_word' id='word_1_290' title='bbox 1495 3232 1586 3297; x_wconf 88' lang='grc' dir='ltr'>Τὸ,</span> <span class='ocrx_word' id='word_1_291' title='bbox 1632 3234 1684 3284; x_wconf 90' lang='lat'><strong>’0</strong></span> 
     </span>
    </p>
   </div>
   <div class='ocr_carea' id='block_1_36' title="bbox 159 3320 1686 3393">
    <p class='ocr_par' dir='ltr' id='par_1_36' title="bbox 159 3320 1686 3393">
     <span class='ocr_line' id='line_1_36' title="bbox 159 3320 1686 3393; baseline 0.004 -22"><span class='ocrx_word' id='word_1_292' title='bbox 159 3320 450 3390; x_wconf 74' lang='grc' dir='ltr'>ἐρχόμενος,</span> <span class='ocrx_word' id='word_1_293' title='bbox 476 3323 567 3376; x_wconf 78' lang='grc' dir='ltr'><strong>τὸν</strong></span> <span class='ocrx_word' id='word_1_294' title='bbox 590 3322 727 3375; x_wconf 84' lang='grc' dir='ltr'>Υἱδν</span> <span class='ocrx_word' id='word_1_295' title='bbox 741 3320 892 3392; x_wconf 86' lang='grc' dir='ltr'>δηλοί</span> <span class='ocrx_word' id='word_1_296' title='bbox 915 3320 1176 3390; x_wconf 84' lang='grc' dir='ltr'>μέλλοντα</span> <span class='ocrx_word' id='word_1_297' title='bbox 1191 3321 1459 3393; x_wconf 74' lang='grc' dir='ltr'>’ἔρχεσθαι</span> <span class='ocrx_word' id='word_1_298' title='bbox 1489 3323 1548 3376; x_wconf 82' lang='grc' dir='ltr'><strong>τὸ</strong></span> <span class='ocrx_word' id='word_1_299' title='bbox 1575 3323 1686 3377; x_wconf 79' lang='grc' dir='ltr'>δεύ-</span> 
     </span>
    </p>
   </div>
   <div class='ocr_carea' id='block_1_37' title="bbox 160 3413 1388 3486">
    <p class='ocr_par' dir='ltr' id='par_1_37' title="bbox 160 3413 1388 3486">
     <span class='ocr_line' id='line_1_37' title="bbox 160 3413 1388 3486; baseline 0.003 -23"><span class='ocrx_word' id='word_1_300' title='bbox 160 3428 319 3483; x_wconf 74' lang='grc' dir='ltr'>τερον,</span> <span class='ocrx_word' id='word_1_301' title='bbox 366 3416 455 3469; x_wconf 80' lang='grc' dir='ltr'>καὶ</span> <span class='ocrx_word' id='word_1_302' title='bbox 507 3417 720 3484; x_wconf 81' lang='grc' dir='ltr'>κρίνειν</span> <span class='ocrx_word' id='word_1_303' title='bbox 773 3413 980 3477; x_wconf 83' lang='grc' dir='ltr'>ζῶντας</span> <span class='ocrx_word' id='word_1_304' title='bbox 1017 3414 1111 3467; x_wconf 74' lang='grc' dir='ltr'><strong>καὶ</strong></span> <span class='ocrx_word' id='word_1_305' title='bbox 1145 3415 1388 3486; x_wconf 80' lang='grc' dir='ltr'>νεκρούς.</span> 
     </span>
    </p>
   </div>
   <div class='ocr_carea' id='block_1_38' title="bbox 1794 490 3351 560">
    <p class='ocr_par' dir='ltr' id='par_1_38' title="bbox 1794 490 3351 560">
     <span class='ocr_line' id='line_1_38' title="bbox 1794 490 3351 560; baseline -0.008 -8"><span class='ocrx_word' id='word_1_306' title='bbox 1794 499 1999 553; x_wconf 66' lang='lat' dir='ltr'><strong>dedisse</strong></span> <span class='ocrx_word' id='word_1_307' title='bbox 2029 508 2085 552; x_wconf 90' lang='lat' dir='ltr'><strong>nt</strong></span> <span class='ocrx_word' id='word_1_308' title='bbox 2122 509 2282 552; x_wconf 89' lang='lat' dir='ltr'><strong>esset.</strong></span> <span class='ocrx_word' id='word_1_309' title='bbox 2313 497 2459 558; x_wconf 88' lang='lat' dir='ltr'><strong>Illud.</strong></span> <span class='ocrx_word' id='word_1_310' title='bbox 2494 494 2684 549; x_wconf 87' lang='lat' dir='ltr'><strong>Omnia</strong></span> <span class='ocrx_word' id='word_1_311' title='bbox 2706 509 2794 560; x_wconf 85' lang='lat' dir='ltr'><strong>per</strong></span> <span class='ocrx_word' id='word_1_312' title='bbox 2829 492 2998 558; x_wconf 81' lang='lat' dir='ltr'><strong>ipsum</strong></span> <span class='ocrx_word' id='word_1_313' title='bbox 3036 490 3175 557; x_wconf 81' lang='lat' dir='ltr'><strong>facta</strong></span> <span class='ocrx_word' id='word_1_314' title='bbox 3205 499 3351 551; x_wconf 87' lang='lat' dir='ltr'><strong>sunt,</strong></span> 
     </span>
    </p>
   </div>
   <div class='ocr_carea' id='block_1_39' title="bbox 1789 586 3355 658">
    <p class='ocr_par' dir='ltr' id='par_1_39' title="bbox 1789 586 3355 658">
     <span class='ocr_line' id='line_1_39' title="bbox 1789 586 3355 658; baseline -0.004 -17"><span class='ocrx_word' id='word_1_315' title='bbox 1789 600 1834 641; x_wconf 87' lang='lat' dir='ltr'><strong>et</strong></span> <span class='ocrx_word' id='word_1_316' title='bbox 1871 591 1980 642; x_wconf 85' lang='lat' dir='ltr'><strong>sine</strong></span> <span class='ocrx_word' id='word_1_317' title='bbox 2011 592 2122 658; x_wconf 86' lang='lat' dir='ltr'><strong>ipso</strong></span> <span class='ocrx_word' id='word_1_318' title='bbox 2156 607 2218 643; x_wconf 88' lang='lat' dir='ltr'><strong>ne</strong></span> <span class='ocrx_word' id='word_1_319' title='bbox 2252 607 2356 643; x_wconf 83' lang='lat' dir='ltr'><strong>una</strong></span> <span class='ocrx_word' id='word_1_320' title='bbox 2393 589 2598 658; x_wconf 79' lang='lat' dir='ltr'><strong>quidem</strong></span> <span class='ocrx_word' id='word_1_321' title='bbox 2643 603 2721 640; x_wconf 85' lang='lat' dir='ltr'><strong>res</strong></span> <span class='ocrx_word' id='word_1_322' title='bbox 2771 586 2913 654; x_wconf 77' lang='lat' dir='ltr'><strong>facta</strong></span> <span class='ocrx_word' id='word_1_323' title='bbox 2946 594 3017 637; x_wconf 88' lang='lat' dir='ltr'><strong>est</strong></span> <span class='ocrx_word' id='word_1_324' title='bbox 3045 622 3059 644; x_wconf 88' lang='lat'><strong>,</strong></span> <span class='ocrx_word' id='word_1_325' title='bbox 3091 597 3194 635; x_wconf 90' lang='lat' dir='ltr'><strong>non</strong></span> <span class='ocrx_word' id='word_1_326' title='bbox 3240 595 3355 635; x_wconf 87' lang='lat' dir='ltr'><strong>mo-</strong></span> 
     </span>
    </p>
   </div>
   <div class='ocr_carea' id='block_1_40' title="bbox 1790 671 3348 750">
    <p class='ocr_par' dir='ltr' id='par_1_40' title="bbox 1790 671 3348 750">
     <span class='ocr_line' id='line_1_40' title="bbox 1790 671 3348 750; baseline -0.004 -19"><span class='ocrx_word' id='word_1_327' title='bbox 1790 679 1857 731; x_wconf 93' lang='lat' dir='ltr'><strong>do</strong></span> <span class='ocrx_word' id='word_1_328' title='bbox 1909 679 2020 750; x_wconf 77' lang='lat'><strong>(‘26)</strong></span> <span class='ocrx_word' id='word_1_329' title='bbox 2062 683 2233 749; x_wconf 84' lang='lat' dir='ltr'><strong>ipsum</strong></span> <span class='ocrx_word' id='word_1_330' title='bbox 2259 681 2586 735; x_wconf 79' lang='lat' dir='ltr'><strong>conditorem</strong></span> <span class='ocrx_word' id='word_1_331' title='bbox 2613 693 2735 733; x_wconf 90' lang='lat' dir='ltr'><strong>esse</strong></span> <span class='ocrx_word' id='word_1_332' title='bbox 2768 679 3122 737; x_wconf 83' lang='lat' dir='ltr'><strong>demonstrat,</strong></span> <span class='ocrx_word' id='word_1_333' title='bbox 3148 683 3207 726; x_wconf 90' lang='lat' dir='ltr'><strong>ut</strong></span> <span class='ocrx_word' id='word_1_334' title='bbox 3235 671 3348 738; x_wconf 83' lang='lat' dir='ltr'><strong>jam</strong></span> 
     </span>
    </p>
   </div>
   <div class='ocr_carea' id='block_1_41' title="bbox 1790 764 3351 833">
    <p class='ocr_par' dir='ltr' id='par_1_41' title="bbox 1790 764 3351 833">
     <span class='ocr_line' id='line_1_41' title="bbox 1790 764 3351 833; baseline -0.005 -11"><span class='ocrx_word' id='word_1_335' title='bbox 1790 769 1992 824; x_wconf 87' lang='lat' dir='ltr'><strong>dictum</strong></span> <span class='ocrx_word' id='word_1_336' title='bbox 2033 782 2136 833; x_wconf 89' lang='lat' dir='ltr'><strong>est,</strong></span> <span class='ocrx_word' id='word_1_337' title='bbox 2176 772 2268 827; x_wconf 91' lang='lat' dir='ltr'><strong>sed</strong></span> <span class='ocrx_word' id='word_1_338' title='bbox 2299 773 2460 827; x_wconf 87' lang='lat' dir='ltr'><strong>etiam</strong></span> <span class='ocrx_word' id='word_1_339' title='bbox 2497 787 2602 824; x_wconf 89' lang='lat' dir='ltr'><strong>non</strong></span> <span class='ocrx_word' id='word_1_340' title='bbox 2634 785 2755 825; x_wconf 91' lang='lat' dir='ltr'><strong>esse</strong></span> <span class='ocrx_word' id='word_1_341' title='bbox 2791 777 3031 823; x_wconf 88' lang='lat' dir='ltr'><strong>creatum</strong></span> <span class='ocrx_word' id='word_1_342' title='bbox 3075 785 3087 819; x_wconf 89' lang='lat'>:</span> <span class='ocrx_word' id='word_1_343' title='bbox 3121 765 3165 819; x_wconf 91' lang='lat' dir='ltr'><strong>si</strong></span> <span class='ocrx_word' id='word_1_344' title='bbox 3206 764 3351 818; x_wconf 91' lang='lat' dir='ltr'><strong>enim</strong></span> 
     </span>
    </p>
   </div>
   <div class='ocr_carea' id='block_1_42' title="bbox 1791 856 3354 932">
    <p class='ocr_par' dir='ltr' id='par_1_42' title="bbox 1791 856 3354 932">
     <span class='ocr_line' id='line_1_42' title="bbox 1791 856 3354 932; baseline -0.004 -18"><span class='ocrx_word' id='word_1_345' title='bbox 1791 877 1853 915; x_wconf 87' lang='lat' dir='ltr'><strong>ne</strong></span> <span class='ocrx_word' id='word_1_346' title='bbox 1875 879 1978 915; x_wconf 84' lang='lat' dir='ltr'><strong>una</strong></span> <span class='ocrx_word' id='word_1_347' title='bbox 2013 864 2217 932; x_wconf 79' lang='lat' dir='ltr'><strong>quidem</strong></span> <span class='ocrx_word' id='word_1_348' title='bbox 2259 873 2504 918; x_wconf 78' lang='lat' dir='ltr'><strong>creatura</strong></span> <span class='ocrx_word' id='word_1_349' title='bbox 2535 864 2652 918; x_wconf 89' lang='lat' dir='ltr'><strong>sine</strong></span> <span class='ocrx_word' id='word_1_350' title='bbox 2683 862 2797 931; x_wconf 78' lang='lat' dir='ltr'><strong>ipso</strong></span> <span class='ocrx_word' id='word_1_351' title='bbox 2837 859 3044 928; x_wconf 80' lang='lat' dir='ltr'><strong>accepit</strong></span> <span class='ocrx_word' id='word_1_352' title='bbox 3087 856 3354 910; x_wconf 77' lang='lat' dir='ltr'><strong>exsisten-</strong></span> 
     </span>
    </p>
   </div>
   <div class='ocr_carea' id='block_1_43' title="bbox 1793 952 3354 1020">
    <p class='ocr_par' dir='ltr' id='par_1_43' title="bbox 1793 952 3354 1020">
     <span class='ocr_line' id='line_1_43' title="bbox 1793 952 3354 1020; baseline -0.004 -16"><span class='ocrx_word' id='word_1_353' title='bbox 1793 953 1957 1015; x_wconf 73' lang='lat' dir='ltr'><strong>tiam,</strong></span> <span class='ocrx_word' id='word_1_354' title='bbox 2012 954 2260 1009; x_wconf 76' lang='lat' dir='ltr'><strong>unmibus</strong></span> <span class='ocrx_word' id='word_1_355' title='bbox 2304 955 2647 1009; x_wconf 90' lang='lat' dir='ltr'><strong>manifestum</strong></span> <span class='ocrx_word' id='word_1_356' title='bbox 2694 963 2818 1015; x_wconf 91' lang='lat' dir='ltr'><strong>est,</strong></span> <span class='ocrx_word' id='word_1_357' title='bbox 2874 952 3048 1020; x_wconf 87' lang='lat' dir='ltr'><strong>ipsum</strong></span> <span class='ocrx_word' id='word_1_358' title='bbox 3097 962 3198 1000; x_wconf 91' lang='lat' dir='ltr'><strong>non</strong></span> <span class='ocrx_word' id='word_1_359' title='bbox 3230 960 3354 1000; x_wconf 87' lang='lat' dir='ltr'><strong>esse</strong></span> 
     </span>
    </p>
   </div>
   <div class='ocr_carea' id='block_1_44' title="bbox 1790 1037 3351 1114">
    <p class='ocr_par' dir='ltr' id='par_1_44' title="bbox 1790 1037 3351 1114">
     <span class='ocr_line' id='line_1_44' title="bbox 1790 1037 3351 1114; baseline -0.006 -19"><span class='ocrx_word' id='word_1_360' title='bbox 1790 1041 2018 1108; x_wconf 87' lang='lat' dir='ltr'><strong>factum,</strong></span> <span class='ocrx_word' id='word_1_361' title='bbox 2051 1045 2143 1098; x_wconf 88' lang='lat' dir='ltr'><strong>sed</strong></span> <span class='ocrx_word' id='word_1_362' title='bbox 2180 1045 2414 1114; x_wconf 76' lang='lat' dir='ltr'><strong>genitum</strong></span> <span class='ocrx_word' id='word_1_363' title='bbox 2463 1045 2644 1099; x_wconf 77' lang='lat' dir='ltr'><strong>divino</strong></span> <span class='ocrx_word' id='word_1_364' title='bbox 2697 1044 2892 1098; x_wconf 90' lang='lat' dir='ltr'><strong>modo:</strong></span> <span class='ocrx_word' id='word_1_365' title='bbox 2922 1057 3041 1095; x_wconf 88' lang='lat' dir='ltr'><strong>nam</strong></span> <span class='ocrx_word' id='word_1_366' title='bbox 3089 1037 3203 1092; x_wconf 82' lang='lat' dir='ltr'><strong>fieri</strong></span> <span class='ocrx_word' id='word_1_367' title='bbox 3248 1051 3351 1088; x_wconf 89' lang='lat' dir='ltr'><strong>non</strong></span> 
     </span>
    </p>
   </div>
   <div class='ocr_carea' id='block_1_45' title="bbox 1789 1128 3355 1206">
    <p class='ocr_par' dir='ltr' id='par_1_45' title="bbox 1789 1128 3355 1206">
     <span class='ocr_line' id='line_1_45' title="bbox 1789 1128 3355 1206; baseline -0.006 -19"><span class='ocrx_word' id='word_1_368' title='bbox 1789 1144 1999 1204; x_wconf 87' lang='lat' dir='ltr'><strong>p0test,</strong></span> <span class='ocrx_word' id='word_1_369' title='bbox 2035 1147 2091 1190; x_wconf 92' lang='lat' dir='ltr'><strong>ut</strong></span> <span class='ocrx_word' id='word_1_370' title='bbox 2133 1152 2201 1190; x_wconf 84' lang='lat' dir='ltr'><strong>ex</strong></span> <span class='ocrx_word' id='word_1_371' title='bbox 2235 1136 2402 1191; x_wconf 87' lang='lat' dir='ltr'><strong>nihilo</strong></span> <span class='ocrx_word' id='word_1_372' title='bbox 2431 1135 2540 1206; x_wconf 74' lang='lat'><strong>(‘27)</strong></span> <span class='ocrx_word' id='word_1_373' title='bbox 2566 1138 2630 1190; x_wconf 82' lang='lat' dir='ltr'><strong>ad</strong></span> <span class='ocrx_word' id='word_1_374' title='bbox 2675 1134 3046 1190; x_wconf 81' lang='lat' dir='ltr'><strong>exsistentiam</strong></span> <span class='ocrx_word' id='word_1_375' title='bbox 3081 1129 3263 1183; x_wconf 84' lang='lat' dir='ltr'><strong>veniat</strong></span> <span class='ocrx_word' id='word_1_376' title='bbox 3311 1128 3355 1178; x_wconf 89' lang='lat' dir='ltr'><strong>is</strong></span> 
     </span>
    </p>
   </div>
   <div class='ocr_carea' id='block_1_46' title="bbox 1789 1225 3354 1298">
    <p class='ocr_par' dir='ltr' id='par_1_46' title="bbox 1789 1225 3354 1298">
     <span class='ocr_line' id='line_1_46' title="bbox 1789 1225 3354 1298; baseline -0.004 -16"><span class='ocrx_word' id='word_1_377' title='bbox 1789 1230 1878 1298; x_wconf 91' lang='lat' dir='ltr'><strong>qui</strong></span> <span class='ocrx_word' id='word_1_378' title='bbox 1929 1232 2179 1286; x_wconf 90' lang='lat' dir='ltr'><strong>omnibus</strong></span> <span class='ocrx_word' id='word_1_379' title='bbox 2232 1233 2497 1287; x_wconf 79' lang='lat' dir='ltr'><strong>creaturis</strong></span> <span class='ocrx_word' id='word_1_380' title='bbox 2536 1232 2944 1294; x_wconf 72' lang='lat' dir='ltr'><strong>exsistentiam,</strong></span> <span class='ocrx_word' id='word_1_381' title='bbox 2997 1225 3354 1282; x_wconf 77' lang='lat' dir='ltr'><strong>rationalibus</strong></span> 
     </span>
    </p>
   </div>
   <div class='ocr_carea' id='block_1_47' title="bbox 1791 1318 3350 1393">
    <p class='ocr_par' dir='ltr' id='par_1_47' title="bbox 1791 1318 3350 1393">
     <span class='ocr_line' id='line_1_47' title="bbox 1791 1318 3350 1393; baseline -0.003 -21"><span class='ocrx_word' id='word_1_382' title='bbox 1791 1337 1919 1376; x_wconf 69' lang='lat' dir='ltr'><strong>vero</strong></span> <span class='ocrx_word' id='word_1_383' title='bbox 1967 1324 2373 1378; x_wconf 89' lang='lat' dir='ltr'><strong>subsistentiam</strong></span> <span class='ocrx_word' id='word_1_384' title='bbox 2418 1326 2596 1389; x_wconf 82' lang='lat' dir='ltr'><strong>dedit,</strong></span> <span class='ocrx_word' id='word_1_385' title='bbox 2658 1335 2817 1393; x_wconf 85' lang='lat' dir='ltr'><strong>atque</strong></span> <span class='ocrx_word' id='word_1_386' title='bbox 2852 1318 3350 1379; x_wconf 85' lang='lat' dir='ltr'><strong>immortalitatem;</strong></span> 
     </span>
    </p>
   </div>
   <div class='ocr_carea' id='block_1_48' title="bbox 1789 1411 3356 1484">
    <p class='ocr_par' dir='ltr' id='par_1_48' title="bbox 1789 1411 3356 1484">
     <span class='ocr_line' id='line_1_48' title="bbox 1789 1411 3356 1484; baseline -0.005 -19"><span class='ocrx_word' id='word_1_387' title='bbox 1789 1413 1932 1466; x_wconf 87' lang='lat' dir='ltr'><strong>nulla</strong></span> <span class='ocrx_word' id='word_1_388' title='bbox 1963 1415 2107 1468; x_wconf 90' lang='lat' dir='ltr'><strong>enim</strong></span> <span class='ocrx_word' id='word_1_389' title='bbox 2134 1424 2384 1469; x_wconf 86' lang='lat' dir='ltr'><strong>creatura</strong></span> <span class='ocrx_word' id='word_1_390' title='bbox 2423 1425 2601 1484; x_wconf 86' lang='lat' dir='ltr'><strong>potest</strong></span> <span class='ocrx_word' id='word_1_391' title='bbox 2627 1424 2718 1468; x_wconf 89' lang='lat' dir='ltr'><strong>aut</strong></span> <span class='ocrx_word' id='word_1_392' title='bbox 2759 1411 3046 1468; x_wconf 89' lang='lat' dir='ltr'><strong>essentiam</strong></span> <span class='ocrx_word' id='word_1_393' title='bbox 3078 1411 3234 1470; x_wconf 89' lang='lat' dir='ltr'><strong>dare,</strong></span> <span class='ocrx_word' id='word_1_394' title='bbox 3262 1415 3356 1460; x_wconf 91' lang='lat' dir='ltr'><strong>aut</strong></span> 
     </span>
    </p>
   </div>
   <div class='ocr_carea' id='block_1_49' title="bbox 1788 1500 3353 1574">
    <p class='ocr_par' dir='ltr' id='par_1_49' title="bbox 1788 1500 3353 1574">
     <span class='ocr_line' id='line_1_49' title="bbox 1788 1500 3353 1574; baseline -0.004 -16"><span class='ocrx_word' id='word_1_395' title='bbox 1788 1503 2244 1563; x_wconf 87' lang='lat' dir='ltr'><strong>immortalitatem</strong></span> <span class='ocrx_word' id='word_1_396' title='bbox 2268 1551 2285 1574; x_wconf 96' lang='lat'><strong>,</strong></span> <span class='ocrx_word' id='word_1_397' title='bbox 2341 1519 2434 1562; x_wconf 89' lang='lat' dir='ltr'><strong>aut</strong></span> <span class='ocrx_word' id='word_1_398' title='bbox 2472 1508 2888 1562; x_wconf 87' lang='lat' dir='ltr'><strong>rationalitatem</strong></span> <span class='ocrx_word' id='word_1_399' title='bbox 2921 1522 2936 1558; x_wconf 90' lang='lat'><strong>:</strong></span> <span class='ocrx_word' id='word_1_400' title='bbox 2969 1504 3060 1558; x_wconf 91' lang='lat' dir='ltr'><strong>sed</strong></span> <span class='ocrx_word' id='word_1_401' title='bbox 3109 1517 3174 1556; x_wconf 80' lang='lat' dir='ltr'><strong>ex</strong></span> <span class='ocrx_word' id='word_1_402' title='bbox 3228 1500 3353 1554; x_wconf 88' lang='lat' dir='ltr'><strong>sub-</strong></span> 
     </span>
    </p>
   </div>
   <div class='ocr_carea' id='block_1_50' title="bbox 1787 1590 3356 1664">
    <p class='ocr_par' dir='ltr' id='par_1_50' title="bbox 1787 1590 3356 1664">
     <span class='ocr_line' id='line_1_50' title="bbox 1787 1590 3356 1664; baseline -0.006 -14"><span class='ocrx_word' id='word_1_403' title='bbox 1787 1597 1984 1650; x_wconf 80' lang='lat' dir='ltr'><strong>Stantia</strong></span> <span class='ocrx_word' id='word_1_404' title='bbox 2017 1599 2168 1664; x_wconf 91' lang='lat' dir='ltr'><strong>auri,</strong></span> <span class='ocrx_word' id='word_1_405' title='bbox 2217 1608 2310 1653; x_wconf 87' lang='lat' dir='ltr'><strong>aut</strong></span> <span class='ocrx_word' id='word_1_406' title='bbox 2364 1599 2568 1664; x_wconf 75' lang='lat' dir='ltr'><strong>argenti</strong></span> <span class='ocrx_word' id='word_1_407' title='bbox 2595 1639 2609 1661; x_wconf 95' lang='lat'><strong>,</strong></span> <span class='ocrx_word' id='word_1_408' title='bbox 2644 1607 2737 1651; x_wconf 89' lang='lat' dir='ltr'><strong>aut</strong></span> <span class='ocrx_word' id='word_1_409' title='bbox 2766 1596 2922 1659; x_wconf 61' lang='lat' dir='ltr'><strong>aeris,</strong></span> <span class='ocrx_word' id='word_1_410' title='bbox 2953 1603 3045 1647; x_wconf 90' lang='lat' dir='ltr'><strong>aut</strong></span> <span class='ocrx_word' id='word_1_411' title='bbox 3075 1590 3238 1654; x_wconf 88' lang='lat' dir='ltr'><strong>ferri,</strong></span> <span class='ocrx_word' id='word_1_412' title='bbox 3264 1597 3356 1641; x_wconf 82' lang='lat' dir='ltr'><strong>aut</strong></span> 
     </span>
    </p>
   </div>
   <div class='ocr_carea' id='block_1_51' title="bbox 1787 1678 3353 1760">
    <p class='ocr_par' dir='ltr' id='par_1_51' title="bbox 1787 1678 3353 1760">
     <span class='ocr_line' id='line_1_51' title="bbox 1787 1678 3353 1760; baseline -0.007 -19"><span class='ocrx_word' id='word_1_413' title='bbox 1787 1687 1950 1759; x_wconf 77' lang='lat' dir='ltr'><strong>ligni,</strong></span> <span class='ocrx_word' id='word_1_414' title='bbox 1985 1698 2078 1742; x_wconf 91' lang='lat' dir='ltr'><strong>aut</strong></span> <span class='ocrx_word' id='word_1_415' title='bbox 2121 1689 2310 1760; x_wconf 89' lang='lat' dir='ltr'><strong>lapidis</strong></span> <span class='ocrx_word' id='word_1_416' title='bbox 2346 1690 2456 1760; x_wconf 88' lang='lat' dir='ltr'><strong>jam</strong></span> <span class='ocrx_word' id='word_1_417' title='bbox 2494 1706 2521 1742; x_wconf 90' lang='lat' dir='ltr'><strong>a</strong></span> <span class='ocrx_word' id='word_1_418' title='bbox 2561 1691 2669 1744; x_wconf 89' lang='lat' dir='ltr'><strong>Deo</strong></span> <span class='ocrx_word' id='word_1_419' title='bbox 2696 1703 2726 1742; x_wconf 92' lang='lat' dir='ltr'><strong>e</strong></span> <span class='ocrx_word' id='word_1_420' title='bbox 2761 1687 2927 1740; x_wconf 89' lang='lat' dir='ltr'><strong>nihilo</strong></span> <span class='ocrx_word' id='word_1_421' title='bbox 2960 1683 3217 1751; x_wconf 84' lang='lat' dir='ltr'><strong>producta</strong></span> <span class='ocrx_word' id='word_1_422' title='bbox 3242 1678 3353 1748; x_wconf 67' lang='lat'><strong>(28)</strong></span> 
     </span>
    </p>
   </div>
   <div class='ocr_carea' id='block_1_52' title="bbox 1788 1767 3354 1847">
    <p class='ocr_par' dir='ltr' id='par_1_52' title="bbox 1788 1767 3354 1847">
     <span class='ocr_line' id='line_1_52' title="bbox 1788 1767 3354 1847; baseline -0.007 -16"><span class='ocrx_word' id='word_1_423' title='bbox 1788 1776 2177 1847; x_wconf 88' lang='lat' dir='ltr'><strong>inanimatum,</strong></span> <span class='ocrx_word' id='word_1_424' title='bbox 2218 1788 2272 1835; x_wconf 90' lang='lat' dir='ltr'><strong>et</strong></span> <span class='ocrx_word' id='word_1_425' title='bbox 2323 1779 2637 1833; x_wconf 84' lang='lat' dir='ltr'><strong>irrationale</strong></span> <span class='ocrx_word' id='word_1_426' title='bbox 2685 1775 3072 1837; x_wconf 85' lang='lat' dir='ltr'><strong>simulacrum,</strong></span> <span class='ocrx_word' id='word_1_427' title='bbox 3123 1767 3354 1834; x_wconf 87' lang='lat' dir='ltr'><strong>exempli</strong></span> 
     </span>
    </p>
   </div>
   <div class='ocr_carea' id='block_1_53' title="bbox 1794 1862 3352 1941">
    <p class='ocr_par' dir='ltr' id='par_1_53' title="bbox 1794 1862 3352 1941">
     <span class='ocr_line' id='line_1_53' title="bbox 1794 1862 3352 1941; baseline -0.008 -19"><span class='ocrx_word' id='word_1_428' title='bbox 1794 1883 1977 1934; x_wconf 88' lang='lat' dir='ltr'><strong>causa,</strong></span> <span class='ocrx_word' id='word_1_429' title='bbox 2014 1871 2247 1941; x_wconf 76' lang='lat' dir='ltr'><strong>efﬁngit,</strong></span> <span class='ocrx_word' id='word_1_430' title='bbox 2281 1880 2373 1924; x_wconf 88' lang='lat' dir='ltr'><strong>aut</strong></span> <span class='ocrx_word' id='word_1_431' title='bbox 2407 1870 2608 1939; x_wconf 87' lang='lat' dir='ltr'><strong>aliquid</strong></span> <span class='ocrx_word' id='word_1_432' title='bbox 2638 1869 2784 1933; x_wconf 82' lang='lat' dir='ltr'><strong>aliud</strong></span> <span class='ocrx_word' id='word_1_433' title='bbox 2817 1886 2830 1922; x_wconf 93' lang='lat'>:</span> <span class='ocrx_word' id='word_1_434' title='bbox 2859 1866 2966 1935; x_wconf 82' lang='lat'><strong>20</strong></span> <span class='ocrx_word' id='word_1_435' title='bbox 2997 1862 3352 1918; x_wconf 87' lang='lat' dir='ltr'><strong>substantiam</strong></span> 
     </span>
    </p>
   </div>
   <div class='ocr_carea' id='block_1_54' title="bbox 1789 1958 3358 2032">
    <p class='ocr_par' dir='ltr' id='par_1_54' title="bbox 1789 1958 3358 2032">
     <span class='ocr_line' id='line_1_54' title="bbox 1789 1958 3358 2032; baseline -0.007 -17"><span class='ocrx_word' id='word_1_436' title='bbox 1789 1977 1917 2016; x_wconf 84' lang='lat' dir='ltr'><strong>vero</strong></span> <span class='ocrx_word' id='word_1_437' title='bbox 1929 1978 2032 2016; x_wconf 90' lang='lat' dir='ltr'><strong>non</strong></span> <span class='ocrx_word' id='word_1_438' title='bbox 2058 1963 2404 2017; x_wconf 79' lang='lat' dir='ltr'><strong>exsistentem</strong></span> <span class='ocrx_word' id='word_1_439' title='bbox 2421 1963 2733 2032; x_wconf 71' lang='lat' dir='ltr'><strong>producere,</strong></span> <span class='ocrx_word' id='word_1_440' title='bbox 2751 1968 2842 2013; x_wconf 91' lang='lat' dir='ltr'><strong>aut</strong></span> <span class='ocrx_word' id='word_1_441' title='bbox 2862 1958 3246 2018; x_wconf 88' lang='lat' dir='ltr'><strong>animatam,et</strong></span> <span class='ocrx_word' id='word_1_442' title='bbox 3269 1968 3358 2005; x_wconf 91' lang='lat' dir='ltr'><strong>ra-</strong></span> 
     </span>
    </p>
   </div>
   <div class='ocr_carea' id='block_1_55' title="bbox 1794 2040 3353 2114">
    <p class='ocr_par' dir='ltr' id='par_1_55' title="bbox 1794 2040 3353 2114">
     <span class='ocr_line' id='line_1_55' title="bbox 1794 2040 3353 2114; baseline -0.003 -13"><span class='ocrx_word' id='word_1_443' title='bbox 1794 2047 2042 2101; x_wconf 88' lang='lat' dir='ltr'><strong>tionalem</strong></span> <span class='ocrx_word' id='word_1_444' title='bbox 2071 2049 2268 2111; x_wconf 87' lang='lat' dir='ltr'><strong>facere,</strong></span> <span class='ocrx_word' id='word_1_445' title='bbox 2295 2050 2492 2105; x_wconf 70' lang='lat' dir='ltr'><strong>divina:</strong></span> <span class='ocrx_word' id='word_1_446' title='bbox 2514 2049 2779 2103; x_wconf 84' lang='lat' dir='ltr'><strong>duntaxat</strong></span> <span class='ocrx_word' id='word_1_447' title='bbox 2798 2043 3186 2114; x_wconf 87' lang='lat' dir='ltr'><strong>omnipotentis</strong></span> <span class='ocrx_word' id='word_1_448' title='bbox 3214 2040 3353 2110; x_wconf 70' lang='lat'><strong>(29),</strong></span> 
     </span>
    </p>
   </div>
   <div class='ocr_carea' id='block_1_56' title="bbox 1789 2133 3351 2208">
    <p class='ocr_par' dir='ltr' id='par_1_56' title="bbox 1789 2133 3351 2208">
     <span class='ocr_line' id='line_1_56' title="bbox 1789 2133 3351 2208; baseline -0.006 -16"><span class='ocrx_word' id='word_1_449' title='bbox 1789 2147 1950 2205; x_wconf 82' lang='lat' dir='ltr'><strong>atque</strong></span> <span class='ocrx_word' id='word_1_450' title='bbox 1997 2140 2156 2194; x_wconf 91' lang='lat' dir='ltr'><strong>unius</strong></span> <span class='ocrx_word' id='word_1_451' title='bbox 2208 2149 2262 2194; x_wconf 90' lang='lat' dir='ltr'><strong>et</strong></span> <span class='ocrx_word' id='word_1_452' title='bbox 2301 2155 2398 2208; x_wconf 89' lang='lat' dir='ltr'><strong>per</strong></span> <span class='ocrx_word' id='word_1_453' title='bbox 2427 2157 2487 2194; x_wconf 89' lang='lat' dir='ltr'><strong>se</strong></span> <span class='ocrx_word' id='word_1_454' title='bbox 2521 2139 2773 2208; x_wconf 76' lang='lat' dir='ltr'><strong>perfectae</strong></span> <span class='ocrx_word' id='word_1_455' title='bbox 2822 2148 3028 2192; x_wconf 71' lang='lat' dir='ltr'><strong>natura:</strong></span> <span class='ocrx_word' id='word_1_456' title='bbox 3076 2133 3351 2205; x_wconf 90' lang='lat' dir='ltr'><strong>proprium</strong></span> 
     </span>
    </p>
   </div>
   <div class='ocr_carea' id='block_1_57' title="bbox 1790 2225 3358 2299">
    <p class='ocr_par' dir='ltr' id='par_1_57' title="bbox 1790 2225 3358 2299">
     <span class='ocr_line' id='line_1_57' title="bbox 1790 2225 3358 2299; baseline -0.002 -19"><span class='ocrx_word' id='word_1_457' title='bbox 1790 2237 1905 2293; x_wconf 92' lang='lat' dir='ltr'><strong>est,</strong></span> <span class='ocrx_word' id='word_1_458' title='bbox 1941 2230 2099 2296; x_wconf 87' lang='lat' dir='ltr'><strong>eique</strong></span> <span class='ocrx_word' id='word_1_459' title='bbox 2133 2230 2231 2284; x_wconf 84' lang='lat' dir='ltr'><strong>soli</strong></span> <span class='ocrx_word' id='word_1_460' title='bbox 2285 2231 2556 2286; x_wconf 76' lang='lat' dir='ltr'><strong>convenit.</strong></span> <span class='ocrx_word' id='word_1_461' title='bbox 2601 2229 2746 2283; x_wconf 85' lang='lat' dir='ltr'><strong>Fecit</strong></span> <span class='ocrx_word' id='word_1_462' title='bbox 2782 2229 2893 2299; x_wconf 75' lang='grc'><strong>(50)</strong></span> <span class='ocrx_word' id='word_1_463' title='bbox 2933 2239 3110 2282; x_wconf 86' lang='lat' dir='ltr'><strong>autem</strong></span> <span class='ocrx_word' id='word_1_464' title='bbox 3151 2240 3246 2295; x_wconf 87' lang='lat' dir='ltr'><strong>per</strong></span> <span class='ocrx_word' id='word_1_465' title='bbox 3276 2225 3358 2294; x_wconf 91' lang='lat' dir='ltr'><strong>ip-</strong></span> 
     </span>
    </p>
   </div>
   <div class='ocr_carea' id='block_1_58' title="bbox 1791 2318 3360 2390">
    <p class='ocr_par' dir='ltr' id='par_1_58' title="bbox 1791 2318 3360 2390">
     <span class='ocr_line' id='line_1_58' title="bbox 1791 2318 3360 2390; baseline -0.004 -17"><span class='ocrx_word' id='word_1_466' title='bbox 1791 2333 1906 2373; x_wconf 91' lang='lat' dir='ltr'><strong>sum</strong></span> <span class='ocrx_word' id='word_1_467' title='bbox 1939 2319 2116 2382; x_wconf 86' lang='lat' dir='ltr'><strong>Pater,</strong></span> <span class='ocrx_word' id='word_1_468' title='bbox 2151 2321 2291 2374; x_wconf 75' lang='lat' dir='ltr'><strong>sicut</strong></span> <span class='ocrx_word' id='word_1_469' title='bbox 2323 2320 2412 2374; x_wconf 82' lang='lat' dir='ltr'><strong>lux</strong></span> <span class='ocrx_word' id='word_1_470' title='bbox 2443 2337 2537 2388; x_wconf 88' lang='lat' dir='ltr'><strong>per</strong></span> <span class='ocrx_word' id='word_1_471' title='bbox 2571 2321 2844 2390; x_wconf 79' lang='lat' dir='ltr'><strong>prepriutu</strong></span> <span class='ocrx_word' id='word_1_472' title='bbox 2884 2318 3258 2388; x_wconf 89' lang='lat' dir='ltr'><strong>splendorem,</strong></span> <span class='ocrx_word' id='word_1_473' title='bbox 3303 2323 3360 2367; x_wconf 88' lang='lat' dir='ltr'><strong>et.</strong></span> 
     </span>
    </p>
   </div>
   <div class='ocr_carea' id='block_1_59' title="bbox 1791 2411 3356 2482">
    <p class='ocr_par' dir='ltr' id='par_1_59' title="bbox 1791 2411 3356 2482">
     <span class='ocr_line' id='line_1_59' title="bbox 1791 2411 3356 2482; baseline -0.002 -19"><span class='ocrx_word' id='word_1_474' title='bbox 1791 2411 1929 2464; x_wconf 87' lang='lat' dir='ltr'><strong>sicut</strong></span> <span class='ocrx_word' id='word_1_475' title='bbox 1956 2429 2106 2466; x_wconf 89' lang='lat' dir='ltr'><strong>mens</strong></span> <span class='ocrx_word' id='word_1_476' title='bbox 2152 2429 2248 2482; x_wconf 90' lang='lat' dir='ltr'><strong>per</strong></span> <span class='ocrx_word' id='word_1_477' title='bbox 2284 2415 2566 2467; x_wconf 83' lang='lat' dir='ltr'><strong>rationem.</strong></span> <span class='ocrx_word' id='word_1_478' title='bbox 2614 2413 2776 2475; x_wconf 89' lang='lat' dir='ltr'><strong>Illud,</strong></span> <span class='ocrx_word' id='word_1_479' title='bbox 2812 2412 2880 2465; x_wconf 82' lang='lat' dir='ltr'><strong>In</strong></span> <span class='ocrx_word' id='word_1_480' title='bbox 2909 2415 3018 2481; x_wconf 83' lang='lat' dir='ltr'><strong>ipso</strong></span> <span class='ocrx_word' id='word_1_481' title='bbox 3063 2411 3170 2463; x_wconf 85' lang='lat' dir='ltr'><strong>vita</strong></span> <span class='ocrx_word' id='word_1_482' title='bbox 3219 2417 3356 2472; x_wconf 84' lang='lat' dir='ltr'><strong>erat,</strong></span> 
     </span>
    </p>
   </div>
   <div class='ocr_carea' id='block_1_60' title="bbox 1793 2502 3354 2574">
    <p class='ocr_par' dir='ltr' id='par_1_60' title="bbox 1793 2502 3354 2574">
     <span class='ocr_line' id='line_1_60' title="bbox 1793 2502 3354 2574; baseline -0.003 -18"><span class='ocrx_word' id='word_1_483' title='bbox 1793 2517 1891 2558; x_wconf 91' lang='lat' dir='ltr'><strong>nos</strong></span> <span class='ocrx_word' id='word_1_484' title='bbox 1935 2503 2154 2572; x_wconf 89' lang='lat' dir='ltr'><strong>insuper</strong></span> <span class='ocrx_word' id='word_1_485' title='bbox 2208 2507 2428 2572; x_wconf 83' lang='lat' dir='ltr'><strong>edocet,</strong></span> <span class='ocrx_word' id='word_1_486' title='bbox 2476 2507 2647 2574; x_wconf 88' lang='lat' dir='ltr'><strong>ipsum</strong></span> <span class='ocrx_word' id='word_1_487' title='bbox 2685 2519 2804 2559; x_wconf 90' lang='lat' dir='ltr'><strong>esse</strong></span> <span class='ocrx_word' id='word_1_488' title='bbox 2829 2505 2896 2558; x_wconf 88' lang='lat' dir='ltr'><strong>ab</strong></span> <span class='ocrx_word' id='word_1_489' title='bbox 2924 2515 3127 2558; x_wconf 61' lang='lat' dir='ltr'><strong>aeterno</strong></span> <span class='ocrx_word' id='word_1_490' title='bbox 3166 2502 3354 2566; x_wconf 85' lang='lat' dir='ltr'><strong>vitam,</strong></span> 
     </span>
    </p>
   </div>
   <div class='ocr_carea' id='block_1_61' title="bbox 1793 2595 3356 2666">
    <p class='ocr_par' dir='ltr' id='par_1_61' title="bbox 1793 2595 3356 2666">
     <span class='ocr_line' id='line_1_61' title="bbox 1793 2595 3356 2666; baseline -0.001 -20"><span class='ocrx_word' id='word_1_491' title='bbox 1793 2608 1914 2646; x_wconf 86' lang='lat' dir='ltr'><strong>cum</strong></span> <span class='ocrx_word' id='word_1_492' title='bbox 1949 2595 2018 2648; x_wconf 87' lang='lat' dir='ltr'><strong>sit</strong></span> <span class='ocrx_word' id='word_1_493' title='bbox 2049 2595 2188 2649; x_wconf 89' lang='lat' dir='ltr'><strong>illius</strong></span> <span class='ocrx_word' id='word_1_494' title='bbox 2209 2633 2225 2658; x_wconf 89' lang='lat'><strong>,</strong></span> <span class='ocrx_word' id='word_1_495' title='bbox 2263 2611 2380 2666; x_wconf 69' lang='lat' dir='ltr'><strong>quae</strong></span> <span class='ocrx_word' id='word_1_496' title='bbox 2409 2611 2510 2648; x_wconf 89' lang='lat' dir='ltr'><strong>una</strong></span> <span class='ocrx_word' id='word_1_497' title='bbox 2541 2605 2624 2649; x_wconf 91' lang='lat' dir='ltr'><strong>est</strong></span> <span class='ocrx_word' id='word_1_498' title='bbox 2645 2634 2660 2659; x_wconf 94' lang='lat'><strong>,</strong></span> <span class='ocrx_word' id='word_1_499' title='bbox 2702 2609 2766 2648; x_wconf 89' lang='lat' dir='ltr'><strong>ac</strong></span> <span class='ocrx_word' id='word_1_500' title='bbox 2805 2608 3052 2662; x_wconf 91' lang='lat' dir='ltr'><strong>suprema</strong></span> <span class='ocrx_word' id='word_1_501' title='bbox 3080 2633 3095 2656; x_wconf 98' lang='lat'><strong>,</strong></span> <span class='ocrx_word' id='word_1_502' title='bbox 3127 2599 3356 2655; x_wconf 70' lang='lat' dir='ltr'><strong>naturai,</strong></span> 
     </span>
    </p>
   </div>
   <div class='ocr_carea' id='block_1_62' title="bbox 1791 2681 3356 2754">
    <p class='ocr_par' dir='ltr' id='par_1_62' title="bbox 1791 2681 3356 2754">
     <span class='ocr_line' id='line_1_62' title="bbox 1791 2681 3356 2754; baseline -0.001 -20"><span class='ocrx_word' id='word_1_503' title='bbox 1791 2699 1845 2738; x_wconf 86' lang='lat' dir='ltr'><strong>et</strong></span> <span class='ocrx_word' id='word_1_504' title='bbox 1877 2700 2214 2754; x_wconf 83' lang='lat' dir='ltr'><strong>nequaquam</strong></span> <span class='ocrx_word' id='word_1_505' title='bbox 2263 2701 2384 2739; x_wconf 90' lang='lat' dir='ltr'><strong>eum</strong></span> <span class='ocrx_word' id='word_1_506' title='bbox 2443 2699 2566 2740; x_wconf 87' lang='lat' dir='ltr'><strong>esse</strong></span> <span class='ocrx_word' id='word_1_507' title='bbox 2625 2701 2790 2738; x_wconf 91' lang='lat' dir='ltr'><strong>unum</strong></span> <span class='ocrx_word' id='word_1_508' title='bbox 2835 2699 2902 2739; x_wconf 83' lang='lat' dir='ltr'><strong>ex</strong></span> <span class='ocrx_word' id='word_1_509' title='bbox 2942 2682 3191 2737; x_wconf 81' lang='lat' dir='ltr'><strong>omnibus</strong></span> <span class='ocrx_word' id='word_1_510' title='bbox 3220 2681 3356 2749; x_wconf 75' lang='grc'>(51),</span> 
     </span>
    </p>
   </div>
   <div class='ocr_carea' id='block_1_63' title="bbox 1793 2777 3353 2847">
    <p class='ocr_par' dir='ltr' id='par_1_63' title="bbox 1793 2777 3353 2847">
     <span class='ocr_line' id='line_1_63' title="bbox 1793 2777 3353 2847; baseline 0.001 -17"><span class='ocrx_word' id='word_1_511' title='bbox 1793 2792 1912 2830; x_wconf 90' lang='lat' dir='ltr'><strong>cum</strong></span> <span class='ocrx_word' id='word_1_512' title='bbox 1950 2777 2021 2830; x_wconf 92' lang='lat' dir='ltr'><strong>sit</strong></span> <span class='ocrx_word' id='word_1_513' title='bbox 2061 2793 2220 2830; x_wconf 90' lang='lat' dir='ltr'><strong>causa</strong></span> <span class='ocrx_word' id='word_1_514' title='bbox 2264 2793 2450 2831; x_wconf 90' lang='lat' dir='ltr'><strong>eorum</strong></span> <span class='ocrx_word' id='word_1_515' title='bbox 2485 2793 2605 2847; x_wconf 71' lang='lat' dir='ltr'><strong>qua:</strong></span> <span class='ocrx_word' id='word_1_516' title='bbox 2645 2790 2787 2832; x_wconf 91' lang='lat' dir='ltr'><strong>sunt.</strong></span> <span class='ocrx_word' id='word_1_517' title='bbox 2839 2780 3006 2847; x_wconf 87' lang='lat' dir='ltr'><strong>Quam</strong></span> <span class='ocrx_word' id='word_1_518' title='bbox 3034 2779 3104 2831; x_wconf 91' lang='lat' dir='ltr'><strong>ob</strong></span> <span class='ocrx_word' id='word_1_519' title='bbox 3134 2791 3353 2831; x_wconf 86' lang='lat' dir='ltr'><strong>causam</strong></span> 
     </span>
    </p>
   </div>
   <div class='ocr_carea' id='block_1_64' title="bbox 1792 2867 3354 2940">
    <p class='ocr_par' dir='ltr' id='par_1_64' title="bbox 1792 2867 3354 2940">
     <span class='ocr_line' id='line_1_64' title="bbox 1792 2867 3354 2940; baseline 0.002 -20"><span class='ocrx_word' id='word_1_520' title='bbox 1792 2867 1906 2937; x_wconf 91' lang='lat' dir='ltr'><strong>ipse</strong></span> <span class='ocrx_word' id='word_1_521' title='bbox 1933 2868 2094 2922; x_wconf 86' lang='lat' dir='ltr'><strong>etiam</strong></span> <span class='ocrx_word' id='word_1_522' title='bbox 2125 2867 2299 2936; x_wconf 86' lang='lat' dir='ltr'><strong>inquit</strong></span> <span class='ocrx_word' id='word_1_523' title='bbox 2326 2886 2341 2924; x_wconf 92' lang='lat'><strong>:</strong></span> <span class='ocrx_word' id='word_1_524' title='bbox 2373 2867 2482 2939; x_wconf 83' lang='lat' dir='ltr'><strong>Ego</strong></span> <span class='ocrx_word' id='word_1_525' title='bbox 2505 2886 2620 2922; x_wconf 87' lang='lat' dir='ltr'><strong>sum</strong></span> <span class='ocrx_word' id='word_1_526' title='bbox 2652 2871 2790 2934; x_wconf 82' lang='lat' dir='ltr'><strong>vita;</strong></span> <span class='ocrx_word' id='word_1_527' title='bbox 2822 2887 2914 2940; x_wconf 87' lang='lat' dir='ltr'><strong>ego</strong></span> <span class='ocrx_word' id='word_1_528' title='bbox 2946 2887 3063 2924; x_wconf 89' lang='lat' dir='ltr'><strong>sum</strong></span> <span class='ocrx_word' id='word_1_529' title='bbox 3096 2870 3188 2923; x_wconf 74' lang='lat' dir='ltr'><strong>lux</strong></span> <span class='ocrx_word' id='word_1_530' title='bbox 3219 2869 3354 2940; x_wconf 73' lang='lat'><strong>(32).</strong></span> 
     </span>
    </p>
   </div>
   <div class='ocr_carea' id='block_1_65' title="bbox 1793 2957 3357 3033">
    <p class='ocr_par' dir='ltr' id='par_1_65' title="bbox 1793 2957 3357 3033">
     <span class='ocr_line' id='line_1_65' title="bbox 1793 2957 3357 3033; baseline 0.003 -22"><span class='ocrx_word' id='word_1_531' title='bbox 1793 2957 2028 3014; x_wconf 89' lang='lat' dir='ltr'><strong>Dicendo</strong></span> <span class='ocrx_word' id='word_1_532' title='bbox 2050 2972 2227 3015; x_wconf 88' lang='lat' dir='ltr'><strong>autem</strong></span> <span class='ocrx_word' id='word_1_533' title='bbox 2255 2970 2362 3016; x_wconf 88' lang='lat' dir='ltr'><strong>tam</strong></span> <span class='ocrx_word' id='word_1_534' title='bbox 2395 2977 2555 3030; x_wconf 67' lang='lat' dir='ltr'><strong>saepe,</strong></span> <span class='ocrx_word' id='word_1_535' title='bbox 2587 2971 2695 3016; x_wconf 87' lang='lat' dir='ltr'><strong>erat</strong></span> <span class='ocrx_word' id='word_1_536' title='bbox 2716 3001 2731 3026; x_wconf 92' lang='lat'><strong>,</strong></span> <span class='ocrx_word' id='word_1_537' title='bbox 2766 2962 2911 3033; x_wconf 80' lang='lat' dir='ltr'><strong>large</strong></span> <span class='ocrx_word' id='word_1_538' title='bbox 2939 2964 3111 3028; x_wconf 91' lang='lat' dir='ltr'><strong>nobis,</strong></span> <span class='ocrx_word' id='word_1_539' title='bbox 3144 2979 3206 3017; x_wconf 92' lang='lat' dir='ltr'><strong>ac</strong></span> <span class='ocrx_word' id='word_1_540' title='bbox 3229 2979 3357 3032; x_wconf 88' lang='lat' dir='ltr'><strong>pro-</strong></span> 
     </span>
    </p>
   </div>
   <div class='ocr_carea' id='block_1_66' title="bbox 1793 3049 3355 3124">
    <p class='ocr_par' dir='ltr' id='par_1_66' title="bbox 1793 3049 3355 3124">
     <span class='ocr_line' id='line_1_66' title="bbox 1793 3049 3355 3124; baseline 0.003 -21"><span class='ocrx_word' id='word_1_541' title='bbox 1793 3049 1899 3103; x_wconf 79' lang='lat' dir='ltr'><strong>lixe</strong></span> <span class='ocrx_word' id='word_1_542' title='bbox 1947 3052 2254 3106; x_wconf 82' lang='lat' dir='ltr'><strong>teStimonia</strong></span> <span class='ocrx_word' id='word_1_543' title='bbox 2310 3054 2616 3122; x_wconf 87' lang='lat' dir='ltr'><strong>suppeditat</strong></span> <span class='ocrx_word' id='word_1_544' title='bbox 2658 3052 2926 3120; x_wconf 85' lang='lat' dir='ltr'><strong>Joannes,</strong></span> <span class='ocrx_word' id='word_1_545' title='bbox 2983 3056 3180 3124; x_wconf 89' lang='lat' dir='ltr'><strong>quibus</strong></span> <span class='ocrx_word' id='word_1_546' title='bbox 3233 3053 3355 3108; x_wconf 87' lang='lat' dir='ltr'><strong>Filii</strong></span> 
     </span>
    </p>
   </div>
   <div class='ocr_carea' id='block_1_67' title="bbox 1793 3141 3357 3215">
    <p class='ocr_par' dir='ltr' id='par_1_67' title="bbox 1793 3141 3357 3215">
     <span class='ocr_line' id='line_1_67' title="bbox 1793 3141 3357 3215; baseline 0.002 -19"><span class='ocrx_word' id='word_1_547' title='bbox 1793 3142 2070 3196; x_wconf 71' lang='lat' dir='ltr'><strong>aeternitas</strong></span> <span class='ocrx_word' id='word_1_548' title='bbox 2115 3141 2463 3197; x_wconf 88' lang='lat' dir='ltr'><strong>confirmetur</strong></span> <span class='ocrx_word' id='word_1_549' title='bbox 2497 3163 2512 3198; x_wconf 92' lang='lat'><strong>:</strong></span> <span class='ocrx_word' id='word_1_550' title='bbox 2554 3153 2611 3196; x_wconf 93' lang='lat' dir='ltr'><strong>ut</strong></span> <span class='ocrx_word' id='word_1_551' title='bbox 2636 3147 2894 3199; x_wconf 89' lang='lat' dir='ltr'><strong>continuo</strong></span> <span class='ocrx_word' id='word_1_552' title='bbox 2942 3145 3056 3215; x_wconf 81' lang='lat' dir='ltr'><strong>ejus</strong></span> <span class='ocrx_word' id='word_1_553' title='bbox 3085 3146 3231 3200; x_wconf 84' lang='lat' dir='ltr'><strong>vocis</strong></span> <span class='ocrx_word' id='word_1_554' title='bbox 3257 3163 3357 3199; x_wconf 90' lang='lat' dir='ltr'><strong>usu</strong></span> 
     </span>
    </p>
   </div>
   <div class='ocr_carea' id='block_1_68' title="bbox 1793 3232 3354 3301">
    <p class='ocr_par' dir='ltr' id='par_1_68' title="bbox 1793 3232 3354 3301">
     <span class='ocr_line' id='line_1_68' title="bbox 1793 3232 3354 3301; baseline 0.004 -16"><span class='ocrx_word' id='word_1_555' title='bbox 1793 3241 1885 3286; x_wconf 92' lang='lat' dir='ltr'><strong>aut</strong></span> <span class='ocrx_word' id='word_1_556' title='bbox 1912 3232 2103 3286; x_wconf 88' lang='lat' dir='ltr'><strong>surdas</strong></span> <span class='ocrx_word' id='word_1_557' title='bbox 2143 3233 2520 3288; x_wconf 64' lang='lat' dir='ltr'><strong>haereticorum</strong></span> <span class='ocrx_word' id='word_1_558' title='bbox 2552 3250 2710 3289; x_wconf 86' lang='lat' dir='ltr'><strong>aures</strong></span> <span class='ocrx_word' id='word_1_559' title='bbox 2738 3236 2986 3301; x_wconf 80' lang='lat' dir='ltr'><strong>aperiat,</strong></span> <span class='ocrx_word' id='word_1_560' title='bbox 3032 3247 3124 3288; x_wconf 88' lang='lat' dir='ltr'><strong>aut</strong></span> <span class='ocrx_word' id='word_1_561' title='bbox 3175 3237 3354 3292; x_wconf 87' lang='lat' dir='ltr'><strong>nullus</strong></span> 
     </span>
    </p>
   </div>
   <div class='ocr_carea' id='block_1_69' title="bbox 1792 3324 3358 3396">
    <p class='ocr_par' dir='ltr' id='par_1_69' title="bbox 1792 3324 3358 3396">
     <span class='ocr_line' id='line_1_69' title="bbox 1792 3324 3358 3396; baseline 0.004 -18"><span class='ocrx_word' id='word_1_562' title='bbox 1792 3325 1924 3394; x_wconf 87' lang='lat' dir='ltr'><strong>ipsis</strong></span> <span class='ocrx_word' id='word_1_563' title='bbox 1963 3327 2137 3393; x_wconf 89' lang='lat' dir='ltr'><strong>quoad</strong></span> <span class='ocrx_word' id='word_1_564' title='bbox 2177 3324 2460 3380; x_wconf 80' lang='lat' dir='ltr'><strong>formulam</strong></span> <span class='ocrx_word' id='word_1_565' title='bbox 2509 3327 2692 3391; x_wconf 83' lang='lat' dir='ltr'><strong>illam,</strong></span> <span class='ocrx_word' id='word_1_566' title='bbox 2729 3327 3026 3396; x_wconf 81' lang='lat' dir='ltr'><strong>Aliquando</strong></span> <span class='ocrx_word' id='word_1_567' title='bbox 3074 3346 3174 3382; x_wconf 87' lang='lat' dir='ltr'><strong>non</strong></span> <span class='ocrx_word' id='word_1_568' title='bbox 3221 3341 3358 3393; x_wconf 86' lang='lat' dir='ltr'><strong>erat,</strong></span> 
     </span>
    </p>
   </div>
   <div class='ocr_carea' id='block_1_70' title="bbox 1794 3418 3357 3488">
    <p class='ocr_par' dir='ltr' id='par_1_70' title="bbox 1794 3418 3357 3488">
     <span class='ocr_line' id='line_1_70' title="bbox 1794 3418 3357 3488; baseline 0.004 -18"><span class='ocrx_word' id='word_1_569' title='bbox 1794 3426 2088 3485; x_wconf 76' lang='lat' dir='ltr'><strong>prtetextus</strong></span> <span class='ocrx_word' id='word_1_570' title='bbox 2123 3418 2476 3486; x_wconf 89' lang='lat' dir='ltr'><strong>relinquatur,</strong></span> <span class='ocrx_word' id='word_1_571' title='bbox 2505 3434 2613 3487; x_wconf 91' lang='lat' dir='ltr'><strong>quo</strong></span> <span class='ocrx_word' id='word_1_572' title='bbox 2647 3434 2704 3473; x_wconf 91' lang='lat' dir='ltr'><strong>se</strong></span> <span class='ocrx_word' id='word_1_573' title='bbox 2742 3421 2796 3473; x_wconf 91' lang='lat' dir='ltr'><strong>in</strong></span> <span class='ocrx_word' id='word_1_574' title='bbox 2835 3419 3008 3474; x_wconf 85' lang='lat' dir='ltr'><strong>futura</strong></span> <span class='ocrx_word' id='word_1_575' title='bbox 3039 3423 3357 3488; x_wconf 84' lang='lat' dir='ltr'><strong>universali,</strong></span> 
     </span>
    </p>
   </div>
   <div class='ocr_carea' id='block_1_71' title="bbox 163 3507 3358 3587">
    <p class='ocr_par' dir='ltr' id='par_1_71' title="bbox 163 3507 3358 3587">
     <span class='ocr_line' id='line_1_71' title="bbox 163 3507 3358 3587; baseline 0.002 -26"><span class='ocrx_word' id='word_1_576' title='bbox 163 3518 291 3577; x_wconf 83' lang='lat' dir='ltr'><strong>atque</strong></span> <span class='ocrx_word' id='word_1_577' title='bbox 318 3510 590 3565; x_wconf 83' lang='lat' dir='ltr'><strong>inevitabili</strong></span> <span class='ocrx_word' id='word_1_578' title='bbox 627 3508 900 3579; x_wconf 76' lang='lat' dir='ltr'><strong>agnitione</strong></span> <span class='ocrx_word' id='word_1_579' title='bbox 936 3507 1049 3578; x_wconf 78' lang='lat'><strong>(53)</strong></span> <span class='ocrx_word' id='word_1_580' title='bbox 1082 3517 1362 3587; x_wconf 66' lang='lat' dir='ltr'><strong>tueantur.</strong></span> <span class='ocrx_word' id='word_1_581' title='bbox 1387 3509 1554 3575; x_wconf 89' lang='lat' dir='ltr'><strong>Illud,</strong></span> <span class='ocrx_word' id='word_1_582' title='bbox 1599 3509 1670 3564; x_wconf 85' lang='lat' dir='ltr'><strong>Et</strong></span> <span class='ocrx_word' id='word_1_583' title='bbox 1709 3511 1814 3566; x_wconf 84' lang='lat' dir='ltr'><strong>vita</strong></span> <span class='ocrx_word' id='word_1_584' title='bbox 1870 3519 1982 3566; x_wconf 89' lang='lat' dir='ltr'><strong>erat</strong></span> <span class='ocrx_word' id='word_1_585' title='bbox 2022 3511 2114 3565; x_wconf 77' lang='lat' dir='ltr'><strong>lux</strong></span> <span class='ocrx_word' id='word_1_586' title='bbox 2154 3511 2423 3565; x_wconf 80' lang='lat' dir='ltr'><strong>hominum</strong></span> <span class='ocrx_word' id='word_1_587' title='bbox 2451 3551 2466 3576; x_wconf 93' lang='lat'><strong>,</strong></span> <span class='ocrx_word' id='word_1_588' title='bbox 2513 3512 2700 3566; x_wconf 87' lang='lat' dir='ltr'><strong>eadem</strong></span> <span class='ocrx_word' id='word_1_589' title='bbox 2755 3528 2944 3567; x_wconf 87' lang='lat' dir='ltr'><strong>rursus</strong></span> <span class='ocrx_word' id='word_1_590' title='bbox 3000 3514 3198 3568; x_wconf 87' lang='lat' dir='ltr'><strong>docet:</strong></span> <span class='ocrx_word' id='word_1_591' title='bbox 3257 3516 3358 3568; x_wconf 84' lang='lat' dir='ltr'><strong>hoc</strong></span> 
     </span>
    </p>
   </div>
   <div class='ocr_carea' id='block_1_72' title="bbox 218 3645 1682 3720">
    <p class='ocr_par' dir='ltr' id='par_1_72' title="bbox 218 3645 1682 3720">
     <span class='ocr_line' id='line_1_72' title="bbox 218 3645 1682 3720; baseline 0.001 -18"><span class='ocrx_word' id='word_1_592' title='bbox 218 3649 309 3720; x_wconf 74' lang='lat'><strong>(26)</strong></span> <span class='ocrx_word' id='word_1_593' title='bbox 339 3649 449 3720; x_wconf 81' lang='lat' dir='ltr'><strong>Non</strong></span> <span class='ocrx_word' id='word_1_594' title='bbox 481 3649 662 3702; x_wconf 80' lang='lat' dir='ltr'><strong>modo.</strong></span> <span class='ocrx_word' id='word_1_595' title='bbox 694 3645 1040 3720; x_wconf 32' lang='lat' dir='ltr'><strong>Obserya‘nda</strong></span> <span class='ocrx_word' id='word_1_596' title='bbox 1080 3661 1182 3701; x_wconf 83' lang='lat' dir='ltr'><strong>vox</strong></span> <span class='ocrx_word' id='word_1_597' title='bbox 1234 3649 1534 3718; x_wconf 84' lang='grc' dir='ltr'>μονονουχί,</span> <span class='ocrx_word' id='word_1_598' title='bbox 1564 3665 1682 3719; x_wconf 77' lang='lat' dir='ltr'><strong>qute</strong></span> 
     </span>
    </p>
   </div>
   <div class='ocr_carea' id='block_1_73' title="bbox 165 3715 1680 3787">
    <p class='ocr_par' dir='ltr' id='par_1_73' title="bbox 165 3715 1680 3787">
     <span class='ocr_line' id='line_1_73' title="bbox 165 3715 1680 3787; baseline 0.003 -17"><span class='ocrx_word' id='word_1_599' title='bbox 165 3715 250 3779; x_wconf 71' lang='lat' dir='ltr'><strong>hic,</strong></span> <span class='ocrx_word' id='word_1_600' title='bbox 277 3730 327 3772; x_wconf 90' lang='lat' dir='ltr'><strong>ut</strong></span> <span class='ocrx_word' id='word_1_601' title='bbox 355 3719 471 3773; x_wconf 82' lang='lat' dir='ltr'><strong>alibi</strong></span> <span class='ocrx_word' id='word_1_602' title='bbox 494 3732 715 3787; x_wconf 88' lang='lat' dir='ltr'><strong>quoque</strong></span> <span class='ocrx_word' id='word_1_603' title='bbox 746 3716 884 3783; x_wconf 90' lang='lat' dir='ltr'><strong>apud</strong></span> <span class='ocrx_word' id='word_1_604' title='bbox 919 3715 1351 3786; x_wconf 54' lang='lat' dir='ltr'><strong>Didymum,&#39;non</strong></span> <span class='ocrx_word' id='word_1_605' title='bbox 1387 3715 1509 3772; x_wconf 78' lang='lat' dir='ltr'><strong>raro</strong></span> <span class='ocrx_word' id='word_1_606' title='bbox 1540 3715 1680 3774; x_wconf 81' lang='lat' dir='ltr'><strong>idem</strong></span> 
     </span>
    </p>
   </div>
   <div class='ocr_carea' id='block_1_74' title="bbox 163 3787 1681 3854">
    <p class='ocr_par' dir='ltr' id='par_1_74' title="bbox 163 3787 1681 3854">
     <span class='ocr_line' id='line_1_74' title="bbox 163 3787 1681 3854; baseline 0.003 -16"><span class='ocrx_word' id='word_1_607' title='bbox 163 3789 276 3842; x_wconf 74' lang='lat' dir='ltr'><strong>valet</strong></span> <span class='ocrx_word' id='word_1_608' title='bbox 316 3803 391 3851; x_wconf 87' lang='lat' dir='ltr'><strong>ac.</strong></span> <span class='ocrx_word' id='word_1_609' title='bbox 430 3806 532 3842; x_wconf 74' lang='lat' dir='ltr'><strong>non</strong></span> <span class='ocrx_word' id='word_1_610' title='bbox 586 3787 748 3840; x_wconf 87' lang='lat' dir='ltr'><strong>modo</strong></span> <span class='ocrx_word' id='word_1_611' title='bbox 777 3798 797 3836; x_wconf 91' lang='lat'><strong><em>:</em></strong></span> <span class='ocrx_word' id='word_1_612' title='bbox 829 3800 924 3854; x_wconf 87' lang='lat' dir='ltr'><strong>pro</strong></span> <span class='ocrx_word' id='word_1_613' title='bbox 971 3801 1076 3852; x_wconf 86' lang='lat' dir='ltr'><strong>quo</strong></span> <span class='ocrx_word' id='word_1_614' title='bbox 1116 3787 1351 3841; x_wconf 86' lang='lat' dir='ltr'><strong>nonnulli</strong></span> <span class='ocrx_word' id='word_1_615' title='bbox 1396 3789 1557 3842; x_wconf 89' lang='lat' dir='ltr'><strong>etiam</strong></span> <span class='ocrx_word' id='word_1_616' title='bbox 1600 3792 1681 3843; x_wconf 86' lang='lat' dir='ltr'><strong>di-</strong></span> 
     </span>
    </p>
   </div>
   <div class='ocr_carea' id='block_1_75' title="bbox 165 3855 1407 3928">
    <p class='ocr_par' dir='ltr' id='par_1_75' title="bbox 165 3855 1407 3928">
     <span class='ocr_line' id='line_1_75' title="bbox 165 3855 1407 3928; baseline 0 -17"><span class='ocrx_word' id='word_1_617' title='bbox 165 3869 284 3917; x_wconf 87' lang='lat' dir='ltr'><strong>cunt,</strong></span> <span class='ocrx_word' id='word_1_618' title='bbox 311 3860 365 3911; x_wconf 79' lang='grc' dir='ltr'>οὐ</span> <span class='ocrx_word' id='word_1_619' title='bbox 394 3856 698 3928; x_wconf 80' lang='grc' dir='ltr'>μονονουχί,</span> <span class='ocrx_word' id='word_1_620' title='bbox 735 3865 798 3928; x_wconf 82' lang='grc' dir='ltr'><strong>ιιι</strong></span> <span class='ocrx_word' id='word_1_621' title='bbox 831 3855 1092 3928; x_wconf 79' lang='lat' dir='ltr'><strong>Eusebius</strong></span> <span class='ocrx_word' id='word_1_622' title='bbox 1118 3855 1407 3928; x_wconf 63' lang='lat' dir='ltr'><strong>Pamphili.</strong></span> 
     </span>
    </p>
   </div>
   <div class='ocr_carea' id='block_1_76' title="bbox 220 3926 1679 3998">
    <p class='ocr_par' dir='ltr' id='par_1_76' title="bbox 220 3926 1679 3998">
     <span class='ocr_line' id='line_1_76' title="bbox 220 3926 1679 3998; baseline 0.001 -19"><span class='ocrx_word' id='word_1_623' title='bbox 220 3928 311 3998; x_wconf 66' lang='grc' dir='ltr'><strong>(Ξῖ)</strong></span> <span class='ocrx_word' id='word_1_624' title='bbox 339 3926 412 3981; x_wconf 56' lang='lat' dir='ltr'><strong>se</strong></span> <span class='ocrx_word' id='word_1_625' title='bbox 436 3926 626 3982; x_wconf 67' lang='lat' dir='ltr'><strong>nihilo.</strong></span> <span class='ocrx_word' id='word_1_626' title='bbox 645 3926 921 3998; x_wconf 30' lang='lat' dir='ltr'><strong>Arianam‘</strong></span> <span class='ocrx_word' id='word_1_627' title='bbox 939 3926 1242 3998; x_wconf 80' lang='lat' dir='ltr'><strong>formulam,</strong></span> <span class='ocrx_word' id='word_1_628' title='bbox 1274 3926 1334 3998; x_wconf 55' lang='lat' dir='ltr'><strong>es</strong></span> <span class='ocrx_word' id='word_1_629' title='bbox 1361 3928 1462 3980; x_wconf 80' lang='grc' dir='ltr'>οὐκ</span> <span class='ocrx_word' id='word_1_630' title='bbox 1490 3927 1679 3993; x_wconf 78' lang='grc' dir='ltr'>ὄντων,</span> 
     </span>
    </p>
   </div>
   <div class='ocr_carea' id='block_1_77' title="bbox 167 3994 1684 4069">
    <p class='ocr_par' dir='ltr' id='par_1_77' title="bbox 167 3994 1684 4069">
     <span class='ocr_line' id='line_1_77' title="bbox 167 3994 1684 4069; baseline 0.004 -22"><span class='ocrx_word' id='word_1_631' title='bbox 167 3997 271 4069; x_wconf 75' lang='lat' dir='ltr'><strong>sive,</strong></span> <span class='ocrx_word' id='word_1_632' title='bbox 297 3994 357 4052; x_wconf 70' lang='grc' dir='ltr'><strong>ἐκ</strong></span> <span class='ocrx_word' id='word_1_633' title='bbox 392 3999 460 4069; x_wconf 79' lang='grc' dir='ltr'>μὴ</span> <span class='ocrx_word' id='word_1_634' title='bbox 493 3998 712 4069; x_wconf 38' lang='grc' dir='ltr'>ὄντωνη</span> <span class='ocrx_word' id='word_1_635' title='bbox 731 3994 1060 4069; x_wconf 82' lang='lat' dir='ltr'><strong>perstringit,</strong></span> <span class='ocrx_word' id='word_1_636' title='bbox 1093 4010 1252 4062; x_wconf 88' lang='lat' dir='ltr'><strong>quam</strong></span> <span class='ocrx_word' id='word_1_637' title='bbox 1278 3996 1492 4069; x_wconf 44' lang='lat' dir='ltr'><strong>[Sicania</strong></span> <span class='ocrx_word' id='word_1_638' title='bbox 1518 4013 1684 4069; x_wconf 82' lang='lat' dir='ltr'><strong>syno-</strong></span> 
     </span>
    </p>
   </div>
   <div class='ocr_carea' id='block_1_78' title="bbox 170 4065 1680 4136">
    <p class='ocr_par' dir='ltr' id='par_1_78' title="bbox 170 4065 1680 4136">
     <span class='ocr_line' id='line_1_78' title="bbox 170 4065 1680 4136; baseline 0.005 -20"><span class='ocrx_word' id='word_1_639' title='bbox 170 4067 249 4136; x_wconf 58' lang='grc' dir='ltr'><strong>ειυς</strong></span> <span class='ocrx_word' id='word_1_640' title='bbox 287 4065 403 4122; x_wconf 71' lang='grc' dir='ltr'>ειιιιι</span> <span class='ocrx_word' id='word_1_641' title='bbox 445 4065 822 4136; x_wconf 74' lang='lat' dir='ltr'><strong>exsecratione</strong></span> <span class='ocrx_word' id='word_1_642' title='bbox 878 4065 1227 4136; x_wconf 67' lang='lat' dir='ltr'><strong>damnaverat</strong></span> <span class='ocrx_word' id='word_1_643' title='bbox 1291 4067 1344 4119; x_wconf 91' lang='lat' dir='ltr'><strong>in</strong></span> <span class='ocrx_word' id='word_1_644' title='bbox 1403 4065 1680 4136; x_wconf 56' lang='lat' dir='ltr'><strong>Symbolo.</strong></span> 
     </span>
    </p>
   </div>
   <div class='ocr_carea' id='block_1_79' title="bbox 167 4133 1682 4191">
    <p class='ocr_par' dir='ltr' id='par_1_79' title="bbox 167 4133 1682 4191">
     <span class='ocr_line' id='line_1_79' title="bbox 167 4133 1682 4191; baseline 0.003 -5"><span class='ocrx_word' id='word_1_645' title='bbox 167 4133 429 4190; x_wconf 77' lang='lat' dir='ltr'><strong>Latinorum</strong></span> <span class='ocrx_word' id='word_1_646' title='bbox 462 4142 717 4190; x_wconf 78' lang='lat' dir='ltr'><strong>veterum’</strong></span> <span class='ocrx_word' id='word_1_647' title='bbox 757 4133 972 4187; x_wconf 84' lang='lat' dir='ltr'><strong>Patrum</strong></span> <span class='ocrx_word' id='word_1_648' title='bbox 1023 4135 1110 4186; x_wconf 91' lang='lat' dir='ltr'><strong>alii</strong></span> <span class='ocrx_word' id='word_1_649' title='bbox 1156 4133 1472 4189; x_wconf 69' lang='lat' dir='ltr'><strong>verterunt:</strong></span> <span class='ocrx_word' id='word_1_650' title='bbox 1506 4134 1590 4190; x_wconf 77' lang='lat' dir='ltr'><strong>Ex</strong></span> <span class='ocrx_word' id='word_1_651' title='bbox 1619 4139 1682 4191; x_wconf 80' lang='lat' dir='ltr'><strong>iis</strong></span> 
     </span>
    </p>
   </div>
   <div class='ocr_carea' id='block_1_80' title="bbox 167 4201 1683 4271">
    <p class='ocr_par' dir='ltr' id='par_1_80' title="bbox 167 4201 1683 4271">
     <span class='ocr_line' id='line_1_80' title="bbox 167 4201 1683 4271; baseline 0.001 -13"><span class='ocrx_word' id='word_1_652' title='bbox 167 4220 257 4270; x_wconf 70' lang='lat' dir='ltr'><strong>qua</strong></span> <span class='ocrx_word' id='word_1_653' title='bbox 275 4223 366 4271; x_wconf 68' lang='lat' dir='ltr'><strong>non</strong></span> <span class='ocrx_word' id='word_1_654' title='bbox 393 4217 546 4270; x_wconf 84' lang='lat' dir='ltr'><strong>sunt;</strong></span> <span class='ocrx_word' id='word_1_655' title='bbox 573 4207 666 4260; x_wconf 87' lang='lat' dir='ltr'><strong>alii</strong></span> <span class='ocrx_word' id='word_1_656' title='bbox 695 4222 708 4256; x_wconf 90' lang='lat'>:</span> <span class='ocrx_word' id='word_1_657' title='bbox 741 4201 825 4257; x_wconf 79' lang='lat' dir='ltr'><strong>Ea:</strong></span> <span class='ocrx_word' id='word_1_658' title='bbox 853 4203 1012 4256; x_wconf 87' lang='lat' dir='ltr'><strong>nullis</strong></span> <span class='ocrx_word' id='word_1_659' title='bbox 1051 4203 1360 4258; x_wconf 75' lang='lat' dir='ltr'><strong>substantiis</strong></span> <span class='ocrx_word' id='word_1_660' title='bbox 1379 4223 1398 4268; x_wconf 75' lang='lat'><strong>,&#39;</strong></span> <span class='ocrx_word' id='word_1_661' title='bbox 1431 4207 1521 4259; x_wconf 84' lang='lat' dir='ltr'><strong>alii</strong></span> <span class='ocrx_word' id='word_1_662' title='bbox 1551 4224 1565 4260; x_wconf 89' lang='lat'><strong>:</strong></span> <span class='ocrx_word' id='word_1_663' title='bbox 1595 4205 1683 4260; x_wconf 73' lang='lat' dir='ltr'><strong>E1:</strong></span> 
     </span>
    </p>
   </div>
   <div class='ocr_carea' id='block_1_81' title="bbox 170 4274 1683 4344">
    <p class='ocr_par' dir='ltr' id='par_1_81' title="bbox 170 4274 1683 4344">
     <span class='ocr_line' id='line_1_81' title="bbox 170 4274 1683 4344; baseline 0.003 -20"><span class='ocrx_word' id='word_1_664' title='bbox 170 4276 296 4344; x_wconf 71' lang='lat' dir='ltr'><strong>nauis</strong></span> <span class='ocrx_word' id='word_1_665' title='bbox 329 4277 737 4331; x_wconf 69' lang='lat' dir='ltr'><strong>subsistentibus.</strong></span> <span class='ocrx_word' id='word_1_666' title='bbox 776 4274 907 4344; x_wconf 72' lang='lat' dir='ltr'><strong>Ego,</strong></span> <span class='ocrx_word' id='word_1_667' title='bbox 938 4288 1045 4344; x_wconf 89' lang='lat' dir='ltr'><strong>qu_o</strong></span> <span class='ocrx_word' id='word_1_668' title='bbox 1087 4288 1276 4344; x_wconf 87' lang='lat' dir='ltr'><strong>sensus</strong></span> <span class='ocrx_word' id='word_1_669' title='bbox 1308 4277 1477 4344; x_wconf 73' lang='lat' dir='ltr'><strong>magis</strong></span> <span class='ocrx_word' id='word_1_670' title='bbox 1509 4278 1683 4329; x_wconf 89' lang='lat' dir='ltr'><strong>omni-</strong></span> 
     </span>
    </p>
   </div>
   <div class='ocr_carea' id='block_1_82' title="bbox 170 4341 1682 4416">
    <p class='ocr_par' dir='ltr' id='par_1_82' title="bbox 170 4341 1682 4416">
     <span class='ocr_line' id='line_1_82' title="bbox 170 4341 1682 4416; baseline 0.003 -22"><span class='ocrx_word' id='word_1_671' title='bbox 170 4342 247 4416; x_wconf 78' lang='lat' dir='ltr'><strong>bus</strong></span> <span class='ocrx_word' id='word_1_672' title='bbox 283 4347 575 4416; x_wconf 85' lang='lat' dir='ltr'><strong>perspicuus</strong></span> <span class='ocrx_word' id='word_1_673' title='bbox 631 4346 724 4407; x_wconf 88' lang='lat' dir='ltr'><strong>sit,</strong></span> <span class='ocrx_word' id='word_1_674' title='bbox 777 4343 909 4397; x_wconf 83' lang='lat' dir='ltr'><strong>verti</strong></span> <span class='ocrx_word' id='word_1_675' title='bbox 937 4358 950 4394; x_wconf 92' lang='lat'><strong>:</strong></span> <span class='ocrx_word' id='word_1_676' title='bbox 981 4341 1066 4416; x_wconf 73' lang='lat' dir='ltr'><strong>Ea:</strong></span> <span class='ocrx_word' id='word_1_677' title='bbox 1112 4343 1294 4416; x_wconf 77' lang='lat' dir='ltr'><strong>nihilo.</strong></span> <span class='ocrx_word' id='word_1_678' title='bbox 1325 4341 1473 4416; x_wconf 83' lang='lat' dir='ltr'><strong>Adeo</strong></span> <span class='ocrx_word' id='word_1_679' title='bbox 1506 4357 1682 4399; x_wconf 89' lang='lat' dir='ltr'><strong>autem</strong></span> 
     </span>
    </p>
   </div>
   <div class='ocr_carea' id='block_1_83' title="bbox 173 4411 1680 4484">
    <p class='ocr_par' dir='ltr' id='par_1_83' title="bbox 173 4411 1680 4484">
     <span class='ocr_line' id='line_1_83' title="bbox 173 4411 1680 4484; baseline 0.003 -20"><span class='ocrx_word' id='word_1_680' title='bbox 173 4411 360 4470; x_wconf 83' lang='lat' dir='ltr'><strong>celebris</strong></span> <span class='ocrx_word' id='word_1_681' title='bbox 387 4411 497 4470; x_wconf 80' lang='lat' dir='ltr'><strong>crat</strong></span> <span class='ocrx_word' id='word_1_682' title='bbox 528 4432 626 4484; x_wconf 90' lang='lat' dir='ltr'><strong>per</strong></span> <span class='ocrx_word' id='word_1_683' title='bbox 667 4429 730 4468; x_wconf 88' lang='lat' dir='ltr'><strong>ea</strong></span> <span class='ocrx_word' id='word_1_684' title='bbox 761 4422 1000 4480; x_wconf 88' lang='lat' dir='ltr'><strong>tempora</strong></span> <span class='ocrx_word' id='word_1_685' title='bbox 1033 4412 1222 4484; x_wconf 72' lang='lat' dir='ltr'><strong>istltaec</strong></span> <span class='ocrx_word' id='word_1_686' title='bbox 1250 4411 1502 4484; x_wconf 81' lang='lat' dir='ltr'><strong>formula,</strong></span> <span class='ocrx_word' id='word_1_687' title='bbox 1527 4424 1584 4468; x_wconf 90' lang='lat' dir='ltr'><strong>ut</strong></span> <span class='ocrx_word' id='word_1_688' title='bbox 1616 4429 1680 4468; x_wconf 86' lang='lat' dir='ltr'><strong>ex</strong></span> 
     </span>
    </p>
   </div>
   <div class='ocr_carea' id='block_1_84' title="bbox 1788 3644 3357 3718">
    <p class='ocr_par' dir='ltr' id='par_1_84' title="bbox 1788 3644 3357 3718">
     <span class='ocr_line' id='line_1_84' title="bbox 1788 3644 3357 3718; baseline 0 -16"><span class='ocrx_word' id='word_1_689' title='bbox 1788 3647 1992 3718; x_wconf 83' lang='lat' dir='ltr'><strong>synodo</strong></span> <span class='ocrx_word' id='word_1_690' title='bbox 2034 3649 2091 3700; x_wconf 86' lang='lat' dir='ltr'><strong>in</strong></span> <span class='ocrx_word' id='word_1_691' title='bbox 2136 3645 2410 3718; x_wconf 81' lang='lat' dir='ltr'><strong>Qrigenem</strong></span> <span class='ocrx_word' id='word_1_692' title='bbox 2449 3644 2584 3718; x_wconf 80' lang='lat' dir='ltr'><strong>latos</strong></span> <span class='ocrx_word' id='word_1_693' title='bbox 2626 3647 2768 3718; x_wconf 85' lang='lat' dir='ltr'><strong>hunc</strong></span> <span class='ocrx_word' id='word_1_694' title='bbox 2803 3655 2996 3718; x_wconf 60' lang='lat' dir='ltr'><strong>octavo</strong></span> <span class='ocrx_word' id='word_1_695' title='bbox 3037 3645 3158 3718; x_wconf 87' lang='lat' dir='ltr'><strong>loco</strong></span> <span class='ocrx_word' id='word_1_696' title='bbox 3197 3646 3357 3718; x_wconf 68' lang='lat' dir='ltr'><strong>adert</strong></span> 
     </span>
    </p>
   </div>
   <div class='ocr_carea' id='block_1_85' title="bbox 1788 3715 3353 3783">
    <p class='ocr_par' dir='ltr' id='par_1_85' title="bbox 1788 3715 3353 3783">
     <span class='ocr_line' id='line_1_85' title="bbox 1788 3715 3353 3783; baseline -0.002 -10"><span class='ocrx_word' id='word_1_697' title='bbox 1788 3715 2125 3773; x_wconf 86' lang='lat' dir='ltr'><strong>Christianus</strong></span> <span class='ocrx_word' id='word_1_698' title='bbox 2154 3715 2352 3782; x_wconf 82' lang='lat' dir='ltr'><strong>Lupus,</strong></span> <span class='ocrx_word' id='word_1_699' title='bbox 2387 3715 2477 3782; x_wconf 89' lang='lat' dir='ltr'><strong>qui</strong></span> <span class='ocrx_word' id='word_1_700' title='bbox 2516 3724 2692 3767; x_wconf 88' lang='lat' dir='ltr'><strong>tamen</strong></span> <span class='ocrx_word' id='word_1_701' title='bbox 2727 3716 2866 3768; x_wconf 90' lang='lat' dir='ltr'><strong>inter</strong></span> <span class='ocrx_word' id='word_1_702' title='bbox 2894 3715 3015 3769; x_wconf 88' lang='lat' dir='ltr'><strong>illos</strong></span> <span class='ocrx_word' id='word_1_703' title='bbox 3045 3717 3353 3783; x_wconf 87' lang='lat' dir='ltr'><strong>quindecim</strong></span> 
     </span>
    </p>
   </div>
   <div class='ocr_carea' id='block_1_86' title="bbox 1788 3783 3350 3853">
    <p class='ocr_par' dir='ltr' id='par_1_86' title="bbox 1788 3783 3350 3853">
     <span class='ocr_line' id='line_1_86' title="bbox 1788 3783 3350 3853; baseline -0.001 -13"><span class='ocrx_word' id='word_1_704' title='bbox 1788 3803 1816 3840; x_wconf 89' lang='lat' dir='ltr'><strong>a</strong></span> <span class='ocrx_word' id='word_1_705' title='bbox 1851 3787 2135 3840; x_wconf 86' lang='lat' dir='ltr'><strong>Lambecio</strong></span> <span class='ocrx_word' id='word_1_706' title='bbox 2168 3786 2394 3853; x_wconf 87' lang='lat' dir='ltr'><strong>primum</strong></span> <span class='ocrx_word' id='word_1_707' title='bbox 2428 3784 2701 3850; x_wconf 74' lang='lat' dir='ltr'><strong>evulgatos</strong></span> <span class='ocrx_word' id='word_1_708' title='bbox 2743 3784 2918 3853; x_wconf 89' lang='lat' dir='ltr'><strong>nullus</strong></span> <span class='ocrx_word' id='word_1_709' title='bbox 2963 3795 3047 3838; x_wconf 90' lang='lat' dir='ltr'><strong>est</strong></span> <span class='ocrx_word' id='word_1_710' title='bbox 3076 3803 3089 3838; x_wconf 88' lang='lat'><strong>:</strong></span> <span class='ocrx_word' id='word_1_711' title='bbox 3122 3783 3181 3838; x_wconf 78' lang='lat' dir='ltr'><strong>Si</strong></span> <span class='ocrx_word' id='word_1_712' title='bbox 3231 3787 3350 3853; x_wconf 85' lang='lat' dir='ltr'><strong>quis</strong></span> 
     </span>
    </p>
   </div>
   <div class='ocr_carea' id='block_1_87' title="bbox 1784 3852 3352 3921">
    <p class='ocr_par' dir='ltr' id='par_1_87' title="bbox 1784 3852 3352 3921">
     <span class='ocr_line' id='line_1_87' title="bbox 1784 3852 3352 3921; baseline -0.001 -12"><span class='ocrx_word' id='word_1_713' title='bbox 1784 3859 1932 3920; x_wconf 82' lang='lat' dir='ltr'><strong>dicit,</strong></span> <span class='ocrx_word' id='word_1_714' title='bbox 1975 3865 2066 3908; x_wconf 85' lang='lat' dir='ltr'><strong>aut</strong></span> <span class='ocrx_word' id='word_1_715' title='bbox 2095 3852 2272 3916; x_wconf 85' lang='lat' dir='ltr'><strong>sentit,</strong></span> <span class='ocrx_word' id='word_1_716' title='bbox 2298 3855 2374 3906; x_wconf 78' lang='lat' dir='ltr'><strong>i-el</strong></span> <span class='ocrx_word' id='word_1_717' title='bbox 2403 3853 2609 3921; x_wconf 82' lang='lat' dir='ltr'><strong>ﬁnitam</strong></span> <span class='ocrx_word' id='word_1_718' title='bbox 2637 3869 2762 3916; x_wconf 69' lang='lat' dir='ltr'><strong>esse</strong></span> <span class='ocrx_word' id='word_1_719' title='bbox 2790 3852 2882 3906; x_wconf 87' lang='lat' dir='ltr'><strong>Dei</strong></span> <span class='ocrx_word' id='word_1_720' title='bbox 2908 3852 3252 3918; x_wconf 78' lang='lat' dir='ltr'><strong>potestatem,</strong></span> <span class='ocrx_word' id='word_1_721' title='bbox 3273 3855 3352 3908; x_wconf 84' lang='lat' dir='ltr'><strong>vel</strong></span> 
     </span>
    </p>
   </div>
   <div class='ocr_carea' id='block_1_88' title="bbox 1784 3923 3348 3992">
    <p class='ocr_par' dir='ltr' id='par_1_88' title="bbox 1784 3923 3348 3992">
     <span class='ocr_line' id='line_1_88' title="bbox 1784 3923 3348 3992; baseline -0.001 -13"><span class='ocrx_word' id='word_1_722' title='bbox 1784 3943 1902 3980; x_wconf 78' lang='lat' dir='ltr'><strong>eum</strong></span> <span class='ocrx_word' id='word_1_723' title='bbox 1963 3935 2112 3978; x_wconf 85' lang='lat' dir='ltr'><strong>tanta</strong></span> <span class='ocrx_word' id='word_1_724' title='bbox 2171 3925 2372 3992; x_wconf 74' lang='lat' dir='ltr'><strong>fecisse,</strong></span> <span class='ocrx_word' id='word_1_725' title='bbox 2419 3931 2617 3991; x_wconf 89' lang='lat' dir='ltr'><strong>quanta</strong></span> <span class='ocrx_word' id='word_1_726' title='bbox 2672 3923 3103 3987; x_wconf 79' lang='lat' dir='ltr'><strong>comprehendere</strong></span> <span class='ocrx_word' id='word_1_727' title='bbox 3152 3928 3348 3990; x_wconf 87' lang='lat' dir='ltr'><strong>potuit,</strong></span> 
     </span>
    </p>
   </div>
   <div class='ocr_carea' id='block_1_89' title="bbox 1786 3992 3351 4060">
    <p class='ocr_par' dir='ltr' id='par_1_89' title="bbox 1786 3992 3351 4060">
     <span class='ocr_line' id='line_1_89' title="bbox 1786 3992 3351 4060; baseline 0.001 -12"><span class='ocrx_word' id='word_1_728' title='bbox 1786 3995 2062 4048; x_wconf 85' lang='lat' dir='ltr'><strong>anathema</strong></span> <span class='ocrx_word' id='word_1_729' title='bbox 2102 3997 2189 4048; x_wconf 88' lang='lat' dir='ltr'><strong>sit.</strong></span> <span class='ocrx_word' id='word_1_730' title='bbox 2229 3992 2443 4054; x_wconf 89' lang='lat' dir='ltr'><strong>Verum,</strong></span> <span class='ocrx_word' id='word_1_731' title='bbox 2472 3993 2611 4060; x_wconf 90' lang='lat' dir='ltr'><strong>quod</strong></span> <span class='ocrx_word' id='word_1_732' title='bbox 2653 4003 2860 4060; x_wconf 80' lang='lat' dir='ltr'><strong>spectat</strong></span> <span class='ocrx_word' id='word_1_733' title='bbox 2883 3992 3075 4046; x_wconf 84' lang='lat' dir='ltr'><strong>saltem</strong></span> <span class='ocrx_word' id='word_1_734' title='bbox 3121 3995 3186 4046; x_wconf 87' lang='lat' dir='ltr'><strong>ad</strong></span> <span class='ocrx_word' id='word_1_735' title='bbox 3239 4011 3351 4049; x_wconf 87' lang='lat' dir='ltr'><strong>rem</strong></span> 
     </span>
    </p>
   </div>
   <div class='ocr_carea' id='block_1_90' title="bbox 1789 4061 3348 4135">
    <p class='ocr_par' dir='ltr' id='par_1_90' title="bbox 1789 4061 3348 4135">
     <span class='ocr_line' id='line_1_90' title="bbox 1789 4061 3348 4135; baseline -0.001 -16"><span class='ocrx_word' id='word_1_736' title='bbox 1789 4066 1949 4131; x_wconf 88' lang='lat' dir='ltr'><strong>hanc,</strong></span> <span class='ocrx_word' id='word_1_737' title='bbox 1977 4065 2279 4135; x_wconf 72' lang='lat' dir='ltr'><strong>Origenista</strong></span> <span class='ocrx_word' id='word_1_738' title='bbox 2309 4061 2550 4135; x_wconf 35' lang='lat' dir='ltr'><strong>non‘fuit</strong></span> <span class='ocrx_word' id='word_1_739' title='bbox 2589 4063 2890 4135; x_wconf 31' lang='lat' dir='ltr'><strong>Didymus;</strong></span> <span class='ocrx_word' id='word_1_740' title='bbox 2913 4078 3042 4135; x_wconf 82' lang='lat' dir='ltr'><strong>nam</strong></span> <span class='ocrx_word' id='word_1_741' title='bbox 3064 4073 3124 4135; x_wconf 82' lang='lat' dir='ltr'><strong>et</strong></span> <span class='ocrx_word' id='word_1_742' title='bbox 3161 4063 3261 4117; x_wconf 88' lang='lat' dir='ltr'><strong>hoc</strong></span> <span class='ocrx_word' id='word_1_743' title='bbox 3293 4065 3348 4118; x_wconf 88' lang='lat' dir='ltr'><strong>in</strong></span> 
     </span>
    </p>
   </div>
   <div class='ocr_carea' id='block_1_91' title="bbox 1789 4129 3353 4203">
    <p class='ocr_par' dir='ltr' id='par_1_91' title="bbox 1789 4129 3353 4203">
     <span class='ocr_line' id='line_1_91' title="bbox 1789 4129 3353 4203; baseline -0.001 -15"><span class='ocrx_word' id='word_1_744' title='bbox 1789 4129 1943 4199; x_wconf 65' lang='lat' dir='ltr'><strong>loco,</strong></span> <span class='ocrx_word' id='word_1_745' title='bbox 1969 4146 2024 4188; x_wconf 91' lang='lat' dir='ltr'><strong>et</strong></span> <span class='ocrx_word' id='word_1_746' title='bbox 2071 4129 2361 4202; x_wconf 70' lang='lat' dir='ltr'><strong>scgtiietitis</strong></span> <span class='ocrx_word' id='word_1_747' title='bbox 2409 4129 2476 4186; x_wconf 73' lang='grc'><strong>15</strong></span> <span class='ocrx_word' id='word_1_748' title='bbox 2530 4131 2582 4196; x_wconf 83' lang='lat' dir='ltr'><strong>b,</strong></span> <span class='ocrx_word' id='word_1_749' title='bbox 2631 4129 2701 4203; x_wconf 65' lang='grc'><strong>21⁷</strong></span> <span class='ocrx_word' id='word_1_750' title='bbox 2725 4150 2790 4203; x_wconf 15' lang='grc' dir='ltr'>να,</span> <span class='ocrx_word' id='word_1_751' title='bbox 2825 4132 2892 4185; x_wconf 77' lang='lat'><strong>57</strong></span> <span class='ocrx_word' id='word_1_752' title='bbox 2923 4148 2976 4198; x_wconf 91' lang='lat' dir='ltr'><strong>a,</strong></span> <span class='ocrx_word' id='word_1_753' title='bbox 3015 4133 3154 4193; x_wconf 70' lang='grc'><strong>411),</strong></span> <span class='ocrx_word' id='word_1_754' title='bbox 3191 4147 3353 4203; x_wconf 87' lang='lat' dir='ltr'><strong>atque</strong></span> 
     </span>
    </p>
   </div>
   <div class='ocr_carea' id='block_1_92' title="bbox 1790 4202 3354 4272">
    <p class='ocr_par' dir='ltr' id='par_1_92' title="bbox 1790 4202 3354 4272">
     <span class='ocr_line' id='line_1_92' title="bbox 1790 4202 3354 4272; baseline -0.001 -15"><span class='ocrx_word' id='word_1_755' title='bbox 1790 4205 1914 4258; x_wconf 87' lang='lat' dir='ltr'><strong>alibi</strong></span> <span class='ocrx_word' id='word_1_756' title='bbox 1965 4205 2129 4258; x_wconf 83' lang='lat' dir='ltr'><strong>Deum</strong></span> <span class='ocrx_word' id='word_1_757' title='bbox 2179 4205 2309 4257; x_wconf 85' lang='lat' dir='ltr'><strong>dicit</strong></span> <span class='ocrx_word' id='word_1_758' title='bbox 2356 4205 2535 4272; x_wconf 67' lang='lat' dir='ltr'><strong>modo_’</strong></span> <span class='ocrx_word' id='word_1_759' title='bbox 2563 4202 2932 4272; x_wconf 83' lang='grc' dir='ltr'>πανδύναμον,</span> <span class='ocrx_word' id='word_1_760' title='bbox 2970 4205 3123 4256; x_wconf 82' lang='lat' dir='ltr'><strong>modo</strong></span> <span class='ocrx_word' id='word_1_761' title='bbox 3146 4202 3354 4272; x_wconf 3' lang='grc' dir='ltr'>,παντο-</span> 
     </span>
    </p>
   </div>
   <div class='ocr_carea' id='block_1_93' title="bbox 1786 4270 3352 4345">
    <p class='ocr_par' dir='ltr' id='par_1_93' title="bbox 1786 4270 3352 4345">
     <span class='ocr_line' id='line_1_93' title="bbox 1786 4270 3352 4345; baseline -0.001 -16"><span class='ocrx_word' id='word_1_762' title='bbox 1786 4276 2044 4345; x_wconf 82' lang='grc' dir='ltr'>κράτορα,</span> <span class='ocrx_word' id='word_1_763' title='bbox 2075 4275 2229 4345; x_wconf 81' lang='lat' dir='ltr'><strong>modo</strong></span> <span class='ocrx_word' id='word_1_764' title='bbox 2278 4270 2868 4345; x_wconf 60' lang='lat' dir='ltr'><strong>navssﬁodatov,_tnodo</strong></span> <span class='ocrx_word' id='word_1_765' title='bbox 2898 4271 3352 4341; x_wconf 83' lang='grc' dir='ltr'>ἀπειροδύναμον,</span> 
     </span>
    </p>
   </div>
   <div class='ocr_carea' id='block_1_94' title="bbox 1789 4343 2832 4411">
    <p class='ocr_par' dir='ltr' id='par_1_94' title="bbox 1789 4343 2832 4411">
     <span class='ocr_line' id='line_1_94' title="bbox 1789 4343 2832 4411; baseline -0.001 -13"><span class='ocrx_word' id='word_1_766' title='bbox 1789 4343 1889 4398; x_wconf 79' lang='lat' dir='ltr'><strong>hoc</strong></span> <span class='ocrx_word' id='word_1_767' title='bbox 1914 4343 2015 4405; x_wconf 74' lang='lat' dir='ltr'><strong>est,</strong></span> <span class='ocrx_word' id='word_1_768' title='bbox 2044 4343 2250 4411; x_wconf 81' lang='lat' dir='ltr'><strong>inﬁnita</strong></span> <span class='ocrx_word' id='word_1_769' title='bbox 2284 4345 2513 4408; x_wconf 86' lang='lat' dir='ltr'><strong>potentia</strong></span> <span class='ocrx_word' id='word_1_770' title='bbox 2536 4343 2832 4408; x_wconf 69' lang='lat' dir='ltr'><strong>pra’ditum.</strong></span> 
     </span>
    </p>
   </div>
   <div class='ocr_carea' id='block_1_95' title="bbox 1859 4411 3349 4484">
    <p class='ocr_par' dir='ltr' id='par_1_95' title="bbox 1859 4411 3349 4484">
     <span class='ocr_line' id='line_1_95' title="bbox 1859 4411 3349 4484; baseline -0.001 -17"><span class='ocrx_word' id='word_1_771' title='bbox 1859 4414 1970 4484; x_wconf 79' lang='lat' dir='ltr'><strong>(3U)</strong></span> <span class='ocrx_word' id='word_1_772' title='bbox 2008 4411 2176 4466; x_wconf 84' lang='lat' dir='ltr'><strong>Fecit.</strong></span> <span class='ocrx_word' id='word_1_773' title='bbox 2210 4411 2448 4479; x_wconf 80' lang='lat' dir='ltr'><strong>Respicit</strong></span> <span class='ocrx_word' id='word_1_774' title='bbox 2492 4414 2654 4466; x_wconf 88' lang='lat' dir='ltr'><strong>verba</strong></span> <span class='ocrx_word' id='word_1_775' title='bbox 2692 4411 2939 4482; x_wconf 87' lang='lat' dir='ltr'><strong>superius</strong></span> <span class='ocrx_word' id='word_1_776' title='bbox 2976 4427 3007 4468; x_wconf 86' lang='lat' dir='ltr'><strong>a</strong></span> <span class='ocrx_word' id='word_1_777' title='bbox 3043 4427 3105 4469; x_wconf 86' lang='lat' dir='ltr'><strong>se</strong></span> <span class='ocrx_word' id='word_1_778' title='bbox 3146 4412 3304 4467; x_wconf 86' lang='lat' dir='ltr'><strong>allata</strong></span> <span class='ocrx_word' id='word_1_779' title='bbox 3334 4429 3349 4465; x_wconf 90' lang='lat'><strong>:</strong></span> 
     </span>
    </p>
   </div>
   <div class='ocr_carea' id='block_1_96' title="bbox 171 4461 2634 4551">
    <p class='ocr_par' dir='ltr' id='par_1_96' title="bbox 171 4461 2634 4551">
     <span class='ocr_line' id='line_1_96' title="bbox 171 4461 2634 4551; baseline 0.001 -19"><span class='ocrx_word' id='word_1_780' title='bbox 171 4461 736 4549; x_wconf 62' lang='grc' dir='ltr'><strong>έᾷἇιὶῖἱι”ἱὲἶείιῖ,”ὐῆἷ›</strong></span> <span class='ocrx_word' id='word_1_781' title='bbox 763 4461 1015 4536; x_wconf 48' lang='lat' dir='ltr'><strong>tanta</strong></span> <span class='ocrx_word' id='word_1_782' title='bbox 1033 4461 1686 4549; x_wconf 46' lang='lat' dir='ltr'><strong>&quot;sagittariis“sint</strong></span> <span class='ocrx_word' id='word_1_783' title='bbox 1715 4461 1761 4517; x_wconf 81' lang='grc' dir='ltr'><strong>Ῑ)</strong></span> <span class='ocrx_word' id='word_1_784' title='bbox 1790 4461 1979 4538; x_wconf 47' lang='lat' dir='ltr'><strong>animi.</strong></span> <span class='ocrx_word' id='word_1_785' title='bbox 2003 4461 2468 4551; x_wconf 62' lang='grc' dir='ltr'><strong>ῥεῖἶριῖιὶὶἱῖἐιὶιὶι</strong></span> <span class='ocrx_word' id='word_1_786' title='bbox 2493 4461 2634 4534; x_wconf 57' lang='lat' dir='ltr'><strong>alii}.</strong></span> 
     </span>
    </p>
   </div>
   <div class='ocr_carea' id='block_1_97' title="bbox 173 4551 1687 4624">
    <p class='ocr_par' dir='ltr' id='par_1_97' title="bbox 173 4551 1687 4624">
     <span class='ocr_line' id='line_1_97' title="bbox 173 4551 1687 4624; baseline 0.004 -22"><span class='ocrx_word' id='word_1_787' title='bbox 173 4551 301 4608; x_wconf 80' lang='lat' dir='ltr'><strong>etiam</strong></span> <span class='ocrx_word' id='word_1_788' title='bbox 335 4554 631 4618; x_wconf 71' lang='lat' dir='ltr'><strong>Exucontii,</strong></span> <span class='ocrx_word' id='word_1_789' title='bbox 662 4552 1109 4624; x_wconf 85' lang='lat' dir='ltr'><strong>quemadmodum</strong></span> <span class='ocrx_word' id='word_1_790' title='bbox 1147 4561 1376 4624; x_wconf 70' lang='lat' dir='ltr'><strong>testatur</strong></span> <span class='ocrx_word' id='word_1_791' title='bbox 1416 4554 1476 4607; x_wconf 91' lang='lat' dir='ltr'><strong>S.</strong></span> <span class='ocrx_word' id='word_1_792' title='bbox 1520 4553 1687 4608; x_wconf 81' lang='lat' dir='ltr'><strong>Atha-</strong></span> 
     </span>
    </p>
   </div>
   <div class='ocr_carea' id='block_1_98' title="bbox 172 4620 1548 4693">
    <p class='ocr_par' dir='ltr' id='par_1_98' title="bbox 172 4620 1548 4693">
     <span class='ocr_line' id='line_1_98' title="bbox 172 4620 1548 4693; baseline 0.002 -21"><span class='ocrx_word' id='word_1_793' title='bbox 172 4625 321 4693; x_wconf 82' lang='lat' dir='ltr'><strong>nasius</strong></span> <span class='ocrx_word' id='word_1_794' title='bbox 352 4627 397 4677; x_wconf 89' lang='lat' dir='ltr'><strong>in</strong></span> <span class='ocrx_word' id='word_1_795' title='bbox 432 4627 564 4680; x_wconf 85' lang='lat' dir='ltr'><strong>libro</strong></span> <span class='ocrx_word' id='word_1_796' title='bbox 595 4620 912 4693; x_wconf 36' lang='lat' dir='ltr'><strong>De‘synodis</strong></span> <span class='ocrx_word' id='word_1_797' title='bbox 939 4622 1244 4693; x_wconf 26' lang='lat' dir='ltr'><strong>AriminiAet</strong></span> <span class='ocrx_word' id='word_1_798' title='bbox 1278 4620 1548 4677; x_wconf 79' lang='lat' dir='ltr'><strong>Seleucite.</strong></span> 
     </span>
    </p>
   </div>
   <div class='ocr_carea' id='block_1_99' title="bbox 227 4690 1688 4764">
    <p class='ocr_par' dir='ltr' id='par_1_99' title="bbox 227 4690 1688 4764">
     <span class='ocr_line' id='line_1_99' title="bbox 227 4690 1688 4764; baseline 0 -18"><span class='ocrx_word' id='word_1_799' title='bbox 227 4692 317 4758; x_wconf 69' lang='lat'><strong>(28)</strong></span> <span class='ocrx_word' id='word_1_800' title='bbox 346 4693 620 4749; x_wconf 82' lang='lat' dir='ltr'><strong>Producta.</strong></span> <span class='ocrx_word' id='word_1_801' title='bbox 653 4696 710 4748; x_wconf 92' lang='lat' dir='ltr'><strong>In</strong></span> <span class='ocrx_word' id='word_1_802' title='bbox 731 4690 950 4764; x_wconf 25' lang='lat' dir='ltr'><strong>‘Grteco,</strong></span> <span class='ocrx_word' id='word_1_803' title='bbox 977 4690 1369 4764; x_wconf 81' lang='grc' dir='ltr'>παραχθείσης.</span> <span class='ocrx_word' id='word_1_804' title='bbox 1399 4693 1688 4747; x_wconf 85' lang='lat' dir='ltr'><strong>Evidenter</strong></span> 
     </span>
    </p>
   </div>
   <div class='ocr_carea' id='block_1_100' title="bbox 175 4761 1689 4832">
    <p class='ocr_par' dir='ltr' id='par_1_100' title="bbox 175 4761 1689 4832">
     <span class='ocr_line' id='line_1_100' title="bbox 175 4761 1689 4832; baseline 0.002 -21"><span class='ocrx_word' id='word_1_805' title='bbox 175 4772 315 4815; x_wconf 80' lang='lat' dir='ltr'><strong>autem</strong></span> <span class='ocrx_word' id='word_1_806' title='bbox 341 4780 397 4817; x_wconf 77' lang='lat' dir='ltr'><strong>es</strong></span> <span class='ocrx_word' id='word_1_807' title='bbox 431 4769 528 4820; x_wconf 86' lang='lat' dir='ltr'><strong>hoc</strong></span> <span class='ocrx_word' id='word_1_808' title='bbox 561 4767 682 4819; x_wconf 88' lang='lat' dir='ltr'><strong>loco</strong></span> <span class='ocrx_word' id='word_1_809' title='bbox 722 4761 1029 4817; x_wconf 81' lang='lat' dir='ltr'><strong>conﬁrmari</strong></span> <span class='ocrx_word' id='word_1_810' title='bbox 1060 4761 1273 4832; x_wconf 82' lang='lat' dir='ltr'><strong>posset,</strong></span> <span class='ocrx_word' id='word_1_811' title='bbox 1300 4761 1441 4830; x_wconf 82' lang='lat' dir='ltr'><strong>quod</strong></span> <span class='ocrx_word' id='word_1_812' title='bbox 1476 4765 1544 4816; x_wconf 87' lang='lat' dir='ltr'><strong>de</strong></span> <span class='ocrx_word' id='word_1_813' title='bbox 1569 4778 1689 4815; x_wconf 84' lang='lat' dir='ltr'><strong>ver-</strong></span> 
     </span>
    </p>
   </div>
   <div class='ocr_carea' id='block_1_101' title="bbox 175 4832 1689 4903">
    <p class='ocr_par' dir='ltr' id='par_1_101' title="bbox 175 4832 1689 4903">
     <span class='ocr_line' id='line_1_101' title="bbox 175 4832 1689 4903; baseline 0.004 -22"><span class='ocrx_word' id='word_1_814' title='bbox 175 4835 494 4903; x_wconf 24' lang='grc' dir='ltr'>ιιοηπαράγειν</span> <span class='ocrx_word' id='word_1_815' title='bbox 545 4837 660 4892; x_wconf 69' lang='lat' dir='ltr'><strong>dixi</strong></span> <span class='ocrx_word' id='word_1_816' title='bbox 709 4843 821 4887; x_wconf 88' lang='lat' dir='ltr'><strong>not.</strong></span> <span class='ocrx_word' id='word_1_817' title='bbox 849 4832 938 4893; x_wconf 73' lang='lat'><strong>28,</strong></span> <span class='ocrx_word' id='word_1_818' title='bbox 961 4848 1101 4903; x_wconf 82' lang='lat' dir='ltr'><strong>pag.</strong></span> <span class='ocrx_word' id='word_1_819' title='bbox 1132 4833 1180 4894; x_wconf 81' lang='grc' dir='ltr'><strong>ι,</strong></span> <span class='ocrx_word' id='word_1_820' title='bbox 1215 4837 1258 4885; x_wconf 89' lang='lat' dir='ltr'><strong>si</strong></span> <span class='ocrx_word' id='word_1_821' title='bbox 1283 4832 1689 4903; x_wconf 65' lang='lat' dir='ltr'><strong>confirmatione</strong></span> 
     </span>
    </p>
   </div>
   <div class='ocr_carea' id='block_1_102' title="bbox 177 4899 1687 4970">
    <p class='ocr_par' dir='ltr' id='par_1_102' title="bbox 177 4899 1687 4970">
     <span class='ocr_line' id='line_1_102' title="bbox 177 4899 1687 4970; baseline 0.005 -22"><span class='ocrx_word' id='word_1_822' title='bbox 177 4899 412 4970; x_wconf 75' lang='lat' dir='ltr'><strong>indigeret.</strong></span> <span class='ocrx_word' id='word_1_823' title='bbox 459 4907 510 4959; x_wconf 90' lang='lat' dir='ltr'><strong>Id</strong></span> <span class='ocrx_word' id='word_1_824' title='bbox 558 4921 682 4960; x_wconf 89' lang='lat' dir='ltr'><strong>cum</strong></span> <span class='ocrx_word' id='word_1_825' title='bbox 735 4918 837 4956; x_wconf 90' lang='lat' dir='ltr'><strong>non</strong></span> <span class='ocrx_word' id='word_1_826' title='bbox 885 4899 1329 4955; x_wconf 82' lang='lat' dir='ltr'><strong>animadverterit</strong></span> <span class='ocrx_word' id='word_1_827' title='bbox 1358 4900 1687 4968; x_wconf 83' lang='lat' dir='ltr'><strong>llarduinus,</strong></span> 
     </span>
    </p>
   </div>
   <div class='ocr_carea' id='block_1_103' title="bbox 178 4971 1688 5044">
    <p class='ocr_par' dir='ltr' id='par_1_103' title="bbox 178 4971 1688 5044">
     <span class='ocr_line' id='line_1_103' title="bbox 178 4971 1688 5044; baseline 0.001 -24"><span class='ocrx_word' id='word_1_828' title='bbox 178 4971 245 5044; x_wconf 77' lang='lat' dir='ltr'><strong>ubi</strong></span> <span class='ocrx_word' id='word_1_829' title='bbox 272 4985 434 5028; x_wconf 81' lang='lat' dir='ltr'><strong>sextus</strong></span> <span class='ocrx_word' id='word_1_830' title='bbox 477 4979 681 5044; x_wconf 75' lang='lat' dir='ltr'><strong>quinta:</strong></span> <span class='ocrx_word' id='word_1_831' title='bbox 720 4972 1183 5044; x_wconf 24' lang='lat' dir='ltr'><strong>synodi‘advefsus</strong></span> <span class='ocrx_word' id='word_1_832' title='bbox 1229 4971 1502 5039; x_wconf 85' lang='lat' dir='ltr'><strong>Origenem</strong></span> <span class='ocrx_word' id='word_1_833' title='bbox 1553 4988 1688 5044; x_wconf 82' lang='lat' dir='ltr'><strong>ana-</strong></span> 
     </span>
    </p>
   </div>
   <div class='ocr_carea' id='block_1_104' title="bbox 179 5039 1687 5111">
    <p class='ocr_par' dir='ltr' id='par_1_104' title="bbox 179 5039 1687 5111">
     <span class='ocr_line' id='line_1_104' title="bbox 179 5039 1687 5111; baseline 0.004 -23"><span class='ocrx_word' id='word_1_834' title='bbox 179 5039 508 5100; x_wconf 66' lang='grc' dir='ltr'>ιιιειιιειιειιιιιέ</span> <span class='ocrx_word' id='word_1_835' title='bbox 523 5049 684 5099; x_wconf 80' lang='lat' dir='ltr'><strong>habet</strong></span> <span class='ocrx_word' id='word_1_836' title='bbox 715 5065 726 5097; x_wconf 86' lang='lat'>;</span> <span class='ocrx_word' id='word_1_837' title='bbox 751 5039 886 5093; x_wconf 82' lang='grc' dir='ltr'>Ἕνα</span> <span class='ocrx_word' id='word_1_838' title='bbox 910 5040 968 5092; x_wconf 89' lang='grc' dir='ltr'>δὲ</span> <span class='ocrx_word' id='word_1_839' title='bbox 991 5040 1182 5095; x_wconf 82' lang='grc' dir='ltr'>νοῦν...</span> <span class='ocrx_word' id='word_1_840' title='bbox 1217 5045 1560 5111; x_wconf 76' lang='grc' dir='ltr'>παραγαγεῖν</span> <span class='ocrx_word' id='word_1_841' title='bbox 1583 5043 1687 5094; x_wconf 81' lang='grc' dir='ltr'><strong>πᾶ-</strong></span> 
     </span>
    </p>
   </div>
   <div class='ocr_carea' id='block_1_105' title="bbox 180 5109 1689 5188">
    <p class='ocr_par' dir='ltr' id='par_1_105' title="bbox 180 5109 1689 5188">
     <span class='ocr_line' id='line_1_105' title="bbox 180 5109 1689 5188; baseline 0.006 -32"><span class='ocrx_word' id='word_1_842' title='bbox 180 5122 256 5188; x_wconf 73' lang='grc' dir='ltr'><strong>σαν</strong></span> <span class='ocrx_word' id='word_1_843' title='bbox 278 5112 359 5184; x_wconf 74' lang='grc' dir='ltr'>τὴν</span> <span class='ocrx_word' id='word_1_844' title='bbox 389 5115 702 5184; x_wconf 81' lang='grc' dir='ltr'>σωματικὴν</span> <span class='ocrx_word' id='word_1_845' title='bbox 755 5111 936 5180; x_wconf 84' lang='grc' dir='ltr'>φύσιν,</span> <span class='ocrx_word' id='word_1_846' title='bbox 982 5111 1254 5165; x_wconf 83' lang='lat' dir='ltr'><strong>lranstulit</strong></span> <span class='ocrx_word' id='word_1_847' title='bbox 1278 5109 1493 5188; x_wconf 20' lang='lat' dir='ltr'><strong>:‘Unum</strong></span> <span class='ocrx_word' id='word_1_848' title='bbox 1518 5124 1689 5165; x_wconf 84' lang='lat' dir='ltr'><strong>autem</strong></span> 
     </span>
    </p>
   </div>
   <div class='ocr_carea' id='block_1_106' title="bbox 181 5185 1690 5254">
    <p class='ocr_par' dir='ltr' id='par_1_106' title="bbox 181 5185 1690 5254">
     <span class='ocr_line' id='line_1_106' title="bbox 181 5185 1690 5254; baseline 0.006 -29"><span class='ocrx_word' id='word_1_849' title='bbox 181 5185 427 5238; x_wconf 71' lang='lat' dir='ltr'><strong>animum...</strong></span> <span class='ocrx_word' id='word_1_850' title='bbox 475 5187 562 5254; x_wconf 83' lang='lat' dir='ltr'><strong>qui</strong></span> <span class='ocrx_word' id='word_1_851' title='bbox 608 5189 900 5254; x_wconf 81' lang='lat' dir='ltr'><strong>uniuersam</strong></span> <span class='ocrx_word' id='word_1_852' title='bbox 961 5185 1475 5254; x_wconf 66' lang='lat' dir='ltr'><strong>printergressussit</strong></span> <span class='ocrx_word' id='word_1_853' title='bbox 1504 5197 1690 5250; x_wconf 87' lang='lat' dir='ltr'><strong>corpo-</strong></span> 
     </span>
    </p>
   </div>
   <div class='ocr_carea' id='block_1_107' title="bbox 181 5252 1684 5309">
    <p class='ocr_par' dir='ltr' id='par_1_107' title="bbox 181 5252 1684 5309">
     <span class='ocr_line' id='line_1_107' title="bbox 181 5252 1684 5309; baseline 0.008 -15"><span class='ocrx_word' id='word_1_854' title='bbox 181 5259 293 5300; x_wconf 69' lang='lat' dir='ltr'><strong>ream</strong></span> <span class='ocrx_word' id='word_1_855' title='bbox 336 5252 584 5309; x_wconf 82' lang='lat' dir='ltr'><strong>naturam.</strong></span> <span class='ocrx_word' id='word_1_856' title='bbox 645 5252 754 5307; x_wconf 79' lang='lat' dir='ltr'><strong>Sed</strong></span> <span class='ocrx_word' id='word_1_857' title='bbox 810 5253 1122 5305; x_wconf 85' lang='lat' dir='ltr'><strong>vertendum</strong></span> <span class='ocrx_word' id='word_1_858' title='bbox 1180 5253 1296 5305; x_wconf 90' lang='lat' dir='ltr'><strong>sine</strong></span> <span class='ocrx_word' id='word_1_859' title='bbox 1354 5252 1516 5305; x_wconf 84' lang='lat' dir='ltr'><strong>dubio</strong></span> <span class='ocrx_word' id='word_1_860' title='bbox 1555 5259 1684 5306; x_wconf 85' lang='lat' dir='ltr'><strong>est:</strong></span> 
     </span>
    </p>
   </div>
   <div class='ocr_carea' id='block_1_108' title="bbox 183 5309 1690 5390">
    <p class='ocr_par' dir='ltr' id='par_1_108' title="bbox 183 5309 1690 5390">
     <span class='ocr_line' id='line_1_108' title="bbox 183 5309 1690 5390; baseline 0.001 -19"><span class='ocrx_word' id='word_1_861' title='bbox 183 5309 320 5371; x_wconf 70' lang='lat' dir='ltr'><strong>Unam</strong></span> <span class='ocrx_word' id='word_1_862' title='bbox 347 5339 452 5376; x_wconf 73' lang='lat' dir='ltr'><strong>uero</strong></span> <span class='ocrx_word' id='word_1_863' title='bbox 484 5334 819 5379; x_wconf 85' lang='lat' dir='ltr'><strong>mentem.....</strong></span> <span class='ocrx_word' id='word_1_864' title='bbox 847 5335 964 5390; x_wconf 79' lang='lat' dir='ltr'><strong>qute</strong></span> <span class='ocrx_word' id='word_1_865' title='bbox 1002 5336 1205 5374; x_wconf 88' lang='lat' dir='ltr'><strong>omnem</strong></span> <span class='ocrx_word' id='word_1_866' title='bbox 1235 5322 1541 5390; x_wconf 69' lang='lat' dir='ltr'><strong>produxerit</strong></span> <span class='ocrx_word' id='word_1_867' title='bbox 1573 5337 1690 5374; x_wconf 88' lang='lat' dir='ltr'><strong>cor-</strong></span> 
     </span>
    </p>
   </div>
   <div class='ocr_carea' id='block_1_109' title="bbox 180 5397 627 5452">
    <p class='ocr_par' dir='ltr' id='par_1_109' title="bbox 180 5397 627 5452">
     <span class='ocr_line' id='line_1_109' title="bbox 180 5397 627 5452; baseline 0.016 -12"><span class='ocrx_word' id='word_1_868' title='bbox 180 5397 349 5452; x_wconf 74' lang='grc' dir='ltr'>Ροηιιιιι</span> <span class='ocrx_word' id='word_1_869' title='bbox 375 5405 627 5447; x_wconf 77' lang='lat' dir='ltr'><strong>naturam.</strong></span> 
     </span>
    </p>
   </div>
   <div class='ocr_carea' id='block_1_110' title="bbox 185 5455 1688 5532">
    <p class='ocr_par' dir='ltr' id='par_1_110' title="bbox 185 5455 1688 5532">
     <span class='ocr_line' id='line_1_110' title="bbox 185 5455 1688 5532; baseline 0.004 -22"><span class='ocrx_word' id='word_1_870' title='bbox 185 5516 197 5532; x_wconf 76' lang='lat'><em>_</em></span> <span class='ocrx_word' id='word_1_871' title='bbox 239 5455 328 5525; x_wconf 70' lang='lat'><strong>(29}</strong></span> <span class='ocrx_word' id='word_1_872' title='bbox 351 5459 739 5532; x_wconf 81' lang='lat' dir='ltr'><strong>Omnipotentis.</strong></span> <span class='ocrx_word' id='word_1_873' title='bbox 771 5461 1006 5516; x_wconf 79' lang='lat' dir='ltr'><strong>Accusat</strong></span> <span class='ocrx_word' id='word_1_874' title='bbox 1039 5459 1322 5532; x_wconf 77' lang='lat' dir='ltr'><strong>Origenem</strong></span> <span class='ocrx_word' id='word_1_875' title='bbox 1352 5459 1688 5532; x_wconf 80' lang='lat' dir='ltr'><strong>Jttstinianus</strong></span> 
     </span>
    </p>
   </div>
   <div class='ocr_carea' id='block_1_111' title="bbox 184 5531 1683 5594">
    <p class='ocr_par' dir='ltr' id='par_1_111' title="bbox 184 5531 1683 5594">
     <span class='ocr_line' id='line_1_111' title="bbox 184 5531 1683 5594; baseline 0.003 -15"><span class='ocrx_word' id='word_1_876' title='bbox 184 5531 427 5592; x_wconf 76' lang='lat' dir='ltr'><strong>Imperator</strong></span> <span class='ocrx_word' id='word_1_877' title='bbox 453 5532 506 5586; x_wconf 90' lang='lat' dir='ltr'><strong>in</strong></span> <span class='ocrx_word' id='word_1_878' title='bbox 539 5549 637 5586; x_wconf 85' lang='lat' dir='ltr'><strong>suo</strong></span> <span class='ocrx_word' id='word_1_879' title='bbox 670 5541 857 5586; x_wconf 87' lang='lat' dir='ltr'><strong>contra</strong></span> <span class='ocrx_word' id='word_1_880' title='bbox 891 5532 1038 5585; x_wconf 93' lang='lat' dir='ltr'><strong>illum</strong></span> <span class='ocrx_word' id='word_1_881' title='bbox 1085 5531 1266 5584; x_wconf 87' lang='lat' dir='ltr'><strong>edicto</strong></span> <span class='ocrx_word' id='word_1_882' title='bbox 1311 5533 1376 5582; x_wconf 84' lang='lat' dir='ltr'><strong>ad</strong></span> <span class='ocrx_word' id='word_1_883' title='bbox 1410 5531 1683 5594; x_wconf 85' lang='lat' dir='ltr'><strong>Mennam,</strong></span> 
     </span>
    </p>
   </div>
   <div class='ocr_carea' id='block_1_112' title="bbox 185 5597 1685 5670">
    <p class='ocr_par' dir='ltr' id='par_1_112' title="bbox 185 5597 1685 5670">
     <span class='ocr_line' id='line_1_112' title="bbox 185 5597 1685 5670; baseline -0.003 -12"><span class='ocrx_word' id='word_1_884' title='bbox 185 5597 297 5658; x_wconf 72' lang='grc' dir='ltr'><strong>(Ιυικί</strong></span> <span class='ocrx_word' id='word_1_885' title='bbox 312 5601 381 5670; x_wconf 60' lang='lat' dir='ltr'><strong>de</strong></span> <span class='ocrx_word' id='word_1_886' title='bbox 403 5603 569 5655; x_wconf 80' lang='lat' dir='ltr'><strong>divina</strong></span> <span class='ocrx_word' id='word_1_887' title='bbox 602 5605 835 5670; x_wconf 87' lang='lat' dir='ltr'><strong>potentia</strong></span> <span class='ocrx_word' id='word_1_888' title='bbox 865 5618 970 5655; x_wconf 89' lang='lat' dir='ltr'><strong>non</strong></span> <span class='ocrx_word' id='word_1_889' title='bbox 1019 5611 1168 5655; x_wconf 87' lang='lat' dir='ltr'><strong>recte</strong></span> <span class='ocrx_word' id='word_1_890' title='bbox 1217 5600 1484 5654; x_wconf 87' lang='lat' dir='ltr'><strong>senserit:</strong></span> <span class='ocrx_word' id='word_1_891' title='bbox 1515 5602 1685 5668; x_wconf 85' lang='lat' dir='ltr'><strong>ipsius</strong></span> 
     </span>
    </p>
   </div>
   <div class='ocr_carea' id='block_1_113' title="bbox 185 5664 1686 5740">
    <p class='ocr_par' dir='ltr' id='par_1_113' title="bbox 185 5664 1686 5740">
     <span class='ocr_line' id='line_1_113' title="bbox 185 5664 1686 5740; baseline 0.002 -21"><span class='ocrx_word' id='word_1_892' title='bbox 185 5670 288 5740; x_wconf 53' lang='lat' dir='ltr'><strong>[ero</strong></span> <span class='ocrx_word' id='word_1_893' title='bbox 306 5664 525 5740; x_wconf 73' lang='lat' dir='ltr'><strong>Qrigenis</strong></span> <span class='ocrx_word' id='word_1_894' title='bbox 554 5664 716 5727; x_wconf 77' lang='lat' dir='ltr'><strong>verba</strong></span> <span class='ocrx_word' id='word_1_895' title='bbox 742 5671 917 5734; x_wconf 73' lang='lat' dir='ltr'><strong>affert,</strong></span> <span class='ocrx_word' id='word_1_896' title='bbox 943 5672 1140 5740; x_wconf 85' lang='lat' dir='ltr'><strong>quibus</strong></span> <span class='ocrx_word' id='word_1_897' title='bbox 1176 5670 1424 5723; x_wconf 90' lang='lat' dir='ltr'><strong>innititur</strong></span> <span class='ocrx_word' id='word_1_898' title='bbox 1460 5664 1686 5723; x_wconf 79' lang='lat' dir='ltr'><strong>accusa-</strong></span> 
     </span>
    </p>
   </div>
   <div class='ocr_carea' id='block_1_114' title="bbox 176 5734 1683 5818">
    <p class='ocr_par' dir='ltr' id='par_1_114' title="bbox 176 5734 1683 5818">
     <span class='ocr_line' id='line_1_114' title="bbox 176 5734 1683 5818; baseline 0.001 -25"><span class='ocrx_word' id='word_1_899' title='bbox 176 5734 265 5818; x_wconf 55' lang='lat' dir='ltr'><strong>ﬁo.</strong></span> <span class='ocrx_word' id='word_1_900' title='bbox 312 5734 435 5805; x_wconf 74' lang='lat' dir='ltr'><strong>Quin</strong></span> <span class='ocrx_word' id='word_1_901' title='bbox 480 5745 638 5798; x_wconf 83' lang='lat' dir='ltr'><strong>etiam</strong></span> <span class='ocrx_word' id='word_1_902' title='bbox 689 5743 829 5799; x_wconf 86' lang='lat' dir='ltr'><strong>inter</strong></span> <span class='ocrx_word' id='word_1_903' title='bbox 879 5734 1359 5798; x_wconf 79' lang='lat' dir='ltr'><strong>anathematismos</strong></span> <span class='ocrx_word' id='word_1_904' title='bbox 1410 5755 1441 5796; x_wconf 89' lang='lat' dir='ltr'><strong>a</strong></span> <span class='ocrx_word' id='word_1_905' title='bbox 1493 5740 1683 5808; x_wconf 87' lang='lat' dir='ltr'><strong>quinta</strong></span> 
     </span>
    </p>
   </div>
   <div class='ocr_carea' id='block_1_115' title="bbox 1862 4551 3353 4622">
    <p class='ocr_par' dir='ltr' id='par_1_115' title="bbox 1862 4551 3353 4622">
     <span class='ocr_line' id='line_1_115' title="bbox 1862 4551 3353 4622; baseline -0.001 -16"><span class='ocrx_word' id='word_1_906' title='bbox 1862 4554 1972 4622; x_wconf 77' lang='lat'><strong>(3|)</strong></span> <span class='ocrx_word' id='word_1_907' title='bbox 2009 4552 2391 4622; x_wconf 18' lang='lat' dir='ltr'><strong>Exwonmibns.</strong></span> <span class='ocrx_word' id='word_1_908' title='bbox 2430 4551 2533 4604; x_wconf 89' lang='lat' dir='ltr'><strong>Pro</strong></span> <span class='ocrx_word' id='word_1_909' title='bbox 2566 4551 3024 4622; x_wconf 60' lang='lat' dir='ltr'><strong>ovatov__tttiwwv,</strong></span> <span class='ocrx_word' id='word_1_910' title='bbox 3065 4551 3243 4604; x_wconf 87' lang='lat' dir='ltr'><strong>malim</strong></span> <span class='ocrx_word' id='word_1_911' title='bbox 3274 4551 3353 4604; x_wconf 79' lang='lat' dir='ltr'><strong>le-</strong></span> 
     </span>
    </p>
   </div>
   <div class='ocr_carea' id='block_1_116' title="bbox 1789 4618 3351 4693">
    <p class='ocr_par' dir='ltr' id='par_1_116' title="bbox 1789 4618 3351 4693">
     <span class='ocr_line' id='line_1_116' title="bbox 1789 4618 3351 4693; baseline -0.004 -16"><span class='ocrx_word' id='word_1_912' title='bbox 1789 4618 2030 4693; x_wconf 40' lang='grc' dir='ltr'>εθιίεςέν</span> <span class='ocrx_word' id='word_1_913' title='bbox 2064 4621 2172 4674; x_wconf 85' lang='grc' dir='ltr'><strong>τῶν</strong></span> <span class='ocrx_word' id='word_1_914' title='bbox 2202 4622 2418 4674; x_wconf 81' lang='grc' dir='ltr'>πάντων</span> <span class='ocrx_word' id='word_1_915' title='bbox 2440 4637 2453 4651; x_wconf 79' lang='grc'><strong>⁸</strong></span> <span class='ocrx_word' id='word_1_916' title='bbox 2486 4623 2535 4674; x_wconf 87' lang='lat' dir='ltr'><strong>id</strong></span> <span class='ocrx_word' id='word_1_917' title='bbox 2573 4631 2656 4693; x_wconf 68' lang='lat' dir='ltr'><strong>esi</strong></span> <span class='ocrx_word' id='word_1_918' title='bbox 2684 4661 2698 4685; x_wconf 94' lang='lat'><strong>,</strong></span> <span class='ocrx_word' id='word_1_919' title='bbox 2737 4618 2906 4674; x_wconf 87' lang='lat' dir='ltr'><strong>Unum</strong></span> <span class='ocrx_word' id='word_1_920' title='bbox 2954 4638 3019 4674; x_wconf 75' lang='lat' dir='ltr'><strong>ea:</strong></span> <span class='ocrx_word' id='word_1_921' title='bbox 3061 4623 3300 4693; x_wconf 67' lang='lat' dir='ltr'><strong>omnibus</strong></span> <span class='ocrx_word' id='word_1_922' title='bbox 3331 4639 3351 4678; x_wconf 88' lang='lat'><strong><em>:</em></strong></span> 
     </span>
    </p>
   </div>
   <div class='ocr_carea' id='block_1_117' title="bbox 1791 4689 3351 4762">
    <p class='ocr_par' dir='ltr' id='par_1_117' title="bbox 1791 4689 3351 4762">
     <span class='ocr_line' id='line_1_117' title="bbox 1791 4689 3351 4762; baseline -0.001 -17"><span class='ocrx_word' id='word_1_923' title='bbox 1791 4689 1850 4745; x_wconf 79' lang='lat' dir='ltr'><strong>ut</strong></span> <span class='ocrx_word' id='word_1_924' title='bbox 1875 4697 1975 4747; x_wconf 85' lang='lat' dir='ltr'><strong>huc</strong></span> <span class='ocrx_word' id='word_1_925' title='bbox 2013 4693 2140 4744; x_wconf 85' lang='lat' dir='ltr'><strong>velit</strong></span> <span class='ocrx_word' id='word_1_926' title='bbox 2175 4693 2450 4762; x_wconf 74' lang='lat' dir='ltr'><strong>Didymus,</strong></span> <span class='ocrx_word' id='word_1_927' title='bbox 2485 4706 2608 4762; x_wconf 89' lang='lat' dir='ltr'><strong>cum</strong></span> <span class='ocrx_word' id='word_1_928' title='bbox 2644 4691 2899 4760; x_wconf 81' lang='lat' dir='ltr'><strong>legimus,</strong></span> <span class='ocrx_word' id='word_1_929' title='bbox 2928 4692 3103 4743; x_wconf 87' lang='lat' dir='ltr'><strong>omnia</strong></span> <span class='ocrx_word' id='word_1_930' title='bbox 3129 4705 3222 4762; x_wconf 71' lang='lat' dir='ltr'><strong>per</strong></span> <span class='ocrx_word' id='word_1_931' title='bbox 3258 4689 3351 4762; x_wconf 70' lang='lat' dir='ltr'><strong>Fi-</strong></span> 
     </span>
    </p>
   </div>
   <div class='ocr_carea' id='block_1_118' title="bbox 1791 4759 3351 4827">
    <p class='ocr_par' dir='ltr' id='par_1_118' title="bbox 1791 4759 3351 4827">
     <span class='ocr_line' id='line_1_118' title="bbox 1791 4759 3351 4827; baseline -0.002 -13"><span class='ocrx_word' id='word_1_932' title='bbox 1791 4762 1918 4815; x_wconf 89' lang='lat' dir='ltr'><strong>lium</strong></span> <span class='ocrx_word' id='word_1_933' title='bbox 1969 4764 2106 4816; x_wconf 80' lang='lat' dir='ltr'><strong>facta</strong></span> <span class='ocrx_word' id='word_1_934' title='bbox 2170 4759 2309 4823; x_wconf 83' lang='lat' dir='ltr'><strong>esse,</strong></span> <span class='ocrx_word' id='word_1_935' title='bbox 2354 4760 2547 4813; x_wconf 76' lang='lat' dir='ltr'><strong>Filium</strong></span> <span class='ocrx_word' id='word_1_936' title='bbox 2599 4759 2768 4827; x_wconf 86' lang='lat' dir='ltr'><strong>ipsum</strong></span> <span class='ocrx_word' id='word_1_937' title='bbox 2810 4775 2941 4814; x_wconf 76' lang='lat' dir='ltr'><strong>voce</strong></span> <span class='ocrx_word' id='word_1_938' title='bbox 2975 4763 3062 4813; x_wconf 89' lang='lat' dir='ltr'><strong>illa</strong></span> <span class='ocrx_word' id='word_1_939' title='bbox 3092 4775 3105 4810; x_wconf 89' lang='lat'><strong>:</strong></span> <span class='ocrx_word' id='word_1_940' title='bbox 3135 4759 3351 4821; x_wconf 83' lang='lat' dir='ltr'><strong>Omnia.</strong></span> 
     </span>
    </p>
   </div>
   <div class='ocr_carea' id='block_1_119' title="bbox 1790 4828 3355 4900">
    <p class='ocr_par' dir='ltr' id='par_1_119' title="bbox 1790 4828 3355 4900">
     <span class='ocr_line' id='line_1_119' title="bbox 1790 4828 3355 4900; baseline -0.003 -14"><span class='ocrx_word' id='word_1_941' title='bbox 1790 4848 1895 4886; x_wconf 89' lang='lat' dir='ltr'><strong>non</strong></span> <span class='ocrx_word' id='word_1_942' title='bbox 1942 4831 2340 4900; x_wconf 86' lang='lat' dir='ltr'><strong>comprehendi.</strong></span> <span class='ocrx_word' id='word_1_943' title='bbox 2373 4830 2495 4900; x_wconf 26' lang='lat' dir='ltr'><strong>Alloc</strong></span> <span class='ocrx_word' id='word_1_944' title='bbox 2541 4845 2703 4884; x_wconf 87' lang='lat' dir='ltr'><strong>sensu</strong></span> <span class='ocrx_word' id='word_1_945' title='bbox 2758 4831 2810 4900; x_wconf 85' lang='lat' dir='ltr'><strong>in</strong></span> <span class='ocrx_word' id='word_1_946' title='bbox 2873 4831 3011 4884; x_wconf 90' lang='lat' dir='ltr'><strong>libro</strong></span> <span class='ocrx_word' id='word_1_947' title='bbox 3043 4829 3118 4882; x_wconf 87' lang='lat' dir='ltr'><strong>Dc</strong></span> <span class='ocrx_word' id='word_1_948' title='bbox 3147 4828 3355 4897; x_wconf 84' lang='lat' dir='ltr'><strong>Spiritu</strong></span> 
     </span>
    </p>
   </div>
   <div class='ocr_carea' id='block_1_120' title="bbox 1789 4897 3355 4969">
    <p class='ocr_par' dir='ltr' id='par_1_120' title="bbox 1789 4897 3355 4969">
     <span class='ocr_line' id='line_1_120' title="bbox 1789 4897 3355 4969; baseline -0.001 -14"><span class='ocrx_word' id='word_1_949' title='bbox 1789 4913 1989 4965; x_wconf 89' lang='lat' dir='ltr'><strong>sancto,</strong></span> <span class='ocrx_word' id='word_1_950' title='bbox 2022 4897 2168 4955; x_wconf 83' lang='lat' dir='ltr'><strong>num.</strong></span> <span class='ocrx_word' id='word_1_951' title='bbox 2211 4901 2277 4953; x_wconf 79' lang='grc'><strong>15</strong></span> <span class='ocrx_word' id='word_1_952' title='bbox 2312 4917 2326 4953; x_wconf 88' lang='lat'><strong>:</strong></span> <span class='ocrx_word' id='word_1_953' title='bbox 2361 4898 2540 4965; x_wconf 80' lang='lat' dir='ltr'><strong>Neque</strong></span> <span class='ocrx_word' id='word_1_954' title='bbox 2587 4904 2725 4952; x_wconf 86' lang='lat' dir='ltr'><strong>enim</strong></span> <span class='ocrx_word' id='word_1_955' title='bbox 2777 4897 3021 4969; x_wconf 85' lang='lat' dir='ltr'><strong>(inquit),</strong></span> <span class='ocrx_word' id='word_1_956' title='bbox 3070 4915 3230 4950; x_wconf 84' lang='lat' dir='ltr'><strong>unum</strong></span> <span class='ocrx_word' id='word_1_957' title='bbox 3285 4914 3355 4954; x_wconf 75' lang='lat' dir='ltr'><strong>ea:</strong></span> 
     </span>
    </p>
   </div>
   <div class='ocr_carea' id='block_1_121' title="bbox 1789 4968 3354 5036">
    <p class='ocr_par' dir='ltr' id='par_1_121' title="bbox 1789 4968 3354 5036">
     <span class='ocr_line' id='line_1_121' title="bbox 1789 4968 3354 5036; baseline 0 -13"><span class='ocrx_word' id='word_1_958' title='bbox 1789 4971 2048 5034; x_wconf 85' lang='lat' dir='ltr'><strong>omnibus,</strong></span> <span class='ocrx_word' id='word_1_959' title='bbox 2081 4974 2169 5024; x_wconf 87' lang='lat' dir='ltr'><strong>sed</strong></span> <span class='ocrx_word' id='word_1_960' title='bbox 2216 4971 2363 5023; x_wconf 82' lang='lat' dir='ltr'><strong>aliud</strong></span> <span class='ocrx_word' id='word_1_961' title='bbox 2400 4979 2550 5023; x_wconf 70' lang='lat' dir='ltr'><strong>extra</strong></span> <span class='ocrx_word' id='word_1_962' title='bbox 2580 4971 2754 5021; x_wconf 89' lang='lat' dir='ltr'><strong>omnia</strong></span> <span class='ocrx_word' id='word_1_963' title='bbox 2791 4968 2892 5036; x_wconf 72' lang='lat' dir='ltr'><strong>per</strong></span> <span class='ocrx_word' id='word_1_964' title='bbox 2918 4968 3263 5023; x_wconf 85' lang='lat' dir='ltr'><strong>substantiam</strong></span> <span class='ocrx_word' id='word_1_965' title='bbox 3287 4985 3354 5023; x_wconf 78' lang='lat' dir='ltr'><strong>ea:</strong></span> 
     </span>
    </p>
   </div>
   <div class='ocr_carea' id='block_1_122' title="bbox 1790 5038 3350 5111">
    <p class='ocr_par' dir='ltr' id='par_1_122' title="bbox 1790 5038 3350 5111">
     <span class='ocr_line' id='line_1_122' title="bbox 1790 5038 3350 5111; baseline 0.001 -19"><span class='ocrx_word' id='word_1_966' title='bbox 1790 5054 2005 5111; x_wconf 86' lang='lat' dir='ltr'><strong>utroque</strong></span> <span class='ocrx_word' id='word_1_967' title='bbox 2036 5041 2254 5109; x_wconf 88' lang='lat' dir='ltr'><strong>(desunt</strong></span> <span class='ocrx_word' id='word_1_968' title='bbox 2305 5054 2480 5101; x_wconf 81' lang='lat' dir='ltr'><strong>voces,</strong></span> <span class='ocrx_word' id='word_1_969' title='bbox 2512 5054 2584 5111; x_wconf 55' lang='grc' dir='ltr'>εξ</span> <span class='ocrx_word' id='word_1_970' title='bbox 2610 5051 2846 5111; x_wconf 78' lang='lat' dir='ltr'><strong>utroque,</strong></span> <span class='ocrx_word' id='word_1_971' title='bbox 2900 5038 2953 5092; x_wconf 92' lang='lat' dir='ltr'><strong>in</strong></span> <span class='ocrx_word' id='word_1_972' title='bbox 3015 5048 3199 5094; x_wconf 87' lang='lat' dir='ltr'><strong>nostro</strong></span> <span class='ocrx_word' id='word_1_973' title='bbox 3248 5056 3350 5094; x_wconf 86' lang='lat' dir='ltr'><strong>ms.</strong></span> 
     </span>
    </p>
   </div>
   <div class='ocr_carea' id='block_1_123' title="bbox 1791 5107 3039 5182">
    <p class='ocr_par' dir='ltr' id='par_1_123' title="bbox 1791 5107 3039 5182">
     <span class='ocr_line' id='line_1_123' title="bbox 1791 5107 3039 5182; baseline -0.002 -17"><span class='ocrx_word' id='word_1_974' title='bbox 1791 5107 1994 5182; x_wconf 77' lang='lat' dir='ltr'><strong>codice)</strong></span> <span class='ocrx_word' id='word_1_975' title='bbox 2017 5107 2405 5182; x_wconf 61' lang='lat' dir='ltr'><strong>demonstratus</strong></span> <span class='ocrx_word' id='word_1_976' title='bbox 2435 5117 2509 5182; x_wconf 85' lang='lat' dir='ltr'><strong>e_st</strong></span> <span class='ocrx_word' id='word_1_977' title='bbox 2547 5107 3039 5182; x_wconf 42' lang='lat' dir='ltr'><strong>Spiritu‘snsanctus.</strong></span> 
     </span>
    </p>
   </div>
   <div class='ocr_carea' id='block_1_124' title="bbox 1860 5175 3134 5250">
    <p class='ocr_par' dir='ltr' id='par_1_124' title="bbox 1860 5175 3134 5250">
     <span class='ocr_line' id='line_1_124' title="bbox 1860 5175 3134 5250; baseline 0.002 -18"><span class='ocrx_word' id='word_1_978' title='bbox 1860 5175 1985 5250; x_wconf 58' lang='lat' dir='ltr'><strong>(Mi</strong></span> <span class='ocrx_word' id='word_1_979' title='bbox 2005 5179 2116 5250; x_wconf 84' lang='lat' dir='ltr'><strong>Ego</strong></span> <span class='ocrx_word' id='word_1_980' title='bbox 2146 5195 2282 5243; x_wconf 88' lang='lat' dir='ltr'><strong>sum,</strong></span> <span class='ocrx_word' id='word_1_981' title='bbox 2314 5191 2418 5250; x_wconf 78' lang='lat' dir='ltr'><strong>etc.</strong></span> <span class='ocrx_word' id='word_1_982' title='bbox 2445 5176 2605 5250; x_wconf 50' lang='lat' dir='ltr'><strong>Juan.</strong></span> <span class='ocrx_word' id='word_1_983' title='bbox 2629 5193 2706 5250; x_wconf 64' lang='lat' dir='ltr'><strong>tu,</strong></span> <span class='ocrx_word' id='word_1_984' title='bbox 2731 5175 2832 5244; x_wconf 70' lang='lat'><strong>25;</strong></span> <span class='ocrx_word' id='word_1_985' title='bbox 2855 5189 2910 5231; x_wconf 91' lang='lat' dir='ltr'><strong>et</strong></span> <span class='ocrx_word' id='word_1_986' title='bbox 2941 5196 3052 5246; x_wconf 69' lang='lat' dir='ltr'><strong>xiv,</strong></span> <span class='ocrx_word' id='word_1_987' title='bbox 3083 5179 3134 5235; x_wconf 75' lang='lat'><strong>6.</strong></span> 
     </span>
    </p>
   </div>
   <div class='ocr_carea' id='block_1_125' title="bbox 1862 5246 3354 5320">
    <p class='ocr_par' dir='ltr' id='par_1_125' title="bbox 1862 5246 3354 5320">
     <span class='ocr_line' id='line_1_125' title="bbox 1862 5246 3354 5320; baseline -0.001 -16"><span class='ocrx_word' id='word_1_988' title='bbox 1862 5246 1971 5320; x_wconf 82' lang='grc'>(55)</span> <span class='ocrx_word' id='word_1_989' title='bbox 2001 5246 2297 5319; x_wconf 69' lang='grc' dir='ltr'><strong>Αρηἱιίοηι.</strong></span> <span class='ocrx_word' id='word_1_990' title='bbox 2333 5247 2556 5320; x_wconf 80' lang='lat' dir='ltr'><strong>Locutio</strong></span> <span class='ocrx_word' id='word_1_991' title='bbox 2577 5247 2800 5320; x_wconf 84' lang='lat' dir='ltr'><strong>Biblica,</strong></span> <span class='ocrx_word' id='word_1_992' title='bbox 2825 5246 3354 5320; x_wconf 17' lang='lat' dir='ltr'><strong>quaiextremijudi-</strong></span> 
     </span>
    </p>
   </div>
   <div class='ocr_carea' id='block_1_126' title="bbox 1789 5317 3356 5386">
    <p class='ocr_par' dir='ltr' id='par_1_126' title="bbox 1789 5317 3356 5386">
     <span class='ocr_line' id='line_1_126' title="bbox 1789 5317 3356 5386; baseline -0.003 -12"><span class='ocrx_word' id='word_1_993' title='bbox 1789 5317 1879 5374; x_wconf 30' lang='lat' dir='ltr'><strong>cii‘</strong></span> <span class='ocrx_word' id='word_1_994' title='bbox 1919 5317 2064 5373; x_wconf 55' lang='lat' dir='ltr'><strong>dies&#39;</strong></span> <span class='ocrx_word' id='word_1_995' title='bbox 2091 5321 2400 5386; x_wconf 77' lang='lat' dir='ltr'><strong>designatur</strong></span> <span class='ocrx_word' id='word_1_996' title='bbox 2433 5335 2446 5369; x_wconf 91' lang='lat'>:</span> <span class='ocrx_word' id='word_1_997' title='bbox 2481 5317 2593 5371; x_wconf 64' lang='lat' dir='ltr'><strong>haec</strong></span> <span class='ocrx_word' id='word_1_998' title='bbox 2644 5318 2789 5370; x_wconf 90' lang='lat' dir='ltr'><strong>enim</strong></span> <span class='ocrx_word' id='word_1_999' title='bbox 2843 5324 2894 5372; x_wconf 87' lang='lat' dir='ltr'><strong>in</strong></span> <span class='ocrx_word' id='word_1_1000' title='bbox 2933 5319 3115 5373; x_wconf 83' lang='lat' dir='ltr'><strong>Sacris</strong></span> <span class='ocrx_word' id='word_1_1001' title='bbox 3168 5317 3356 5371; x_wconf 85' lang='lat' dir='ltr'><strong>Bibliis</strong></span> 
     </span>
    </p>
   </div>
   <div class='ocr_carea' id='block_1_127' title="bbox 1790 5387 3356 5460">
    <p class='ocr_par' dir='ltr' id='par_1_127' title="bbox 1790 5387 3356 5460">
     <span class='ocr_line' id='line_1_127' title="bbox 1790 5387 3356 5460; baseline -0.001 -19"><span class='ocrx_word' id='word_1_1002' title='bbox 1790 5389 1972 5460; x_wconf 81' lang='grc' dir='ltr'>ἡμέρα</span> <span class='ocrx_word' id='word_1_1003' title='bbox 2003 5387 2363 5456; x_wconf 84' lang='grc' dir='ltr'>διαγνώσεως,</span> <span class='ocrx_word' id='word_1_1004' title='bbox 2397 5387 2463 5460; x_wconf 78' lang='lat' dir='ltr'><strong>id</strong></span> <span class='ocrx_word' id='word_1_1005' title='bbox 2523 5401 2624 5460; x_wconf 86' lang='lat' dir='ltr'><strong>est,</strong></span> <span class='ocrx_word' id='word_1_1006' title='bbox 2677 5389 2784 5441; x_wconf 85' lang='lat' dir='ltr'><strong>dies</strong></span> <span class='ocrx_word' id='word_1_1007' title='bbox 2812 5390 3131 5460; x_wconf 77' lang='lat' dir='ltr'><strong>agnitionis,</strong></span> <span class='ocrx_word' id='word_1_1008' title='bbox 3160 5389 3356 5460; x_wconf 83' lang='lat' dir='ltr'><strong>dicitur</strong></span> 
     </span>
    </p>
   </div>
   <div class='ocr_carea' id='block_1_128' title="bbox 1791 5457 3352 5526">
    <p class='ocr_par' dir='ltr' id='par_1_128' title="bbox 1791 5457 3352 5526">
     <span class='ocr_line' id='line_1_128' title="bbox 1791 5457 3352 5526; baseline -0.003 -11"><span class='ocrx_word' id='word_1_1009' title='bbox 1791 5457 2152 5514; x_wconf 84' lang='lat' dir='ltr'><strong>Ecclesiastici</strong></span> <span class='ocrx_word' id='word_1_1010' title='bbox 2192 5474 2356 5524; x_wconf 75' lang='lat' dir='ltr'><strong>xxvu,</strong></span> <span class='ocrx_word' id='word_1_1011' title='bbox 2389 5457 2453 5523; x_wconf 88' lang='lat'><strong>9;</strong></span> <span class='ocrx_word' id='word_1_1012' title='bbox 2483 5467 2536 5512; x_wconf 91' lang='lat' dir='ltr'><strong>et</strong></span> <span class='ocrx_word' id='word_1_1013' title='bbox 2566 5459 2692 5525; x_wconf 82' lang='lat' dir='ltr'><strong>Sap.</strong></span> <span class='ocrx_word' id='word_1_1014' title='bbox 2731 5473 2811 5522; x_wconf 87' lang='grc' dir='ltr'>ιιι,</span> <span class='ocrx_word' id='word_1_1015' title='bbox 2858 5459 2944 5518; x_wconf 81' lang='lat' dir='ltr'><strong>l8.</strong></span> <span class='ocrx_word' id='word_1_1016' title='bbox 2995 5461 3082 5510; x_wconf 88' lang='lat' dir='ltr'><strong>ubi</strong></span> <span class='ocrx_word' id='word_1_1017' title='bbox 3123 5459 3352 5526; x_wconf 79' lang='lat' dir='ltr'><strong>legitur:</strong></span> 
     </span>
    </p>
   </div>
   <div class='ocr_carea' id='block_1_129' title="bbox 1792 5528 3355 5598">
    <p class='ocr_par' dir='ltr' id='par_1_129' title="bbox 1792 5528 3355 5598">
     <span class='ocr_line' id='line_1_129' title="bbox 1792 5528 3355 5598; baseline -0.003 -16"><span class='ocrx_word' id='word_1_1018' title='bbox 1792 5530 1860 5582; x_wconf 81' lang='lat' dir='ltr'><strong>Et</strong></span> <span class='ocrx_word' id='word_1_1019' title='bbox 1894 5531 1938 5583; x_wconf 88' lang='lat' dir='ltr'><strong>si</strong></span> <span class='ocrx_word' id='word_1_1020' title='bbox 1982 5529 2196 5582; x_wconf 87' lang='lat' dir='ltr'><strong>celerius</strong></span> <span class='ocrx_word' id='word_1_1021' title='bbox 2224 5528 2480 5598; x_wconf 62' lang='lat' dir='ltr'><strong>defanui</strong></span> <span class='ocrx_word' id='word_1_1022' title='bbox 2512 5529 2732 5596; x_wconf 77' lang='lat' dir='ltr'><strong>fuerint,</strong></span> <span class='ocrx_word' id='word_1_1023' title='bbox 2758 5545 2874 5598; x_wconf 83' lang='lat' dir='ltr'><strong>non</strong></span> <span class='ocrx_word' id='word_1_1024' title='bbox 2905 5529 3172 5598; x_wconf 72' lang='lat' dir='ltr'><strong>habebunt</strong></span> <span class='ocrx_word' id='word_1_1025' title='bbox 3189 5543 3355 5598; x_wconf 78' lang='lat' dir='ltr'><strong>spem,</strong></span> 
     </span>
    </p>
   </div>
   <div class='ocr_carea' id='block_1_130' title="bbox 1793 5595 3360 5723">
    <p class='ocr_par' dir='ltr' id='par_1_130' title="bbox 1793 5595 3360 5723">
     <span class='ocr_line' id='line_1_130' title="bbox 1793 5595 3360 5670; baseline 0.001 -20"><span class='ocrx_word' id='word_1_1026' title='bbox 1793 5616 1884 5652; x_wconf 84' lang='lat' dir='ltr'><strong>nec</strong></span> <span class='ocrx_word' id='word_1_1027' title='bbox 1908 5600 1958 5651; x_wconf 90' lang='lat' dir='ltr'><strong>in</strong></span> <span class='ocrx_word' id='word_1_1028' title='bbox 1988 5601 2070 5652; x_wconf 84' lang='lat' dir='ltr'><strong>die</strong></span> <span class='ocrx_word' id='word_1_1029' title='bbox 2095 5595 2375 5666; x_wconf 81' lang='lat' dir='ltr'><strong>agnitionis</strong></span> <span class='ocrx_word' id='word_1_1030' title='bbox 2425 5597 2652 5669; x_wconf 70' lang='lat' dir='ltr'><strong>(Graece,</strong></span> <span class='ocrx_word' id='word_1_1031' title='bbox 2682 5600 2740 5654; x_wconf 80' lang='grc' dir='ltr'>ὲν</span> <span class='ocrx_word' id='word_1_1032' title='bbox 2770 5597 2955 5670; x_wconf 73' lang='grc' dir='ltr'>ἡμέρᾳ</span> <span class='ocrx_word' id='word_1_1033' title='bbox 2983 5595 3360 5670; x_wconf 78' lang='grc' dir='ltr'>διαγνώσεως)</span> 
     </span>
     <span class='ocr_line' id='line_1_131' title="bbox 1793 5669 2182 5723; baseline -0.003 0"><span class='ocrx_word' id='word_1_1034' title='bbox 1793 5669 2182 5723; x_wconf 82' lang='lat' dir='ltr'><strong>allocutionem.</strong></span> 
     </span>
    </p>
   </div>
   <div class='ocr_carea' id='block_1_131' title="bbox 1793 5678 2182 5726">
    <p class='ocr_par' dir='ltr' id='par_1_131' title="bbox 1793 5678 2182 5726">
     <span class='ocr_line' id='line_1_132' title="bbox 1793 5678 2182 5726; baseline 0.003 -3"><span class='ocrx_word' id='word_1_1035' title='bbox 1793 5678 2182 5726; x_wconf 80' lang='lat' dir='ltr'><strong>allocutionem.</strong></span> 
     </span>
    </p>
   </div>
  </div>
