  <div class='ocr_page' id='page_1' title='image "/cluster/home/n/w/nwhite01/storage/ocr_20150623/39/hvd.32044019207778/159.png"; bbox 0 0 3708 6322; ppageno 0'>
   <div class='ocr_carea' id='block_1_1' title="bbox 387 318 493 373">
    <p class='ocr_par' dir='ltr' id='par_1_1' title="bbox 387 318 493 373">
     <span class='ocr_line' id='line_1_1' title="bbox 387 318 493 373; baseline 0 -1"><span class='ocrx_word' id='word_1_1' title='bbox 387 318 493 373; x_wconf 76' lang='lat'><strong>505</strong></span> 
     </span>
    </p>
   </div>
   <div class='ocr_carea' id='block_1_2' title="bbox 1628 296 3576 361">
    <p class='ocr_par' dir='ltr' id='par_1_2' title="bbox 1628 296 3576 361">
     <span class='ocr_line' id='line_1_2' title="bbox 1628 296 3576 361; baseline -0.003 -1"><span class='ocrx_word' id='word_1_2' title='bbox 1628 306 1862 361; x_wconf 82' lang='lat' dir='ltr'><strong>DlDYMl</strong></span> <span class='ocrx_word' id='word_1_3' title='bbox 1904 301 2365 357; x_wconf 68' lang='lat' dir='ltr'><strong>ALEXANDRINI</strong></span> <span class='ocrx_word' id='word_1_4' title='bbox 3497 296 3576 354; x_wconf 68' lang='grc' dir='ltr'><strong>ἵ)οἆ</strong></span> 
     </span>
    </p>
   </div>
   <div class='ocr_carea' id='block_1_3' title="bbox 384 413 3579 490">
    <p class='ocr_par' dir='ltr' id='par_1_3' title="bbox 384 413 3579 490">
     <span class='ocr_line' id='line_1_3' title="bbox 384 413 3579 490; baseline -0.007 -2"><span class='ocrx_word' id='word_1_5' title='bbox 384 433 527 488; x_wconf 86' lang='lat' dir='ltr'><strong>enim</strong></span> <span class='ocrx_word' id='word_1_6' title='bbox 560 432 660 490; x_wconf 86' lang='lat' dir='ltr'><strong>sibi</strong></span> <span class='ocrx_word' id='word_1_7' title='bbox 692 431 1115 487; x_wconf 80' lang='lat' dir='ltr'><strong>vultzlncreata</strong></span> <span class='ocrx_word' id='word_1_8' title='bbox 1161 432 1276 485; x_wconf 68' lang='lat' dir='ltr'><strong>haec</strong></span> <span class='ocrx_word' id='word_1_9' title='bbox 1328 429 1434 482; x_wconf 88' lang='lat' dir='ltr'><strong>vita</strong></span> <span class='ocrx_word' id='word_1_10' title='bbox 1491 437 1729 483; x_wconf 79' lang='lat' dir='ltr'><strong>creatam</strong></span> <span class='ocrx_word' id='word_1_11' title='bbox 1779 428 2057 481; x_wconf 89' lang='lat' dir='ltr'><strong>hominum</strong></span> <span class='ocrx_word' id='word_1_12' title='bbox 2092 436 2337 479; x_wconf 88' lang='lat' dir='ltr'><strong>naturam</strong></span> <span class='ocrx_word' id='word_1_13' title='bbox 2387 422 2516 476; x_wconf 87' lang='lat' dir='ltr'><strong>facit</strong></span> <span class='ocrx_word' id='word_1_14' title='bbox 2565 420 2970 475; x_wconf 86' lang='lat' dir='ltr'><strong>subsistentem.</strong></span> <span class='ocrx_word' id='word_1_15' title='bbox 3020 414 3189 479; x_wconf 88' lang='lat' dir='ltr'><strong>Illud,</strong></span> <span class='ocrx_word' id='word_1_16' title='bbox 3224 414 3289 467; x_wconf 85' lang='lat' dir='ltr'><strong>Et</strong></span> <span class='ocrx_word' id='word_1_17' title='bbox 3341 413 3426 466; x_wconf 75' lang='lat' dir='ltr'><strong>lux</strong></span> <span class='ocrx_word' id='word_1_18' title='bbox 3460 415 3502 467; x_wconf 86' lang='lat' dir='ltr'><strong>in</strong></span> <span class='ocrx_word' id='word_1_19' title='bbox 3524 428 3579 472; x_wconf 81' lang='lat' dir='ltr'><strong>te-</strong></span> 
     </span>
    </p>
   </div>
   <div class='ocr_carea' id='block_1_4' title="bbox 387 510 3579 593">
    <p class='ocr_par' dir='ltr' id='par_1_4' title="bbox 387 510 3579 593">
     <span class='ocr_line' id='line_1_4' title="bbox 387 510 3579 593; baseline -0.004 -14"><span class='ocrx_word' id='word_1_20' title='bbox 387 526 558 579; x_wconf 85' lang='lat' dir='ltr'><strong>nebris</strong></span> <span class='ocrx_word' id='word_1_21' title='bbox 591 525 745 590; x_wconf 86' lang='lat' dir='ltr'><strong>lucet,</strong></span> <span class='ocrx_word' id='word_1_22' title='bbox 771 539 819 581; x_wconf 83' lang='lat' dir='ltr'><strong>et</strong></span> <span class='ocrx_word' id='word_1_23' title='bbox 859 529 1080 580; x_wconf 82' lang='lat' dir='ltr'><strong>renebra:</strong></span> <span class='ocrx_word' id='word_1_24' title='bbox 1108 542 1222 579; x_wconf 91' lang='lat' dir='ltr'><strong>eam</strong></span> <span class='ocrx_word' id='word_1_25' title='bbox 1255 541 1357 578; x_wconf 89' lang='lat' dir='ltr'><strong>non</strong></span> <span class='ocrx_word' id='word_1_26' title='bbox 1380 524 1893 593; x_wconf 83' lang='lat' dir='ltr'><strong>comprehenderunt,</strong></span> <span class='ocrx_word' id='word_1_27' title='bbox 1923 520 2203 575; x_wconf 74' lang='lat' dir='ltr'><strong>haereticas</strong></span> <span class='ocrx_word' id='word_1_28' title='bbox 2249 518 2587 589; x_wconf 89' lang='lat' dir='ltr'><strong>opinationes</strong></span> <span class='ocrx_word' id='word_1_29' title='bbox 2633 513 2909 585; x_wconf 81' lang='lat' dir='ltr'><strong>proﬂigat;</strong></span> <span class='ocrx_word' id='word_1_30' title='bbox 2938 525 3134 566; x_wconf 84' lang='lat' dir='ltr'><strong>arcana</strong></span> <span class='ocrx_word' id='word_1_31' title='bbox 3162 510 3304 564; x_wconf 87' lang='lat' dir='ltr'><strong>enim</strong></span> <span class='ocrx_word' id='word_1_32' title='bbox 3327 548 3343 573; x_wconf 92' lang='lat'><strong>,</strong></span> <span class='ocrx_word' id='word_1_33' title='bbox 3388 518 3437 563; x_wconf 87' lang='lat' dir='ltr'><strong>et</strong></span> <span class='ocrx_word' id='word_1_34' title='bbox 3458 510 3579 567; x_wconf 82' lang='lat' dir='ltr'><strong>valde</strong></span> 
     </span>
    </p>
   </div>
   <div class='ocr_carea' id='block_1_5' title="bbox 389 607 3581 689">
    <p class='ocr_par' dir='ltr' id='par_1_5' title="bbox 389 607 3581 689">
     <span class='ocr_line' id='line_1_5' title="bbox 389 607 3581 689; baseline -0.004 -16"><span class='ocrx_word' id='word_1_35' title='bbox 389 622 500 674; x_wconf 88' lang='lat' dir='ltr'><strong>acri</strong></span> <span class='ocrx_word' id='word_1_36' title='bbox 556 622 767 675; x_wconf 88' lang='lat' dir='ltr'><strong>ratione</strong></span> <span class='ocrx_word' id='word_1_37' title='bbox 830 622 931 674; x_wconf 85' lang='lat' dir='ltr'><strong>hoc</strong></span> <span class='ocrx_word' id='word_1_38' title='bbox 988 620 1261 689; x_wconf 77' lang='lat' dir='ltr'><strong>significat</strong></span> <span class='ocrx_word' id='word_1_39' title='bbox 1305 635 1320 671; x_wconf 92' lang='lat'><strong>:</strong></span> <span class='ocrx_word' id='word_1_40' title='bbox 1368 619 1730 687; x_wconf 89' lang='lat' dir='ltr'><strong>quodcunque</strong></span> <span class='ocrx_word' id='word_1_41' title='bbox 1759 626 1967 686; x_wconf 89' lang='lat' dir='ltr'><strong>tempus</strong></span> <span class='ocrx_word' id='word_1_42' title='bbox 2003 624 2243 685; x_wconf 87' lang='lat' dir='ltr'><strong>tempore</strong></span> <span class='ocrx_word' id='word_1_43' title='bbox 2297 612 2558 676; x_wconf 78' lang='lat' dir='ltr'><strong>anterius,</strong></span> <span class='ocrx_word' id='word_1_44' title='bbox 2596 620 2689 665; x_wconf 91' lang='lat' dir='ltr'><strong>aut</strong></span> <span class='ocrx_word' id='word_1_45' title='bbox 2744 607 3080 663; x_wconf 66' lang='lat' dir='ltr'><strong>individuum</strong></span> <span class='ocrx_word' id='word_1_46' title='bbox 3146 613 3484 667; x_wconf 84' lang='lat' dir='ltr'><strong>momentum,</strong></span> <span class='ocrx_word' id='word_1_47' title='bbox 3512 620 3581 661; x_wconf 85' lang='lat' dir='ltr'><strong>aut</strong></span> 
     </span>
    </p>
   </div>
   <div class='ocr_carea' id='block_1_6' title="bbox 387 696 3580 782">
    <p class='ocr_par' dir='ltr' id='par_1_6' title="bbox 387 696 3580 782">
     <span class='ocr_line' id='line_1_6' title="bbox 387 696 3580 782; baseline -0.007 -15"><span class='ocrx_word' id='word_1_48' title='bbox 387 713 581 767; x_wconf 64' lang='lat' dir='ltr'><strong>secula</strong></span> <span class='ocrx_word' id='word_1_49' title='bbox 612 712 919 782; x_wconf 76' lang='lat' dir='ltr'><strong>praecedens</strong></span> <span class='ocrx_word' id='word_1_50' title='bbox 948 712 1200 767; x_wconf 70' lang='lat' dir='ltr'><strong>sacculum</strong></span> <span class='ocrx_word' id='word_1_51' title='bbox 1231 711 1561 779; x_wconf 87' lang='lat' dir='ltr'><strong>conceperis,</strong></span> <span class='ocrx_word' id='word_1_52' title='bbox 1598 711 1749 763; x_wconf 90' lang='lat' dir='ltr'><strong>ineo</strong></span> <span class='ocrx_word' id='word_1_53' title='bbox 1802 709 1971 761; x_wconf 84' lang='lat' dir='ltr'><strong>lucere</strong></span> <span class='ocrx_word' id='word_1_54' title='bbox 2032 707 2263 761; x_wconf 86' lang='lat' dir='ltr'><strong>Verbum</strong></span> <span class='ocrx_word' id='word_1_55' title='bbox 2331 706 2659 775; x_wconf 87' lang='lat' dir='ltr'><strong>serupiterne</strong></span> <span class='ocrx_word' id='word_1_56' title='bbox 2722 711 2781 756; x_wconf 89' lang='lat' dir='ltr'><strong>ut</strong></span> <span class='ocrx_word' id='word_1_57' title='bbox 2842 698 3255 769; x_wconf 79' lang='lat' dir='ltr'><strong>inseparabilem</strong></span> <span class='ocrx_word' id='word_1_58' title='bbox 3302 696 3580 759; x_wconf 68' lang='lat' dir='ltr'><strong>splendorem</strong></span> 
     </span>
    </p>
   </div>
   <div class='ocr_carea' id='block_1_7' title="bbox 387 788 3579 872">
    <p class='ocr_par' dir='ltr' id='par_1_7' title="bbox 387 788 3579 872">
     <span class='ocr_line' id='line_1_7' title="bbox 387 788 3579 872; baseline -0.006 -12"><span class='ocrx_word' id='word_1_59' title='bbox 387 806 520 867; x_wconf 90' lang='lat' dir='ltr'><strong>Dei,</strong></span> <span class='ocrx_word' id='word_1_60' title='bbox 556 820 619 857; x_wconf 89' lang='lat' dir='ltr'><strong>ac</strong></span> <span class='ocrx_word' id='word_1_61' title='bbox 655 805 887 857; x_wconf 82' lang='lat' dir='ltr'><strong>tenebras</strong></span> <span class='ocrx_word' id='word_1_62' title='bbox 941 818 1047 857; x_wconf 90' lang='lat' dir='ltr'><strong>non</strong></span> <span class='ocrx_word' id='word_1_63' title='bbox 1097 803 1425 857; x_wconf 76' lang='lat' dir='ltr'><strong>exsistentia:</strong></span> <span class='ocrx_word' id='word_1_64' title='bbox 1455 816 1727 871; x_wconf 82' lang='lat' dir='ltr'><strong>nunquam</strong></span> <span class='ocrx_word' id='word_1_65' title='bbox 1751 801 1925 872; x_wconf 92' lang='lat' dir='ltr'><strong>ipsum</strong></span> <span class='ocrx_word' id='word_1_66' title='bbox 1953 798 2417 869; x_wconf 77' lang='lat' dir='ltr'><strong>comprehendisse.</strong></span> <span class='ocrx_word' id='word_1_67' title='bbox 2450 796 2602 860; x_wconf 87' lang='lat' dir='ltr'><strong>Illud,</strong></span> <span class='ocrx_word' id='word_1_68' title='bbox 2632 793 2966 862; x_wconf 90' lang='lat' dir='ltr'><strong>Omnipotens</strong></span> <span class='ocrx_word' id='word_1_69' title='bbox 3016 789 3151 859; x_wconf 69' lang='grc'>(54),</span> <span class='ocrx_word' id='word_1_70' title='bbox 3187 801 3254 843; x_wconf 89' lang='lat' dir='ltr'><strong>ne</strong></span> <span class='ocrx_word' id='word_1_71' title='bbox 3301 788 3579 855; x_wconf 81' lang='lat' dir='ltr'><strong>interpreta-</strong></span> 
     </span>
    </p>
   </div>
   <div class='ocr_carea' id='block_1_8' title="bbox 389 882 3585 972">
    <p class='ocr_par' dir='ltr' id='par_1_8' title="bbox 389 882 3585 972">
     <span class='ocr_line' id='line_1_8' title="bbox 389 882 3585 972; baseline -0.005 -17"><span class='ocrx_word' id='word_1_72' title='bbox 389 904 549 957; x_wconf 87' lang='lat' dir='ltr'><strong>tionis</strong></span> <span class='ocrx_word' id='word_1_73' title='bbox 587 901 799 972; x_wconf 89' lang='lat' dir='ltr'><strong>quidem</strong></span> <span class='ocrx_word' id='word_1_74' title='bbox 846 901 1092 970; x_wconf 79' lang='lat' dir='ltr'><strong>indiget:</strong></span> <span class='ocrx_word' id='word_1_75' title='bbox 1134 898 1369 953; x_wconf 76' lang='lat' dir='ltr'><strong>ostendit</strong></span> <span class='ocrx_word' id='word_1_76' title='bbox 1408 897 1550 951; x_wconf 91' lang='lat' dir='ltr'><strong>enirn</strong></span> <span class='ocrx_word' id='word_1_77' title='bbox 1610 897 1781 964; x_wconf 81' lang='lat' dir='ltr'><strong>ipsum</strong></span> <span class='ocrx_word' id='word_1_78' title='bbox 1842 896 2038 951; x_wconf 86' lang='lat' dir='ltr'><strong>habere</strong></span> <span class='ocrx_word' id='word_1_79' title='bbox 2094 895 2427 949; x_wconf 90' lang='lat' dir='ltr'><strong>individuum</strong></span> <span class='ocrx_word' id='word_1_80' title='bbox 2477 908 2599 946; x_wconf 92' lang='lat' dir='ltr'><strong>cum</strong></span> <span class='ocrx_word' id='word_1_81' title='bbox 2639 890 2741 959; x_wconf 80' lang='lat'><strong>21</strong></span> <span class='ocrx_word' id='word_1_82' title='bbox 2785 888 2893 942; x_wconf 91' lang='lat' dir='ltr'><strong>Deo</strong></span> <span class='ocrx_word' id='word_1_83' title='bbox 2927 886 3128 949; x_wconf 83' lang='lat' dir='ltr'><strong>Patre,</strong></span> <span class='ocrx_word' id='word_1_84' title='bbox 3180 890 3235 936; x_wconf 90' lang='lat' dir='ltr'><strong>et</strong></span> <span class='ocrx_word' id='word_1_85' title='bbox 3276 889 3455 935; x_wconf 85' lang='lat' dir='ltr'><strong>sancto</strong></span> <span class='ocrx_word' id='word_1_86' title='bbox 3496 882 3585 951; x_wconf 83' lang='lat' dir='ltr'><strong>ejus</strong></span> 
     </span>
    </p>
   </div>
   <div class='ocr_carea' id='block_1_9' title="bbox 389 971 3585 1063">
    <p class='ocr_par' dir='ltr' id='par_1_9' title="bbox 389 971 3585 1063">
     <span class='ocr_line' id='line_1_9' title="bbox 389 971 3585 1063; baseline -0.006 -15"><span class='ocrx_word' id='word_1_87' title='bbox 389 971 868 1063; x_wconf 14' lang='lat' dir='ltr'><strong>Spirituiregnum,</strong></span> <span class='ocrx_word' id='word_1_88' title='bbox 890 1000 1079 1045; x_wconf 87' lang='lat' dir='ltr'><strong>etesse</strong></span> <span class='ocrx_word' id='word_1_89' title='bbox 1118 1005 1272 1058; x_wconf 80' lang='lat' dir='ltr'><strong>super</strong></span> <span class='ocrx_word' id='word_1_90' title='bbox 1293 988 1467 1040; x_wconf 87' lang='lat' dir='ltr'><strong>omnia</strong></span> <span class='ocrx_word' id='word_1_91' title='bbox 1493 985 1604 1056; x_wconf 83' lang='lat'><strong>(&#39;55)</strong></span> <span class='ocrx_word' id='word_1_92' title='bbox 1637 986 1819 1041; x_wconf 89' lang='lat' dir='ltr'><strong>Deum.</strong></span> <span class='ocrx_word' id='word_1_93' title='bbox 1849 986 2002 1053; x_wconf 88' lang='lat' dir='ltr'><strong>illud,</strong></span> <span class='ocrx_word' id='word_1_94' title='bbox 2036 986 2138 1052; x_wconf 89' lang='lat' dir='ltr'><strong>Qui</strong></span> <span class='ocrx_word' id='word_1_95' title='bbox 2167 996 2411 1040; x_wconf 83' lang='lat' dir='ltr'><strong>venturus</strong></span> <span class='ocrx_word' id='word_1_96' title='bbox 2435 992 2543 1048; x_wconf 88' lang='lat' dir='ltr'><strong>est,</strong></span> <span class='ocrx_word' id='word_1_97' title='bbox 2575 981 2766 1036; x_wconf 86' lang='lat' dir='ltr'><strong>Filium</strong></span> <span class='ocrx_word' id='word_1_98' title='bbox 2815 978 3106 1049; x_wconf 82' lang='lat' dir='ltr'><strong>signiticat,</strong></span> <span class='ocrx_word' id='word_1_99' title='bbox 3138 974 3229 1044; x_wconf 87' lang='lat' dir='ltr'><strong>qui</strong></span> <span class='ocrx_word' id='word_1_100' title='bbox 3276 971 3456 1025; x_wconf 87' lang='lat' dir='ltr'><strong>iterum</strong></span> <span class='ocrx_word' id='word_1_101' title='bbox 3488 988 3585 1029; x_wconf 88' lang='lat' dir='ltr'><strong>ven-</strong></span> 
     </span>
    </p>
   </div>
   <div class='ocr_carea' id='block_1_10' title="bbox 390 1078 1701 1147">
    <p class='ocr_par' dir='ltr' id='par_1_10' title="bbox 390 1078 1701 1147">
     <span class='ocr_line' id='line_1_10' title="bbox 390 1078 1701 1147; baseline -0.007 -8"><span class='ocrx_word' id='word_1_102' title='bbox 390 1093 542 1139; x_wconf 90' lang='lat' dir='ltr'><strong>turus</strong></span> <span class='ocrx_word' id='word_1_103' title='bbox 572 1092 675 1147; x_wconf 90' lang='lat' dir='ltr'><strong>est,</strong></span> <span class='ocrx_word' id='word_1_104' title='bbox 711 1094 764 1136; x_wconf 89' lang='lat' dir='ltr'><strong>et</strong></span> <span class='ocrx_word' id='word_1_105' title='bbox 797 1083 948 1136; x_wconf 85' lang='lat' dir='ltr'><strong>vivos</strong></span> <span class='ocrx_word' id='word_1_106' title='bbox 972 1096 1036 1135; x_wconf 91' lang='lat' dir='ltr'><strong>ac</strong></span> <span class='ocrx_word' id='word_1_107' title='bbox 1068 1089 1313 1134; x_wconf 89' lang='lat' dir='ltr'><strong>mortuos</strong></span> <span class='ocrx_word' id='word_1_108' title='bbox 1342 1078 1701 1147; x_wconf 90' lang='lat' dir='ltr'><strong>judicaturus.</strong></span> 
     </span>
    </p>
   </div>
   <div class='ocr_carea' id='block_1_11' title="bbox 458 1160 1975 1248">
    <p class='ocr_par' dir='ltr' id='par_1_11' title="bbox 458 1171 1962 1248">
     <span class='ocr_line' id='line_1_11' title="bbox 458 1171 1962 1248; baseline -0.007 -17"><span class='ocrx_word' id='word_1_109' title='bbox 458 1178 696 1248; x_wconf 80' lang='lat' dir='ltr'><strong>Baptista</strong></span> <span class='ocrx_word' id='word_1_110' title='bbox 767 1192 895 1231; x_wconf 90' lang='lat' dir='ltr'><strong>vero</strong></span> <span class='ocrx_word' id='word_1_111' title='bbox 957 1174 1193 1230; x_wconf 84' lang='lat' dir='ltr'><strong>Joannes</strong></span> <span class='ocrx_word' id='word_1_112' title='bbox 1246 1190 1460 1244; x_wconf 87' lang='lat' dir='ltr'><strong>quoque</strong></span> <span class='ocrx_word' id='word_1_113' title='bbox 1510 1174 1673 1236; x_wconf 90' lang='lat' dir='ltr'><strong>illud,</strong></span> <span class='ocrx_word' id='word_1_114' title='bbox 1722 1171 1825 1237; x_wconf 90' lang='lat' dir='ltr'><strong>Qui</strong></span> <span class='ocrx_word' id='word_1_115' title='bbox 1885 1176 1962 1223; x_wconf 89' lang='lat' dir='ltr'><strong>est</strong></span> 
     </span>
    </p>
   </div>
   <div class='ocr_carea' id='block_1_12' title="bbox 2083 1160 3588 1248">
    <p class='ocr_par' dir='ltr' id='par_1_12' title="bbox 2134 1160 3588 1230">
     <span class='ocr_line' id='line_1_12' title="bbox 2134 1160 3588 1230; baseline -0.003 -11"><span class='ocrx_word' id='word_1_116' title='bbox 2134 1166 2400 1219; x_wconf 82' lang='grc' dir='ltr'>Συνιστῶν</span> <span class='ocrx_word' id='word_1_117' title='bbox 2410 1166 2587 1218; x_wconf 79' lang='grc' dir='ltr'>τοίνυν</span> <span class='ocrx_word' id='word_1_118' title='bbox 2600 1166 2693 1215; x_wconf 71' lang='grc' dir='ltr'><strong>καὶ</strong></span> <span class='ocrx_word' id='word_1_119' title='bbox 2713 1164 2740 1215; x_wconf 85' lang='grc' dir='ltr'>ὁ</span> <span class='ocrx_word' id='word_1_120' title='bbox 2757 1161 3065 1230; x_wconf 78' lang='grc' dir='ltr'>Βαπτιστὴς</span> <span class='ocrx_word' id='word_1_121' title='bbox 3090 1160 3360 1230; x_wconf 82' lang='grc' dir='ltr'>Ἰωάννης,</span> <span class='ocrx_word' id='word_1_122' title='bbox 3378 1160 3451 1212; x_wconf 81' lang='grc' dir='ltr'><strong>ὅτι</strong></span> <span class='ocrx_word' id='word_1_123' title='bbox 3466 1163 3528 1226; x_wconf 79' lang='grc' dir='ltr'><strong>τὸ,</strong></span> <span class='ocrx_word' id='word_1_124' title='bbox 3540 1161 3588 1217; x_wconf 87' lang='lat'><strong>&#39;0</strong></span> 
     </span>
    </p>
   </div>
   <div class='ocr_carea' id='block_1_13' title="bbox 391 1264 1956 1336">
    <p class='ocr_par' dir='ltr' id='par_1_13' title="bbox 391 1264 1956 1336">
     <span class='ocr_line' id='line_1_13' title="bbox 391 1264 1956 1336; baseline -0.006 -13"><span class='ocrx_word' id='word_1_125' title='bbox 391 1269 526 1336; x_wconf 80' lang='grc'>(56),</span> <span class='ocrx_word' id='word_1_126' title='bbox 591 1270 656 1322; x_wconf 89' lang='lat' dir='ltr'><strong>de</strong></span> <span class='ocrx_word' id='word_1_127' title='bbox 711 1268 847 1322; x_wconf 89' lang='lat' dir='ltr'><strong>Filio</strong></span> <span class='ocrx_word' id='word_1_128' title='bbox 895 1268 1094 1322; x_wconf 86' lang='lat' dir='ltr'><strong>dictum</strong></span> <span class='ocrx_word' id='word_1_129' title='bbox 1130 1282 1251 1321; x_wconf 88' lang='lat' dir='ltr'><strong>esse</strong></span> <span class='ocrx_word' id='word_1_130' title='bbox 1298 1277 1580 1330; x_wconf 88' lang='lat' dir='ltr'><strong>statuens,</strong></span> <span class='ocrx_word' id='word_1_131' title='bbox 1614 1264 1956 1320; x_wconf 79' lang='lat' dir='ltr'><strong>manifestum</strong></span> 
     </span>
    </p>
   </div>
   <div class='ocr_carea' id='block_1_14' title="bbox 390 1354 1955 1429">
    <p class='ocr_par' dir='ltr' id='par_1_14' title="bbox 390 1354 1955 1429">
     <span class='ocr_line' id='line_1_14' title="bbox 390 1354 1955 1429; baseline -0.005 -14"><span class='ocrx_word' id='word_1_132' title='bbox 390 1362 443 1415; x_wconf 88' lang='lat' dir='ltr'><strong>id</strong></span> <span class='ocrx_word' id='word_1_133' title='bbox 483 1360 706 1415; x_wconf 88' lang='lat' dir='ltr'><strong>Domino</strong></span> <span class='ocrx_word' id='word_1_134' title='bbox 741 1361 867 1415; x_wconf 77' lang='lat' dir='ltr'><strong>facit</strong></span> <span class='ocrx_word' id='word_1_135' title='bbox 891 1401 905 1424; x_wconf 90' lang='lat'><strong>,</strong></span> <span class='ocrx_word' id='word_1_136' title='bbox 933 1359 1180 1429; x_wconf 89' lang='lat' dir='ltr'><strong>inquiens</strong></span> <span class='ocrx_word' id='word_1_137' title='bbox 1222 1378 1235 1413; x_wconf 91' lang='lat'><strong>:</strong></span> <span class='ocrx_word' id='word_1_138' title='bbox 1272 1358 1351 1412; x_wconf 87' lang='lat' dir='ltr'><strong>Tu</strong></span> <span class='ocrx_word' id='word_1_139' title='bbox 1382 1376 1434 1412; x_wconf 91' lang='lat' dir='ltr'><strong>es</strong></span> <span class='ocrx_word' id='word_1_140' title='bbox 1465 1358 1578 1428; x_wconf 75' lang='lat'><strong>(37)</strong></span> <span class='ocrx_word' id='word_1_141' title='bbox 1624 1357 1744 1425; x_wconf 88' lang='lat' dir='ltr'><strong>(pro</strong></span> <span class='ocrx_word' id='word_1_142' title='bbox 1770 1396 1784 1418; x_wconf 91' lang='lat'><strong>,</strong></span> <span class='ocrx_word' id='word_1_143' title='bbox 1835 1354 1955 1420; x_wconf 83' lang='lat' dir='ltr'><strong>Ille,</strong></span> 
     </span>
    </p>
   </div>
   <div class='ocr_carea' id='block_1_15' title="bbox 389 1447 1961 1519">
    <p class='ocr_par' dir='ltr' id='par_1_15' title="bbox 389 1447 1961 1519">
     <span class='ocr_line' id='line_1_15' title="bbox 389 1447 1961 1519; baseline -0.003 -17"><span class='ocrx_word' id='word_1_144' title='bbox 389 1452 478 1519; x_wconf 80' lang='lat' dir='ltr'><strong>qui</strong></span> <span class='ocrx_word' id='word_1_145' title='bbox 521 1467 607 1515; x_wconf 85' lang='lat' dir='ltr'><strong>es,</strong></span> <span class='ocrx_word' id='word_1_146' title='bbox 637 1464 907 1519; x_wconf 87' lang='lat' dir='ltr'><strong>quemque</strong></span> <span class='ocrx_word' id='word_1_147' title='bbox 946 1451 1119 1503; x_wconf 86' lang='lat' dir='ltr'><strong>adhuc</strong></span> <span class='ocrx_word' id='word_1_148' title='bbox 1157 1451 1209 1503; x_wconf 91' lang='lat' dir='ltr'><strong>in</strong></span> <span class='ocrx_word' id='word_1_149' title='bbox 1234 1448 1472 1519; x_wconf 79' lang='lat' dir='ltr'><strong>Virginis</strong></span> <span class='ocrx_word' id='word_1_150' title='bbox 1512 1460 1665 1501; x_wconf 90' lang='lat' dir='ltr'><strong>utcro</strong></span> <span class='ocrx_word' id='word_1_151' title='bbox 1697 1447 1961 1501; x_wconf 82' lang='lat' dir='ltr'><strong>exsisten-</strong></span> 
     </span>
    </p>
   </div>
   <div class='ocr_carea' id='block_1_16' title="bbox 396 1540 1961 1610">
    <p class='ocr_par' dir='ltr' id='par_1_16' title="bbox 396 1540 1961 1610">
     <span class='ocr_line' id='line_1_16' title="bbox 396 1540 1961 1610; baseline -0.003 -15"><span class='ocrx_word' id='word_1_152' title='bbox 396 1552 499 1595; x_wconf 88' lang='lat' dir='ltr'><strong>tem</strong></span> <span class='ocrx_word' id='word_1_153' title='bbox 528 1557 649 1597; x_wconf 91' lang='lat' dir='ltr'><strong>cum</strong></span> <span class='ocrx_word' id='word_1_154' title='bbox 693 1542 857 1596; x_wconf 88' lang='lat' dir='ltr'><strong>Deum</strong></span> <span class='ocrx_word' id='word_1_155' title='bbox 892 1542 1229 1610; x_wconf 81' lang='lat' dir='ltr'><strong>agnovissem</strong></span> <span class='ocrx_word' id='word_1_156' title='bbox 1264 1582 1279 1607; x_wconf 93' lang='lat'><strong>,</strong></span> <span class='ocrx_word' id='word_1_157' title='bbox 1307 1542 1431 1595; x_wconf 91' lang='lat' dir='ltr'><strong>dum</strong></span> <span class='ocrx_word' id='word_1_158' title='bbox 1469 1541 1583 1607; x_wconf 88' lang='lat' dir='ltr'><strong>ipse</strong></span> <span class='ocrx_word' id='word_1_159' title='bbox 1605 1554 1704 1609; x_wconf 80' lang='lat' dir='ltr'><strong>ego</strong></span> <span class='ocrx_word' id='word_1_160' title='bbox 1732 1540 1782 1591; x_wconf 94' lang='lat' dir='ltr'><strong>in</strong></span> <span class='ocrx_word' id='word_1_161' title='bbox 1810 1545 1961 1590; x_wconf 85' lang='lat' dir='ltr'><strong>utero</strong></span> 
     </span>
    </p>
   </div>
   <div class='ocr_carea' id='block_1_17' title="bbox 390 1628 1956 1701">
    <p class='ocr_par' dir='ltr' id='par_1_17' title="bbox 390 1628 1956 1701">
     <span class='ocr_line' id='line_1_17' title="bbox 390 1628 1956 1701; baseline -0.005 -12"><span class='ocrx_word' id='word_1_162' title='bbox 390 1636 594 1689; x_wconf 82' lang='lat' dir='ltr'><strong>sterilis</strong></span> <span class='ocrx_word' id='word_1_163' title='bbox 638 1634 853 1688; x_wconf 64' lang='lat' dir='ltr'><strong>feminae</strong></span> <span class='ocrx_word' id='word_1_164' title='bbox 898 1649 1072 1688; x_wconf 91' lang='lat' dir='ltr'><strong>essem</strong></span> <span class='ocrx_word' id='word_1_165' title='bbox 1099 1672 1114 1697; x_wconf 87' lang='lat'><strong>,</strong></span> <span class='ocrx_word' id='word_1_166' title='bbox 1172 1648 1269 1701; x_wconf 90' lang='lat' dir='ltr'><strong>per</strong></span> <span class='ocrx_word' id='word_1_167' title='bbox 1321 1631 1625 1686; x_wconf 84' lang='lat' dir='ltr'><strong>subsultum</strong></span> <span class='ocrx_word' id='word_1_168' title='bbox 1660 1628 1956 1695; x_wconf 86' lang='lat' dir='ltr'><strong>adoravi):</strong></span> 
     </span>
    </p>
   </div>
   <div class='ocr_carea' id='block_1_18' title="bbox 390 1718 1962 1793">
    <p class='ocr_par' dir='ltr' id='par_1_18' title="bbox 390 1718 1962 1793">
     <span class='ocr_line' id='line_1_18' title="bbox 390 1718 1962 1793; baseline -0.006 -14"><span class='ocrx_word' id='word_1_169' title='bbox 390 1728 473 1779; x_wconf 85' lang='lat' dir='ltr'><strong>An</strong></span> <span class='ocrx_word' id='word_1_170' title='bbox 500 1725 664 1778; x_wconf 75' lang='lat' dir='ltr'><strong>alium</strong></span> <span class='ocrx_word' id='word_1_171' title='bbox 684 1725 1082 1792; x_wconf 76' lang='lat' dir='ltr'><strong>exspectamus?</strong></span> <span class='ocrx_word' id='word_1_172' title='bbox 1109 1724 1162 1777; x_wconf 87' lang='lat' dir='ltr'><strong>In</strong></span> <span class='ocrx_word' id='word_1_173' title='bbox 1199 1723 1372 1793; x_wconf 91' lang='lat' dir='ltr'><strong>prima</strong></span> <span class='ocrx_word' id='word_1_174' title='bbox 1399 1736 1529 1776; x_wconf 91' lang='lat' dir='ltr'><strong>vero</strong></span> <span class='ocrx_word' id='word_1_175' title='bbox 1557 1720 1791 1790; x_wconf 88' lang='lat' dir='ltr'><strong>Epistola</strong></span> <span class='ocrx_word' id='word_1_176' title='bbox 1824 1718 1962 1772; x_wconf 87' lang='lat' dir='ltr'><strong>ami-</strong></span> 
     </span>
    </p>
   </div>
   <div class='ocr_carea' id='block_1_19' title="bbox 391 1807 1956 1885">
    <p class='ocr_par' dir='ltr' id='par_1_19' title="bbox 391 1807 1956 1885">
     <span class='ocr_line' id='line_1_19' title="bbox 391 1807 1956 1885; baseline -0.005 -16"><span class='ocrx_word' id='word_1_177' title='bbox 391 1833 488 1872; x_wconf 77' lang='lat' dir='ltr'><strong>rus</strong></span> <span class='ocrx_word' id='word_1_178' title='bbox 546 1826 602 1871; x_wconf 90' lang='lat' dir='ltr'><strong>et</strong></span> <span class='ocrx_word' id='word_1_179' title='bbox 668 1816 941 1885; x_wconf 85' lang='lat' dir='ltr'><strong>apostolus</strong></span> <span class='ocrx_word' id='word_1_180' title='bbox 1000 1814 1213 1870; x_wconf 91' lang='lat' dir='ltr'><strong>Domini</strong></span> <span class='ocrx_word' id='word_1_181' title='bbox 1275 1812 1511 1867; x_wconf 84' lang='lat' dir='ltr'><strong>Joannes</strong></span> <span class='ocrx_word' id='word_1_182' title='bbox 1559 1810 1751 1866; x_wconf 87' lang='lat' dir='ltr'><strong>scribit</strong></span> <span class='ocrx_word' id='word_1_183' title='bbox 1804 1807 1956 1879; x_wconf 79' lang='lat'><strong>(38):</strong></span> 
     </span>
    </p>
   </div>
   <div class='ocr_carea' id='block_1_20' title="bbox 395 1902 1957 1979">
    <p class='ocr_par' dir='ltr' id='par_1_20' title="bbox 395 1902 1957 1979">
     <span class='ocr_line' id='line_1_20' title="bbox 395 1902 1957 1979; baseline -0.007 -16"><span class='ocrx_word' id='word_1_184' title='bbox 395 1911 549 1974; x_wconf 89' lang='lat' dir='ltr'><strong>Quod</strong></span> <span class='ocrx_word' id='word_1_185' title='bbox 598 1910 699 1977; x_wconf 80' lang='lat' dir='ltr'><strong>fuit</strong></span> <span class='ocrx_word' id='word_1_186' title='bbox 754 1907 980 1979; x_wconf 72' lang='lat' dir='ltr'><strong>(Graece,</strong></span> <span class='ocrx_word' id='word_1_187' title='bbox 1010 1902 1098 1978; x_wconf 78' lang='grc' dir='ltr'>ἦν)</span> <span class='ocrx_word' id='word_1_188' title='bbox 1126 1906 1189 1958; x_wconf 92' lang='lat' dir='ltr'><strong>ab</strong></span> <span class='ocrx_word' id='word_1_189' title='bbox 1225 1906 1375 1958; x_wconf 89' lang='lat' dir='ltr'><strong>initio</strong></span> <span class='ocrx_word' id='word_1_190' title='bbox 1400 1946 1415 1969; x_wconf 91' lang='lat'><strong>,</strong></span> <span class='ocrx_word' id='word_1_191' title='bbox 1454 1903 1590 1973; x_wconf 84' lang='lat' dir='ltr'><strong>quod</strong></span> <span class='ocrx_word' id='word_1_192' title='bbox 1644 1904 1957 1961; x_wconf 77' lang='lat' dir='ltr'><strong>audivimus,</strong></span> 
     </span>
    </p>
   </div>
   <div class='ocr_carea' id='block_1_21' title="bbox 391 1994 1960 2067">
    <p class='ocr_par' dir='ltr' id='par_1_21' title="bbox 391 1994 1960 2067">
     <span class='ocr_line' id='line_1_21' title="bbox 391 1994 1960 2067; baseline -0.006 -16"><span class='ocrx_word' id='word_1_193' title='bbox 391 2001 528 2067; x_wconf 80' lang='lat' dir='ltr'><strong>quod</strong></span> <span class='ocrx_word' id='word_1_194' title='bbox 580 2000 800 2053; x_wconf 76' lang='lat' dir='ltr'><strong>uidimus</strong></span> <span class='ocrx_word' id='word_1_195' title='bbox 836 1998 997 2049; x_wconf 88' lang='lat' dir='ltr'><strong>oculis</strong></span> <span class='ocrx_word' id='word_1_196' title='bbox 1038 1996 1261 2058; x_wconf 80' lang='lat' dir='ltr'><strong>nostris,</strong></span> <span class='ocrx_word' id='word_1_197' title='bbox 1309 1995 1446 2064; x_wconf 85' lang='lat' dir='ltr'><strong>quod</strong></span> <span class='ocrx_word' id='word_1_198' title='bbox 1492 1994 1882 2062; x_wconf 75' lang='lat' dir='ltr'><strong>perspeximus,</strong></span> <span class='ocrx_word' id='word_1_199' title='bbox 1912 2000 1960 2042; x_wconf 86' lang='lat' dir='ltr'><strong>et</strong></span> 
     </span>
    </p>
   </div>
   <div class='ocr_carea' id='block_1_22' title="bbox 391 2082 1960 2140">
    <p class='ocr_par' dir='ltr' id='par_1_22' title="bbox 391 2082 1960 2140">
     <span class='ocr_line' id='line_1_22' title="bbox 391 2082 1960 2140; baseline -0.006 0"><span class='ocrx_word' id='word_1_200' title='bbox 391 2104 579 2140; x_wconf 87' lang='lat' dir='ltr'><strong>manus</strong></span> <span class='ocrx_word' id='word_1_201' title='bbox 610 2100 799 2139; x_wconf 74' lang='lat' dir='ltr'><strong>nostrte</strong></span> <span class='ocrx_word' id='word_1_202' title='bbox 827 2095 1273 2138; x_wconf 85' lang='lat' dir='ltr'><strong>contrectaverunt</strong></span> <span class='ocrx_word' id='word_1_203' title='bbox 1305 2084 1369 2137; x_wconf 84' lang='lat' dir='ltr'><strong>de</strong></span> <span class='ocrx_word' id='word_1_204' title='bbox 1409 2085 1557 2135; x_wconf 82' lang='lat' dir='ltr'><strong>verbo</strong></span> <span class='ocrx_word' id='word_1_205' title='bbox 1588 2083 1707 2135; x_wconf 77' lang='lat' dir='ltr'><strong>vita:</strong></span> <span class='ocrx_word' id='word_1_206' title='bbox 1732 2099 1749 2134; x_wconf 88' lang='lat'><strong><em>:</em></strong></span> <span class='ocrx_word' id='word_1_207' title='bbox 1779 2094 1823 2133; x_wconf 90' lang='lat' dir='ltr'><strong>et</strong></span> <span class='ocrx_word' id='word_1_208' title='bbox 1858 2082 1960 2133; x_wconf 76' lang='lat' dir='ltr'><strong>rita</strong></span> 
     </span>
    </p>
   </div>
   <div class='ocr_carea' id='block_1_23' title="bbox 392 2175 1959 2247">
    <p class='ocr_par' dir='ltr' id='par_1_23' title="bbox 392 2175 1959 2247">
     <span class='ocr_line' id='line_1_23' title="bbox 392 2175 1959 2247; baseline -0.006 -15"><span class='ocrx_word' id='word_1_209' title='bbox 392 2178 734 2247; x_wconf 77' lang='lat' dir='ltr'><strong>manifestata</strong></span> <span class='ocrx_word' id='word_1_210' title='bbox 765 2185 878 2238; x_wconf 88' lang='lat' dir='ltr'><strong>est,</strong></span> <span class='ocrx_word' id='word_1_211' title='bbox 911 2186 956 2229; x_wconf 86' lang='lat' dir='ltr'><strong>et</strong></span> <span class='ocrx_word' id='word_1_212' title='bbox 986 2175 1242 2239; x_wconf 86' lang='lat' dir='ltr'><strong>vidimus,</strong></span> <span class='ocrx_word' id='word_1_213' title='bbox 1278 2184 1325 2227; x_wconf 91' lang='lat' dir='ltr'><strong>et</strong></span> <span class='ocrx_word' id='word_1_214' title='bbox 1358 2184 1631 2236; x_wconf 85' lang='lat' dir='ltr'><strong>testamur,</strong></span> <span class='ocrx_word' id='word_1_215' title='bbox 1669 2184 1715 2226; x_wconf 87' lang='lat' dir='ltr'><strong>et</strong></span> <span class='ocrx_word' id='word_1_216' title='bbox 1750 2188 1959 2224; x_wconf 89' lang='lat' dir='ltr'><strong>annun-</strong></span> 
     </span>
    </p>
   </div>
   <div class='ocr_carea' id='block_1_24' title="bbox 392 2258 1959 2333">
    <p class='ocr_par' dir='ltr' id='par_1_24' title="bbox 392 2258 1959 2333">
     <span class='ocr_line' id='line_1_24' title="bbox 392 2258 1959 2333; baseline -0.006 -13"><span class='ocrx_word' id='word_1_217' title='bbox 392 2270 586 2322; x_wconf 84' lang='lat' dir='ltr'><strong>tiamus</strong></span> <span class='ocrx_word' id='word_1_218' title='bbox 615 2268 754 2321; x_wconf 81' lang='lat' dir='ltr'><strong>vobis</strong></span> <span class='ocrx_word' id='word_1_219' title='bbox 796 2267 954 2318; x_wconf 79' lang='lat' dir='ltr'><strong>vitam</strong></span> <span class='ocrx_word' id='word_1_220' title='bbox 982 2276 1251 2327; x_wconf 77' lang='lat' dir='ltr'><strong>wternam,</strong></span> <span class='ocrx_word' id='word_1_221' title='bbox 1279 2279 1397 2333; x_wconf 73' lang='lat' dir='ltr'><strong>qua:</strong></span> <span class='ocrx_word' id='word_1_222' title='bbox 1418 2270 1531 2315; x_wconf 84' lang='lat' dir='ltr'><strong>erat</strong></span> <span class='ocrx_word' id='word_1_223' title='bbox 1560 2262 1697 2329; x_wconf 84' lang='lat' dir='ltr'><strong>apud</strong></span> <span class='ocrx_word' id='word_1_224' title='bbox 1728 2258 1959 2323; x_wconf 81' lang='lat' dir='ltr'><strong>Patrem,</strong></span> 
     </span>
    </p>
   </div>
   <div class='ocr_carea' id='block_1_25' title="bbox 393 2352 1963 2427">
    <p class='ocr_par' dir='ltr' id='par_1_25' title="bbox 393 2352 1963 2427">
     <span class='ocr_line' id='line_1_25' title="bbox 393 2352 1963 2427; baseline -0.008 -12"><span class='ocrx_word' id='word_1_225' title='bbox 393 2370 443 2416; x_wconf 88' lang='lat' dir='ltr'><strong>et</strong></span> <span class='ocrx_word' id='word_1_226' title='bbox 474 2361 720 2427; x_wconf 86' lang='lat' dir='ltr'><strong>apparuit</strong></span> <span class='ocrx_word' id='word_1_227' title='bbox 749 2356 895 2411; x_wconf 86' lang='lat' dir='ltr'><strong>nobis</strong></span> <span class='ocrx_word' id='word_1_228' title='bbox 922 2372 940 2409; x_wconf 91' lang='lat'><em>:</em></span> <span class='ocrx_word' id='word_1_229' title='bbox 974 2355 1127 2421; x_wconf 84' lang='lat' dir='ltr'><strong>Quod</strong></span> <span class='ocrx_word' id='word_1_230' title='bbox 1163 2355 1385 2409; x_wconf 80' lang='lat' dir='ltr'><strong>vidimus</strong></span> <span class='ocrx_word' id='word_1_231' title='bbox 1431 2363 1479 2407; x_wconf 85' lang='lat' dir='ltr'><strong>et</strong></span> <span class='ocrx_word' id='word_1_232' title='bbox 1513 2352 1840 2416; x_wconf 85' lang='lat' dir='ltr'><strong>audivimus,</strong></span> <span class='ocrx_word' id='word_1_233' title='bbox 1868 2368 1963 2404; x_wconf 89' lang='lat' dir='ltr'><strong>an-</strong></span> 
     </span>
    </p>
   </div>
   <div class='ocr_carea' id='block_1_26' title="bbox 392 2441 1962 2507">
    <p class='ocr_par' dir='ltr' id='par_1_26' title="bbox 392 2441 1962 2507">
     <span class='ocr_line' id='line_1_26' title="bbox 392 2441 1962 2507; baseline -0.006 -4"><span class='ocrx_word' id='word_1_234' title='bbox 392 2451 697 2503; x_wconf 86' lang='lat' dir='ltr'><strong>nuntiamus</strong></span> <span class='ocrx_word' id='word_1_235' title='bbox 723 2449 879 2501; x_wconf 88' lang='lat' dir='ltr'><strong>etiam</strong></span> <span class='ocrx_word' id='word_1_236' title='bbox 910 2446 1078 2507; x_wconf 87' lang='lat' dir='ltr'><strong>vobis,</strong></span> <span class='ocrx_word' id='word_1_237' title='bbox 1117 2455 1169 2497; x_wconf 87' lang='lat' dir='ltr'><strong>ut</strong></span> <span class='ocrx_word' id='word_1_238' title='bbox 1199 2455 1247 2498; x_wconf 90' lang='lat' dir='ltr'><strong>et</strong></span> <span class='ocrx_word' id='word_1_239' title='bbox 1273 2461 1360 2498; x_wconf 88' lang='lat' dir='ltr'><strong>vos</strong></span> <span class='ocrx_word' id='word_1_240' title='bbox 1389 2444 1687 2496; x_wconf 88' lang='lat' dir='ltr'><strong>societatem</strong></span> <span class='ocrx_word' id='word_1_241' title='bbox 1721 2441 1962 2494; x_wconf 86' lang='lat' dir='ltr'><strong>habeatis</strong></span> 
     </span>
    </p>
   </div>
   <div class='ocr_carea' id='block_1_27' title="bbox 2061 1251 3595 1328">
    <p class='ocr_par' dir='ltr' id='par_1_27' title="bbox 2061 1251 3595 1328">
     <span class='ocr_line' id='line_1_27' title="bbox 2061 1251 3595 1328; baseline -0.002 -17"><span class='ocrx_word' id='word_1_242' title='bbox 2061 1258 2164 1322; x_wconf 85' lang='grc' dir='ltr'>ὢν,</span> <span class='ocrx_word' id='word_1_243' title='bbox 2207 1258 2334 1328; x_wconf 71' lang='grc' dir='ltr'>περὶ</span> <span class='ocrx_word' id='word_1_244' title='bbox 2369 1256 2461 1309; x_wconf 78' lang='grc' dir='ltr'><strong>τοῦ</strong></span> <span class='ocrx_word' id='word_1_245' title='bbox 2496 1254 2624 1308; x_wconf 87' lang='grc' dir='ltr'><strong>Υἱοῦ</strong></span> <span class='ocrx_word' id='word_1_246' title='bbox 2658 1256 2892 1325; x_wconf 78' lang='grc' dir='ltr'>εἴρηται,</span> <span class='ocrx_word' id='word_1_247' title='bbox 2924 1253 3072 1324; x_wconf 81' lang='grc' dir='ltr'>δηλοῖ</span> <span class='ocrx_word' id='word_1_248' title='bbox 3094 1252 3169 1322; x_wconf 78' lang='grc' dir='ltr'><strong>τῷ</strong></span> <span class='ocrx_word' id='word_1_249' title='bbox 3193 1251 3450 1323; x_wconf 75' lang='grc' dir='ltr'><strong>Δεσπότῃ’</strong></span> <span class='ocrx_word' id='word_1_250' title='bbox 3467 1254 3534 1306; x_wconf 84' lang='grc' dir='ltr'><strong>Σὺ</strong></span> <span class='ocrx_word' id='word_1_251' title='bbox 3552 1252 3595 1309; x_wconf 79' lang='grc' dir='ltr'><strong>εἷ</strong></span> 
     </span>
    </p>
   </div>
   <div class='ocr_carea' id='block_1_28' title="bbox 2064 1345 3589 1421">
    <p class='ocr_par' dir='ltr' id='par_1_28' title="bbox 2064 1345 3589 1421">
     <span class='ocr_line' id='line_1_28' title="bbox 2064 1345 3589 1421; baseline -0.003 -18"><span class='ocrx_word' id='word_1_252' title='bbox 2064 1351 2206 1421; x_wconf 76' lang='grc' dir='ltr'>(ἀντὶ</span> <span class='ocrx_word' id='word_1_253' title='bbox 2236 1349 2348 1411; x_wconf 77' lang='grc' dir='ltr'>τοῦ,</span> <span class='ocrx_word' id='word_1_254' title='bbox 2379 1348 2642 1414; x_wconf 76' lang='grc' dir='ltr'><strong>Ἐκεῖνος</strong></span> <span class='ocrx_word' id='word_1_255' title='bbox 2659 1352 2690 1401; x_wconf 83' lang='grc' dir='ltr'><em>ὁ</em></span> <span class='ocrx_word' id='word_1_256' title='bbox 2703 1345 2805 1410; x_wconf 86' lang='grc' dir='ltr'>ὢν,</span> <span class='ocrx_word' id='word_1_257' title='bbox 2827 1348 2883 1399; x_wconf 84' lang='grc' dir='ltr'>ὂν</span> <span class='ocrx_word' id='word_1_258' title='bbox 2910 1347 3002 1400; x_wconf 71' lang='grc' dir='ltr'>καὶ</span> <span class='ocrx_word' id='word_1_259' title='bbox 3026 1348 3083 1398; x_wconf 82' lang='grc' dir='ltr'><strong>ἐν</strong></span> <span class='ocrx_word' id='word_1_260' title='bbox 3111 1348 3175 1416; x_wconf 82' lang='grc' dir='ltr'>τῇ</span> <span class='ocrx_word' id='word_1_261' title='bbox 3214 1346 3393 1416; x_wconf 76' lang='grc' dir='ltr'>μήτρᾳ</span> <span class='ocrx_word' id='word_1_262' title='bbox 3418 1362 3469 1397; x_wconf 82' lang='grc' dir='ltr'><strong>σε</strong></span> <span class='ocrx_word' id='word_1_263' title='bbox 3492 1347 3589 1399; x_wconf 77' lang='grc' dir='ltr'>ὄντα</span> 
     </span>
    </p>
   </div>
   <div class='ocr_carea' id='block_1_29' title="bbox 2061 1436 3592 1513">
    <p class='ocr_par' dir='ltr' id='par_1_29' title="bbox 2061 1436 3592 1513">
     <span class='ocr_line' id='line_1_29' title="bbox 2061 1436 3592 1513; baseline -0.003 -20"><span class='ocrx_word' id='word_1_264' title='bbox 2061 1442 2160 1512; x_wconf 78' lang='grc' dir='ltr'><strong>τῆς</strong></span> <span class='ocrx_word' id='word_1_265' title='bbox 2199 1440 2497 1513; x_wconf 80' lang='grc' dir='ltr'>Παρθένου,</span> <span class='ocrx_word' id='word_1_266' title='bbox 2523 1441 2652 1493; x_wconf 85' lang='grc' dir='ltr'>Θεὸν</span> <span class='ocrx_word' id='word_1_267' title='bbox 2678 1440 2933 1507; x_wconf 78' lang='grc' dir='ltr'>ἐπιγνοὺς</span> <span class='ocrx_word' id='word_1_268' title='bbox 2958 1437 3119 1500; x_wconf 71' lang='grc' dir='ltr'>αὐτὸς</span> <span class='ocrx_word' id='word_1_269' title='bbox 3147 1436 3276 1503; x_wconf 75' lang='grc' dir='ltr'><strong>ἐγὼ,</strong></span> <span class='ocrx_word' id='word_1_270' title='bbox 3310 1438 3368 1488; x_wconf 79' lang='grc' dir='ltr'>ὲν</span> <span class='ocrx_word' id='word_1_271' title='bbox 3390 1439 3450 1506; x_wconf 83' lang='grc' dir='ltr'>τῇ</span> <span class='ocrx_word' id='word_1_272' title='bbox 3476 1438 3592 1507; x_wconf 71' lang='grc' dir='ltr'><strong>νηδύϊ</strong></span> 
     </span>
    </p>
   </div>
   <div class='ocr_carea' id='block_1_30' title="bbox 2060 1526 3590 1604">
    <p class='ocr_par' dir='ltr' id='par_1_30' title="bbox 2060 1526 3590 1604">
     <span class='ocr_line' id='line_1_30' title="bbox 2060 1526 3590 1604; baseline -0.004 -20"><span class='ocrx_word' id='word_1_273' title='bbox 2060 1532 2159 1602; x_wconf 83' lang='grc' dir='ltr'><strong>τῆς</strong></span> <span class='ocrx_word' id='word_1_274' title='bbox 2191 1533 2407 1604; x_wconf 79' lang='grc' dir='ltr'>στείρας</span> <span class='ocrx_word' id='word_1_275' title='bbox 2423 1530 2516 1594; x_wconf 78' lang='grc' dir='ltr'><strong>ὢν,</strong></span> <span class='ocrx_word' id='word_1_276' title='bbox 2547 1531 2633 1585; x_wconf 78' lang='grc' dir='ltr'>διὰ</span> <span class='ocrx_word' id='word_1_277' title='bbox 2656 1530 2754 1600; x_wconf 79' lang='grc' dir='ltr'><strong>τῆς</strong></span> <span class='ocrx_word' id='word_1_278' title='bbox 2781 1530 3115 1600; x_wconf 78' lang='grc' dir='ltr'>σκιρτήσεως</span> <span class='ocrx_word' id='word_1_279' title='bbox 3144 1526 3590 1598; x_wconf 80' lang='grc' dir='ltr'>προσεκύνησα),ῆ</span> 
     </span>
    </p>
   </div>
   <div class='ocr_carea' id='block_1_31' title="bbox 2061 1616 3595 1691">
    <p class='ocr_par' dir='ltr' id='par_1_31' title="bbox 2061 1616 3595 1691">
     <span class='ocr_line' id='line_1_31' title="bbox 2061 1616 3595 1691; baseline -0.006 -15"><span class='ocrx_word' id='word_1_280' title='bbox 2061 1623 2267 1691; x_wconf 76' lang='grc' dir='ltr'>ἕτερον</span> <span class='ocrx_word' id='word_1_281' title='bbox 2316 1620 2780 1689; x_wconf 79' lang='grc' dir='ltr'><strong>προσδοκῶμεν;</strong></span> <span class='ocrx_word' id='word_1_282' title='bbox 2807 1619 2917 1672; x_wconf 65' lang='grc' dir='ltr'>Καὶ</span> <span class='ocrx_word' id='word_1_283' title='bbox 2962 1620 3019 1670; x_wconf 85' lang='grc' dir='ltr'>ὲν</span> <span class='ocrx_word' id='word_1_284' title='bbox 3058 1620 3123 1688; x_wconf 80' lang='grc' dir='ltr'>τῇ</span> <span class='ocrx_word' id='word_1_285' title='bbox 3163 1617 3353 1689; x_wconf 77' lang='grc' dir='ltr'>πρώτῃ</span> <span class='ocrx_word' id='word_1_286' title='bbox 3384 1616 3435 1667; x_wconf 81' lang='grc' dir='ltr'>δὲ</span> <span class='ocrx_word' id='word_1_287' title='bbox 3475 1617 3595 1674; x_wconf 83' lang='grc' dir='ltr'><strong>Ἑπι-</strong></span> 
     </span>
    </p>
   </div>
   <div class='ocr_carea' id='block_1_32' title="bbox 2063 1705 3595 1782">
    <p class='ocr_par' dir='ltr' id='par_1_32' title="bbox 2063 1705 3595 1782">
     <span class='ocr_line' id='line_1_32' title="bbox 2063 1705 3595 1782; baseline -0.004 -18"><span class='ocrx_word' id='word_1_288' title='bbox 2063 1713 2221 1782; x_wconf 80' lang='grc' dir='ltr'>στολῇ</span> <span class='ocrx_word' id='word_1_289' title='bbox 2261 1712 2512 1781; x_wconf 82' lang='grc' dir='ltr'><strong>Ἰωάννης</strong></span> <span class='ocrx_word' id='word_1_290' title='bbox 2544 1713 2572 1764; x_wconf 86' lang='grc' dir='ltr'><strong>ὁ</strong></span> <span class='ocrx_word' id='word_1_291' title='bbox 2600 1712 2751 1779; x_wconf 77' lang='grc' dir='ltr'>φίλος</span> <span class='ocrx_word' id='word_1_292' title='bbox 2789 1710 2884 1762; x_wconf 67' lang='grc' dir='ltr'>καὶ</span> <span class='ocrx_word' id='word_1_293' title='bbox 2938 1708 3232 1770; x_wconf 83' lang='grc' dir='ltr'>ἀπόστολος</span> <span class='ocrx_word' id='word_1_294' title='bbox 3285 1705 3379 1759; x_wconf 81' lang='grc' dir='ltr'>τοῦ</span> <span class='ocrx_word' id='word_1_295' title='bbox 3430 1707 3595 1777; x_wconf 72' lang='grc' dir='ltr'>Κυρίου</span> 
     </span>
    </p>
   </div>
   <div class='ocr_carea' id='block_1_33' title="bbox 2061 1796 3597 1874">
    <p class='ocr_par' dir='ltr' id='par_1_33' title="bbox 2061 1796 3597 1874">
     <span class='ocr_line' id='line_1_33' title="bbox 2061 1796 3597 1874; baseline -0.007 -16"><span class='ocrx_word' id='word_1_296' title='bbox 2061 1804 2259 1874; x_wconf 74' lang='grc' dir='ltr'>γράφει</span> <span class='ocrx_word' id='word_1_297' title='bbox 2279 1817 2293 1831; x_wconf 74' lang='grc' dir='ltr'><strong>ο</strong></span> <span class='ocrx_word' id='word_1_298' title='bbox 2328 1804 2397 1854; x_wconf 89' lang='grc' dir='ltr'><em>Ὃ</em></span> <span class='ocrx_word' id='word_1_299' title='bbox 2428 1798 2505 1871; x_wconf 83' lang='grc' dir='ltr'>ἦν</span> <span class='ocrx_word' id='word_1_300' title='bbox 2533 1803 2632 1855; x_wconf 80' lang='grc' dir='ltr'><strong>ἀπ’</strong></span> <span class='ocrx_word' id='word_1_301' title='bbox 2659 1800 2871 1870; x_wconf 82' lang='grc' dir='ltr'><strong>ἀρχῆς,</strong></span> <span class='ocrx_word' id='word_1_302' title='bbox 2915 1801 2946 1854; x_wconf 85' lang='grc' dir='ltr'><em>ὃ</em></span> <span class='ocrx_word' id='word_1_303' title='bbox 3004 1801 3365 1868; x_wconf 75' lang='grc' dir='ltr'><strong>ἀκηκόαμεν,</strong></span> <span class='ocrx_word' id='word_1_304' title='bbox 3399 1796 3428 1849; x_wconf 84' lang='grc' dir='ltr'><strong>ὂ</strong></span> <span class='ocrx_word' id='word_1_305' title='bbox 3454 1796 3597 1864; x_wconf 80' lang='grc' dir='ltr'>ἑωρά-</span> 
     </span>
    </p>
   </div>
   <div class='ocr_carea' id='block_1_34' title="bbox 2062 1890 3598 1963">
    <p class='ocr_par' dir='ltr' id='par_1_34' title="bbox 2062 1890 3598 1963">
     <span class='ocr_line' id='line_1_34' title="bbox 2062 1890 3598 1963; baseline -0.005 -14"><span class='ocrx_word' id='word_1_306' title='bbox 2062 1912 2250 1963; x_wconf 80' lang='grc' dir='ltr'>καμεν</span> <span class='ocrx_word' id='word_1_307' title='bbox 2280 1893 2403 1959; x_wconf 79' lang='grc' dir='ltr'>τοῖς</span> <span class='ocrx_word' id='word_1_308' title='bbox 2449 1895 2779 1963; x_wconf 66' lang='grc' dir='ltr'><strong>ὀφθαλμοῖς</strong></span> <span class='ocrx_word' id='word_1_309' title='bbox 2825 1892 2994 1962; x_wconf 77' lang='grc' dir='ltr'><strong>ἡμῶν</strong></span> <span class='ocrx_word' id='word_1_310' title='bbox 3018 1911 3031 1922; x_wconf 92' lang='grc'><strong>·</strong></span> <span class='ocrx_word' id='word_1_311' title='bbox 3071 1892 3102 1945; x_wconf 85' lang='grc' dir='ltr'><strong>ὃ</strong></span> <span class='ocrx_word' id='word_1_312' title='bbox 3140 1890 3496 1958; x_wconf 78' lang='grc' dir='ltr'><strong>ἐθεασάμεθα</strong></span> <span class='ocrx_word' id='word_1_313' title='bbox 3521 1890 3598 1942; x_wconf 76' lang='grc' dir='ltr'>καί</span> 
     </span>
    </p>
   </div>
   <div class='ocr_carea' id='block_1_35' title="bbox 2062 1978 3598 2055">
    <p class='ocr_par' dir='ltr' id='par_1_35' title="bbox 2062 1978 3598 2055">
     <span class='ocr_line' id='line_1_35' title="bbox 2062 1978 3598 2055; baseline -0.009 -11"><span class='ocrx_word' id='word_1_314' title='bbox 2062 1990 2119 2039; x_wconf 83' lang='grc' dir='ltr'>αἱ</span> <span class='ocrx_word' id='word_1_315' title='bbox 2150 1988 2338 2054; x_wconf 80' lang='grc' dir='ltr'><strong>χεῖρες</strong></span> <span class='ocrx_word' id='word_1_316' title='bbox 2364 1984 2533 2055; x_wconf 78' lang='grc' dir='ltr'><strong>ἡμῶν</strong></span> <span class='ocrx_word' id='word_1_317' title='bbox 2558 1986 2968 2054; x_wconf 59' lang='grc' dir='ltr'><strong>ἐψηλάφησαν</strong></span> <span class='ocrx_word' id='word_1_318' title='bbox 2991 1985 3127 2053; x_wconf 79' lang='grc' dir='ltr'><strong>περὶ</strong></span> <span class='ocrx_word' id='word_1_319' title='bbox 3167 1982 3271 2037; x_wconf 84' lang='grc' dir='ltr'>τοῦ</span> <span class='ocrx_word' id='word_1_320' title='bbox 3316 1981 3492 2050; x_wconf 75' lang='grc' dir='ltr'><strong>λόγου</strong></span> <span class='ocrx_word' id='word_1_321' title='bbox 3516 1978 3598 2047; x_wconf 81' lang='grc' dir='ltr'><strong>τῆς</strong></span> 
     </span>
    </p>
   </div>
   <div class='ocr_carea' id='block_1_36' title="bbox 2064 2072 3603 2146">
    <p class='ocr_par' dir='ltr' id='par_1_36' title="bbox 2064 2072 3603 2146">
     <span class='ocr_line' id='line_1_36' title="bbox 2064 2072 3603 2146; baseline -0.006 -15"><span class='ocrx_word' id='word_1_322' title='bbox 2064 2079 2242 2146; x_wconf 79' lang='grc' dir='ltr'><strong>ζὶυῆς·</strong></span> <span class='ocrx_word' id='word_1_323' title='bbox 2277 2079 2375 2132; x_wconf 81' lang='grc' dir='ltr'><strong>καὶ</strong></span> <span class='ocrx_word' id='word_1_324' title='bbox 2407 2078 2443 2145; x_wconf 74' lang='grc' dir='ltr'>ἡ</span> <span class='ocrx_word' id='word_1_325' title='bbox 2480 2077 2592 2145; x_wconf 79' lang='grc' dir='ltr'><strong>ζωὴ</strong></span> <span class='ocrx_word' id='word_1_326' title='bbox 2632 2078 2997 2146; x_wconf 64' lang='grc' dir='ltr'><strong>ἐφανερώθη,</strong></span> <span class='ocrx_word' id='word_1_327' title='bbox 3025 2076 3120 2130; x_wconf 78' lang='grc' dir='ltr'><strong>καὶ</strong></span> <span class='ocrx_word' id='word_1_328' title='bbox 3154 2072 3505 2141; x_wconf 78' lang='grc' dir='ltr'><strong>ἑωράκαμεν,</strong></span> <span class='ocrx_word' id='word_1_329' title='bbox 3526 2072 3603 2124; x_wconf 80' lang='grc' dir='ltr'><strong>καὶ</strong></span> 
     </span>
    </p>
   </div>
   <div class='ocr_carea' id='block_1_37' title="bbox 2059 2162 3602 2239">
    <p class='ocr_par' dir='ltr' id='par_1_37' title="bbox 2059 2162 3602 2239">
     <span class='ocr_line' id='line_1_37' title="bbox 2059 2162 3602 2239; baseline -0.006 -16"><span class='ocrx_word' id='word_1_330' title='bbox 2059 2168 2494 2239; x_wconf 77' lang='grc' dir='ltr'><strong>μαρτυροῦμεν,</strong></span> <span class='ocrx_word' id='word_1_331' title='bbox 2545 2169 2643 2221; x_wconf 83' lang='grc' dir='ltr'><strong>καὶ</strong></span> <span class='ocrx_word' id='word_1_332' title='bbox 2678 2165 3134 2236; x_wconf 72' lang='grc' dir='ltr'><strong>ἀπαγγέλλομεν</strong></span> <span class='ocrx_word' id='word_1_333' title='bbox 3171 2164 3311 2233; x_wconf 83' lang='grc' dir='ltr'><strong>ὑμῖν</strong></span> <span class='ocrx_word' id='word_1_334' title='bbox 3343 2162 3453 2230; x_wconf 78' lang='grc' dir='ltr'>τὴν</span> <span class='ocrx_word' id='word_1_335' title='bbox 3479 2162 3602 2230; x_wconf 74' lang='grc' dir='ltr'>ζωὴν</span> 
     </span>
    </p>
   </div>
   <div class='ocr_carea' id='block_1_38' title="bbox 2064 2256 3606 2331">
    <p class='ocr_par' dir='ltr' id='par_1_38' title="bbox 2064 2256 3606 2331">
     <span class='ocr_line' id='line_1_38' title="bbox 2064 2256 3606 2331; baseline -0.005 -17"><span class='ocrx_word' id='word_1_336' title='bbox 2064 2261 2177 2329; x_wconf 78' lang='grc' dir='ltr'><strong>τὴν</strong></span> <span class='ocrx_word' id='word_1_337' title='bbox 2208 2262 2464 2324; x_wconf 76' lang='grc' dir='ltr'>αἰώνιον,</span> <span class='ocrx_word' id='word_1_338' title='bbox 2514 2262 2644 2329; x_wconf 76' lang='grc' dir='ltr'>ἥτις</span> <span class='ocrx_word' id='word_1_339' title='bbox 2686 2258 2764 2331; x_wconf 76' lang='grc' dir='ltr'>ἦν</span> <span class='ocrx_word' id='word_1_340' title='bbox 2794 2261 2943 2329; x_wconf 76' lang='grc' dir='ltr'><strong>πρὸς</strong></span> <span class='ocrx_word' id='word_1_341' title='bbox 2972 2259 3077 2312; x_wconf 80' lang='grc' dir='ltr'>τὸν</span> <span class='ocrx_word' id='word_1_342' title='bbox 3104 2257 3331 2325; x_wconf 81' lang='grc' dir='ltr'><strong>Πατέρα</strong></span> <span class='ocrx_word' id='word_1_343' title='bbox 3374 2256 3465 2309; x_wconf 77' lang='grc' dir='ltr'><strong>καὶ</strong></span> <span class='ocrx_word' id='word_1_344' title='bbox 3492 2256 3606 2323; x_wconf 53' lang='grc' dir='ltr'><strong>ἐφα-</strong></span> 
     </span>
    </p>
   </div>
   <div class='ocr_carea' id='block_1_39' title="bbox 2063 2348 3606 2421">
    <p class='ocr_par' dir='ltr' id='par_1_39' title="bbox 2063 2348 3606 2421">
     <span class='ocr_line' id='line_1_39' title="bbox 2063 2348 3606 2421; baseline -0.004 -16"><span class='ocrx_word' id='word_1_345' title='bbox 2063 2352 2285 2419; x_wconf 84' lang='grc' dir='ltr'><strong>νερώθη</strong></span> <span class='ocrx_word' id='word_1_346' title='bbox 2306 2352 2464 2421; x_wconf 74' lang='grc' dir='ltr'>ἡμῖν.</span> <span class='ocrx_word' id='word_1_347' title='bbox 2506 2352 2575 2407; x_wconf 86' lang='grc' dir='ltr'><em>Ὃ</em></span> <span class='ocrx_word' id='word_1_348' title='bbox 2605 2351 2944 2421; x_wconf 76' lang='grc' dir='ltr'><strong>ἑωράκαμεν</strong></span> <span class='ocrx_word' id='word_1_349' title='bbox 2966 2350 3063 2403; x_wconf 78' lang='grc' dir='ltr'><strong>καὶ</strong></span> <span class='ocrx_word' id='word_1_350' title='bbox 3080 2348 3606 2419; x_wconf 61' lang='grc' dir='ltr'><strong>ἀκηκόαμεν-,ἀπαγ-</strong></span> 
     </span>
    </p>
   </div>
   <div class='ocr_carea' id='block_1_40' title="bbox 2065 2440 3607 2512">
    <p class='ocr_par' dir='ltr' id='par_1_40' title="bbox 2065 2440 3607 2512">
     <span class='ocr_line' id='line_1_40' title="bbox 2065 2440 3607 2512; baseline -0.004 -16"><span class='ocrx_word' id='word_1_351' title='bbox 2065 2442 2359 2512; x_wconf 74' lang='grc' dir='ltr'><strong>γέλλομεν</strong></span> <span class='ocrx_word' id='word_1_352' title='bbox 2376 2444 2473 2496; x_wconf 80' lang='grc' dir='ltr'><strong>καὶ</strong></span> <span class='ocrx_word' id='word_1_353' title='bbox 2496 2443 2656 2511; x_wconf 74' lang='grc' dir='ltr'>ὑμῖν,</span> <span class='ocrx_word' id='word_1_354' title='bbox 2682 2445 2781 2497; x_wconf 77' lang='grc' dir='ltr'>ἵνα</span> <span class='ocrx_word' id='word_1_355' title='bbox 2803 2444 2902 2496; x_wconf 78' lang='grc' dir='ltr'><strong>καὶ</strong></span> <span class='ocrx_word' id='word_1_356' title='bbox 2930 2442 3097 2512; x_wconf 81' lang='grc' dir='ltr'><strong>ὑμεῖς</strong></span> <span class='ocrx_word' id='word_1_357' title='bbox 3121 2442 3438 2495; x_wconf 77' lang='grc' dir='ltr'><strong>κοινωνίαν</strong></span> <span class='ocrx_word' id='word_1_358' title='bbox 3460 2440 3607 2507; x_wconf 79' lang='grc' dir='ltr'><em>ἔχητε</em></span> 
     </span>
    </p>
   </div>
   <div class='ocr_carea' id='block_1_41' title="bbox 391 2513 1975 2603">
    <p class='ocr_par' dir='ltr' id='par_1_41' title="bbox 391 2533 1964 2601">
     <span class='ocr_line' id='line_1_41' title="bbox 391 2533 1964 2601; baseline -0.006 -8"><span class='ocrx_word' id='word_1_359' title='bbox 391 2540 681 2601; x_wconf 85' lang='lat' dir='ltr'><strong>nobiscum,</strong></span> <span class='ocrx_word' id='word_1_360' title='bbox 711 2548 758 2592; x_wconf 87' lang='lat' dir='ltr'><strong>et</strong></span> <span class='ocrx_word' id='word_1_361' title='bbox 784 2539 1003 2592; x_wconf 83' lang='lat' dir='ltr'><strong>societas</strong></span> <span class='ocrx_word' id='word_1_362' title='bbox 1041 2547 1219 2590; x_wconf 91' lang='lat' dir='ltr'><strong>nostra</strong></span> <span class='ocrx_word' id='word_1_363' title='bbox 1262 2537 1328 2589; x_wconf 85' lang='lat' dir='ltr'><strong>sit</strong></span> <span class='ocrx_word' id='word_1_364' title='bbox 1368 2551 1485 2588; x_wconf 87' lang='lat' dir='ltr'><strong>cum</strong></span> <span class='ocrx_word' id='word_1_365' title='bbox 1538 2533 1726 2596; x_wconf 86' lang='lat' dir='ltr'><strong>Patre,</strong></span> <span class='ocrx_word' id='word_1_366' title='bbox 1765 2543 1814 2586; x_wconf 88' lang='lat' dir='ltr'><strong>et</strong></span> <span class='ocrx_word' id='word_1_367' title='bbox 1848 2549 1964 2585; x_wconf 89' lang='lat' dir='ltr'><strong>cum</strong></span> 
     </span>
    </p>
   </div>
   <div class='ocr_carea' id='block_1_42' title="bbox 2083 2513 3607 2603">
    <p class='ocr_par' dir='ltr' id='par_1_42' title="bbox 2083 2531 3607 2603">
     <span class='ocr_line' id='line_1_42' title="bbox 2083 2531 3607 2603; baseline -0.001 -17"><span class='ocrx_word' id='word_1_368' title='bbox 2083 2535 2187 2589; x_wconf 64' lang='grc' dir='ltr'><strong>’μεθ’</strong></span> <span class='ocrx_word' id='word_1_369' title='bbox 2218 2534 2404 2603; x_wconf 73' lang='grc' dir='ltr'>ἡμῶν,</span> <span class='ocrx_word' id='word_1_370' title='bbox 2442 2535 2537 2587; x_wconf 79' lang='grc' dir='ltr'><strong>καὶ</strong></span> <span class='ocrx_word' id='word_1_371' title='bbox 2572 2536 2609 2602; x_wconf 78' lang='grc' dir='ltr'>ἡ</span> <span class='ocrx_word' id='word_1_372' title='bbox 2632 2536 2908 2589; x_wconf 82' lang='grc' dir='ltr'>κοινωνία</span> <span class='ocrx_word' id='word_1_373' title='bbox 2940 2535 3007 2587; x_wconf 84' lang='grc' dir='ltr'><em>δὲ</em></span> <span class='ocrx_word' id='word_1_374' title='bbox 3030 2536 3065 2601; x_wconf 74' lang='grc' dir='ltr'><strong><em>ἡ</em></strong></span> <span class='ocrx_word' id='word_1_375' title='bbox 3086 2534 3338 2603; x_wconf 68' lang='grc' dir='ltr'>ἡμετέρα</span> <span class='ocrx_word' id='word_1_376' title='bbox 3364 2532 3503 2602; x_wconf 80' lang='grc' dir='ltr'><strong>μετὰ</strong></span> <span class='ocrx_word' id='word_1_377' title='bbox 3524 2531 3607 2585; x_wconf 80' lang='grc' dir='ltr'>τοῦ</span> 
     </span>
    </p>
   </div>
   <div class='ocr_carea' id='block_1_43' title="bbox 394 2624 1960 2699">
    <p class='ocr_par' dir='ltr' id='par_1_43' title="bbox 394 2624 1960 2699">
     <span class='ocr_line' id='line_1_43' title="bbox 394 2624 1960 2699; baseline -0.006 -15"><span class='ocrx_word' id='word_1_378' title='bbox 394 2629 538 2685; x_wconf 86' lang='lat' dir='ltr'><strong>Filio</strong></span> <span class='ocrx_word' id='word_1_379' title='bbox 571 2630 683 2699; x_wconf 78' lang='lat' dir='ltr'><strong>ejus</strong></span> <span class='ocrx_word' id='word_1_380' title='bbox 714 2628 845 2682; x_wconf 84' lang='lat' dir='ltr'><strong>Jesu</strong></span> <span class='ocrx_word' id='word_1_381' title='bbox 878 2628 1104 2683; x_wconf 82' lang='lat' dir='ltr'><strong>Christo.</strong></span> <span class='ocrx_word' id='word_1_382' title='bbox 1137 2626 1377 2683; x_wconf 85' lang='lat' dir='ltr'><strong>Observa</strong></span> <span class='ocrx_word' id='word_1_383' title='bbox 1408 2640 1595 2679; x_wconf 81' lang='lat' dir='ltr'><strong>rursus</strong></span> <span class='ocrx_word' id='word_1_384' title='bbox 1624 2624 1960 2693; x_wconf 82' lang='lat' dir='ltr'><strong>frequentem</strong></span> 
     </span>
    </p>
   </div>
   <div class='ocr_carea' id='block_1_44' title="bbox 393 2715 1966 2793">
    <p class='ocr_par' dir='ltr' id='par_1_44' title="bbox 393 2715 1966 2793">
     <span class='ocr_line' id='line_1_44' title="bbox 393 2715 1966 2793; baseline -0.006 -15"><span class='ocrx_word' id='word_1_385' title='bbox 393 2739 551 2778; x_wconf 89' lang='lat' dir='ltr'><strong>usum</strong></span> <span class='ocrx_word' id='word_1_386' title='bbox 592 2723 705 2793; x_wconf 79' lang='grc'>(59)</span> <span class='ocrx_word' id='word_1_387' title='bbox 736 2722 879 2777; x_wconf 80' lang='lat' dir='ltr'><strong>vocis</strong></span> <span class='ocrx_word' id='word_1_388' title='bbox 906 2718 995 2790; x_wconf 83' lang='grc' dir='ltr'>ἦν,</span> <span class='ocrx_word' id='word_1_389' title='bbox 1023 2721 1073 2774; x_wconf 89' lang='lat' dir='ltr'><strong>id</strong></span> <span class='ocrx_word' id='word_1_390' title='bbox 1101 2730 1206 2782; x_wconf 89' lang='lat' dir='ltr'><strong>est,</strong></span> <span class='ocrx_word' id='word_1_391' title='bbox 1244 2730 1377 2782; x_wconf 85' lang='lat' dir='ltr'><strong>erat,</strong></span> <span class='ocrx_word' id='word_1_392' title='bbox 1405 2730 1564 2786; x_wconf 83' lang='lat' dir='ltr'><strong>atque</strong></span> <span class='ocrx_word' id='word_1_393' title='bbox 1596 2715 1966 2768; x_wconf 82' lang='lat' dir='ltr'><strong>animadverte</strong></span> 
     </span>
    </p>
   </div>
   <div class='ocr_carea' id='block_1_45' title="bbox 396 2805 1964 2879">
    <p class='ocr_par' dir='ltr' id='par_1_45' title="bbox 396 2805 1964 2879">
     <span class='ocr_line' id='line_1_45' title="bbox 396 2805 1964 2879; baseline -0.01 -8"><span class='ocrx_word' id='word_1_394' title='bbox 396 2815 588 2871; x_wconf 86' lang='lat' dir='ltr'><strong>salutis</strong></span> <span class='ocrx_word' id='word_1_395' title='bbox 625 2816 956 2879; x_wconf 84' lang='lat' dir='ltr'><strong>societatem,</strong></span> <span class='ocrx_word' id='word_1_396' title='bbox 1010 2827 1103 2866; x_wconf 90' lang='lat' dir='ltr'><strong>seu</strong></span> <span class='ocrx_word' id='word_1_397' title='bbox 1154 2811 1565 2864; x_wconf 86' lang='lat' dir='ltr'><strong>communionem</strong></span> <span class='ocrx_word' id='word_1_398' title='bbox 1614 2824 1730 2861; x_wconf 93' lang='lat' dir='ltr'><strong>cum</strong></span> <span class='ocrx_word' id='word_1_399' title='bbox 1780 2805 1964 2868; x_wconf 84' lang='lat' dir='ltr'><strong>Patre,</strong></span> 
     </span>
    </p>
   </div>
   <div class='ocr_carea' id='block_1_46' title="bbox 398 2901 1963 2976">
    <p class='ocr_par' dir='ltr' id='par_1_46' title="bbox 398 2901 1963 2976">
     <span class='ocr_line' id='line_1_46' title="bbox 398 2901 1963 2976; baseline -0.005 -16"><span class='ocrx_word' id='word_1_400' title='bbox 398 2917 625 2960; x_wconf 89' lang='lat' dir='ltr'><strong>autcum</strong></span> <span class='ocrx_word' id='word_1_401' title='bbox 648 2905 928 2976; x_wconf 86' lang='lat' dir='ltr'><strong>Unigenito</strong></span> <span class='ocrx_word' id='word_1_402' title='bbox 952 2920 1044 2958; x_wconf 88' lang='lat' dir='ltr'><strong>eos</strong></span> <span class='ocrx_word' id='word_1_403' title='bbox 1069 2920 1171 2957; x_wconf 92' lang='lat' dir='ltr'><strong>non</strong></span> <span class='ocrx_word' id='word_1_404' title='bbox 1200 2904 1420 2965; x_wconf 85' lang='lat' dir='ltr'><strong>habere,</strong></span> <span class='ocrx_word' id='word_1_405' title='bbox 1446 2904 1535 2971; x_wconf 91' lang='lat' dir='ltr'><strong>qui</strong></span> <span class='ocrx_word' id='word_1_406' title='bbox 1566 2901 1763 2955; x_wconf 79' lang='lat' dir='ltr'><strong>Filium</strong></span> <span class='ocrx_word' id='word_1_407' title='bbox 1792 2901 1963 2969; x_wconf 90' lang='lat' dir='ltr'><strong>ipsum</strong></span> 
     </span>
    </p>
   </div>
   <div class='ocr_carea' id='block_1_47' title="bbox 397 2996 1966 3053">
    <p class='ocr_par' dir='ltr' id='par_1_47' title="bbox 397 2996 1966 3053">
     <span class='ocr_line' id='line_1_47' title="bbox 397 2996 1966 3053; baseline -0.005 -1"><span class='ocrx_word' id='word_1_408' title='bbox 397 2997 692 3053; x_wconf 86' lang='lat' dir='ltr'><strong>secundum</strong></span> <span class='ocrx_word' id='word_1_409' title='bbox 737 2996 980 3049; x_wconf 85' lang='lat' dir='ltr'><strong>naiuram</strong></span> <span class='ocrx_word' id='word_1_410' title='bbox 1025 2997 1132 3050; x_wconf 87' lang='lat' dir='ltr'><strong>Deo</strong></span> <span class='ocrx_word' id='word_1_411' title='bbox 1167 3005 1493 3049; x_wconf 82' lang='lat' dir='ltr'><strong>coaeternnrn</strong></span> <span class='ocrx_word' id='word_1_412' title='bbox 1526 3008 1646 3047; x_wconf 89' lang='lat' dir='ltr'><strong>esse</strong></span> <span class='ocrx_word' id='word_1_413' title='bbox 1687 3008 1792 3046; x_wconf 89' lang='lat' dir='ltr'><strong>non</strong></span> <span class='ocrx_word' id='word_1_414' title='bbox 1839 3006 1966 3046; x_wconf 86' lang='lat' dir='ltr'><strong>con-</strong></span> 
     </span>
    </p>
   </div>
   <div class='ocr_carea' id='block_1_48' title="bbox 398 3080 1966 3153">
    <p class='ocr_par' dir='ltr' id='par_1_48' title="bbox 398 3080 1966 3153">
     <span class='ocr_line' id='line_1_48' title="bbox 398 3080 1966 3153; baseline -0.005 -13"><span class='ocrx_word' id='word_1_415' title='bbox 398 3086 663 3140; x_wconf 78' lang='lat' dir='ltr'><strong>ﬁtentur:</strong></span> <span class='ocrx_word' id='word_1_416' title='bbox 698 3086 749 3140; x_wconf 89' lang='lat' dir='ltr'><strong>in</strong></span> <span class='ocrx_word' id='word_1_417' title='bbox 784 3086 886 3139; x_wconf 86' lang='lat' dir='ltr'><strong>bac</strong></span> <span class='ocrx_word' id='word_1_418' title='bbox 934 3086 1078 3139; x_wconf 88' lang='lat' dir='ltr'><strong>enim</strong></span> <span class='ocrx_word' id='word_1_419' title='bbox 1122 3084 1224 3139; x_wconf 78' lang='lat' dir='ltr'><strong>[ide</strong></span> <span class='ocrx_word' id='word_1_420' title='bbox 1251 3124 1266 3150; x_wconf 93' lang='lat'><strong>,</strong></span> <span class='ocrx_word' id='word_1_421' title='bbox 1303 3098 1423 3152; x_wconf 62' lang='lat' dir='ltr'><strong>quae</strong></span> <span class='ocrx_word' id='word_1_422' title='bbox 1450 3084 1501 3137; x_wconf 90' lang='lat' dir='ltr'><strong>in</strong></span> <span class='ocrx_word' id='word_1_423' title='bbox 1536 3082 1865 3153; x_wconf 70' lang='lat' dir='ltr'><strong>mystagogia</strong></span> <span class='ocrx_word' id='word_1_424' title='bbox 1901 3080 1966 3135; x_wconf 88' lang='lat' dir='ltr'><strong>il-</strong></span> 
     </span>
    </p>
   </div>
   <div class='ocr_carea' id='block_1_49' title="bbox 399 3168 1966 3249">
    <p class='ocr_par' dir='ltr' id='par_1_49' title="bbox 399 3168 1966 3249">
     <span class='ocr_line' id='line_1_49' title="bbox 399 3168 1966 3249; baseline -0.004 -25"><span class='ocrx_word' id='word_1_425' title='bbox 399 3170 767 3226; x_wconf 88' lang='lat' dir='ltr'><strong>lurninationis</strong></span> <span class='ocrx_word' id='word_1_426' title='bbox 793 3172 926 3241; x_wconf 74' lang='grc'>(40),</span> <span class='ocrx_word' id='word_1_427' title='bbox 960 3187 1053 3249; x_wconf 86' lang='lat' dir='ltr'><strong>seu</strong></span> <span class='ocrx_word' id='word_1_428' title='bbox 1093 3170 1383 3240; x_wconf 87' lang='lat' dir='ltr'><strong>baptismi,</strong></span> <span class='ocrx_word' id='word_1_429' title='bbox 1412 3170 1480 3223; x_wconf 86' lang='lat' dir='ltr'><strong>ab</strong></span> <span class='ocrx_word' id='word_1_430' title='bbox 1505 3169 1744 3222; x_wconf 90' lang='lat' dir='ltr'><strong>omnium</strong></span> <span class='ocrx_word' id='word_1_431' title='bbox 1789 3168 1966 3221; x_wconf 87' lang='lat' dir='ltr'><strong>Domi-</strong></span> 
     </span>
    </p>
   </div>
   <div class='ocr_carea' id='block_1_50' title="bbox 402 3259 1968 3327">
    <p class='ocr_par' dir='ltr' id='par_1_50' title="bbox 402 3259 1968 3327">
     <span class='ocr_line' id='line_1_50' title="bbox 402 3259 1968 3327; baseline -0.003 -12"><span class='ocrx_word' id='word_1_432' title='bbox 402 3279 471 3317; x_wconf 89' lang='lat' dir='ltr'><strong>no</strong></span> <span class='ocrx_word' id='word_1_433' title='bbox 497 3264 691 3316; x_wconf 87' lang='lat' dir='ltr'><strong>tradita</strong></span> <span class='ocrx_word' id='word_1_434' title='bbox 737 3264 859 3326; x_wconf 76' lang='lat' dir='ltr'><strong>fuit,</strong></span> <span class='ocrx_word' id='word_1_435' title='bbox 911 3264 1229 3316; x_wconf 89' lang='lat' dir='ltr'><strong>consortium</strong></span> <span class='ocrx_word' id='word_1_436' title='bbox 1273 3260 1397 3313; x_wconf 91' lang='lat' dir='ltr'><strong>illud</strong></span> <span class='ocrx_word' id='word_1_437' title='bbox 1437 3260 1590 3313; x_wconf 89' lang='lat' dir='ltr'><strong>nobis</strong></span> <span class='ocrx_word' id='word_1_438' title='bbox 1629 3271 1734 3322; x_wconf 82' lang='lat' dir='ltr'><strong>est,</strong></span> <span class='ocrx_word' id='word_1_439' title='bbox 1773 3259 1840 3312; x_wconf 86' lang='lat' dir='ltr'><strong>de</strong></span> <span class='ocrx_word' id='word_1_440' title='bbox 1864 3274 1968 3327; x_wconf 89' lang='lat' dir='ltr'><strong>quo</strong></span> 
     </span>
    </p>
   </div>
   <div class='ocr_carea' id='block_1_51' title="bbox 399 3352 1968 3423">
    <p class='ocr_par' dir='ltr' id='par_1_51' title="bbox 399 3352 1968 3423">
     <span class='ocr_line' id='line_1_51' title="bbox 399 3352 1968 3423; baseline -0.006 -12"><span class='ocrx_word' id='word_1_441' title='bbox 399 3355 594 3411; x_wconf 83' lang='lat' dir='ltr'><strong>Petrus</strong></span> <span class='ocrx_word' id='word_1_442' title='bbox 626 3356 840 3423; x_wconf 82' lang='lat' dir='ltr'><strong>scripsit</strong></span> <span class='ocrx_word' id='word_1_443' title='bbox 865 3354 976 3423; x_wconf 71' lang='grc'>(41)</span> <span class='ocrx_word' id='word_1_444' title='bbox 1008 3372 1022 3409; x_wconf 88' lang='lat'><strong>:</strong></span> <span class='ocrx_word' id='word_1_445' title='bbox 1059 3352 1123 3407; x_wconf 88' lang='lat' dir='ltr'><strong>Ut</strong></span> <span class='ocrx_word' id='word_1_446' title='bbox 1160 3353 1468 3420; x_wconf 77' lang='lat' dir='ltr'><strong>efﬁciamini</strong></span> <span class='ocrx_word' id='word_1_447' title='bbox 1498 3353 1602 3420; x_wconf 80' lang='grc'>22</span> <span class='ocrx_word' id='word_1_448' title='bbox 1625 3354 1811 3405; x_wconf 69' lang='lat' dir='ltr'><strong>divinae</strong></span> <span class='ocrx_word' id='word_1_449' title='bbox 1844 3368 1968 3404; x_wconf 80' lang='lat' dir='ltr'><strong>con-</strong></span> 
     </span>
    </p>
   </div>
   <div class='ocr_carea' id='block_1_52' title="bbox 399 3444 1967 3516">
    <p class='ocr_par' dir='ltr' id='par_1_52' title="bbox 399 3444 1967 3516">
     <span class='ocr_line' id='line_1_52' title="bbox 399 3444 1967 3516; baseline -0.004 -12"><span class='ocrx_word' id='word_1_450' title='bbox 399 3460 564 3504; x_wconf 86' lang='lat' dir='ltr'><strong>sortes</strong></span> <span class='ocrx_word' id='word_1_451' title='bbox 587 3458 787 3501; x_wconf 73' lang='lat' dir='ltr'><strong>natura:</strong></span> <span class='ocrx_word' id='word_1_452' title='bbox 813 3462 830 3499; x_wconf 90' lang='lat'><strong><em>:</em></strong></span> <span class='ocrx_word' id='word_1_453' title='bbox 858 3446 988 3500; x_wconf 84' lang='lat' dir='ltr'><strong>Nam</strong></span> <span class='ocrx_word' id='word_1_454' title='bbox 1022 3446 1163 3516; x_wconf 86' lang='lat' dir='ltr'><strong>quod</strong></span> <span class='ocrx_word' id='word_1_455' title='bbox 1198 3455 1437 3501; x_wconf 88' lang='lat' dir='ltr'><strong>creatum</strong></span> <span class='ocrx_word' id='word_1_456' title='bbox 1478 3456 1598 3510; x_wconf 86' lang='lat' dir='ltr'><strong>est,</strong></span> <span class='ocrx_word' id='word_1_457' title='bbox 1647 3459 1710 3498; x_wconf 90' lang='lat' dir='ltr'><strong>ac</strong></span> <span class='ocrx_word' id='word_1_458' title='bbox 1744 3444 1967 3513; x_wconf 90' lang='lat' dir='ltr'><strong>tempori</strong></span> 
     </span>
    </p>
   </div>
   <div class='ocr_carea' id='block_1_53' title="bbox 2067 2625 3606 2697">
    <p class='ocr_par' dir='ltr' id='par_1_53' title="bbox 2067 2625 3606 2697">
     <span class='ocr_line' id='line_1_53' title="bbox 2067 2625 3606 2697; baseline -0.003 -17"><span class='ocrx_word' id='word_1_459' title='bbox 2067 2627 2296 2696; x_wconf 84' lang='grc' dir='ltr'><em>Πατρός</em></span> <span class='ocrx_word' id='word_1_460' title='bbox 2321 2627 2419 2680; x_wconf 78' lang='grc' dir='ltr'><strong>καὶ</strong></span> <span class='ocrx_word' id='word_1_461' title='bbox 2448 2627 2597 2697; x_wconf 82' lang='grc' dir='ltr'><strong>μετὰ</strong></span> <span class='ocrx_word' id='word_1_462' title='bbox 2634 2630 2739 2683; x_wconf 86' lang='grc' dir='ltr'>τοῦ</span> <span class='ocrx_word' id='word_1_463' title='bbox 2775 2628 2909 2682; x_wconf 79' lang='grc' dir='ltr'><strong>Υἱοῦ</strong></span> <span class='ocrx_word' id='word_1_464' title='bbox 2934 2626 3120 2683; x_wconf 81' lang='grc' dir='ltr'>αὑτοῦ</span> <span class='ocrx_word' id='word_1_465' title='bbox 3144 2627 3338 2695; x_wconf 80' lang='grc' dir='ltr'><strong>Ἰησοῦ</strong></span> <span class='ocrx_word' id='word_1_466' title='bbox 3362 2625 3606 2695; x_wconf 82' lang='grc' dir='ltr'><strong>Χριστοῦ.</strong></span> 
     </span>
    </p>
   </div>
   <div class='ocr_carea' id='block_1_54' title="bbox 2069 2716 3612 2792">
    <p class='ocr_par' dir='ltr' id='par_1_54' title="bbox 2069 2716 3612 2792">
     <span class='ocr_line' id='line_1_54' title="bbox 2069 2716 3612 2792; baseline -0.001 -20"><span class='ocrx_word' id='word_1_467' title='bbox 2069 2720 2311 2789; x_wconf 84' lang='grc' dir='ltr'>Πρόσχες</span> <span class='ocrx_word' id='word_1_468' title='bbox 2344 2721 2436 2773; x_wconf 80' lang='grc' dir='ltr'><strong>καὶ</strong></span> <span class='ocrx_word' id='word_1_469' title='bbox 2464 2716 2619 2783; x_wconf 83' lang='grc' dir='ltr'>αὖθις</span> <span class='ocrx_word' id='word_1_470' title='bbox 2645 2719 2722 2791; x_wconf 83' lang='grc' dir='ltr'>τῷ</span> <span class='ocrx_word' id='word_1_471' title='bbox 2751 2721 2944 2792; x_wconf 80' lang='grc' dir='ltr'>πλήθει</span> <span class='ocrx_word' id='word_1_472' title='bbox 2968 2720 3061 2773; x_wconf 78' lang='grc' dir='ltr'><strong>τοῦ</strong></span> <span class='ocrx_word' id='word_1_473' title='bbox 3094 2716 3203 2791; x_wconf 76' lang='grc' dir='ltr'><strong>ἦν’</strong></span> <span class='ocrx_word' id='word_1_474' title='bbox 3227 2721 3321 2773; x_wconf 77' lang='grc' dir='ltr'>καὶ</span> <span class='ocrx_word' id='word_1_475' title='bbox 3349 2719 3423 2782; x_wconf 85' lang='grc' dir='ltr'>ὡς</span> <span class='ocrx_word' id='word_1_476' title='bbox 3454 2736 3612 2771; x_wconf 85' lang='grc' dir='ltr'>κοινω-</span> 
     </span>
    </p>
   </div>
   <div class='ocr_carea' id='block_1_55' title="bbox 2068 2809 3615 2883">
    <p class='ocr_par' dir='ltr' id='par_1_55' title="bbox 2068 2809 3615 2883">
     <span class='ocr_line' id='line_1_55' title="bbox 2068 2809 3615 2883; baseline -0.001 -20"><span class='ocrx_word' id='word_1_477' title='bbox 2068 2812 2184 2864; x_wconf 83' lang='grc' dir='ltr'>νίαν</span> <span class='ocrx_word' id='word_1_478' title='bbox 2234 2813 2504 2883; x_wconf 81' lang='grc' dir='ltr'><strong>σωτηρίας</strong></span> <span class='ocrx_word' id='word_1_479' title='bbox 2541 2814 2640 2865; x_wconf 80' lang='grc' dir='ltr'>οὐκ</span> <span class='ocrx_word' id='word_1_480' title='bbox 2674 2813 2887 2883; x_wconf 76' lang='grc' dir='ltr'>ἔχουσιν</span> <span class='ocrx_word' id='word_1_481' title='bbox 2919 2812 3058 2883; x_wconf 86' lang='grc' dir='ltr'><strong>μετὰ</strong></span> <span class='ocrx_word' id='word_1_482' title='bbox 3092 2813 3184 2865; x_wconf 82' lang='grc' dir='ltr'>τοῦ</span> <span class='ocrx_word' id='word_1_483' title='bbox 3218 2812 3451 2883; x_wconf 72' lang='grc' dir='ltr'>Πατρὸς,</span> <span class='ocrx_word' id='word_1_484' title='bbox 3479 2813 3511 2882; x_wconf 86' lang='grc' dir='ltr'><strong>ἦ</strong></span> <span class='ocrx_word' id='word_1_485' title='bbox 3540 2809 3615 2863; x_wconf 77' lang='grc' dir='ltr'><strong>τοῦ</strong></span> 
     </span>
    </p>
   </div>
   <div class='ocr_carea' id='block_1_56' title="bbox 2070 2902 3617 2975">
    <p class='ocr_par' dir='ltr' id='par_1_56' title="bbox 2070 2902 3617 2975">
     <span class='ocr_line' id='line_1_56' title="bbox 2070 2902 3617 2975; baseline -0.002 -19"><span class='ocrx_word' id='word_1_486' title='bbox 2070 2904 2427 2972; x_wconf 78' lang='grc' dir='ltr'>Μονογενοῦς,</span> <span class='ocrx_word' id='word_1_487' title='bbox 2462 2907 2508 2957; x_wconf 86' lang='grc' dir='ltr'>οἱ</span> <span class='ocrx_word' id='word_1_488' title='bbox 2565 2904 2639 2975; x_wconf 80' lang='grc' dir='ltr'><strong>μὴ</strong></span> <span class='ocrx_word' id='word_1_489' title='bbox 2692 2904 3079 2974; x_wconf 77' lang='grc' dir='ltr'>ὁμολογοῦντες</span> <span class='ocrx_word' id='word_1_490' title='bbox 3128 2904 3264 2957; x_wconf 75' lang='grc' dir='ltr'>κατὰ</span> <span class='ocrx_word' id='word_1_491' title='bbox 3311 2904 3472 2971; x_wconf 77' lang='grc' dir='ltr'>φύσιν</span> <span class='ocrx_word' id='word_1_492' title='bbox 3514 2902 3617 2955; x_wconf 76' lang='grc' dir='ltr'>Υἱὸν</span> 
     </span>
    </p>
   </div>
   <div class='ocr_carea' id='block_1_57' title="bbox 2070 2988 3620 3065">
    <p class='ocr_par' dir='ltr' id='par_1_57' title="bbox 2070 2988 3620 3065">
     <span class='ocr_line' id='line_1_57' title="bbox 2070 2988 3620 3065; baseline 0 -21"><span class='ocrx_word' id='word_1_493' title='bbox 2070 2988 2206 3045; x_wconf 82' lang='grc' dir='ltr'>εἶναι</span> <span class='ocrx_word' id='word_1_494' title='bbox 2233 2994 2394 3047; x_wconf 72' lang='grc' dir='ltr'>αὐτὸν</span> <span class='ocrx_word' id='word_1_495' title='bbox 2421 2994 2753 3064; x_wconf 83' lang='grc' dir='ltr'>συνάναρχον</span> <span class='ocrx_word' id='word_1_496' title='bbox 2798 2994 2891 3047; x_wconf 81' lang='grc' dir='ltr'>τοῦ</span> <span class='ocrx_word' id='word_1_497' title='bbox 2926 2993 3080 3046; x_wconf 78' lang='grc' dir='ltr'>Θεοῦ.</span> <span class='ocrx_word' id='word_1_498' title='bbox 3120 2994 3261 3065; x_wconf 85' lang='grc' dir='ltr'>Πρὸς</span> <span class='ocrx_word' id='word_1_499' title='bbox 3291 2991 3492 3063; x_wconf 77' lang='grc' dir='ltr'>ταύτην</span> <span class='ocrx_word' id='word_1_500' title='bbox 3534 2993 3620 3063; x_wconf 73' lang='grc' dir='ltr'><strong>γὰρ</strong></span> 
     </span>
    </p>
   </div>
   <div class='ocr_carea' id='block_1_58' title="bbox 2074 3084 3623 3156">
    <p class='ocr_par' dir='ltr' id='par_1_58' title="bbox 2074 3084 3623 3156">
     <span class='ocr_line' id='line_1_58' title="bbox 2074 3084 3623 3156; baseline 0.001 -21"><span class='ocrx_word' id='word_1_501' title='bbox 2074 3087 2201 3153; x_wconf 72' lang='grc' dir='ltr'><strong>ἡμῖν</strong></span> <span class='ocrx_word' id='word_1_502' title='bbox 2233 3084 2329 3155; x_wconf 86' lang='grc' dir='ltr'>τὴν</span> <span class='ocrx_word' id='word_1_503' title='bbox 2364 3085 2567 3148; x_wconf 81' lang='grc' dir='ltr'>πίστιν,</span> <span class='ocrx_word' id='word_1_504' title='bbox 2611 3085 2708 3155; x_wconf 86' lang='grc' dir='ltr'>τὴν</span> <span class='ocrx_word' id='word_1_505' title='bbox 2751 3085 3145 3155; x_wconf 78' lang='grc' dir='ltr'>παραδοθεῖσαν</span> <span class='ocrx_word' id='word_1_506' title='bbox 3176 3086 3233 3138; x_wconf 80' lang='grc' dir='ltr'><strong>ἐν</strong></span> <span class='ocrx_word' id='word_1_507' title='bbox 3268 3088 3335 3156; x_wconf 79' lang='grc' dir='ltr'>τῇ</span> <span class='ocrx_word' id='word_1_508' title='bbox 3367 3101 3623 3155; x_wconf 80' lang='grc' dir='ltr'>μυσταγω-</span> 
     </span>
    </p>
   </div>
   <div class='ocr_carea' id='block_1_59' title="bbox 2071 3176 3625 3248">
    <p class='ocr_par' dir='ltr' id='par_1_59' title="bbox 2071 3176 3625 3248">
     <span class='ocr_line' id='line_1_59' title="bbox 2071 3176 3625 3248; baseline 0 -21"><span class='ocrx_word' id='word_1_509' title='bbox 2071 3178 2165 3247; x_wconf 66' lang='grc' dir='ltr'><strong>γίᾳ</strong></span> <span class='ocrx_word' id='word_1_510' title='bbox 2211 3176 2304 3229; x_wconf 78' lang='grc' dir='ltr'><strong>τοῦ</strong></span> <span class='ocrx_word' id='word_1_511' title='bbox 2367 3177 2714 3247; x_wconf 78' lang='grc' dir='ltr'>φωτίσματος</span> <span class='ocrx_word' id='word_1_512' title='bbox 2760 3176 2908 3248; x_wconf 87' lang='grc' dir='ltr'>παρὰ</span> <span class='ocrx_word' id='word_1_513' title='bbox 2948 3177 3042 3231; x_wconf 83' lang='grc' dir='ltr'>τοῦ</span> <span class='ocrx_word' id='word_1_514' title='bbox 3095 3177 3308 3230; x_wconf 84' lang='grc' dir='ltr'>πάντων</span> <span class='ocrx_word' id='word_1_515' title='bbox 3351 3177 3625 3233; x_wconf 80' lang='grc' dir='ltr'>Δεσπότου,</span> 
     </span>
    </p>
   </div>
   <div class='ocr_carea' id='block_1_60' title="bbox 2073 3269 3626 3342">
    <p class='ocr_par' dir='ltr' id='par_1_60' title="bbox 2073 3269 3626 3342">
     <span class='ocr_line' id='line_1_60' title="bbox 2073 3269 3626 3342; baseline -0.002 -20"><span class='ocrx_word' id='word_1_516' title='bbox 2073 3271 2221 3323; x_wconf 70' lang='grc' dir='ltr'>ἐστὶν</span> <span class='ocrx_word' id='word_1_517' title='bbox 2254 3271 2287 3340; x_wconf 82' lang='grc' dir='ltr'><strong>ἡ</strong></span> <span class='ocrx_word' id='word_1_518' title='bbox 2317 3270 2569 3323; x_wconf 80' lang='grc' dir='ltr'>κοινωνία</span> <span class='ocrx_word' id='word_1_519' title='bbox 2598 3270 2664 3341; x_wconf 78' lang='grc' dir='ltr'>ἦν</span> <span class='ocrx_word' id='word_1_520' title='bbox 2692 3270 2897 3339; x_wconf 83' lang='grc' dir='ltr'>Πέτρος</span> <span class='ocrx_word' id='word_1_521' title='bbox 2930 3270 3163 3342; x_wconf 80' lang='grc' dir='ltr'>ἔγραψεν</span> <span class='ocrx_word' id='word_1_522' title='bbox 3188 3288 3200 3300; x_wconf 88' lang='grc'><strong>·</strong></span> <span class='ocrx_word' id='word_1_523' title='bbox 3241 3272 3367 3324; x_wconf 86' lang='grc' dir='ltr'>Ἵνα</span> <span class='ocrx_word' id='word_1_524' title='bbox 3397 3269 3626 3341; x_wconf 71' lang='grc' dir='ltr'>γένησθε</span> 
     </span>
    </p>
   </div>
   <div class='ocr_carea' id='block_1_61' title="bbox 2077 3359 3628 3435">
    <p class='ocr_par' dir='ltr' id='par_1_61' title="bbox 2077 3359 3628 3435">
     <span class='ocr_line' id='line_1_61' title="bbox 2077 3359 3628 3435; baseline -0.003 -20"><span class='ocrx_word' id='word_1_525' title='bbox 2077 3363 2238 3427; x_wconf 83' lang='grc' dir='ltr'><strong>θείας</strong></span> <span class='ocrx_word' id='word_1_526' title='bbox 2288 3363 2557 3416; x_wconf 82' lang='grc' dir='ltr'>κοινωνοὶ</span> <span class='ocrx_word' id='word_1_527' title='bbox 2606 3363 2863 3431; x_wconf 69' lang='grc' dir='ltr'>φύσεως.</span> <span class='ocrx_word' id='word_1_528' title='bbox 2919 3364 2991 3415; x_wconf 87' lang='grc' dir='ltr'>Τὸ</span> <span class='ocrx_word' id='word_1_529' title='bbox 3035 3363 3141 3435; x_wconf 82' lang='grc' dir='ltr'><strong>γὰρ</strong></span> <span class='ocrx_word' id='word_1_530' title='bbox 3179 3364 3387 3433; x_wconf 81' lang='grc' dir='ltr'>κτίσμα</span> <span class='ocrx_word' id='word_1_531' title='bbox 3424 3362 3514 3416; x_wconf 74' lang='grc' dir='ltr'>καὶ</span> <span class='ocrx_word' id='word_1_532' title='bbox 3541 3359 3628 3413; x_wconf 66' lang='grc' dir='ltr'><strong>ὑπὸ</strong></span> 
     </span>
    </p>
   </div>
   <div class='ocr_carea' id='block_1_62' title="bbox 2076 3452 3630 3526">
    <p class='ocr_par' dir='ltr' id='par_1_62' title="bbox 2076 3452 3630 3526">
     <span class='ocr_line' id='line_1_62' title="bbox 2076 3452 3630 3526; baseline -0.001 -20"><span class='ocrx_word' id='word_1_533' title='bbox 2076 3454 2263 3526; x_wconf 89' lang='grc' dir='ltr'>χρόνον</span> <span class='ocrx_word' id='word_1_534' title='bbox 2287 3453 2367 3519; x_wconf 86' lang='grc' dir='ltr'><strong>ὃν,</strong></span> <span class='ocrx_word' id='word_1_535' title='bbox 2401 3454 2461 3507; x_wconf 81' lang='grc' dir='ltr'><strong>οὐ</strong></span> <span class='ocrx_word' id='word_1_536' title='bbox 2487 3453 2609 3508; x_wconf 83' lang='grc' dir='ltr'>Θεία</span> <span class='ocrx_word' id='word_1_537' title='bbox 2638 3456 2799 3524; x_wconf 80' lang='grc' dir='ltr'>φύσις</span> <span class='ocrx_word' id='word_1_538' title='bbox 2820 3455 2987 3508; x_wconf 80' lang='grc' dir='ltr'>ἐστίν.</span> <span class='ocrx_word' id='word_1_539' title='bbox 3020 3456 3280 3526; x_wconf 79' lang='grc' dir='ltr'>Μέμνησο</span> <span class='ocrx_word' id='word_1_540' title='bbox 3298 3456 3356 3508; x_wconf 82' lang='grc' dir='ltr'><strong>δὲ</strong></span> <span class='ocrx_word' id='word_1_541' title='bbox 3381 3454 3514 3525; x_wconf 82' lang='grc' dir='ltr'>πρὸς</span> <span class='ocrx_word' id='word_1_542' title='bbox 3532 3452 3630 3505; x_wconf 80' lang='grc' dir='ltr'>τού-</span> 
     </span>
    </p>
   </div>
   <div class='ocr_carea' id='block_1_63' title="bbox 400 3535 1975 3611">
    <p class='ocr_par' dir='ltr' id='par_1_63' title="bbox 400 3537 1965 3607">
     <span class='ocr_line' id='line_1_63' title="bbox 400 3537 1965 3607; baseline -0.003 -11"><span class='ocrx_word' id='word_1_543' title='bbox 400 3540 717 3604; x_wconf 81' lang='lat' dir='ltr'><strong>obnoxium,</strong></span> <span class='ocrx_word' id='word_1_544' title='bbox 754 3555 859 3594; x_wconf 93' lang='lat' dir='ltr'><strong>non</strong></span> <span class='ocrx_word' id='word_1_545' title='bbox 894 3548 978 3594; x_wconf 89' lang='lat' dir='ltr'><strong>est</strong></span> <span class='ocrx_word' id='word_1_546' title='bbox 1004 3538 1184 3593; x_wconf 88' lang='lat' dir='ltr'><strong>divina</strong></span> <span class='ocrx_word' id='word_1_547' title='bbox 1214 3547 1431 3591; x_wconf 90' lang='lat' dir='ltr'><strong>natura.</strong></span> <span class='ocrx_word' id='word_1_548' title='bbox 1462 3537 1594 3591; x_wconf 89' lang='lat' dir='ltr'><strong>Illud</strong></span> <span class='ocrx_word' id='word_1_549' title='bbox 1623 3545 1799 3591; x_wconf 90' lang='lat' dir='ltr'><strong>autem</strong></span> <span class='ocrx_word' id='word_1_550' title='bbox 1831 3553 1965 3607; x_wconf 70' lang='lat' dir='ltr'><strong>pra:-</strong></span> 
     </span>
    </p>
   </div>
   <div class='ocr_carea' id='block_1_64' title="bbox 2083 3535 3632 3611">
    <p class='ocr_par' dir='ltr' id='par_1_64' title="bbox 2083 3535 3632 3610">
     <span class='ocr_line' id='line_1_64' title="bbox 2083 3535 3632 3610; baseline -0.001 -19"><span class='ocrx_word' id='word_1_551' title='bbox 2083 3540 2405 3609; x_wconf 79' lang='grc' dir='ltr'>τοις,ὅτιπερ</span> <span class='ocrx_word' id='word_1_552' title='bbox 2422 3538 2535 3605; x_wconf 78' lang='grc' dir='ltr'>τὴν</span> <span class='ocrx_word' id='word_1_553' title='bbox 2550 3540 2865 3593; x_wconf 81' lang='grc' dir='ltr'>κοινωνίαν</span> <span class='ocrx_word' id='word_1_554' title='bbox 2891 3540 3045 3610; x_wconf 78' lang='grc' dir='ltr'><strong>ἡμῶν</strong></span> <span class='ocrx_word' id='word_1_555' title='bbox 3066 3535 3215 3593; x_wconf 76' lang='grc' dir='ltr'>εἶπεν</span> <span class='ocrx_word' id='word_1_556' title='bbox 3230 3539 3385 3609; x_wconf 81' lang='grc' dir='ltr'><strong>μετὰ</strong></span> <span class='ocrx_word' id='word_1_557' title='bbox 3407 3538 3511 3594; x_wconf 79' lang='grc' dir='ltr'>τοῦ</span> <span class='ocrx_word' id='word_1_558' title='bbox 3531 3540 3632 3591; x_wconf 87' lang='grc' dir='ltr'><strong>Πα-</strong></span> 
     </span>
    </p>
   </div>
   <div class='ocr_carea' id='block_1_65' title="bbox 403 3630 1962 3700">
    <p class='ocr_par' dir='ltr' id='par_1_65' title="bbox 403 3630 1962 3700">
     <span class='ocr_line' id='line_1_65' title="bbox 403 3630 1962 3700; baseline -0.003 -14"><span class='ocrx_word' id='word_1_559' title='bbox 403 3642 547 3689; x_wconf 86' lang='lat' dir='ltr'><strong>terea</strong></span> <span class='ocrx_word' id='word_1_560' title='bbox 586 3633 845 3687; x_wconf 89' lang='lat' dir='ltr'><strong>memoria</strong></span> <span class='ocrx_word' id='word_1_561' title='bbox 880 3640 1026 3697; x_wconf 89' lang='lat' dir='ltr'><strong>tene,</strong></span> <span class='ocrx_word' id='word_1_562' title='bbox 1061 3630 1203 3700; x_wconf 90' lang='lat' dir='ltr'><strong>quod</strong></span> <span class='ocrx_word' id='word_1_563' title='bbox 1233 3630 1530 3683; x_wconf 87' lang='lat' dir='ltr'><strong>societatem</strong></span> <span class='ocrx_word' id='word_1_564' title='bbox 1560 3638 1799 3683; x_wconf 87' lang='lat' dir='ltr'><strong>nostram</strong></span> <span class='ocrx_word' id='word_1_565' title='bbox 1827 3630 1962 3683; x_wconf 78' lang='lat' dir='ltr'><strong>dixit</strong></span> 
     </span>
    </p>
   </div>
   <div class='ocr_carea' id='block_1_66' title="bbox 477 3782 1982 3858">
    <p class='ocr_par' dir='ltr' id='par_1_66' title="bbox 477 3782 1982 3858">
     <span class='ocr_line' id='line_1_66' title="bbox 477 3782 1982 3858; baseline -0.003 -15"><span class='ocrx_word' id='word_1_566' title='bbox 477 3788 586 3858; x_wconf 69' lang='grc'>(54)</span> <span class='ocrx_word' id='word_1_567' title='bbox 665 3785 1027 3858; x_wconf 82' lang='lat' dir='ltr'><strong>Omnipotens.</strong></span> <span class='ocrx_word' id='word_1_568' title='bbox 1082 3786 1123 3839; x_wconf 84' lang='lat' dir='ltr'><strong>A</strong></span> <span class='ocrx_word' id='word_1_569' title='bbox 1176 3784 1358 3858; x_wconf 79' lang='lat' dir='ltr'><strong>verbis</strong></span> <span class='ocrx_word' id='word_1_570' title='bbox 1424 3782 1699 3858; x_wconf 76' lang='lat' dir='ltr'><strong>Evangelii</strong></span> <span class='ocrx_word' id='word_1_571' title='bbox 1757 3782 1982 3839; x_wconf 84' lang='lat' dir='ltr'><strong>Joannis</strong></span> 
     </span>
    </p>
   </div>
   <div class='ocr_carea' id='block_1_67' title="bbox 406 3853 1981 3926">
    <p class='ocr_par' dir='ltr' id='par_1_67' title="bbox 406 3853 1981 3926">
     <span class='ocr_line' id='line_1_67' title="bbox 406 3853 1981 3926; baseline -0.004 -14"><span class='ocrx_word' id='word_1_572' title='bbox 406 3853 603 3912; x_wconf 65' lang='lat' dir='ltr'><strong>transi&quot;.</strong></span> <span class='ocrx_word' id='word_1_573' title='bbox 623 3853 842 3926; x_wconf 81' lang='lat' dir='ltr'><strong>repente</strong></span> <span class='ocrx_word' id='word_1_574' title='bbox 865 3859 930 3911; x_wconf 90' lang='lat' dir='ltr'><strong>ad</strong></span> <span class='ocrx_word' id='word_1_575' title='bbox 964 3857 1139 3912; x_wconf 88' lang='lat' dir='ltr'><strong>locum</strong></span> <span class='ocrx_word' id='word_1_576' title='bbox 1160 3853 1510 3926; x_wconf 84' lang='lat' dir='ltr'><strong>Apocalypsis</strong></span> <span class='ocrx_word' id='word_1_577' title='bbox 1533 3854 1795 3926; x_wconf 76' lang='lat' dir='ltr'><strong>ejusdem,</strong></span> <span class='ocrx_word' id='word_1_578' title='bbox 1820 3868 1981 3926; x_wconf 86' lang='lat' dir='ltr'><strong>quem</strong></span> 
     </span>
    </p>
   </div>
   <div class='ocr_carea' id='block_1_68' title="bbox 404 3922 1978 3997">
    <p class='ocr_par' dir='ltr' id='par_1_68' title="bbox 404 3922 1978 3997">
     <span class='ocr_line' id='line_1_68' title="bbox 404 3922 1978 3997; baseline -0.002 -16"><span class='ocrx_word' id='word_1_579' title='bbox 404 3941 562 3982; x_wconf 88' lang='lat' dir='ltr'><strong>antea</strong></span> <span class='ocrx_word' id='word_1_580' title='bbox 612 3922 781 3996; x_wconf 66' lang='lat' dir='ltr'><strong>segni.</strong></span> <span class='ocrx_word' id='word_1_581' title='bbox 831 3928 865 3981; x_wconf 89' lang='lat'><strong>6</strong></span> <span class='ocrx_word' id='word_1_582' title='bbox 917 3945 972 3994; x_wconf 91' lang='lat' dir='ltr'><strong>a,</strong></span> <span class='ocrx_word' id='word_1_583' title='bbox 1018 3922 1259 3997; x_wconf 80' lang='lat' dir='ltr'><strong>prot_ulit.</strong></span> <span class='ocrx_word' id='word_1_584' title='bbox 1291 3922 1423 3978; x_wconf 75' lang='lat' dir='ltr'><strong>Vide</strong></span> <span class='ocrx_word' id='word_1_585' title='bbox 1467 3922 1849 3997; x_wconf 12' lang='lat' dir='ltr'><strong>not._16,ipag.</strong></span> <span class='ocrx_word' id='word_1_586' title='bbox 1891 3925 1978 3978; x_wconf 81' lang='lat'><strong>17.</strong></span> 
     </span>
    </p>
   </div>
   <div class='ocr_carea' id='block_1_69' title="bbox 405 3992 1979 4066">
    <p class='ocr_par' dir='ltr' id='par_1_69' title="bbox 405 3992 1979 4066">
     <span class='ocr_line' id='line_1_69' title="bbox 405 3992 1979 4066; baseline -0.003 -14"><span class='ocrx_word' id='word_1_587' title='bbox 405 3998 598 4052; x_wconf 80' lang='lat' dir='ltr'><strong>Filium</strong></span> <span class='ocrx_word' id='word_1_588' title='bbox 627 3992 806 4064; x_wconf 80' lang='lat' dir='ltr'><strong>p6rro,</strong></span> <span class='ocrx_word' id='word_1_589' title='bbox 837 3992 988 4066; x_wconf 60' lang='lat' dir='ltr'><strong>mque</strong></span> <span class='ocrx_word' id='word_1_590' title='bbox 1022 3992 1086 4050; x_wconf 76' lang='lat' dir='ltr'><strong>ac</strong></span> <span class='ocrx_word' id='word_1_591' title='bbox 1130 3995 1368 4066; x_wconf 80' lang='lat' dir='ltr'><strong>Patrem,</strong></span> <span class='ocrx_word' id='word_1_592' title='bbox 1394 4008 1511 4066; x_wconf 80' lang='lat' dir='ltr'><strong>esse</strong></span> <span class='ocrx_word' id='word_1_593' title='bbox 1560 3992 1979 4066; x_wconf 66' lang='lat' dir='ltr'><strong>Omnipotentem</strong></span> 
     </span>
    </p>
   </div>
   <div class='ocr_carea' id='block_1_70' title="bbox 404 4063 1980 4137">
    <p class='ocr_par' dir='ltr' id='par_1_70' title="bbox 404 4063 1980 4137">
     <span class='ocr_line' id='line_1_70' title="bbox 404 4063 1980 4137; baseline -0.004 -16"><span class='ocrx_word' id='word_1_594' title='bbox 404 4069 526 4122; x_wconf 90' lang='lat' dir='ltr'><strong>ideo</strong></span> <span class='ocrx_word' id='word_1_595' title='bbox 550 4063 760 4119; x_wconf 79' lang='lat' dir='ltr'><strong>videtur</strong></span> <span class='ocrx_word' id='word_1_596' title='bbox 785 4063 1042 4137; x_wconf 62' lang='lat' dir='ltr'><strong>Didvmus</strong></span> <span class='ocrx_word' id='word_1_597' title='bbox 1075 4064 1270 4137; x_wconf 41' lang='lat' dir='ltr'><strong>saepius</strong></span> <span class='ocrx_word' id='word_1_598' title='bbox 1302 4064 1593 4137; x_wconf 79' lang='lat' dir='ltr'><strong>inculcare,</strong></span> <span class='ocrx_word' id='word_1_599' title='bbox 1630 4064 1771 4131; x_wconf 91' lang='lat' dir='ltr'><strong>quod</strong></span> <span class='ocrx_word' id='word_1_600' title='bbox 1800 4063 1980 4137; x_wconf 64' lang='lat' dir='ltr'><strong>Enna:</strong></span> 
     </span>
    </p>
   </div>
   <div class='ocr_carea' id='block_1_71' title="bbox 406 4133 1982 4204">
    <p class='ocr_par' dir='ltr' id='par_1_71' title="bbox 406 4133 1982 4204">
     <span class='ocr_line' id='line_1_71' title="bbox 406 4133 1982 4204; baseline -0.003 -14"><span class='ocrx_word' id='word_1_601' title='bbox 406 4138 550 4190; x_wconf 87' lang='lat' dir='ltr'><strong>mins</strong></span> <span class='ocrx_word' id='word_1_602' title='bbox 573 4137 625 4190; x_wconf 89' lang='lat' dir='ltr'><strong>id</strong></span> <span class='ocrx_word' id='word_1_603' title='bbox 652 4133 901 4204; x_wconf 74' lang='lat' dir='ltr'><strong>negassei</strong></span> <span class='ocrx_word' id='word_1_604' title='bbox 923 4137 975 4189; x_wconf 89' lang='lat' dir='ltr'><strong>in</strong></span> <span class='ocrx_word' id='word_1_605' title='bbox 999 4151 1061 4189; x_wconf 91' lang='lat' dir='ltr'><strong>ea</strong></span> <span class='ocrx_word' id='word_1_606' title='bbox 1090 4133 1458 4204; x_wconf 79' lang='lat' dir='ltr'><strong>Confessione,</strong></span> <span class='ocrx_word' id='word_1_607' title='bbox 1489 4148 1651 4201; x_wconf 88' lang='lat' dir='ltr'><strong>quam</strong></span> <span class='ocrx_word' id='word_1_608' title='bbox 1694 4147 1836 4185; x_wconf 89' lang='lat' dir='ltr'><strong>anno</strong></span> <span class='ocrx_word' id='word_1_609' title='bbox 1880 4133 1982 4187; x_wconf 78' lang='lat'><strong>585</strong></span> 
     </span>
    </p>
   </div>
   <div class='ocr_carea' id='block_1_72' title="bbox 406 4203 1975 4275">
    <p class='ocr_par' dir='ltr' id='par_1_72' title="bbox 406 4203 1975 4275">
     <span class='ocr_line' id='line_1_72' title="bbox 406 4203 1975 4275; baseline -0.003 -14"><span class='ocrx_word' id='word_1_610' title='bbox 406 4203 1060 4275; x_wconf 85' lang='lat' dir='ltr'><strong>‘l‘beodosioimperatori</strong></span> <span class='ocrx_word' id='word_1_611' title='bbox 1093 4203 1307 4275; x_wconf 88' lang='lat' dir='ltr'><strong>obtulit,</strong></span> <span class='ocrx_word' id='word_1_612' title='bbox 1337 4216 1567 4275; x_wconf 54' lang='lat' dir='ltr'><strong>quaeque</strong></span> <span class='ocrx_word' id='word_1_613' title='bbox 1628 4212 1975 4275; x_wconf 74' lang='lat' dir='ltr'><strong>ex_stat__tom.</strong></span> 
     </span>
    </p>
   </div>
   <div class='ocr_carea' id='block_1_73' title="bbox 409 4270 1979 4345">
    <p class='ocr_par' dir='ltr' id='par_1_73' title="bbox 409 4270 1979 4345">
     <span class='ocr_line' id='line_1_73' title="bbox 409 4270 1979 4345; baseline -0.003 -16"><span class='ocrx_word' id='word_1_614' title='bbox 409 4278 426 4329; x_wconf 95' lang='grc' dir='ltr'><strong>Ι</strong></span> <span class='ocrx_word' id='word_1_615' title='bbox 470 4274 611 4328; x_wconf 76' lang='lat' dir='ltr'><strong>bect.</strong></span> <span class='ocrx_word' id='word_1_616' title='bbox 658 4270 853 4345; x_wconf 69' lang='lat' dir='ltr'><strong>antiqq.</strong></span> <span class='ocrx_word' id='word_1_617' title='bbox 912 4274 1115 4345; x_wconf 76' lang='lat' dir='ltr'><strong>Canisii</strong></span> <span class='ocrx_word' id='word_1_618' title='bbox 1168 4287 1287 4345; x_wconf 63' lang='lat' dir='ltr'><strong>pag.</strong></span> <span class='ocrx_word' id='word_1_619' title='bbox 1342 4272 1463 4345; x_wconf 74' lang='grc'><strong>178.</strong></span> <span class='ocrx_word' id='word_1_620' title='bbox 1497 4272 1753 4345; x_wconf 39' lang='grc' dir='ltr'>Ιυίμθηίιιι</span> <span class='ocrx_word' id='word_1_621' title='bbox 1785 4270 1979 4345; x_wconf 81' lang='lat' dir='ltr'><strong>Filium</strong></span> 
     </span>
    </p>
   </div>
   <div class='ocr_carea' id='block_1_74' title="bbox 406 4341 1980 4414">
    <p class='ocr_par' dir='ltr' id='par_1_74' title="bbox 406 4341 1980 4414">
     <span class='ocr_line' id='line_1_74' title="bbox 406 4341 1980 4414; baseline -0.002 -17"><span class='ocrx_word' id='word_1_622' title='bbox 406 4345 703 4399; x_wconf 81' lang='lat' dir='ltr'><strong>cxcludens</strong></span> <span class='ocrx_word' id='word_1_623' title='bbox 735 4341 905 4414; x_wconf 81' lang='lat' dir='ltr'><strong>inquit</strong></span> <span class='ocrx_word' id='word_1_624' title='bbox 933 4346 999 4397; x_wconf 88' lang='lat' dir='ltr'><strong>de</strong></span> <span class='ocrx_word' id='word_1_625' title='bbox 1017 4344 1177 4399; x_wconf 88' lang='lat' dir='ltr'><strong>Patre</strong></span> <span class='ocrx_word' id='word_1_626' title='bbox 1198 4342 1492 4414; x_wconf 73' lang='lat' dir='ltr'><strong>Eunomius</strong></span> <span class='ocrx_word' id='word_1_627' title='bbox 1520 4357 1532 4391; x_wconf 91' lang='lat'><strong>:</strong></span> <span class='ocrx_word' id='word_1_628' title='bbox 1560 4341 1705 4395; x_wconf 88' lang='lat' dir='ltr'><strong>Unus</strong></span> <span class='ocrx_word' id='word_1_629' title='bbox 1741 4355 1811 4393; x_wconf 87' lang='lat' dir='ltr'><strong>est</strong></span> <span class='ocrx_word' id='word_1_630' title='bbox 1843 4344 1980 4414; x_wconf 68' lang='lat' dir='ltr'><strong>enim</strong></span> 
     </span>
    </p>
   </div>
   <div class='ocr_carea' id='block_1_75' title="bbox 406 4410 1982 4481">
    <p class='ocr_par' dir='ltr' id='par_1_75' title="bbox 406 4410 1982 4481">
     <span class='ocr_line' id='line_1_75' title="bbox 406 4410 1982 4481; baseline -0.001 -14"><span class='ocrx_word' id='word_1_631' title='bbox 406 4426 454 4468; x_wconf 84' lang='lat' dir='ltr'><strong>et</strong></span> <span class='ocrx_word' id='word_1_632' title='bbox 493 4414 633 4467; x_wconf 81' lang='lat' dir='ltr'><strong>solus</strong></span> <span class='ocrx_word' id='word_1_633' title='bbox 680 4410 823 4468; x_wconf 73' lang='lat' dir='ltr'><strong>Deus</strong></span> <span class='ocrx_word' id='word_1_634' title='bbox 858 4413 1227 4481; x_wconf 78' lang='lat' dir='ltr'><strong>Omnipotens,</strong></span> <span class='ocrx_word' id='word_1_635' title='bbox 1266 4410 1403 4481; x_wconf 83' lang='lat' dir='ltr'><strong>Deus</strong></span> <span class='ocrx_word' id='word_1_636' title='bbox 1434 4414 1670 4475; x_wconf 83' lang='lat' dir='ltr'><strong>deorum,</strong></span> <span class='ocrx_word' id='word_1_637' title='bbox 1713 4420 1819 4464; x_wconf 89' lang='lat' dir='ltr'><strong>etc.</strong></span> <span class='ocrx_word' id='word_1_638' title='bbox 1853 4412 1982 4478; x_wconf 69' lang='lat' dir='ltr'><strong>Quae</strong></span> 
     </span>
    </p>
   </div>
   <div class='ocr_carea' id='block_1_76' title="bbox 406 4480 1980 4550">
    <p class='ocr_par' dir='ltr' id='par_1_76' title="bbox 406 4480 1980 4550">
     <span class='ocr_line' id='line_1_76' title="bbox 406 4480 1980 4550; baseline -0.001 -13"><span class='ocrx_word' id='word_1_639' title='bbox 406 4486 570 4537; x_wconf 68' lang='lat' dir='ltr'><strong>verba</strong></span> <span class='ocrx_word' id='word_1_640' title='bbox 629 4485 820 4539; x_wconf 74' lang='lat' dir='ltr'><strong>refellit</strong></span> <span class='ocrx_word' id='word_1_641' title='bbox 849 4483 907 4538; x_wconf 92' lang='lat' dir='ltr'><strong>S.</strong></span> <span class='ocrx_word' id='word_1_642' title='bbox 939 4480 1231 4550; x_wconf 78' lang='lat' dir='ltr'><strong>Gregorius</strong></span> <span class='ocrx_word' id='word_1_643' title='bbox 1280 4480 1554 4550; x_wconf 80' lang='lat' dir='ltr'><strong>Nyssenus</strong></span> <span class='ocrx_word' id='word_1_644' title='bbox 1604 4482 1741 4536; x_wconf 90' lang='lat' dir='ltr'><strong>libro</strong></span> <span class='ocrx_word' id='word_1_645' title='bbox 1805 4484 1980 4549; x_wconf 87' lang='lat' dir='ltr'><strong>primo</strong></span> 
     </span>
    </p>
   </div>
   <div class='ocr_carea' id='block_1_77' title="bbox 408 4552 1173 4608">
    <p class='ocr_par' dir='ltr' id='par_1_77' title="bbox 408 4552 1173 4608">
     <span class='ocr_line' id='line_1_77' title="bbox 408 4552 1173 4608; baseline -0.003 -2"><span class='ocrx_word' id='word_1_646' title='bbox 408 4564 591 4607; x_wconf 85' lang='lat' dir='ltr'><strong>contra</strong></span> <span class='ocrx_word' id='word_1_647' title='bbox 620 4554 792 4608; x_wconf 86' lang='lat' dir='ltr'><strong>insum</strong></span> <span class='ocrx_word' id='word_1_648' title='bbox 834 4552 1173 4607; x_wconf 84' lang='lat' dir='ltr'><strong>Eunomium.</strong></span> 
     </span>
    </p>
   </div>
   <div class='ocr_carea' id='block_1_78' title="bbox 480 4619 1973 4693">
    <p class='ocr_par' dir='ltr' id='par_1_78' title="bbox 480 4619 1973 4693">
     <span class='ocr_line' id='line_1_78' title="bbox 480 4619 1973 4693; baseline 0.001 -16"><span class='ocrx_word' id='word_1_649' title='bbox 480 4623 593 4693; x_wconf 78' lang='lat'><strong>(35)</strong></span> <span class='ocrx_word' id='word_1_650' title='bbox 632 4619 798 4690; x_wconf 80' lang='lat' dir='ltr'><strong>Super</strong></span> <span class='ocrx_word' id='word_1_651' title='bbox 826 4625 1024 4693; x_wconf 86' lang='lat' dir='ltr'><strong>omnia.</strong></span> <span class='ocrx_word' id='word_1_652' title='bbox 1078 4621 1317 4693; x_wconf 88' lang='lat' dir='ltr'><strong>Respicit</strong></span> <span class='ocrx_word' id='word_1_653' title='bbox 1358 4619 1520 4674; x_wconf 79' lang='lat' dir='ltr'><strong>Rom.</strong></span> <span class='ocrx_word' id='word_1_654' title='bbox 1550 4636 1626 4693; x_wconf 76' lang='lat' dir='ltr'><strong>Ix,</strong></span> <span class='ocrx_word' id='word_1_655' title='bbox 1654 4621 1708 4685; x_wconf 85' lang='lat'><strong>5,</strong></span> <span class='ocrx_word' id='word_1_656' title='bbox 1735 4625 1820 4675; x_wconf 87' lang='lat' dir='ltr'><strong>ubr</strong></span> <span class='ocrx_word' id='word_1_657' title='bbox 1849 4624 1973 4693; x_wconf 75' lang='lat' dir='ltr'><strong>legi-</strong></span> 
     </span>
    </p>
   </div>
   <div class='ocr_carea' id='block_1_79' title="bbox 412 4692 1971 4761">
    <p class='ocr_par' dir='ltr' id='par_1_79' title="bbox 412 4692 1971 4761">
     <span class='ocr_line' id='line_1_79' title="bbox 412 4692 1971 4761; baseline 0.002 -16"><span class='ocrx_word' id='word_1_658' title='bbox 412 4692 533 4746; x_wconf 87' lang='lat' dir='ltr'><strong>tur:</strong></span> <span class='ocrx_word' id='word_1_659' title='bbox 578 4693 636 4746; x_wconf 88' lang='grc' dir='ltr'>Ὁ</span> <span class='ocrx_word' id='word_1_660' title='bbox 676 4693 751 4745; x_wconf 84' lang='grc' dir='ltr'><strong>ὢν</strong></span> <span class='ocrx_word' id='word_1_661' title='bbox 793 4694 886 4745; x_wconf 73' lang='grc' dir='ltr'><strong>ἐπὶ</strong></span> <span class='ocrx_word' id='word_1_662' title='bbox 930 4692 1145 4746; x_wconf 84' lang='grc' dir='ltr'>πάντων</span> <span class='ocrx_word' id='word_1_663' title='bbox 1175 4692 1327 4758; x_wconf 83' lang='grc' dir='ltr'>Θεός,</span> <span class='ocrx_word' id='word_1_664' title='bbox 1360 4693 1413 4746; x_wconf 93' lang='lat' dir='ltr'><strong>id</strong></span> <span class='ocrx_word' id='word_1_665' title='bbox 1446 4702 1549 4754; x_wconf 87' lang='lat' dir='ltr'><strong>est,</strong></span> <span class='ocrx_word' id='word_1_666' title='bbox 1583 4692 1684 4756; x_wconf 85' lang='lat' dir='ltr'><strong>Qui</strong></span> <span class='ocrx_word' id='word_1_667' title='bbox 1714 4705 1785 4745; x_wconf 78' lang='lat' dir='ltr'><strong>est</strong></span> <span class='ocrx_word' id='word_1_668' title='bbox 1813 4692 1971 4761; x_wconf 85' lang='lat' dir='ltr'><strong>super</strong></span> 
     </span>
    </p>
   </div>
   <div class='ocr_carea' id='block_1_80' title="bbox 410 4763 774 4816">
    <p class='ocr_par' dir='ltr' id='par_1_80' title="bbox 410 4763 774 4816">
     <span class='ocr_line' id='line_1_80' title="bbox 410 4763 774 4816; baseline 0 0"><span class='ocrx_word' id='word_1_669' title='bbox 410 4764 584 4816; x_wconf 87' lang='lat' dir='ltr'><strong>omnia</strong></span> <span class='ocrx_word' id='word_1_670' title='bbox 614 4763 774 4816; x_wconf 83' lang='lat' dir='ltr'><strong>Deus.</strong></span> 
     </span>
    </p>
   </div>
   <div class='ocr_carea' id='block_1_81' title="bbox 485 4832 1973 4903">
    <p class='ocr_par' dir='ltr' id='par_1_81' title="bbox 485 4832 1973 4903">
     <span class='ocr_line' id='line_1_81' title="bbox 485 4832 1973 4903; baseline -0.001 -16"><span class='ocrx_word' id='word_1_671' title='bbox 485 4832 593 4903; x_wconf 76' lang='grc'>(56)</span> <span class='ocrx_word' id='word_1_672' title='bbox 624 4834 726 4897; x_wconf 88' lang='lat' dir='ltr'><strong>Qui</strong></span> <span class='ocrx_word' id='word_1_673' title='bbox 751 4843 848 4887; x_wconf 87' lang='lat' dir='ltr'><strong>est.</strong></span> <span class='ocrx_word' id='word_1_674' title='bbox 877 4833 991 4887; x_wconf 81' lang='lat' dir='ltr'><strong>Non</strong></span> <span class='ocrx_word' id='word_1_675' title='bbox 1021 4833 1239 4902; x_wconf 89' lang='lat' dir='ltr'><strong>respicit</strong></span> <span class='ocrx_word' id='word_1_676' title='bbox 1272 4832 1443 4887; x_wconf 84' lang='lat' dir='ltr'><strong>Exod.</strong></span> <span class='ocrx_word' id='word_1_677' title='bbox 1479 4849 1561 4895; x_wconf 90' lang='grc' dir='ltr'>ιιι,</span> <span class='ocrx_word' id='word_1_678' title='bbox 1592 4834 1677 4895; x_wconf 72' lang='grc' dir='ltr'>Μ,</span> <span class='ocrx_word' id='word_1_679' title='bbox 1712 4834 1802 4887; x_wconf 87' lang='lat' dir='ltr'><strong>sed</strong></span> <span class='ocrx_word' id='word_1_680' title='bbox 1828 4850 1973 4897; x_wconf 90' lang='lat' dir='ltr'><strong>eum,</strong></span> 
     </span>
    </p>
   </div>
   <div class='ocr_carea' id='block_1_82' title="bbox 410 4903 1344 4973">
    <p class='ocr_par' dir='ltr' id='par_1_82' title="bbox 410 4903 1344 4973">
     <span class='ocr_line' id='line_1_82' title="bbox 410 4903 1344 4973; baseline 0 -19"><span class='ocrx_word' id='word_1_681' title='bbox 410 4917 569 4971; x_wconf 86' lang='lat' dir='ltr'><strong>quem</strong></span> <span class='ocrx_word' id='word_1_682' title='bbox 604 4904 737 4973; x_wconf 58' lang='lat' dir='ltr'><strong>dixi,</strong></span> <span class='ocrx_word' id='word_1_683' title='bbox 771 4904 1124 4973; x_wconf 86' lang='lat' dir='ltr'><strong>Apocalypsis</strong></span> <span class='ocrx_word' id='word_1_684' title='bbox 1146 4903 1344 4955; x_wconf 78' lang='lat' dir='ltr'><strong>locum.</strong></span> 
     </span>
    </p>
   </div>
   <div class='ocr_carea' id='block_1_83' title="bbox 482 4971 1844 5040">
    <p class='ocr_par' dir='ltr' id='par_1_83' title="bbox 482 4971 1844 5040">
     <span class='ocr_line' id='line_1_83' title="bbox 482 4971 1844 5040; baseline 0.001 -15"><span class='ocrx_word' id='word_1_685' title='bbox 482 4973 595 5040; x_wconf 78' lang='grc'>(57)</span> <span class='ocrx_word' id='word_1_686' title='bbox 625 4971 702 5025; x_wconf 81' lang='lat' dir='ltr'><strong>Tu</strong></span> <span class='ocrx_word' id='word_1_687' title='bbox 724 4990 797 5026; x_wconf 88' lang='lat' dir='ltr'><strong>es.</strong></span> <span class='ocrx_word' id='word_1_688' title='bbox 831 4971 1026 5026; x_wconf 41' lang='lat' dir='ltr'><strong>Mattli.’</strong></span> <span class='ocrx_word' id='word_1_689' title='bbox 1054 4989 1130 5039; x_wconf 67' lang='grc' dir='ltr'>ιι,</span> <span class='ocrx_word' id='word_1_690' title='bbox 1162 4974 1226 5036; x_wconf 76' lang='grc'><strong>5;</strong></span> <span class='ocrx_word' id='word_1_691' title='bbox 1254 4982 1309 5025; x_wconf 89' lang='lat' dir='ltr'><strong>et</strong></span> <span class='ocrx_word' id='word_1_692' title='bbox 1340 4972 1469 5025; x_wconf 87' lang='lat' dir='ltr'><strong>Luc.</strong></span> <span class='ocrx_word' id='word_1_693' title='bbox 1501 4987 1594 5034; x_wconf 90' lang='lat' dir='ltr'><strong>vn,</strong></span> <span class='ocrx_word' id='word_1_694' title='bbox 1638 4972 1726 5036; x_wconf 72' lang='grc'><strong>’.9,</strong></span> <span class='ocrx_word' id='word_1_695' title='bbox 1755 4972 1844 5027; x_wconf 78' lang='lat'><strong>‘20.</strong></span> 
     </span>
    </p>
   </div>
   <div class='ocr_carea' id='block_1_84' title="bbox 2069 3626 3633 3702">
    <p class='ocr_par' dir='ltr' id='par_1_84' title="bbox 2069 3626 3633 3702">
     <span class='ocr_line' id='line_1_84' title="bbox 2069 3626 3633 3702; baseline -0.001 -20"><span class='ocrx_word' id='word_1_696' title='bbox 2069 3630 2200 3698; x_wconf 74' lang='grc' dir='ltr'>τρὸς</span> <span class='ocrx_word' id='word_1_697' title='bbox 2224 3632 2319 3684; x_wconf 78' lang='grc' dir='ltr'><strong>καὶ</strong></span> <span class='ocrx_word' id='word_1_698' title='bbox 2345 3630 2451 3685; x_wconf 86' lang='grc' dir='ltr'>τοῦ</span> <span class='ocrx_word' id='word_1_699' title='bbox 2490 3630 2629 3685; x_wconf 78' lang='grc' dir='ltr'><strong>Υὶοῦ</strong></span> <span class='ocrx_word' id='word_1_700' title='bbox 2645 3632 2829 3685; x_wconf 82' lang='grc' dir='ltr'>αὐτοῦ</span> <span class='ocrx_word' id='word_1_701' title='bbox 2862 3632 3133 3702; x_wconf 76' lang='grc' dir='ltr'>ἰσοτίμως,</span> <span class='ocrx_word' id='word_1_702' title='bbox 3170 3633 3265 3684; x_wconf 76' lang='grc' dir='ltr'>καὶ</span> <span class='ocrx_word' id='word_1_703' title='bbox 3284 3631 3409 3702; x_wconf 74' lang='grc' dir='ltr'>οὐχὶ</span> <span class='ocrx_word' id='word_1_704' title='bbox 3433 3632 3529 3682; x_wconf 84' lang='grc' dir='ltr'><strong>Διὰ</strong></span> <span class='ocrx_word' id='word_1_705' title='bbox 3544 3626 3633 3680; x_wconf 83' lang='grc' dir='ltr'>τοῦ</span> 
     </span>
    </p>
   </div>
   <div class='ocr_carea' id='block_1_85' title="bbox 2159 3785 3637 3855">
    <p class='ocr_par' dir='ltr' id='par_1_85' title="bbox 2159 3785 3637 3855">
     <span class='ocr_line' id='line_1_85' title="bbox 2159 3785 3637 3855; baseline -0.001 -17"><span class='ocrx_word' id='word_1_706' title='bbox 2159 3786 2271 3855; x_wconf 71' lang='grc'>(40)</span> <span class='ocrx_word' id='word_1_707' title='bbox 2327 3785 2759 3840; x_wconf 84' lang='lat' dir='ltr'><strong>Illuminationis.</strong></span> <span class='ocrx_word' id='word_1_708' title='bbox 2808 3786 3139 3855; x_wconf 90' lang='lat' dir='ltr'><strong>Baptismum</strong></span> <span class='ocrx_word' id='word_1_709' title='bbox 3203 3786 3306 3841; x_wconf 86' lang='lat' dir='ltr'><strong>hoc</strong></span> <span class='ocrx_word' id='word_1_710' title='bbox 3372 3786 3637 3840; x_wconf 71' lang='lat' dir='ltr'><strong>nomine:</strong></span> 
     </span>
    </p>
   </div>
   <div class='ocr_carea' id='block_1_86' title="bbox 2085 3856 3631 3925">
    <p class='ocr_par' dir='ltr' id='par_1_86' title="bbox 2085 3856 3631 3925">
     <span class='ocr_line' id='line_1_86' title="bbox 2085 3856 3631 3925; baseline -0.003 -14"><span class='ocrx_word' id='word_1_711' title='bbox 2085 3856 2336 3911; x_wconf 87' lang='lat' dir='ltr'><strong>Patribns</strong></span> <span class='ocrx_word' id='word_1_712' title='bbox 2366 3857 2563 3925; x_wconf 85' lang='lat' dir='ltr'><strong>passim</strong></span> <span class='ocrx_word' id='word_1_713' title='bbox 2594 3858 2777 3911; x_wconf 83' lang='lat' dir='ltr'><strong>vocari</strong></span> <span class='ocrx_word' id='word_1_714' title='bbox 2812 3866 3013 3911; x_wconf 90' lang='lat' dir='ltr'><strong>norunt</strong></span> <span class='ocrx_word' id='word_1_715' title='bbox 3039 3871 3224 3911; x_wconf 89' lang='lat' dir='ltr'><strong>omnes</strong></span> <span class='ocrx_word' id='word_1_716' title='bbox 3254 3858 3516 3924; x_wconf 78' lang='lat' dir='ltr'><strong>theologi.</strong></span> <span class='ocrx_word' id='word_1_717' title='bbox 3542 3856 3631 3909; x_wconf 82' lang='lat' dir='ltr'><strong>Re-</strong></span> 
     </span>
    </p>
   </div>
   <div class='ocr_carea' id='block_1_87' title="bbox 2084 3925 3633 4049">
    <p class='ocr_par' dir='ltr' id='par_1_87' title="bbox 2084 3925 3633 4049">
     <span class='ocr_line' id='line_1_87' title="bbox 2084 3925 3633 4049; baseline -0.001 -70"><span class='ocrx_word' id='word_1_718' title='bbox 2084 3926 2382 4049; x_wconf 41' lang='lat' dir='ltr'><strong>;pi‘ciebant</strong></span> <span class='ocrx_word' id='word_1_719' title='bbox 2418 3926 2623 3982; x_wconf 84' lang='lat' dir='ltr'><strong>scilicet</strong></span> <span class='ocrx_word' id='word_1_720' title='bbox 2654 3925 3007 4008; x_wconf 82' lang='lat' dir='ltr'><strong>Patres_illud</strong></span> <span class='ocrx_word' id='word_1_721' title='bbox 3036 3926 3207 4008; x_wconf 76' lang='lat' dir='ltr'><strong>Pauli,</strong></span> <span class='ocrx_word' id='word_1_722' title='bbox 3249 3926 3416 3981; x_wconf 82' lang='lat' dir='ltr'><strong>Hebr.</strong></span> <span class='ocrx_word' id='word_1_723' title='bbox 3448 3927 3633 4007; x_wconf 27' lang='lat' dir='ltr'><strong>vrti:</strong></span> 
     </span>
     <span class='ocr_line' id='line_1_88' title="bbox 2129 3996 3633 4049; baseline -0.003 0"><span class='ocrx_word' id='word_1_724' title='bbox 2129 4014 2222 4049; x_wconf 76' lang='grc' dir='ltr'><strong>ους</strong></span> <span class='ocrx_word' id='word_1_725' title='bbox 2258 3996 2404 4049; x_wconf 72' lang='grc' dir='ltr'>ἅπαξ</span> <span class='ocrx_word' id='word_1_726' title='bbox 2430 3997 2816 4049; x_wconf 74' lang='grc' dir='ltr'>φωτισθέντας.</span> <span class='ocrx_word' id='word_1_727' title='bbox 2856 3998 2905 4049; x_wconf 87' lang='lat' dir='ltr'><strong>Id</strong></span> <span class='ocrx_word' id='word_1_728' title='bbox 2935 4007 3036 4049; x_wconf 87' lang='lat' dir='ltr'><strong>est.</strong></span> <span class='ocrx_word' id='word_1_729' title='bbox 3069 3996 3170 4049; x_wconf 74' lang='lat' dir='ltr'><strong>Ou:</strong></span> <span class='ocrx_word' id='word_1_730' title='bbox 3194 3999 3352 4049; x_wconf 82' lang='lat' dir='ltr'><strong>semel</strong></span> <span class='ocrx_word' id='word_1_731' title='bbox 3387 4007 3509 4049; x_wconf 88' lang='lat' dir='ltr'><strong>sunt</strong></span> <span class='ocrx_word' id='word_1_732' title='bbox 3533 3996 3633 4047; x_wconf 75' lang='lat' dir='ltr'><strong>illu-</strong></span> 
     </span>
    </p>
   </div>
   <div class='ocr_carea' id='block_1_88' title="bbox 2129 3996 3644 4064">
    <p class='ocr_par' dir='ltr' id='par_1_88' title="bbox 2129 3996 3644 4064">
     <span class='ocr_line' id='line_1_89' title="bbox 2129 3996 3644 4064; baseline -0.002 -15"><span class='ocrx_word' id='word_1_733' title='bbox 2129 3998 2222 4058; x_wconf 73' lang='grc' dir='ltr'>οὺς</span> <span class='ocrx_word' id='word_1_734' title='bbox 2258 3996 2404 4061; x_wconf 71' lang='grc' dir='ltr'>ἅπαξ</span> <span class='ocrx_word' id='word_1_735' title='bbox 2430 3997 2816 4064; x_wconf 78' lang='grc' dir='ltr'>φωτισθέντας,</span> <span class='ocrx_word' id='word_1_736' title='bbox 2856 3996 2905 4051; x_wconf 85' lang='lat' dir='ltr'><strong>id</strong></span> <span class='ocrx_word' id='word_1_737' title='bbox 2935 4007 3036 4057; x_wconf 84' lang='lat' dir='ltr'><strong>est,</strong></span> <span class='ocrx_word' id='word_1_738' title='bbox 3069 3996 3172 4062; x_wconf 85' lang='lat' dir='ltr'><strong>Qui</strong></span> <span class='ocrx_word' id='word_1_739' title='bbox 3194 3999 3352 4050; x_wconf 82' lang='lat' dir='ltr'><strong>semel</strong></span> <span class='ocrx_word' id='word_1_740' title='bbox 3387 4007 3509 4050; x_wconf 88' lang='lat' dir='ltr'><strong>sunt</strong></span> <span class='ocrx_word' id='word_1_741' title='bbox 3533 3996 3644 4047; x_wconf 87' lang='lat' dir='ltr'><strong>illu-</strong></span> 
     </span>
    </p>
   </div>
   <div class='ocr_carea' id='block_1_89' title="bbox 2084 4066 3639 4136">
    <p class='ocr_par' dir='ltr' id='par_1_89' title="bbox 2084 4066 3639 4136">
     <span class='ocr_line' id='line_1_90' title="bbox 2084 4066 3639 4136; baseline -0.001 -17"><span class='ocrx_word' id='word_1_742' title='bbox 2084 4066 2294 4120; x_wconf 87' lang='lat' dir='ltr'><strong>minari.</strong></span> <span class='ocrx_word' id='word_1_743' title='bbox 2322 4067 2457 4119; x_wconf 84' lang='lat' dir='ltr'><strong>Hinc</strong></span> <span class='ocrx_word' id='word_1_744' title='bbox 2485 4069 2646 4121; x_wconf 88' lang='lat' dir='ltr'><strong>ducta</strong></span> <span class='ocrx_word' id='word_1_745' title='bbox 2689 4068 2898 4122; x_wconf 85' lang='lat' dir='ltr'><strong>illarum</strong></span> <span class='ocrx_word' id='word_1_746' title='bbox 2929 4066 3534 4136; x_wconf 4' lang='lat' dir='ltr'><strong>Cyrillipcatecbesium</strong></span> <span class='ocrx_word' id='word_1_747' title='bbox 3567 4067 3639 4117; x_wconf 88' lang='lat' dir='ltr'><strong>in-</strong></span> 
     </span>
    </p>
   </div>
   <div class='ocr_carea' id='block_1_90' title="bbox 2082 4134 3641 4206">
    <p class='ocr_par' dir='ltr' id='par_1_90' title="bbox 2082 4134 3641 4206">
     <span class='ocr_line' id='line_1_91' title="bbox 2082 4134 3641 4206; baseline -0.001 -19"><span class='ocrx_word' id='word_1_748' title='bbox 2082 4138 2325 4206; x_wconf 77' lang='lat' dir='ltr'><strong>scriptio,</strong></span> <span class='ocrx_word' id='word_1_749' title='bbox 2351 4152 2469 4203; x_wconf 66' lang='lat' dir='ltr'><strong>qua:</strong></span> <span class='ocrx_word' id='word_1_750' title='bbox 2519 4138 2769 4190; x_wconf 91' lang='lat' dir='ltr'><strong>dicuntur</strong></span> <span class='ocrx_word' id='word_1_751' title='bbox 2830 4136 2937 4189; x_wconf 81' lang='grc' dir='ltr'><strong>τῶν</strong></span> <span class='ocrx_word' id='word_1_752' title='bbox 2974 4134 3393 4206; x_wconf 59' lang='grc' dir='ltr'>φωυζομένων,</span> <span class='ocrx_word' id='word_1_753' title='bbox 3444 4136 3498 4189; x_wconf 90' lang='lat' dir='ltr'><strong>id</strong></span> <span class='ocrx_word' id='word_1_754' title='bbox 3548 4143 3641 4198; x_wconf 84' lang='lat' dir='ltr'><strong>est,</strong></span> 
     </span>
    </p>
   </div>
   <div class='ocr_carea' id='block_1_91' title="bbox 2084 4205 3643 4274">
    <p class='ocr_par' dir='ltr' id='par_1_91' title="bbox 2084 4205 3643 4274">
     <span class='ocr_line' id='line_1_92' title="bbox 2084 4205 3643 4274; baseline -0.003 -15"><span class='ocrx_word' id='word_1_755' title='bbox 2084 4205 2582 4259; x_wconf 86' lang='lat' dir='ltr'><strong>Illurninandorum.</strong></span> <span class='ocrx_word' id='word_1_756' title='bbox 2622 4207 2730 4260; x_wconf 90' lang='lat' dir='ltr'><strong>Cur</strong></span> <span class='ocrx_word' id='word_1_757' title='bbox 2765 4223 2890 4261; x_wconf 89' lang='lat' dir='ltr'><strong>vero</strong></span> <span class='ocrx_word' id='word_1_758' title='bbox 2941 4205 3021 4262; x_wconf 88' lang='lat' dir='ltr'><strong>sic</strong></span> <span class='ocrx_word' id='word_1_759' title='bbox 3065 4205 3285 4260; x_wconf 81' lang='lat' dir='ltr'><strong>vocetur</strong></span> <span class='ocrx_word' id='word_1_760' title='bbox 3328 4206 3643 4274; x_wconf 89' lang='lat' dir='ltr'><strong>baptismus,</strong></span> 
     </span>
    </p>
   </div>
   <div class='ocr_carea' id='block_1_92' title="bbox 2084 4274 3639 4347">
    <p class='ocr_par' dir='ltr' id='par_1_92' title="bbox 2084 4274 3639 4347">
     <span class='ocr_line' id='line_1_93' title="bbox 2084 4274 3639 4347; baseline -0.003 -19"><span class='ocrx_word' id='word_1_761' title='bbox 2084 4277 2217 4329; x_wconf 87' lang='lat' dir='ltr'><strong>scite</strong></span> <span class='ocrx_word' id='word_1_762' title='bbox 2254 4278 2471 4347; x_wconf 63' lang='lat' dir='ltr'><strong>esponjt</strong></span> <span class='ocrx_word' id='word_1_763' title='bbox 2521 4276 2764 4331; x_wconf 80' lang='lat' dir='ltr'><strong>Jusrinus</strong></span> <span class='ocrx_word' id='word_1_764' title='bbox 2815 4290 3019 4347; x_wconf 77' lang='lat' dir='ltr'><strong>martyr</strong></span> <span class='ocrx_word' id='word_1_765' title='bbox 3074 4277 3333 4347; x_wconf 86' lang='lat' dir='ltr'><strong>inprima</strong></span> <span class='ocrx_word' id='word_1_766' title='bbox 3365 4274 3639 4347; x_wconf 75' lang='lat' dir='ltr'><strong>Apologia,</strong></span> 
     </span>
    </p>
   </div>
   <div class='ocr_carea' id='block_1_93' title="bbox 2083 4343 3648 4416">
    <p class='ocr_par' dir='ltr' id='par_1_93' title="bbox 2083 4343 3648 4416">
     <span class='ocr_line' id='line_1_94' title="bbox 2083 4343 3648 4416; baseline -0.004 -17"><span class='ocrx_word' id='word_1_767' title='bbox 2083 4362 2234 4399; x_wconf 91' lang='lat' dir='ltr'><strong>num.</strong></span> <span class='ocrx_word' id='word_1_768' title='bbox 2285 4344 2376 4416; x_wconf 80' lang='lat'><strong>6|.</strong></span> <span class='ocrx_word' id='word_1_769' title='bbox 2427 4343 2653 4398; x_wconf 84' lang='lat' dir='ltr'><strong>Vocatur</strong></span> <span class='ocrx_word' id='word_1_770' title='bbox 2709 4356 2883 4399; x_wconf 84' lang='lat' dir='ltr'><strong>autent</strong></span> <span class='ocrx_word' id='word_1_771' title='bbox 2938 4343 3166 4416; x_wconf 9' lang='lat' dir='ltr'><strong>(inquit),</strong></span> <span class='ocrx_word' id='word_1_772' title='bbox 3200 4348 3477 4399; x_wconf 84' lang='lat' dir='ltr'><strong>lavacrum</strong></span> <span class='ocrx_word' id='word_1_773' title='bbox 3530 4344 3648 4416; x_wconf 85' lang='lat' dir='ltr'><strong>illud</strong></span> 
     </span>
    </p>
   </div>
   <div class='ocr_carea' id='block_1_94' title="bbox 2085 4415 3647 4484">
    <p class='ocr_par' dir='ltr' id='par_1_94' title="bbox 2085 4415 3647 4484">
     <span class='ocr_line' id='line_1_95' title="bbox 2085 4415 3647 4484; baseline -0.004 -16"><span class='ocrx_word' id='word_1_774' title='bbox 2085 4415 2381 4484; x_wconf 76' lang='grc' dir='ltr'>φωτισμός,</span> <span class='ocrx_word' id='word_1_775' title='bbox 2421 4416 2473 4467; x_wconf 87' lang='lat' dir='ltr'><strong>id</strong></span> <span class='ocrx_word' id='word_1_776' title='bbox 2506 4427 2604 4481; x_wconf 84' lang='lat' dir='ltr'><strong>est,</strong></span> <span class='ocrx_word' id='word_1_777' title='bbox 2636 4416 2973 4480; x_wconf 85' lang='lat' dir='ltr'><strong>illuminatio,</strong></span> <span class='ocrx_word' id='word_1_778' title='bbox 2997 4432 3056 4469; x_wconf 91' lang='lat' dir='ltr'><strong>eo</strong></span> <span class='ocrx_word' id='word_1_779' title='bbox 3084 4416 3221 4483; x_wconf 87' lang='lat' dir='ltr'><strong>quod</strong></span> <span class='ocrx_word' id='word_1_780' title='bbox 3257 4428 3433 4468; x_wconf 84' lang='lat' dir='ltr'><strong>mente</strong></span> <span class='ocrx_word' id='word_1_781' title='bbox 3458 4415 3647 4465; x_wconf 84' lang='lat' dir='ltr'><strong>illumi-</strong></span> 
     </span>
    </p>
   </div>
   <div class='ocr_carea' id='block_1_95' title="bbox 2083 4486 3648 4553">
    <p class='ocr_par' dir='ltr' id='par_1_95' title="bbox 2083 4486 3648 4553">
     <span class='ocr_line' id='line_1_96' title="bbox 2083 4486 3648 4553; baseline -0.004 -14"><span class='ocrx_word' id='word_1_782' title='bbox 2083 4496 2279 4539; x_wconf 88' lang='lat' dir='ltr'><strong>nantur</strong></span> <span class='ocrx_word' id='word_1_783' title='bbox 2303 4486 2391 4553; x_wconf 89' lang='lat' dir='ltr'><strong>qui</strong></span> <span class='ocrx_word' id='word_1_784' title='bbox 2441 4487 2552 4537; x_wconf 66' lang='lat' dir='ltr'><strong>ha’c</strong></span> <span class='ocrx_word' id='word_1_785' title='bbox 2589 4486 2822 4539; x_wconf 85' lang='lat' dir='ltr'><strong>discunt.</strong></span> <span class='ocrx_word' id='word_1_786' title='bbox 2858 4486 3294 4539; x_wconf 72' lang='lat' dir='ltr'><strong>Prmtereundum</strong></span> <span class='ocrx_word' id='word_1_787' title='bbox 3332 4496 3519 4537; x_wconf 86' lang='lat' dir='ltr'><strong>tamen</strong></span> <span class='ocrx_word' id='word_1_788' title='bbox 3552 4496 3648 4534; x_wconf 87' lang='lat' dir='ltr'><strong>non</strong></span> 
     </span>
    </p>
   </div>
   <div class='ocr_carea' id='block_1_96' title="bbox 2082 4554 3653 4622">
    <p class='ocr_par' dir='ltr' id='par_1_96' title="bbox 2082 4554 3653 4622">
     <span class='ocr_line' id='line_1_97' title="bbox 2082 4554 3653 4622; baseline -0.004 -13"><span class='ocrx_word' id='word_1_789' title='bbox 2082 4565 2185 4617; x_wconf 91' lang='lat' dir='ltr'><strong>est,</strong></span> <span class='ocrx_word' id='word_1_790' title='bbox 2228 4557 2553 4622; x_wconf 88' lang='lat' dir='ltr'><strong>baptismum</strong></span> <span class='ocrx_word' id='word_1_791' title='bbox 2604 4557 2673 4610; x_wconf 84' lang='lat' dir='ltr'><strong>ab</strong></span> <span class='ocrx_word' id='word_1_792' title='bbox 2736 4557 3124 4609; x_wconf 90' lang='lat' dir='ltr'><strong>illuminatione</strong></span> <span class='ocrx_word' id='word_1_793' title='bbox 3176 4554 3447 4620; x_wconf 79' lang='lat' dir='ltr'><strong>distingui</strong></span> <span class='ocrx_word' id='word_1_794' title='bbox 3492 4556 3653 4606; x_wconf 85' lang='lat' dir='ltr'><strong>inter-</strong></span> 
     </span>
    </p>
   </div>
   <div class='ocr_carea' id='block_1_97' title="bbox 2084 4624 3655 4694">
    <p class='ocr_par' dir='ltr' id='par_1_97' title="bbox 2084 4624 3655 4694">
     <span class='ocr_line' id='line_1_98' title="bbox 2084 4624 3655 4694; baseline -0.004 -15"><span class='ocrx_word' id='word_1_795' title='bbox 2084 4628 2233 4686; x_wconf 87' lang='lat' dir='ltr'><strong>dum,</strong></span> <span class='ocrx_word' id='word_1_796' title='bbox 2272 4636 2331 4677; x_wconf 87' lang='lat' dir='ltr'><strong>ut</strong></span> <span class='ocrx_word' id='word_1_797' title='bbox 2374 4638 2495 4677; x_wconf 91' lang='lat' dir='ltr'><strong>cum</strong></span> <span class='ocrx_word' id='word_1_798' title='bbox 2550 4626 2615 4692; x_wconf 93' lang='lat' dir='ltr'><strong>is,</strong></span> <span class='ocrx_word' id='word_1_799' title='bbox 2645 4642 2802 4694; x_wconf 86' lang='lat' dir='ltr'><strong>quem</strong></span> <span class='ocrx_word' id='word_1_800' title='bbox 2836 4628 2967 4689; x_wconf 79' lang='lat' dir='ltr'><strong>dixi,</strong></span> <span class='ocrx_word' id='word_1_801' title='bbox 2996 4624 3231 4694; x_wconf 88' lang='lat' dir='ltr'><strong>Cyrillus</strong></span> <span class='ocrx_word' id='word_1_802' title='bbox 3278 4625 3328 4694; x_wconf 91' lang='lat' dir='ltr'><strong>in</strong></span> <span class='ocrx_word' id='word_1_803' title='bbox 3369 4625 3544 4692; x_wconf 86' lang='lat' dir='ltr'><strong>prima</strong></span> <span class='ocrx_word' id='word_1_804' title='bbox 3572 4636 3655 4673; x_wconf 82' lang='lat' dir='ltr'><strong>ca-</strong></span> 
     </span>
    </p>
   </div>
   <div class='ocr_carea' id='block_1_98' title="bbox 2084 4693 3655 4766">
    <p class='ocr_par' dir='ltr' id='par_1_98' title="bbox 2084 4693 3655 4766">
     <span class='ocr_line' id='line_1_99' title="bbox 2084 4693 3655 4766; baseline -0.003 -19"><span class='ocrx_word' id='word_1_805' title='bbox 2084 4694 2310 4766; x_wconf 80' lang='lat' dir='ltr'><strong>tecbesi,</strong></span> <span class='ocrx_word' id='word_1_806' title='bbox 2351 4709 2500 4747; x_wconf 89' lang='lat' dir='ltr'><strong>num.</strong></span> <span class='ocrx_word' id='word_1_807' title='bbox 2540 4696 2595 4766; x_wconf 75' lang='grc'>2,</span> <span class='ocrx_word' id='word_1_808' title='bbox 2637 4693 2709 4749; x_wconf 87' lang='lat' dir='ltr'><strong>ait</strong></span> <span class='ocrx_word' id='word_1_809' title='bbox 2743 4720 2754 4749; x_wconf 84' lang='lat'>;</span> <span class='ocrx_word' id='word_1_810' title='bbox 2801 4693 3177 4766; x_wconf 52' lang='lat' dir='ltr'><strong>&#39;E6ami60rj.</strong></span> <span class='ocrx_word' id='word_1_811' title='bbox 3206 4693 3321 4746; x_wconf 82' lang='grc' dir='ltr'><strong>ἀλλ’</strong></span> <span class='ocrx_word' id='word_1_812' title='bbox 3383 4694 3488 4766; x_wconf 46' lang='lat' dir='ltr'><strong>oux</strong></span> <span class='ocrx_word' id='word_1_813' title='bbox 3524 4694 3655 4766; x_wconf 51' lang='grc' dir='ltr'>ἐσω-</span> 
     </span>
    </p>
   </div>
   <div class='ocr_carea' id='block_1_99' title="bbox 2081 4762 3651 4834">
    <p class='ocr_par' dir='ltr' id='par_1_99' title="bbox 2081 4762 3651 4834">
     <span class='ocr_line' id='line_1_100' title="bbox 2081 4762 3651 4834; baseline -0.002 -19"><span class='ocrx_word' id='word_1_814' title='bbox 2081 4762 2265 4832; x_wconf 82' lang='grc' dir='ltr'>τίσοη,</span> <span class='ocrx_word' id='word_1_815' title='bbox 2300 4765 2350 4817; x_wconf 88' lang='lat' dir='ltr'><strong>id</strong></span> <span class='ocrx_word' id='word_1_816' title='bbox 2390 4775 2493 4827; x_wconf 85' lang='lat' dir='ltr'><strong>est,</strong></span> <span class='ocrx_word' id='word_1_817' title='bbox 2543 4765 2850 4834; x_wconf 77' lang='lat' dir='ltr'><strong>Baptizatus</strong></span> <span class='ocrx_word' id='word_1_818' title='bbox 2901 4768 3037 4833; x_wconf 79' lang='lat' dir='ltr'><strong>fuit,</strong></span> <span class='ocrx_word' id='word_1_819' title='bbox 3089 4762 3178 4818; x_wconf 80' lang='lat' dir='ltr'><strong>sed</strong></span> <span class='ocrx_word' id='word_1_820' title='bbox 3230 4781 3330 4816; x_wconf 88' lang='lat' dir='ltr'><strong>non</strong></span> <span class='ocrx_word' id='word_1_821' title='bbox 3384 4764 3651 4816; x_wconf 65' lang='lat' dir='ltr'><strong>illumin-</strong></span> 
     </span>
    </p>
   </div>
   <div class='ocr_carea' id='block_1_100' title="bbox 2083 4848 2184 4885">
    <p class='ocr_par' dir='ltr' id='par_1_100' title="bbox 2083 4848 2184 4885">
     <span class='ocr_line' id='line_1_101' title="bbox 2083 4848 2184 4885; baseline 0.02 -2"><span class='ocrx_word' id='word_1_822' title='bbox 2083 4848 2184 4885; x_wconf 73' lang='grc' dir='ltr'>ιιιδ.</span> 
     </span>
    </p>
   </div>
   <div class='ocr_carea' id='block_1_101' title="bbox 2155 4902 3655 4974">
    <p class='ocr_par' dir='ltr' id='par_1_101' title="bbox 2155 4902 3655 4974">
     <span class='ocr_line' id='line_1_102' title="bbox 2155 4902 3655 4974; baseline 0.001 -19"><span class='ocrx_word' id='word_1_823' title='bbox 2155 4904 2266 4973; x_wconf 68' lang='lat' dir='ltr'><strong>(ii)</strong></span> <span class='ocrx_word' id='word_1_824' title='bbox 2300 4903 2483 4957; x_wconf 84' lang='lat' dir='ltr'><strong>Petrus</strong></span> <span class='ocrx_word' id='word_1_825' title='bbox 2532 4904 2759 4971; x_wconf 81' lang='lat' dir='ltr'><strong>scripsit.</strong></span> <span class='ocrx_word' id='word_1_826' title='bbox 2793 4903 2847 4957; x_wconf 85' lang='lat' dir='ltr'><strong>in</strong></span> <span class='ocrx_word' id='word_1_827' title='bbox 2884 4906 3050 4974; x_wconf 84' lang='lat' dir='ltr'><strong>Epis..</strong></span> <span class='ocrx_word' id='word_1_828' title='bbox 3086 4922 3149 4967; x_wconf 87' lang='grc' dir='ltr'><strong>ιι,</strong></span> <span class='ocrx_word' id='word_1_829' title='bbox 3193 4919 3310 4972; x_wconf 80' lang='lat' dir='ltr'><strong>cup.</strong></span> <span class='ocrx_word' id='word_1_830' title='bbox 3344 4919 3386 4960; x_wconf 85' lang='grc' dir='ltr'>ι.</span> <span class='ocrx_word' id='word_1_831' title='bbox 3430 4915 3577 4957; x_wconf 72' lang='lat' dir='ltr'><strong>verS.</strong></span> <span class='ocrx_word' id='word_1_832' title='bbox 3610 4902 3655 4953; x_wconf 74' lang='grc' dir='ltr'><strong>ι.</strong></span> 
     </span>
    </p>
   </div>
   <div class='ocr_carea' id='block_1_102' title="bbox 2084 4974 3655 5039">
    <p class='ocr_par' dir='ltr' id='par_1_102' title="bbox 2084 4974 3655 5039">
     <span class='ocr_line' id='line_1_103' title="bbox 2084 4974 3655 5039; baseline -0.003 -12"><span class='ocrx_word' id='word_1_833' title='bbox 2084 4974 2630 5027; x_wconf 82' lang='lat' dir='ltr'><strong>Auimadvertemlnm</strong></span> <span class='ocrx_word' id='word_1_834' title='bbox 2682 4991 2810 5028; x_wconf 87' lang='lat' dir='ltr'><strong>vero</strong></span> <span class='ocrx_word' id='word_1_835' title='bbox 2862 4988 2973 5039; x_wconf 85' lang='lat' dir='ltr'><strong>est,</strong></span> <span class='ocrx_word' id='word_1_836' title='bbox 3028 4985 3299 5029; x_wconf 87' lang='lat' dir='ltr'><strong>auctorem</strong></span> <span class='ocrx_word' id='word_1_837' title='bbox 3348 4974 3655 5025; x_wconf 86' lang='lat' dir='ltr'><strong>enarratio-</strong></span> 
     </span>
    </p>
   </div>
   <div class='ocr_carea' id='block_1_103' title="bbox 488 5040 3655 5113">
    <p class='ocr_par' dir='ltr' id='par_1_103' title="bbox 488 5040 3655 5113">
     <span class='ocr_line' id='line_1_104' title="bbox 488 5040 3655 5113; baseline -0.002 -18"><span class='ocrx_word' id='word_1_838' title='bbox 488 5042 595 5113; x_wconf 59' lang='lat'><strong>(58)</strong></span> <span class='ocrx_word' id='word_1_839' title='bbox 624 5040 837 5095; x_wconf 88' lang='lat' dir='ltr'><strong>Scribit.</strong></span> <span class='ocrx_word' id='word_1_840' title='bbox 860 5046 989 5112; x_wconf 65' lang='lat' dir='ltr'><strong>(inp.</strong></span> <span class='ocrx_word' id='word_1_841' title='bbox 1018 5059 1062 5113; x_wconf 10' lang='lat' dir='ltr'><strong>ﬁt,</strong></span> <span class='ocrx_word' id='word_1_842' title='bbox 1089 5058 1231 5097; x_wconf 89' lang='lat' dir='ltr'><strong>vers.</strong></span> <span class='ocrx_word' id='word_1_843' title='bbox 1288 5045 1335 5108; x_wconf 76' lang='lat' dir='ltr'><strong>i,</strong></span> <span class='ocrx_word' id='word_1_844' title='bbox 1394 5041 1449 5105; x_wconf 67' lang='grc' dir='ltr'>ἓ,</span> <span class='ocrx_word' id='word_1_845' title='bbox 1482 5043 1534 5103; x_wconf 77' lang='grc'>5,</span> <span class='ocrx_word' id='word_1_846' title='bbox 1562 5044 1647 5094; x_wconf 87' lang='lat' dir='ltr'><strong>ubi</strong></span> <span class='ocrx_word' id='word_1_847' title='bbox 1673 5059 1769 5109; x_wconf 87' lang='lat' dir='ltr'><strong>pro</strong></span> <span class='ocrx_word' id='word_1_848' title='bbox 1799 5045 1981 5112; x_wconf 74' lang='grc' dir='ltr'><strong>ἀπαγ-</strong></span> <span class='ocrx_word' id='word_1_849' title='bbox 2020 5054 2061 5106; x_wconf 78' lang='lat' dir='ltr'>D</span> <span class='ocrx_word' id='word_1_850' title='bbox 2096 5046 2172 5095; x_wconf 85' lang='lat' dir='ltr'><strong>nis</strong></span> <span class='ocrx_word' id='word_1_851' title='bbox 2204 5045 2259 5095; x_wconf 89' lang='lat' dir='ltr'><strong>in</strong></span> <span class='ocrx_word' id='word_1_852' title='bbox 2306 5044 2584 5095; x_wconf 79' lang='lat' dir='ltr'><strong>secundam</strong></span> <span class='ocrx_word' id='word_1_853' title='bbox 2635 5046 2769 5096; x_wconf 85' lang='lat' dir='ltr'><strong>hanc</strong></span> <span class='ocrx_word' id='word_1_854' title='bbox 2812 5043 2950 5098; x_wconf 85' lang='lat' dir='ltr'><strong>Petri</strong></span> <span class='ocrx_word' id='word_1_855' title='bbox 2977 5044 3291 5113; x_wconf 88' lang='lat' dir='ltr'><strong>Epistolam,</strong></span> <span class='ocrx_word' id='word_1_856' title='bbox 3324 5059 3458 5096; x_wconf 86' lang='lat' dir='ltr'><strong>eam</strong></span> <span class='ocrx_word' id='word_1_857' title='bbox 3492 5043 3655 5107; x_wconf 74' lang='lat' dir='ltr'><strong>ipsum</strong></span> 
     </span>
    </p>
   </div>
   <div class='ocr_carea' id='block_1_104' title="bbox 410 5111 1986 5183">
    <p class='ocr_par' dir='ltr' id='par_1_104' title="bbox 410 5111 1986 5183">
     <span class='ocr_line' id='line_1_105' title="bbox 410 5111 1986 5183; baseline 0.003 -22"><span class='ocrx_word' id='word_1_858' title='bbox 410 5111 673 5183; x_wconf 76' lang='grc' dir='ltr'>γέλλομεν</span> <span class='ocrx_word' id='word_1_859' title='bbox 700 5113 795 5165; x_wconf 73' lang='grc' dir='ltr'>καὶ</span> <span class='ocrx_word' id='word_1_860' title='bbox 826 5111 974 5183; x_wconf 84' lang='grc' dir='ltr'>ὑμῖν,</span> <span class='ocrx_word' id='word_1_861' title='bbox 998 5112 1183 5168; x_wconf 59' lang='grc' dir='ltr'>ϐιωριι</span> <span class='ocrx_word' id='word_1_862' title='bbox 1217 5114 1379 5167; x_wconf 85' lang='lat' dir='ltr'><strong>editio</strong></span> <span class='ocrx_word' id='word_1_863' title='bbox 1424 5113 1580 5165; x_wconf 87' lang='lat' dir='ltr'><strong>habet</strong></span> <span class='ocrx_word' id='word_1_864' title='bbox 1614 5130 1624 5164; x_wconf 93' lang='lat'><strong>:</strong></span> <span class='ocrx_word' id='word_1_865' title='bbox 1657 5115 1986 5180; x_wconf 65' lang='grc' dir='ltr'>ἀπαγγέλλοι</span> 
     </span>
    </p>
   </div>
   <div class='ocr_carea' id='block_1_105' title="bbox 416 5182 1983 5252">
    <p class='ocr_par' dir='ltr' id='par_1_105' title="bbox 416 5182 1983 5252">
     <span class='ocr_line' id='line_1_106' title="bbox 416 5182 1983 5252; baseline 0.004 -21"><span class='ocrx_word' id='word_1_866' title='bbox 416 5197 516 5250; x_wconf 85' lang='grc' dir='ltr'>μεν</span> <span class='ocrx_word' id='word_1_867' title='bbox 544 5182 702 5245; x_wconf 72' lang='grc' dir='ltr'>ὑμίνο</span> <span class='ocrx_word' id='word_1_868' title='bbox 736 5197 895 5250; x_wconf 89' lang='lat' dir='ltr'><strong>quam</strong></span> <span class='ocrx_word' id='word_1_869' title='bbox 930 5184 1213 5239; x_wconf 86' lang='lat' dir='ltr'><strong>lectionem</strong></span> <span class='ocrx_word' id='word_1_870' title='bbox 1243 5183 1487 5252; x_wconf 82' lang='lat' dir='ltr'><strong>sequitur</strong></span> <span class='ocrx_word' id='word_1_871' title='bbox 1518 5183 1774 5251; x_wconf 78' lang='lat' dir='ltr'><strong>V&#39;ulgatus</strong></span> <span class='ocrx_word' id='word_1_872' title='bbox 1811 5188 1983 5238; x_wconf 85' lang='lat' dir='ltr'><strong>inter-</strong></span> 
     </span>
    </p>
   </div>
   <div class='ocr_carea' id='block_1_106' title="bbox 413 5266 557 5319">
    <p class='ocr_par' dir='ltr' id='par_1_106' title="bbox 413 5266 557 5319">
     <span class='ocr_line' id='line_1_107' title="bbox 413 5266 557 5319; baseline 0.021 -16"><span class='ocrx_word' id='word_1_873' title='bbox 413 5266 557 5319; x_wconf 88' lang='lat' dir='ltr'><strong>pres.</strong></span> 
     </span>
    </p>
   </div>
   <div class='ocr_carea' id='block_1_107' title="bbox 487 5318 1973 5391">
    <p class='ocr_par' dir='ltr' id='par_1_107' title="bbox 487 5318 1973 5391">
     <span class='ocr_line' id='line_1_108' title="bbox 487 5318 1973 5391; baseline 0.002 -19"><span class='ocrx_word' id='word_1_874' title='bbox 487 5319 597 5391; x_wconf 77' lang='grc'>(59)</span> <span class='ocrx_word' id='word_1_875' title='bbox 642 5318 984 5390; x_wconf 86' lang='lat' dir='ltr'><strong>Frequentem</strong></span> <span class='ocrx_word' id='word_1_876' title='bbox 1016 5336 1210 5391; x_wconf 12' lang='lat' dir='ltr'><strong>fusum.</strong></span> <span class='ocrx_word' id='word_1_877' title='bbox 1243 5323 1372 5389; x_wconf 87' lang='lat' dir='ltr'><strong>Ant,</strong></span> <span class='ocrx_word' id='word_1_878' title='bbox 1419 5323 1465 5378; x_wconf 89' lang='lat' dir='ltr'><strong>si</strong></span> <span class='ocrx_word' id='word_1_879' title='bbox 1508 5323 1684 5387; x_wconf 86' lang='lat' dir='ltr'><strong>malis,</strong></span> <span class='ocrx_word' id='word_1_880' title='bbox 1715 5323 1843 5386; x_wconf 86' lang='lat' dir='ltr'><strong>vim,</strong></span> <span class='ocrx_word' id='word_1_881' title='bbox 1871 5339 1973 5375; x_wconf 86' lang='lat' dir='ltr'><strong>em-</strong></span> 
     </span>
    </p>
   </div>
   <div class='ocr_carea' id='block_1_108' title="bbox 416 5388 1985 5460">
    <p class='ocr_par' dir='ltr' id='par_1_108' title="bbox 416 5388 1985 5460">
     <span class='ocr_line' id='line_1_109' title="bbox 416 5388 1985 5460; baseline 0.002 -18"><span class='ocrx_word' id='word_1_882' title='bbox 416 5388 648 5459; x_wconf 82' lang='lat' dir='ltr'><strong>phasim,</strong></span> <span class='ocrx_word' id='word_1_883' title='bbox 670 5402 724 5445; x_wconf 90' lang='lat' dir='ltr'><strong>et</strong></span> <span class='ocrx_word' id='word_1_884' title='bbox 750 5388 967 5445; x_wconf 71' lang='lat' dir='ltr'><strong>Similia.</strong></span> <span class='ocrx_word' id='word_1_885' title='bbox 1010 5390 1262 5460; x_wconf 83' lang='lat' dir='ltr'><strong>Didymus</strong></span> <span class='ocrx_word' id='word_1_886' title='bbox 1293 5408 1454 5458; x_wconf 90' lang='lat' dir='ltr'><strong>porro</strong></span> <span class='ocrx_word' id='word_1_887' title='bbox 1500 5394 1653 5447; x_wconf 91' lang='lat' dir='ltr'><strong>initio</strong></span> <span class='ocrx_word' id='word_1_888' title='bbox 1682 5395 1985 5446; x_wconf 87' lang='lat' dir='ltr'><strong>enarratio-</strong></span> 
     </span>
    </p>
   </div>
   <div class='ocr_carea' id='block_1_109' title="bbox 412 5461 1985 5531">
    <p class='ocr_par' dir='ltr' id='par_1_109' title="bbox 412 5461 1985 5531">
     <span class='ocr_line' id='line_1_110' title="bbox 412 5461 1985 5531; baseline 0.003 -21"><span class='ocrx_word' id='word_1_889' title='bbox 412 5462 499 5531; x_wconf 70' lang='lat' dir='ltr'><strong>nis</strong></span> <span class='ocrx_word' id='word_1_890' title='bbox 519 5462 573 5512; x_wconf 88' lang='lat' dir='ltr'><strong>in</strong></span> <span class='ocrx_word' id='word_1_891' title='bbox 594 5462 817 5531; x_wconf 83' lang='lat' dir='ltr'><strong>priorem</strong></span> <span class='ocrx_word' id='word_1_892' title='bbox 839 5461 1063 5514; x_wconf 86' lang='lat' dir='ltr'><strong>Joannis</strong></span> <span class='ocrx_word' id='word_1_893' title='bbox 1095 5462 1384 5529; x_wconf 74' lang='lat' dir='ltr'><strong>Epistolam</strong></span> <span class='ocrx_word' id='word_1_894' title='bbox 1430 5464 1495 5515; x_wconf 89' lang='lat' dir='ltr'><strong>de</strong></span> <span class='ocrx_word' id='word_1_895' title='bbox 1525 5464 1713 5531; x_wconf 87' lang='lat' dir='ltr'><strong>primis</strong></span> <span class='ocrx_word' id='word_1_896' title='bbox 1741 5462 1985 5530; x_wconf 88' lang='lat' dir='ltr'><strong>ejusdem</strong></span> 
     </span>
    </p>
   </div>
   <div class='ocr_carea' id='block_1_110' title="bbox 413 5529 1981 5599">
    <p class='ocr_par' dir='ltr' id='par_1_110' title="bbox 413 5529 1981 5599">
     <span class='ocr_line' id='line_1_111' title="bbox 413 5529 1981 5599; baseline 0.003 -19"><span class='ocrx_word' id='word_1_897' title='bbox 413 5529 665 5599; x_wconf 59' lang='lat' dir='ltr'><strong>Epistolas</strong></span> <span class='ocrx_word' id='word_1_898' title='bbox 709 5530 889 5585; x_wconf 86' lang='lat' dir='ltr'><strong>verbis</strong></span> <span class='ocrx_word' id='word_1_899' title='bbox 920 5548 935 5583; x_wconf 91' lang='lat'><strong>:</strong></span> <span class='ocrx_word' id='word_1_900' title='bbox 962 5531 1114 5595; x_wconf 82' lang='lat' dir='ltr'><strong>Quod</strong></span> <span class='ocrx_word' id='word_1_901' title='bbox 1159 5545 1267 5583; x_wconf 74' lang='lat' dir='ltr'><strong>erat</strong></span> <span class='ocrx_word' id='word_1_902' title='bbox 1324 5534 1387 5583; x_wconf 90' lang='lat' dir='ltr'><strong>ab</strong></span> <span class='ocrx_word' id='word_1_903' title='bbox 1432 5529 1607 5595; x_wconf 76' lang='lat' dir='ltr'><strong>initio,</strong></span> <span class='ocrx_word' id='word_1_904' title='bbox 1638 5529 1849 5594; x_wconf 86' lang='lat' dir='ltr'><strong>eodem,</strong></span> <span class='ocrx_word' id='word_1_905' title='bbox 1876 5548 1981 5599; x_wconf 89' lang='lat' dir='ltr'><strong>quo</strong></span> 
     </span>
    </p>
   </div>
   <div class='ocr_carea' id='block_1_111' title="bbox 412 5598 1980 5672">
    <p class='ocr_par' dir='ltr' id='par_1_111' title="bbox 412 5598 1980 5672">
     <span class='ocr_line' id='line_1_112' title="bbox 412 5598 1980 5672; baseline 0.002 -20"><span class='ocrx_word' id='word_1_906' title='bbox 412 5598 525 5672; x_wconf 61' lang='lat' dir='ltr'><strong>hic,</strong></span> <span class='ocrx_word' id='word_1_907' title='bbox 564 5600 721 5653; x_wconf 90' lang='lat' dir='ltr'><strong>modo</strong></span> <span class='ocrx_word' id='word_1_908' title='bbox 772 5600 1011 5672; x_wconf 85' lang='lat' dir='ltr'><strong>disserit.</strong></span> <span class='ocrx_word' id='word_1_909' title='bbox 1057 5600 1204 5654; x_wconf 86' lang='lat' dir='ltr'><strong>Idem</strong></span> <span class='ocrx_word' id='word_1_910' title='bbox 1256 5618 1372 5653; x_wconf 86' lang='lat' dir='ltr'><strong>vero</strong></span> <span class='ocrx_word' id='word_1_911' title='bbox 1424 5602 1637 5672; x_wconf 89' lang='lat' dir='ltr'><strong>(inquit)</strong></span> <span class='ocrx_word' id='word_1_912' title='bbox 1667 5598 1980 5669; x_wconf 60' lang='lat' dir='ltr'><strong>{signiﬁcant</strong></span> 
     </span>
    </p>
   </div>
   <div class='ocr_carea' id='block_1_112' title="bbox 412 5668 1981 5739">
    <p class='ocr_par' dir='ltr' id='par_1_112' title="bbox 412 5668 1981 5739">
     <span class='ocr_line' id='line_1_113' title="bbox 412 5668 1981 5739; baseline 0.003 -19"><span class='ocrx_word' id='word_1_913' title='bbox 412 5668 731 5739; x_wconf 10' lang='lat' dir='ltr'><strong>(ra&#39;croerba.</strong></span> <span class='ocrx_word' id='word_1_914' title='bbox 768 5671 951 5738; x_wconf 86' lang='lat' dir='ltr'><strong>quibus</strong></span> <span class='ocrx_word' id='word_1_915' title='bbox 996 5673 1072 5723; x_wconf 89' lang='lat' dir='ltr'><strong>ait</strong></span> <span class='ocrx_word' id='word_1_916' title='bbox 1102 5686 1121 5724; x_wconf 90' lang='lat'><strong><em>:</em></strong></span> <span class='ocrx_word' id='word_1_917' title='bbox 1148 5672 1301 5735; x_wconf 79' lang='lat' dir='ltr'><strong>Quod</strong></span> <span class='ocrx_word' id='word_1_918' title='bbox 1350 5668 1467 5725; x_wconf 83' lang='lat' dir='ltr'><strong>erat</strong></span> <span class='ocrx_word' id='word_1_919' title='bbox 1521 5668 1586 5727; x_wconf 80' lang='lat' dir='ltr'><strong>ab</strong></span> <span class='ocrx_word' id='word_1_920' title='bbox 1620 5668 1811 5739; x_wconf 81' lang='lat' dir='ltr'><strong>initio,</strong></span> <span class='ocrx_word' id='word_1_921' title='bbox 1845 5673 1981 5739; x_wconf 80' lang='lat' dir='ltr'><strong>quod</strong></span> 
     </span>
    </p>
   </div>
   <div class='ocr_carea' id='block_1_113' title="bbox 408 5734 1415 5810">
    <p class='ocr_par' dir='ltr' id='par_1_113' title="bbox 408 5734 1415 5810">
     <span class='ocr_line' id='line_1_114' title="bbox 408 5734 1415 5810; baseline 0 -16"><span class='ocrx_word' id='word_1_922' title='bbox 408 5734 568 5801; x_wconf 62' lang='lat' dir='ltr'><strong>illud,</strong></span> <span class='ocrx_word' id='word_1_923' title='bbox 602 5740 686 5793; x_wconf 82' lang='lat' dir='ltr'><strong>ubi</strong></span> <span class='ocrx_word' id='word_1_924' title='bbox 721 5734 792 5793; x_wconf 74' lang='lat' dir='ltr'><strong>aii</strong></span> <span class='ocrx_word' id='word_1_925' title='bbox 819 5754 834 5792; x_wconf 87' lang='lat'><strong>.&#39;</strong></span> <span class='ocrx_word' id='word_1_926' title='bbox 860 5740 970 5810; x_wconf 78' lang='lat' dir='ltr'><strong>Ego</strong></span> <span class='ocrx_word' id='word_1_927' title='bbox 994 5756 1111 5797; x_wconf 87' lang='lat' dir='ltr'><strong>sum</strong></span> <span class='ocrx_word' id='word_1_928' title='bbox 1149 5734 1238 5809; x_wconf 78' lang='lat' dir='ltr'><strong>qui</strong></span> <span class='ocrx_word' id='word_1_929' title='bbox 1276 5756 1415 5795; x_wconf 89' lang='lat' dir='ltr'><strong>sum.</strong></span> 
     </span>
    </p>
   </div>
   <div class='ocr_carea' id='block_1_114' title="bbox 2093 5114 3656 5179">
    <p class='ocr_par' dir='ltr' id='par_1_114' title="bbox 2093 5114 3656 5179">
     <span class='ocr_line' id='line_1_115' title="bbox 2093 5114 3656 5179; baseline -0.004 -14"><span class='ocrx_word' id='word_1_930' title='bbox 2093 5114 2380 5179; x_wconf 82' lang='lat' dir='ltr'><strong>EpiStolam</strong></span> <span class='ocrx_word' id='word_1_931' title='bbox 2425 5125 2481 5165; x_wconf 90' lang='lat' dir='ltr'><strong>ut</strong></span> <span class='ocrx_word' id='word_1_932' title='bbox 2528 5116 2665 5166; x_wconf 72' lang='lat' dir='ltr'><strong>sat-ri</strong></span> <span class='ocrx_word' id='word_1_933' title='bbox 2716 5114 3006 5167; x_wconf 69' lang='lat' dir='ltr'><strong>Biblinrnrn</strong></span> <span class='ocrx_word' id='word_1_934' title='bbox 3043 5114 3263 5168; x_wconf 78' lang='lat' dir='ltr'><strong>cananis</strong></span> <span class='ocrx_word' id='word_1_935' title='bbox 3306 5124 3535 5179; x_wconf 76' lang='lat' dir='ltr'><strong>partem</strong></span> <span class='ocrx_word' id='word_1_936' title='bbox 3565 5126 3656 5162; x_wconf 84' lang='lat' dir='ltr'><strong>non</strong></span> 
     </span>
    </p>
   </div>
   <div class='ocr_carea' id='block_1_115' title="bbox 2090 5181 3656 5253">
    <p class='ocr_par' dir='ltr' id='par_1_115' title="bbox 2090 5181 3656 5253">
     <span class='ocr_line' id='line_1_116' title="bbox 2090 5181 3656 5253; baseline -0.003 -18"><span class='ocrx_word' id='word_1_937' title='bbox 2090 5184 2359 5236; x_wconf 85' lang='lat' dir='ltr'><strong>habuisse.</strong></span> <span class='ocrx_word' id='word_1_938' title='bbox 2383 5181 2513 5233; x_wconf 84' lang='lat' dir='ltr'><strong>Nam</strong></span> <span class='ocrx_word' id='word_1_939' title='bbox 2548 5186 2776 5253; x_wconf 80' lang='lat' dir='ltr'><strong>primum</strong></span> <span class='ocrx_word' id='word_1_940' title='bbox 2813 5186 3025 5250; x_wconf 85' lang='lat' dir='ltr'><strong>quidem</strong></span> <span class='ocrx_word' id='word_1_941' title='bbox 3051 5184 3259 5253; x_wconf 73' lang='lat' dir='ltr'><strong>inquit:</strong></span> <span class='ocrx_word' id='word_1_942' title='bbox 3288 5182 3532 5251; x_wconf 78' lang='lat' dir='ltr'><strong>Agnorit</strong></span> <span class='ocrx_word' id='word_1_943' title='bbox 3566 5197 3656 5231; x_wconf 84' lang='lat' dir='ltr'><strong>au-</strong></span> 
     </span>
    </p>
   </div>
   <div class='ocr_carea' id='block_1_116' title="bbox 2087 5252 3656 5334">
    <p class='ocr_par' dir='ltr' id='par_1_116' title="bbox 2087 5252 3656 5334">
     <span class='ocr_line' id='line_1_117' title="bbox 2087 5252 3656 5334; baseline -0.004 -29"><span class='ocrx_word' id='word_1_944' title='bbox 2087 5263 2190 5305; x_wconf 91' lang='lat' dir='ltr'><strong>tem</strong></span> <span class='ocrx_word' id='word_1_945' title='bbox 2224 5253 2333 5303; x_wconf 69' lang='lat' dir='ltr'><strong>ha&#39;c</strong></span> <span class='ocrx_word' id='word_1_946' title='bbox 2379 5254 2701 5323; x_wconf 87' lang='lat' dir='ltr'><strong>conscriptor</strong></span> <span class='ocrx_word' id='word_1_947' title='bbox 2729 5252 3009 5317; x_wconf 67' lang='grc' dir='ltr'>Εμέδιοιιε;</span> <span class='ocrx_word' id='word_1_948' title='bbox 3040 5252 3194 5334; x_wconf 82' lang='lat' dir='ltr'><strong>quasi</strong></span> <span class='ocrx_word' id='word_1_949' title='bbox 3223 5252 3453 5334; x_wconf 76' lang='lat' dir='ltr'><strong>Petrum</strong></span> <span class='ocrx_word' id='word_1_950' title='bbox 3496 5252 3656 5334; x_wconf 68' lang='lat' dir='ltr'><strong>nomi-</strong></span> 
     </span>
    </p>
   </div>
   <div class='ocr_carea' id='block_1_117' title="bbox 2087 5320 3654 5376">
    <p class='ocr_par' dir='ltr' id='par_1_117' title="bbox 2087 5320 3654 5376">
     <span class='ocr_line' id='line_1_118' title="bbox 2087 5320 3654 5376; baseline -0.001 -3"><span class='ocrx_word' id='word_1_951' title='bbox 2087 5336 2217 5373; x_wconf 92' lang='lat' dir='ltr'><strong>nare</strong></span> <span class='ocrx_word' id='word_1_952' title='bbox 2239 5332 2487 5374; x_wconf 87' lang='lat' dir='ltr'><strong>vereatur</strong></span> <span class='ocrx_word' id='word_1_953' title='bbox 2517 5337 2530 5374; x_wconf 89' lang='lat'><strong>:</strong></span> <span class='ocrx_word' id='word_1_954' title='bbox 2555 5320 2664 5376; x_wconf 85' lang='lat' dir='ltr'><strong>tum</strong></span> <span class='ocrx_word' id='word_1_955' title='bbox 2697 5338 2811 5376; x_wconf 87' lang='lat' dir='ltr'><strong>eam</strong></span> <span class='ocrx_word' id='word_1_956' title='bbox 2840 5320 3235 5376; x_wconf 85' lang='lat' dir='ltr'><strong>enarrationem</strong></span> <span class='ocrx_word' id='word_1_957' title='bbox 3268 5320 3560 5376; x_wconf 84' lang='lat' dir='ltr'><strong>cencludit</strong></span> <span class='ocrx_word' id='word_1_958' title='bbox 3588 5320 3654 5372; x_wconf 70' lang='lat' dir='ltr'><strong>bis</strong></span> 
     </span>
    </p>
   </div>
   <div class='ocr_carea' id='block_1_118' title="bbox 2084 5388 3654 5461">
    <p class='ocr_par' dir='ltr' id='par_1_118' title="bbox 2084 5388 3654 5461">
     <span class='ocr_line' id='line_1_119' title="bbox 2084 5388 3654 5461; baseline -0.003 -20"><span class='ocrx_word' id='word_1_959' title='bbox 2084 5392 2262 5444; x_wconf 89' lang='lat' dir='ltr'><strong>verbis</strong></span> <span class='ocrx_word' id='word_1_960' title='bbox 2295 5409 2306 5444; x_wconf 92' lang='lat'><strong>:</strong></span> <span class='ocrx_word' id='word_1_961' title='bbox 2340 5391 2458 5444; x_wconf 75' lang='lat' dir='ltr'><strong>Non</strong></span> <span class='ocrx_word' id='word_1_962' title='bbox 2494 5403 2567 5445; x_wconf 89' lang='lat' dir='ltr'><strong>est</strong></span> <span class='ocrx_word' id='word_1_963' title='bbox 2613 5395 2772 5461; x_wconf 81' lang='lat' dir='ltr'><strong>igitur</strong></span> <span class='ocrx_word' id='word_1_964' title='bbox 2804 5395 3149 5461; x_wconf 83' lang='lat' dir='ltr'><strong>ignorandum</strong></span> <span class='ocrx_word' id='word_1_965' title='bbox 3184 5403 3507 5461; x_wconf 75' lang='lat' dir='ltr'><strong>pra&#39;sentem</strong></span> <span class='ocrx_word' id='word_1_966' title='bbox 3544 5388 3654 5455; x_wconf 74' lang='lat' dir='ltr'><strong>Epi-</strong></span> 
     </span>
    </p>
   </div>
   <div class='ocr_carea' id='block_1_119' title="bbox 2082 5461 3653 5531">
    <p class='ocr_par' dir='ltr' id='par_1_119' title="bbox 2082 5461 3653 5531">
     <span class='ocr_line' id='line_1_120' title="bbox 2082 5461 3653 5531; baseline -0.004 -19"><span class='ocrx_word' id='word_1_967' title='bbox 2082 5462 2274 5513; x_wconf 84' lang='lat' dir='ltr'><strong>stolam</strong></span> <span class='ocrx_word' id='word_1_968' title='bbox 2298 5477 2408 5513; x_wconf 87' lang='lat' dir='ltr'><strong>esse</strong></span> <span class='ocrx_word' id='word_1_969' title='bbox 2432 5461 2705 5528; x_wconf 78' lang='lat' dir='ltr'><strong>falsatum,</strong></span> <span class='ocrx_word' id='word_1_970' title='bbox 2729 5479 2845 5530; x_wconf 74' lang='lat' dir='ltr'><strong>qua:</strong></span> <span class='ocrx_word' id='word_1_971' title='bbox 2873 5464 2990 5515; x_wconf 86' lang='lat' dir='ltr'><strong>licet</strong></span> <span class='ocrx_word' id='word_1_972' title='bbox 3011 5464 3314 5531; x_wconf 83' lang='lat' dir='ltr'><strong>publicctur,</strong></span> <span class='ocrx_word' id='word_1_973' title='bbox 3354 5477 3470 5512; x_wconf 85' lang='lat' dir='ltr'><strong>non</strong></span> <span class='ocrx_word' id='word_1_974' title='bbox 3496 5469 3653 5509; x_wconf 70' lang='lat' dir='ltr'><strong>tenter</strong></span> 
     </span>
    </p>
   </div>
   <div class='ocr_carea' id='block_1_120' title="bbox 2090 5533 3654 5596">
    <p class='ocr_par' dir='ltr' id='par_1_120' title="bbox 2090 5533 3654 5596">
     <span class='ocr_line' id='line_1_121' title="bbox 2090 5533 3654 5596; baseline -0.003 -15"><span class='ocrx_word' id='word_1_975' title='bbox 2090 5533 2145 5582; x_wconf 87' lang='lat' dir='ltr'><strong>in</strong></span> <span class='ocrx_word' id='word_1_976' title='bbox 2184 5548 2379 5584; x_wconf 86' lang='lat' dir='ltr'><strong>canone</strong></span> <span class='ocrx_word' id='word_1_977' title='bbox 2407 5543 2501 5583; x_wconf 88' lang='lat' dir='ltr'><strong>est.</strong></span> <span class='ocrx_word' id='word_1_978' title='bbox 2556 5533 2791 5596; x_wconf 79' lang='lat' dir='ltr'><strong>Quarum</strong></span> <span class='ocrx_word' id='word_1_979' title='bbox 2841 5545 3015 5586; x_wconf 85' lang='lat' dir='ltr'><strong>tamen</strong></span> <span class='ocrx_word' id='word_1_980' title='bbox 3054 5533 3384 5584; x_wconf 83' lang='lat' dir='ltr'><strong>Iocutionurr:</strong></span> <span class='ocrx_word' id='word_1_981' title='bbox 3430 5540 3654 5582; x_wconf 70' lang='lat' dir='ltr'><strong>secnnat:</strong></span> 
     </span>
    </p>
   </div>
   <div class='ocr_carea' id='block_1_121' title="bbox 2093 5600 3654 5668">
    <p class='ocr_par' dir='ltr' id='par_1_121' title="bbox 2093 5600 3654 5668">
     <span class='ocr_line' id='line_1_122' title="bbox 2093 5600 3654 5668; baseline -0.004 -15"><span class='ocrx_word' id='word_1_982' title='bbox 2093 5602 2305 5668; x_wconf 83' lang='lat' dir='ltr'><strong>quidem</strong></span> <span class='ocrx_word' id='word_1_983' title='bbox 2349 5603 2635 5656; x_wconf 84' lang='lat' dir='ltr'><strong>maximam</strong></span> <span class='ocrx_word' id='word_1_984' title='bbox 2671 5604 2827 5655; x_wconf 82' lang='lat' dir='ltr'><strong>habet</strong></span> <span class='ocrx_word' id='word_1_985' title='bbox 2867 5605 2971 5656; x_wconf 87' lang='lat' dir='ltr'><strong>vim</strong></span> <span class='ocrx_word' id='word_1_986' title='bbox 3002 5604 3067 5655; x_wconf 83' lang='lat' dir='ltr'><strong>ad</strong></span> <span class='ocrx_word' id='word_1_987' title='bbox 3096 5600 3497 5655; x_wconf 79' lang='lat' dir='ltr'><strong>ostertdsrtdurrr</strong></span> <span class='ocrx_word' id='word_1_988' title='bbox 3529 5612 3654 5668; x_wconf 69' lang='lat' dir='ltr'><strong>quot</strong></span> 
     </span>
    </p>
   </div>
   <div class='ocr_carea' id='block_1_122' title="bbox 2094 5666 3654 5741">
    <p class='ocr_par' dir='ltr' id='par_1_122' title="bbox 2094 5666 3654 5741">
     <span class='ocr_line' id='line_1_123' title="bbox 2094 5666 3654 5741; baseline -0.004 -18"><span class='ocrx_word' id='word_1_989' title='bbox 2094 5666 2254 5723; x_wconf 74' lang='lat' dir='ltr'><strong>volo:</strong></span> <span class='ocrx_word' id='word_1_990' title='bbox 2286 5672 2472 5739; x_wconf 68' lang='lat' dir='ltr'><strong>prima:</strong></span> <span class='ocrx_word' id='word_1_991' title='bbox 2506 5686 2632 5725; x_wconf 88' lang='lat' dir='ltr'><strong>vero</strong></span> <span class='ocrx_word' id='word_1_992' title='bbox 2678 5688 2720 5724; x_wconf 75' lang='grc' dir='ltr'>δι</span> <span class='ocrx_word' id='word_1_993' title='bbox 2764 5686 3010 5741; x_wconf 82' lang='lat' dir='ltr'><strong>magnam</strong></span> <span class='ocrx_word' id='word_1_994' title='bbox 3044 5671 3423 5741; x_wconf 69' lang='lat' dir='ltr'><strong>tribuerimus,</strong></span> <span class='ocrx_word' id='word_1_995' title='bbox 3450 5668 3571 5738; x_wconf 72' lang='lat' dir='ltr'><strong>jam</strong></span> <span class='ocrx_word' id='word_1_996' title='bbox 3607 5666 3654 5722; x_wconf 79' lang='lat' dir='ltr'><strong>dt</strong></span> 
     </span>
    </p>
   </div>
   <div class='ocr_carea' id='block_1_123' title="bbox 2098 5739 3651 5812">
    <p class='ocr_par' dir='ltr' id='par_1_123' title="bbox 2098 5739 3651 5812">
     <span class='ocr_line' id='line_1_124' title="bbox 2098 5739 3651 5812; baseline -0.004 -17"><span class='ocrx_word' id='word_1_997' title='bbox 2098 5744 2445 5797; x_wconf 75' lang='lat' dir='ltr'><strong>enarratione</strong></span> <span class='ocrx_word' id='word_1_998' title='bbox 2472 5756 2685 5812; x_wconf 78' lang='lat' dir='ltr'><strong>quoque</strong></span> <span class='ocrx_word' id='word_1_999' title='bbox 2718 5744 2771 5795; x_wconf 90' lang='lat' dir='ltr'><strong>in</strong></span> <span class='ocrx_word' id='word_1_1000' title='bbox 2798 5739 3016 5809; x_wconf 69' lang='lat' dir='ltr'><strong>primum</strong></span> <span class='ocrx_word' id='word_1_1001' title='bbox 3060 5740 3204 5795; x_wconf 86' lang='lat' dir='ltr'><strong>Petri</strong></span> <span class='ocrx_word' id='word_1_1002' title='bbox 3237 5739 3556 5793; x_wconf 73' lang='lat' dir='ltr'><strong>Eoistolam</strong></span> <span class='ocrx_word' id='word_1_1003' title='bbox 3578 5750 3651 5791; x_wconf 69' lang='lat' dir='ltr'><strong>ea:</strong></span> 
     </span>
    </p>
   </div>
  </div>
