3708 6308
425 412 528 469 507

1662 415 1896 471 DIDYMI
1938 416 2400 472 ALEXANDBINI

3527 432 3611 492 503

421 534 493 578 tto
524 524 636 594 (49)
665 533 1136 590 commemoretur,
1187 535 1240 579 et
1275 526 1587 596 gloriﬁcath
1615 528 1750 581 inter
1780 538 1973 597 gentes,
2006 572 2014 587 ι

2104 527 2333 592 ίθνεσιν,
2364 528 2453 580 τὸν
2476 528 2600 581 Υἰον
2636 530 2992 600 σημαίνεσθαι
3015 531 3281 587 δείκνυσιν
3324 528 3382 588 οῦ
3401 536 3455 590 τὸ
3472 540 3608 610 owe:

420 616 618 673 Filium
683 618 975 689 signiﬁcari
1026 619 1297 683 ostendit,
1352 620 1506 688 cujus
1564 635 1753 675 nomen
1811 622 1980 675 Judaei

420 727 525 765 una
572 726 693 765 cum
733 711 1168 777 ctismatolatris,
1200 712 1250 765 id
1278 722 1361 766 est
1393 721 1764 766 creaturarum
1791 714 1983 765 adora-

419 802 650 865 toribus,
684 802 942 869 polluunt.
976 804 1095 870 Ipsa
1132 818 1258 857 vero
1298 804 1566 858 sermonis
1598 805 1980 871 coosequentia

419 894 842 961 omnipotentem
908 894 1053 947 illum
1107 908 1227 948 esse
1291 896 1664 960 demonstrat,
1721 904 1986 963 quatenus

420 985 804 1054 omnipotentis
856 985 1035 1053 imago
1082 995 1200 1047 est,
1245 994 1299 1039 et
1345 985 1697 1055 Unigenitus,
1747 988 1837 1056 qui
1885 988 1986 1042 hac

421 1076 582 1130 etiam
610 1077 661 1130 in
704 1092 761 1130 re
788 1077 971 1146 imago
999 1092 1117 1131 esse
1141 1077 1520 1146 intelligendus
1552 1089 1657 1144 est,
1693 1088 1751 1133 ut
1777 1080 1847 1133 sit
1872 1096 1987 1133 om-

421 1169 668 1237 nipotens
692 1207 707 1231 ,
746 1168 887 1223 sicut
925 1168 1013 1223 ille
1047 1180 1147 1223 est.
1184 1169 1380 1223 Paulus
1410 1186 1540 1224 vero
1573 1171 1815 1225 Hebraeis
1850 1172 1985 1225 scri-

421 1258 499 1311 bit
530 1276 543 1311 :
573 1258 679 1323 Qui
705 1275 819 1311 cum
849 1260 917 1313 sit
953 1258 1067 1329 (50)
1092 1260 1336 1328 splendor
1369 1261 1549 1330 gloria:
1573 1260 1776 1328 Patris;
1803 1263 1853 1316 id
1882 1273 1985 1329 est,

381 1360 717 1402 .comternns
784 1351 927 1418 ipsi,
979 1360 1033 1403 et
1081 1351 1394 1407 homonsius
1428 1352 1564 1422 (51),
1614 1368 1705 1407 seu
1756 1356 1987 1409 consub-

421 1441 712 1494 stantialis.
772 1440 841 1495 Ut
888 1442 1030 1495 enim
1071 1456 1166 1506 ea,
1213 1458 1332 1511 quae
1368 1445 1825 1512 comparationem
1882 1459 1986 1498 non

423 1531 757 1595 admittunt,
799 1534 1206 1602 comparatione
1238 1534 1413 1603 aliqua
1435 1574 1450 1598 ,
1490 1545 1543 1589 et
1588 1535 1832 1605 exemplo
1862 1536 1985 1589 illu-

422 1631 682 1685 strentur,
721 1632 886 1690 atque
915 1624 1016 1676 hoc
1058 1624 1246 1677 saltem
1293 1626 1450 1679 modo
1482 1626 1870 1695 aliquantulum
1921 1627 1987 1679 il-

422 1712 534 1776 lud,
555 1714 697 1781 quod
725 1730 885 1783 supra
910 1726 1143 1770 mentem
1161 1726 1275 1784 est,
1297 1727 1475 1772 mente
1495 1719 1830 1789 concipiatur
1851 1718 1987 1789 (52),

425 1803 597 1855 dicam
645 1802 791 1875 (cum
842 1820 1009 1874 parvo
1061 1806 1112 1860 id
1164 1821 1517 1876 comparans,
1563 1809 1704 1877 quod
1738 1825 1988 1879 magnum

423 1903 530 1958 est,
556 1905 609 1949 et
635 1898 893 1950 duntaxat
918 1897 1192 1967 magnum)
1223 1938 1238 1963 ,
1273 1899 1431 1953 simul
1460 1908 1619 1971 atque
1645 1903 1724 1957 sol
1753 1903 1988 1970 exsistit,

427 2002 457 2041 e
489 1989 618 2042 solis
652 2000 842 2043 natura
866 2029 881 2053 ,
913 2000 967 2044 et
994 2006 1061 2045 ex
1098 2001 1208 2046 toto
1239 1992 1387 2046 disco
1412 2032 1426 2057 ,
1462 1993 1691 2047 indivise
1720 2035 1736 2059 ,
1775 2006 1831 2049 et
1859 2010 1992 2049 con-

430 2081 596 2140 tinue,
634 2091 687 2132 et
725 2081 913 2148 azquali
943 2098 1213 2147 mensura,
1250 2093 1415 2135 totam
1448 2083 1622 2137 lucem
1648 2086 1805 2137 simul
1838 2101 1989 2140 exse-

428 2171 497 2234 ri,
529 2170 797 2238 simulque
818 2173 1030 2240 operari
1055 2212 1070 2237 ,
1098 2188 1159 2226 ac
1190 2173 1348 2226 simul
1377 2174 1609 2229 calorem
1654 2178 1849 2243 rebus,
1878 2195 1995 2246 qua:

430 2261 569 2313 hanc
609 2262 971 2317 sensationem
1006 2265 1256 2332 excipere
1279 2277 1522 2334 queunt,
1555 2268 1831 2335 prmbere;
1866 2270 1994 2323 sub-

428 2353 640 2405 stantia?
665 2368 814 2417 vero,
847 2370 874 2407 a
901 2371 1003 2424 qua
1039 2355 1150 2421 lux,
1188 2372 1280 2411 seu
1309 2358 1488 2412 lumen
1523 2357 1833 2425 effunditur,
1863 2376 1997 2429 qua-

429 2443 636 2497 litatem
668 2459 884 2499 omnem
914 2447 966 2499 in
999 2448 1291 2517 semetipso
1338 2450 1546 2503 exserit
1587 2450 1757 2519 ipsum
1792 2448 1994 2515 lmnen,

429 2536 625 2603 quippe
654 2552 774 2589 cum
817 2538 994 2606 primo
1033 2538 1148 2607 ipso
1189 2551 1484 2606 momento,
1521 2556 1625 2596 non
1656 2557 1783 2597 vero
1817 2554 1998 2612 poste-

432 2628 557 2680 riori
586 2667 601 2693 ,
643 2628 707 2681 ab
734 2644 794 2683 ea
822 2631 1199 2698 profundatur,
1230 2632 1499 2701 simulque
1535 2648 1655 2687 cum
1700 2649 1761 2687 ea
1793 2643 1847 2689 et
1877 2651 1999 2703 pro-

430 2719 609 2784 cedat,
636 2730 689 2774 et
725 2722 1004 2775 subsistat.
1051 2722 1201 2787 Quod
1237 2723 1282 2776 si
1323 2723 1598 2793 splendor,
1648 2740 1833 2779 eorum
1880 2727 1999 2794 qui-

433 2812 552 2865 dem
586 2814 873 2878 sententia,
907 2814 1189 2884 aliquando
1230 2831 1331 2868 non
1360 2826 1494 2881 erat,
1516 2817 1735 2870 ubinam
1765 2828 1883 2870 erat
1913 2834 1995 2879 ea,

434 2919 501 2956 ex
532 2918 635 2971 qua
668 2903 921 2971 splendor
944 2906 1059 2973 ipse
1090 2915 1194 2969 est,
1229 2907 1362 2960 lucis
1387 2909 1687 2961 substantia
1717 2947 1732 2973 ,
1767 2910 1878 2963 sive
1911 2910 2001 2979 Ity-

435 2996 710 3061 rostasis?
738 2994 871 3049 Nam
911 2998 1065 3051 simul
1107 3013 1226 3051 cum
1278 2999 1367 3051 illo
1415 3001 1528 3053 haec
1572 3003 1731 3053 etiam
1780 3004 2000 3054 omnino

436 3096 722 3139 evanescat
776 3102 998 3141 necesse
1049 3100 1153 3142 est.
1204 3091 1366 3158 Atqui
1400 3089 1585 3144 Daniel
1616 3106 1830 3159 quoque
1874 3107 1995 3157 pro-

2080 619 2451 687 βεϐηλοῦσιν
2475 620 2713 673 Ἰουδαῖοι
2745 623 2839 673 σὺν
2867 625 2978 685 τοῖς
3004 625 3495 696 κτισματολάτραις.
3523 635 3609 687 Καὶ

2086 711 2221 779 αὐτὴ
2252 710 2307 763 δὲ
2335 714 2365 780 ή
2397 711 2685 765 ἀκολουθία
2729 714 3139 785 παντοκράτορα
3180 716 3334 769 αὑτὸν
3359 714 3482 772 εἶναι
3510 722 3603 791 βούν

2085 800 2253 867 λεται,
2278 801 2400 854 καθ’
2432 803 2460 853 ὃ
2487 801 2646 854 εἰκὼν
2664 803 2756 855 καὶ
2776 805 3081 875 Μονογενὴς
3103 808 3515 879 παντοκράτορος
3537 831 3611 865 κει

2086 891 2495 962 χρεωστημένος
2515 933 2528 956 ,
2554 894 2615 946 τὸ
2645 894 2738 946 καὶ
2786 896 2841 946 ἐν
2874 895 3045 966 τούτῳ
3083 897 3244 950 εἰκὼν
3287 900 3505 953 νοεῖσθαι
3533 905 3606 956 τοῦ

2087 983 2540 1055 παντοκράτορος.
2599 986 2707 1037 Καὶ
2749 985 2958 1049 Παῦλος
3003 986 3061 1038 δὲ
3115 988 3379 1059 Ἑϐραίοις
3408 993 3609 1062 γράφειν

2092 1076 2197 1140 Ὃς
2218 1074 2302 1127 ὢν
2324 1075 2687 1145 ἀπαύγασμα
2728 1075 2839 1143 τῆς
2875 1076 3061 1145 δόξης
3085 1078 3191 1132 τοῦ
3226 1080 3467 1147 Πατρός,
3493 1088 3609 1136 τουτ’

2088 1164 2233 1218 ἐστιν
2270 1166 2601 1236 συνάναρχος
2622 1165 2714 1218 καὶ
2742 1164 3039 1234 όμοούσιος.
3070 1167 3189 1219 Ἵνα
3214 1167 3319 1238 γὰρ
3344 1168 3407 1220 τὰ
3434 1170 3601 1242 ἀπαρὰι

2089 1257 2257 1327 ϐλητα
2290 1276 2362 1309 πα
2372 1258 2666 1327 ραϐολικῶς
2690 1276 2804 1322 πως
2838 1258 3219 1329 παραδειχθείη
3246 1298 3260 1321 ,
3303 1260 3351 1311 εἰ
3376 1260 3469 1312 κᾶν
3493 1263 3608 1314 οὔτω

2090 1348 2270 1411 ποσῶς
2298 1350 2375 1411 εἰς
2404 1348 2527 1401 νοῦν
2556 1348 2790 1419 δειχθείη
2812 1348 2870 1400 τὸ
2893 1348 3033 1418 ὑπὲρ
3071 1347 3213 1409 νοῦν,
3256 1348 3364 1419 ἐρῶ
3396 1349 3471 1417 (τὸ
3499 1352 3612 1419 μέγα

2090 1441 2179 1493 καὶ
2208 1440 2364 1510 μόνον
2394 1440 2532 1511 μέγα
2565 1440 2744 1511 μικρῷ
2777 1440 3135 1509 συμϐάλλων),
3158 1441 3232 1503 ὡς
3253 1442 3366 1510 ἅμα
3397 1459 3451 1493 τε
3474 1443 3611 1512 ἣλιος,

2091 1533 2203 1603 ἄμα
2229 1533 2284 1598 ἐξ
2312 1533 2462 1603 ἡλίου
2487 1533 2699 1601 φύσεως
2730 1533 2822 1584 καὶ
2855 1533 2911 1598 ἐξ
2944 1533 3064 1585 ὅλου
3094 1533 3186 1585 τοῦ
3230 1533 3412 1586 δίσκου
3453 1536 3615 1605 ἀμερί-

2093 1642 2251 1688 στως,
2287 1624 2381 1677 καὶ
2417 1624 2751 1685 ἁδιαστάτως
2773 1662 2786 1686 ,
2820 1624 2910 1676 κα)⁸
2956 1623 3249 1695 ίσομέτρως
3280 1625 3399 1677 ὅλον
3440 1627 3494 1678 τὸ
3524 1627 3617 1694 φῶς

2093 1716 2519 1784 συνεκφαίνεται,
2551 1717 2644 1767 καὶ
2678 1719 3007 1783 συνενεργεῖ,
3052 1718 3146 1769 καὶ
3178 1716 3505 1786 συμπαρέχει
3538 1718 3617 1785 τὴν

2094 1806 2299 1877 θέρμην
2332 1809 2441 1869 τοῖς
2468 1806 2767 1877 αἰσθήσεως
2790 1806 3074 1870 δεκτικοῖς,
3103 1806 3196 1859 καὶ
3217 1807 3315 1877 τῆς
3347 1808 3437 1859 τοῦ
3458 1810 3618 1878 προεν-

2095 1915 2183 1960 τος
2209 1898 2395 1959 οὐσίας
2428 1897 2487 1950 τὸ
2515 1898 2754 1967 ἁμέσως,
2787 1899 2879 1950 καὶ
2908 1900 3004 1968 οὐχ
3029 1899 3250 1968 ὕστερον
3271 1900 3618 1970 προχεόμενον,

2095 1991 2187 2043 καὶ
2221 1990 2540 2060 συμπροῖὸν,
2598 1992 2689 2042 καὶ
2745 1992 3204 2061 συνυφιστάμενον
3263 1992 3398 2060 φῶς,
3431 1992 3543 2060 ὅλην
3576 1995 3622 2046 ὲν

2095 2080 2270 2151 ἑαυτῷ
2290 2080 2584 2150 διεκφαίνει
2617 2081 2712 2151 τὴν
2744 2082 3017 2152 ποιότητα.
3051 2082 3115 2135 Et
3147 2083 3203 2135 δὲ
3238 2084 3375 2154 πρὸς
3424 2084 3481 2135 τὸ
3504 2079 3622 2135 εἶκον

2095 2176 2321 2240 ἐκείνοις
2348 2217 2361 2241 ,
2396 2173 2512 2230 τΗν
2541 2177 2639 2229 ὅτε
2667 2181 2776 2231 οὐκ
2805 2175 2903 2248 ἦν,
2960 2179 3020 2231 τὸ
3070 2179 3441 2250 ἀπαύγασμα·
3488 2178 3573 2230 ποῦ
3598 2181 3624 2248 ἡ

2096 2270 2483 2338 ἀπαυγάζουσα
2522 2270 2651 2322 αὐτὸ
2683 2270 2975 2333 ὑπόστασις
3027 2271 3119 2323 τοῦ
3151 2272 3363 2339 φωτός;
3400 2271 3624 2323 Συνδιολι-

2098 2359 2282 2429 σθήσει
2308 2359 2415 2429 γάρ
2452 2375 2553 2411 που
2586 2359 2797 2422 πάντως
2830 2359 3020 2429 ἐκείνῳ
3074 2359 3246 2413 τοῦτο.
3288 2361 3400 2413 Καὶ
3430 2359 3523 2431 μὴν
3557 2358 3628 2412 καὶ

2096 2449 2291 2519 Δανιὴλ
2320 2450 2673 2521 προφητεύων
2704 2447 2854 2503 εἶπεν
2874 2468 2887 2481 θ
2920 2452 3025 2503 Kal
3061 2452 3184 2519 ερῶς
3205 2453 3334 2520 μετ’
3358 2450 3531 2505 αὑτοῦ
3550 2446 3626 2519 ἦν,

2097 2539 2215 2592 ἀντὶ
2234 2538 2349 2602 τοῦ,
2389 2541 2416 2590 ὁ
2439 2540 2562 2602 Υἱὸς
2618 2541 2753 2610 μετὰ
2782 2540 2874 2592 τοῦ
2906 2541 3135 2612 Πατρός,
3164 2540 3337 2592 Τοῦτο
3368 2542 3470 2610 γὰρ
3501 2540 3629 2611 μάλιτ

2100 2647 2198 2683 στα
2229 2629 2495 2684 δείκνυσιν
2529 2631 2589 2684 τὸ
2613 2631 2995 2685 ἀσυνείκαστον
3022 2633 3112 2684 καὶ
3163 2632 3302 2702 μέγα
3349 2633 3445 2701 τῆς
3474 2632 3630 2701 Θεότη-

2097 2743 2207 2789 τος,
2247 2725 2327 2778 ὅτι
2384 2724 2713 2795 συνάναρχον
2763 2723 2925 2776 αὐτοῦ
2982 2724 3076 2777 καὶ
3111 2722 3399 2794 σύναρχον,
3447 2719 3633 2792 όμοῦδὲ

2100 2816 2169 2887 [9
2220 2815 2285 2887 a]
2316 2816 2409 2869 καὶ
2442 2815 2647 2867 τέλειον
2678 2818 2770 2868 καὶ
2796 2814 3207 2886 ἀπαράλλακτον
3255 2813 3480 2877 ἀπαθῶς
3514 2814 3635 2880 ἐγέν-

2099 2922 2259 2975 νησεν
2284 2907 2311 2957 ό
2339 2906 2544 2975 Πατήρ.
2578 2906 2885 2975 Κτίσματος
2916 2905 3022 2975 γὰρ
3047 2904 3175 2957 ἴδιον
3203 2904 3296 2957 καὶ
3329 2904 3390 2956 ού
3429 2902 3632 2957 κτίστου·

2100 2996 2329 3067 τρεπτοῦ
2360 2997 2452 3050 καὶ
2489 2998 2587 3048 οὐκ
2633 2997 2897 3066 ἁτρέπτου
2918 3014 2929 3026 ·
2972 2996 3077 3047 ὑπὸ
3128 2994 3307 3064 κρίσιν
3340 2996 3432 3047 καὶ
3462 2994 3517 3046 ού
3542 3010 3637 3063 κρι-

2102 3086 2220 3138 τοῦ’
2260 3086 2686 3155 ζωοποιουμένου
2711 3086 2804 3138 καὶ
2819 3086 2879 3137 ού
2910 3084 3298 3148 ζωοποιοῦντος
3322 3101 3339 3115 θ
3364 3083 3465 3135 ὑπὸ
3486 3084 3635 3152 ἀμαρ-

438 3175 663 3242 pbetans
692 3177 765 3228 ait
795 3194 808 3228 :
842 3176 909 3229 Et
945 3177 1037 3230 lux
1068 3177 1177 3247 (53)
1200 3197 1316 3231 cum
1351 3181 1461 3249 ipso
1491 3190 1642 3245 erat;
1673 3182 1721 3234 id
1750 3192 1851 3245 est,
1894 3181 2001 3252 24

2104 3180 2220 3231 τίαν
2247 3180 2339 3231 καὶ
2377 3180 2437 3230 οὐ
2471 3178 2604 3231 Θεοῦ
2626 3179 2688 3230 τὸ
2717 3178 2789 3249 μὴ
2816 3178 2987 3241 οὕτως
3010 3178 3262 3247 γεννῆσαι
3282 3179 3380 3230 καὶ
3409 3175 3639 3245 γεννηθῆ·

437 3265 607 3321 Filius
629 3281 751 3322 cum
798 3268 955 3322 Patre
986 3287 999 3323 :
1032 3272 1173 3339 quod
1212 3272 1354 3324 enim
1373 3274 1625 3327 divinitas
1653 3279 2001 3343 tomparatio-

439 3375 561 3412 nem
615 3376 829 3415 onmem
875 3362 1168 3428 excludat,
1225 3375 1387 3432 atque
1420 3366 1869 3421 excellentissima
1913 3368 2001 3433 sit,

442 3456 492 3507 id
528 3456 760 3511 maxime
796 3459 1059 3522 ostendit,
1087 3473 1207 3511 eum
1241 3457 1434 3512 Filium
1474 3474 1504 3514 a
1550 3460 1711 3515 Patre
1749 3462 1863 3515 sine
1899 3461 2003 3514 ulla

442 3548 694 3614 passione
745 3552 984 3618 genitum
1021 3550 1188 3604 fuisse
1210 3590 1223 3611 ,
1258 3551 1345 3619 qui
1377 3560 1557 3615 esset,
1586 3566 1737 3620 teque
1773 3567 1837 3605 ac
1867 3552 2003 3622 ipse,

441 3646 495 3690 et
537 3638 689 3693 initio
739 3654 964 3706 carens,
1012 3652 1067 3695 et
1126 3642 1265 3695 idem
1307 3660 1425 3697 cum
1462 3658 1526 3697 eo
1557 3644 1874 3712 principium
1912 3645 2005 3697 ha-

442 3730 613 3793 bens,
656 3730 920 3801 simulque
955 3744 1005 3786 et
1054 3734 1358 3803 perfectus,
1402 3744 1456 3789 et
1495 3734 1784 3803 cujuslibet
1811 3750 2005 3802 expers

444 3822 818 3877 discriminis:
855 3836 1118 3879 creaturae
1172 3828 1352 3891 enim,
1410 3840 1513 3880 non
1563 3827 1823 3881 creatoris
1868 3827 2005 3897 (δι),

444 3915 759 3969 mutationis
797 3917 1009 3982 capacis
1035 3954 1049 3979 ,
1082 3932 1186 3969 non
1224 3917 1571 3972 immutabilis
1594 3959 1608 3983 ,
1653 3918 1855 3984 judicio
1881 3921 2007 3972 sub-

441 4003 568 4073 jecti
597 4045 612 4069 ,
642 4020 745 4058 non
775 4006 973 4073 judicis
998 4046 1014 4069 ,
1050 4008 1301 4059 virilicali
1325 4047 1339 4070 ,
1365 4023 1467 4062 non
1492 4009 1809 4063 viviﬁcantis
1832 4049 1849 4075 ,
1885 4024 2010 4079 pec-

444 4105 568 4150 cato
604 4099 819 4152 obnoxii
848 4140 863 4163 ,
903 4115 1009 4153 non
1040 4114 1164 4154 vero
1194 4100 1283 4153 Dei
1318 4102 1592 4170 proprium
1633 4113 1714 4156 est
1755 4116 2015 4172 generare

448 4186 553 4239 alio
605 4189 763 4242 modo
787 4228 803 4253 ,
859 4199 913 4241 et
960 4191 1204 4257 generari
1238 4208 1251 4243 :
1284 4194 1327 4244 si
1358 4192 1499 4243 enim
1532 4191 1648 4260 ipse
1671 4231 1685 4255 ,
1721 4208 1841 4246 cum
1883 4207 2014 4245 non-

450 4277 576 4329 dum
625 4278 790 4331 ullum
839 4280 983 4333 aliud
1015 4296 1151 4350 opus
1178 4283 1372 4336 factum
1402 4292 1579 4347 esset,
1621 4282 1815 4337 swcula
1865 4284 2012 4347 fecit,

450 4383 571 4436 qua:
597 4383 661 4422 ex
696 4370 1026 4439 temporibus
1065 4372 1440 4440 conﬁciuntur,
1482 4384 1537 4428 et
1571 4376 1820 4429 omnibus
1856 4375 2014 4430 rebus

2103 3290 2208 3325 vat.
2241 3274 2304 3326 Εἰ
2334 3272 2442 3342 γὰρ
2469 3271 2650 3334 αὐτὸς,
2705 3270 2854 3323 ούπω
2888 3270 3163 3341 ἐνεργείας
3193 3268 3362 3338 ἄλλης
3417 3267 3639 3335 οὐδεμιᾶς

2102 3364 2420 3436 γενομένης,
2450 3364 2701 3434 ἐποίησεν
2734 3365 2858 3426 τοὺς
2894 3363 3113 3425 αἰῶνας,
3147 3362 3194 3414 οἳ
3228 3364 3292 3414 ὲκ
3326 3362 3437 3414 τῶν
3463 3362 3639 3431 χρόνων

2103 3456 2507 3519 ἀποτελοῦνται,
2550 3455 2643 3509 καὶ
2670 3457 2780 3518 τοῖς
2814 3455 2977 3507 πᾶσιν
3003 3452 3173 3525 ἀρχὴν
3200 3452 3490 3520 ἐπέθηκεν,
3517 3448 3641 3502 οὐδὲν

2103 3549 2158 3602 δὲ
2189 3548 2295 3619 πρὸ
2327 3548 2433 3600 τῶν
2467 3548 2673 3618 χρόνων
2697 3547 2788 3599 καὶ
2813 3545 3021 3599 αἰώνων
3051 3543 3286 3598 νοεῖσθαι
3320 3543 3572 3603 δύναται,
3605 3539 3642 3589 εἰ

2108 3641 2182 3712 μὴ
2213 3641 2244 3710 ἡ
2285 3639 2664 3709 ἀκατάληπτος
2689 3639 2783 3690 καὶ
2815 3637 3026 3707 ἀληθῶς
3062 3637 3199 3707 μόνη
3252 3635 3529 3706 πρωτίστη
3570 3632 3644 3682 καὶ

2106 3729 2456 3801 πρωτουργὸς
2493 3728 2672 3797 φύσις,
2704 3730 2736 3798 ὴ
2775 3727 2949 3796 μόνως
2971 3723 3101 3779 οὖσα
3145 3726 3383 3797 ἄναρχος
3415 3725 3503 3777 καὶ
3540 3720 3646 3773 αἰώ-

2106 3840 2235 3885 νιος,
2268 3823 2361 3873 καὶ
2393 3820 2583 3889 ὕφεσιν
2629 3820 2763 3889 πρὸς
2786 3819 2977 3890 ἑτέραν
3014 3818 3113 3870 οὐκ
3142 3817 3342 3886 ἔχουσα
3368 3835 3381 3847 ο
3410 3816 3521 3876 πῶς
3567 3814 3647 3865 οὐκ

2106 3914 2355 3983 ἀνάρχως
2389 3914 2452 3964 ἐκ
2494 3912 2591 3982 τῆς
2632 3910 2978 3972 ὑποστάσεως
3006 3908 3333 3979 γεννηθῆναι
3366 3904 3650 3959 πιστεύεται

2110 4007 2201 4059 τοῦ
2234 4006 2463 4075 Πατρὸς,
2496 4006 2586 4057 καὶ
2608 4006 2705 4056 οὐκ
2729 4006 2792 4056 ἐκ
2824 4004 2920 4072 τῆς
2952 4002 3264 4072 ὲνεργείας;
3314 4000 3518 4071 Χρόνον
3563 3996 3652 4064 γὰρ

2112 4098 2172 4149 οὐ
2203 4095 2547 4165 διορίζοντος,
2577 4095 2674 4146 οὐκ
2701 4093 2844 4146 ἔστιν
2878 4094 3137 4164 πρότερον
3159 4093 3253 4144 καὶ
3280 4090 3536 4161 ὖστεροψ
3560 4086 3651 4139 ἀλλ’

2112 4192 2140 4243 ὁ
2174 4191 2246 4261 μὴ
2296 4190 2369 4241 ῶν
2423 4189 2525 4241 ὑπὸ
2553 4188 2739 4259 χρόνον
2764 4227 2779 4251 ,
2817 4186 3048 4257 ἀναρχός
3087 4186 3231 4236 ἐστιν
3254 4201 3268 4213 ’
3301 4185 3331 4234 ὁ
3365 4183 3422 4235 δὲ
3450 4183 3655 4250 ἄναρχος

2113 4283 2385 4343 ἄκτιστος.
2418 4281 2625 4349 Ὥσπερ
2654 4278 2761 4349 γὰρ
2795 4278 2894 4330 οὐκ
2928 4276 3041 4328 ἔστι
3065 4274 3251 4345 χρόνος
3280 4274 3559 4341 ἀγένητος,
3582 4269 3656 4321 οὖα

2113 4393 2219 4437 τως
2247 4373 2367 4426 οὐδὲ
2407 4373 2584 4434 κτίσις
2626 4372 2867 4441 ἄχρονος,
2917 4368 3029 4422 ἀλλ’
3060 4368 3170 4437 ἔχει
3204 4368 3405 4437 μέτρον
3436 4366 3521 4418 τὸν
3552 4368 3657 4433 χρό-

450 4461 664 4515 initium
704 4462 885 4528 dedit,
936 4464 1069 4517 nihil
1103 4479 1231 4519 vero
1262 4476 1385 4519 ante
1431 4475 1707 4535 tempora,
1742 4477 1796 4521 et
1824 4467 2014 4521 sa2cula

2120 4482 2239 4518 νον·
2271 4467 2367 4518 σὺν
2395 4466 2529 4534 αὐτῇ
2556 4464 2663 4532 γὰρ
2696 4463 2787 4514 καὶ
2818 4462 2845 4512 ὁ
2878 4459 3063 4529 χρόνος
3113 4458 3357 4525 γέγονεν.
3395 4456 3504 4509 Καὶ
3538 4454 3659 4506 εἰκό-

522 4620 633 4689 (49)
701 4620 1080 4691 Manileslatio.
1128 4621 1365 4676 Clariora
1413 4623 1526 4677 haec
1560 4623 1615 4676 in
1646 4621 1833 4676 Graeco
1872 4632 2014 4688 sunt,

451 4705 572 4743 cum
609 4707 709 4743 vox
742 4691 1085 4757 Epiphaneia,
1119 4703 1173 4745 et
1196 4692 1693 4760 manifestationem,
1737 4703 1789 4746 et
1815 4695 2001 4745 adven-

450 4771 560 4813 tum
590 4762 799 4815 Domini
824 4762 1103 4827 signiticet.
1597 4773 1600 4777 '

524 4832 634 4903 (50)
661 4832 764 4898 Qui
793 4849 908 4885 cum
934 4831 1203 4903 aitaﬂebr.
1232 4848 1265 4891 ι.
1290 4832 1344 4885 5.
1366 4831 1695 4903 "ludentem
1729 4831 2014 4903 hieranim-

451 4900 835 4971 advertendum
876 4913 981 4968 est,
1025 4902 1313 4971 Epistulam
1370 4903 1436 4954 ad
1494 4900 1765 4966 Hebraeos,
1804 4902 1870 4955 de
1916 4915 2012 4952 cu-

447 4968 537 5036 jus
567 4974 880 5027 anctoritate
934 4968 1168 5026 nonnulli
1210 4973 1601 5035 dubitaverant,
1639 4988 1666 5024 a
1700 4971 1923 5040 Didymo
1960 4979 2017 5022 ut

453 5045 791 5111 canonicam,
817 5055 975 5111 atque
1012 5058 1041 5095 a
1068 5041 1232 5095 Paulo
1268 5044 1519 5107 scriptam
1562 5041 1737 5094 citari.

528 5110 637 5179 (51)
671 5110 1003 5167 Homousius.
1036 5114 1167 5166 Cum
1201 5114 1332 5165 adeo
1366 5111 1588 5165 celebris
1630 5112 1700 5179 sit
1738 5110 1850 5163 lucc
1891 5124 2015 5171 vox,

457 5178 627 5233 utdin
659 5183 832 5248 potior
864 5183 1214 5237 catliolicismi
1262 5191 1383 5236 nota
1422 5182 1599 5234 habita
1617 5178 1794 5243 fuerit,
1819 5194 1934 5231 eam
1964 5181 2016 5232 in

459 5249 806 5321 translatione
828 5253 1054 5305 retinere
1082 5253 1299 5321 placuit.
1328 5250 1639 5321 Ὀμοούσιος
1668 5257 1843 5321 autem
1880 5249 2016 5321 scri-

456 5318 691 5373 bendum
729 5329 829 5383 est,
857 5337 981 5384 non,
1019 5317 1319 5389 tit—quidam
1344 5317 1622 5390 perperam
1678 5319 1839 5390 iecit,
1860 5317 2019 5388 ὁμούο

459 5406 593 5450 σιος,
620 5391 938 5453 homousius,
972 5388 1210 5458 inquam,
1240 5388 1359 5443 non?
1382 5388 1669 5442 ho’musius.
1697 5389 1778 5441 Ab
1797 5388 1911 5454 ejus
1933 5404 2019 5442 v0-

454 5460 535 5513 eis
572 5474 667 5512 usu
712 5460 916 5528 Didymi
950 5473 1107 5513 aetate
1153 5459 1210 5513 ὃ.
1279 5460 1508 5529 Cyrillus
1539 5459 2018 5527 Jerosolynntanns

459 5545 581 5580 cum
623 5531 964 5593 abstinuerit,
990 5529 1259 5583 nonnullis
1302 5538 1587 5595 suspectus
1624 5529 1740 5590 fuit,
1771 5530 2013 5595 quamvis

462 5602 752 5658 immerito.
782 5609 831 5650 ut
859 5601 973 5651 fuse
1010 5600 1271 5653 Toutteus
1303 5601 1513 5667 probat.
1547 5602 1615 5650 At
1636 5597 1890 5667 Didymus
1918 5614 2017 5650 no-

457 5677 572 5721 διιεῖ
623 5682 742 5721 eam
818 5670 1012 5735 passim
1069 5686 1131 5721 ac
1162 5668 1332 5735 palam
1366 5668 1623 5734 praedicat
1655 5683 1774 5721 cum
1808 5668 1857 5719 in
1920 5667 2019 5719 hoc

453 5747 784 5807 Opere,rtum
810 5739 1147 5793 enarratione
1174 5740 1228 5791 in
1254 5739 1475 5807 primam
1491 5737 1710 5789 Joannis
1732 5736 2019 5807 Epistolam

459 5820 583 5874 pag.
612 5806 701 5867 85,
731 5808 815 5876 ubi
841 5810 912 5860 ait
942 5827 955 5863 :
992 5806 1303 5871 Considera,
1334 5808 1770 5876 quemadmodum
1802 5806 2019 5876 consub-

463 5881 722 5930 stantialis
756 5874 927 5943 Patri,
962 5888 1015 5934 et
1034 5880 1269 5948 reliqua;
1302 5874 1413 5933 tum
1443 5878 1656 5932 demum
1679 5878 1731 5929 in
1778 5875 1914 5930 libro
1943 5875 2017 5929 De

2118 4619 2318 4686 Spiritu
2368 4628 2566 4671 sancto.
2610 4613 2760 4681 Quod
2802 4614 2944 4686 enim
2985 4613 3080 4686 ait
3118 4610 3350 4686 Iacobus
3390 4608 3658 4684 Basnagius

2118 4680 2269 4759 (toni.
2309 4688 2324 4740 Ι
2363 4687 2525 4759 Lectt.
2579 4680 2773 4752 antiqq.
2817 4683 3044 4759 (_Janisii_
3077 4698 3193 4759 pag.
3240 4680 3658 4759 20.2),ltomousn

2115 4748 2300 4811 vocem
2352 4759 2419 4810 ab
2465 4748 2788 4825 Hieronymo
2830 4754 2878 4803 in
2932 4751 3119 4825 Latina
3149 4748 3261 4817 ejus
3298 4751 3420 4825 libri
3456 4748 3661 4801 transla-

2120 4830 2261 4881 tione
2291 4829 2543 4880 insertam
2576 4821 2714 4884 esse,
2746 4838 2856 4873 mea
2885 4823 3096 4890 quidem
3120 4821 3383 4873 sententia
3408 4832 3658 4871 commen-

2120 4898 2292 4950 litium
2327 4907 2431 4958 est,
2449 4910 2511 4948 ac
2533 4893 2681 4947 nihili
2705 4894 2857 4959 plane
2880 4891 3376 4958 faciendum,quasi
3408 4899 3662 4956 nunquam

2118 4968 2170 5021 in
2200 4967 2354 5019 ullius
2374 4964 2603 5019 hominis
2639 4972 2867 5032 mentem
2900 4965 3150 5032 venisset.
3216 5028 3234 5032 _
3333 5026 3351 5032 _
3400 5026 3414 5032 _
3612 5021 3639 5032 __

2189 5036 2302 5108 (5'2)
2347 5033 2704 5108 Concipiatur.
2763 5030 2887 5108 P‘ro,
2928 5028 3195 5108 stg‘vot'iv.
3212 5026 3476 5099 δειχθείη,
3530 5021 3663 5078 malit

2114 5098 2345 5160 fortasse
2370 5106 2491 5173 quis
2512 5098 2694 5173 'legere
2721 5116 2735 5153 :
2766 5101 2842 5163 είς
2870 5098 2993 5173 νοῦν
3019 5099 3255 5173 δεχθείη.

2212 5176 2300 5243 55)
2324 5167 2523 5227 Iit-lux.
2553 5167 2686 5225 Dan.
2737 5187 2795 5243 tt,
2826 5170 2915 5243 g2.
2944 5170 3030 5223 ubi
3058 5167 3239 5243 Graeca
3267 5168 3446 5243 editio
3476 5167 3655 5243 habet:

2117 5235 2225 5299 Καλ
2253 5235 2313 5297 ab
2369 5244 2482 5313 φῶς
2533 5244 2667 5313 μετξ
2693 5240 2855 5295 αὑτοῦ
2889 5242 3026 5293 ἐστι.
3074 5238 3360 5313 Articuius
3405 5252 3530 5313 vero
3566 5235 3661 5290 ille.

2115 5315 2201 5378 τό,
2226 5332 2253 5367 a
2291 5308 2513 5383 Didymo
2534 5308 2899 5383 'negligendus
2927 5326 3029 5362 non
3065 5320 3196 5383 erat
3215 5312 3315 5361 hoc
3347 5309 3403 5359 in
3446 5308 3578 5383 loco,
3606 5318 3661 5382 ex

2120 5376 2204 5437 his
2244 5399 2361 5451 qua:
2383 5376 2489 5436 dixi
2530 5384 2580 5436 in
2614 5376 2725 5435 ιῖοιῖ
2780 5381 2849 5434 90
2890 5396 3010 5450 pag.
3058 5378 3145 5430 12.
3177 5376 3363 5446 Itaque
3395 5392 3425 5429 a
3461 5376 3663 5429 librario

2118 5456 2295 5530 potius
2334 5455 2591 5530 omissum
2618 5451 2965 5530 quiscrcdat._
3061 5520 3076 5530 _
3134 5520 3144 5530 ι
3350 5515 3362 5530 ¹

2190 5525 2319 5592 (54),
2351 5522 2633 5575 Creatoris.
2670 5521 2833 5592 Recte
2869 5521 3033 5574 codex
3061 5520 3222 5573 habet
3275 5520 3520 5576 κτίστου,
3573 5524 3666 5592 non

2119 5580 2359 5656 κτίστοῦ,
2413 5604 2466 5645 et
2501 5592 2624 5645 alibi
2665 5590 2910 5658 κτίστης,
2970 5602 3229 5657 nusquam
3252 5580 3647 5658 VC_I‘0AXTLG‘I{;§

2123 5665 2285 5716 Recte
2314 5653 2474 5735 etiam
2518 5664 2568 5714 in
2604 5661 2788 5735 Bibliis
2826 5653 3045 5735 κτίστης
3065 5653 3275 5735 semper
3309 5653 3555 5735 legituri
3595 5664 3667 5735 re-

2118 5746 2205 5786 cte
2256 5735 2307 5785 in
2367 5731 2640 5785 Clemente
2682 5730 3045 5783 Alexandrino
3074 5730 3387 5798 editumeSt
3418 5740 3433 5776 :
3467 5730 3669 5798 κτίσται

2116 5802 2225 5855 τῶν
2250 5801 2530 5872 αἱρέσεων’
2561 5809 2613 5853 et
2662 5800 3034 5872 iu_Herodoto,
3065 5795 3428 5872 Terpsicltore,
3458 5795 3667 5872 συγκῖέέ

2121 5890 2273 5943 στης,
2313 5861 2368 5927 et
2427 5870 2663 5939 κτίστης.
2722 5861 3176 5937 Ρεγρυτίηῐινοιπο
3219 5865 3432 5933 vulgata
3489 5861 3670 5915 Lexica
