3774 6310
371 393 471 455 311

1609 389 1841 444 DlDYMI
1888 386 2343 444 ALEXANDRINI

3502 390 3603 447 3|!

366 509 493 581 giue
523 505 643 569 fuit,
703 513 758 560 et
816 506 935 561 sine
991 504 1225 558 ﬂuxione
1289 503 1422 577 (65),
1480 518 1543 559 ac
1600 507 1719 558 sine
1770 504 1936 559 viola-

2047 502 2290 572 γέννησιν
2316 499 2695 571 ἐπισταμένοις
2720 517 2730 529 ·
2762 502 2895 554 ὅπου
2922 519 2984 571 γε
3007 519 3101 555 και
3125 501 3223 573 τὴν
3243 503 3362 558 καθ’
3383 504 3535 575 ἡμᾶς
3556 508 3604 560 ει

368 602 515 653 tione
552 596 686 665 (64).
726 595 777 649 id
815 594 953 663 quod
988 603 1175 647 natura
1224 605 1403 647 nostra
1453 609 1557 647 non
1608 593 1828 663 habet);
1864 595 1935 647 ita

369 687 533 740 etiam
597 684 835 739 cmlestis
883 683 997 752 (65)
1064 683 1321 735 nativitas
1380 683 1936 748 incomprehensibilis

369 778 604 831 maxime
638 786 741 841 est,
784 785 840 831 et
865 790 893 828 a
922 776 1112 844 quavis
1147 775 1459 844 discrepans
1490 774 1601 844 (66)
1632 775 1931 829 nativitate.

370 866 555 936 Neque
595 880 724 920 vero
771 874 864 918 aut
900 866 1055 919 [idem
1109 866 1376 934 denegare
1411 874 1650 932 oportet.
1685 874 1777 917 aut
1822 875 1932 918 tuta

370 972 458 1011 res
488 956 641 1011 nobis
673 966 754 1010 est
785 970 1049 1026 quaerere,
1092 957 1208 1009 sive
1240 969 1535 1023 exponere,
1571 955 1841 1022 quomodo
1870 969 1934 1008 ea

370 1062 431 1102 se
471 1051 687 1114 habeat,
728 1063 848 1102 cum
881 1063 948 1101 ne
987 1049 1170 1101 dicere
1200 1048 1415 1116 quidem
1467 1049 1770 1114 possimus,
1802 1061 1937 1114 quo-

372 1142 531 1196 modo
563 1142 725 1209 Virgo
771 1140 1042 1209 pepererit
1086 1154 1311 1193 manens
1345 1139 1531 1209 virgo;
1575 1137 1686 1194 imo
1715 1155 1780 1193 ne
1811 1153 1936 1208 pro—

371 1234 542 1303 priam
589 1234 805 1303 quidem
856 1241 1098 1286 nostram
1148 1232 1556 1299 generationem
1601 1242 1934 1301 perspectam

326 1358 331 1363 -
371 1326 702 1380 habeamus:
738 1325 879 1394 quod
912 1325 956 1379 si
1006 1325 1170 1378 etiam
1219 1333 1456 1379 nostram
1505 1339 1608 1377 non
1661 1325 1931 1391 ignorare-

370 1431 513 1480 mus,
554 1416 699 1469 nullo
735 1425 916 1469 tamen
962 1414 1125 1468 modo
1168 1414 1259 1467 Dei
1296 1429 1507 1483 quoque
1536 1415 1934 1483 generationem

368 1523 844 1578 cognosceremus,
886 1522 1008 1576 qua:
1048 1507 1133 1562 vel
1182 1507 1310 1577 ipsis
1360 1506 1673 1561 cmlestibus
1724 1507 1937 1558 virtuti-

368 1599 469 1651 bus
516 1598 625 1668 (67)
658 1598 766 1668 26
820 1596 1375 1666 incomprehensibilis
1424 1606 1528 1652 est.
1585 1596 1763 1663 Quare
1813 1610 1935 1649 cum

368 1698 587 1756 stupore
634 1689 924 1756 pr0phetes
967 1690 1077 1750 ait,
1127 1690 1193 1743 de
1249 1696 1463 1741 terrena
1517 1687 1732 1755 quidem
1795 1686 1937 1739 nati-

366 1780 581 1832 vitate:
620 1774 685 1828 Et
716 1776 868 1830 homo
919 1786 993 1830 est
1044 1774 1179 1846 (68),
1205 1787 1252 1830 et
1296 1778 1412 1846 quis
1462 1783 1729 1846 cognoscet
1780 1777 1937 1830 eum!

370 1869 421 1921 id
454 1880 559 1933 est,
594 1866 785 1922 Nemo.
818 1868 894 1922 De
940 1843 1146 1923 cmlesti
1172 1843 1348 1921 vero:
1396 1843 1795 1922 Generationem
1823 1866 1933 1935 (69)
1967 1843 2007 1897 Β

374 1969 551 2012 autem
577 1958 690 2027 ejus
732 1958 849 2026 quis
892 1957 1196 2012 enarrabit?
1222 1957 1468 2027 quoniam
1501 1956 1705 2009 tollitur
1734 1973 1766 2008 a
1795 1967 1935 2009 terra

366 2055 476 2105 vita
500 2050 641 2120 ejus.
672 2049 772 2105 Ubi
802 2050 1149 2120 generationis
1188 2049 1405 2104 nomine
1436 2047 1547 2118 (70)
1578 2048 1932 2112 nativitatem,

368 2148 490 2198 vita:
515 2143 777 2198 vocabulo
804 2142 1174 2198 exsistentiam
1198 2141 1445 2212 designat
1471 2159 1484 2194 :
1518 2143 1619 2195 hoc
1643 2156 1770 2195 vero
1796 2143 1935 2211 quod

367 2245 475 2299 est,
514 2238 567 2290 in
598 2236 921 2289 immensum
955 2249 1117 2304 supra
1162 2246 1358 2289 terram
1389 2233 1653 2288 elevatum
1699 2248 1840 2299 esse,
1881 2244 1937 2286 et

367 2342 582 2381 omnem
632 2336 865 2382 mentem
911 2327 1195 2388 excedere,
1228 2325 1385 2379 valde
1428 2325 1652 2396 mystice
1682 2324 1938 2394 exprimit

367 2420 436 2475 iis
466 2420 730 2475 vocibus:
764 2419 989 2474 Tollitur
1040 2438 1071 2473 a
1122 2430 1299 2473 terra:
1340 2434 1459 2473 nam
1499 2420 1639 2488 quod
1693 2420 1738 2473 is
1787 2418 1934 2473 omni

365 2518 633 2580 tempore,
656 2512 1015 2581 quodcunque
1042 2512 1258 2564 tandem
1290 2512 1433 2577 quis,
1460 2520 1743 2578 postquam
1769 2508 1934 2563 multa

366 2602 550 2657 animo
586 2603 908 2667 versaverit,
951 2604 1244 2673 concipiat,
1301 2601 1509 2655 inﬁnite
1544 2602 1792 2670 superior
1843 2600 1934 2665 sit,

364 2700 420 2745 et
466 2691 659 2759 quavis
712 2691 1019 2761 quantitate
1060 2692 1179 2745 sine
1231 2691 1640 2757 comparatione
1671 2699 1933 2760 praestan-

366 2781 498 2847 tior,
528 2781 750 2849 ejusque
781 2783 1019 2835 essentia
1054 2790 1235 2835 mente
1264 2783 1649 2851 comprehendi
1680 2790 1933 2851 nequeat,

366 2880 423 2925 et
462 2872 535 2925 sit
568 2871 682 2939 ipse
713 2886 1099 2941 usquequaque
1140 2873 1366 2927 omnino
1414 2872 1724 2935 invisibilis,
1765 2881 1937 2927 semet

366 2962 485 3032 ipse
507 2962 874 3028 circumdatis,
907 2973 963 3017 et
1010 2962 1142 3016 nihil
1173 2973 1323 3016 extra
1356 2979 1416 3018 se
1458 2964 1682 3028 habens,
1729 2974 1783 3017 et
1813 2965 1937 3020 huic

365 3052 511 3108 illius
535 3051 1171 3121 incomprehensibilitati
1204 3052 1518 3120 angelorum
1548 3067 1768 3123 quoque
1797 3054 1936 3107 mul-

2038 594 2424 663 ἐγινώσκομεν,
2448 593 2507 645 οὐ
2547 592 2763 656 πάντως
2795 594 2885 647 καὶ
2910 593 3009 664 τὴν
3037 592 3131 646 τοῦ
3162 594 3317 659 Θεοῦ,
3344 596 3473 666 ἥτις
3516 600 3604 651 καὶ

2036 686 2155 746 ταῖς
2176 684 2515 755 ἐπουρανίοις
2539 683 2825 754 δυνάμεσιν
2846 684 3224 755 άκατάληπτος
3248 684 3384 740 οὖσα
3408 689 3606 758 τυγχά-

2037 777 2227 831 νει-διὸ
2260 778 2355 831 σὺν
2379 776 2631 847 ἐκπλήξει
2658 777 2686 828 ὁ
2712 777 2990 848 προφήτης
3015 778 3196 847 φησὶν,
3227 779 3353 849 περὶ
3380 780 3483 849 μὲν
3511 781 3603 851 τῆς

2036 869 2187 925 κάτω
2241 870 2571 940 γεννήσεως·
2612 868 2719 922 Καὶ
2766 867 3072 936 ἅνθρωπός
3117 869 3305 933 ἐστιν,
3364 871 3466 923 καὶ
3520 873 3602 937 τίς

2035 961 2325 1030 γνώσεται
2376 961 2595 1023 αὑτόν;
2626 960 2751 1012 ἀντὶ
2785 959 2901 1021 τοῦ,
2930 959 3133 1023 οὐδείς·
3171 958 3263 1031 [l0
3290 959 3345 1031 a]
3387 963 3519 1032 περὶ
3552 962 3603 1015 δέ

2034 1052 2134 1123 τῆς
2168 1054 2279 1105 ἄνω
2302 1068 2315 1081 ο
2367 1051 2484 1117 Τὴν
2511 1050 2579 1103 δὲ
2628 1050 2838 1120 γενεὰν
2869 1050 3054 1104 αὑτοῦ
3093 1051 3185 1116 τίς
3217 1050 3602 1120 ἐξηγήσεως

2036 1142 2125 1197 ὅτι
2156 1146 2377 1212 αῖρεται
2426 1142 2542 1198 ἀπὸ
2572 1141 2681 1209 τῆς
2706 1141 2813 1211 τῆς
2844 1142 2881 1208 ἡ
2907 1140 3016 1208 ζωὴ
3046 1141 3234 1196 αὑτοῦ
3258 1157 3271 1169 ·
3298 1142 3399 1211 τὴν
3428 1142 3604 1212 γέννη·

2038 1252 2143 1298 σιν,
2172 1234 2387 1304 γενεάν
2407 1253 2419 1263 ·
2456 1234 2555 1304 τὴν
2578 1232 2832 1304 ὕπαρξιν.
2868 1232 3018 1298 ζωήν
3038 1250 3051 1263 ⁸
3078 1233 3139 1285 τὸ
3166 1233 3603 1304 ὑπερεξεπῆρθαι

2039 1327 2291 1398 ἀμέτρως
2321 1326 2427 1379 ἀπὸ
2466 1325 2564 1394 τῆς
2598 1326 2698 1395 γῆς
2746 1325 2839 1377 καὶ
2880 1325 3206 1395 ὑπερφέρειν
3246 1326 3451 1388 παντὸς
3493 1325 3598 1388 νοῦ,

2036 1418 2257 1487 αἴρεται
2306 1420 2423 1472 ἀπὸ
2462 1417 2572 1486 τῆς
2608 1417 2722 1488 γῆς
2772 1416 3006 1479 καλέσας
3045 1414 3453 1485 μυστικώτατα.
3486 1416 3600 1468 ὀτι

2036 1509 2142 1580 γὰρ
2170 1510 2371 1571 παντὸς
2399 1509 2588 1579 χρόνου
2617 1508 2675 1560 ὃν
2698 1508 2764 1561 ἂν
2784 1508 2950 1578 νοήσῃ
2973 1524 3076 1569 τις,
3107 1504 3276 1558 πολλὰ
3303 1504 3600 1566 κυκλεύσας

2036 1600 2102 1668 τῇ
2136 1598 2362 1668 διανοίᾳ,
2392 1597 2712 1669 ἀπεράντως
2742 1596 3034 1659 ἀνώτατος,
3062 1596 3152 1649 καὶ
3180 1595 3477 1663 ποσότητος
3507 1596 3601 1646 πά-

2040 1708 2139 1761 σης
2180 1690 2525 1761 ἀσυγκρίτως
2562 1690 2818 1759 ἀμείνων,
2863 1690 2955 1741 καὶ
2984 1688 3081 1759 τὴν
3105 1688 3290 1740 οὐσίαν
3316 1687 3599 1756 ἁπερινόῃο

2036 1801 2146 1848 τος,
2177 1783 2271 1837 καὶ
2299 1782 2559 1835 πάντοθεν
2580 1782 2819 1845 ἄποπτος
2848 1784 2926 1844 εἰς
2958 1781 3102 1834 ἅπαν
3128 1780 3487 1851 καθέστηκεν,
3518 1781 3602 1832 αὑ-

2035 1876 2125 1938 τὸς
2179 1875 2372 1928 ἑαυτὸν
2432 1873 2759 1945 περιϐαλὼν,
2812 1873 2903 1926 καὶ
2943 1872 3095 1925 οὐδὲν
3158 1871 3350 1925 ἐαυτοῦ
3411 1871 3600 1937 ἔξωθεν

2036 1967 2174 2037 ἔχων
2195 1984 2207 1997 ο
2236 1967 2329 2019 καὶ
2359 1964 2771 2037 παραχωρείτῷ
2793 1964 3029 2034 τοσούτῳ
3046 1962 3209 2017 αὐτοῦ
3235 1963 3599 2033 ἀκαταλήπτψ

2035 2061 2129 2113 καὶ
2158 2058 2457 2130 ήάγγέλων
2490 2058 2717 2128 πληθὺς,
2748 2056 2844 2110 καὶ
2873 2059 2979 2119 πᾶς
3006 2056 3271 2127 οὐρανίων
3308 2056 3599 2125 ταγμάτων

2034 2150 2236 2220 δῆμος·
2269 2149 2531 2201 ὲκὸοῶσιν
2557 2149 2684 2201 ὡδί·
2730 2149 2759 2200 ὁ
2804 2148 2901 2217 μὲν
2956 2146 3117 2199 Δαυϊδ
3168 2148 3225 2198 ἐν
3278 2145 3341 2209 ιζ’
3370 2146 3593 2215 ψαλμῷ·

2040 2243 2241 2296 Ἕθετο
2274 2241 2491 2305 σκότος
2515 2238 2871 2308 ἀποκωφὴν
2891 2238 3094 2301 αὐτοῦ,
3128 2238 3225 2290 καὶ
3257 2239 3468 2299 κύκλῳ
3501 2240 3598 2290 αὺ-

2036 2332 2140 2383 τοῦ
2180 2330 2217 2396 ἡ
2255 2331 2456 2398 σκηνὴ
2489 2330 2705 2384 αὐτοῦ’
2744 2333 2777 2401 ἡ
2811 2330 2867 2382 δὲ
2896 2329 3007 2401 ᾠδὴ
3047 2328 3369 2399 ’Ᾱμϐακούμ
3392 2342 3406 2357 ⁸
3451 2328 3598 2382 Ἐκά-

2034 2423 2237 2488 lvd-3r
2272 2418 2564 2488 οὐρανοὺς
2598 2420 2637 2486 ἡ
2667 2418 2845 2487 ἀρετὴ
2873 2418 3059 2472 αὑτοῦ
3083 2435 3097 2449 ·
3132 2420 3161 2471 ό
3203 2417 3259 2470 δέ
3290 2418 3595 2479 Ματθαῑο;’

2039 2510 2269 2575 Οὐδεὶς,
2306 2509 2491 2579 φησὶν,
2540 2509 2816 2578 γινώσκει
2866 2509 2973 2562 τὸν
3017 2508 3170 2573 Υιὸν,
3212 2512 3264 2561 ει
3294 2509 3385 2578 μὴ
3424 2513 3458 2563 ό
3492 2512 3597 2563 Πα-

2035 2602 2145 2670 τήρ
2168 2620 2182 2633 ·
2212 2602 2354 2655 οὐδὲ
2399 2600 2505 2654 τὸν
2539 2601 2763 2669 Πατέρα
2794 2618 2885 2666 τις
2909 2600 3305 2669 ἐπιγινώσκει,
3350 2603 3408 2654 ει
3443 2601 3527 2670 μὴ
3568 2602 3599 2653 d

2045 2695 2195 2758 Υἱός.
2238 2692 2312 2745 Τὸ
2351 2692 2449 2762 μὲν
2494 2691 2602 2762 γάρ
2643 2691 2831 2761 τεχθὲν
2885 2692 3035 2761 παρὰ
3078 2691 3176 2761 τῆς
3207 2690 3439 2755 κτίσεως
3471 2689 3597 2744 κατὰ

2035 2783 2317 2839 κοινωνίαν
2346 2782 2505 2837 ἄλλου
2536 2782 2671 2852 πρὸς
2699 2782 2825 2835 ἄλλο
2872 2782 3212 2852 γεγέννηται,
3249 2783 3341 2835 καὶ
3372 2783 3435 2834 οὑ
3468 2799 3600 2853 συμρ

2036 2876 2168 2947 ιρυές
2198 2874 2278 2945 τῷ
2303 2877 2653 2945 γεννήσαντι·
2681 2872 2800 2925 οὐδὲ
2832 2873 3033 2925 τέλειον
3063 2871 3223 2936 εὐθὺς
3260 2873 3352 2925 καὶ
3383 2872 3598 2934 ἀπαθῶς

2035 2966 2369 3038 ἐξελήλυθεν.
2415 2966 2537 3019 Ἐπὶ
2556 2965 2613 3017 δὲ
2629 2965 2727 3035 τῆς
2749 2963 3019 3034 θεότητος,
3045 2963 3105 3017 τὸ
3134 2963 3393 3033 ἔμπαλιν.
3432 2963 3599 3015 Ἐπει-

2034 3061 2099 3131 δὴ
2130 3060 2237 3130 γὰρ
2281 3060 2315 3131 ή
2352 3058 2527 3121 κτίσις
2563 3056 2802 3115 τοιῶσδε.
2845 3058 2873 3108 ὁ
2918 3054 3293 3126 γενεσιουργὺς
3327 3054 3597 3115 ἐναντίως,

365 3146 565 3210 titudo,
601 3156 658 3200 ct
690 3147 870 3202 omnis
921 3146 1226 3201 caelestium
1264 3148 1514 3201 ordinum
1563 3147 1789 3215 populus
1840 3162 1931 3200 ce-

2047 3152 2131 3204 καὶ
2167 3151 2264 3220 οὐχ
2304 3150 2505 3220 ὁμοίως
2534 3148 2642 3200 τῶν
2674 3146 2817 3199 ἰδίων
2848 3145 3187 3214 ποιημάτων,
3218 3143 3332 3197 ἀλλ’
3366 3143 3446 3207 ὡς
3471 3139 3597 3196 οἶδεν

366 3240 482 3303 dat,
515 3238 821 3293 exclamant
847 3238 1143 3309 Scriptura:
1179 3240 1227 3294 in
1268 3241 1408 3294 hunc
1454 3241 1667 3293 modum
1703 3255 1717 3292 :
1768 3240 1934 3293 David

366 3331 582 3399 quidem
627 3331 680 3385 in
733 3347 845 3385 xvn
895 3335 1145 3400 psalmo:
1184 3330 1361 3385 Posuit
1405 3331 1517 3401 (71)
1549 3331 1781 3384 tenebras
1812 3330 1936 3382 lati-

366 3422 547 3477 bulum
591 3440 769 3489 suum,
818 3426 872 3478 in
924 3427 1145 3479 circuitu
1188 3426 1300 3495 ejus
1356 3425 1748 3477 tabernaculum
1801 3424 1933 3491 ejus.

366 3514 649 3569 Canticum
701 3528 877 3571 autem
926 3518 1242 3572 Ambacumi
1288 3533 1303 3569 :
1350 3515 1569 3583 Operuit
1622 3514 1733 3586 (72)
1784 3524 1938 3569 caelos

366 3608 531 3662 uirtus
558 3608 691 3677 ejus.
720 3610 1007 3664 Matthaeus
1040 3625 1165 3664 vero
1192 3628 1207 3663 :
1249 3606 1415 3661 Nemo
1450 3607 1587 3677 (75),
1619 3609 1810 3675 inquit,
1845 3625 1939 3662 no-

364 3698 436 3751 vit
470 3696 689 3761 Filium,
718 3700 818 3752 nisi
843 3698 1002 3753 Pater
1026 3713 1046 3751 :
1082 3713 1240 3763 neque
1272 3695 1485 3750 Patrem
1508 3699 1622 3765 quis
1647 3698 1804 3761 novit,
1832 3698 1937 3750 nisi

368 3785 565 3842 Filius.
614 3788 748 3842 Nam
790 3790 933 3858 quod
967 3805 995 3843 a
1030 3799 1285 3843 creatura
1334 3789 1594 3858 gignitur,
1641 3804 1737 3857 per
1788 3804 1938 3844 com-

366 3879 702 3943 munionem,
734 3894 828 3934 seu
866 3880 1184 3935 relationem
1216 3880 1438 3935 alterius
1480 3884 1548 3935 ad
1589 3882 1818 3936 alterum
1847 3897 1937 3952 ge-

368 3978 610 4034 neratur,
639 3986 814 4039 neque
843 3970 1082 4038 ejusdem
1119 3984 1323 4025 natqu
1350 3982 1431 4025 est
1470 3988 1593 4027 cum
1624 3984 1936 4042 generante,

366 4075 469 4115 nec
509 4060 804 4130 perfectum
838 4064 1023 4116 statim
1057 4073 1162 4127 est,
1191 4078 1288 4116 nec
1313 4064 1431 4115 sine
1464 4064 1714 4131 passione
1750 4080 1935 4133 proce-

366 4153 492 4207 dit:
529 4152 583 4206 in
623 4153 907 4207 divinitate
946 4167 1073 4207 vero
1103 4169 1190 4207 res
1228 4166 1414 4207 contra
1447 4170 1507 4208 se
1558 4154 1758 4209 habet:
1814 4172 1936 4208 nam

366 4254 490 4293 cum
517 4252 768 4295 creatura
805 4243 885 4294 sic
923 4252 1162 4312 generet,
1198 4244 1565 4311 generationis
1598 4257 1787 4299 auctor
1811 4261 1939 4299 con-

366 4333 539 4390 trario
566 4336 728 4390 modo
760 4336 955 4405 gignit,
998 4351 1103 4389 non
1142 4350 1269 4389 vero
1317 4336 1569 4391 similiter
1610 4346 1667 4390 nt
1710 4340 1938 4406 propriae

438 4510 552 4583 (65)
586 4508 876 4583 Fluxione.
922 4509 1125 4576 Codex,
1181 4510 1464 4581 ἇρευστοςσ
1530 4522 1584 4566 et
1623 4513 1693 4566 ita
1746 4516 1938 4569 scribi-

367 4581 457 4635 tur
497 4585 655 4635 etiam
701 4584 752 4634 in
796 4581 1022 4647 vulgatis
1068 4584 1274 4635 lexims.
1314 4584 1382 4635 At
1423 4584 1669 4649 equidem
1696 4600 1798 4638 non
1841 4589 1943 4638 du-

367 4653 481 4727 bito
513 4652 645 4721 quin
675 4668 741 4706 ex
774 4652 1031 4704 similium
1068 4652 1312 4720 analogia
1344 4653 1693 4707 scribendum
1736 4656 1810 4709 sit
1845 4656 1946 4727 ἄρ-

402 4738 610 4785 ευστος.

367 4722 930 4861 ρευὲἷῗθίοίαιίοηε.
985 4791 1064 4846 Ne
1119 4801 1269 4864 putet
1320 4793 1440 4860 quis
1492 4791 1692 4847 Grmcaz
1753 4794 1947 4864 linguae

368 4864 546 4917 minus
611 4866 815 4929 peritus
844 4932 852 4933 ί
879 4864 1171 4916 desiderari
1210 4863 1313 4917 hoc
1376 4866 1425 4915 in
1459 4864 1574 4915 loco
1603 4863 1941 4933 conjunctio-

367 4949 490 4986 tzem
550 4932 665 4997 καί,
720 4949 784 4987 ac
843 4932 1121 5006 legendum
1157 4949 1297 4996 esse,
1338 4933 1638 5004 άρρευστος
1670 4934 1767 4987 καὶ
1795 4935 1939 5006 ἀπή-

369 5020 609 5073 μαντος·
661 5019 786 5056 naiu
868 5002 1240 5068 hujuscemodi
1315 5002 1573 5072 asyndeta
1637 5021 1741 5058 non
1824 5002 1945 5059 raro

366 5083 663 5127 occurrunt
711 5074 851 5126 etin
903 5073 1148 5142 Didyino,
1193 5086 1248 5125 et
1308 5074 1358 5127 in
1410 5076 1548 5135 aliis,
1588 5085 1644 5125 nt
1701 5090 1821 5127 cum
1870 5078 1946 5127 ait

372 5145 629 5213 Didymus
690 5160 799 5212 seg.
830 5142 959 5213 7155
992 5162 1045 5204 a,
1092 5143 1392 5213 ἀμήχανον,
1424 5144 1706 5203 ἀδύνατον,
1734 5156 1786 5194 et
1820 5146 1944 5197 (Ile-

368 5228 527 5284 tuens
546 5212 1098 5284 Alexandrinusrpag.
1136 5212 1259 5279 ΕΛ,
1288 5214 1465 5281 λέγειν
1500 5233 1573 5273 τι,
1593 5216 1851 5284 πράττειν
1870 5231 1941 5266 τι.

441 5281 552 5353 (65)
581 5282 835 5336 Caelestis.
861 5283 917 5336 In
944 5283 1133 5339 Graeco
1180 5287 1462 5355 legendum
1496 5281 1753 5349 arbitror,
1781 5286 1876 5336 καὶ
1909 5288 1944 5355 ή

364 5351 479 5405 ἄνω
501 5353 772 5405 γέννησις.

403 5369 479 5403 νω
501 5368 772 5421 γεννησις.

441 5420 553 5495 ιβιδ)
584 5420 918 5492 Discrepans.
943 5420 1181 5479 Observa
1206 5424 1532 5495 peculiarem
1580 5438 1734 5478 usuin
1763 5423 1939 5487 verbi,

366 5489 695 5555 ἐξαλλάττω.

443 5562 555 5632 ι67)
626 5560 937 5619 Virtutibus.
979 5565 1053 5619 Ita
1088 5564 1247 5635 vulgo
1304 5564 1439 5619 verti
1468 5563 1607 5618 solet
1637 5580 1761 5628 vox,
1786 5564 1945 5617 δυνά-

369 5645 515 5709 μεις,
551 5642 661 5685 tum
695 5635 855 5709 etiam
887 5652 1005 5689 cum
1040 5640 1258 5706 angelos
1284 5635 1549 5705 designat.
1580 5635 1943 5706 HierOnytuus

365 5704 505 5771 verti
521 5711 543 5771 t
566 5717 731 5771 saepe,
766 5704 1118 5771 fortitudines.

406 5839 418 5852 .
441 5768 554 5852 (68)
595 5768 662 5825 Et
697 5768 867 5852 homo.
914 5776 1135 5852 Frustra
1169 5776 1271 5852 hoc
1301 5776 1357 5852 in
1389 5774 1619 5852 Vulgato
1655 5774 1755 5827 int.
1797 5788 1943 5852 qua;-

374 5842 567 5897 siveris
605 5856 619 5893 :
648 5844 740 5899 sed
772 5842 957 5902 Graeca
989 5846 1155 5901 editio
1182 5846 1233 5899 id
1260 5846 1421 5901 habet
1470 5842 1672 5900 .lerem.
1723 5859 1855 5909 xvn,
1884 5846 1935 5899 9.

2036 3244 2211 3297 ταῦτα
2255 3242 2388 3312 μόνη
2434 3243 2467 3310 ἡ
2523 3239 2766 3309 μακαρία
2806 3237 2994 3308 Τριάς.
3031 3236 3165 3289 Οὐδὲ
3197 3236 3305 3306 γάρ
3330 3234 3598 3304 ἀκατάλη-

2038 3353 2187 3397 πτος,
2226 3336 2272 3386 εί
2307 3329 2749 3400 κατελαμϐάνετο
2775 3344 2791 3359 ο
2818 3328 2938 3382 οὐδὲ
2980 3328 3296 3397 μυστήριον,
3328 3326 3378 3376 εἰ
3404 3324 3598 3391 ,ἐγινὼο

2039 3442 2227 3478 σκετο·
2272 3422 2393 3475 οὐδὲ
2428 3422 2589 3479 θεῖον.
2645 3421 2694 3473 εί
2756 3420 3014 3491 ἐχωρείτο
3040 3432 3052 3446 ·
3106 3418 3225 3469 οὐδέ
3281 3414 3598 3486 δημιουργὸς

2038 3516 2273 3580 πάντων,
2308 3516 2357 3566 εί
2388 3512 2497 3567 ἀπὸ
2518 3512 2706 3583 χρόνου
2732 3527 2748 3543 ·
2781 3510 2900 3562 οὐδὲ
2940 3507 3227 3570 ἀσύνθετος
3258 3508 3349 3559 καὶ
3372 3505 3595 3577 ἀμερὴς.

2036 3612 2085 3662 εί
2124 3609 2261 3680 πρὸς
2306 3608 2374 3659 τὰ
2418 3605 2665 3675 σώματα.
2699 3601 2963 3670 Καθάπερ
2997 3600 3104 3670 γὰρ
3152 3598 3443 3661 ἀκούοντες
3484 3595 3599 3667 περὶ

2034 3702 2127 3755 τοῦ
2162 3699 2403 3769 Πατρός·
2439 3697 2532 3769 [10
2567 3695 2619 3767 b]
2662 3694 2792 3748 Ἀπὸ
2824 3695 2928 3748 τοῦ
2957 3693 3170 3758 αἰῶνος
3213 3692 3309 3745 καὶ
3351 3691 3467 3755 ἕως
3498 3687 3598 3742 τοῦ

2036 3793 2249 3858 αἰῶνος
2280 3791 2362 3845 σὺ
2385 3791 2440 3844 εἷ
2459 3807 2473 3820 ·
2510 3790 2624 3851 καὶ,
2665 3788 2777 3852 ἕως
2807 3786 2924 3840 τῶν
2959 3785 3230 3855 νεφελῶν
3270 3785 3307 3851 ἡ
3358 3783 3597 3849 ἀλήθεια

2037 3883 2221 3939 αὑτοῦ
2243 3901 2255 3916 ·
2288 3882 2386 3951 οὐχ
2417 3881 2574 3951 ὅρους
2605 3876 2857 3947 τιθέαμεν
2884 3875 3050 3945 αὐτῷ,
3078 3874 3212 3928 ἀλλὰ
3242 3875 3303 3927 τὸ
3328 3875 3499 3927 ὰῖδιον
3522 3890 3599 3924 πι-

2041 3974 2302 4045 στεύομεν
2349 3973 2435 4035 (οὐ
2474 3969 2580 4041 γὰρ
2620 3968 2815 4039 ὁμήλιξ
2850 3965 2998 4035 αὐτῷ
3040 3968 3068 4018 ὁ
3105 3964 3310 4034 αἰών)·
3348 3962 3598 4022 ὡσαύτως

2040 4067 2167 4137 περί
2207 4083 2265 4119 τε
2306 4064 2400 4116 τοῦ
2442 4062 2570 4114 Υἱοῦ
2615 4061 2708 4114 καὶ
2731 4059 2821 4112 τοῦ
2853 4058 3006 4126 ἁγίου
3040 4056 3353 4128 Πνεύματος
3397 4056 3599 4126 φρονεῖν

2038 4158 2322 4229 ὀφείλομεν
2341 4173 2354 4185 ·
2400 4155 2492 4208 ἐπὶ⁵
2522 4154 2629 4223 γὰρ
2653 4152 2753 4221 τῆς
2783 4150 2999 4203 πάντων
3038 4148 3438 4219 ἐπικρατούσης
3484 4147 3599 4218 μιᾶς

2041 4250 2274 4318 φύσεως,
2313 4248 2393 4309 εἰς
2441 4246 2507 4315 ἣν
2547 4240 2704 4297 αὗται
2742 4243 2797 4293 αἱ
2833 4240 3088 4309 πάντιμοι
3142 4238 3485 4299 ὑποστάσεις.
3528 4233 3599 4286 Τὰ

2044 4341 2131 4391 ἴσα
2161 4335 2386 4408 μελῳδεῖ
2422 4333 2515 4386 καὶ
2553 4332 2681 4404 περὶ
2719 4329 2813 4383 τοῦ
2848 4329 3006 4382 Υίοῦ’
3042 4329 3126 4382 Σὺ
3149 4330 3182 4381 d
3205 4327 3386 4393 αὐτὸς
3416 4323 3488 4388 εἶ,
3512 4324 3597 4377 καὶ

2118 4515 2229 4587 (69)
2251 4511 2676 4587 _Generationem.
2701 4505 2983 4587 _lsa_.'t..tn,
3011 4504 3067 4570 8,
3101 4505 3188 4587 ubi
3220 4504 3490 4587 voculam,
3520 4504 3597 4584 δέ,

1979 4586 2020 4640 D
2052 4576 2153 4640 noii
2183 4585 2340 4638 habet
2363 4581 2550 4634 Graeca
2586 4577 2773 4632 editio.
2812 4577 3065 4645 Vulgatus
3101 4585 3281 4629 autem
3320 4576 3481 4631 aliter
3519 4576 3593 4627 iti-

2055 4666 2392 4723 terpretatur.
2514 4719 2523 4723 Α
2603 4718 2614 4723 Α
2813 4716 2823 4723 _
2962 4714 3005 4723 υ
3094 4714 3105 4723 _
3304 4712 3318 4723 ,
3486 4712 3516 4723 ,.
3582 4712 3593 4721 .

2121 4712 2232 4795 (70)
2275 4718 2641 4795 _Generation_is
2674 4716 2931 4795 _n_omine._
2962 4714 3056 4795 Νθ⁸
3094 4714 3242 4767 locus
3304 4712 3408 4795 iste
3452 4712 3593 4795 alicui

2048 4784 2250 4851 Graeca:
2275 4792 2468 4851 lingua:
2497 4790 2611 4842 rudi
2637 4789 2882 4839 videatur
2920 4785 3177 4846 insulsus,
3203 4786 3355 4852 quasi
3378 4784 3592 4841 nullum,

2049 4866 2192 4934 quod
2225 4859 2533 4934 quideln_ad
2572 4871 2682 4934 rem
2724 4856 2902 4934 faciat,
2932 4856 3331 4934 generationem
3360 4856 3517 4911 inter,
3539 4867 3594 4904 ac

2051 4926 2381 4988 nativitatem
2432 4928 2717 4981 discrimen
2757 4926 2845 4989 sit,
2890 4927 3163 4979 sciendum
3206 4935 3311 4986 est,
3339 4939 3470 4977 voce
3509 4938 3593 4984 γεο

2047 5006 2196 5066 νεὰν,
2233 5016 2417 5070 quam,
2448 4997 2853 5070 generationem,
2882 5011 2999 5048 cuin
3060 4995 3281 5070 Vulgato
3315 4996 3590 5060 interpreti:

2051 5066 2323 5136 transtuli,
2374 5066 2481 5123 non
2530 5076 2709 5119 actum
2755 5066 2952 5133 ipsum,
2993 5079 3099 5132 quo
3148 5066 3268 5131 quis
3296 5075 3591 5134 generatur,

2047 5156 2139 5197 aut
2167 5144 2428 5201 nascitur,
2464 5136 2728 5199 denotari,
2768 5137 2859 5187 sed
2878 5150 3036 5203 genus
3066 5137 3268 5201 potius,
3292 5138 3592 5202 progeniem,

2044 5212 2366 5283 prosapiam.
2392 5208 2571 5283 Itaque
2601 5208 2824 5283 probe_a
2855 5221 2912 5283 se
2935 5206 3300 5283 invicem‘tria
3338 5204 3591 5283 baton}!-

2045 5271 2162 5343 νεὰ.
2175 5271 2425 5351 γέννησις
2440 5271 3591 5351 et'xévsatgldistinguendaXidesegm.85ti.

2119 5344 2231 5423 (Η)
2260 5344 2474 5423 Posuit,
2494 5344 2647 5423 Vers.
2688 5344 2773 5408 13,
2802 5344 2889 5423 ubi
2913 5344 3100 5398 Graeca
3121 5344 3284 5399 editio
3305 5345 3483 5405 habet,
3509 5344 3595 5392 κύ-

2046 5414 2180 5493 κλῲ,
2214 5414 2332 5493 sine
2359 5414 2871 5493 οοιι]υῃςιίοιιεκαί.
2947 5484 2995 5493 __
3224 5483 3257 5493 Α
3388 5481 3453 5493 Ἀ
3555 5477 3567 5490 '

2117 5481 2227 5566 ('72)
2263 5481 2686 5566 Qperuii‘.A‘bac.
2706 5499 2802 5566 tu,
2825 5488 2890 5566 2,;
2910 5484 2996 5538 ubi
3027 5483 3193 5566 editio
3220 5481 3593 5566 gomplutensis

2046 5552 2226 5626 habet,
2290 5552 2650 5626 ἐπεκάλυψεν.
2706 5552 2963 5625 Vulgatus
3006 5555 3166 5623 paulo
3199 5554 3399 5607 aliter:
3446 5552 3592 5604 habet

2044 5635 2186 5687 enim
2211 5632 2401 5700 gloria,
2430 5645 2527 5698 pro
2551 5630 2733 5700 virtus.

2114 5685 2236 5769 (75)
2256 5685 2687 5769 Νεηιοῖοιιιιξ-χι,
2711 5694 2801 5769 27,
2820 5694 2907 5745 ubi
2934 5693 3119 5769 Graeca
3137 5692 3301 5769 editio
3317 5685 3597 5769 ﬂabello?-

2044 5756 2153 5834 δεὶς
2178 5756 2549 5837 ἐπιγινώσκειξ
2574 5756 2703 5819 Vide
2729 5756 2857 5817 Luc.
2880 5779 2934 5837 ξ,
2963 5764 3051 5824 1‘2,
3082 5766 3169 5816 ubi
3196 5765 3410 5831 legitur,
3433 5756 3595 5817 οὐδεὶς

2045 5833 2318 5910 γινώσκει.
2353 5838 2479 5893 Vide
2495 5837 2651 5892 etiam
2684 5851 2849 5904 segni.
2877 5833 2939 5888 5i
2975 5851 3025 5885 ιι.
