3774 6388
442 290 549 346 527

1665 276 1898 334 DIDYMI
1936 272 2402 331 ALEXANDRINI

3626 245 3738 308 εἰ]

440 405 677 465 essentia
736 404 925 469 libere,
983 417 1048 458 ac
1112 415 1208 471 per
1262 414 1321 454 se
1365 412 1600 469 operans
1654 397 1746 460 sit,
1805 394 2003 463 quique

2154 390 2371 461 πάρκειν
2397 388 2487 441 τὸν
2520 383 2840 447 ἐθελουσίως
2873 379 3298 452 αὐτουργοῦντα,
3345 377 3444 431 καὶ
3492 375 3738 443 ἔχοντα

444 498 627 554 omnia
656 498 850 551 habeat
882 494 984 550 soli
1022 508 1085 548 ac
1126 505 1271 545 mero
1315 504 1415 543 suo
1445 488 1595 542 uului
1633 487 1750 540 sine
1775 493 2003 538 cuncta-

461 593 611 645 tione
638 589 1011 657 obsequentia,
1046 586 1165 655 quis
1192 584 1257 636 ad
1301 582 1559 635 unitatem
1595 578 1737 631 illius
1762 575 2009 631 essentia!

444 682 715 751 pertinere
737 678 1029 743 lnﬁcietur,
1057 689 1177 745 qua:
1202 670 1417 741 propria
1441 660 1768 723 auctoritate
1790 664 1920 735 agit,
1953 672 2008 715 et

444 786 661 826 omnem
691 772 847 839 plane
894 768 1054 822 habet
1087 762 1445 836 potestatem?
1480 760 1544 814 Et
1572 761 1623 812 in
1649 773 1700 812 ει
1746 756 1951 826 psalmo
1992 770 2005 806 :

448 861 607 916 Initio
632 859 740 930 (46)
776 869 968 912 terram
994 866 1071 923 tu,
1103 855 1345 916 Domine,
1363 851 1618 920 fundasti,
1644 860 1690 902 et
1720 863 1873 917 opera
1900 860 2007 896 ma-

446 968 606 1006 nuum
640 962 847 1004 tuarum
884 957 1003 1002 sunt
1031 946 1145 1001 cazli
1168 962 1186 998 :
1206 947 1309 1013 ipsi
1341 940 1602 1013 peribunt,
1628 948 1684 993 tu
1702 946 1876 993 autem
1893 952 2014 1004 per—

446 1057 646 1105 manes,
685 1048 734 1094 et
785 1054 959 1093 omnes
1001 1039 1137 1091 sicut
1190 1034 1548 1089 vestimentum
1591 1040 1929 1092 veterascent,
1964 1038 2011 1082 et

447 1133 581 1184 sicut
618 1130 911 1200 stragulum
936 1127 1299 1181 circumvolves
1331 1141 1455 1191 eos,
1508 1134 1555 1177 et
1606 1120 1946 1174 mutabuntur
1994 1135 2012 1173 .°

448 1228 505 1270 tu
536 1228 709 1271 autem
740 1218 873 1270 idem
897 1218 1006 1283 ipse
1035 1231 1108 1279 es,
1146 1224 1191 1267 et
1219 1214 1342 1266 anni
1368 1214 1446 1265 tui
1475 1227 1579 1264 non
1609 1210 1871 1278 deficient.
1907 1208 2014 1263 Hoc

448 1319 532 1362 est
562 1324 576 1361 :
610 1306 687 1359 Tu
715 1318 949 1360 aeternus
983 1319 1061 1369 es,
1089 1314 1143 1358 et
1174 1305 1432 1357 intinitus.
1462 1301 1657 1355 Paulus
1680 1312 1857 1354 autem
1882 1315 2017 1368 quo-

449 1412 555 1465 que
584 1397 780 1450 similia
839 1396 1051 1459 scribit,
1083 1395 1148 1447 ad
1203 1392 1463 1461 Ephesios
1511 1393 1728 1457 quidem
1766 1412 1778 1445 :
1818 1388 1880 1442 In
1910 1390 2014 1442 Deo

451 1488 584 1557 (47),
640 1488 728 1556 qui
770 1487 943 1539 omnia
965 1487 1154 1538 creavit
1198 1500 1217 1537 :
1260 1483 1326 1537 ad
1375 1481 1723 1535 Colossenses
1771 1488 1949 1532 autem
1999 1494 2013 1531 :

452 1580 711 1645 Quoniam
732 1578 843 1650 (48)
874 1582 927 1631 in
950 1580 1064 1647 ipso
1110 1578 1321 1630 condita
1357 1584 1476 1628 sunt
1530 1575 1788 1635 universa,
1828 1588 1943 1642 qua:
1964 1573 2019 1626 in

450 1672 612 1734 stetis,
649 1679 697 1723 et
724 1685 840 1738 qua:
874 1669 927 1721 in
966 1678 1106 1720 terra
1142 1676 1283 1731 sunt,
1332 1664 1581 1725 visibilia,
1628 1674 1675 1715 et
1709 1662 2012 1725 invisibilia,

2105 480 2247 550 ψιλῷ
2278 478 2354 549 τῷ
2381 477 2565 547 οἰκείῳ
2599 474 2826 544 νεύματι
2852 472 3031 526 πάντα
3053 470 3176 538 δίχα
3211 466 3551 538 μελλήσεως
3598 477 3738 513 συν-

2106 573 2399 641 τρέχοντας
2445 571 2538 623 καὶ
2589 569 2647 621 ἐν
2672 573 2752 639 ρον
2794 563 3013 636 ψαλμῷ·
3053 562 3402 628 Κατ’ἀρχῖις
3428 556 3577 624 τὴν
3615 551 3738 622 re:

2109 663 2211 727 σὺ,
2245 663 2440 730 Κύριε,
2459 661 2877 728 ἐθεμελίωσας,
2903 654 3001 708 καὶ
3024 653 3168 722 ἔργα
3193 651 3310 705 τῶν
3333 646 3583 717 χειρῶν
3612 660 3738 696 σοι

2109 754 2268 808 εἰσιν
2291 752 2623 819 οἱοὺρανοί·
2659 747 2829 803 αὐτοὶ
2857 744 3251 803 ἀπολοῦνται,
3292 740 3372 792 σὺ
3400 738 3472 790 δὲ
3492 732 3738 801 διαμὲι

2110 863 2253 910 νεις·
2290 845 2388 898 καὶ
2419 843 2635 908 πάντες
2662 843 2742 907 ὡς
2767 840 2997 909 Ιμάτιον
3023 831 3594 899 παλαιωθήσονται,
3636 844 3737 877 χιι

2110 935 2254 989 ὡσεὶ
2287 934 2665 1003 περιϐόλαιον
2711 930 2953 995 εἱλίξεις
3005 925 3248 990 αὐτοὺς,
3295 922 3396 976 καὶ
3426 917 3727 982 ἀλλαγὴ

2113 1044 2341 1082 σον-ται·
2375 1025 2456 1077 σὺ
2478 1023 2546 1076 δὲ
2573 1027 2605 1077 ό
2634 1022 2815 1086 αὐτὸς
2847 1016 2920 1085 el,
2951 1018 3051 1072 καὶ
3090 1017 3162 1071 τὰ
3200 1015 3305 1083 ἐτη
3337 1013 3432 1086 [14
3484 1010 3553 1082 a]
3606 1024 3737 1062 σοι

2114 1123 2225 1174 οὐκ
2264 1120 2680 1187 ἐκλείψουσιν·
2712 1115 2833 1167 ἀντὶ
2864 1113 2979 1177 τοῦ,
3026 1113 3261 1181 ἄναρχος
3304 1107 3601 1176 ὑπάρχεις
3644 1102 3737 1153 11‘

2114 1212 2434 1282 ἀπέραντος.
2487 1208 2597 1260 Καὶ
2652 1205 2862 1268 Παῦλος
2911 1204 2969 1257 δὲ
3016 1204 3085 1256 τὰ
3136 1203 3227 1254 ἴσα
3282 1199 3513 1270 γράφει,
3576 1194 3738 1263 πρὸι

2128 1302 2405 1370 Ἐφεσίους
2446 1300 2581 1372 μέν·
2619 1299 2715 1351 Ἐν
2758 1296 2837 1362 τῷ
2867 1294 2988 1360 Θεῷ
3034 1294 3106 1347 τὰ
3152 1291 3347 1345 πάντα
3396 1289 3737 1342 κτίσαντι

2118 1394 2253 1465 πρὸς
2279 1394 2336 1446 δὲ
2370 1393 2723 1453 Κολασσαείς·
2761 1390 2890 1441 ’Ὁτι
2916 1389 2985 1440 ἐν
3013 1383 3172 1448 αὐτῷ
3196 1384 3445 1447 ἐκτίσθη
3462 1381 3536 1431 τὰ
3560 1374 3738 1429 πάνυ

2116 1502 2209 1549 τα,
2233 1485 2304 1538 τὰ
2337 1485 2405 1537 ὲν
2438 1484 2562 1549 τοῖς
2588 1480 2864 1550 οὐραγοῖς
2892 1479 2991 1533 καὶ
3020 1478 3092 1531 τὰ
3107 1477 3203 1529 ἐπὶ
3230 1472 3335 1541 τῆς
3351 1472 3473 1542 γῆς
3494 1467 3738 1538 ἐρατὰ,

2117 1577 2216 1631 καὶ
2240 1578 2476 1645 ἀόρατα·
2509 1576 2629 1629 εἴτε
2651 1575 2870 1642 θρόνοι,
2894 1571 3013 1625 εἴτε
3046 1567 3409 1636 κυριότητες,
3448 1562 3582 1614 sits
3618 1560 3738 1624 ἀρ·

2120 1669 2240 1738 χαὶ,
2258 1668 2377 1721 εἴτε
2402 1666 2694 1732 ἐξουσίαι,
2725 1667 2797 1718 τὰ
2821 1664 3015 1716 πάντα
3039 1660 3111 1713 δι’
3140 1655 3324 1712 αὑτοῦ
3352 1655 3455 1707 καὶ
3489 1656 3587 1716 εις
3618 1652 3738 1701 αὺ-

449 1762 556 1817 sive
579 1761 772 1823 throni,
803 1760 909 1812 sive
949 1758 1349 1821 dominationes,
1389 1757 1494 1811 sive
1532 1756 1872 1823 principatus,
1906 1756 2012 1813 sive

2154 1759 2230 1812 ὸν
2257 1758 2523 1826 ἐκτίσθη·
2550 1759 2649 1811 καὶ
2686 1757 2867 1820 αὑτός
2910 1755 3040 1806 ἐστι
3080 1750 3193 1819 πρὸ
3219 1747 3489 1826 starem,
3509 1744 3624 1797 καὶ
3664 1743 3738 1793 τὰ

454 1860 732 1922 potestates
761 1865 779 1902 :
813 1851 986 1902 omnia
1016 1865 1106 1917 per
1134 1851 1324 1917 ipsum,
1360 1858 1406 1901 et
1437 1849 1490 1899 in
1515 1848 1625 1915 ipso
1652 1855 1824 1899 creata
1855 1854 2018 1899 sunt:

452 1956 498 1999 et
527 1945 634 2013 ipse
656 1952 729 1996 est
760 1954 879 1995 ante
903 1957 1099 2003 omnes,
1130 1950 1178 1994 et
1201 1940 1375 1993 omnia
1396 1942 1447 1992 in
1471 1940 1581 2009 ipso
1603 1949 1858 1992 constant.
1884 1938 2017 1993 Nam

452 2052 539 2100 eo,
578 2035 669 2107 qui
726 2032 1101 2088 substantialis
1158 2033 1333 2100 imago
1391 2032 1483 2086 Dei
1533 2041 1637 2093 est,
1684 2031 1882 2099 quique
1931 2040 2016 2084 est

460 2138 586 2181 ante
620 2140 846 2187 omnes,
888 2123 1062 2177 nullus
1120 2122 1321 2177 deitate
1367 2122 1713 2192 praestantior
1766 2132 1867 2185 est,
1922 2135 2021 2176 nec

456 2232 618 2288 supra
641 2232 764 2272 eum
798 2215 1024 2285 positus,
1068 2229 1239 2283 neque
1284 2215 1579 2279 vetustior;
1628 2216 1771 2269 sicut
1812 2228 1901 2278 eo,
1929 2212 2023 2281 qui

458 2318 542 2364 est
579 2317 700 2378 post
725 2322 932 2370 omnes,
968 2304 1146 2359 nullus
1175 2304 1397 2359 inferior
1429 2314 1531 2371 est,
1568 2318 1631 2358 ac
1664 2305 1761 2358 sub
1789 2318 1853 2358 eo
1879 2304 2019 2372 posi.

459 2410 749 2470 tus,neque
776 2396 1176 2469 posterior(i9).
1195 2397 1260 2451 Et
1279 2396 1455 2451 aliter.
1479 2395 1533 2451 Si
1556 2404 1638 2450 est
1660 2406 1784 2450 ante
1811 2411 2021 2460 omnes,

456 2491 604 2547 solus
637 2491 798 2560 igitur
825 2506 891 2543 ex
938 2489 1076 2551 solo,
1122 2500 1177 2543 et
1225 2485 1382 2542 unica
1431 2502 1494 2541 ac
1532 2484 1790 2556 singulari
1818 2486 2024 2539 ratione

459 2591 585 2636 ante
617 2595 831 2635 omnem
863 2581 1230 2647 operationem
1280 2577 1623 2633 inell‘abiliter
1661 2577 1870 2647 genitus
1903 2576 2021 2637 fuit.

456 2682 512 2727 et
544 2671 971 2725 substantialiter
1012 2681 1095 2724 est
1136 2668 1302 2724 Filius
1352 2668 1527 2723 Patris
1566 2686 1579 2721 :
1616 2681 1835 2722 necesse
1880 2668 2022 2721 enim

457 2777 560 2833 est,
596 2775 653 2819 ut
692 2767 780 2835 qui
831 2775 913 2819 est
964 2773 1089 2817 ante
1138 2777 1357 2825 omnes,
1411 2770 1465 2815 et
1511 2773 1724 2814 omnem
1777 2767 2022 2812 naturam

459 2858 617 2912 modo
644 2860 875 2925 quodam
936 2855 1044 2925 36
1099 2864 1345 2907 naturam
1398 2854 1567 2921 ipsam
1612 2851 2026 2905 transcendenle

459 2948 820 3011 administrat,
851 2962 957 3000 non
991 2948 1061 3000 sit
1093 2946 1387 3015 quidquam
1431 2958 1497 2997 ex
1536 2944 1802 3008 omnibus,
1850 2956 2024 3010 neque

460 3047 704 3091 creatura
739 3037 1022 3097 habeatur,
1074 3036 1207 3090 iisve
1245 3043 1613 3102 comparetur,
1651 3047 1769 3099 quae
1813 3031 1881 3085 ab
1910 3033 2025 3100 ipso

457 3135 717 3206 producta
763 3130 875 3201 (50)
927 3128 1164 3192 fuerunt,
1213 3136 1267 3179 et
1293 3139 1526 3186 omnem,
1563 3123 1743 3177 habita
1789 3124 1855 3177 ad
1904 3137 2026 3176 eum

462 3225 689 3289 ratione,
746 3222 1117 3275 diversitatem
1151 3218 1341 3273 sortita
1382 3216 1492 3288 (51)
1536 3225 1678 3268 sunt.
1728 3215 1793 3268 Et
1845 3216 2019 3269 aliter.

461 3314 632 3377 Illum,
661 3326 818 3382 quem
853 3310 973 3380 quis
1001 3308 1281 3375 cujuslibet
1314 3318 1575 3361 creatura:
1605 3306 1861 3360 factorem
1910 3322 2030 3361 esse

463 3401 916 3473 pronuntiaverit.
981 3414 1247 3469 quemque
1299 3406 1601 3468 portantem
1654 3396 1765 3467 (52)
1816 3411 2029 3451 omnem

463 3505 792 3558 creaturam,
843 3503 895 3548 et
941 3492 1228 3560 imaginem
1270 3490 1388 3557 Dei,
1431 3499 1486 3544 et
1527 3490 1743 3551 Filium,
1792 3504 1917 3545 cum
1955 3490 2029 3544 rei

467 3588 749 3641 veritatem
778 3598 1046 3654 speetaus,
1084 3592 1193 3636 tum
1232 3581 1428 3636 divinis
1465 3581 1699 3636 oraculis
1748 3582 2031 3636 convictus

470 3676 867 3741 nominaverit;
895 3688 1040 3737 eum,
1074 3674 1314 3742 inquam,
1341 3673 1534 3741 ipsum,
1564 3670 1829 3739 quomodo
1854 3668 2032 3723 factu-

466 3785 583 3822 ram
609 3781 842 3836 quoque,
876 3775 966 3819 aut
1000 3766 1260 3818 minorem
1292 3772 1538 3831 portante
1569 3763 1749 3817 omnia
1784 3761 1911 3827 Deo,
1942 3771 2033 3816 aut

462 3860 753 3931 juniorem,
806 3857 905 3910 nisi
943 3857 1163 3909 insanus
1211 3854 1389 3917 luerit,
1433 3854 1485 3907 in
1535 3853 1656 3908 ﬁdei
1698 3854 2034 3909 confessione

468 3947 581 4020 (55)
648 3944 969 3999 allirmabit?
1008 3945 1079 3997 De
1107 3944 1504 3997 notuenclatura
1537 3957 1662 3997 vero
1702 3942 1814 4007 Dei,
1847 3956 1899 3997 et
1931 3960 2030 3997 an-

468 4039 597 4107 geli,
639 4037 776 4091 Filio
803 4036 1172 4100 conveniente,
1203 4034 1481 4103 prophetat
1508 4034 1797 4089 Malachias
1840 4035 1919 4089 sic
1950 4035 2032 4088 in-

467 4132 709 4198 quiens:
754 4127 925 4180 Veniet
980 4125 1090 4195 (54)
1160 4126 1226 4177 ad
1273 4127 1521 4193 templum
1573 4142 1725 4178 suum
1779 4125 2031 4179 Dominus

466 4238 618 4296 quem
652 4238 737 4276 vos
760 4218 1016 4289 quaeritis,
1063 4225 1110 4269 et
1156 4216 1378 4285 Angelus
1427 4217 1734 4280 testamenti,
1767 4232 1913 4286 quem
1948 4234 2033 4270 vos

470 4312 646 4367 vultis.
698 4309 831 4362 Ecce
872 4310 1007 4361 venit
1050 4306 1325 4372 Dominus,
1366 4317 1415 4361 et
1450 4307 1565 4375 quis
1596 4308 1866 4361 sustinebit
1896 4310 2046 4373 diem,

471 4409 732 4475 ingressus
773 4403 912 4469 ejus?
963 4412 1056 4454 aut
1109 4401 1225 4470 quis
1272 4402 1508 4454 subsistet
1549 4402 1604 4454 in
1655 4404 1852 4454 visione
1883 4402 2032 4471 ejus?

474 4496 641 4564 Hujus
663 4496 864 4551 oraculi
893 4494 1101 4548 initium
1124 4492 1530 4558 (Economiam,
1592 4494 1692 4547 hoc
1717 4506 1820 4558 est,
1854 4495 2035 4549 lucar-

477 4588 744 4643 nationem
793 4586 1068 4655 designat;
1114 4587 1258 4655 quod
1309 4597 1484 4639 autem
1528 4587 1794 4655 sequitur,
1836 4603 2034 4641 secun-

476 4679 601 4730 dum
628 4674 835 4728 Domini
872 4675 1157 4728 adventum
1202 4676 1419 4739 indicat,
1447 4675 1736 4731 terribilem
1767 4676 1945 4742 simul,
1976 4692 2039 4733 ac

548 4785 659 4853 (46)
712 4783 874 4837 Initio
951 4786 1089 4840 Psal.
1120 4802 1193 4848 cr,
1226 4802 1363 4841 vers.
1395 4786 1482 4847 26,
1524 4787 1593 4839 27
1630 4797 1683 4841 et
1724 4788 1812 4841 28.
1852 4790 2039 4844 Grmca

475 4857 661 4935 editio,
699 4854 996 4976 διαμένεις,
1042 4858 1094 4909 id
1134 4866 1215 4935 est
1262 4873 1550 4924 permanes.
1600 4858 1777 4912 tiodex
1825 4861 2039 4913 l‘assio-

480 4941 738 4976 netanus.
820 4942 1083 4976 ιαμενεις.
1140 4943 1255 4976 sme
1316 4938 1559 4976 accentu.
1604 4931 1754 4976 uuasi
1806 4931 2039 4976 incertus

479 4931 738 4986 neianus,
787 4931 1083 4993 διαμενεις,
1140 4931 1255 4981 sine
1316 4938 1559 4989 accentu,
1604 4931 1754 4994 quasi
1806 4931 2041 4982 incertus

481 4996 640 5068 fuerit
664 4995 937 5060 librarius,
971 4997 1617 5068 scriberetneotattévstg,
1651 5014 1717 5050 an
1744 4997 2039 5068 διαμενείς,

481 5066 532 5118 id
570 5076 653 5116 est
694 5069 1032 5133 permanebis.
1082 5067 1213 5129 l’ro,
1258 5065 1491 5130 εἱλίξεις,
1542 5078 1739 5130 autem,
1799 5065 1932 5132 sive,
1983 5079 2042 5124 ut

482 5134 641 5187 habet
683 5138 871 5193 codex.
915 5136 1147 5201 εἱλίξεις,
1194 5134 1379 5191 Gra2ca
1406 5139 1571 5191 editio
1616 5140 1793 5202 habet,
1825 5139 2038 5202 ἑλίξεις.

480 5202 679 5277 Neutra
712 5206 867 5277 laetio
896 5208 1105 5260 videtur
1137 5210 1481 5275 repudianda.
1524 5207 1655 5262 Vide
1682 5222 1850 5277 segm.
1882 5210 1947 5262 67
1987 5216 2041 5263 b.

553 5273 665 5354 (μ)
710 5273 792 5354 1η⁸
815 5276 961 5354 θέτο.-
987 5273 1296 5354 ιιρῃθεςιιι,
1341 5277 1393 5354 υ,
1450 5278 1537 5354 u_b_i
1583 5273 2041 5354 ρυεῐξκτίσαντι,

481 5342 696 5422 additur
726 5362 738 5397 :
769 5345 866 5422 Διά
919 5342 1108 5422 ’Ἰησοῦη
1140 5346 1376 5418 Χριστοῦ
1400 5388 1415 5413 ,
1583 5342 1686 5422 εει
1715 5364 1804 5413 per
1860 5342 2042 5402 .Iesum

482 5409 770 5492 Cjtristum.
799 5409 1059 5492 conjiciat
1086 5409 1316 5492 fortasse
1337 5409 1477 5492 quis,
1509 5409 1726 5492 librario
1756 5422 1867 5473 lucc
1896 5422 2044 5473 exci-

483 5484 648 5555 disse,
682 5499 802 5555 cum
835 5484 1087 5555 Didymus
1120 5489 1186 5540 de
1215 5484 1369 5540 Filio'
1400 5488 1486 5541 hic
1521 5487 1790 5555 loquatur,
1838 5505 1943 5543 non
1979 5493 2045 5543 de

483 5552 600 5625 Deo
622 5568 685 5625 ac
712 5553 889 5625 Ratre.
932 5552 1058 5610 Vide
1092 5567 1268 5610 tamen
1303 5572 1470 5625 segm.
1504 5557 1571 5611 90
1590 5552 1651 5609 ιι.

554 5623 663 5693 (48)
715 5623 993 5689 Quoniam.
1037 5626 1244 5681 tloloss.
1290 5642 1329 5689 l,
1369 5623 1448 5680 ’16
1496 5637 1549 5679 et
1591 5627 1677 5691 17,
1724 5629 1810 5682 ulri
1859 5628 2045 5683 Graeca

479 5693 655 5768 editio
676 5694 840 5768 habet
865 5714 878 5749 :
910 5695 1000 5768 ΤὸιΔ
1014 5696 1185 5765 ὁρατὰ
1212 5698 1305 5768 ita}
1333 5696 1400 5748 τὰ
1423 5696 1648 5766 ἀόρατα.
1691 5698 1890 5753 Deinde
1925 5716 2041 5768 pro,

480 5760 728 5835 ἐκτίσθη,
758 5764 936 5833 habet,
978 5760 1241 5822 ἔκτισται.
1280 5766 1405 5836 Pro,
1453 5760 1557 5822 sive
1603 5769 1795 5833 throni,
1840 5769 1896 5825 S.
1925 5760 2041 5825 Ὰυέ

2055 3088 2096 3144 C

2125 1848 2319 1903 πάντα
2364 1849 2434 1902 ἐν
2475 1848 2634 1914 αὐτῷ
2674 1846 3076 1913 συνέστηκεν.
3127 1842 3231 1895 Τοῦ
3279 1839 3387 1909 γὰρ
3428 1834 3738 1896 οῦσιιιῶῶς

2126 1942 2538 2009 ὲξεικονίζοντος
2578 1941 2668 1993 τὸν
2694 1939 2847 2002 Θεὸν,
2873 1938 2965 1990 καὶ
2996 1934 3088 1989 τοῦ
3120 1934 3226 2004 πρὸ
3254 1933 3476 1984 πάντων
3502 1931 3574 1998 τῇ
3605 1926 3738 1978 θεό-

2125 2053 2247 2107 τητι
2276 2036 2450 2099 οὐδεὶς
2487 2034 2837 2105 ὑπέρκειται,
2865 2030 2986 2083 οὐδὲ
3018 2021 3468 2099 πρεσϐυτερεύει·
3499 2021 3582 2084 ὡς

2131 2128 2267 2199 μετὰ
2295 2128 2502 2189 πάντας
2542 2126 2715 2186 οὐδεὶς
2745 2123 3047 2184 ὑπόκειται,
3075 2118 3195 2171 οὐδὲ
3225 2114 3535 2185 ὑστερεύει.
3611 2112 3737 2163 Καὶ

2127 2220 2318 2282 ἄλλως·
2370 2220 2432 2271 Ei
2485 2217 2591 2286 πρὸ
2638 2217 2853 2269 πάντων
2900 2213 3048 2266 ἐστὶν
3078 2212 3234 2282 μόνος
3276 2212 3339 2261 ὲκ
3375 2206 3568 2277 μόνου,
3631 2202 3737 2253 καὶ

2131 2312 2325 2382 μόνως·
2360 2309 2463 2379 πρὸ
2492 2310 2672 2378 πάσης
2726 2306 3002 2377 ἐνεργείας
3056 2301 3382 2372 ἀπορρήτους
3412 2293 3729 2365 ἐγεννήθη,

2129 2404 2223 2456 καὶ
2250 2401 2524 2464 οὐσιωδῶς
2544 2401 2673 2463 Υἱός
2699 2402 2814 2452 ἐστι
2842 2397 2933 2450 τοῦ
2964 2396 3196 2465 Πατρός.
3226 2394 3314 2444 Δεῖ
3336 2391 3448 2460 γὰρ
3474 2387 3573 2440 τὸν
3613 2385 3733 2453 πρὸ

2130 2494 2345 2547 πάντων
2375 2492 2524 2554 ὄντα,
2561 2492 2656 2544 καὶ
2698 2492 2877 2560 πάσης
2910 2488 3125 2558 φύσεως
3166 2480 3463 2553 ὑπερφυῶς
3488 2481 3729 2545 ὲπιτμν

2129 2582 2383 2647 πεύοντα,
2426 2581 2589 2652 μηδὲν
2622 2576 2883 2634 εἶναιτῶν
2906 2579 3143 2631 πάντων·
3174 2575 3305 2647 μηδὲ
3330 2572 3539 2641 κτίσμα
3571 2568 3725 2622 κατὰ

2133 2673 2416 2743 σύγκρισιν
2450 2673 2689 2726 νοεῖσθαι
2733 2672 2844 2725 τῶν
2904 2670 3033 2741 παρ’
3067 2667 3229 2723 αὑτοῦ
3277 2664 3720 2736 παροισθέντων,

2131 2764 2223 2818 καὶ
2257 2767 2434 2818 πᾶσαν
2490 2763 2764 2833 είλιχότων
2817 2762 2953 2835 πρὸς
3000 2760 3159 2814 αὐτὸν
3219 2756 3545 2827 ἐξαλλαγήν.
3602 2754 3721 2807 Καὶ

2130 2858 2323 2919 ἄλλως·
2372 2859 2466 2910 Ὃν
2493 2857 2558 2910 ἀν
2611 2873 2695 2918 τις
2725 2855 2924 2917 παντὸς
2955 2857 3256 2925 ποιήματος
3288 2850 3521 2920 ποιητὴν
3577 2848 3721 2901 ἁπο-

2132 2950 2380 3020 φήναιτο,
2417 2948 2509 3000 καὶ
2539 2948 2717 2999 πᾶσαν
2737 2946 3072 3015 βαστάζοντα
3100 2944 3197 3013 τὴν
3222 2942 3416 3002 κτίσιν,
3449 2942 3547 2992 καὶ
3578 2938 3719 2991 εἰκὸ-

2130 3057 2196 3093 να
2219 3038 2312 3091 τοῦ
2338 3037 2472 3090 Θεοῦ
2499 3040 2594 3090 καὶ
2624 3037 2753 3089 Υἱὸν
2782 3036 3054 3106 ὀνομάσοι,
3082 3037 3146 3105 τῇ
3187 3050 3245 3086 τε
3279 3031 3508 3102 ἀληθεία
3539 3044 3716 3098 etpos-

2135 3129 2273 3199 έχων
2309 3129 2401 3180 καὶ
2433 3128 2537 3179 ὑπὸ
2587 3126 2694 3178 τῶν
2750 3125 2904 3179 θείων
2937 3124 3131 3192 λογίων
3174 3118 3708 3193 πληροφορούμενος·

2133 3221 2319 3274 τοῦτον
2367 3219 2483 3283 πῶς
2513 3220 2577 3274 ἂν
2611 3218 2841 3290 ποίημα,
2879 3218 2913 3289 ἢ
2971 3216 3290 3289 μικρότερον
3330 3213 3423 3266 τοῦ
3454 3212 3712 3281 φέροντες

2134 3312 2203 3366 τὰ
2232 3312 2407 3366 πάντα
2452 3311 2609 3377 Θεοῦ,
2639 3311 2672 3382 ἥ
2705 3310 3129 3381 προγενέστερον
3154 3308 3366 3377 ἔχοντα,
3400 3306 3445 3356 εὶ
3483 3304 3558 3373 μὴ
3588 3302 3711 3372 μαὶο

2135 3422 2300 3470 νοιτο,
2332 3404 2831 3475 προσομολογήσει;
2860 3403 2994 3473 Περὶ
3022 3401 3078 3454 δὲ
3102 3399 3194 3453 τοῦ
3228 3399 3358 3450 Θεὸν
3386 3398 3483 3449 καὶ
3514 3396 3710 3461 Ἀγγεο

2136 3497 2227 3549 λον
2260 3495 2578 3567 κεκλῆσθαι,
2640 3495 3089 3567 προφητεύουσιν,
3131 3492 3419 3560 Μαλαχίας
3447 3490 3568 3560 μὲν,
3620 3486 3705 3539 οὖ»

2138 3605 2245 3651 τως
2284 3586 2471 3641 εἰπών·
2505 3587 2674 3651 ’Ἥξει
2714 3590 2801 3653 εἰς
2829 3586 2935 3639 τὸν
2961 3584 3111 3638 ναὸν
3135 3583 3321 3637 αὺτοῦ
3359 3583 3599 3649 Κύριος,
3640 3579 3707 3630 ὃν

2136 3677 2305 3746 ὑμεῖς
2347 3677 2582 3745 ζητεῖτε·
2616 3677 2713 3730 καὶ
2758 3681 2790 3730 ό
2830 3675 3081 3745 ἄγγελος
3121 3673 3233 3743 τῆς
3270 3672 3581 3737 διαθήκης,
3640 3668 3705 3720 ὃν

2135 3769 2304 3838 ὑμεῖς
2339 3769 2560 3823 θέλετε.
2609 3768 2763 3824 Ἰδοὺ
2804 3769 3037 3837 ἔρχεται
3079 3768 3317 3833 Κύριος,
3358 3763 3457 3817 καὶ
3512 3762 3601 3834 [Η
3655 3758 3701 3829 ιι]

2136 3861 2229 3925 τίς
2266 3859 2551 3928 ὑπομενεῖ
2577 3860 2807 3928 ἡμέραν
2833 3859 3075 3913 εἰσόδου
3108 3857 3333 3920 αὐτοῦς
3373 3857 3412 3923 ἣ
3454 3856 3547 3920 τίς
3568 3858 3704 3909 ὐπο-

2136 3950 2425 4019 στήσεται
2444 3951 2514 4003 ἐν
2540 3950 2615 4019 τῇ
2654 3951 2915 4016 ὀπτασίᾳ
2944 3948 3167 4011 αὑτοῦ;
3214 3948 3277 4000 Ἦ
3307 3947 3450 4017 ἁρχὴ
3473 3945 3568 3998 τοῦ
3601 3947 3696 4015 ρης

2136 4043 2252 4107 τοῦ,
2301 4042 2400 4113 τὴν
2446 4044 2774 4114 οἰκονομίαν·
2810 4043 2869 4095 τὸ
2901 4042 2945 4095 δ’
2986 4043 3273 4111 ἑπόμενον,
3330 4039 3429 4108 τὴν
3471 4037 3697 4107 φοεερᾶν

2138 4134 2230 4188 καὶ
2261 4133 2638 4205 φιλάνθρωπον
2685 4134 2850 4187 αὐτοῦ
2893 4132 3151 4203 δευτέραν
3185 4129 3486 4200 παρουσίαν
3534 4128 3692 4196 δηλοῖ.

2150 4226 2375 4288 Ἡσαΐας
2399 4225 2456 4277 δὲ
2493 4225 2651 4295 βοῶν,
2674 4225 2861 4295 τρόπῳ
2880 4217 2924 4291 ᾧ
2944 4222 3196 4275 εἰώθασιν
3235 4222 3284 4274 οί
3327 4218 3697 4290 συγχαίροντες

2139 4317 2420 4385 ἀγγέλλειν
2486 4321 2598 4381 τοῖς
2653 4317 2804 4371 οὔπω
2856 4316 2950 4370 τοῦ
3005 4315 3299 4387 γενομένου
3359 4312 3693 4385 ῂσθημὲνοις’

2066 4442 2114 4500 D
2141 4409 2386 4462 Παιδίον
2415 4407 2704 4478 ἐγεννήθη
2739 4407 2903 4477 ἡμῖν,
2957 4407 3093 4472 Υἱὸς
3123 4406 3220 4460 καὶ
3247 4405 3449 4473 ἐδόθη·
3476 4404 3573 4457 καὶ
3603 4418 3695 4454 κα-

2138 4500 2327 4555 λεῖται
2349 4500 2417 4553 τὸ
2462 4500 2649 4570 ὄνομα
2699 4500 2907 4566 αὐτοῦ,
2942 4500 3216 4570 μεγάλης
3234 4498 3476 4567 βουλῆς
3513 4500 3694 4565 Ἀπτε-

2138 4594 2264 4656 λος·
2296 4589 2658 4659 θαυμαστὸς,
2681 4590 3044 4659 σύμϐουλος,
3109 4589 3272 4655 Θεὸς,
3320 4588 3586 4657 ἰσχυρὸς,
3610 4588 3692 4648 ἐξ·

2139 4680 2491 4751 ουσιαστὴς,
2531 4681 2730 4751 ἅρχων
2751 4681 3012 4751 εἰρήνης.
3047 4679 3245 4735 Τοῦτον
3270 4679 3361 4733 τὸν
3384 4678 3515 4731 Θεὸν
3539 4678 3692 4743 Λόγον

2213 4795 2323 4868 (49)
2357 4794 2426 4849 Et
2460 4796 2632 4851 aliter.
2666 4796 2828 4850 Arida
2865 4798 2989 4863 ista,
3022 4806 3079 4850 ut
3105 4798 3184 4852 sic
3208 4798 3415 4868 loquar,
3445 4809 3499 4852 et
3526 4797 3689 4866 jejuna

2143 4868 2462 4919 transitione
2503 4869 2673 4921 utitur
2722 4868 2975 4935 Didymus
3020 4870 3183 4922 etiam
3240 4869 3290 4922 iu
3334 4870 3470 4922 libro
3522 4879 3687 4921 Contra

2141 4936 2495 4998 Manicha’os,
2549 4937 2648 4990 nisi
2709 4941 2851 5005 quod
2915 4938 2984 4992 ibi
3040 4942 3149 5002 ait,
3202 4939 3373 5001 ἄλλως
3421 4956 3501 4991 τε.
3560 4936 3688 4988 Veni

2141 5018 2318 5059 autem
2346 5018 2519 5074 potest
2549 5024 2563 5060 :
2596 5006 2663 5059 Et
2690 5009 2865 5071 aliter,
2900 5008 3001 5069 vel,
3034 5023 3306 5071 praterea,
3337 5010 3441 5073 vel,
3473 5011 3610 5061 item.

2190 5074 2820 5201 1(ζὸθ1)9Ρνοί1ιιεια.ΙἮάο
2859 5088 2969 5132 not.
3007 5076 3098 5145 28,
3123 5095 3241 5149 pag.
3276 5081 3329 5143 4,
3374 5090 3427 5133 et
3468 5091 3578 5133 not.
3610 5074 3687 5138 '28,

2142 5162 2581 5292 Ρδῗᾷξῖξονιὶειι.
2625 5214 2679 5269 In
2706 5218 2825 5292 cod.
2858 5219 3153 5292 εἰλιχότων.
3191 5220 3353 5289 Lege,
3392 5220 3684 5292 εἰληχότων.

2214 5286 2325 5353 (5⁸2)
2368 5286 2693 5340 Portantem.
2738 5286 3168 5358 liespicitllehr.
3209 5286 3333 5355 1,3.
3382 5286 3686 5347 Vidé‘etiam

2143 5365 2322 5408 notant
2353 5355 2439 5415 68,
2478 5373 2595 5422 pag.
2630 5356 2682 5410 9.

2461 5397 2954 5507 ebaIessione.
2992 5431 3118 5507 Ῑίέβο
3153 5432 3230 5487 sic
3264 5432 3533 5507 traillsulnr'
3562 5430 3681 5497 quad

2144 5510 2273 5575 voce
2315 5496 2426 5558 illa,
2474 5497 2975 5575 npoeopoitoyﬁgu,
3002 5502 3249 5575 videatur
3288 5505 3415 5556 mihi
3460 5496 3685 5572 Didymus

2142 5567 2376 5647 aliquam
2397 5581 2461 5647 ex
2483 5568 2663 5647 multis
2689 5567 3284 5647 lideiCon/‘essionibus,
3308 5588 3442 5647 quas
3470 5590 3530 5626 ea
3553 5567 3683 5625 {me

2143 5636 2348 5715 Ariani,
2402 5638 2739 5715 Eunomiani,
2790 5636 3191 5715 llorttdausiani,
3239 5636 3683 5710 Macedoniamque

2145 5705 2436 5760 identidem
2468 5707 2753 5771 cudebant,
2789 5712 3042 5768 indicare.

2217 5775 2329 5845 (54)
2388 5774 2589 5833 Veniet.
2633 5777 2734 5834 Mal
2772 5782 2855 5833 ch.
2916 5798 2996 5850 ιιι,
3048 5786 3069 5837 l
3126 5794 3177 5839 et
3228 5784 3281 5837 τὶ.
3327 5784 3508 5838 Grreca
3546 5783 3681 5837 cditin
