3774 6348
220 315 332 370 335

1310 307 1398 363 DE
1437 309 1811 367 TRINITATE
1848 311 2054 367 LIBER
2091 307 2379 366 PRIMUS.

3352 308 3459 365 33-5

217 428 345 480 ἐπεὶ
370 427 568 498 ἀνάγκη
609 425 804 489 αὐτοὺς
837 426 1059 479 ἀπαιτεῖ
1087 424 1255 498 (ὅπερ
1294 426 1389 478 καὶ
1417 428 1619 481 ἐννοεῖν
1647 446 1781 497 σφα-

1960 440 2062 487 ;ura
2113 423 2322 477 alienus
2347 421 2487 476 Deus
2514 421 2770 484 Verbum,
2802 422 3253 490 quemadmodum
3293 424 3457 477 etiam

217 518 442 589 λερδν),
472 518 731 589 πρότερον
776 516 1081 587 ὑποστῆσαι
1111 516 1206 569 τοῦ
1249 516 1482 588 ἀνάρχου
1508 518 1601 571 καὶ
1642 520 1775 572 ἁπε-

217 612 459 681 ρινοήτου
489 609 620 662 Θεοῦ
654 610 749 663 καὶ
777 610 988 681 Πατρός
1014 608 1223 680 χρόνον,
1265 610 1356 664 καὶ
1383 608 1525 662 οὕτω
1554 610 1780 682 συγκρί-

215 718 350 753 νειν.
402 699 709 771 Ἄνθρωποι
762 699 819 752 δὲ
860 697 1082 751 εἰώθασι
1131 696 1383 767 μείζονας
1425 699 1611 751 καλεῖν
1657 700 1785 761 τοὺς

215 788 391 858 χρόνῳ
420 788 514 857 τὴν
540 788 752 856 γένεσιν
797 786 1228 859 προειληφότας,
1270 787 1409 840 κατὰ
1456 788 1547 840 τὸν
1600 788 1785 841 Ἰσαὰκ

214 878 622 949 διαταττόμενον
642 896 654 909 ·
700 876 763 932 '0
787 876 1001 947 μείζων
1028 878 1348 931 δουλεύσει
1376 878 1456 944 τῷ
1485 878 1781 932 ἐλάττονι.

216 970 352 1023 Οὐδὲ
397 969 467 1032 ὠς
506 969 718 1033 αἴτιοςο
766 970 829 1022 οὐ
876 968 986 1040 γὰρ
1026 968 1198 1031 αἴτιος
1259 968 1447 1023 αὐτοῦ.
1515 969 1784 1040 Ἀναρχος

212 1060 319 1131 γὰρ
351 1062 439 1115 καὶ
460 1062 488 1113 ό
515 1061 812 1131 μονογενὴς
842 1060 965 1123 Υἱὸς
985 1058 1195 1130 ἐδείχθη
1215 1076 1228 1091 ο
1254 1060 1375 1112 ἐπεὶ
1399 1058 1599 1129 ὁμοίως
1621 1059 1784 1113 αὑτοῦ

210 1171 270 1206 τε
322 1154 412 1207 καὶ
452 1152 615 1223 ἡμῶν
673 1150 907 1222 μείζωνσ
956 1151 1092 1221 ὅπερ
1149 1150 1223 1223 μὴ
1266 1149 1476 1217 γένοιτο
1522 1151 1696 1202 εἰπεῖν
1750 1150 1782 1220 ἢ

210 1243 454 1298 ἀκοῦσαι.
507 1243 644 1296 Οὐδὲ
684 1242 825 1296 κατὰ
867 1240 965 1312 τὴν
997 1241 1182 1293 οὐσίαν
1230 1242 1323 1292 καὶ
1364 1239 1425 1291 τὸ
1466 1240 1648 1309 ὅμοιον
1673 1254 1685 1266 ·
1727 1240 1784 1304 ἐξ

211 1338 372 1392 αὑτοῦ
400 1337 514 1409 γὰρ
542 1338 619 1400 ὡς
649 1334 959 1406 Μονογενὴς
991 1333 1141 1406 παρὰ
1180 1334 1393 1404 Πατρὸς
1442 1332 1654 1403 πλήρης
1685 1333 1785 1402 χά-

213 1446 353 1501 ριτος
392 1429 489 1481 καὶ
531 1427 810 1497 ἀληθείας,
858 1427 951 1479 καὶ
988 1426 1061 1489 ὡς
1095 1426 1381 1496 χαρακτὴρ
1412 1424 1509 1494 τῆς
1554 1425 1787 1479 ὑποστά-

210 1539 343 1584 σεως
370 1521 509 1591 πρὸς
552 1521 767 1573 ἅπαντα
814 1518 888 1570 ὢν
926 1518 1212 1588 χαρακτὴρ
1236 1559 1249 1580 ,
1277 1519 1371 1570 καὶ
1400 1518 1474 1580 ὡς
1501 1516 1663 1569 εἰκὼν
1692 1517 1784 1571 τοῦ

207 1613 361 1676 Θεοῦ,
392 1614 458 1681 ἢν
483 1614 513 1665 ὁ
538 1609 801 1682 ἑωρακὼς
843 1610 1053 1680 ἑώρακε
1082 1610 1173 1663 τὸν
1203 1611 1438 1682 Πατέρα.
1494 1612 1595 1664 Ἐν
1626 1608 1786 1675 αὐτῷ

208 1706 311 1775 γὰρ
362 1701 634 1756 κατοικεῖ
677 1701 801 1756 πᾶν
851 1701 920 1754 τὸ
976 1701 1268 1771 πλήρωμα
1306 1701 1417 1770 τῆς
1466 1703 1782 1769 θεότητος⁹

1884 516 2067 581 Pater,
2098 522 2153 571 et
2179 522 2401 569 sanctus
2429 512 2572 567 illius
2602 510 2877 581 Spiritus;
2923 523 2977 567 et
3000 528 3027 565 a
3066 513 3209 567 nulla
3241 512 3456 581 quidem

1885 623 1945 662 re
1977 608 2090 676 ipse
2138 606 2469 671 continetur,
2505 604 2687 660 omnia
2730 620 2860 660 vero
2894 605 2946 659 in
2991 620 3050 659 se
3100 604 3358 671 continet,
3393 619 3460 659 eo

1886 696 2031 768 quod
2064 695 2305 750 omnium
2333 697 2494 749 etiam
2521 696 2956 765 magnitudinum
3001 695 3326 765 principium
3350 706 3456 761 est,

1889 794 2074 856 utpote
2102 800 2288 841 earum
2331 784 2526 842 factor.
2564 786 2842 852 Quomodo
2877 786 3019 840 enim
3067 786 3119 840 in
3167 786 3457 855 supremis,

1886 883 1941 931 et
1974 876 2332 946 incorporeis,
2372 886 2427 930 et
2461 877 2656 931 divinis
2695 876 3072 947 hypostasibus
3122 878 3456 947 magnitudo,

1887 983 1980 1021 seu
2011 968 2301 1038 quantitas,
2341 981 2465 1022 esse
2523 968 2742 1035 potest?
2785 966 2895 1023 Nec
2951 969 3128 1037 quoad
3189 970 3461 1024 aeternita-

1889 1071 2032 1123 tem;
2067 1058 2264 1113 etenim
2294 1073 2399 1112 una
2429 1074 2552 1112 cum
2583 1058 2743 1114 Patre
2771 1061 3102 1115 coexsistens
3133 1071 3239 1127 est,
3274 1067 3462 1130 utpote

1888 1150 2143 1218 splendor
2195 1150 2378 1220 gloriae
2445 1150 2627 1215 illius,
2700 1160 2754 1206 et
2796 1168 2900 1207 non
2972 1153 3177 1208 habens
3232 1163 3356 1208 ante
3403 1169 3461 1209 se

1890 1243 2079 1297 Deum.
2108 1241 2262 1305 Nam,
2295 1242 2360 1295 In
2390 1244 2672 1311 principio,
2715 1244 2907 1313 inquit,
2937 1255 3047 1299 erat
3077 1244 3324 1300 Verbum.
3358 1246 3462 1302 Ne-

1888 1349 1997 1401 que
2047 1349 2177 1387 vcro
2238 1334 2381 1389 Dens
2442 1346 2914 1390 commensuratur
2980 1337 3231 1406 tempori,
3287 1353 3463 1409 neque

1852 1425 2060 1499 ‘factor
2102 1427 2325 1481 facturae
2360 1447 2373 1483 :
2407 1429 2647 1498 alioquin
2706 1429 3002 1485 necessitas
3033 1443 3127 1483 eos
3165 1429 3294 1483 illuc
3342 1432 3460 1483 adi-

1888 1528 1994 1587 get,
2029 1529 2088 1573 ut
2122 1530 2247 1575 ante
2279 1530 2564 1588 aeternum,
2605 1531 2660 1575 et
2686 1530 2883 1575 creata:
2936 1522 3103 1575 menti
3159 1522 3464 1592 incompre-

1890 1611 2204 1667 hensibilem
2241 1613 2407 1666 Deum
2463 1612 2706 1675 Patrem,
2763 1623 2973 1681 tempus
3010 1612 3312 1668 subsistens
3366 1630 3462 1684 po-

1890 1714 2046 1769 nant,
2083 1720 2147 1759 ac
2180 1715 2289 1758 tum
2333 1706 2793 1774 comparationem
2836 1706 3119 1760 instituant
3151 1724 3164 1759 :
3211 1705 3353 1774 quod
3379 1705 3463 1760 vel

205 1798 503 1849 ἐπισπᾶται
540 1797 599 1849 δὲ
640 1794 798 1848 τοῦτο
838 1793 1113 1865 μαρτυρία
1170 1794 1265 1847 καὶ
1304 1795 1385 1857 τὸ,
1432 1795 1784 1865 Ποιήσωμεν

1960 1798 2127 1866 gitare
2156 1797 2520 1867 periculosum
2574 1806 2678 1851 est.
2743 1796 3155 1852 Consueverunt
3187 1810 3364 1852 autem
3394 1798 3463 1852 ab

205 1889 520 1958 ἄνθρωπον
562 1889 693 1941 κατ’
746 1888 949 1941 εἰκόνα
992 1886 1091 1939 καὶ
1135 1886 1419 1955 ὁμοίωσιν
1468 1886 1779 1955 ἡμετέραν.

203 1980 337 2032 Οὐδὲ
383 1978 531 2033 κατὰ
568 1978 853 2046 ποιότητος
893 1976 1170 2029 ἐπίτασιν·
1211 1976 1333 2028 ἐπεὶ
1383 1975 1457 2047 μὴ
1503 1976 1785 2048 ποιότητες

205 2048 270 2126 αἱ.
298 2070 439 2125 θεῖαι
470 2072 567 2123 καὶ
588 2070 890 2141 causam:
928 2067 1255 2131 ὑποστάσεις
1281 2084 1294 2097 ⁸
1336 2069 1395 2120 ὲν
1434 2069 1649 2139 σώμασι
1677 2069 1786 2141 γὰρ

201 2168 233 2235 ἡ
266 2166 493 2235 ποιότης
514 2182 528 2194 ·
563 2166 619 2216 αἱ
646 2164 703 2216 δὲ
736 2162 1018 2231 ἀσώματοι
1039 2200 1054 2223 ,
1079 2161 1172 2214 καὶ
1206 2161 1418 2230 νοηταί.
1467 2161 1627 2215 Ἀλλὰ
1654 2161 1786 2233 μηδὲ

202 2258 438 2311 νοεῖσθαι
490 2256 752 2309 δύνασθαι
800 2254 929 2324 περὶ
968 2252 1169 2319 αὐτῶν,
1212 2253 1288 2317 ὡς
1333 2252 1417 2325 εἴη
1470 2254 1566 2308 τοῦ
1619 2254 1785 2307 καλοῦ

202 2349 439 2411 κάλλιον,
475 2349 573 2401 καὶ
604 2346 699 2400 τοῦ
726 2344 1003 2407 καλλίονος
1032 2343 1244 2415 βέλτιον
1291 2345 1690 2417 παραπλησίως
1720 2348 1784 2417 τῇ

203 2444 328 2513 περὶ
353 2441 519 2496 ἄλλου
566 2440 800 2515 λεγούσῃ
847 2439 1059 2493 Παύλου
1111 2441 1299 2510 φωνῇ’
1338 2437 1490 2492 Νυνὶ
1518 2437 1586 2491 δὲ
1619 2435 1788 2507 μένει

202 2533 270 2586 τὰ
296 2534 430 2601 τρία
462 2531 654 2587 ταῦτα
677 2547 692 2562 ⁸
727 2534 951 2596 πίστις,
984 2530 1183 2597 ἐλπὶς,
1223 2528 1422 2599 ἀγάπη
1444 2545 1458 2560 ⁸
1485 2527 1697 2598 μείζων
1722 2528 1789 2581 δὲ

200 2625 427 2676 τούτων
461 2624 502 2690 ἡ
530 2622 733 2692 ἀγάπη
761 2638 777 2652 ·
818 2620 904 2674 διὰ
937 2620 1045 2691 γὰρ
1084 2620 1184 2691 τὴν
1229 2621 1308 2683 είς
1354 2618 1555 2690 ἀρετὴν
1594 2619 1787 2671 ἐπίτα-

204 2733 303 2779 σιν,
342 2715 647 2785 ἀπένειμεν
684 2716 751 2785 τῇ
797 2713 985 2784 ἀγάπῃ
1018 2713 1081 2765 τὸ
1122 2709 1296 2782 μείζω
1321 2753 1333 2766 .
1380 2712 1788 2781 Ἀγαπήσαντες

201 2805 326 2876 γὰρ,
368 2806 541 2876 φησὶ,
571 2806 937 2874 πιστεύομεν
959 2820 971 2833 ·
998 2803 1092 2858 καὶ
1128 2804 1586 2867 πιστεύσαντες,
1617 2802 1781 2856 ἐλπί-

200 2891 369 2963 ζομεν
411 2890 910 2961 συμϐασιλεῦσαι
946 2888 1027 2955 τῷ
1064 2887 1317 2957 Χριστῷ.
1358 2888 1423 2940 Ei
1452 2887 1563 2957 γὰρ
1591 2886 1789 2958 ἀληθὲς

198 2984 275 3045 τὸ,
306 2978 415 3049 Εἷς
440 2982 611 3048 Θεὸς,
648 2981 743 3034 καὶ
775 2981 859 3045 τὸ,
893 2981 1028 3036 Ἵνα
1052 2980 1309 3051 γένησθε
1330 2979 1495 3045 θείας
1517 2976 1786 3031 κοινωνοὶ

202 3075 288 3148 [16
318 3075 373 3147 b]
422 3076 693 3144 φύσεως,
737 3073 833 3126 καὶ
854 3073 1015 3143 -οὐχὶ,
1048 3071 1264 3142 φύσεων
1290 3086 1304 3101 ’
1339 3070 1396 3123 ἓν
1425 3066 1566 3122 εἶναι
1606 3068 1699 3122 καὶ
1728 3067 1789 3125 τὸ

196 3166 315 3219 καθ’
365 3163 524 3228 ἅπαξ
557 3163 723 3217 καλὸν
757 3162 1167 3224 ἀποδέδεικται,
1219 3159 1361 3230 φημὶ
1407 3159 1465 3212 δὲ
1508 3159 1542 3228 ἡ
1574 3155 1784 3227 Θεότης.

198 3259 333 3313 Οὐδὲ
363 3257 516 3311 κατὰ
561 3257 623 3309 τὸ
655 3255 800 3311 ἴσον·
836 3255 1007 3317 διότι,
1052 3253 1241 3322 Μέγας
1274 3252 1370 3305 καὶ
1410 3250 1503 3303 ἐπὶ
1546 3249 1784 3315 πάντων,

198 3352 536 3423 γέγραπται,
569 3348 699 3412 Θεὸς
727 3350 756 3401 ό
786 3347 935 3411 Υἱὸς,
985 3345 1100 3398 ῐσον
1139 3344 1328 3398 ἑαυτὸν
1361 3343 1532 3397 ποιῶν
1562 3340 1640 3412 τῷ
1669 3342 1784 3394 Πα-

198 3449 304 3519 cpi,
338 3448 463 3509 καὶ,
508 3444 755 3515 Ὀμνύων
794 3442 915 3496 καθ’
958 3440 1188 3507 ἑαυτοῦ,
1224 3439 1411 3510 ἐπειδὴ
1445 3438 1520 3510 μὴ
1550 3437 1661 3508 ἔχει
1693 3435 1787 3489 τὸν

201 3540 449 3609 μείζονα.
499 3537 636 3591 Οὐδὲ
681 3535 825 3589 κατὰ
870 3534 971 3606 τὴν
1003 3533 1252 3603 δύναμιν.
1289 3530 1602 3600 Γέγραπται
1637 3526 1744 3597 γάρ
1770 3542 1785 3557 °

198 3633 436 3703 Χριστὸν
464 3628 603 3683 Θεοῦ
631 3628 861 3699 δύναμιν
889 3626 983 3680 καὶ
1007 3625 1144 3678 Θεοῦ
1174 3624 1365 3694 σοφίαν
1389 3640 1401 3653 ·
1436 3621 1553 3685 καὶ,
1586 3619 1790 3673 Πάντα

198 3722 313 3779 ὅσα
344 3723 428 3777 ἂν
469 3720 615 3789 ποιῇ
642 3722 673 3774 ὁ
719 3720 921 3787 Πατὴρ
963 3719 1061 3773 καὶ
1111 3720 1143 3771 ό
1187 3716 1320 3781 Υἱὸς
1356 3715 1570 3783 ὁμοίως
1611 3710 1785 3766 ποιεῖ.

200 3816 332 3869 Οὐδὲ
377 3813 532 3867 κατὰ
559 3813 659 3883 τὴν
707 3811 885 3878 δόξαν,
929 3811 962 3881 ἦ
1006 3828 1057 3862 τι
1108 3807 1345 3878 ἀξίωμα.
1400 3807 1470 3859 El
1514 3804 1623 3875 γὰρ
1654 3802 1789 3873 ᾐδε-

203 3927 338 3973 σαν,
366 3908 565 3978 φησιν,
600 3908 711 3960 οὐκ
745 3904 823 3958 ἂν
853 3904 959 3957 τόν
989 3903 1207 3971 Κύριον
1234 3899 1344 3968 τῆς
1373 3898 1558 3965 δόξης
1576 3897 1792 3951 ἐσταύ-

201 4017 427 4069 ρωσαν.
491 3998 603 4051 Καὶ
655 3995 864 4067 θέλημά
905 3995 1021 4047 ἐστι
1079 3992 1174 4045 τοῦ
1236 3990 1451 4063 Πατρὸς
1504 3987 1648 4042 κατὰ
1696 3988 1790 4041 τὸν

215 4094 496 4161 Ἰωάννην,
544 4090 679 4144 Ἵνα
722 4086 942 4152 πάντες
968 4085 1177 4154 τιμῶσι
1224 4082 1330 4137 τὸν
1382 4081 1542 4149 nor,
1593 4081 1787 4145 καθὼς

205 4182 415 4251 τιμῶσι
460 4180 572 4233 τὸν
610 4177 864 4245 Πατέρα.
899 4175 1051 4229 Κατὰ
1082 4174 1136 4227 τί
1162 4169 1255 4227 οὖν
1283 4172 1469 4226 λοιπὸν
1496 4171 1558 4226 τὸ
1580 4170 1789 4241 μείζω,

209 4361 367 4431 huius
405 4360 595 4432 aperis
653 4370 842 4432 auctor
887 4358 1031 4432 dicat
1077 4352 1610 4432 apeyébq,_aliisque
1651 4368 1787 4432 non:

210 4424 371 4488 nullis
404 4424 717 4500 huiusmodi
749 4424 1546 4500 locutionihuslutatur,_i.ntulit
1571 4439 1692 4478 eum
1721 4424 1786 4500 ad

1888 1888 2202 1944 hominibus
2236 1889 2475 1959 majores
2507 1891 2689 1944 vocari
2723 1889 2821 1952 illi,
2855 1890 2947 1959 qui
2980 1898 3219 1959 tempore
3253 1890 3464 1958 priores

1886 1980 2124 2050 generati
2172 1990 2319 2043 sunt,
2360 1980 2517 2049 juxta
2560 1981 2687 2035 illud
2733 1981 2903 2036 lsaaci
2934 1990 3258 2051 praeceptum
3292 1999 3305 2035 :
3343 1979 3463 2033 Ma-

1880 2072 1971 2140 jor
2005 2072 2116 2143 (66)
2155 2076 2340 2127 serviet
2380 2076 2594 2127 minori.
2628 2073 2813 2143 Neque
2846 2083 2903 2127 ut
2938 2088 3135 2139 causa;
3189 2085 3288 2127 nec
3318 2075 3460 2125 enim

1887 2172 1970 2216 est
2011 2164 2154 2219 illius
2197 2180 2361 2220 causa
2430 2181 2445 2220 :
2499 2152 2620 2221 cum
2672 2167 2842 2220 Filius
2903 2179 3117 2234 quoque
3154 2164 3464 2234 uuigeuitus

1846 2264 1847 2271 ‘
1889 2253 2152 2322 principio
2211 2270 2403 2310 carens
2439 2266 2686 2311 ostensus
2725 2258 2795 2311 sit
2831 2275 2844 2310 :
2895 2256 3132 2325 alioquin
3173 2256 3335 2310 simili
3378 2271 3467 2328 ra;

1890 2344 2033 2398 tione
2060 2345 2194 2413 ipso,
2233 2362 2297 2401 ac
2330 2348 2512 2411 nobis,
2560 2348 2735 2417 major
2769 2355 2916 2403 esset
2960 2346 3151 2414 Pater;
3194 2348 3333 2416 quod
3369 2348 3465 2402 ab-

1888 2435 1959 2489 sit
1997 2445 2055 2488 ttt
2090 2438 2354 2501 dicamus,
2388 2448 2480 2492 aut
2530 2438 2732 2493 dicenti
2764 2452 2924 2492 aures
2951 2438 3286 2507 prmbeamus
3325 2438 3460 2509 (67).

1886 2526 1995 2599 50
2020 2526 2205 2596 Neque
2222 2532 2395 2596 quoad
2414 2532 2727 2597 essentiam,
2745 2539 2799 2586 et
2822 2531 3231 2585 similitudinem
3259 2549 3272 2584 :
3298 2546 3359 2585 es
3397 2547 3464 2586 eo

1889 2623 2032 2673 enim
2066 2629 2150 2674 est
2183 2620 2324 2675 sicut
2354 2621 2678 2690 Unigenitus
2718 2638 2747 2675 a
2794 2620 2980 2687 Patre,
3039 2623 3226 2693 plenus
3276 2626 3465 2692 gratia!

1889 2716 1942 2763 et
1975 2709 2252 2776 veritatis;
2296 2717 2350 2764 et
2402 2712 2542 2767 sicut
2595 2714 2876 2768 character
2923 2716 3304 2787 hypostaseos,
3348 2716 3465 2771 sive

1890 2802 2231 2864 substantiae,
2268 2802 2423 2872 isque
2472 2804 2595 2860 talis
2633 2816 2691 2860 ut
2724 2807 2897 2874 quoad
2928 2809 3108 2862 omnia
3166 2808 3235 2863 sit
3269 2808 3466 2862 chara-

1889 2901 2006 2947 cter
2036 2891 2281 2962 perfecte
2335 2903 2769 2963 repraesentans;
2823 2906 2877 2952 et
2929 2898 3069 2953 sicut
3119 2897 3294 2967 imago
3348 2899 3465 2962 Dei,

1890 2998 2051 3049 quam
2082 2984 2173 3053 qui
2204 2984 2359 3051 vidit,
2389 2985 2526 3041 vidit
2557 2986 2772 3042 Patrem
2826 3005 2840 3042 :
2889 2990 3090 3044 etenim
3125 2992 3180 3044 in
3210 2992 3323 3058 ipso
3354 2991 3467 3063 (68)

1891 3073 2150 3129 inhabitat
2182 3078 2349 3130 omnis
2373 3077 2646 3146 plenitudo
2677 3080 2992 3135 divinitatis.
3035 3080 3114 3137 Ex
3155 3084 3468 3138 testimonio

1895 3176 2077 3221 autem
2118 3164 2410 3237 Scriptura:
2452 3169 2556 3224 hoc
2611 3170 2864 3236 infertur,
2898 3182 2951 3226 et
2979 3189 3045 3227 ex
3102 3173 3208 3229 illis
3238 3176 3415 3229 verbis
3450 3194 3465 3231 :

1898 3256 2187 3314 Faciamus
2221 3259 2333 3332 (69)
2374 3262 2637 3317 hominem
2672 3266 2953 3317 secundant
2988 3265 3291 3335 imaginem.
3322 3279 3368 3320 et
3398 3269 3471 3321 si-

1892 3353 2243 3408 militudinem
2283 3364 2539 3409 nostram.
2600 3352 2786 3423 Neque
2822 3356 3003 3425 quoad
3049 3357 3327 3426 qualitatis
3382 3358 3471 3413 in-

1890 3445 2238 3501 tensionem:
2289 3447 2545 3516 quoniam
2598 3446 2887 3516 qualitates
2937 3462 3044 3502 non
3080 3458 3226 3515 sunt,
3276 3449 3471 3504 divinae

1890 3545 1945 3593 et
2004 3535 2306 3591 ineffabiles
2367 3551 2613 3607 personte
2649 3558 2661 3592 :
2704 3538 2759 3591 in
2813 3539 3132 3607 corporibus
3193 3541 3335 3593 enim
3386 3550 3472 3594 est

1891 3625 2146 3695 qualitas,
2215 3624 2320 3679 illa:
2373 3635 2552 3680 autem
2607 3626 2940 3696 incorporea:
3006 3637 3151 3693 sunt,
3203 3641 3258 3684 et
3308 3630 3470 3694 intel-

1892 3715 2145 3784 ligibiles.
2193 3715 2302 3770 Sed
2342 3731 2411 3771 ne
2456 3715 2588 3771 illud
2646 3717 2866 3786 quidem
2924 3718 2990 3771 de
3044 3719 3179 3787 ipsis
3229 3721 3469 3786 cogitare

1897 3807 2124 3876 potestis
2189 3805 2333 3877 (70),
2412 3821 2533 3863 esse
2592 3806 2646 3862 in
2704 3808 2811 3864 illis
2879 3810 3105 3877 pulchro
3162 3811 3468 3879 pulchrius,

1896 3906 1952 3952 et
2004 3896 2311 3966 pulchriora
2378 3895 2591 3962 melius,
2625 3911 2733 3966 quo
2772 3898 2934 3953 modo
3002 3896 3199 3954 Paulus
3239 3900 3306 3954 de
3362 3900 3467 3954 alia

1904 4003 1966 4043 re
2000 3988 2136 4043 dixit
2171 4005 2186 4042 :
2218 3986 2376 4041 Nunc
2412 3998 2585 4041 autem
2618 3988 2729 4059 (7i)
2768 3997 2978 4043 manent
3005 3992 3107 4045 tria
3150 3990 3279 4055 hwc,
3314 3992 3468 4060 ﬁdes,

1912 4095 2052 4146 spes,
2079 4078 2312 4132 charitas
2358 4096 2377 4133 :
2416 4094 2591 4148 major
2629 4089 2804 4133 autem
2860 4096 2925 4134 ea:
2957 4081 3036 4135 his
3068 4092 3142 4135 est
3197 4083 3470 4148 charitas;

1898 4186 2021 4223 nam
2101 4170 2420 4226 charitalem
2489 4170 2747 4241 majorem
2809 4172 2964 4244 (72)
3034 4173 3205 4239 dixit,
3245 4176 3315 4232 ob
3386 4177 3471 4230 in-

1896 4366 2044 4423 reses
2060 4353 2359 4423 scripsere.
2397 4353 2530 4408 Vide
2564 4369 2730 4423 segm.
2765 4355 2835 4409 58
2859 4371 2910 4410 a.

1965 4422 2076 4493 (766)
2103 4423 2295 4491 Major.
2321 4424 2456 4479 Gen.
2492 4440 2616 4485 xxv,
2638 4422 2733 4478 ’25.
2763 4425 2951 4480 Graeca
2983 4422 3170 4489 editio,
3195 4422 3466 4477 ἐλάσσονι.

2067 4573 2082 4628 )

211 4501 351 4557 Petri
390 4491 688 4558 Loinbardi
722 4511 958 4565 tempora
998 4496 1288 4564 pertinere.
1337 4491 1571 4547 N’est-ce
1598 4511 1691 4561 pas
1713 4494 1786 4558 ιὰ,
1822 4496 1868 4554 D
1898 4491 2154 4616 Didgmus
2187 4496 2386 4557 Attice,
2418 4495 2683 4549 ἐλάττονι.

213 4573 411 4632 inquit.
456 4588 558 4625 une
584 4570 773 4632 phrase
805 4570 869 4622 de
904 4567 1085 4621 Pierre
1117 4564 1413 4626 Lombard,
1447 4580 1515 4617 ou
1548 4565 1611 4616 de
1640 4564 1791 4632 quel—
1968 4568 1985 4632 (
2027 4564 2082 4628 '7)
2122 4562 2289 4618 Aures
2335 4567 2678 4632 prwbeamus.

213 4573 411 4643 inquit,
456 4588 558 4625 une
584 4570 773 4643 phrase
805 4564 869 4643 de
904 4567 1085 4621 Pierre
1117 4564 1611 4643 Lombard,_ou__de
1640 4564 1791 4632 quel—

215 4634 461 4713 qu‘aut're
499 4634 793 4710 theologica
833 4640 897 4692 de
929 4654 1029 4713 son
1054 4635 1271 4713 tempsl
1299 4638 1375 4713 _At
1405 4634 1633 4713 _Cyri_llus
1663 4649 1795 4713 quo-

215 4703 315 4777 que
344 4703 755 4767 Alexandrinus
788 4724 893 4762 non
924 4708 1110 4761 multis
1149 4719 1177 4756 a
1214 4704 1603 4777 Didytniﬂobitu
1636 4703 1793 4756 anuis

217 4774 382 4837 Deum
434 4784 569 4835 dixit
596 4780 875 4852 ἀμεγέθη,
926 4778 978 4831 id
1010 4786 1114 4841 est,
1150 4775 1535 4852 magnitudinis
1570 4774 1797 4852 (nempe

217 4853 576 4924 quantitatis)
628 4843 909 4916 expertem,
965 4856 1098 4901 tom.
1150 4844 1215 4924 Υ,
1246 4858 1397 4924 _pag.
1440 4843 1795 4924 59!.48imili

220 4912 375 4977 modo
420 4912 734 4975 substantia:
777 4931 990 4987 quoque
1037 4913 1354 4969 vocabulum
1388 4914 1540 4981 quasi
1574 4912 1682 4987 Deo
1712 4913 1799 4967 in-

219 4994 441 5062 dignum
469 4992 705 5044 nonnulli
738 4984 924 5062 Patres
947 4988 1273 5062 habuerunt,
1308 4999 1371 5035 ac
1401 4984 1673 5062 essentiam
1694 4998 1799 5062 po-

221 5053 342 5127 litis,
370 5078 541 5131 quam
568 5061 938 5131 substantiam
956 5057 1043 5109 Dei
1075 5057 1359 5131 dicendam
1387 5055 1664 5131 ratisunt;
1686 5053 1800 5131 bla-

220 5122 469 5200 nifeitum
522 5142 596 5183 est
639 5130 857 5198 (inquit
916 5127 1246 5200 Augustinus
1275 5123 1309 5175 Ι.
1359 5122 1590 5200 vmng
1622 5123 1796 5200 Trin,

219 5193 334 5269 ca'p.
361 5204 398 5258 5
427 5204 444 5270 )
506 5193 670 5254 Deum
698 5193 910 5270 abusive
937 5196 1282 5270 substantiam
1310 5198 1507 5270 uocari.
1531 5193 1797 5270 Nimirum

224 5263 659 5327 lli-substantiam
690 5269 1032 5339 spectabant,
1053 5275 1111 5319 ut
1142 5280 1169 5316 a
1199 5263 1573 5339 Peripateticis
1598 5267 1802 5318 descri-

226 5342 388 5404 bitur,
426 5333 802 5396 accidentibns
841 5338 1128 5393 obnoxiam
1166 5348 1228 5386 ac
1251 5333 1416 5387 veluti
1456 5334 1795 5387 substantem.

225 5411 354 5466 Aliis
384 5429 517 5466 vero
550 5411 858 5478 hujusmodi
895 5404 1276 5478 locutiouibus,
1317 5418 1462 5478 quas
1496 5404 1653 5478 hodie
1680 5405 1802 5473 quis

226 5480 498 5536 immerito
533 5473 863 5534 recentiores
897 5476 1196 5544 putaverit,
1227 5483 1280 5527 et
1320 5473 1659 5527 scholasticas
1705 5490 1803 5527 no-

229 5553 536 5614 minaverit,
573 5551 776 5619 passim
807 5565 934 5603 usus
965 5559 1049 5602 est
1078 5555 1207 5619 ante
1236 5544 1539 5619 Didymum,
1579 5554 1643 5619 ut_
1673 5545 1803 5597 reli~

228 5634 360 5685 quos
387 5614 661 5685 omittam,
689 5620 941 5673 Clemens
967 5614 1403 5677 Alexandrinus;
1436 5615 1647 5685 Didymi
1676 5630 1805 5667 vero

229 5684 402 5757 male,
452 5705 547 5746 aut
601 5684 723 5760 pust
768 5691 977 5760 ipsum,
1021 5689 1055 5740 ii
1090 5685 1429 5760 potissimum
1485 5684 1804 5760 Patresqui

233 5754 415 5817 contra
446 5754 763 5817 subtiliores
790 5754 1228 5820 Manicbaorum,
1252 5762 1306 5810 et
1333 5754 1661 5810 Arianorum
1692 5757 1798 5809 ba:-

2027 4564 2082 4628 7)
2122 4562 2289 4618 Aures
2335 4567 2678 4632 prwbeamus.
2727 4563 3141 4618 Consueverunt
3170 4562 3467 4618 Christiani

1895 4644 2132 4704 veteres,
2160 4634 2247 4689 ubi
2280 4636 2506 4704 impium
2545 4635 2746 4702 aliquid
2788 4650 2817 4686 a
2862 4649 3146 4704 quoquam
3177 4634 3468 4704 diceretur,

1899 4718 2061 4774 aures
2088 4702 2371 4774 obturareQ
2391 4704 2571 4773 Itaque
2602 4705 2960 4774 Hieronymus
2987 4706 3057 4774 in_
3071 4702 3470 4774 primoadver-

1896 4790 1987 4826 sus
2023 4772 2313 4839 Rufinum:
2346 4771 2537 4837 Lectis,
2580 4774 2775 4843 inquit,
2806 4771 2989 4840 'nuper
3017 4771 3291 4832 Theophili
3318 4786 3471 4839 papa:

1899 4844 2153 4912 epistolis,
2192 4845 2250 4898 in
2291 4846 2478 4914 quibus
2525 4843 2984 4913 Origenisexponit
3019 4856 3242 4904 errores,
3275 4843 3475 4894 dicitur

1900 4916 2172 4967 obturasse
2212 4931 2364 4968 aures
2410 4930 2555 4967 suas.
2598 4914 2928 4967 Athanasius
2965 4926 3091 4964 vero
3133 4913 3184 4963 itt
3228 4909 3472 4975 Epistola

1900 4989 1969 5035 ad
2002 4983 2269 5038 solitarios
2304 4999 2323 5037 :
2358 4984 2453 5047 Τίς
2484 4985 2723 5044 ἀκούσας
2753 4982 2813 5034 οὐ
2851 4981 3163 5051 δακρύσειε,
3204 4981 3346 5051 τάχα
3377 4982 3474 5033 καὶ

1900 5053 1997 5125 τὴν
2039 5053 2206 5125 ἀκοὴν
2248 5055 2499 5117 κλείσειε,
2542 5056 2629 5108 ἴνα
2670 5053 2805 5125 μηδὲ
2846 5052 3043 5125 ἑτέρου.
3077 5051 3327 5118 λέγοντος
3381 5052 3474 5103 ἁν-

1900 5121 2126 5195 έχηται;
2153 5121 2204 5177 id
2238 5138 2341 5188 est,
2368 5128 2484 5194 quis
2506 5128 2615 5177 ha’c
2645 5121 2861 5176 audiens
2896 5121 2997 5195 nun
3026 5121 3226 5191 lugeat,
3262 5131 3351 5173 aut
3376 5137 3474 5195 auj

1903 5192 2168 5246 res'etiam
2191 5212 2293 5247 non
2317 5192 2521 5247 obturet
2552 5211 2611 5246 ne
2633 5194 2856 5245 alterum
2900 5192 3153 5245 dicentem
3181 5195 3428 5245 sustineat
3452 5192 3477 5241 2’

1903 5263 2103 5317 Morem
2136 5263 2275 5318 hunc
2300 5265 2498 5332 saepius
2531 5264 2751 5332 respicit
2786 5263 3063 5332 Didymus.
3090 5260 3223 5317 Vide
3255 5258 3475 5322 non“,

1902 5349 2024 5401 pag.
2060 5332 2203 5403 6,_et
2245 5350 2411 5403 segm.
2452 5333 2523 5387 55
2554 5351 2606 5399 a,
2637 5344 2742 5387 etc.

1974 5403 2086 5471 (68)
2125 5401 2186 5473 ιη
2222 5401 2353 5473 ipso.
2384 5405 2591 5459 Coloss.
2627 5419 2687 5467 ιι,
2717 5404 2769 5458 9.

1974 5474 2086 5544 (69,
2116 5472 2417 5544 faciamus.
2449 5474 2585 5528 Gen.
2613 5490 2651 5537 ι,
2677 5475 2767 5528 26.

2120 5541 2365 5619 Potestis.
2393 5545 2555 5614 Lego,
2580 5544 2844 5619 ῥύρασθε.
3038 5612 3096 5619 __
3203 5610 3215 5619 _
3241 5610 3251 5619 _

1976 5610 2091 5683 (71⁷)
2138 5610 2295 5667 Nunc
2333 5610 2527 5669 autem.
2580 5614 2599 5667 l
2644 5615 2768 5669 Cor.
2833 5631 2951 5681 xui,
3033 5612 3119 5678 15,
3166 5610 3254 5664 ubi
3292 5621 3478 5674 voces,

1903 5684 1973 5737 τὰ
2000 5683 2322 5755 τρίαίταῦτα
2352 5696 2761 5755 postponuntur.

1978 5745 2088 5825 (7%)
2118 5745 2393 5825 Majoren't.
2415 5745 2634 5812 Videtur
2659 5755 2939 5827 legendum
2967 5754 3017 5809 in
3043 5752 3249 5815 Grasco,
3277 5748 3343 5803 τὸ
3360 5745 3480 5821 μει-
