3774 6302
304 322 413 377 333

1551 318 1787 373 ῡιυγιιι
1828 315 2296 372 ALEXANDRINI

3452 325 3551 382 336

306 442 635 503 teusionem,
668 455 769 509 qua
802 440 852 493 in
886 439 1136 493 virtutem
1175 440 1343 493 tendit
1374 456 1389 492 :
1435 439 1510 492 ait
1533 441 1677 495 enim
1736 440 1867 495 Scri-

2033 442 2081 493 zi.
2116 439 2408 509 ἀνόμοιον;
2451 437 2537 501 Ὠς
2573 437 2808 509 ἐδείχθη,
2847 440 2965 492 κατ’
2994 437 3165 494 οὐδέν.
3217 438 3326 492 Καὶ
3362 441 3492 509 γοῦν
3526 445 3554 497 ὸ

306 540 463 599 plura
499 550 513 582 :
551 528 833 597 Diligentes
869 528 979 600 (75)
1014 530 1293 596 credimus,
1340 538 1387 584 et
1444 532 1709 585 credentes
1768 548 1883 600 spe-

306 640 483 677 ramus
530 636 747 689 regnare
785 637 902 674 cum
960 619 1188 675 Christe.
1226 622 1439 677 Etenim
1490 623 1534 677 si
1571 638 1755 678 verum
1801 635 1883 678 est

307 720 434 772 illud
473 736 487 771 :
524 716 672 771 Unus
720 715 830 787 (74)
864 716 1025 780 Deus,
1056 725 1108 770 et
1152 715 1279 771 illud
1310 731 1326 771 :
1358 715 1427 770 Ut
1450 717 1744 787 e/ﬁciamini
1769 716 1880 786 (75)

306 811 502 863 divina:
559 819 822 863 consortes
884 819 1109 870 natura',
1170 824 1273 862 non
1334 824 1462 863 vero
1536 820 1878 873 naturarum;

307 918 471 954 unum
521 916 737 970 quoque
786 916 905 955 esse
955 899 1029 959 id.
1067 901 1205 970 quod
1246 902 1468 956 omnino
1528 903 1729 957 bonum
1775 914 1879 968 est,

306 996 730 1056 demonstratur,
757 1006 949 1060 nempe
973 992 1250 1046 deitatem.
1280 991 1463 1062 Neque
1493 994 1668 1063 quoad
1698 1009 1879 1061 aequa-

307 1084 549 1150 litatem;
600 1083 724 1151 quia
767 1082 1010 1153 Magnus,
1045 1094 1121 1148 et,
1153 1099 1317 1153 super
1344 1084 1523 1139 omnia
1558 1086 1700 1140 Deus
1748 1086 1883 1140 dici-

308 1186 394 1229 tur
417 1176 583 1231 Filius
610 1176 664 1229 in
699 1174 1001 1245 Scriptura,
1056 1186 1107 1229 et
1157 1175 1439 1244 IEqualem
1481 1177 1592 1246 (76)
1643 1178 1879 1247 seipsum

306 1269 510 1323 faciens
548 1268 718 1333 Patri,
747 1282 821 1332 et,
850 1267 1048 1322 .luraus
1092 1268 1203 1339 (77)
1230 1284 1325 1336 per
1350 1270 1722 1340 semetipsum,
1756 1285 1879 1324 cum

308 1377 411 1415 non
452 1361 650 1415 haheat
684 1363 943 1429 majorem
976 1375 1054 1414 se.
1090 1358 1273 1429 Neque
1324 1361 1500 1429 quoad
1539 1362 1830 1430 potentiam
1861 1380 1876 1417 :

301 1454 563 1522 scriptum
618 1462 701 1507 est
732 1453 873 1506 enim
910 1471 921 1506 :
967 1450 1248 1507 Christum
1292 1450 1405 1523 (78)
1461 1452 1554 1506 Dei
1604 1452 1878 1517 virtutem,

305 1560 398 1599 seu
430 1547 747 1613 potentiam,
778 1555 832 1599 et
872 1544 960 1598 Dei
994 1543 1345 1613 sapientiam;
1379 1554 1435 1599 et
1488 1561 1500 1597 :
1542 1542 1735 1598 Omnia
1768 1544 1879 1613 (79)

296 1652 627 1705 qumunque
658 1634 783 1703 facit
812 1633 991 1699 Pater,
1026 1632 1072 1687 F
1076 1634 1197 1687 ilius
1230 1650 1430 1704 quoque
1458 1633 1701 1687 similiter
1731 1635 1878 1703 facit.

306 1727 489 1795 Neque
522 1726 695 1794 quoad
732 1725 986 1795 gloriam,
1044 1735 1139 1779 aut
1193 1726 1483 1796 quamdam
1541 1724 1877 1796 dignitatem.

1997 530 2335 594 Ἀπόστολος,
2370 530 2468 594 τάς
2496 532 2576 595 είς
2602 532 2694 585 τὸν
2723 531 2985 603 μονογενῆ
3011 532 3138 585 Υίὸν
3167 533 3260 585 καὶ
3284 532 3416 585 Θεὸν
3443 536 3555 588 ἀσε-

1983 624 2095 687 ϐεῖς
2126 623 2420 694 ὑπολήψεις
2467 623 2761 693 αἱρετικῶν
2793 624 3154 691 ἀναστέλλων,
3182 623 3281 695 τὴν
3322 624 3379 678 δὲ
3426 627 3557 698 πρὸς

1981 718 2074 772 τὸν
2102 718 2321 789 Πατέρα
2346 719 2509 771 αὐτοῦ
2538 719 2636 790 τῆς
2667 718 2883 788 φύσεως
2919 718 3242 789 ταύτότητα,
3274 719 3357 772 ἑτι
3384 719 3441 772 δὲ
3469 722 3559 774 καὶ

1981 810 2043 863 τὸ
2076 809 2407 882 συνάναρχον
2437 810 2740 881 κηρύττων,
2771 811 3009 883 γράψας,
3048 812 3124 875 ὡς
3152 810 3413 883 ἀνωτέρω
3442 812 3556 865 ἐλέ-

1984 902 2107 973 χθη,
2139 902 2213 967 ὡς
2269 905 2376 957 Ὧν
2418 903 2784 973 ἀπαύγασμα
2832 902 2940 971 τῆς
2972 904 3151 971 δόξης
3187 903 3280 957 τοῦ
3310 904 3557 975 Πατρὸς,

1983 996 2283 1064 ἐπήγαγεν,
2309 993 2408 1047 καὶ
2440 994 2744 1063 χαρακτὴρ
2771 992 2881 1062 τῆς
2917 993 3311 1059 ὑποστάσεως
3350 995 3557 1050 αὑτοῦ.

1984 1086 2092 1139 Καὶ
2143 1086 2304 1141 πάλιν
2356 1087 2492 1157 πρὸς
2558 1087 2886 1149 Κολοσσαεῖς
2934 1087 3029 1140 καὶ
3076 1086 3213 1158 πρὸς
3274 1086 3558 1157 Ἑϐραίους

1983 1178 2285 1231 ἐπέστειλε·
2336 1178 2444 1245 ’ος
2492 1178 2666 1233 ἐστιν
2691 1178 2869 1233 εἰκὼν
2900 1179 3008 1233 τοῦ
3053 1178 3200 1233 Θεοῦ
3235 1177 3341 1231 τοῦ
3380 1177 3559 1245 ἀορά-

1982 1287 2107 1323 του.
2162 1270 2272 1323 Καὶ
2306 1272 2364 1324 έν
2411 1270 2488 1342 τῷ
2533 1272 2674 1325 κατὰ
2731 1270 2983 1342 Ἰωάννην
3035 1271 3091 1324 δὲ
3142 1271 3497 1341 Εὐαγγελίῳ,
3532 1274 3562 1325 ό

1982 1361 2108 1424 Υἱὸς
2141 1361 2241 1433 τὴν
2275 1363 2466 1416 ἑαυτοῦ
2500 1363 2687 1417 οὐσίαν
2719 1363 2971 1435 πατρικῷ
3004 1362 3317 1435 χαρακτῆρι
3346 1364 3555 1434 ἐσφρα-

1980 1453 2161 1520 γίσθαι
2192 1465 2196 1469 ‘
2226 1454 2537 1525 παριστῶν,
2597 1451 2752 1525 εἶπεν
2814 1455 3033 1509 Τοῦτον
3104 1456 3215 1525 γὰρ
3264 1457 3297 1507 ό
3356 1455 3561 1522 Πατὴρ

1992 1546 2362 1615 ἐσφράγισεν
2406 1548 2439 1599 ό
2489 1548 2652 1613 Θεός·
2692 1545 3159 1617 συνυφεστηκυίας
3200 1546 3257 1599 δὲ
3287 1544 3446 1615 δῆλον
3477 1548 3563 1599 ὃτι

1982 1638 2079 1708 τῆς
2120 1638 2413 1708 σφραγῖδος
2452 1638 2530 1709 τῷ
2578 1637 2891 1709 ἀρχετύπῳ,
2928 1637 3021 1691 καὶ
3060 1636 3315 1690 ίσοτύπου
3355 1636 3557 1708 οὐσης,

1983 1729 2076 1783 καὶ
2100 1731 2158 1782 ὲν
2187 1731 2352 1801 ἑαυτῇ
2382 1730 2437 1783 δὲ
2463 1729 2813 1801 δεικνυούσης
2842 1729 3062 1792 τελείως
3089 1730 3184 1782 καὶ
3213 1727 3427 1801 ἀληθῶς
3460 1729 3560 1798 τὴν

303 1819 393 1870 Ait
420 1818 561 1872 enim
593 1816 873 1886 Scriptura
912 1836 924 1871 :
956 1815 1015 1871 Si
1042 1817 1400 1887 cognovissent
1431 1817 1563 1889 (80).
1596 1817 1867 1873 Dominum

2033 1822 2194 1893 ατρὸς
2234 1822 2329 1876 καὶ
2369 1822 2497 1875 Υἱού
2538 1823 2631 1875 κα)⁵
2664 1821 2977 1893 Πνεύματος
3022 1821 3176 1889 ἁγίου
3217 1820 3425 1892 μονάδα
3458 1821 3560 1891 τῆς

303 1909 484 1979 gloria:
528 1922 633 1962 non
688 1907 1088 1981 cruciﬁxissem.
1146 1908 1213 1962 Et
1261 1907 1508 1963 voluntas
1554 1907 1731 1962 Patris
1768 1917 1872 1967 est.

295 2002 450 2069 juxta
480 1998 765 2065 Joannem,
791 2008 845 2051 ut
872 2015 1046 2052 omnes
1080 1998 1191 2070 (8i)
1236 2000 1485 2054 honorent
1525 1998 1743 2066 Filium,
1771 2001 1875 2055 sic-

299 2102 358 2147 ut
411 2094 672 2147 honorant
734 2091 963 2147 Patrem.
1012 2089 1320 2147 Secundum
1370 2091 1497 2160 quid
1545 2107 1673 2161 ergo
1707 2101 1874 2146 restat

299 2195 359 2240 ut
391 2184 562 2254 major
614 2183 726 2255 (ὃῖ)
761 2184 833 2239 sit
861 2182 1043 2249 Pater,
1093 2194 1149 2239 et
1190 2184 1470 2241 dissimilis
1511 2184 1717 2240 Filius?
1771 2184 1873 2239 Sea

299 2279 532 2333 cundum
565 2277 720 2347 nihil,
761 2286 822 2333 ut
864 2286 1143 2332 ostensum
1203 2287 1309 2331 est.
1364 2276 1650 2345 Apostolus
1691 2275 1874 2343 itaque

298 2368 678 2426 haereticorum
716 2369 909 2440 impias
944 2368 1011 2424 de
1038 2369 1319 2439 unigenito
1352 2368 1489 2423 Filio
1535 2377 1591 2423 et
1618 2366 1725 2421 Deo
1755 2366 1874 2436 cpi-

298 2462 489 2517 niones
533 2460 638 2533 41
678 2459 953 2529 rejiciens,
1002 2468 1057 2515 et
1096 2461 1343 2515 eamdem
1395 2459 1494 2529 ipsi
1549 2474 1671 2514 cum
1715 2458 1873 2513 Patre

296 2562 551 2619 naturam
598 2566 737 2616 esse,
771 2565 1001 2622 eamque
1026 2561 1348 2606 coaeteruam
1396 2550 1716 2621 praedicans,
1746 2565 1872 2605 cum

297 2643 629 2714 scripsisset,
666 2651 725 2697 ut
758 2643 1007 2712 superius
1057 2642 1259 2697 dictum
1302 2651 1387 2697 est
1442 2659 1457 2696 :
1498 2640 1601 2706 Qui
1658 2658 1775 2695 cum
1807 2642 1870 2695 sit

298 2737 412 2810 (85)
445 2736 693 2803 splendor
727 2735 911 2805 gloria:
950 2733 1164 2801 Patris;
1206 2733 1530 2802 subjunxit:
1576 2731 1643 2793 Et
1684 2732 1872 2786 chara-

296 2841 403 2884 cter
432 2830 773 2899 [typostasis,
798 2844 890 2881 seu
921 2828 1253 2892 substantiw,
1287 2827 1422 2896 ejus.
1468 2827 1533 2881 Et
1564 2842 1753 2881 rursus
1803 2826 1869 2880 ad

294 2920 666 2985 Colossenses,
710 2927 765 2973 et
797 2920 863 2972 ad
912 2917 1298 2987 llebrteos(8i)
1335 2918 1595 2988 scripsit:
1641 2917 1745 2983 Qui
1794 2926 1870 2973 est

296 3005 409 3078 (85)
444 3007 617 3076 imago
650 3004 745 3058 Dei
802 3004 1095 3060 invisibilis.
1139 3007 1201 3059 In
1236 3006 1527 3077 Evangelia
1570 3018 1749 3063 autem
1786 3022 1871 3063 se—

294 3100 531 3154 cundum
587 3090 873 3165 Joannem,
933 3099 1102 3155 Filius
1153 3113 1305 3155 suam
1353 3099 1642 3154 essentiam
1694 3097 1869 3155 Patris

296 3190 617 3244 charactere
662 3189 1001 3261 obsignatam
1037 3205 1157 3245 esse
1195 3190 1507 3253 ostendens,
1542 3190 1618 3244 ait
1651 3208 1665 3244 :
1716 3183 1872 3244 Hunc
1898 3172 1941 3232 (ἶ

295 3282 407 3353 (86)
442 3284 581 3336 enim
614 3281 782 3337 Pater
835 3284 1051 3352 signavit
1110 3283 1270 3338 Deus.
1326 3281 1617 3355 Propterea
1645 3282 1875 3347 scilicet,

292 3376 437 3446 quod
480 3375 713 3446 sigillum
782 3391 890 3431 una
949 3390 1071 3431 cum
1122 3377 1417 3446 archetypo
1479 3376 1761 3440 subsistat,
1822 3385 1878 3429 et

292 3467 559 3539 aequalem
594 3483 715 3523 cum
760 3482 826 3523 eo
874 3477 1086 3538 typum,
1126 3481 1221 3522 seu
1268 3466 1498 3521 formam
1559 3467 1778 3530 habeat,
1822 3476 1879 3521 et

290 3560 552 3627 perfecte,
600 3574 665 3614 ac
697 3574 823 3615 vere
856 3562 1116 3616 unitatem
1156 3570 1363 3615 naturae
1415 3559 1612 3625 Patris,
1647 3572 1700 3615 et
1732 3559 1879 3625 Filii,

290 3661 349 3705 et
376 3651 611 3721 Spiritus
641 3652 815 3706 sancti
872 3652 926 3707 in
966 3667 1025 3708 se
1074 3653 1191 3723 ipso
1227 3653 1476 3707 ostendat
1512 3670 1525 3706 :
1564 3668 1688 3707 nam
1730 3652 1879 3723 sigilo

296 3744 433 3809 tum,
489 3745 616 3798 item
665 3756 723 3799 ut
764 3746 1072 3809 character,
1121 3744 1555 3812 similitudinem,
1595 3754 1649 3801 et
1692 3745 1879 3814 genui-

287 3850 421 3890 nam
454 3835 793 3889 nativitatem
834 3835 1101 3903 signiﬁcat
1152 3852 1168 3891 :
1214 3835 1413 3905 alioqui
1442 3851 1511 3891 ne
1552 3834 1716 3891 Pater
1750 3836 1873 3906 qui-

293 3919 417 3974 dem
451 3919 740 3989 ingenitus,
770 3928 937 3989 atque
985 3920 1423 3991 incomparabilis
1459 3921 1716 3976 dicendus
1761 3919 1873 3990 jam

292 4012 426 4079 erit,
461 4013 506 4066 si
537 4012 644 4077 ille,
679 4013 769 4080 qui
813 4021 1050 4077 creatus,
1095 4022 1149 4067 et
1178 4011 1228 4065 ei
1268 4013 1546 4068 dissimilis
1575 4022 1677 4077 est,
1708 4014 1875 4083 ipsius

288 4103 493 4173 imago,
532 4115 586 4158 et
626 4106 911 4160 character
932 4115 1040 4161 est.
1074 4105 1261 4159 Divina
1289 4104 1423 4170 haec,
1466 4113 1522 4160 et
1555 4106 1875 4174 interpreta-

294 4193 462 4247 tionis
490 4208 594 4247 uon
634 4194 926 4263 indigentia
969 4193 1189 4249 oracula
1244 4204 1391 4248 recte
1432 4208 1534 4248 non
1566 4193 1870 4264 intelligen-

1983 1912 2216 1982 φύσεως.
2279 1914 2345 1966 Ἥ
2386 1913 2496 1985 γὰρ
2544 1913 2799 1985 σφραγὶς,
2845 1913 2920 1977 ὡς
2967 1914 3061 1966 xui.
3110 1914 3139 1966 ὁ
3185 1912 3470 1985 χαρακτὴρ
3495 1914 3561 1965 τὸ

1981 2005 2166 2075 ὅμοιον
2199 2006 2293 2059 καὶ
2322 2006 2611 2060 ἀνόθευτον
2641 2006 2932 2076 σημαίνει·
2967 2004 3093 2058 ἐπεὶ
3122 2005 3315 2075 καιρὸς
3375 2002 3466 2075 [17
3500 2003 3559 2077 α]

1980 2098 2153 2150 εἰπεῖν
2184 2096 2279 2149 καὶ
2306 2096 2396 2149 τὸν
2424 2096 2644 2166 Πατέρα
2675 2097 2749 2169 μὴ
2779 2099 3059 2168 ἀγενήτως
3085 2098 3181 2150 καὶ
3212 2096 3563 2169 ἀσυγκρίτως

1979 2187 2143 2260 ἔχειν,
2191 2190 2350 2259 εἴπερ
2383 2188 2769 2254 ὲξεικονίζεται
2806 2190 2901 2243 καὶ¹
2944 2189 3412 2260 χαρακτηρίζεται
3456 2188 3564 2241 ὐπὸ

1980 2278 2208 2351 γενητοῦ
2248 2280 2341 2334 καὶ
2372 2280 2648 2351 ἀνομοίου.
2684 2281 2728 2332 Τ
2733 2279 2767 2334 ἀ
2794 2279 2912 2335 θεῖα
2938 2279 3112 2333 ταῦτα
3136 2281 3228 2333 καὶ
3260 2279 3561 2351 ἑρμηνείας

1979 2370 2238 2424 ἀνεπιδεᾶ
2279 2370 2434 2438 λόγια
2484 2370 2556 2442 μὴ
2604 2372 2850 2435 συνέντες
2893 2370 3099 2441 ὀρθῶς,
3142 2371 3565 2442 διαστρέφοντες

1978 2461 2056 2525 δὲ,
2082 2462 2176 2515 καὶ
2197 2461 2555 2533 ἀνθρωπίνοις
2580 2465 2811 2533 νοήμασι
2843 2464 3139 2533 μαχόμενοι
3158 2464 3269 2525 τοῖς
3294 2461 3389 2514 τοῦ
3423 2461 3562 2515 Θεοῦ

1981 2555 2222 2624 ῥήμασι,
2274 2552 2609 2622 φάσκουσιν
2666 2550 2828 2604 Ἀλλο
2880 2550 3046 2615 Θεὸς,
3092 2549 3186 2601 καὶ
3228 2548 3354 2603 ἀλλο
3396 2548 3563 2603 εἰκὼν

1978 2644 2134 2698 Θεοῦ*
2158 2645 2234 2708 ὡς
2266 2644 2394 2699 ἀλλο
2424 2644 2739 2715 ἄνθρωπος,
2772 2642 2867 2696 καὶ
2897 2642 3025 2697 ἀλλο
3057 2641 3219 2696 εἰκὼν
3249 2639 3560 2710 ἀνθρώπου’

1978 2737 2072 2789 καὶ
2098 2736 2300 2807 τρόπον
2332 2736 2455 2789 τινά
2485 2734 2655 2788 εἰκόνι
2685 2735 2926 2804 ἀκινήτῳ
2962 2733 3053 2786 τὸν
3081 2731 3259 2797 ζῶντα
3286 2732 3381 2785 καὶ
3413 2732 3563 2802 ἐνερ-

1977 2827 2072 2895 γὸν
2119 2828 2251 2889 Θεὸν
2297 2827 2469 2895 Λόγον
2520 2824 2909 2890 ἀπεικάζουσι·
2947 2826 3064 2877 κατ’
3116 2823 3305 2877 οὐσίαν
3355 2821 3411 2875 δὲ
3470 2823 3565 2878 mi.

1978 2919 2115 2973 κατά
2163 2919 2341 2972 πάντα
2378 2916 2541 2971 εἰκών
2574 2918 2722 2971 ἐστιν
2762 2916 3150 2987 ἀπλανεστάτη
3185 2914 3279 2968 καὶ
3324 2915 3563 2984 ἄναρχος

1976 3007 2070 3060 τοῦ
2106 3008 2337 3078 [ἰατρὸς.
2371 3007 2463 3061 καὶ
2492 3007 2553 3060 οὐ
2585 3008 2729 3060 κατά
2774 3005 2988 3078 μορφὴν
3018 3006 3112 3058 καὶ
3155 3004 3378 3076 σχῆμα,
3430 3004 3506 3068 ὼς
3533 3006 3565 3057 ὁ

1978 3097 2443 3171 πλαστουργηθεὶς
2474 3099 2508 3171 ἢ
2542 3096 2923 3167 γεγλυμμένος
2968 3095 3172 3160 ἄπνους
3209 3096 3305 3149 καὶ
3335 3096 3435 3149 οὐκ
3464 3096 3565 3149 αὐ-

1974 3190 2255 3260 τοκίνητος
2288 3188 2543 3260 ἀνδριάς·
2573 3187 2694 3241 οὐδὲ
2723 3185 2866 3240 κατὰ
2895 3182 3034 3247 εἶδος
3064 3185 3160 3239 καὶ
3184 3184 3381 3257 χρῶμα
3409 3184 3487 3248 ὡς
3523 3184 3561 3237 ὑ

1976 3280 2210 3349 τεχνητὴ
2243 3280 2338 3331 καὶ
2371 3278 2584 3349 μιμητὴ
2618 3278 2833 3347 ἄφωνος
2870 3276 3055 3330 εἰκών.
3088 3276 3275 3329 Ταῦτα
3302 3277 3411 3347 γὰρ
3439 3276 3562 3329 οὐδὲ

1976 3368 2119 3423 κατά
2168 3367 2349 3437 φύσιν,
2389 3368 2514 3421 οὐδὲ
2549 3367 2656 3439 μὴν
2689 3368 2769 3430 είς
2798 3366 2897 3420 ὅλα
2939 3366 3010 3419 τά
3064 3365 3201 3419 ἄλλα
3244 3363 3565 3435 ἐκφαίνουσι

1975 3460 2065 3514 τὸν
2096 3459 2475 3530 πρωτότυπον.
2505 3460 2616 3513 Καὶ
2647 3458 2774 3522 Υἱὸς
2801 3458 2901 3528 μὲν
2930 3457 3038 3530 γὰρ
3071 3456 3363 3529 ἀνθρώπου
3393 3454 3564 3509 εἰκὼν

1976 3551 2164 3614 οὐσίας
2199 3550 2293 3604 τοῦ
2346 3550 2540 3604 ἑαυτοῦ
2582 3551 2797 3623 Πατρός
2848 3551 2995 3603 ἐστιν
3022 3566 3037 3581 ο
3092 3548 3229 3602 ἀλλά
3276 3546 3565 3618 συμϐαίνει

1976 3642 2377 3715 παραλλάττειν
2427 3643 2667 3714 ἡλικίαν,
2698 3643 2730 3713 ἢ
2764 3637 2924 3708 εἶδος,
2967 3641 3000 3713 ἢ
3050 3640 3298 3711 γνώμην,
3332 3638 3366 3709 ἢ
3396 3638 3563 3691 δύνα-

1977 3753 2090 3807 μιν,
2118 3734 2151 3806 ἢ
2182 3733 2361 3800 ἀξίαν,
2408 3734 2441 3805 ἢ
2472 3734 2541 3788 τά
2580 3735 2993 3806 συναμφότερα,
3026 3734 3060 3806 ἢ
3111 3731 3208 3786 καί
3253 3749 3305 3786 τι
3348 3730 3560 3802 ἕτερον.

1984 3828 2043 3881 Ὀ
2076 3826 2133 3880 δὲ
2166 3826 2299 3891 Θεὸς
2330 3826 2502 3895 Λόγος
2521 3866 2537 3890 ,
2573 3826 3011 3898 ἀπαραλλάκτως
3044 3824 3137 3879 καὶ
3166 3820 3566 3894 ἀπηκριϐωμέ-

1973 3936 2099 3982 νως,
2133 3920 2212 3981 εἰς
2237 3918 2334 3971 ὅλα
2364 3918 2462 3989 τὴν
2486 3918 2687 3988 ἁπλῆν,
2730 3918 2825 3971 καὶ
2855 3916 3171 3981 ἀσύνθετον,
3206 3914 3300 3968 καὶ
3332 3912 3550 3966 ἀποικι-

1972 4008 2063 4062 λον
2094 4010 2370 4081 πατρικὴν
2417 4009 2648 4080 θεότητα
2697 4008 2939 4078 φυσικῶς
2972 4008 3068 4063 καὶ
3110 4008 3363 4079 ἀνάρχως
3408 4004 3555 4069 ἐξει-

1973 4100 2198 4165 κονίζει.
2238 4101 2373 4154 Οὐδὲ
2396 4101 2504 4173 γάρ
2536 4103 2676 4154 νοεῖν
2704 4101 2846 4167 ἐξὸν,
2876 4100 2951 4165 ὼς
2984 4100 3128 4155 κατά
3150 4117 3205 4153 τι
3235 4098 3369 4153 Θεοῦ
3394 4096 3564 4151 εἰκὼν

1972 4192 2069 4244 καὶ
2102 4193 2253 4263 παρά
2280 4188 2349 4246 τι
2372 4209 2388 4224 ο
2434 4194 2555 4247 οὐδὲ
2591 4194 2699 4266 μὴν
2745 4195 2955 4263 γίνεται
2998 4192 3333 4265 ἀσυγκρίτου
3366 4190 3560 4255 εἰκὼν,

292 4291 378 4339 tes
409 4284 671 4349 hteretici,
719 4285 816 4340 sed
861 4294 917 4340 et
968 4300 1032 4341 ea
1090 4290 1483 4355 pervertentes,
1524 4293 1579 4339 et
1621 4284 1867 4339 humanis

2034 4283 2091 4336 δὲ
2110 4283 2336 4339 δύναται
2363 4284 2453 4340 διὰ
2476 4286 2569 4340 τοῦ
2596 4286 2870 4359 ἀνομοίου,
2895 4286 2929 4357 ἢ
2958 4285 3305 4357 μικροτέρου,
3334 4283 3369 4355 ἢ
3395 4281 3564 4347 ὑπεξ-

294 4376 618 4431 commentis
656 4378 722 4430 ad
762 4376 1126 4447 impugnanda
1178 4376 1271 4431 Dei
1304 4377 1469 4431 verba
1516 4384 1752 4440 utentes,
1790 4375 1867 4431 sic

2038 4376 2154 4429 σίου
2201 4376 2263 4431 τὸ
2310 4377 2537 4449 ἀληθὲς,
2587 4378 2683 4432 καὶ
2724 4379 3055 4451 ἀρχέτυπον,
3102 4377 3199 4432 καὶ
3246 4374 3435 4447 μείζω,
3466 4374 3566 4429 καὶ

286 4468 450 4522 aiunt
479 4485 495 4524 :
531 4468 691 4525 Aliud
717 4480 801 4525 est
840 4469 1005 4537 Deus,
1032 4469 1177 4525 aliud
1210 4469 1384 4541 imago
1414 4468 1536 4534 Dei;
1564 4469 1703 4523 sicut
1727 4468 1869 4523 aliud

1971 4469 2337 4538 αὐτεξούσιον,
2372 4472 2467 4527 καὶ
2495 4470 2826 4543 ἀσύγκριτον
2861 4470 3169 4541 φαίνεσθαι.
3218 4469 3339 4523 Οὐδ’
3372 4463 3440 4521 αὐ
3469 4467 3560 4521 διὰ

290 4648 512 4713 ζωνμιῐ
560 4660 748 4701 vocem
772 4645 940 4714 ipsam
969 4644 1171 4700 indicet
1198 4643 1484 4715 Didymus,
1517 4626 1877 4715 quamhahet
1911 4655 1953 4711 υ
2008 4714 2013 4715 ί
2053 4644 2166 4715 (80)
2207 4647 2269 4701 Si
2300 4647 2681 4715 cognovissent.
2738 4645 2754 4698 Ι
2803 4643 2929 4699 Cor.
2972 4657 3035 4709 ιι,
3096 4644 3151 4701 8.
3200 4644 3385 4699 ﬁrma
3445 4649 3559 4699 edi-

292 4720 510 4772 Paulus.
552 4715 703 4771 Malit
742 4713 970 4771 fortasse
1019 4716 1140 4783 quis
1195 4713 1371 4785 legere
1409 4713 1471 4767 τὸ
1509 4713 1713 4785 μεῖζον.
1763 4715 1876 4770 Νοο

290 4790 523 4844 deerunt
566 4788 796 4843 forsitan
844 4782 1049 4855 quibus
1086 4800 1156 4839 ne
1205 4782 1364 4838 lectio
1409 4782 1625 4853 quidem
1672 4787 1876 4841 codicis

292 4858 573 4928 displiceat
623 4876 638 4913 :
690 4871 836 4928 cum,
866 4854 925 4928 et
955 4854 1120 4928 paulo
1154 4864 1276 4928 post
1306 4870 1368 4928 ea
1403 4865 1690 4919 occurrat,
1741 4865 1796 4928 et
1842 4872 1873 4909 a

290 4923 570 4984 Clemente
598 4923 971 4983 Alexandrino,
1006 4927 1060 4979 in
1098 4925 1258 4979 tertio
1296 4923 1619 4979 Stromatum
1652 4927 1871 4993 quidam

292 4997 531 5069 Matthazi
565 4999 740 5069 locus‘
766 4996 839 5050 ita
859 4996 1083 5069 citetur:
1114 5012 1129 5048 :
1176 4994 1301 5047 Ἐἀν
1350 4993 1437 5069 μὴ.
1464 4995 1803 5069 περισσεύσῃ
1836 4998 1870 5064 ἡ

289 5066 605 5139 δικαιοσύνη
630 5066 784 5138 ὑμῶν
817 5064 1123 5139 πλείωτῶν
1145 5064 1550 5139 γραμματέωνέ
1575 5067 1661 5120 ubi
1693 5064 1869 5139 tanien

290 5136 477 5193 Grazca
513 5134 806 5191 Bibliorum
841 5134 1007 5190 editio
1044 5150 1159 5204 pro,
1184 5134 1404 5197 misit».
1446 5138 1629 5199 habet,
1664 5136 1867 5190 πλεῖον.

290 5206 425 5262 Vide
450 5217 563 5261 not.
592 5207 682 5270 82,
712 5205 818 5271 hic,
847 5216 901 5259 et
931 5220 1101 5273 segni.
1140 5204 1204 5258 l7
1242 5222 1297 5269 ιι,
1328 5206 1397 5259 85
1425 5223 1479 5267 a,
1515 5206 1606 5259 Ml
1643 5206 1695 5259 b.

363 5277 809 5347 (75)7Ditigemes.
845 5274 1047 5347 Locum
1077 5275 1221 5347 hunc
1253 5276 1306 5330 in
1338 5276 1617 5347 scriptura
1647 5291 1751 5332 non
1783 5275 1867 5329 iu-

289 5341 433 5403 veni.
459 5341 732 5417 Respicit,
765 5354 823 5398 ut
849 5346 1060 5415 opinor,
1082 5341 1114 5417 _l
1141 5345 1284 5400 Petr.
1320 5360 1358 5411 ι,
1387 5345 1441 5401 8.

361 5418 474 5484 (74)
513 5415 679 5484 (Inus.
718 5418 912 5484 Ephes.
948 5429 1024 5484 ιν,
1066 5415 1118 5469 6.

361 5418 474 5559 (74)
500 5418 679 5543 gnua.
718 5418 912 5497 liphes,
948 5429 1024 5477 ιν,
1066 5418 1118 5469 6.

356 5488 450 5559 (75
546 5487 920 5559 te‘ﬁctamtn}.
952 5483 993 5537 ll
1030 5484 1205 5559 Petr_._
1234 5503 1270 5551 I,
1302 5486 1358 5541 4.

384 5554 473 5627 76)
513 5554 817 5627 Equalem:
848 5554 1021 5627 ‘Joan.
1056 5555 1229 5627 v.77i8.
1324 5605 1327 5609 ,

386 5624 476 5700 77)
508 5624 731 5700 .(urans.
763 5624 930 5700 Hebr.
967 5640 1040 5687 τι,
1071 5625 1158 5700 ιξ.

359 5694 472 5768 (78)
501 5698 789 5768 Christum.
824 5694 845 5748 l
876 5697 999 5750 Cor.
1035 5711 1095 5768 ι,⁸
1115 5695 1201 5753 ει.

360 5765 471 5838 (79)
513 5768 728 5823 Omnia.
764 5765 920 5825 Joan.
949 5780 1003 5835 ν,
1036 5765 1125 5821 19.

1982 4714 2091 4785 tio,
2107 4716 2375 4783 ἔγνωσαν,
2408 4732 2506 4785 pro
2524 4715 2749 4785 ᾔδεσαν.

2048 4784 2164 4853 (81)
2193 4785 2256 4839 Ut
2290 4783 2488 4839 omnes.
2517 4783 2672 4840 Jban.
2706 4800 2758 4849 v,
2783 4783 2878 4837 25.

2045 4854 2162 4925 (82)
2193 4855 2395 4925 Major.
2423 4855 2479 4909 lu
2507 4856 2714 4920 codice,
2753 4854 2815 4906 τὸ
2878 4853 3071 4925 μείζω.
3126 4854 3255 4909 Vide
3310 4864 3423 4908 not.
3472 4853 3561 4909 79..

1975 4938 2160 4980 ευιππ.

2191 4994 2295 5060 Qui
2336 5011 2455 5047 cum
2500 4995 2588 5048 sit.
2634 4992 2798 5049 Hebr.
2817 4994 2953 5065 At,7'5.
2985 4992 3258 5065 Pro,_tb;,
3291 4993 3434 5063 lego,
3479 4992 3559 5056 ὃς,

1975 5062 2275 5134 praesertim
2316 5080 2441 5118 cum
2476 5065 2546 5119 ita
2575 5063 2855 5134 scripserit
2880 5064 3094 5118 Paulus.
3129 5062 3185 5117 lu
3217 5062 3367 5134 l_i_hro’
3394 5066 3558 5116 etiam

1976 5132 2053 5188 De
2081 5134 2285 5201 Spiritu
2309 5146 2512 5197 sancto,
2547 5132 2701 5188 num.
2725 5135 2780 5196 5,
2810 5133 3105 5199 Epistolam
3135 5135 3201 5190 ad
3226 5132 3482 5188 Hebraeos
3507 5143 3563 5185 ut

1976 5220 2007 5257 a
2052 5203 2515 5275 Pattloiscriptant
2539 5206 2783 5275 agnoscit
2820 5202 3099 5275 Didymus.

2050 5272 2163 5345 (84)
2186 5272 2373 5345 Erat!
2418 5272 2689 5345 Hebraeos.
2722 5272 2967 5341 Conjici'o
2997 5272 3277 5345 legendum
3312 5272 3560 5345 esse,ch

1977 5345 2073 5398 xui.
2102 5343 2240 5414 πρὸς
2274 5344 2579 5414 Ἐϐραίους,
2607 5345 2658 5397 id
2680 5354 2782 5408 est,
2808 5345 2943 5397 sicut
2966 5353 3013 5397 et
3038 5345 3106 5396 ad
3134 5343 3559 5414 HearwossNam

1976 5412 2299 5467 verha‘illa:
2332 5412 2437 5478 Qui
2464 5424 2539 5467 est
2567 5417 2763 5482 imago,
2795 5424 2849 5468 et
2876 5422 3093 5479 caetera,
3129 5415 3180 5467 in
3228 5412 3459 5480 Epistola
3491 5419 3557 5466 ad

1978 5482 2232 5538 Hebraeos
2260 5498 2365 5537 non
2389 5495 2626 5548 exsmnt,
2653 5485 2754 5544 etsi
2792 5484 3041 5539 eumdem
3072 5498 3288 5539 sensum
3320 5484 3557 5537 habeant

1977 5569 2041 5626 ac
2070 5553 2159 5607 illa
2189 5570 2203 5608 :
2234 5553 2518 5626 Chagzcter
2541 5555 2671 5626 (seu
2691 5554 2898 5626 Δ[(ιειιιιι)
2924 5554 3233 5610 substantia:
3256 5554 3395 5626 ejus,
3438 5566 3559 5624 qua:

1974 5622 2225 5693 leguntur
2262 5625 2315 5677 in
2359 5622 2597 5692 Epistola
2636 5623 2705 5677 ad
2751 5622 3029 5693 Hebraos.

2045 5692 2157 5762 (85)
2191 5692 2292 5757 Qui
2317 5703 2415 5748 est.
2444 5694 2648 5749 Coloss.
2682 5708 2720 5756 ι,
2753 5692 2837 5747 15.

2044 5763 2158 5835 (86)
2191 5762 2366 5818 Hunc.
2395 5762 2552 5819 Jnau.
2582 5778 2655 5831 γι,
2698 5762 2787 5819 27.
