3774 6316
201 314 323 369 357

1327 314 1414 368 DE
1451 312 1822 369 TlilNlTATE
1859 312 2055 367 LIBER
2095 312 2377 368 PRIMUS.

3361 310 3468 364 538

201 427 305 479 τοῦ
335 426 642 497 κτίσματος
668 427 700 497 ἡ
732 428 936 499 φυσικὴ
969 428 1151 499 μορφὴ
1193 427 1286 483 τοῦ
1318 430 1599 493 κτίσαντος
1632 447 1794 483 κατα-

1905 439 1984 484 est
2015 429 2195 492 homo,
2229 428 2370 481 aliud
2402 427 2577 491 imago
2624 423 2899 479 hominis:
2941 436 3005 475 ac
3050 422 3251 485 vivum,
3305 431 3467 490 atque

205 516 494 571 νοεῖσθαι.
518 517 646 570 οὐδὲ
680 516 773 589 [17
802 516 853 590 b]
914 518 1023 589 γὰρ
1050 518 1169 571 οὐδὲ
1196 518 1327 587 άλλη
1364 519 1523 588 φύσις
1556 520 1653 590 τὴν
1682 518 1799 571 ἐτέ-

205 622 312 676 ραν
344 608 414 660 ἐν
450 609 610 678 ἑαυτῇ
643 608 1037 662 ἐπιδείκνυσιν·
1071 609 1207 663 ἀλλὰ
1233 610 1328 662 καὶ
1368 611 1395 663 6
1429 610 1619 680 Πατὴρ
1656 609 1801 680 εὑρί-

202 715 414 751 σκεται
466 699 827 761 ἀνυπόστατος
877 699 1203 771 γεγενῆσθαι
1251 701 1339 753 ὅτε
1389 700 1655 773 αἱρετικοὶ
1707 700 1798 754 τὸν

199 791 547 861 χαρακτῆρα
571 791 632 844 ού
662 790 901 845 διδόασιν
933 790 1075 862 ἔχειν
1101 792 1263 846 αὑτὸν
1294 792 1393 863 τῆς
1426 794 1795 857 ὑποστάσεως.

214 876 365 929 Ἀλλ’
402 880 526 932 οὐδὲ
549 882 579 933 6
606 879 840 951 ἀόρατος
858 922 872 947 ,
902 882 998 933 καὶ
1022 880 1334 946 ἀσύνθετος,
1364 884 1457 936 καὶ
1487 885 1796 956 ἀσχημάτι-

202 985 334 1031 στος
365 969 509 1034 Θεὸς
532 971 717 1025 εἰκόνα
746 971 860 1043 ἔχει
888 974 1007 1027 οἵαν
1040 974 1237 1027 ἐκεῖνοι
1264 975 1589 1045 ἐμφαίνουσι
1623 994 1797 1047 μιμη-

200 1061 396 1131 τικήν.
446 1062 720 1133 Παραλύει
773 1063 831 1116 δὲ
870 1063 940 1116 τὰ
991 1064 1216 1117 ἐκείνων
1256 1064 1442 1133 σαφῶς
1472 1065 1566 1118 καὶ⁸
1618 1066 1652 1136 η
1696 1066 1799 1117 ὲπ-

199 1149 435 1218 αγωγὴ,
465 1151 659 1221 ἔχουσα
678 1168 691 1182 ’
725 1154 849 1220 Οὐχ
887 1152 1203 1222 ἁρπαγμὸν
1234 1154 1503 1223 ᾐτήσατο
1549 1154 1617 1207 τὸ
1647 1155 1799 1208 εἶναι

201 1242 313 1293 ἶσα
358 1241 509 1307 Θεῷ.
548 1244 683 1314 Περὶ
730 1244 787 1296 δὲ
832 1244 1067 1314 φυσικῆς
1115 1245 1321 1308 εἰκόνος
1366 1246 1656 1316 ὑφηγεῖται
1704 1245 1797 1298 καὶ

199 1335 463 1403 Μωῦσῆς
480 1335 734 1388 οὑτωσεί-
777 1335 1140 1405 Ἐγέννησεν
1175 1336 1357 1405 Ἀδὰμ
1376 1336 1482 1390 τὸν
1506 1336 1629 1404 Σὴθ
1649 1336 1797 1391 κατὰ

202 1426 321 1491 τὴν
342 1425 556 1479 ειδέαν
578 1426 787 1481 αὐτοῦ.
822 1429 934 1481 Οὐκ
961 1423 1028 1498 ἦν
1052 1429 1107 1482 δὲ
1131 1428 1464 1500 ὲτεροούσιος
1488 1429 1797 1497 ἀναγκαίως

196 1517 226 1568 6
262 1516 380 1587 Σὴθ
432 1517 512 1587 τῷ
566 1518 738 1588 Ἀδάμ
760 1534 776 1549 ·
824 1518 919 1572 καὶ
945 1518 1095 1589 ὅμως
1128 1520 1314 1573 εἰκόνα
1354 1521 1452 1590 τὴν
1485 1521 1659 1574 εἰδέαν
1703 1522 1797 1574 καὶ

198 1609 477 1677 ὁμοίωσιν
516 1610 619 1678 τῆς
660 1610 847 1673 ούσίας
880 1611 1156 1665 ἐκάλεσεν.
1198 1611 1359 1665 Ἀλλὰ
1408 1613 1502 1665 καὶ
1534 1614 1662 1686 περὶ
1704 1613 1792 1666 ἀν-

199 1697 458 1767 θρώπου,
487 1701 653 1767 φησι,
692 1699 1022 1770 γέγραπται,
1059 1701 1141 1754 ὅτι
1180 1700 1327 1754 ἔστιν
1360 1699 1521 1755 εἰκὼν
1550 1701 1642 1754 καὶ
1668 1702 1795 1768 δόξα

196 1786 363 1840 Θευῦ.
436 1788 576 1840 Ἀλλ’
625 1787 885 1858 οὐδαμοῦ,
942 1782 987 1842 ὦ
1038 1780 1203 1854 οὗτοι,
1254 1789 1538 1860 ἄνθρωπος
1580 1790 1612 1862 ἢ
1668 1789 1794 1845 ἀλλο

198 1878 429 1948 ποίημα
474 1878 787 1951 γέγραπται
814 1874 952 1932 εἰναι
979 1866 1319 1951 ἀπαύγασμα
1362 1881 1459 1951 τῆς
1498 1880 1655 1952 δόξης
1698 1881 1794 1934 τοῦ

196 1970 338 2022 θεοῦ
373 1971 478 2024 καὶ
512 1970 800 2042 χαρακτὴρ
842 1971 941 2042 τῆς
974 1971 1341 2035 ὑποστάσεως
1378 1972 1506 2026 ἄλλο
1550 1972 1608 2025 δέ
1647 1974 1795 2027 ἐστιν

197 2062 505 2133 ἄνθρωπον
530 2062 715 2116 εἰκόνα
751 2058 889 2117 εἶναι
917 2062 1074 2127 Θεοῦ,
1118 2063 1259 2117 τοῦτ’
1294 2063 1410 2117 ἐστι
1452 2065 1514 2117 τὸ
1540 2066 1794 2135 τεχνηθὲν

195 2151 294 2203 τοῦ
331 2152 781 2222 τεχνησαμένου,
809 2152 885 2216 ὡς
911 2151 1096 2223 δίφρος
1123 2150 1219 2206 τοῦ
1246 2155 1513 2218 τέκτονος.
1548 2156 1796 2227 Σολομὼν

200 2244 311 2314 γὰρ
350 2242 553 2312 λέγει’
599 2244 937 2313 Ἀναλόγως
982 2243 1102 2297 τῶν
1153 2245 1495 2315 κτισμάτων
1541 2250 1574 2302 d
1618 2251 1798 2301 Γενε-

198 2334 505 2403 σιουρτὸς
537 2332 834 2402 θεωρεῖται
854 2352 866 2365 ο
898 2335 993 2388 καὶ
1024 2334 1151 2388 ἄλλο
1191 2336 1361 2402 ἐστὶν,
1394 2336 1534 2390 κατά
1569 2337 1629 2389 τὸ
1660 2337 1797 2409 σύμ-

206 2441 446 2494 μορφον,
480 2426 573 2479 καὶ
597 2425 933 2487 ταυτούσιον,
961 2428 1053 2479 καὶ
1075 2428 1430 2498 σννάναρχον,
1453 2428 1795 2500 ἀπαύγασμα

201 2508 347 2565 εἶναι
377 2512 567 2581 δόξης,
601 2516 695 2567 καὶ
720 2514 1043 2585 χαρακτῆρα
1069 2516 1416 2581 ὑποστάσεως
1439 2518 1797 2573 ὲνυπόστατον

205 2602 302 2653 καὶ
348 2602 780 2671 ἀψευδέστατον.
813 2605 951 2674 Φησὶ
1001 2605 1113 2676 γάρ
1138 2622 1151 2637 ·
1214 2606 1276 2659 '0
1329 2606 1589 2675 ἑωρακὼς
1647 2608 1752 2677 ἐμὲ
1777 2650 1793 2676 ,

203 2693 438 2760 ἑώρακε
478 2693 585 2747 τὸν
612 2695 844 2763 Πατέρα
862 2712 876 2725 ο
921 2697 949 2749 6
989 2696 1048 2749 δὲ
1082 2696 1342 2767 ἑωρακὼς
1368 2698 1674 2770 ἄνθρωπον,
1701 2701 1797 2772 οὐχ

207 2783 425 2855 ἑώρακε
477 2785 569 2837 τὸν
599 2786 731 2837 Θεόν
756 2802 769 2815 ·
796 2785 872 2849 ὡς
921 2787 950 2839 6
984 2786 1317 2858 θεασάμενος
1346 2790 1436 2843 τὸν
1461 2789 1668 2862 δίφρον,
1700 2793 1796 2862 οὐχ

207 2874 426 2945 ἑώρακε
446 2876 538 2929 τὸν
556 2877 798 2929 τέκτονα.
820 2877 978 2930 Ἀλλά
1002 2880 1092 2931 καὶ
1115 2880 1327 2950 ἀνάγκη
1351 2879 1443 2933 τοῦ
1463 2881 1622 2951 μόνου
1639 2883 1801 2952 ἀορά-

203 2982 296 3017 του
316 2966 463 3019 Θεοῦ
488 2967 661 3037 μόνην
691 2967 921 3039 ἀόρατον
944 2965 1083 3023 εἰναι
1116 2971 1331 3041 ἐκείνην
1360 2972 1457 3041 τὴν
1487 2973 1666 3025 εἰκόνα
1701 2974 1797 3027 καὶ

208 3055 267 3106 ού
298 3056 392 3109 τὸν
427 3057 555 3108 κατ’
582 3056 769 3109 εἰκόνα
805 3057 997 3127 ὁρατὸν
1026 3058 1330 3127 ἄνθρωπον.
1362 3056 1500 3111 υῦτε
1524 3055 1616 3113 οὖν
1652 3060 1797 3131 ἄλλῳ

208 3145 397 3214 ὅμοιός
421 3148 574 3199 ἐστιν
603 3148 633 3199 ό
668 3147 823 3211 Υἱὸς’
856 3147 1058 3229 γράφει
1090 3150 1217 3220 γάρ·
1254 3150 1350 3216 Τίς
1376 3142 1797 3219 ὁμοιωθήσεται
1825 3135 1866 3193 C

209 3236 289 3301 τῷ
316 3238 522 3306 Κυρίῳ
548 3238 619 3290 ἐν
654 3238 805 3304 υἱοῖς
841 3238 1025 3304 Θεοῦ;
1064 3238 1200 3293 Οὔτε
1246 3239 1323 3311 τῷ
1357 3239 1376 3312 [
1400 3240 1465 3295 18
1492 3259 1523 3295 a
1550 3240 1571 3314 ]
1603 3241 1795 3295 ἑαυτοῦ

210 3329 385 3400 Πατρὶ
420 3330 709 3399 ἀνὸμοιος’
759 3328 908 3399 Ἐγὼ
954 3329 1085 3400 γὰρ,
1131 3332 1285 3403 φησὶ,
1318 3332 1416 3384 καὶ
1445 3335 1477 3385 ό
1502 3333 1705 3400 Πατὴρ
1730 3333 1800 3386 ἓν

211 3419 424 3487 ἐσμεν.
464 3420 529 3472 Οἱ
558 3419 615 3471 δὲ
649 3420 876 3491 κτιστῆς
899 3421 1107 3485 εἰκόνος
1134 3422 1341 3477 ἔννοιαν
1362 3423 1454 3476 ἐπὶ
1482 3424 1644 3478 αὐτοῦ
1668 3425 1800 3496 λαμ-

213 3508 498 3574 εάνοντες,
547 3508 918 3580 ὲξομοιοῦνται
948 3511 1026 3582 τῷ
1058 3512 1542 3587 Ναϐουχοδονόσωρ
1572 3517 1798 3587 ποιητὴν

214 3601 419 3671 ἄψυχον
470 3602 661 3656 εἰκόνα
707 3604 1130 3675 προσκυνεῖσθαι
1174 3604 1506 3658 τυπώσαντι.
1554 3608 1664 3660 Καὶ
1707 3608 1798 3660 τὸν

226 3693 396 3764 Ἀδὰμ
432 3694 492 3746 δὲ
541 3694 629 3747 διά
669 3694 767 3766 τὴν
815 3696 1099 3767 παρακοὴν
1146 3697 1210 3750 ὲκ
1260 3697 1355 3751 τοῦ
1399 3700 1726 3769 παραδείσου
1770 3700 1798 3752 6

214 3785 342 3848 Θεὸς
376 3785 612 3849 δικαίως
637 3785 831 3858 ἔρριψε
854 3803 869 3818 ·
921 3788 1015 3841 τὸν
1049 3788 1106 3841 δὲ
1142 3788 1367 3860 λῃστὴν,
1401 3792 1494 3843 καὶ
1522 3792 1620 3844 σὺν
1652 3790 1798 3862 αὐτῷ

215 3875 301 3927 τὸν
340 3877 525 3948 Ἀδὰμ
547 3878 645 3931 καὶ
661 3878 722 3931 τὸ
752 3880 931 3933 κοινὸν
955 3881 1111 3951 ἡμῶν
1131 3882 1251 3935 ὅλον
1278 3884 1431 3951 γένος
1467 3885 1496 3936 6
1528 3884 1657 3949 Υἱὸς
1689 3887 1800 3938 εἰσ-

217 3966 427 4035 ήγαγεν
449 3968 527 4030 ὡς
554 3968 675 4028 τσος
699 3968 919 4033 πάντως
945 3973 1011 4041 τῇ
1041 3968 1252 4041 θεότητι
1268 3973 1360 4025 καὶ
1385 3973 1676 4044 ἀγαθότητι
1705 3975 1798 4028 καὶ

216 4057 513 4131 δεσποτεία
544 4058 623 4129 τῷ
658 4059 876 4131 (item:
908 4062 1210 4133 τυγχάνων.
1256 4062 1367 4116 Ποῦ
1394 4064 1448 4117 δὲ
1473 4064 1686 4137 ἐγράφη
1718 4067 1799 4120 ὅτι

217 4151 553 4223 ἀςύγχριτος
597 4154 626 4206 ὁ
666 4152 857 4223 Πατὴρ
900 4154 1036 4224 πρὸς
1064 4154 1155 4207 τὸν
1194 4155 1388 4209 ἑαυτοῦ
1418 4158 1731 4230 Μονογενῆ;
1763 4160 1795 4230 ἢ

216 4244 290 4295 ὅτι
322 4247 350 4298 6
406 4244 537 4306 Υἱὸς
577 4244 743 4297 αὐτοῦ
777 4244 872 4296 καὶ
913 4244 1023 4298 τῶν
1069 4245 1287 4300 πάντων
1316 4248 1658 4321 Δημιουργὸς
1704 4251 1797 4304 καὶ

218 4337 434 4406 κριτὴς,
462 4336 607 4389 κατὰ
634 4335 731 4406 τὴν
755 4336 943 4407 θεῖκὴν
964 4336 1127 4390 αὑτοῦ
1152 4339 1247 4392 καὶ
1268 4340 1411 4392 ὅλων
1445 4342 1537 4411 ὲξη
1551 4359 1614 4413 ρη
1625 4341 1793 4413 μένην

219 4427 445 4497 ἄπειρον
482 4427 647 4495 φύσιν
681 4428 887 4499 κτίσμα
925 4428 1106 4493 ὲστίν;
1141 4430 1173 4500 ἢ
1215 4429 1373 4494 ὅλως,
1407 4431 1489 4483 ὅτι
1526 4431 1657 4485 ποτὲ
1695 4434 1795 4486 οὐκ

215 4508 309 4584 iv;
349 4517 387 4587 ἢ
423 4515 529 4569 ποῦ
568 4516 750 4581 ἰδικῶς
788 4517 890 4588 ἔφη
922 4520 951 4571 6
977 4518 1185 4590 Πατὴρ,
1225 4519 1454 4574 Ἔκτισά
1493 4539 1581 4592 μοι
1625 4523 1752 4576 Υἱόν
1777 4541 1790 4555 ·

220 4610 296 4680 ἢὸ
334 4612 495 4677 Υἱὸς,
521 4612 810 4683 Ἔκτίσθην
841 4613 945 4668 ὑπὸ
976 4602 1087 4667 τοῦ
1111 4616 1351 4686 Πατρὸς;
1386 4618 1523 4685 ὅπερ
1554 4616 1792 4682 ἀκούειν,

223 4710 415 4778 μήτιγε
458 4709 556 4761 καὶ
588 4708 799 4778 λέγειν,
845 4710 1075 4781 φρικτὸν
1121 4711 1217 4762 κα)⁸
1250 4710 1500 4778 φευκτόν.
1547 4710 1797 4783 Ούδαμοῦ

222 4801 313 4867 μὲν
363 4797 461 4854 οὖν
507 4801 793 4865 παντελῶς
830 4801 980 4866 θείας
1025 4802 1119 4856 καὶ
1152 4804 1535 4875 πνευματικῆς
1574 4804 1798 4874 Γραφῆς

222 4891 448 4965 εὓρηται
483 4892 681 4951 ταῦτα.
733 4895 1056 4948 Τούναντίον
1088 4896 1144 4948 δὲ
1181 4896 1565 4967 συγκρίνοντος
1605 4895 1797 4948 ἑαυτὸν

221 4987 351 5054 πρὸς
400 4987 495 5038 τὸν
534 4986 755 5054 Πατέρα
803 4987 916 5040 ἐστὶ
985 4986 1163 5040 πάντα
1204 4987 1299 5039 τοῦ
1334 4986 1675 5052 Μονογενοῦς
1727 4986 1797 5038 τὰ

222 5077 344 5148 περὶ
374 5076 476 5146 τῆς
506 5075 760 5146 θεότητος
780 5076 945 5130 αὑτοῦ
975 5078 1193 5149 ῥήματα
1214 5094 1226 5107 ·
1262 5078 1358 5131 καὶ
1391 5077 1637 5139 ὲνοῦντος
1666 5078 1799 5129 ἐαυ-

282 5252 401 5317 (87)
434 5250 558 5306 Non
582 5253 843 5319 rapinam.
872 5253 1101 5321 Philipp.
1135 5271 1195 5317 tt,
1224 5256 1278 5309 6.

281 5323 396 5393 (83)
430 5324 624 5395 Adam.
654 5323 803 5395 iGen.
839 5339 890 5387 γ,
926 5325 980 5379 5.
1041 5324 1225 5379 Grmca
1266 5325 1432 5379 editio
1462 5341 1579 5395 pro,
1621 5324 1797 5378 εἰδέαν

226 5391 398 5465 habet,
433 5393 600 5446 ἰδέαν.
640 5394 872 5447 Sensum
897 5408 1071 5447 tatneu
1120 5397 1299 5464 potius
1332 5391 1493 5465 quam
1524 5397 1683 5449 verba
1718 5397 1797 5448 ei-

226 5470 291 5515 tat
328 5464 632 5533 Didymus:
671 5479 811 5533 mne,
838 5481 957 5517 cum
996 5466 1198 5521 clarius
1238 5464 1461 5520 reddant
1488 5467 1629 5532 quod
1682 5467 1795 5531 ipse

228 5534 511 5611 subjuugit,
540 5535 637 5611 hic
666 5532 841 5611 aﬂero
859 5553 872 5611 ι
904 5535 1112 5611 ςἘζησε
1139 5535 1196 5589 δὲ
1229 5536 1401 5611 ἶΑδάμ
1420 5536 1796 5611 διακόσιακαί

233 5603 501 5672 ιριάκοντα
538 5603 638 5673 ἔτη
656 5644 680 5687 ,.
704 5604 797 5687 καὶ
826 5606 1081 5687 ἐγέννησε
1122 5607 1261 5660 κατά
1303 5603 1402 5675 τὴν
1437 5605 1579 5658 ἰδέαν
1627 5606 1791 5659 αὑτοῦ

227 5673 307 5747 καὶ
333 5674 603 5747 κατατὴν
633 5690 819 5747 εικονα
845 5692 1029 5747 αυτου,
1062 5677 1156 5728 καὶ
1185 5678 1507 5747 ἐπωνόμασε
1535 5676 1595 5728 τὸ
1620 5676 1794 5745 ὄνομα

228 5743 372 5798 αὑτοῦ
420 5743 567 5816 Σήθ,
605 5746 660 5799 id
682 5758 769 5799 est
814 5764 825 5777 ’
875 5744 1013 5799 Vixit
1047 5764 1165 5801 vero
1200 5743 1379 5801 Adamv
1405 5762 1574 5802 ccxxx
1605 5743 1792 5813 annos,

1900 531 2212 590 operantem
2256 519 2418 573 Deum
2462 518 2691 573 Verbum
2731 514 2947 584 imagini
3010 522 3156 565 motu
3195 512 3469 565 destitutae

1900 611 2292 680 quodammodo
2335 607 2677 662 assimilant:
2723 604 2922 659 cumis
2956 614 3009 657 et
3059 603 3235 671 quoad
3280 616 3467 655 essen-

1903 703 2135 765 tiam,et
2159 701 2330 769 quoad
2357 700 2560 762 omnia,
2616 698 2792 767 imago
2834 696 2902 749 sit
2944 694 3119 748 Patris
3158 693 3307 745 omni
3350 708 3465 744 om-

1900 794 2027 847 nino
2052 793 2361 847 diversitate
2392 806 2604 854 carens,
2630 797 2685 842 et
2730 799 2951 852 aeterna,
2981 802 3085 839 non
3120 800 3247 839 vero
3281 786 3345 837 ad
3401 784 3464 836 il-

1901 883 2003 937 lius
2027 882 2255 937 formam
2281 897 2345 936 ac
2391 880 2615 949 ﬁgurant
2642 880 2731 944 sit,
2758 878 2925 930 instar
2948 875 3219 930 simulacri
3242 889 3269 927 a
3295 874 3464 941 plaste

1899 972 2088 1036 eﬂicti,
2116 982 2207 1026 aut
2239 972 2456 1038 sculpti,
2484 971 2626 1039 quod
2673 967 2966 1021 inanimum
3003 973 3105 1031 est,
3144 978 3240 1018 nec
3268 978 3361 1016 sua
3404 978 3463 1016 se

1900 1066 1949 1119 vi
1982 1079 2245 1119 movens:
2287 1076 2461 1131 neque
2502 1062 2801 1115 secundum.
2822 1059 2963 1112 illius
2990 1057 3247 1127 speciem,
3299 1064 3463 1131 etco-

1900 1156 2066 1210 lorem
2106 1157 2197 1219 sit,
2226 1153 2524 1222 cujusntodi
2556 1162 2641 1205 est
2680 1150 2975 1204 artiﬁciosa
3007 1150 3072 1202 ad
3107 1126 3461 1202 imitatiﬁuem

1901 1244 2063 1306 facta,
2098 1253 2326 1298 etmuta
2373 1241 2617 1311 elﬁgies:
2669 1240 2974 1309 hujusmodi
3019 1240 3161 1294 enim
3204 1238 3469 1307 imagines

1899 1349 2075 1405 neque
2113 1335 2289 1403 quoad
2324 1341 2598 1394 naturam,
2624 1344 2796 1399 neque
2820 1344 2887 1383 ex
2923 1330 3131 1397 integro
3155 1329 3329 1397 quoad
3356 1328 3461 1380 alia

1899 1435 2241 1495 prototypum
2292 1422 2571 1477 exhibent.
2624 1421 2791 1476 Porro
2836 1420 3071 1475 hominis
3124 1421 3285 1475 etiam
3323 1420 3462 1473 ﬁlius

1899 1517 2074 1587 imago
2129 1527 2212 1570 est
2242 1514 2558 1569 substantia:
2604 1513 2772 1583 patris
2820 1512 2926 1576 sui,
2970 1511 3064 1564 sed
3105 1510 3350 1565 diversus
3394 1509 3472 1562 ab

1899 1608 2014 1677 ipso
2072 1617 2152 1661 est
2180 1616 2359 1671 aztate,
2407 1616 2502 1659 aut
2551 1606 2753 1674 specie,
2782 1612 2873 1657 aut
2918 1602 3203 1665 sententia,
3240 1610 3333 1654 aut
3382 1601 3467 1662 vi,

1897 1708 1989 1753 aut
2021 1700 2299 1767 dignitate,
2348 1707 2441 1751 aut
2489 1697 2571 1751 his
2619 1697 2871 1751 omnibus
2924 1694 3105 1754 simul.
3138 1702 3231 1747 aut
3283 1692 3465 1761 aliqua

1831 1778 1871 1836 Β
1902 1791 2064 1845 etiam
2094 1788 2201 1842 alia
2236 1804 2313 1844 re.
2342 1789 2411 1841 At
2443 1786 2584 1841 Deus
2614 1784 2850 1840 Verbum
2874 1785 2989 1839 sine
3018 1784 3124 1837 ullo
3154 1783 3466 1837 discrimine

1899 1890 1954 1934 et
1993 1879 2321 1935 adamussim
2357 1880 2529 1949 quoad
2575 1879 2755 1932 munia
2808 1876 3124 1943 simplicem,
3170 1886 3222 1929 et
3265 1877 3465 1928 incont-

1901 1972 2154 2042 positam,
2180 1982 2234 2026 et
2270 1972 2530 2024 varietate
2572 1980 2846 2024 carentem
2876 1968 3050 2022 Patris
3081 1958 3335 2020 deitatem
3365 1981 3461 2017 na-

1903 2063 2165 2129 turaliter,
2195 2072 2247 2117 et
2272 2063 2339 2115 ab
2368 2074 2570 2115 :eterno
2597 2061 2756 2114 habet
2788 2070 2844 2113 ut
2882 2058 3055 2113 Patris
3080 2059 3258 2125 imago
3286 2074 3299 2109 :
3339 2072 3461 2108 nam

1903 2153 2043 2222 quod
2077 2154 2189 2221 ipse
2214 2154 2283 2207 sit
2316 2151 2409 2207 Dei
2438 2152 2614 2221 imago
2642 2150 2750 2223 42
2783 2149 3074 2205 secundum
3099 2149 3244 2218 quid,
3269 2158 3321 2203 et
3350 2163 3467 2218 pro-

1902 2256 2021 2315 pter
2067 2244 2288 2313 aliquid,
2324 2259 2393 2299 ne
2423 2243 2661 2313 cogitare
2719 2242 2935 2313 quidem
2977 2241 3123 2295 licet.
3173 2239 3282 2294 Nec
3335 2254 3465 2293 vero

1900 2336 2188 2406 quidquam
2228 2335 2370 2390 illius
2418 2334 2594 2404 imago
2610 2344 2715 2399 est,
2749 2334 2838 2403 qui
2866 2332 2981 2399 ejus
3012 2331 3468 2399 respectuiucom-

1902 2430 2156 2499 parabilis
2182 2429 2254 2485 sit
2288 2448 2303 2484 :
2344 2443 2515 2498 neque
2539 2442 2634 2496 per
2680 2443 2802 2482 eum
2842 2427 2930 2495 qui
2955 2426 3231 2479 dissimilis
3260 2424 3353 2488 sit,
3374 2434 3466 2477 aut

1901 2522 2100 2585 minor,
2135 2530 2228 2574 aut
2260 2520 2557 2590 subjectus,
2611 2517 2990 2586 reprzesentari
3034 2526 3208 2584 potest
3253 2514 3339 2568 ille
3372 2514 3465 2584 qui

1903 2628 2061 2667 verus
2097 2612 2189 2677 sit,
2229 2621 2283 2667 et
2312 2611 2659 2681 archetypos,
2681 2617 2735 2664 et
2762 2608 2959 2678 major,
2982 2602 3034 2662 et
3057 2608 3138 2661 sui
3172 2608 3281 2676 ipse
3305 2606 3463 2676 juris,

1901 2714 1955 2759 et
2000 2702 2435 2773 incomparabilis
2484 2720 2499 2757 :
2539 2716 2712 2771 neque
2768 2700 2969 2769 pariter
3017 2713 3112 2767 per
3158 2709 3471 2753 creaturam

1903 2795 2167 2849 naturalis
2196 2794 2366 2848 forma
2403 2792 2675 2848 Creatoris
2729 2790 2955 2860 intelligi
3002 2798 3174 2859 potest
3203 2808 3215 2846 :
3249 2805 3371 2843 nam
3401 2805 3467 2843 ne

1901 2886 2001 2939 alia
2037 2886 2250 2955 quidem
2282 2885 2386 2938 ulla
2427 2895 2619 2938 natura
2672 2883 2903 2938 alteram
2954 2884 3005 2938 in
3046 2885 3333 2954 semetipsa
3378 2897 3469 2937 re-

1903 2987 2210 3047 pra-scatat.
2239 2976 2377 3042 Quin
2441 2978 2603 3029 etiam
2635 2975 2761 3029 illud
2801 2976 3066 3044 sequitur,
3119 2986 3175 3028 ut
3215 2974 3369 3028 Pater
3397 2976 3467 3027 sit

1903 3068 2021 3121 sine
2058 3066 2382 3130 substantia,
2412 3064 2514 3119 nisi
2550 3080 2733 3119 verum
2778 3064 2848 3118 sit
2888 3065 3032 3129 illud,
3057 3065 3196 3131 quod
3234 3064 3465 3117 lia-retioi

1899 3166 2114 3222 negant,
2141 3156 2314 3222 ipsum
2343 3154 2542 3209 habere
2563 3154 2931 3208 characterem
2961 3153 3292 3209 substantiae.
3329 3153 3468 3205 Prae-

1899 3255 2042 3298 terea
2080 3244 2388 3308 invisibilis,
2420 3254 2477 3299 et
2528 3244 2940 3313 incompositus,
2973 3255 3027 3298 et
3068 3242 3235 3313 ﬁgura
3280 3256 3469 3296 carens

1899 3336 2036 3389 Deus
2082 3335 2377 3405 imaginem
2414 3333 2612 3388 habere
2643 3349 2745 3387 non
2782 3344 2979 3403 potest,
3010 3334 3223 3402 qualem
3253 3332 3351 3402 ipsi
3385 3334 3472 3387 dep

1898 3426 2165 3491 scribunt,
2203 3440 2323 3494 qua:
2362 3423 2570 3479 scilicet
2603 3423 2668 3477 ad
2712 3423 3067 3478 imitationem
3105 3422 3240 3477 facta
3286 3422 3465 3476 fuerit.

1895 3513 2109 3569 illorum
2137 3526 2318 3569 autem
2348 3522 2660 3568 commenta
2706 3512 2993 3567 manifeste
3047 3524 3266 3567 enervat
3302 3513 3465 3567 etiam

1897 3608 2037 3676 quod
2064 3606 2366 3672 subjicitur,
2399 3617 2453 3659 et
2491 3606 2571 3659 sic
2590 3620 2647 3659 se
2671 3604 2875 3659 habet:
2915 3603 3036 3657 Nan
3066 3605 3301 3669 rapinam
3357 3602 3479 3673 (87).

1897 3703 2184 3755 arbitratus
2216 3711 2288 3754 est
2317 3716 2425 3753 esse
2456 3715 2510 3751 se
2539 3697 2792 3768 wqualem
2826 3697 2950 3751 Deo.
2986 3697 3061 3750 De
3088 3695 3319 3749 naturali
3342 3712 3470 3749 vero

1903 3795 2135 3861 imagine
2179 3792 2392 3861 Moyses
2441 3806 2653 3859 quoque
2698 3790 2776 3843 sic
2833 3789 3110 3857 loquitur:
3151 3788 3322 3839 Adam
3355 3785 3469 3855 (88)

1896 3886 2067 3952 genuit
2094 3882 2217 3937 Sella
2246 3882 2771 3949 secundumjormam
2802 3895 2973 3934 suam.
3014 3876 3194 3947 Neque
3214 3892 3342 3930 vero
3371 3876 3471 3931 fuit

1900 3974 2029 4029 Seth
2058 3974 2281 4029 alterius
2315 3974 2621 4027 necessario
2677 3972 3013 4032 substantiaz,
3051 3969 3228 4023 habita
3265 3969 3469 4023 ratione

1897 4069 1964 4121 ad
1997 4066 2260 4120 Adamum
2290 4082 2307 4130 ;
2358 4075 2412 4118 et
2447 4075 2624 4118 tamen
2663 4063 2951 4129 imaginem
2986 4062 3096 4132 (89)
3131 4062 3339 4115 vocavit
3366 4060 3469 4115 for-

1898 4173 2066 4225 mam,
2103 4167 2156 4212 et
2188 4156 2599 4211 similitudinem
2655 4155 2995 4208 substantiae.
3042 4154 3109 4206 At
3155 4156 3220 4208 de
3252 4153 3468 4209 homine

1897 4266 2130 4321 quoque,
2165 4249 2435 4318 inquiunt,
2463 4249 2723 4317 scriptum
2754 4258 2833 4303 est
2863 4246 2997 4316 (90),
3021 4262 3141 4300 eum
3177 4261 3297 4301 esse
3341 4246 3471 4299 ima-

1897 4344 2100 4414 ginem,
2141 4352 2197 4397 et
2227 4342 2450 4410 gloriam
2484 4341 2599 4395 Dei.
2635 4340 2739 4393 Sed
2792 4339 2937 4393 nullo
2976 4340 3027 4393 in
3086 4339 3223 4406 loco,
3271 4354 3303 4393 0
3346 4355 3471 4393 sua-

1902 4434 2131 4497 vissimi,
2172 4434 2238 4487 de
2273 4432 2512 4496 homine,
2538 4441 2629 4485 aut
2658 4431 2724 4485 de
2755 4430 2860 4483 alia
2891 4430 2996 4483 ulla
3029 4440 3278 4483 creatura
3330 4432 3467 4483 scti-

1900 4536 2049 4596 ptum
2080 4535 2187 4592 est,
2214 4538 2333 4579 eam
2368 4538 2490 4578 esse
2518 4524 2857 4593 splendorem
2893 4521 3076 4591 gloria:
3110 4521 3220 4585 Dei,
3256 4531 3309 4575 et
3339 4522 3469 4573 cha-

1905 4628 2171 4672 racterem
2232 4614 2570 4671 substantias.
2612 4613 2770 4667 Aliud
2806 4623 2984 4665 autem
3041 4621 3146 4676 est,
3200 4613 3473 4665 hominem

1900 4726 2019 4764 esse
2052 4709 2337 4778 imaginem
2372 4705 2485 4771 Dei,
2512 4705 2561 4758 id
2598 4714 2681 4759 est
2712 4719 2823 4757 rem
2860 4702 3211 4757 fabrefactam
3240 4702 3473 4756 archite-

1900 4806 1972 4859 cti
2010 4818 2130 4857 esse
2158 4801 2469 4871 imaginem,
2509 4799 2647 4853 sicut
2682 4797 2811 4851 sella
2860 4807 2941 4851 est
2976 4796 3151 4864 imago
3186 4796 3347 4861 fabri;
3399 4799 3473 4849 ait

1900 4896 2044 4949 enim
2086 4894 2341 4949 Salomon
2391 4910 2404 4946 :
2446 4890 2551 4945 Per
2597 4890 2895 4959 analogiam
2947 4888 3069 4957 (9i)
3109 4896 3479 4941 creaturarum

1904 4985 2158 5040 Conditor
2196 4985 2447 5039 cernitur.
2488 4983 2643 5036 Aliud
2695 4996 2821 5034 vero
2861 4990 2964 5042 est,
3000 4994 3097 5047 per
3141 4980 3470 5032 identitatem

1906 5078 2114 5142 fortine,
2166 5078 2434 5142 essentia‘,
2488 5087 2544 5130 et
2595 5074 2930 5139 :eternitatis,
2969 5072 3309 5141 splendorem
3354 5087 3477 5127 esse

1904 5264 1952 5307 et
1981 5259 2156 5324 genuit
2187 5255 2472 5308 secundum
2507 5256 2735 5319 Iamnam
2757 5268 2928 5316 suam,
2954 5262 2999 5324 et
3027 5250 3310 5324 secundum
3336 5251 3473 5302 ima-

1903 5321 2075 5395 ginem)
2108 5342 2281 5395 suam,
2309 5335 2357 5377 et
2396 5325 2674 5377 nominavit
2709 5339 2891 5376 nomen
2930 5322 3049 5395 ejus
3074 5321 3225 5375 Selii.

1975 5392 2087 5464 (89)
2123 5394 2434 5462 Imaginem.
2479 5395 2695 5464 Eskhac
2730 5409 2861 5464 voce
2910 5387 3365 5464 conjicerelicet,
3410 5387 3475 5464 li-

1904 5458 2142 5520 brarium
2177 5458 2415 5519 nostrum
2466 5464 2517 5515 in
2557 5461 2785 5516 Genesis
2817 5463 2934 5516 loco
2965 5458 3089 5515 ante
3135 5460 3297 5513 allato
3336 5458 3476 5510 orni-

1902 5540 2042 5589 sisse
2073 5535 2230 5587 verba
2261 5535 2370 5599 illa,
2401 5536 2495 5588 καὶ
2528 5532 2669 5587 κατὰ
2702 5533 2804 5602 τὴν
2848 5532 3033 5585 εἰκόνα
3059 5529 3247 5593 αὑτοῦ,
3284 5529 3334 5583 id
3366 5536 3484 5591 est,

1899 5616 1947 5661 ει
1978 5606 2259 5676 secundum
2288 5607 2567 5676 imaginem
2590 5620 2765 5676 suum.

1972 5676 2082 5739 (90)
2116 5674 2376 5743 Scriptum
2400 5673 2497 5729 cst.
2533 5676 2551 5726 Ι
2580 5675 2702 5727 Ger.
2734 5690 2809 5735 XI,
2840 5673 2895 5724 7.

1976 5745 2086 5819 (91)
2134 5740 2248 5818 Per
2278 5748 2597 5815 analogiam.
2642 5744 2766 5814 Sep.
2810 5740 3013 5809 “11,5.
