3708 6324
299 318 405 372 359
1532 317 1766 376 Dl'DYMl
1804 318 2274 374 ALEXANDRINI
3428 318 3529 375 540

303 434 506 506 gloriae.
542 442 597 490 et
625 434 993 491 characterem
1033 436 1406 507 hypostaseos,
1458 435 1574 491 sive
1627 439 1910 498 substanu

2107 435 2200 488 καὶ
2228 434 2488 505 ὁμότιμον
2517 431 2940 501 ἀποφαίνοντος·
2982 429 3095 484 ἀλλ’
3124 431 3243 483 οὐδὲ
3286 429 3468 483 τέκνον
3495 433 3530 501 ἢ

305 530 393 580 tia:
434 527 487 578 in
524 526 683 581 Patre
712 528 1114 594 subsistentem,
1146 536 1200 583 et
1228 528 1657 583 veracissimam.
1694 528 1873 596 Inqni't

2068 525 2185 578 ,δίον
2218 525 2252 595 ἢ
2300 524 2547 595 γέννημα
2589 524 2805 595 εἴρηται
2836 522 3053 574 πώποτε
3103 520 3244 574 κατὰ
3284 519 3381 590 τὴν
3425 521 3533 574 ἄνω

303 618 446 670 enim
476 617 625 685 ipse:
663 617 767 681 Qui
793 619 915 671 vidit
949 618 1059 689 (92)
1097 635 1196 683 me,
1226 618 1352 671 vidit
1378 615 1587 671 Patrem
1616 632 1634 670 :
1669 627 1723 671 at
1748 634 1873 673 vero

304 707 392 774 qui
435 707 563 761 vidit
600 708 894 774 hominem,
928 724 1030 762 non
1068 710 1202 763 vidit
1255 707 1447 773 Deum,
1492 710 1632 763 sicut
1662 709 1751 777 qui
1794 709 1876 764 vi-

308 800 382 851 (Iit
413 798 620 861 sellam,
650 814 754 853 non
792 800 922 852 vidit
957 798 1189 854 fabrum.
1226 800 1423 854 Verum
1458 814 1679 856 necesse
1710 802 1873 855 etiam

306 897 408 952 est,
456 899 514 940 ut
573 888 728 941 unius
786 887 1069 943 invisibilis
1129 890 1221 945 Dei
1271 889 1360 944 illa
1434 905 1537 944 una
1592 890 1876 947 invisibilis

314 980 491 1047 imago
519 979 613 1045 sit,
648 994 751 1032 non
800 995 930 1035 vero
957 982 1183 1035 visibilis
1214 982 1395 1047 homo,
1420 982 1509 1051 qui
1543 992 1626 1037 est
1651 982 1715 1036 ad
1744 983 1876 1037 ima-

309 1069 486 1137 ginem
520 1071 651 1141 (93).
687 1072 855 1141 Igitur
904 1072 1070 1126 Filius
1112 1088 1283 1140 neque
1336 1073 1490 1126 alteri
1529 1072 1634 1144 43
1687 1073 1878 1128 similis

309 1174 424 1226 est;
470 1164 729 1231 scriptum
778 1173 862 1217 est
914 1164 1055 1217 enim
1102 1181 1115 1217 :
1170 1164 1300 1229 Quis
1337 1163 1448 1235 (94)
1501 1164 1879 1218 assimilabitur

312 1252 536 1307 Domino
576 1254 629 1307 in
664 1254 788 1321 ﬁliis
830 1253 978 1307 Dei?
1032 1269 1207 1325 neque
1251 1253 1397 1308 Patri
1444 1269 1544 1309 suo
1605 1254 1879 1309 dissimilis

309 1352 441 1395 est:
487 1342 562 1395 ait
600 1343 790 1397 enim:
835 1340 943 1411 Ego
989 1342 1101 1413 (95)
1149 1349 1197 1396 et
1243 1340 1407 1397 Pater
1460 1358 1623 1396 unum
1675 1359 1876 1397 sumus.

311 1431 417 1497 Qui
446 1445 573 1485 vero
612 1441 850 1488 creatam
892 1433 945 1488 in
988 1433 1105 1504 ipso
1157 1432 1641 1488 comminiscuntur
1688 1431 1877 1501 imagi-

313 1537 460 1588 nem,
494 1520 1007 1579 Nabuchodonosori
1056 1523 1169 1596 (96)
1204 1523 1409 1579 similes
1440 1532 1585 1590 sunt,
1624 1523 1714 1592 qui
1765 1538 1880 1577 ma-

314 1614 605 1677 nufactam,
649 1624 704 1668 et
764 1616 1117 1671 inanimatam
1176 1614 1464 1685 imaginem
1520 1613 1789 1680 conﬂavit,
1824 1624 1883 1669 ut

1977 617 2201 687 ἄπειρον
2225 614 2475 685 γέννησιν
2504 615 2570 685 ἣν
2598 614 2748 666 οὐδὲν
2773 613 2833 665 τὸ
2859 612 3115 682 παράπαν
3137 611 3534 683 χαρακτηρὶσαι

1974 705 2227 759 δύναται·
2275 706 2361 759 ἵνα
2397 706 2471 777 μή
2503 723 2555 758 τι
2593 705 2785 776 μικρὸν
2813 703 2845 774 ἢ
2879 704 3132 758 ὑπόνοιαν
3161 703 3395 774 παρέχον
3422 707 3537 766 ταῖς

1977 795 2388 867 προλεχοεὶσαις
2460 795 2639 848 αὐτῶν
2692 795 3108 864 σεσοφισμέναις
3174 793 3537 864 βλασφημίαις

1977 885 2311 958 φαντασθείῃ
2357 902 2474 949 τις·
2517 885 2631 939 ἀλλ’
2684 885 2813 948 Υἱὸς
2862 884 2950 937 διὰ
2991 885 3052 937 τὸ
3100 885 3301 937 τέλειον
3345 885 3438 936 καὶ
3480 886 3539 936 τὸ

1977 976 2230 1046 ἁνάρχως
2260 975 2624 1047 γεννηθῆναι,
2669 977 2765 1028 καὶ
2792 975 2853 1027 τὸ
2884 976 3019 1047 πρὸς
3047 975 3138 1028 τὸν
3182 975 3401 1045 Πατέρα
3445 976 3542 1045 τῆς

1979 1066 2193 1136 φύσεως
2217 1066 2655 1138 ἀπαράλλακτον.
2686 1066 2821 1121 Ὂλα
2852 1066 2909 1120 δὲ
2934 1067 3001 1120 τὰ
3029 1066 3359 1137 νομιζόμενα
3396 1067 3543 1137 παρά

1977 1175 2118 1212 τισιν
2156 1156 2291 1210 εἶναι
2323 1158 2457 1228 πρὸς
2484 1158 2712 1229 θεότητα
2745 1159 2936 1230 μικρὰ,
2964 1159 3058 1212 καὶ
3082 1158 3163 1224 τὸ,
3205 1159 3269 1211 '0
3304 1157 3543 1227 πέμψας

1974 1266 2052 1317 με
2084 1247 2287 1316 Πατὴρ
2309 1246 2520 1317 μείζων
2556 1248 2675 1318 μού
2712 1248 2866 1315 ἐστι,
2912 1248 3002 1302 διὰ
3036 1248 3135 1321 τὴν
3168 1248 3546 1319 φιλάνθρωπον

1983 1340 2076 1393 καὶ
2122 1340 2359 1411 ἄρρητον
2406 1338 2514 1411 [18
2544 1339 2613 1413 b]
2660 1339 3071 1412 ὲνανθρώπησιν
3124 1340 3309 1403 αὑτοῦ,
3348 1340 3447 1411 τὴν
3481 1340 3545 1391 δι’

1982 1434 2134 1503 ἡμᾶς
2167 1433 2260 1485 καὶ
2291 1432 2431 1502 ὑπὲρ
2468 1434 2500 1503 ὴ
2512 1432 2626 1503 μῶν
2653 1432 2970 1503 γενομένην,
2992 1433 3114 1495 ταῖς
3140 1432 3311 1503 ἱεραῖς
3346 1448 3547 1503 κεχρη-

1986 1525 2263 1597 σμῴδηται
2312 1524 2547 1595 βίϐλοις·
2592 1524 2659 1578 δι’
2689 1526 2755 1596 ἣν
2795 1525 2888 1578 καὶ
2920 1524 3165 1594 ἀγγέλων
3207 1523 3549 1594 ἡλαττῶσϐαι

1984 1617 2311 1687 γέγραπται,
2340 1616 2483 1670 κατὰ
2506 1616 2596 1669 τὸν
2637 1617 2955 1675 Ἀπόστολον
2981 1616 3361 1670 ἐπιστείλαντα
3381 1633 3397 1648 ο
3442 1616 3553 1671 Τὸν

314 1706 630 1760 adoraretnr
657 1706 789 1776 (97).
822 1706 1081 1762 Adamum
1110 1722 1272 1777 porro
1307 1708 1376 1761 ob
1408 1704 1823 1761 inobedientiam
1854 1720 1884 1760 e

2076 1707 2277 1775 βραχύ
2311 1724 2365 1759 τι
2401 1707 2536 1775 παρ’
2565 1706 2861 1777 ἀγγέλους
2887 1706 3308 1777 ἠλαττωμένον
3327 1705 3555 1771 ,βλέπο-

314 1795 562 1863 paradiso
613 1794 755 1853 Deus
810 1798 1002 1853 merito
1054 1799 1237 1868 ejecit.
1299 1798 1587 1855 Latronem
1648 1813 1795 1864 vero,
1829 1809 1884 1854 et

2068 1816 2095 1850 νο
2153 1800 2385 1868 Ἰησοῦν
2433 1800 2530 1854 διὰ
2564 1801 2631 1855 τὸ
2669 1800 2911 1870 πάθημα
2943 1801 3048 1856 τοῦ
3079 1800 3361 1857 θανάτου.
3410 1797 3552 1868 Ἐγὼ

314 1900 436 1941 cum
470 1887 585 1955 ipso
628 1888 927 1955 Adainum,
967 1899 1023 1946 et
1054 1891 1365 1947 universum
1412 1901 1655 1947 nostrum
1712 1907 1882 1963 genus

315 1977 443 2033 illuc
469 1976 639 2034 Filius
704 1978 1001 2034 introduxit
1035 1980 1168 2053 (98),
1205 1991 1387 2051 utpote
1419 1982 1492 2047 ei,
1534 1983 1625 2053 qui
1662 1984 1885 2053 expule-

316 2078 424 2134 rat,
464 2071 685 2125 omnino
710 2072 929 2142 :eqnalis
961 2072 1180 2140 deitate,
1212 2081 1266 2128 et
1297 2073 1559 2138 bonitate,
1603 2082 1659 2129 et
1709 2073 1885 2129 domi-

318 2161 557 2218 natione.
592 2162 822 2219 Ubinam
852 2179 983 2219 vero
1032 2165 1292 2234 scriptum
1333 2164 1529 2234 legitur
1586 2164 1720 2236 (99),
1780 2164 1884 2219 Pa-

320 2261 483 2317 trem,
543 2253 723 2308 habita
760 2255 825 2308 ad
878 2269 1033 2309 suum
1088 2254 1427 2324 Unigenitum
1486 2256 1712 2324 ratione,
1768 2271 1887 2311 esse

324 2344 681 2414 asyncritum,
708 2345 807 2399 hoc
843 2354 945 2411 est,
972 2345 1489 2413 incomparabilem?
1531 2357 1623 2402 aut
1646 2348 1884 2401 omnium

323 2433 686 2497 conditorem,
721 2447 783 2486 ac
806 2432 1042 2501 judicent
1080 2434 1268 2489 Filium
1309 2435 1423 2504 ejus
1447 2446 1681 2507 spectata
1718 2437 1884 2506 ipsius

1985 1888 2077 1946 οὖν
2105 1887 2261 1964 οἶμαι
2288 1892 2382 1946 καὶ
2402 1891 2463 1945 οὐ
2494 1892 2713 1956 πάντως
2742 1891 3157 1963 διασφάλλομαι,
3192 1893 3273 1945 ὃτι
3299 1891 3432 1963 περὶ
3461 1890 3551 1943 τοῦ

1987 1984 2201 2055 Πατρὸς
2246 1984 2338 2037 καὶ
2374 1982 2566 2037 ἑαυτοῦ
2608 1979 2730 2036 εἷπε
2750 2022 2767 2049 ,
2817 1983 2917 2054 τὴν
2948 1984 3150 2054 ἀμφοῖν
3174 1983 3388 2045 δεικνὺς
3418 1982 3554 2050 ἀγα-

1989 2074 2190 2146 θότητα
2219 2074 2311 2128 καὶ
2342 2073 2735 2146 ὁμοουσιότητα
2753 2091 2767 2106 ⁸
2798 2076 2874 2130 ’Ἡ
2897 2075 3187 2143 ποιήσατε
3217 2073 3281 2127 τὸ
3301 2072 3556 2141 δένδρον

1987 2165 2196 2230 καλὸν,
2224 2164 2324 2218 καὶ
2353 2165 2458 2219 τὸν
2490 2165 2723 2234 καρπὸν
2745 2166 2931 2219 αὐτοῦ
2958 2165 3169 2229 καλὸν,
3199 2164 3237 2233 ἢ
3268 2162 3557 2230 ποιήσατε

1987 2256 2054 2309 τὸ
2103 2255 2357 2325 δένδρον
2390 2256 2628 2325 σαπρὸν
2673 2258 2771 2310 καὶ
2809 2256 2916 2311 τὸν
2947 2256 3179 2325 καρπὸν
3218 2254 3407 2309 αὐτοῦ
3453 2269 3558 2308 σα-

1986 2350 2168 2417 πρόν
2194 2349 2263 2402 ἐκ
2290 2346 2400 2418 γὰρ
2432 2349 2542 2405 τοῦ
2576 2350 2831 2417 καρποῦ,
2860 2349 3009 2419 ξφησὶ
3028 2390 3042 2416 ,
3085 2348 3150 2402 τὸ
3192 2346 3449 2414 δένδρον
3473 2362 3559 2415 τι·

1985 2439 2301 2494 νώσκεται.

321 2528 522 2593 divina,
564 2535 619 2582 et
646 2526 874 2594 inﬁnita,
927 2537 983 2582 et
1040 2530 1109 2584 ab
1163 2530 1412 2585 omnibus
1462 2530 1622 2584 rebus
1677 2540 1955 2601 segregata
2015 2543 2210 2585 natura
2284 2538 2592 2587 creaturam
2649 2530 2808 2586 esse?
2858 2539 2950 2585 aut
3002 2529 3218 2585 omnino
3275 2527 3561 2597 aliquando

320 2636 443 2676 eum
505 2637 612 2677 non
674 2623 986 2678 exstitisse?
1046 2634 1137 2679 aut
1187 2626 1404 2680 ubinam
1458 2625 1736 2693 speciatim
1806 2627 1939 2681 dixit
2009 2627 2094 2682 vel
2151 2625 2308 2683 Pater
2355 2645 2369 2682 :
2417 2626 2608 2682 Creavi
2674 2628 2805 2682 mihi
2876 2624 3105 2689 Filium;
3178 2623 3262 2677 vel
3319 2622 3496 2677 Fi.ius
3543 2638 3556 2674 :

320 2716 545 2771 Creatus
582 2732 698 2772 sum
762 2733 792 2771 a
851 2716 1053 2774 Patre?
1113 2721 1284 2790 quod;
1329 2720 1544 2784 auditu,
1618 2720 1813 2775 nedum
1901 2721 2045 2777 dictu
2098 2720 2425 2777 horrendum
2486 2730 2587 2785 est,
2644 2730 2698 2776 et
2751 2722 2970 2776 omnino
3040 2718 3366 2788 fugiendum.
3422 2714 3559 2769 Nes-

321 2827 485 2880 qnam
522 2827 685 2881 porro
753 2812 866 2868 haec
902 2813 954 2866 in
1021 2822 1132 2866 tota
1178 2811 1376 2876 divina,
1426 2821 1478 2866 et
1529 2828 1558 2865 a
1614 2812 1795 2867 divino
1852 2813 2054 2884 Spiritu
2111 2813 2379 2885 inspirata
2434 2814 2711 2885 Scriptura
2768 2813 3131 2868 inveniuntur.
3191 2810 3233 2865 E
3288 2810 3563 2865 contrarie

322 2912 502 2961 autem
543 2920 876 2974 quaecunque
937 2907 1001 2960 de
1063 2921 1158 2960 sua
1196 2906 1395 2960 deitate
1426 2906 1558 2962 dixit
1588 2905 1929 2977 Unigenitus,
1979 2922 2043 2963 ea
2073 2909 2252 2962 omnia
2302 2918 2427 2962 sunt
2477 2908 2595 2964 Filii
2634 2908 2979 2977 semetipsum
3032 2905 3401 2975 comparantis
3458 2905 3564 2960 Pa-

325 2998 418 3059 tri,
474 3005 529 3050 et
564 3012 727 3049 unum
755 3010 874 3050 cum
910 2995 1019 3062 illo,
1082 2996 1427 3066 ejusdemque
1488 2997 1708 3051 honoris
1772 2997 1992 3065 dignum
2052 3013 2113 3053 se
2155 2999 2597 3054 demonstrantis.
2633 2998 2771 3066 Quin
2805 3006 3041 3067 spectata
3087 2999 3289 3052 cmlesti
3354 2997 3563 3051 inﬁnita

327 3089 696 3159 generatione,
766 3103 925 3157 quam
975 3088 1110 3142 nihil
1136 3089 1354 3143 omnino
1400 3090 1738 3157 exprimere,
1784 3104 1847 3144 ac
1893 3100 2277 3158 reprresentare
2328 3091 2489 3160 valet,
2522 3106 2694 3160 neque
2720 3091 2925 3155 τέκνον,
2959 3090 3012 3145 id
3045 3101 3128 3146 est
3164 3091 3356 3153 Natus,
3395 3106 3568 3159 neque

327 3180 562 3242 παιδίον,
604 3181 759 3237 idest
791 3179 1060 3249 puerulus,
1092 3196 1261 3250 neque
1287 3180 1564 3252 γέννημα.
1606 3181 1656 3235 id
1708 3192 1791 3235 est
1848 3183 2081 3251 genimen
2107 3184 2205 3254 (ι),
2278 3199 2510 3254 unquam
2560 3185 2734 3239 dictus
2793 3184 2893 3237 fuit
2938 3202 2953 3238 :
2997 3198 3065 3237 ne
3118 3183 3323 3238 scilicet
3367 3183 3568 3254 aliquid

333 3274 534 3329 humile
593 3273 916 3339 imaginetnr
990 3272 1145 3340 quis,
1222 3281 1313 3326 aut
1374 3273 1520 3342 quod
1578 3272 1846 3340 praedictis
1927 3287 2111 3327 eorum
2163 3275 2519 3345 blaSphetniis
2582 3274 2868 3330 artiﬁciose
2918 3274 3162 3329 conﬁctis
3209 3275 3567 3344 suspicionem

330 3367 585 3437 praebeat.
657 3362 853 3418 Verum
906 3363 1051 3428 Υἱός,
1081 3364 1131 3417 id
1166 3374 1251 3418 est
1302 3362 1498 3429 Filius,
1564 3364 1778 3431 dicitur,
1830 3365 1898 3418 ob
1952 3364 2244 3433 perfectam
2318 3376 2478 3435 atque
2518 3377 2773 3421 aeternam
2827 3369 3246 3437 generationem,
3297 3371 3572 3424 eamdem-

336 3476 441 3530 que
504 3458 661 3528 plane
700 3474 819 3513 cum
864 3457 1021 3513 Patre
1055 3467 1323 3513 naturam.
1356 3458 1547 3513 Omnia
1602 3474 1729 3514 vero
1760 3458 1849 3514 illa
1921 3475 2041 3530 qum
2108 3460 2347 3515 nonnulli
2392 3470 2637 3530 respectu
2689 3459 2985 3514 divinitatis
3042 3457 3152 3530 44
3193 3459 3416 3514 humilia
3453 3475 3572 3516 esse

337 3560 545 3617 putant,
580 3559 636 3603 nt
693 3560 747 3605 et
784 3550 958 3606 illud:
1005 3549 1109 3616 Qui
1169 3552 1310 3605 misit
1365 3567 1444 3605 me
1498 3548 1657 3604 Pater
1693 3550 1793 3622 (2),
1851 3552 2022 3619 major
2084 3569 2161 3606 me
2201 3562 2296 3620 est,
2358 3555 2409 3607 in
2457 3553 2629 3609 sacris
2698 3552 2847 3607 libris
2919 3551 3170 3607 divinitus
3230 3553 3458 3616 dictata,
3511 3569 3569 3608 ac

334 3645 535 3713 scripta
595 3652 718 3698 sunt
760 3644 827 3697 ob
856 3643 1137 3712 benignam
1167 3652 1328 3713 atque
1354 3642 1674 3698 ineffabilem
1719 3644 1888 3711 ipsius
1932 3645 2373 3711 incarnationem,
2399 3661 2518 3716 qua:
2561 3655 2778 3716 propter
2824 3659 2942 3711 nos,
2996 3650 3050 3698 et
3106 3659 3203 3713 pro
3242 3644 3397 3698 nobis
3430 3644 3565 3698 facta

334 3742 418 3787 e.~t
476 3740 750 3801 :prOpter
813 3745 972 3797 quam
1014 3730 1173 3785 etiam
1218 3733 1472 3801 scriptum
1517 3731 1638 3798 fuit,
1700 3748 1821 3787 eum
1894 3734 2097 3803 angelis
2162 3735 2423 3790 minorem
2462 3733 2662 3791 factum
2728 3750 2865 3802 esse,
2928 3734 3078 3803 juxta
3127 3734 3447 3804 Apostolum
3520 3736 3569 3789 in

337 3822 589 3890 Epistolis
653 3822 765 3877 suis
805 3823 1176 3890 inquientem:
1220 3821 1360 3877 Eum
1412 3835 1583 3879 autem
1633 3826 1732 3896 (3),
1779 3826 1869 3896 qui
1929 3828 2132 3881 modico
2174 3844 2332 3898 quam
2381 3829 2569 3897 angeli,
2620 3830 2909 3882 minoratus
2954 3838 3051 3892 est,
3103 3830 3331 3882 videmus
3367 3827 3572 3891 Jesum,

337 3932 547 3992 propter
597 3923 890 3992 passionem
952 3921 1157 3977 mortis.
1203 3920 1315 3989 Ego
1377 3920 1537 3990 igitur
1583 3932 1712 3991 puto
1743 3961 1761 3987 ,
1803 3937 1902 3977 nec
1972 3924 2190 3978 omnino
2241 3924 2418 3989 fallor,
2458 3925 2603 3978 illum
2656 3925 2723 3978 de
2768 3923 2947 3992 Patre,
3008 3932 3062 3981 et
3115 3924 3183 3979 de
3227 3939 3285 3980 se
3337 3924 3480 3994 ipso,
3522 3935 3577 3978 ut

340 4020 631 4075 bonitatem
669 4018 983 4086 utriusque,
1013 4027 1066 4073 et
1101 4017 1716 4072 consubstantialitatem
1774 4022 2117 4085 ostenderet,
2177 4019 2377 4076 dixisse
2426 4039 2440 4075 :
2491 4022 2597 4074 Ant
2645 4020 2803 4089 facile
2833 4017 2910 4088 (4)
2956 4015 3194 4069 arborem
3258 4014 3476 4081 bonam,
3526 4024 3573 4069 et

341 4111 568 4175 fructum
625 4111 738 4178 ejus
790 4110 1024 4162 bonum:
1063 4117 1152 4161 aut
1214 4108 1367 4175 facile
1408 4113 1643 4163 arborem
1707 4109 1919 4174 malam,
1979 4121 2025 4165 et
2074 4114 2305 4180 fructum
2365 4122 2476 4183 ejus
2539 4110 2757 4165 malum.
2823 4107 3090 4179 Siquidem
3155 4122 3219 4160 ea:
3251 4105 3457 4176 fructu,
3489 4104 3574 4159 in-

341 4204 479 4271 quit,
508 4203 663 4257 arbor
695 4203 1038 4272 cognoscitur.

891 4292 1042 4348 CAP.
1080 4293 1221 4349 xvu
1270 4293 1366 4363 (5).
1932 4301 1976 4358 α

413 4388 677 4455 Quoniam
700 4402 829 4441 vero
883 4402 946 4440 ex
980 4387 1063 4442 his
1094 4386 1183 4455 qui
1245 4385 1351 4439 Deo
1394 4384 1589 4439 bellum
1643 4385 1907 4452 inferunt,

2637 4290 2795 4343 ΚΕΦ.
2843 4289 2941 4343 IZ'.

2095 4387 2312 4459 Ἐπειδὴ
2360 4386 2417 4440 δὲ
2450 4384 2841 4457 θεομαχοῦντες
2872 4384 2922 4436 οἱ
2954 4381 3053 4453 μὲν
3079 4381 3175 4435 σὺν
3213 4377 3292 4450 τῷ
3337 4377 3458 4449 Υἱῷ
3491 4376 3582 4428 καὶ

413 4545 527 4617 (99.)
560 4545 663 4609 Qui
698 4545 843 4599 vidit.
871 4543 1173 4617 Joan._xtv,
1202 4542 1256 4597 9.

414 4610 530 4683 (93)
564 4616 645 4668 Ad
674 4617 969 4679 imaginem.
1006 4613 1136 4667 Vide
1169 4623 1282 4684 not.
1314 4610 1402 4677 68,
1436 4626 1555 4684 pag.
1583 4612 1636 4667 9.

414 4682 529 4751 (94)
567 4686 717 4748 Quis.
748 4685 891 4739 Psal.
922 4700 1187 4749 Lxxxvm,
1228 4682 1279 4734 7.

414 4756 529 4823 (95)
556 4753 690 4819 qu.
721 4755 877 4810 Joan.
911 4772 965 4817 x,
1010 4754 1100 4811 50.

416 4821 528 4895 (96)
565 4824 1111 4895 ΝαὸιιεΙιοάοιιοεονὶε
1148 4823 1381 4895 Codex,
1409 4821 1911 4895 Ναϐουχοδονοσωρ,

346 4913 468 4951 cum
497 4892 561 4958 si.
582 4906 630 4947 et
654 4898 772 4949 sine
799 4904 1044 4950 accentu.
1075 4893 1275 4948 Graecae
1307 4892 1603 4946 Biltliornm
1620 4892 1908 4956 editiones,

348 4967 484 5025 alim,
515 4964 1171 5036 Ναϐουχοδονόσορηιιηίιι,
1198 4961 1643 5031 Ναϐουχοδονόσω

2013 4544 2137 4596 dum
2172 4544 2405 4597 Irenaeus
2444 4540 2539 4594 lib.
2575 4556 2611 4604 ι,
2651 4554 2772 4609 cap.
2812 4538 2903 4603 5i,
2937 4536 3192 4609 loquitur,
3228 4534 3577 4602 excogitavit,

2014 4624 2069 4667 ut
2098 4614 2362 4667 Adamum
2391 4612 2533 4666 inter
2560 4605 2839 4665 damnatos
2867 4623 2932 4663 ac
2966 4605 3218 4675 reprobos
3248 4615 3577 4659 numeraret.

2086 4700 2201 4769 (99)
2237 4700 2468 4768 Legitur.
2509 4697 2897 4769 Eunomianos,
2934 4698 3049 4752 sive
3070 4698 3357 4750 Anomaeos
3385 4695 3581 4769 carpit,

2014 4766 2104 4834 qui
2148 4786 2268 4826 cum
2295 4766 2555 4823 Iiomousii
2587 4782 2769 4823 vocem
2802 4768 2923 4822 ideo
2965 4773 3302 4834 respuerent.
3344 4767 3493 4833 quod
3533 4766 3582 4817 in

2018 4839 2297 4909 Scriptura
2341 4855 2461 4895 non.
2494 4839 2719 4909 legatur,
2748 4837 2895 4909 plura
2950 4846 3126 4890 tamen
3159 4836 3223 4889 de
3249 4835 3385 4909 Filio
3420 4836 3586 4909 impie

2018 4904 2376 4972 aﬂirmabant,
2414 4924 2533 4978 qua:
2558 4904 2626 4961 lin
2665 4904 2944 4975 Scriptura
2976 4921 3150 4976 neque
3178 4906 3353 4973 quoad
3394 4904 3581 4968 verba,

2016 4995 2191 5050 neque
2218 4979 2393 5049 quoad
2434 4992 2650 5033 sensum
2684 4978 3048 5046 reperiuntur.

422 4982 484 5025 zu,
515 4980 1000 5036 uaoouxooovooop,
1034 4980 1171 5027 ana»,
1198 4980 1701 5085 tvaoouxooovocwg.

421 5036 530 5101 (97)
554 5033 621 5087 Ut
644 5039 972 5113 adoreretur.
1005 5034 1060 5088 In
1087 5034 1294 5113 Graeco,
1323 5036 1665 5113 sipoonuvsic.
1687 5050 1763 5093 αι,
1793 5046 1911 5113 pro,

349 5105 424 5167 ὡς
461 5104 911 5175 προσκυνεῖσθαι·
943 5120 1063 5175 qua:
1095 5104 1295 5172 ellipsis
1325 5103 1528 5157 Grecis
1563 5103 1915 5171 scriptoribus

348 5174 628 5227 fantiliaris
654 5183 755 5229 est.

424 5241 537 5314 (98)
560 5242 880 5314 Introduxit.
906 5242 1105 5314 Nempe
1125 5243 1177 5296 in
1209 5257 1431 5314 regnum
1453 5242 1745 5314 caelorum;
1770 5241 1913 5314 quod

352 5308 606 5375 harharo,
640 5328 713 5381 ex
736 5311 957 5381 Persica
982 5308 1191 5366 scilicet
1228 5308 1405 5381 lingua
1434 5313 1595 5366 ducto
1618 5353 1633 5377 ,
1664 5308 1914 5365 Paradisi

352 5381 570 5435 nomine
612 5396 640 5433 a
690 5380 891 5435 Graecis
944 5380 1195 5435 Patribus
1241 5380 1441 5448 paSsim
1486 5383 1663 5436 vocari
1712 5388 1907 5435 norunt

355 5450 613 5520 theologi.
652 5449 887 5504 Salutem
914 5450 1095 5516 itaque
1121 5450 1329 5515 Adami,
1356 5467 1516 5520 quem
1545 5466 1573 5504 a
1601 5450 1816 5505 Christo
1839 5449 1905 5520 ad

355 5519 559 5575 inferos
611 5521 967 5575 descendente
1010 5520 1293 5573 liberatum
1343 5519 1419 5574 ait
1476 5521 1806 5589 Augustinus
1855 5519 1907 5571 in

354 5590 584 5657 epistola
612 5590 735 5655 164,
764 5593 832 5644 ad
875 5589 1156 5652 Evodium,
1191 5590 1389 5642 indicat
1423 5591 1503 5644 his
1538 5588 1717 5643 verbis
1747 5589 1909 5657 Didy-

358 5675 480 5728 mus
516 5660 795 5715 Tatiannm
830 5661 991 5714 tacite
1025 5660 1314 5721 vellicans,
1344 5662 1431 5726 qui
1466 5660 1669 5728 primus
1704 5658 1910 5726 ταύτην

359 5727 708 5803 βλασφημίαν
754 5731 806 5789 id
833 5740 934 5796 est,
973 5731 1105 5785 hanc
1141 5727 1531 5800 blasphemiam.
1563 5730 1909 5787 uuemadmo-

2088 5070 2161 5140 (l)
2192 5066 2462 5140 Genimen.
2488 5069 2561 5122 Ea
2594 5068 2813 5134 locutio,
2842 5082 2945 5135 qua
2969 5066 3138 5121 Filius
3164 5066 3442 5122 diceretur
3481 5065 3583 5119 Pa-

2016 5139 2113 5195 tris
2135 5140 2399 5210 γέννημα,
2427 5139 2477 5193 id
2500 5148 2583 5193 est
2608 5141 2841 5207 genimen
2868 5152 2959 5191 seu
2983 5152 3209 5207 germen,
3235 5152 3425 5210 parum
3454 5150 3587 5210 non:

2017 5204 2178 5264 nullis
2219 5204 2469 5263 Pa't'ribus
2502 5204 2945 5278 probaliaturLut
2985 5204 3198 5261 constat
3228 5204 3294 5262 ex
3335 5204 3584 5278 Gregorii

2016 5280 2243 5352 Nysseni
2273 5278 2409 5334 libro
2436 5275 2592 5333 tertio
2622 5288 2801 5333 contra
2835 5276 3152 5331 Eunomium
3191 5292 3311 5347 pag.
3350 5275 3477 5330 105.

2089 5370 2166 5440 (‘2)
2198 5369 2301 5435 Qui
2330 5370 2491 5440 misit.
2522 5367 2713 5425 Joann.
2742 5384 2868 5440 (xlv,
2900 5366 2990 5429 28,
3027 5367 3114 5440 ubi
3148 5379 3325 5440 tamen
3365 5364 3577 5440 nonule-

2013 5435 2174 5512 gitur,
2217 5443 2274 5493 ὐ
2297 5439 2518 5510 πέμψας
2545 5456 2633 5510 με,
2660 5439 2754 5512 sed
2780 5457 2793 5491 :
2825 5439 2946 5491 Ὅτι
2968 5440 2997 5491 ὁ
3024 5438 3216 5512 Πατήρ
3244 5455 3344 5507 μου
3375 5435 3581 5505 μείζων

2017 5508 2117 5581 μού
2144 5512 2258 5563 ἐστι
2277 5550 2291 5574 ,
2324 5508 2383 5565 id
2406 5520 2507 5574 est,
2548 5508 2681 5581 quia,
2710 5508 3043 5581 PalerAmeus
3080 5509 3249 5578 major
3274 5523 3352 5560 me
3377 5517 3476 5559 est.

2084 5582 2158 5650 (ὅ)
2193 5580 2325 5634 Eum
2361 5577 2754 5650 autemagllebr.
2786 5594 2847 5640 tl,
2870 5577 2922 5650 9ζ

2086 5647 2161 5717 (4)
2199 5652 2296 5704 Aut
2329 5651 2503 5716 facile.
2547 5647 2736 5702 Matth.
2772 5663 2870 5713 xu,
2902 5648 2990 5701 35.

2088 5717 2163 5793 (5)
2194 5721 2323 5792 Cap.
2363 5717 2557 5774 XVII.
2590 5718 2824 5774 Primam
2872 5717 2963 5773 Dei
2997 5726 3296 5774 creaturam
3329 5730 3433 5771 non
3464 5726 3587 5769 esse
