3708 6306
104 300 175 355 3‘31

1089 289 1174 345 DE
1212 288 1585 348 TRINI'I‘ATE
1624 291 1829 346 LIBER
1866 291 2145 350 PRIMUS.

3135 303 3242 360 358

100 426 269 479 τησαν·
309 407 437 461 διότι
470 408 675 475 Κύριος
722 406 1058 461 ἐνετείλατο
1089 408 1317 475 αὐτοῖς,
1357 411 1455 463 καὶ
1505 411 1563 463 τὸ

1700 412 1781 465 ’ἱιιι
1814 428 1951 476 meo,
1977 414 2052 465 ait
2086 410 2339 465 Dominus
2373 412 2717 480 omnipotens.
2750 412 2958 481 Quibus
2983 415 3035 470 in
3065 418 3241 473 verbis

100 504 279 571 Πνεῦμα
315 498 479 552 αὐτοῦ
519 497 865 569 συνήγαγεν
904 497 1108 562 αὑτάς.
1144 498 1355 561 Παῦλος
1380 498 1437 551 δὲ
1469 500 1575 551 Ko-

101 601 290 673 ρινθίοις⁶
310 598 417 649 Οὐκ
444 595 657 656 οἴδατε,
699 594 788 648 ὅτι
822 595 969 660 ναὸς
1004 595 1151 648 Θεοῦ
1178 595 1319 648 ἐστε
1337 635 1352 660 ,
1380 596 1476 649 καὶ
1504 595 1572 649 τὸ

100 691 273 757 Πνεῦμα
294 686 386 739 τοῦ
407 685 543 739 Θεοῦ
569 685 724 739 οικεῖ
743 684 813 738 ἐν
840 684 1018 754 Quir;
1039 684 1149 737 Kal.
1172 679 1349 737 πάλιν·
1403 683 1495 755 [25
1515 685 1571 756 a]

106 788 151 838 Ἡ
171 780 329 850 ἀγάπη
368 777 463 831 τοῦ
497 779 641 832 Θεοῦ
674 779 991 847 ἐκκέχυται
1036 780 1105 830 ἐν
1140 778 1271 841 ταῖς
1304 779 1574 846 καρδίαις

97 874 214 942 ἡμῶν
230 872 307 924 διὰ
338 871 663 939 Πνεῦματος
694 872 901 939 ἀγίου’
939 870 1031 923 κα).
1073 869 1263 922 πάλινο
1305 870 1466 939 Ἡμῖν
1504 870 1572 924 δὲ

96 964 404 1031 ἀπεκάλυψεν
437 964 468 1014 ό
512 960 653 1027 Θεὸς
699 961 798 1015 διὰ
842 960 946 1014 τοῦ
978 961 1323 1030 Πνεῦματος
1362 958 1568 1014 αὐτοῦ.

99 1059 257 1110 (tum
284 1055 331 1107 δὲ
372 1053 521 1123 μόνον
562 1052 654 1105 τὸν
699 1053 825 1106 Υἱὸν
868 1052 1247 1123 ὀνομάζουσιν,
1292 1052 1367 1115 ὡς
1408 1052 1570 1122 ἡνίκα

104 1151 267 1210 Ἡσαΐας
290 1144 581 1217 προφητεύῃ
599 1160 613 1173 ·
646 1144 755 1199 Καὶ
783 1145 920 1207 νῦν,
952 1145 1146 1212 Κύριε,
1180 1144 1375 1212 πατὴρ
1405 1142 1572 1212 ἡμῶν

96 1242 163 1301 σὺ,
191 1236 322 1304 ἡμεῖς
353 1234 414 1286 δὲ
446 1233 641 1300 πηλὸς
686 1234 829 1303 ἔργα
868 1233 983 1286 τῶν
1024 1233 1238 1302 χειρῶν
1268 1250 1383 1287 σου
1422 1232 1571 1286 πάνυ

95 1348 171 1394 τες.
216 1326 387 1387 Παῦλος
423 1326 477 1379 δὲ
531 1325 830 1388 Γαλάταις’
867 1327 1035 1378 Ὅσοι
1069 1326 1180 1394 γὰρ
1208 1328 1293 1390 εἰς
1317 1325 1572 1393 Χριστὸν

92 1420 408 1483 ἐῖατιτίσθητε,
455 1418 709 1484 Χριστὸν
752 1416 1144 1473 ἐνεδύσασθε.
1197 1417 1421 1469 Ἀλλοτε
1473 1419 1569 1471 σὺν

93 1512 142 1580 τῷ
173 1508 277 1578 ἁγίῳ
314 1506 575 1576 Πνεύματι
616 1508 706 1559 τὸν
750 1506 1025 1576 Μονογενῆ
1072 1505 1455 1578 κηρύττουσιν,
1494 1506 1568 1569 ὡς

90 1606 174 1655 om
199 1600 369 1663 Παῦλος
415 1598 721 1669 Κορινθίοις
752 1600 851 1670 μὲν
878 1598 1163 1669 ἐπιστέλλῃ
1181 1616 1193 1629 ·
1256 1600 1431 1652 Ἀλλὰ
1459 1599 1569 1652 ἀπ-

90 1694 362 1751 ελιύσασθε,
393 1690 524 1742 ἀλλ’
557 1688 907 1759 ἡγιάσθητε,
936 1689 1071 1743 ἀλλ’
1101 1688 1476 1757 ἐδικαιώθητε
1501 1690 1569 1742 ὲν

1674 504 2068 559 immorandum
2098 513 2183 559 est
2230 502 2343 575 (82)
2377 519 2392 557 :
2426 519 2547 558 cum
2588 504 2732 559 enim
2778 506 3047 562 interdum
3094 509 3240 565 hete-

1673 591 1859 647 rodoxi
1891 590 2173 661 Spiritum,
2216 592 2262 647 si
2293 607 2397 646 una
2419 608 2543 648 cum
2571 591 2732 649 Patre
2762 607 3240 664 commemoretur,

1678 679 1987 748 signiﬁcare
2015 680 2197 735 dicant
2233 682 2519 750 quamdam
2557 681 2810 738 virtutem
2850 682 2958 755 54
2986 700 3088 740 non
3117 689 3218 742 sub

1672 772 1947 827 sistentem
1962 771 2096 842 (85),
2113 773 2179 827 ad
2196 788 2381 828 eorum
2401 776 2668 830 cavendas
2691 775 2913 831 insidias
2929 778 3069 831 valet
3090 778 3239 846 illud,

1671 863 1812 932 quod
1842 865 2090 933 superius
2119 867 2349 934 positum
2377 876 2483 929 est,
2512 868 2906 924 teStimonium.
2940 869 3004 924 Et
3025 869 3192 926 Isaias
3224 890 3238 925 :

1673 952 1740 1008 Et
1776 971 1911 1008 nunc
1944 954 2055 1025 (84)
2086 955 2336 1011 Dominus
2364 958 2506 1010 misit
2534 974 2613 1010 me
2637 997 2654 1024 ,
2692 969 2737 1012 et
2772 959 3027 1026 Spiritum
3062 978 3236 1016 suum.

1670 1045 1738 1100 Et
1763 1062 1948 1101 rursus
1977 1066 1990 1102 :
2030 1046 2148 1101 Illic
2184 1048 2295 1119 (85)
2324 1060 2661 1103 occurrerunt
2686 1067 2871 1115 cervae,
2902 1063 2948 1105 et
2985 1052 3237 1107 dederunt

1670 1135 1784 1208 (86)
1829 1137 1988 1206 facies
2023 1139 2236 1192 invicem
2264 1155 2283 1192 :
2325 1155 2538 1193 numero
2580 1145 2942 1208 praeterierunt
2990 1143 3149 1215 (87),
3189 1156 3235 1198 et

1670 1246 1777 1283 una
1808 1247 1872 1283 ea:
1895 1230 2020 1298 ipsis
2045 1247 2145 1283 non
2173 1232 2363 1297 periit:
2392 1232 2559 1286 altera
2584 1233 2804 1287 alteram
2834 1251 2935 1288 non
2958 1238 3233 1304 quwsivit:

1668 1322 1790 1390 quia
1848 1322 2093 1374 Dominus
2146 1322 2260 1391 (88)
2322 1326 2564 1393 prtecepit
2622 1328 2727 1389 eis,
2774 1338 2819 1379 et
2858 1324 3087 1394 Spiritus
3122 1329 3234 1397 ejus

1672 1413 1993 1482 congregavit
2027 1428 2133 1466 eas.
2174 1413 2372 1468 Paulus
2402 1425 2580 1468 autem
2622 1418 2687 1467 ad
2726 1416 3077 1473 Corinthios:
3126 1417 3222 1471 Ne-

1669 1504 1813 1556 scitis
1842 1502 1991 1573 (89),
2023 1504 2159 1571 quod
2188 1504 2435 1573 templum
2470 1504 2564 1559 Dei
2586 1506 2721 1569 ,estis
2750 1547 2764 1571 ,
2798 1516 2846 1561 et
2875 1507 3107 1572 Spiritus
3141 1510 3234 1565 Dei

1670 1593 1867 1647 habitat
1896 1596 1952 1647 in
1985 1596 2163 1649 vobis?
2187 1596 2253 1649 Et
2288 1611 2475 1651 rursus
2508 1615 2521 1651 :
2579 1596 2823 1652 Charitas
2854 1600 2965 1669 (90)
2998 1601 3097 1655 Dei
3127 1603 3233 1671 dif-

1670 1688 1789 1754 fusa
1836 1697 1912 1742 est
1942 1688 1999 1741 in
2047 1688 2286 1741 cordibus
2328 1690 2519 1744 nostris
2564 1706 2655 1758 per
2687 1689 2944 1757 Spiritum
2973 1704 3231 1750 sanctum.

91 1784 141 1846 τῷ
158 1784 344 1850 ὀνόματι
365 1780 461 1834 τοῦ
480 1782 705 1849 Κικερίου
729 1781 899 1851 ἡμῶν
935 1783 1141 1850 Ἰησοῦ
1163 1783 1441 1851 Χριστοῦ,
1468 1784 1563 1837 καὶ

1700 1777 1736 1829 lt
1789 1793 2020 1833 rursus:
2058 1777 2222 1833 Nobis
2273 1779 2386 1849 (91)
2432 1788 2607 1833 autem
2661 1782 2901 1835 revelavit
2955 1782 3094 1837 Deus
3146 1801 3232 1855 rer

92 1872 197 1935 ἐτ’τῴ
208 1872 462 1940 Πνεῦματι
480 1870 585 1923 τοῦ
608 1870 754 1923 Θεοῦ
778 1871 962 1939 ἡμῶν·
990 1873 1282 1943 Ῥωμαίοις
1299 1873 1376 1927 δέ·
1410 1873 1566 1939 Ἀλή-

91 1972 202 2016 θειαν
219 1964 346 2032 λέγω
370 1963 436 2015 ἐν
462 1962 695 2031 Χριστῷ
713 2003 727 2027 ,
763 1966 838 2017 οὺ
866 1964 1159 2034 ψεύδομαι
1179 2004 1193 2028 ,
1225 1980 1567 2036 συμμαρτυ-

90 2058 244 2121 rodant;
274 2073 363 2124 μοι
400 2054 508 2122 τῆς
554 2054 970 2123 συνειδήσεώς
1002 2074 1124 2124 μου
1156 2056 1225 2109 ἐν
1266 2058 1564 2126 Πνεύμιιτι

89 2152 207 2218 ἀτίῳο
228 2150 305 2201 καὶ
331 2147 483 2201 πάλιν
504 2160 519 2174 ⁸
557 2148 631 2200 Ei
652 2147 771 2215 μὲν
796 2148 905 2216 γὰρ
935 2150 968 2201 ό
1016 2148 1337 2217 ἐρχόμενος
1372 2148 1567 2202 ἄλλον

97 2240 259 2305 Ἰησοῦν
281 2239 583 2305 κηρύσσει,
615 2236 689 2290 ὃν
711 2240 823 2291 οὐκ
842 2238 1235 2308 ἐκηρύξαμεν·
1260 2238 1297 2307 ἢ
1325 2240 1567 2306 Πνεῦμα

86 2334 224 2398 ἕτερον
256 2328 568 2397 λαμϐάνετε
589 2367 606 2393 ,
654 2329 686 2382 ὃ
726 2331 837 2383 οὐκ
890 2327 1151 2384 ἐλάϐετε.
1213 2330 1327 2383 Καὶ
1379 2328 1564 2383 ἄλλοτε

88 2423 144 2472 τι]
182 2420 303 2488 ἁγίου
352 2419 669 2489 ΙΙνεύματος
736 2419 876 2473 κατὰ
944 2420 1110 2491 μόνας
1173 2420 1562 2491 ἐπιμέμνηται,

87 2512 133 2574 ὧς
167 2512 323 2565 ὁπόταν
366 2510 596 2575 Ἡσαΐας
663 2511 761 2581 μὲν
796 2512 1147 2583 προφητεύῃ’
1191 2512 1370 2567 Αὐτοὶ
1398 2511 1565 2579 ἠπεί-

88 2608 231 2667 θησαν,
254 2601 337 2655 καὶ
362 2601 727 2669 παρώξυναν
756 2601 819 2655 τὸ
850 2602 1091 2672 Πνεῦμα
1132 2603 1199 2657 τὸ
1235 2603 1426 2673 ἅγιον.
1457 2604 1565 2655 Καὶ

91 2691 413 2760 πάλιν.Κατέ6η
451 2692 701 2762 Πνεῦμα
736 2694 897 2761 παρὰ
929 2695 1172 2762 Κιιρίου,
1204 2694 1303 2747 καὶ
1333 2694 1563 2764 ὡδήγη-

86 2800 155 2835 σεν
171 2786 363 2850 αὐτούς.
394 2783 610 2849 Παῦλος
658 2785 713 2837 δὲ
745 2785 1055 2854 Κορινθίοις
1081 2786 1321 2856 γράφει·
1354 2789 1563 2854 Σαρκι-

86 2875 150 2939 sic
173 2874 222 2926 δὲ
241 2874 525 2943 ἄνθρωπος
581 2879 655 2931 οὐ
690 2875 922 2945 δέχεται
964 2877 1037 2939 τὰ
1080 2877 1185 2931 τοῦ
1222 2880 1563 2947 Πνωματος

86 2964 147 3015 in}
169 2966 308 3018 Θεοῦ·
336 2967 423 3019 καὶ
442 2966 518 3029 ὡς
549 2966 825 3035 Στέφανος
860 2968 917 3019 ὲν
936 2969 1053 3031 ταῖς
1083 2967 1320 3039 Πράξεσι
1342 2968 1560 3036 φάσκει·

91 3058 212 3125 Ἰῖιεὶς
232 3058 296 3123 τῷ
319 3060 615 3128 Πνεῦματι
642 3058 721 3124 τῷ
743 3060 886 3128 ἁγίῳ
903 3059 1302 3114 ἀντιπίπτετε.
1325 3060 1436 3114 Καὶ
1464 3061 1565 3114 πά-

83 3150 149 3200 λιν
177 3151 326 3219 Ἡμεῖς
341 3152 525 3221 ἐσμεν
543 3150 850 3220 μάρτυρες
878 3150 995 3205 τῶν
1009 3151 1292 3219 ῥημάτων
1315 3152 1557 3217 τούτων,

84 3242 143 3291 mi
163 3243 208 3294 τὸ
231 3244 446 3311 Πνεῦμα
473 3243 542 3296 τὸ
570 3242 763 3313 ἅγιον.
784 3242 943 3297 mea
959 3244 1035 3307 ὡς
1063 3242 1265 3296 ἐπίπαν
1292 3242 1560 3313 εἰώθαμεν

82 3334 218 3399 λέγειν·
246 3335 413 3405 Ἡμεῖς
438 3336 595 3407 μόνοι
621 3335 857 3390 ἐνταῦθά
890 3338 1077 3407 ἐσμεν,
1112 3335 1202 3389 καὶ
1224 3336 1253 3388 ὁ
1275 3334 1423 3399 Θεός.
1449 3335 1559 3390 Kal.

1588 3120 1629 3178 C

85 3550 139 3587 ns
158 3537 360 3589 omittunt
401 3536 677 3600 voculam,

83 3615 248 3677 xpetunt
264 3621 430 3660 vocem
451 3605 689 3677 μεγάλῃ.

124 3671 596 3742 (δὲμηιιιιυιοήάιιὴι
641 3671 742 3728 Est.
773 3671 937 3745 Lego,
978 3674 1406 3745 ὲγχρονισξτεον..

124 3747 198 3813 {83)
222 3745 322 3798 Non
359 3747 747 3799 subsistentem.
787 3743 1176 3799 Nonnullos‘ex
1206 3743 1552 3798 Macedonia-

88 3812 136 3864 iis
166 3816 339 3879 indicat,
366 3816 452 3883 qui
482 3815 753 3883 Spiritum
793 3824 1038 3867 sanctum
1087 3829 1191 3868 non
1242 3823 1547 3868 creaturam

84 3886 271 3945 dicebant,
298 3886 381 3939 sed
423 3885 699 3949 essentia,
750 3898 842 3937 seu
891 3884 1213 3949 substantia,
1242 3899 1305 3937 ac
1338 3886 1551 3952 propria

84 3954 339 4023 subsistentia
376 3964 680 4009 carentem.
736 3954 917 4022 Itaque
966 3955 1297 4023 Augustinus
1324 3954 1379 4006 iu
1417 3952 1553 4007 libro

703 3535 761 3605 ἡ.
792 3531 1071 3589 Nonnulla:
1107 3548 1237 3588 vero
1269 3541 1389 3605 post
1422 3532 1569 3606 ἰσχύϊ

1668 1868 1922 1935 Spiritum
1954 1886 2128 1925 suum.
2164 1870 2310 1924 Alias
2331 1884 2462 1923 vero
2495 1869 2666 1924 solum
2694 1870 2886 1925 Filium
2913 1873 3230 1929 nominant:

1680 1966 1737 2011 ut
1771 1973 1890 2011 cum
1908 1958 2073 2012 Isaias
2090 1959 2415 2028 prophetans
2434 1959 2550 2011 ait:
2574 1958 2641 2012 Et
2669 1975 2803 2013 nunc
2826 1961 2961 2031 (92),
2989 1962 3230 2029 Domine,

1664 2057 1813 2117 pater
1844 2058 2021 2102 noster
2058 2065 2110 2102 88
2154 2060 2230 2115 lii,
2263 2060 2358 2102 ιιοέ
2399 2065 2515 2102 vero
2557 2049 2745 2114 lutum,
2776 2066 2931 2118 opera
2981 2068 3231 2105 manuum

1665 2152 1872 2195 tuarum
1907 2158 2100 2196 omnes.
2138 2141 2335 2196 Paulus
2377 2152 2555 2197 autem
2593 2142 2662 2196 ad
2698 2143 2958 2199 Galatas:
2996 2143 3230 2208 Quicun-

1664 2250 1761 2303 que
1788 2232 1898 2301 (95)
1929 2233 2070 2287 enim
2099 2234 2151 2285 in
2189 2232 2451 2287 Christum
2488 2234 2743 2303 baptizati
2774 2234 2895 2287 estis
2920 2273 2935 2299 ,
2967 2233 3230 2288 Christum

1665 2326 1928 2379 induistis.
1955 2326 2101 2379 Alias
2124 2341 2247 2380 cum
2281 2326 2483 2397 Spiritu
2512 2337 2703 2382 sancto
2728 2326 3067 2397 Unigenitum
3095 2344 3229 2398 pra:-

1665 2420 1847 2476 dicant
1880 2440 1894 2475 :
1930 2431 1988 2475 ut
2020 2437 2139 2476 cum
2171 2421 2369 2478 Paulus
2409 2424 2474 2477 ad
2511 2423 2825 2478 Corinthios
2871 2426 3058 2481 scribit
3085 2442 3101 2479 :
3124 2426 3229 2480 Sed

1666 2512 1830 2565 abluti
1853 2514 1980 2567 estis
2012 2512 2148 2583 (94),
2183 2514 2273 2566 sed
2311 2515 2628 2582 sanctiﬁcati
2658 2516 2801 2575 estis,
2834 2516 2925 2569 sed
2944 2517 3229 2585 justiﬁcati

1665 2602 1786 2655 estis
1817 2603 1869 2655 in
1894 2606 2101 2657 nomine
2133 2602 2341 2657 Domini
2367 2606 2527 2659 nostri
2554 2604 2685 2659 .lesu
2714 2605 2934 2673 Christi,
2958 2617 3007 2661 et
3036 2609 3089 2660 in
3112 2606 3228 2675 Spi-

1665 2694 1770 2746 ritu
1803 2692 1898 2747 Dei
1927 2696 2123 2749 nostri.
2142 2696 2223 2750 Ad
2247 2696 2519 2751 Romanos
2546 2706 2763 2753 autem:
2806 2698 3085 2753 Veritatem
3113 2700 3225 2772 (95)

1664 2787 1781 2837 dico
1808 2785 1863 2837 in
1893 2784 2125 2851 Christo,
2149 2804 2252 2840 non
2286 2787 2528 2851 mentior,
2560 2789 2909 2843 testimonium
2934 2790 3089 2843 simul
3111 2794 3228 2843 red-

1666 2877 1818 2929 dente
1851 2892 2056 2929 mer-um
2100 2878 2413 2932 conscientia
2446 2894 2561 2932 mea
2594 2880 2649 2933 in
2682 2876 2883 2947 Spiritu
2932 2890 3133 2935 sancto.
3161 2882 3227 2937 Et

1666 2983 1890 3022 rursus:
1937 2966 2079 3021 Nam
2123 2970 2167 3023 si
2220 2968 2332 3040 (96)
2365 2970 2455 3033 is,
2506 2970 2595 3038 qui
2642 2972 2799 3036 venit,
2848 2970 3014 3025 alium
3044 2971 3228 3026 Jesum

1664 3058 1934 3125 praedicat,
1957 3076 2106 3129 quem
2124 3075 2225 3113 non
2254 3060 2650 3129 praedicavimus
2676 3099 2693 3126 ,
2729 3073 2820 3115 aut
2857 3062 3023 3116 alium
3055 3062 3222 3132 Spiri-

1666 3158 1776 3204 tum
1804 3151 2063 3221 accipitis,
2086 3168 2239 3221 quem
2277 3169 2380 3207 non
2414 3153 2706 3220 accepistis.
2733 3153 2880 3208 Alias
2902 3169 3029 3209 vero
3064 3154 3207 3226 Spiri

1664 3249 1777 3295 tum
1809 3250 2056 3296 sanctum
2090 3241 2351 3297 duntaxat
2375 3253 2802 3299 commemorant
2833 3245 2944 3315 (97)
2971 3264 2985 3301 :
3021 3254 3078 3300 ut
3104 3262 3226 3301 cum

1663 3331 1837 3388 Isaias
1877 3332 2091 3402 quidem
2115 3335 2194 3388 sic
2226 3335 2548 3404 prophetat:
2588 3333 2700 3406 Ipsi
2727 3335 2840 3409 (98)
2867 3352 2969 3391 non
2993 3339 3223 3393 credide-

1676 3532 1732 3597 6,
1765 3531 1980 3604 legitur,
2023 3531 2426 3604 κατελάόοσαν,
2456 3547 2555 3604 pro
2597 3532 2917 3587 κατέλαϐον.
2976 3533 3042 3587 Ει
3070 3536 3225 3604 paulo

1626 3602 2031 3693 sensisses?
2060 3602 3225 3693 lari-3!;ﬁniret:steriﬁimeitst

1670 3671 1798 3728 alibi
1832 3671 2033 3727 similes
2060 3671 2394 3737 iutlexidnes,
2427 3671 2519 3727 seu
2575 3671 2978 3729 terminationes
3031 3689 3222 3729 occur-

1654 3752 1806 3801 runt.
1831 3753 1887 3795 ut
1913 3741 2122 3795 εῑδοσαν
2152 3758 2248 3811 pro
2278 3739 2437 3807 εἶδον,
2468 3752 2523 3797 et
2547 3752 2760 3797 caetera.

1748 3812 1836 3878 88)
1871 3814 2007 3877 Quia
2056 3812 2322 3866 Dominus.
2358 3813 2543 3869 Graeca
2586 3813 2769 3880 editio,
2801 3813 2883 3866 ὅτι
2930 3815 2961 3867 ὁ
2997 3811 3221 3883 Κύριος.

1724 3813 1837 3953 (89)
1874 3882 2119 3953 ῌνεεείιὶε.
2152 3881 2327 3953 licor.
2354 3898 2437 3949 tu,
2472 3883 2559 3936 16.
2988 3952 2991 3953 ν

1749 3882 1837 3945 89)
1874 3882 2119 3935 Nescitis.
2152 3881 2171 3934 I
2202 3883 2327 3941 Cor.
2354 3898 2437 3949 tu,
2472 3883 2559 3936 16.

1724 3950 1836 4021 (90)
1865 3950 2130 4005 Charitas.
2164 3952 2322 4008 Rom.
2354 3969 2409 4018 ν,
2440 3953 2493 4008 5.
2522 3952 2653 4009 Vide
2684 3967 2856 4023 segm.
2882 3953 2951 4008 7‘5
2976 3952 3027 4019 b,
3062 3961 3116 4008 et
3144 3953 3219 4009 ibi

86 4019 131 4072 De
160 4026 407 4088 turribus,
466 4024 666 4077 bzeresi
711 4023 798 4083 52,
833 4019 932 4077 'de
985 4019 1381 4078 Ma'cedotiianis
1437 4025 1550 4077 haec
1652 4019 1801 4077 meas
1832 4031 2006 4075 notas.

86 4094 204 4146 scribit
227 4111 238 4144 :
265 4093 353 4147 Sed
378 4099 439 4147 de
475 4091 686 4161 Spiritu
733 4102 913 4146 sancto
960 4092 1056 4145 hoc
1090 4096 1270 4147 nolunt
1324 4093 1552 4155 credere,

86 4175 289 4214 maturam
309 4180 409 4217 esse
426 4164 776 4217 dicentes.....
816 4162 1063 4226 Quamvis
1095 4179 1125 4214 a
1156 4163 1417 4216 nonnullis
1439 4178 1557 4228 per-

86 4230 289 4294 bmstttr.
325 4250 420 4287 non
470 4232 675 4297 Deum,
711 4235 800 4285 sed
839 4233 1085 4284 deitatem
1126 4230 1305 4285 Patris
1342 4243 1389 4285 et
1426 4229 1555 4284 Filii

86 4308 190 4353 dicere
213 4302 433 4367 Spiritum
459 4314 727 4366 sanctum,
759 4314 805 4353 et
837 4302 1035 4353 nullam
1069 4304 1331 4369 propriam
1368 4303 1554 4354 habere

1724 4091 1838 4161 (91)
1873 4090 2057 4161 globis.
2095 4091 2263 4147 lCor.
2291 4108 2353 4159 ιι,
2388 4090 2476 4146 10.

1722 4160 1836 4370 23%)

1723 4302 1813 4369 (94

1723 4302 1813 4369 (94

1870 4159 1937 4213 Et
1962 4174 2118 4216 nunc.
2155 4162 2257 4217 lsa.
2285 4178 2432 4227 LXIV,
2460 4164 2513 4216 8.

1874 4231 2199 4301 Quicunque.
2228 4232 2348 4287 Gal.
2381 4249 2465 4297 ιιι,
2497 4232 2586 4286 27.

1873 4298 1978 4354 Sed
2031 4298 2215 4356 abluti.
2279 4301 2300 4355 Ι
2346 4303 2469 4359 Cor.
2529 4317 2623 4361 vr,
2687 4301 2771 4357 11.
2816 4302 3005 4357 Graeca
3052 4304 3220 4358 editio

89 4376 353 4445 instantiam.
430 4370 765 4445 Utramque
815 4370 1250 4445 Macedoniaiiani
1340 4381 1547 4426 sectam
1584 4439 1617 4445 _
1656 4382 1808 4445 _car_ct
1853 4370 2071 4445 vocibus
2108 4371 2287 4445 ἡμῶν,
2318 4372 2668 4445 ειΧριστοῦ.
2715 4374 2783 4445 dt
2840 4372 3097 4445 \[ulgatus
3126 4389 3221 4429 eas

88 4454 193 4509 sam.
228 4444 413 4509 quidem
462 4442 535 4496 26
590 4460 622 4493 a
667 4442 827 4494 tacite
856 4441 1049 4509 carpit,
1093 4442 1143 4493 in
1198 4442 1331 4495 libro
1373 4452 1551 4494 autem
1584 4439 1627 4492 D

89 4508 129 4559 De
149 4508 293 4573 Spiritu
316 4523 489 4565 sancto
520 4523 712 4579 aperte
763 4508 963 4563 refellit
984 4512 1242 4580 Didymus
1276 4530 1288 4565 :
1325 4513 1551 4580 primani

90 4582 227 4650 eadem
253 4584 451 4650 passim,
482 4582 713 4634 alteram
739 4596 865 4632 vero
898 4596 1044 4633 nutn.
1071 4582 1163 4642 ‘25,
1194 4582 1280 4634 ubi
1316 4585 1428 4650 huic
1461 4581 1557 4633 ha-

89 4648 140 4700 bet
162 4666 171 4699 :
192 4648 306 4705 Unde
330 4654 585 4704 discentes
613 4650 1072 4717 operatricem.....
1112 4662 1354 4704 naturam
1388 4649 1559 4717 Spiri-

89 4730 135 4765 m
156 4724 296 4782 sancti,
316 4738 413 4774 non
459 4723 793 4773 abducantur
819 4719 883 4771 ab
913 4719 1018 4781 his,
1039 4722 1128 4787 qui
1164 4725 1344 4773 dicunt
1373 4736 1558 4787 apera-

89 4796 226 4853 m'sns,
270 4803 310 4843 et
356 4808 455 4844 non
494 4793 853 4843 substantiam
889 4789 981 4842 Dei
1012 4806 1121 4843 esse
1156 4788 1408 4857 Spiritum
1431 4806 1559 4842 san-

88 4866 184 4910 ιιιιι.

89 4931 202 5044 wits)
226 4927 278 4981 Et
304 4947 449 4984 nunc.
480 4928 590 4982 Isa.
616 4943 808 4995 xum,
842 4928 930 4984 16.
951 4927 1084 4983 Vide
1115 4938 1296 4982 notam
1318 4927 1413 4995 ‘20,
1438 4941 1557 4998 pag.

108 5035 203 5139 ,⁷185)
224 5069 343 5127 Illic.
368 5071 468 5125 lsa.
506 5084 697 5133 xxuv,
743 5068 813 5139 15
867 5080 921 5123 et
953 5068 1041 5123 16.
1074 5069 1208 5125 Cum
1244 5084 1347 5123 vox
1378 5068 1567 5138 ἔλαφοι

92 5138 387 5209 Sicommunis
415 5141 655 5210 generis,
690 5138 1142 5210 inAComplutensi
1176 5140 1416 5193 editione
1448 5155 1568 5193 ver-

92 5211 323 5279 lltur,mri.
350 5208 457 5281 Ego
504 5208 786 5281 transtuli,
822 5208 1004 5270 cerua).
1035 5212 1105 5263 ob
1146 5211 1370 5281 numina
1412 5210 1569 5281 femif

92 5277 295 5401 inihi}:
324 5277 642 5352 sequuntur,
671 5277 790 5348 μία,
833 5281 886 5334 id
914 5288 1017 5343 est,
1050 5296 1178 5347 una,
1210 5289 1265 5334 et
1287 5277 1477 5350 ἑτέρα,
1515 5280 1567 5333 id

90 5386 491 5533 gifTDQerunt.
531 5424 721 5480 Graeca
774 5419 959 5485 editio,
1000 5414 1163 5487 εἷδον,
1197 5418 1252 5474 id
1277 5428 1382 5486 est,
1416 5420 1561 5474 vide-

130 5498 151 5534 ιι

136 5496 209 5623 1;?)
233 5557 637 5631 APrtzteu'ernnt.
692 5561 961 5631 Complut.
1017 5561 1206 5624 editio,
1268 5558 1567 5630 παρῆλθον.

92 5620 469 5705 Ῐῖξιξιὲιιῐιιι-ιειιειε,
500 5632 804 5705 παρῆλθεν,
829 5620 939 5705 seti
965 5647 1028 5685 ex
1084 5620 1299 5705 er‘rore_
1319 5620 1571 5705 ty'p'ogra-

96 5693 357 5756 inhiasse.
409 5693 693 5776 Didymus,
726 5693 1104 5773 πάρήλθοσαν.
1137 5702 1225 5758 Sic
1264 5693 1496 5757 Zacltar.
1529 5716 1566 5767 ι,

1658 4441 1803 4510 legit,
1830 4450 1886 4493 ut
1917 4440 2193 4512 Didymus.
2225 4441 2282 4496 In
2316 4440 2662 4498 libro'autem
2714 4442 2791 4495 De
2850 4441 3053 4510 Spiritu
3101 4460 3221 4496 san-

1660 4524 1766 4573 cto,
1795 4526 1941 4582 num.
1977 4511 2034 4576 4,
2059 4512 2455 4582 citaturilocus
2499 4528 2528 4565 a
2570 4512 2817 4582 Didymo,
2848 4514 2996 4579 juxta
3029 4514 3215 4566 editio-

1659 4595 1781 4633 nem
1820 4580 2181 4637 Veronensem
2217 4600 2229 4636 :
2262 4581 2329 4635 In
2362 4585 2568 4636 nomine
2598 4580 2725 4635 Jesu
2778 4583 3008 4643 Christi;
3048 4592 3102 4634 at
3128 4597 3219 4635 co-

1660 4653 1759 4704 dex
1805 4666 1912 4720 ms.
1948 4659 2142 4706 nostra:
2180 4653 2515 4706 bibliotheca:
2563 4655 2757 4719 saepius
2778 4652 2887 4720 jam
2917 4654 3112 4703 citatus
3140 4652 3213 4705 ibi

1661 4720 1822 4773 habet
1847 4742 1862 4774 :
1886 4719 1953 4774 In
2004 4723 2211 4774 nomine
2258 4721 2469 4774 Domini
2518 4725 2679 4773 nostri
2709 4719 2835 4773 Jesu
2865 4720 3096 4784 Christi;
3126 4723 3217 4789 qui

1660 4790 1855 4852 codex,
1899 4791 2000 4843 etsi
2058 4793 2266 4845 mendis
2292 4802 2514 4857 scateat,
2540 4791 2719 4858 plures
2743 4797 2923 4845 tamen
2956 4790 3114 4844 habet
3143 4794 3220 4844 le-

1662 4861 1869 4930 stiones
1877 4862 2346 4930 animadversione
2374 4862 2579 4930 dignas.

1733 4928 1843 4999 (95)
1876 4928 2173 4999 Veritatem.
2205 4932 2357 4984 Rom.
2393 4928 2465 4993 ti,
2501 4931 2552 4983 1.

1738 4997 1847 5068 (96)
1882 4997 2021 5051 Nam
2053 5004 2116 5051 si.
2146 5001 2187 5053 Il
2219 5001 2344 5054 Cor.
2373 5015 2447 5062 χι,
2476 5000 2531 5052 4.

1738 5068 1850 5139 (97)
1876 5069 2311 5139 Commemorant.
2345 5070 2402 5123 In
2431 5069 2637 5139 Graeco,
2671 5067 3060 5139 ἐπιμέμνηται.
3080 5067 3220 5122 Suh-

1668 5138 1922 5211 intellige,
1950 5141 1983 5208 ἡ
2016 5138 2223 5211 Γραφή.
2255 5139 2377 5211 Nisi
2399 5139 2552 5211 malis
2580 5138 2775 5207 legere.
2795 5138 3217 5211 ξπιμέμνῃνται.

1739 5207 1857 5279 (98)
1875 5207 2005 5277 Ipsi.
2036 5207 2150 5279 ISa.
2173 5207 2327 5279 LXIII,
2358 5209 2445 5262 10.
2477 5207 2552 5262 Ita
2598 5209 2865 5274 transtuli,
2894 5207 2979 5261 ἰιι
3032 5207 3222 5263 IIiero-

1670 5277 1863 5348 nymus
1893 5280 1946 5332 in
1973 5279 2107 5334 libro
2127 5278 2202 5332 De
2238 5277 2440 5346 Spiritu
2469 5291 2668 5343 sancto,
2692 5293 2837 5332 num.
2867 5279 2956 5344 47,
2992 5281 3080 5335 ubi
3110 5284 3191 5333 hae

1669 5348 1836 5419 habet
1876 5348 2132 5418 Didymus
2158 5366 2225 5419 τί(
2251 5349 2524 5418 Siquidem
2566 5358 2621 5419 et
2650 5348 2723 5403 ibi
2764 5360 2883 5417 post
2943 5359 3206 5419 peccaturi

1670 5418 1869 5472 dicitur
1920 5422 1987 5471 ad
2021 5418 2534 5488 eos:Deretiquistts
2576 5418 2877 5488 Dominum,
2904 5429 2952 5471 et
2989 5419 3059 5471 ad
3112 5422 3194 5471 ira

1671 5492 1917 5542 cundiam
1956 5488 2253 5542 concitastis
2281 5487 2514 5542 sanctum
2564 5487 2769 5553 Israel;
2796 5498 2850 5542 et
2883 5503 3024 5542 nunc
3081 5491 3223 5554 quod

1672 5560 1770 5621 ipsi
1800 5575 1900 5612 non
1934 5558 2264 5629 crediderunt
2293 5557 2519 5629 [rectius
2541 5559 2763 5611 fortasse
2782 5561 2949 5629 codex
2985 5566 3172 5629 noster
3202 5572 3215 5607 :

1671 5629 1737 5680 Et
1768 5642 2083 5699 uuuc_aeque
2111 5645 2123 5679 :
2154 5627 2265 5695 Ipsi
2296 5624 2413 5681 'non
2446 5627 2823 5699 crediderunt],
2856 5636 2902 5680 et
2939 5624 3209 5680 exacerba-

1674 5710 1854 5755 verunt
1886 5695 2139 5768 Spiritum
2168 5709 2404 5755 sanctum
2431 5700 2562 5767 eius.
2604 5718 2622 5749 ι
